ts,close,volume,bid_price,bid_volume,ask_price,ask_volume,tick_type,datetime
1645520415561118000,8.62,290,8.61,2,8.62,15,1,2022-02-22 09:00:15
1645520415594968000,8.62,15,8.61,2,8.65,1,1,2022-02-22 09:00:15
1645520415660868000,8.65,1,8.61,2,8.69,3,1,2022-02-22 09:00:15
1645520415660868000,8.68,3,8.61,2,8.69,3,1,2022-02-22 09:00:15
1645520415858370000,8.69,3,8.61,2,8.7,61,1,2022-02-22 09:00:15
1645520415858370000,8.7,1,8.61,2,8.7,61,1,2022-02-22 09:00:15
1645520415871204000,8.7,4,8.61,2,8.7,57,1,2022-02-22 09:00:15
1645520418079208000,8.7,3,8.61,2,8.7,54,1,2022-02-22 09:00:18
1645520421797312000,8.7,11,8.61,2,8.7,43,1,2022-02-22 09:00:21
1645520423029213000,8.61,1,8.61,1,8.7,43,2,2022-02-22 09:00:23
1645520423799743000,8.7,5,8.61,1,8.7,38,1,2022-02-22 09:00:23
1645520426489957000,8.7,1,8.63,10,8.7,54,1,2022-02-22 09:00:26
1645520428573527000,8.64,1,8.64,2,8.7,54,2,2022-02-22 09:00:28
1645520430981634000,8.69,1,8.64,2,8.7,13,1,2022-02-22 09:00:30
1645520430981634000,8.7,9,8.64,2,8.7,13,1,2022-02-22 09:00:30
1645520432570597000,8.7,10,8.63,10,8.7,3,1,2022-02-22 09:00:32
1645520432587329000,8.7,3,8.63,10,8.75,2,1,2022-02-22 09:00:32
1645520435176070000,8.75,1,8.7,11,8.76,12,1,2022-02-22 09:00:35
1645520436701829000,8.76,12,8.71,3,8.8,9,1,2022-02-22 09:00:36
1645520436701829000,8.8,8,8.71,3,8.8,9,1,2022-02-22 09:00:36
1645520437688506000,8.8,9,8.71,3,8.95,3,1,2022-02-22 09:00:37
1645520437688506000,8.84,3,8.71,3,8.95,3,1,2022-02-22 09:00:37
1645520437688506000,8.85,1,8.71,3,8.95,3,1,2022-02-22 09:00:37
1645520437688506000,8.86,10,8.71,3,8.95,3,1,2022-02-22 09:00:37
1645520437688506000,8.88,5,8.71,3,8.95,3,1,2022-02-22 09:00:37
1645520437688506000,8.9,5,8.71,3,8.95,3,1,2022-02-22 09:00:37
1645520437688506000,8.91,1,8.71,3,8.95,3,1,2022-02-22 09:00:37
1645520441356530000,8.73,1,8.7,15,8.95,3,2,2022-02-22 09:00:41
1645520441356530000,8.72,1,8.7,15,8.95,3,2,2022-02-22 09:00:41
1645520442800555000,8.72,0,0.0,0,0.0,0,2,2022-02-22 09:00:42
1645520563152235000,8.95,51,8.93,1,8.95,9,1,2022-02-22 09:02:43
1645520563218255000,8.95,1,8.93,1,8.95,8,1,2022-02-22 09:02:43
1645520563435829000,8.93,1,8.92,20,8.95,8,2,2022-02-22 09:02:43
1645520563435829000,8.92,3,8.92,20,8.95,8,2,2022-02-22 09:02:43
1645520563439329000,8.92,4,8.92,16,8.95,8,2,2022-02-22 09:02:43
1645520563943506000,8.92,16,8.9,5,8.95,8,2,2022-02-22 09:02:43
1645520563943506000,8.91,5,8.9,5,8.95,8,2,2022-02-22 09:02:43
1645520563943506000,8.9,3,8.9,5,8.95,8,2,2022-02-22 09:02:43
1645520564030712000,8.9,5,8.88,1,8.94,3,2,2022-02-22 09:02:44
1645520564293500000,8.94,3,8.88,1,8.95,6,1,2022-02-22 09:02:44
1645520564293500000,8.95,2,8.88,1,8.95,6,1,2022-02-22 09:02:44
1645520566224472000,8.95,6,8.95,19,8.97,3,1,2022-02-22 09:02:46
1645520566259224000,8.95,19,8.89,3,8.97,3,2,2022-02-22 09:02:46
1645520572824337000,8.89,1,8.89,2,8.97,3,2,2022-02-22 09:02:52
1645520574095401000,8.89,2,8.88,1,8.97,3,2,2022-02-22 09:02:54
1645520574188775000,8.97,3,8.88,1,8.98,19,1,2022-02-22 09:02:54
1645520585405690000,8.97,1,8.89,4,8.97,9,1,2022-02-22 09:03:05
1645520585421586000,8.89,4,8.88,1,8.97,9,2,2022-02-22 09:03:05
1645520587019208000,8.97,2,8.88,1,8.97,7,1,2022-02-22 09:03:07
1645520587391902000,8.97,4,8.88,1,8.97,3,1,2022-02-22 09:03:07
1645520588095609000,8.97,2,8.88,1,8.97,1,1,2022-02-22 09:03:08
1645520589917986000,8.95,2,8.97,1,8.98,19,1,2022-02-22 09:03:09
1645520589917986000,8.96,1,8.97,1,8.98,19,1,2022-02-22 09:03:09
1645520589917986000,8.97,1,8.97,1,8.98,19,1,2022-02-22 09:03:09
1645520589946234000,8.97,1,8.88,1,8.98,19,2,2022-02-22 09:03:09
1645520592902301000,8.88,1,8.82,2,8.98,19,2,2022-02-22 09:03:12
1645520592902301000,8.82,4,8.82,2,8.98,19,2,2022-02-22 09:03:12
1645520599980162000,8.88,1,8.88,24,8.95,10,2,2022-02-22 09:03:19
1645520600015668000,8.88,24,8.82,2,8.94,3,2,2022-02-22 09:03:20
1645520607228322000,8.95,5,8.82,2,8.95,5,1,2022-02-22 09:03:27
1645520609181261000,8.94,1,8.94,2,8.95,5,1,2022-02-22 09:03:29
1645520609203833000,8.94,2,8.82,2,8.95,5,2,2022-02-22 09:03:29
1645520621577218000,8.83,6,8.83,4,8.87,10,2,2022-02-22 09:03:41
1645520625828992000,8.86,2,8.83,4,8.9,3,1,2022-02-22 09:03:45
1645520625828992000,8.87,10,8.83,4,8.9,3,1,2022-02-22 09:03:45
1645520625828992000,8.9,3,8.83,4,8.9,3,1,2022-02-22 09:03:45
1645520626730716000,8.87,4,8.87,4,8.9,3,2,2022-02-22 09:03:46
1645520627190717000,8.87,1,8.87,3,8.9,3,2,2022-02-22 09:03:47
1645520627549590000,8.87,1,8.87,2,8.9,3,2,2022-02-22 09:03:47
1645520628069573000,8.87,2,8.84,5,8.9,3,2,2022-02-22 09:03:48
1645520628069573000,8.84,1,8.84,5,8.9,3,2,2022-02-22 09:03:48
1645520629636233000,8.84,5,8.83,4,8.89,4,2,2022-02-22 09:03:49
1645520629815610000,8.83,1,8.83,3,8.89,3,2,2022-02-22 09:03:49
1645520632191807000,8.88,1,8.83,3,8.88,6,1,2022-02-22 09:03:52
1645520638474127000,8.83,13,8.82,3,8.87,1,2,2022-02-22 09:03:58
1645520638534753000,8.82,3,8.81,10,8.87,4,2,2022-02-22 09:03:58
1645520643162630000,8.81,5,8.81,5,8.87,1,2,2022-02-22 09:04:03
1645520643217852000,8.81,3,8.81,2,8.87,4,2,2022-02-22 09:04:03
1645520643248274000,8.81,2,8.8,10,8.87,4,2,2022-02-22 09:04:03
1645520643582331000,8.8,5,8.8,5,8.87,4,2,2022-02-22 09:04:03
1645520646093618000,8.8,1,8.8,4,8.87,1,2,2022-02-22 09:04:06
1645520646102140000,8.87,1,8.8,4,8.88,6,1,2022-02-22 09:04:06
1645520646452331000,8.8,4,8.78,6,8.8,1,2,2022-02-22 09:04:06
1645520646474325000,8.8,1,8.78,6,8.87,3,1,2022-02-22 09:04:06
1645520652289453000,8.8,2,8.78,6,8.86,2,1,2022-02-22 09:04:12
1645520652289453000,8.83,1,8.78,6,8.86,2,1,2022-02-22 09:04:12
1645520652289453000,8.86,3,8.78,6,8.86,2,1,2022-02-22 09:04:12
1645520654010837000,8.78,4,8.78,2,8.86,2,2,2022-02-22 09:04:14
1645520660609732000,8.78,2,8.73,4,8.86,2,2,2022-02-22 09:04:20
1645520660609732000,8.75,7,8.73,4,8.86,2,2,2022-02-22 09:04:20
1645520660609732000,8.74,5,8.73,4,8.86,2,2,2022-02-22 09:04:20
1645520660609732000,8.73,6,8.73,4,8.86,2,2,2022-02-22 09:04:20
1645520666704728000,8.83,1,8.75,5,8.83,5,2,2022-02-22 09:04:26
1645520673211398000,8.75,4,8.75,1,8.78,1,2,2022-02-22 09:04:33
1645520684602274000,8.78,1,8.75,2,8.79,5,1,2022-02-22 09:04:44
1645520690387825000,8.76,5,8.75,2,8.79,5,2,2022-02-22 09:04:50
1645520693700845000,8.75,1,8.75,1,8.79,5,2,2022-02-22 09:04:53
1645520701500605000,8.76,3,8.76,2,8.79,5,2,2022-02-22 09:05:01
1645520701890359000,8.76,2,8.75,1,8.78,5,2,2022-02-22 09:05:01
1645520703074951000,8.76,1,8.75,1,8.78,5,2,2022-02-22 09:05:03
1645520703109073000,8.75,1,8.74,2,8.78,5,2,2022-02-22 09:05:03
1645520704929610000,8.74,2,8.73,12,8.78,5,2,2022-02-22 09:05:04
1645520709489027000,8.74,1,8.73,3,8.78,5,2,2022-02-22 09:05:09
1645520709489027000,8.73,9,8.73,3,8.78,5,2,2022-02-22 09:05:09
1645520714618047000,8.73,3,8.72,11,8.78,5,2,2022-02-22 09:05:14
1645520718381669000,8.72,5,8.72,6,8.78,5,2,2022-02-22 09:05:18
1645520718397085000,8.72,6,8.7,8,8.77,1,2,2022-02-22 09:05:18
1645520718507407000,8.77,1,8.7,8,8.78,1,1,2022-02-22 09:05:18
1645520718507407000,8.78,4,8.7,8,8.78,1,1,2022-02-22 09:05:18
1645520734245992000,8.78,1,8.74,1,8.79,5,1,2022-02-22 09:05:34
1645520735085436000,8.79,1,8.78,1,8.79,4,1,2022-02-22 09:05:35
1645520737525697000,8.78,1,8.73,10,8.74,25,2,2022-02-22 09:05:37
1645520737525697000,8.74,1,8.73,10,8.74,25,2,2022-02-22 09:05:37
1645520737544380000,8.74,3,8.73,10,8.74,22,1,2022-02-22 09:05:37
1645520745828408000,8.74,2,8.73,10,8.74,20,1,2022-02-22 09:05:45
1645520746511345000,8.73,3,8.73,7,8.74,20,2,2022-02-22 09:05:46
1645520746840274000,8.73,6,8.73,1,8.74,20,2,2022-02-22 09:05:46
1645520746956740000,8.74,3,8.73,1,8.74,17,1,2022-02-22 09:05:46
1645520750711796000,8.74,4,8.73,1,8.74,13,1,2022-02-22 09:05:50
1645520751962471000,8.73,1,8.71,1,8.73,2,2,2022-02-22 09:05:51
1645520765874770000,8.71,1,8.68,3,8.7,6,2,2022-02-22 09:06:05
1645520765874770000,8.7,5,8.68,3,8.7,6,2,2022-02-22 09:06:05
1645520771984775000,8.68,3,8.67,12,8.7,6,2,2022-02-22 09:06:11
1645520776661136000,8.7,1,8.67,12,8.7,5,1,2022-02-22 09:06:16
1645520778930074000,8.68,1,8.67,8,8.7,5,2,2022-02-22 09:06:18
1645520778930074000,8.67,4,8.67,8,8.7,5,2,2022-02-22 09:06:18
1645520781184087000,8.68,1,8.67,4,8.7,6,2,2022-02-22 09:06:21
1645520781184087000,8.67,4,8.67,4,8.7,6,2,2022-02-22 09:06:21
1645520786941218000,8.67,2,8.67,2,8.7,6,2,2022-02-22 09:06:26
1645520786971209000,8.67,2,8.61,3,8.7,6,2,2022-02-22 09:06:26
1645520804520244000,8.67,0,0.0,0,0.0,0,1,2022-02-22 09:06:44
1645520925668322000,8.62,34,8.61,19,8.62,2,2,2022-02-22 09:08:45
1645520925696597000,8.62,2,8.61,19,8.63,1,1,2022-02-22 09:08:45
1645520934047909000,8.61,13,8.61,6,8.62,40,2,2022-02-22 09:08:54
1645520934049078000,8.61,5,8.61,1,8.62,40,2,2022-02-22 09:08:54
1645520934084459000,8.61,1,8.6,12,8.62,40,2,2022-02-22 09:08:54
1645520934538222000,8.6,1,8.6,11,8.62,40,2,2022-02-22 09:08:54
1645520940952700000,8.6,5,8.6,6,8.62,40,2,2022-02-22 09:09:00
1645520940976752000,8.6,6,8.52,4,8.62,40,2,2022-02-22 09:09:00
1645520944121280000,8.62,2,8.52,4,8.62,38,1,2022-02-22 09:09:04
1645520945419588000,8.62,4,8.52,4,8.62,34,1,2022-02-22 09:09:05
1645520947237232000,8.61,9,8.61,1,8.62,34,2,2022-02-22 09:09:07
1645520947274747000,8.61,1,8.52,4,8.62,34,2,2022-02-22 09:09:07
1645520948465321000,8.61,1,8.52,4,8.62,30,1,2022-02-22 09:09:08
1645520948465321000,8.62,4,8.52,4,8.62,30,1,2022-02-22 09:09:08
1645520950008769000,8.6,1,8.6,4,8.62,30,1,2022-02-22 09:09:10
1645520953265788000,8.6,4,8.53,1,8.6,1,2,2022-02-22 09:09:13
1645520958381581000,8.6,1,8.53,5,8.62,21,1,2022-02-22 09:09:18
1645520958381581000,8.61,10,8.53,5,8.62,21,1,2022-02-22 09:09:18
1645520958381581000,8.62,9,8.53,5,8.62,21,1,2022-02-22 09:09:18
1645520964502753000,8.62,20,8.61,1,8.62,1,1,2022-02-22 09:09:24
1645520964534290000,8.62,1,8.61,1,8.63,1,1,2022-02-22 09:09:24
1645520968364321000,8.63,1,8.61,1,8.73,2,1,2022-02-22 09:09:28
1645520968364321000,8.73,1,8.61,1,8.73,2,1,2022-02-22 09:09:28
1645520969432486000,8.73,2,8.8,57,8.81,2,1,2022-02-22 09:09:29
1645520969432486000,8.74,1,8.8,57,8.81,2,1,2022-02-22 09:09:29
1645520969432486000,8.79,4,8.8,57,8.81,2,1,2022-02-22 09:09:29
1645520969432486000,8.8,6,8.8,57,8.81,2,1,2022-02-22 09:09:29
1645520969462024000,8.81,2,8.8,57,8.83,1,1,2022-02-22 09:09:29
1645520969462042000,8.83,1,8.8,57,8.85,2,1,2022-02-22 09:09:29
1645520975121031000,8.8,2,8.8,55,8.85,2,2,2022-02-22 09:09:35
1645520978725740000,8.8,25,8.8,30,8.85,2,2,2022-02-22 09:09:38
1645520981391400000,8.8,5,8.8,25,8.85,2,2,2022-02-22 09:09:41
1645520983206444000,8.8,20,8.8,5,8.84,2,2,2022-02-22 09:09:43
1645520983230689000,8.8,5,8.62,2,8.84,2,2,2022-02-22 09:09:43
1645520996896707000,8.78,1,8.64,1,8.78,11,1,2022-02-22 09:09:56
1645521006380693000,8.7,1,8.67,1,8.7,1,1,2022-02-22 09:10:06
1645521006402465000,8.7,1,8.67,1,8.78,11,1,2022-02-22 09:10:06
1645521017102529000,8.78,1,8.7,2,8.78,9,1,2022-02-22 09:10:17
1645521019401231000,8.71,1,8.6,3,8.78,9,2,2022-02-22 09:10:19
1645521019401231000,8.7,2,8.6,3,8.78,9,2,2022-02-22 09:10:19
1645521019401231000,8.67,1,8.6,3,8.78,9,2,2022-02-22 09:10:19
1645521019401231000,8.66,1,8.6,3,8.78,9,2,2022-02-22 09:10:19
1645521019401231000,8.64,6,8.6,3,8.78,9,2,2022-02-22 09:10:19
1645521019401231000,8.63,1,8.6,3,8.78,9,2,2022-02-22 09:10:19
1645521019401231000,8.62,8,8.6,3,8.78,9,2,2022-02-22 09:10:19
1645521021653835000,8.77,1,8.6,3,8.78,6,1,2022-02-22 09:10:21
1645521021653835000,8.78,3,8.6,3,8.78,6,1,2022-02-22 09:10:21
1645521026108174000,8.77,1,8.6,10,8.78,6,2,2022-02-22 09:10:26
1645521027603406000,8.78,2,8.61,1,8.78,4,1,2022-02-22 09:10:27
1645521028370911000,8.62,5,8.61,1,8.78,4,1,2022-02-22 09:10:28
1645521034276600000,8.78,2,8.63,1,8.78,2,1,2022-02-22 09:10:34
1645521039237132000,8.7,2,8.7,1,8.78,2,2,2022-02-22 09:10:39
1645521042148202000,8.78,2,8.7,1,8.8,11,1,2022-02-22 09:10:42
1645521068043859000,8.71,2,8.71,1,8.78,1,1,2022-02-22 09:11:08
1645521081300086000,8.71,1,8.63,7,8.68,12,2,2022-02-22 09:11:21
1645521081300086000,8.7,5,8.63,7,8.68,12,2,2022-02-22 09:11:21
1645521081693414000,8.68,1,8.63,7,8.68,11,1,2022-02-22 09:11:21
1645521106563506000,8.68,11,8.63,10,8.78,1,1,2022-02-22 09:11:46
1645521106563506000,8.78,1,8.63,10,8.78,1,1,2022-02-22 09:11:46
1645521114104075000,8.64,3,8.63,8,8.77,3,2,2022-02-22 09:11:54
1645521114104075000,8.63,2,8.63,8,8.77,3,2,2022-02-22 09:11:54
1645521180834011000,8.7,2,8.7,1,8.75,3,1,2022-02-22 09:13:00
1645521194660906000,8.7,1,8.66,1,8.7,1,2,2022-02-22 09:13:14
1645521198229334000,8.7,1,8.7,2,8.75,3,1,2022-02-22 09:13:18
1645521198587007000,8.7,1,8.7,1,8.75,3,2,2022-02-22 09:13:18
1645521198612250000,8.7,1,8.66,1,8.75,3,2,2022-02-22 09:13:18
1645521230663087000,8.67,2,8.66,1,8.69,3,2,2022-02-22 09:13:50
1645521235075981000,8.66,1,8.65,6,8.69,3,2,2022-02-22 09:13:55
1645521235075981000,8.65,9,8.65,6,8.69,3,2,2022-02-22 09:13:55
1645521237497299000,8.65,6,8.64,3,8.65,4,2,2022-02-22 09:13:57
1645521240188965000,8.65,2,8.64,3,8.65,2,1,2022-02-22 09:14:00
1645521240192054000,8.64,3,8.63,45,8.65,2,2,2022-02-22 09:14:00
1645521240218720000,8.65,2,8.63,45,8.68,1,1,2022-02-22 09:14:00
1645521257865734000,8.65,15,8.65,5,8.68,2,2,2022-02-22 09:14:17
1645521268002374000,8.68,2,8.65,5,8.7,11,1,2022-02-22 09:14:28
1645521273138152000,8.7,5,8.65,5,8.7,6,1,2022-02-22 09:14:33
1645521280309103000,8.7,6,8.68,5,8.75,1,1,2022-02-22 09:14:40
1645521289805594000,8.75,1,8.71,1,8.76,3,1,2022-02-22 09:14:49
1645521295202042000,8.76,3,8.76,2,8.77,10,1,2022-02-22 09:14:55
1645521295235301000,8.76,2,8.75,1,8.77,10,2,2022-02-22 09:14:55
1645521297773001000,8.75,1,8.72,1,8.77,10,2,2022-02-22 09:14:57
1645521299440013000,8.77,10,8.72,1,8.78,7,1,2022-02-22 09:14:59
1645521303781202000,8.75,1,8.72,1,8.76,1,2,2022-02-22 09:15:03
1645521304717111000,8.76,1,8.76,4,8.78,7,1,2022-02-22 09:15:04
1645521308317964000,8.78,2,8.76,4,8.78,5,1,2022-02-22 09:15:08
1645521308342280000,8.78,5,8.76,4,8.79,12,1,2022-02-22 09:15:08
1645521321318132000,8.78,1,8.76,4,8.79,12,1,2022-02-22 09:15:21
1645521325742242000,8.76,4,8.71,5,8.73,5,2,2022-02-22 09:15:25
1645521325742242000,8.75,1,8.71,5,8.73,5,2,2022-02-22 09:15:25
1645521326655785000,8.73,5,8.71,5,8.78,1,1,2022-02-22 09:15:26
1645521326655785000,8.78,1,8.71,5,8.78,1,1,2022-02-22 09:15:26
1645521340693712000,8.75,1,8.71,5,8.76,2,1,2022-02-22 09:15:40
1645521343567797000,8.71,1,8.71,4,8.76,2,2,2022-02-22 09:15:43
1645521353267024000,8.72,1,8.72,5,8.76,2,2,2022-02-22 09:15:53
1645521372297131000,8.72,1,8.72,4,8.76,2,2,2022-02-22 09:16:12
1645521376997396000,8.72,4,8.71,4,8.72,1,2,2022-02-22 09:16:16
1645521385331510000,8.71,1,8.71,3,8.72,1,2,2022-02-22 09:16:25
1645521385759173000,8.72,1,8.72,1,8.75,1,1,2022-02-22 09:16:25
1645521392947168000,8.72,1,8.71,3,8.75,1,2,2022-02-22 09:16:32
1645521406401806000,8.75,1,8.71,3,8.76,2,1,2022-02-22 09:16:46
1645521410929709000,8.72,1,8.72,4,8.76,2,1,2022-02-22 09:16:50
1645521419678012000,8.72,1,8.72,3,8.76,2,2,2022-02-22 09:16:59
1645521438604049000,8.72,2,8.72,1,8.76,2,2,2022-02-22 09:17:18
1645521439540380000,8.72,1,8.71,5,8.72,1,2,2022-02-22 09:17:19
1645521448973051000,8.72,2,8.72,3,8.75,5,1,2022-02-22 09:17:28
1645521464995954000,8.73,5,8.71,5,8.72,2,2,2022-02-22 09:17:44
1645521464995954000,8.72,3,8.71,5,8.72,2,2,2022-02-22 09:17:44
1645521469382905000,8.71,5,8.7,32,8.72,2,2,2022-02-22 09:17:49
1645521503123723000,8.72,1,8.7,34,8.72,1,2,2022-02-22 09:18:23
1645521519312080000,8.72,1,8.7,34,8.75,5,1,2022-02-22 09:18:39
1645521547172739000,8.72,1,8.7,34,8.75,7,1,2022-02-22 09:19:07
1645521569270562000,8.71,1,8.7,27,8.75,7,2,2022-02-22 09:19:29
1645521569270562000,8.7,7,8.7,27,8.75,7,2,2022-02-22 09:19:29
1645521585313075000,8.73,1,8.71,1,8.74,2,2,2022-02-22 09:19:45
1645521593615354000,8.74,2,8.71,1,8.75,7,1,2022-02-22 09:19:53
1645521607807018000,8.71,2,8.7,27,8.71,4,2,2022-02-22 09:20:07
1645521608441512000,8.71,1,8.7,27,8.71,3,1,2022-02-22 09:20:08
1645521609659969000,8.71,2,8.7,27,8.71,1,1,2022-02-22 09:20:09
1645521612504625000,8.71,1,8.7,27,8.75,7,1,2022-02-22 09:20:12
1645521612951373000,8.7,19,8.7,8,8.75,7,2,2022-02-22 09:20:12
1645521612994506000,8.7,8,8.68,2,8.75,7,2,2022-02-22 09:20:12
1645521654525847000,8.7,3,8.68,3,8.7,2,2,2022-02-22 09:20:54
1645521662407068000,8.68,3,8.66,3,8.7,122,2,2022-02-22 09:21:02
1645521676178324000,8.7,1,8.66,3,8.7,1,1,2022-02-22 09:21:16
1645521685872948000,8.66,3,8.65,10,8.7,1,2,2022-02-22 09:21:25
1645521685872948000,8.65,5,8.65,10,8.7,1,2,2022-02-22 09:21:25
1645521693761910000,8.65,5,8.65,5,8.7,1,2,2022-02-22 09:21:33
1645521708363099000,8.65,5,8.42,19,8.7,1,2,2022-02-22 09:21:48
1645521708363099000,8.64,12,8.42,19,8.7,1,2,2022-02-22 09:21:48
1645521708363099000,8.63,41,8.42,19,8.7,1,2,2022-02-22 09:21:48
1645521708363099000,8.62,13,8.42,19,8.7,1,2,2022-02-22 09:21:48
1645521708363099000,8.61,1,8.42,19,8.7,1,2,2022-02-22 09:21:48
1645521708363099000,8.6,18,8.42,19,8.7,1,2,2022-02-22 09:21:48
1645521708363099000,8.58,1,8.42,19,8.7,1,2,2022-02-22 09:21:48
1645521708363099000,8.53,4,8.42,19,8.7,1,2,2022-02-22 09:21:48
1645521708363099000,8.52,5,8.42,19,8.7,1,2,2022-02-22 09:21:48
1645521708363099000,8.51,2,8.42,19,8.7,1,2,2022-02-22 09:21:48
1645521708363099000,8.5,7,8.42,19,8.7,1,2,2022-02-22 09:21:48
1645521708363099000,8.46,5,8.42,19,8.7,1,2,2022-02-22 09:21:48
1645521708363099000,8.45,5,8.42,19,8.7,1,2,2022-02-22 09:21:48
1645521708363099000,8.42,1,8.42,19,8.7,1,2,2022-02-22 09:21:48
1645521729866984000,8.5,1,8.47,1,8.63,2,2,2022-02-22 09:22:09
1645521729866984000,8.47,1,8.47,1,8.63,2,2,2022-02-22 09:22:09
1645521731962673000,8.5,2,8.46,5,8.51,2,1,2022-02-22 09:22:11
1645521740395648000,8.46,1,8.46,15,8.55,1,2,2022-02-22 09:22:20
1645521747097064000,8.55,1,8.47,1,8.57,3,1,2022-02-22 09:22:27
1645521747097064000,8.57,2,8.47,1,8.57,3,1,2022-02-22 09:22:27
1645521749367359000,8.47,4,8.46,10,8.57,3,2,2022-02-22 09:22:29
1645521749367359000,8.46,6,8.46,10,8.57,3,2,2022-02-22 09:22:29
1645521766785077000,8.5,1,8.48,1,8.57,3,2,2022-02-22 09:22:46
1645521766785077000,8.49,1,8.48,1,8.57,3,2,2022-02-22 09:22:46
1645521792958045000,8.55,2,8.49,4,8.56,4,1,2022-02-22 09:23:12
1645521792958045000,8.56,3,8.49,4,8.56,4,1,2022-02-22 09:23:12
1645521807708975000,8.56,1,8.5,2,8.56,3,1,2022-02-22 09:23:27
1645521821835946000,8.5,1,8.5,1,8.55,2,2,2022-02-22 09:23:41
1645521826220657000,8.5,1,8.48,2,8.49,5,2,2022-02-22 09:23:46
1645521826220657000,8.49,4,8.48,2,8.49,5,2,2022-02-22 09:23:46
1645521826254665000,8.49,5,8.48,2,8.55,2,1,2022-02-22 09:23:46
1645521846423883000,8.5,2,8.49,1,8.55,2,1,2022-02-22 09:24:06
1645521860725931000,8.49,1,8.46,9,8.54,3,2,2022-02-22 09:24:20
1645521860725931000,8.48,2,8.46,9,8.54,3,2,2022-02-22 09:24:20
1645521885654005000,8.51,1,8.51,4,8.54,3,2,2022-02-22 09:24:45
1645521895986490000,8.51,4,8.47,6,8.51,1,2,2022-02-22 09:24:55
1645521925194811000,8.5,2,8.5,8,8.51,3,2,2022-02-22 09:25:25
1645521925290489000,8.5,1,8.5,7,8.51,3,2,2022-02-22 09:25:25
1645521926289899000,8.5,1,8.5,6,8.51,3,2,2022-02-22 09:25:26
1645521929759204000,8.51,3,8.5,6,8.53,5,1,2022-02-22 09:25:29
1645521938178178000,8.53,5,8.5,6,8.54,3,1,2022-02-22 09:25:38
1645521947777535000,8.5,5,8.5,3,8.54,3,2,2022-02-22 09:25:47
1645521949062467000,8.54,2,8.5,3,8.54,1,1,2022-02-22 09:25:49
1645521949090536000,8.54,1,8.5,3,8.55,2,1,2022-02-22 09:25:49
1645521981022250000,8.55,2,8.52,1,8.56,4,1,2022-02-22 09:26:21
1645521981022250000,8.56,1,8.52,1,8.56,4,1,2022-02-22 09:26:21
1645522019706207000,8.56,3,8.54,1,8.56,1,1,2022-02-22 09:26:59
1645522019730614000,8.56,1,8.54,1,8.57,3,1,2022-02-22 09:26:59
1645522061646673000,8.57,1,8.54,1,8.57,2,1,2022-02-22 09:27:41
1645522061686359000,8.57,2,8.54,1,8.6,6,1,2022-02-22 09:27:41
1645522070525714000,8.6,1,8.54,1,8.6,5,1,2022-02-22 09:27:50
1645522090268969000,8.59,2,8.54,1,8.6,5,1,2022-02-22 09:28:10
1645522091758964000,8.6,1,8.55,1,8.6,4,1,2022-02-22 09:28:11
1645522112811749000,8.6,3,8.55,1,8.6,1,1,2022-02-22 09:28:32
1645522112840314000,8.6,1,8.56,1,8.63,2,1,2022-02-22 09:28:32
1645522130944218000,8.63,1,8.55,2,8.63,1,1,2022-02-22 09:28:50
1645522177604449000,8.55,1,8.53,3,8.63,1,2,2022-02-22 09:29:37
1645522177604449000,8.54,1,8.53,3,8.63,1,2,2022-02-22 09:29:37
1645522177604449000,8.53,3,8.53,3,8.63,1,2,2022-02-22 09:29:37
1645522374325653000,8.61,1,8.55,1,8.61,2,1,2022-02-22 09:32:54
1645522493035278000,8.59,1,8.55,4,8.59,1,1,2022-02-22 09:34:53
1645522531085849000,8.59,1,8.55,1,8.6,3,1,2022-02-22 09:35:31
1645522531085849000,8.6,2,8.55,1,8.6,3,1,2022-02-22 09:35:31
1645522563516610000,8.6,1,8.56,1,8.6,2,1,2022-02-22 09:36:03
1645522563547077000,8.6,2,8.56,1,8.62,3,1,2022-02-22 09:36:03
1645522624452609000,8.61,1,8.6,2,8.61,1,2,2022-02-22 09:37:04
1645522633441525000,8.61,1,8.6,2,8.62,4,1,2022-02-22 09:37:13
1645522637832752000,8.62,1,8.6,2,8.62,3,1,2022-02-22 09:37:17
1645522648099374000,8.6,2,8.58,2,8.62,3,2,2022-02-22 09:37:28
1645522655192378000,8.62,3,8.58,2,8.65,10,1,2022-02-22 09:37:35
1645522662705673000,8.65,10,8.58,2,8.66,1,1,2022-02-22 09:37:42
1645522690546882000,8.65,2,8.6,1,8.65,2,1,2022-02-22 09:38:10
1645522756426239000,8.64,2,8.65,4,8.66,2,1,2022-02-22 09:39:16
1645522756426239000,8.65,2,8.65,4,8.66,2,1,2022-02-22 09:39:16
1645522779683630000,8.65,1,8.65,3,8.66,2,2,2022-02-22 09:39:39
1645522779715825000,8.65,3,8.62,2,8.66,2,2,2022-02-22 09:39:39
1645522780079760000,8.66,2,8.62,2,8.67,1,1,2022-02-22 09:39:40
1645522785207051000,8.65,1,8.61,2,8.67,1,1,2022-02-22 09:39:45
1645522811672999000,8.65,3,8.61,2,8.67,1,2,2022-02-22 09:40:11
1645522915692533000,8.64,1,8.62,3,8.65,1,1,2022-02-22 09:41:55
1645522939645161000,8.63,3,8.62,1,8.65,1,2,2022-02-22 09:42:19
1645522939645161000,8.62,2,8.62,1,8.65,1,2,2022-02-22 09:42:19
1645522998536356000,8.64,5,8.62,1,8.65,1,2,2022-02-22 09:43:18
1645523040596160000,8.64,1,8.64,3,8.65,6,1,2022-02-22 09:44:00
1645523048001418000,8.64,1,8.64,2,8.65,6,2,2022-02-22 09:44:08
1645523051850486000,8.65,2,8.62,1,8.65,4,1,2022-02-22 09:44:11
1645523113089926000,8.64,1,8.62,1,8.65,4,1,2022-02-22 09:45:13
1645523227457570000,8.64,2,8.62,1,8.65,4,2,2022-02-22 09:47:07
1645523229370193000,8.65,4,8.62,1,8.66,5,1,2022-02-22 09:47:09
1645523266068190000,8.66,5,8.62,2,8.67,1,1,2022-02-22 09:47:46
1645523268121816000,8.62,2,8.55,4,8.67,1,2,2022-02-22 09:47:48
1645523268121816000,8.61,2,8.55,4,8.67,1,2,2022-02-22 09:47:48
1645523268121816000,8.6,1,8.55,4,8.67,1,2,2022-02-22 09:47:48
1645523268121816000,8.58,2,8.55,4,8.67,1,2,2022-02-22 09:47:48
1645523268121816000,8.57,1,8.55,4,8.67,1,2,2022-02-22 09:47:48
1645523268121816000,8.56,3,8.55,4,8.67,1,2,2022-02-22 09:47:48
1645523268121816000,8.55,2,8.55,4,8.67,1,2,2022-02-22 09:47:48
1645523277110727000,8.67,1,8.55,4,8.68,5,1,2022-02-22 09:47:57
1645523287817127000,8.68,5,8.55,5,8.7,5,1,2022-02-22 09:48:07
1645523295553165000,8.7,5,8.68,1,8.71,2,1,2022-02-22 09:48:15
1645523304005139000,8.71,2,8.68,2,8.75,8,1,2022-02-22 09:48:24
1645523311601157000,8.71,2,8.7,3,8.75,8,2,2022-02-22 09:48:31
1645523314384987000,8.75,8,8.7,3,8.76,4,1,2022-02-22 09:48:34
1645523335175835000,8.76,4,8.7,4,8.77,2,1,2022-02-22 09:48:55
1645523339542472000,8.77,2,8.75,4,8.78,1,1,2022-02-22 09:48:59
1645523342269231000,8.78,1,8.75,4,8.79,10,1,2022-02-22 09:49:02
1645523343050653000,8.79,3,8.75,4,8.79,7,1,2022-02-22 09:49:03
1645523356780923000,8.79,1,8.76,1,8.79,6,1,2022-02-22 09:49:16
1645523357407741000,8.79,4,8.76,1,8.79,2,1,2022-02-22 09:49:17
1645523357437448000,8.79,2,8.76,1,8.8,7,1,2022-02-22 09:49:17
1645523360204627000,8.8,1,8.79,3,8.8,6,1,2022-02-22 09:49:20
1645523362650686000,8.8,1,8.79,3,8.8,5,1,2022-02-22 09:49:22
1645523369690977000,8.8,2,8.79,3,8.8,3,1,2022-02-22 09:49:29
1645523373034116000,8.8,1,8.79,3,8.8,2,1,2022-02-22 09:49:33
1645523387164766000,8.8,4,8.75,4,8.8,1,1,2022-02-22 09:49:47
1645523387192666000,8.8,1,8.76,1,8.82,5,1,2022-02-22 09:49:47
1645523399980518000,8.82,5,8.8,1,8.86,1,1,2022-02-22 09:49:59
1645523411593631000,8.86,3,8.8,1,8.87,7,1,2022-02-22 09:50:11
1645523475479989000,8.85,5,8.75,7,8.85,4,1,2022-02-22 09:51:15
1645523475542299000,8.85,1,8.76,1,8.85,3,1,2022-02-22 09:51:15
1645523492002193000,8.85,3,8.75,7,8.86,7,1,2022-02-22 09:51:32
1645523503023354000,8.86,3,8.78,1,8.86,4,1,2022-02-22 09:51:43
1645523511040347000,8.84,3,8.78,1,8.84,2,1,2022-02-22 09:51:51
1645523519879557000,8.84,2,8.78,1,8.85,2,1,2022-02-22 09:51:59
1645523524391876000,8.85,2,8.86,3,8.87,7,1,2022-02-22 09:52:04
1645523524391876000,8.86,7,8.86,3,8.87,7,1,2022-02-22 09:52:04
1645523524427688000,8.86,3,8.78,1,8.87,7,2,2022-02-22 09:52:04
1645523553320271000,8.84,1,8.78,2,8.84,1,1,2022-02-22 09:52:33
1645523562827906000,8.84,1,8.78,2,8.85,3,1,2022-02-22 09:52:42
1645523573077461000,8.84,1,8.78,2,8.85,3,1,2022-02-22 09:52:53
1645523574766281000,8.84,5,8.78,2,8.85,3,2,2022-02-22 09:52:54
1645523582118700000,8.84,1,8.78,2,8.85,3,1,2022-02-22 09:53:02
1645523602147924000,8.84,1,8.78,2,8.84,20,1,2022-02-22 09:53:22
1645523602308523000,8.84,1,8.78,2,8.84,19,1,2022-02-22 09:53:22
1645523619199412000,8.84,10,8.78,2,8.84,9,1,2022-02-22 09:53:39
1645523645563727000,8.78,2,8.6,11,8.85,8,2,2022-02-22 09:54:05
1645523645563727000,8.71,2,8.6,11,8.85,8,2,2022-02-22 09:54:05
1645523645563727000,8.7,10,8.6,11,8.85,8,2,2022-02-22 09:54:05
1645523645563727000,8.68,2,8.6,11,8.85,8,2,2022-02-22 09:54:05
1645523645563727000,8.67,1,8.6,11,8.85,8,2,2022-02-22 09:54:05
1645523645563727000,8.61,2,8.6,11,8.85,8,2,2022-02-22 09:54:05
1645523653426737000,8.79,1,8.53,3,8.85,8,2,2022-02-22 09:54:13
1645523653426737000,8.6,11,8.53,3,8.85,8,2,2022-02-22 09:54:13
1645523653426737000,8.59,2,8.53,3,8.85,8,2,2022-02-22 09:54:13
1645523653426737000,8.55,4,8.53,3,8.85,8,2,2022-02-22 09:54:13
1645523653426737000,8.53,6,8.53,3,8.85,8,2,2022-02-22 09:54:13
1645523653498585000,8.53,1,8.53,2,8.85,8,2,2022-02-22 09:54:13
1645523665997208000,8.79,1,8.53,37,8.79,3,1,2022-02-22 09:54:25
1645523755076024000,8.77,1,8.62,7,8.77,5,1,2022-02-22 09:55:55
1645523923950856000,8.73,3,8.62,7,8.73,1,1,2022-02-22 09:58:43
1645523976036899000,8.73,3,8.64,1,8.74,7,1,2022-02-22 09:59:36
1645524057722883000,8.64,1,8.63,5,8.64,1,2,2022-02-22 10:00:57
1645524080830435000,8.64,1,8.64,7,8.72,7,1,2022-02-22 10:01:20
1645524289314090000,8.7,5,8.65,1,8.71,1,1,2022-02-22 10:04:49
1645524326890454000,8.7,1,8.65,1,8.71,1,1,2022-02-22 10:05:26
1645524339247660000,8.71,1,8.65,1,8.76,2,1,2022-02-22 10:05:39
1645524339247660000,8.73,10,8.65,1,8.76,2,1,2022-02-22 10:05:39
1645524356284472000,8.76,1,8.73,1,8.76,1,1,2022-02-22 10:05:56
1645524371297244000,8.76,1,8.73,1,8.77,8,1,2022-02-22 10:06:11
1645524392785250000,8.77,8,8.73,1,8.81,2,1,2022-02-22 10:06:32
1645524426143778000,8.81,2,8.81,1,8.83,3,1,2022-02-22 10:07:06
1645524428157338000,8.81,1,8.71,1,8.82,5,2,2022-02-22 10:07:08
1645524449532908000,8.82,5,8.81,1,8.83,3,1,2022-02-22 10:07:29
1645524458473205000,8.83,1,8.81,1,8.83,2,1,2022-02-22 10:07:38
1645524465992284000,8.83,1,8.65,1,8.83,1,1,2022-02-22 10:07:45
1645524467463012000,8.83,1,8.65,1,8.84,6,1,2022-02-22 10:07:47
1645524494632769000,8.83,2,8.65,4,8.83,2,1,2022-02-22 10:08:14
1645524838015532000,8.82,2,8.71,2,8.83,36,1,2022-02-22 10:13:58
1645524903533224000,8.83,4,8.82,2,8.83,32,1,2022-02-22 10:15:03
1645524912764075000,8.83,30,8.82,2,8.83,2,1,2022-02-22 10:15:12
1645524912799461000,8.83,2,8.82,2,8.84,6,1,2022-02-22 10:15:12
1645524929396749000,8.83,2,8.82,2,8.83,7,2,2022-02-22 10:15:29
1645524929416523000,8.83,7,8.82,2,8.84,6,1,2022-02-22 10:15:29
1645524930388126000,8.84,1,8.82,2,8.84,5,1,2022-02-22 10:15:30
1645524955733552000,8.84,1,8.83,2,8.84,4,1,2022-02-22 10:15:55
1645524955762613000,8.84,4,8.83,2,8.85,5,1,2022-02-22 10:15:55
1645524961647650000,8.85,5,8.83,2,8.86,12,1,2022-02-22 10:16:01
1645524962306252000,8.86,12,8.84,1,8.87,7,1,2022-02-22 10:16:02
1645524962327267000,8.87,7,8.84,1,8.88,1,1,2022-02-22 10:16:02
1645524980324886000,8.87,1,8.84,1,8.87,4,2,2022-02-22 10:16:20
1645524990311903000,8.87,4,8.87,1,8.88,1,1,2022-02-22 10:16:30
1645524991594614000,8.88,1,8.88,4,8.9,7,1,2022-02-22 10:16:31
1645525000716646000,8.9,1,8.88,4,8.9,6,1,2022-02-22 10:16:40
1645525006243559000,8.9,1,8.89,1,8.9,5,1,2022-02-22 10:16:46
1645525007976930000,8.9,1,8.89,1,8.9,4,1,2022-02-22 10:16:47
1645525008565016000,8.9,1,8.89,1,8.9,3,1,2022-02-22 10:16:48
1645525009297501000,8.9,1,8.89,1,8.9,2,1,2022-02-22 10:16:49
1645525010073792000,8.9,1,8.89,1,8.9,1,1,2022-02-22 10:16:50
1645525011253572000,8.9,1,8.89,1,8.92,4,1,2022-02-22 10:16:51
1645525013009810000,8.9,1,8.9,4,8.92,4,1,2022-02-22 10:16:53
1645525013732030000,8.92,1,8.9,5,8.92,3,1,2022-02-22 10:16:53
1645525016160676000,8.92,1,8.91,1,8.92,2,1,2022-02-22 10:16:56
1645525016412573000,8.92,1,8.91,1,8.92,1,1,2022-02-22 10:16:56
1645525016825124000,8.92,1,8.91,1,8.94,2,1,2022-02-22 10:16:56
1645525017635508000,8.94,1,8.91,1,8.94,1,1,2022-02-22 10:16:57
1645525018745547000,8.94,1,8.92,1,8.95,17,1,2022-02-22 10:16:58
1645525018745547000,8.95,9,8.92,1,8.95,17,1,2022-02-22 10:16:58
1645525027831973000,8.91,1,8.9,9,8.94,1,2,2022-02-22 10:17:07
1645525042697035000,8.9,5,8.9,4,8.93,5,2,2022-02-22 10:17:22
1645525042727166000,8.9,4,8.88,2,8.93,5,2,2022-02-22 10:17:22
1645525047626945000,8.88,1,8.88,1,8.93,5,2,2022-02-22 10:17:27
1645525047657701000,8.88,1,8.83,4,8.93,5,2,2022-02-22 10:17:27
1645525052608193000,8.92,1,8.83,4,8.93,5,1,2022-02-22 10:17:32
1645525114120615000,8.91,1,8.85,2,8.91,1,1,2022-02-22 10:18:34
1645525138402114000,8.91,2,8.85,2,8.91,1,1,2022-02-22 10:18:58
1645525174689472000,8.85,2,8.85,1,8.91,2,2,2022-02-22 10:19:34
1645525190233933000,8.85,1,8.84,2,8.91,1,2,2022-02-22 10:19:50
1645525212313134000,8.84,1,8.84,1,8.9,2,2,2022-02-22 10:20:12
1645525227587682000,8.84,2,8.83,2,8.91,1,2,2022-02-22 10:20:27
1645525245732375000,8.83,2,8.82,3,8.91,1,2,2022-02-22 10:20:45
1645525276609042000,8.91,1,8.82,2,8.92,3,1,2022-02-22 10:21:16
1645525277778195000,8.82,2,8.8,2,8.92,3,2,2022-02-22 10:21:17
1645525298717362000,8.92,1,8.81,1,8.92,2,1,2022-02-22 10:21:38
1645525308216854000,8.83,1,8.83,1,8.92,2,2,2022-02-22 10:21:48
1645525393030565000,8.83,1,8.83,1,8.92,2,2,2022-02-22 10:23:13
1645525421004458000,8.83,1,8.83,1,8.92,2,2,2022-02-22 10:23:41
1645525430644259000,8.83,1,8.81,1,8.92,2,2,2022-02-22 10:23:50
1645525440739662000,8.92,1,8.81,3,8.92,1,1,2022-02-22 10:24:00
1645525463438077000,8.92,1,8.81,3,8.93,6,1,2022-02-22 10:24:23
1645525486103177000,8.92,1,8.81,3,8.93,6,1,2022-02-22 10:24:46
1645525510082429000,8.92,200,8.81,8,8.93,6,1,2022-02-22 10:25:10
1645525524349227000,8.93,1,8.81,8,8.93,5,1,2022-02-22 10:25:24
1645525540979109000,8.93,5,8.93,3,8.94,7,1,2022-02-22 10:25:40
1645525541003958000,8.93,2,8.93,1,8.94,7,2,2022-02-22 10:25:41
1645525541034928000,8.93,1,8.82,2,8.94,7,2,2022-02-22 10:25:41
1645525543950312000,8.94,5,8.82,2,8.94,2,1,2022-02-22 10:25:43
1645525570888745000,8.94,2,8.94,1,8.95,14,1,2022-02-22 10:26:10
1645525570918901000,8.94,1,8.85,7,8.95,14,2,2022-02-22 10:26:10
1645525647408253000,8.86,10,8.84,4,8.91,2,2,2022-02-22 10:27:27
1645525653265696000,8.84,4,8.83,5,8.84,1,2,2022-02-22 10:27:33
1645525654702244000,8.83,5,8.82,6,8.84,1,2,2022-02-22 10:27:34
1645525655524025000,8.82,5,8.82,1,8.84,1,2,2022-02-22 10:27:35
1645525656148884000,8.82,1,8.8,2,8.84,1,2,2022-02-22 10:27:36
1645525656148884000,8.81,4,8.8,2,8.84,1,2,2022-02-22 10:27:36
1645525656732819000,8.8,2,8.75,6,8.8,3,2,2022-02-22 10:27:36
1645525688597240000,8.82,3,8.75,7,8.82,2,1,2022-02-22 10:28:08
1645525722391306000,8.82,2,8.76,2,8.86,8,1,2022-02-22 10:28:42
1645525797370035000,8.82,2,8.8,3,8.82,18,2,2022-02-22 10:29:57
1645525829409911000,8.8,4,8.76,2,8.82,18,2,2022-02-22 10:30:29
1645525829409911000,8.78,1,8.76,2,8.82,18,2,2022-02-22 10:30:29
1645525829409911000,8.76,5,8.76,2,8.82,18,2,2022-02-22 10:30:29
1645525840692327000,8.76,2,8.74,2,8.8,1,2,2022-02-22 10:30:40
1645525840692327000,8.75,8,8.74,2,8.8,1,2,2022-02-22 10:30:40
1645525848970511000,8.74,1,8.74,1,8.8,1,2,2022-02-22 10:30:48
1645525849003118000,8.74,1,8.72,1,8.79,1,2,2022-02-22 10:30:49
1645525881599181000,8.72,1,8.71,2,8.8,7,2,2022-02-22 10:31:21
1645525905726191000,8.74,1,8.72,2,8.79,3,2,2022-02-22 10:31:45
1645525954450196000,8.79,1,8.72,2,8.79,2,1,2022-02-22 10:32:34
1645525957234922000,8.72,2,8.71,2,8.72,8,2,2022-02-22 10:32:37
1645525961092558000,8.72,2,8.71,2,8.72,6,1,2022-02-22 10:32:41
1645525961131348000,8.72,6,8.71,2,8.79,1,1,2022-02-22 10:32:41
1645526000927252000,8.79,1,8.72,7,8.79,2,1,2022-02-22 10:33:20
1645526008405031000,8.79,1,8.72,9,8.79,1,1,2022-02-22 10:33:28
1645526064143545000,8.79,1,8.72,9,8.8,1,1,2022-02-22 10:34:24
1645526064653447000,8.8,1,8.72,9,8.85,1,1,2022-02-22 10:34:24
1645526065658627000,8.85,1,8.72,9,8.86,8,1,2022-02-22 10:34:25
1645526068375717000,8.72,8,8.72,1,8.86,8,2,2022-02-22 10:34:28
1645526074861787000,8.86,1,8.72,1,8.86,7,1,2022-02-22 10:34:34
1645526109808919000,8.73,1,8.72,2,8.83,1,1,2022-02-22 10:35:09
1645526113746786000,8.84,1,8.72,2,8.84,1,1,2022-02-22 10:35:13
1645526203937809000,8.84,1,8.75,1,8.85,3,1,2022-02-22 10:36:43
1645526256287339000,8.84,1,8.75,1,8.85,4,2,2022-02-22 10:37:36
1645526271335086000,8.85,3,8.75,1,8.85,1,1,2022-02-22 10:37:51
1645526296937830000,8.85,1,8.75,1,8.85,1,1,2022-02-22 10:38:16
1645526311914507000,8.85,1,8.77,2,8.86,12,1,2022-02-22 10:38:31
1645526319184195000,8.84,1,8.77,2,8.84,5,1,2022-02-22 10:38:39
1645526346395065000,8.83,2,8.75,1,8.83,1,1,2022-02-22 10:39:06
1645526362491201000,8.82,1,8.75,1,8.83,2,2,2022-02-22 10:39:22
1645526376763674000,8.8,8,8.75,1,8.8,2,1,2022-02-22 10:39:36
1645526376795492000,8.8,2,8.75,1,8.82,1,1,2022-02-22 10:39:36
1645526453231717000,8.75,1,8.74,3,8.78,1,2,2022-02-22 10:40:53
1645526453231717000,8.74,4,8.74,3,8.78,1,2,2022-02-22 10:40:53
1645526518445148000,8.74,1,8.74,2,8.77,1,2,2022-02-22 10:41:58
1645526518475338000,8.74,2,8.73,3,8.77,1,2,2022-02-22 10:41:58
1645526618730956000,8.74,1,8.73,3,8.77,1,2,2022-02-22 10:43:38
1645526643437988000,8.73,3,8.72,2,8.74,3,2,2022-02-22 10:44:03
1645526655223063000,8.72,2,8.69,1,8.7,1,2,2022-02-22 10:44:15
1645526655223063000,8.71,4,8.69,1,8.7,1,2,2022-02-22 10:44:15
1645526655223063000,8.7,3,8.69,1,8.7,1,2,2022-02-22 10:44:15
1645526659163254000,8.69,1,8.66,4,8.7,1,2,2022-02-22 10:44:19
1645526681112845000,8.66,1,8.65,2,8.67,8,2,2022-02-22 10:44:41
1645526682649662000,8.65,1,8.65,1,8.67,8,2,2022-02-22 10:44:42
1645526683250735000,8.65,1,8.64,5,8.66,4,2,2022-02-22 10:44:43
1645526691077099000,8.64,1,8.64,4,8.65,8,2,2022-02-22 10:44:51
1645526691814957000,8.64,1,8.64,3,8.65,8,2,2022-02-22 10:44:51
1645526692062940000,8.64,1,8.64,2,8.65,8,2,2022-02-22 10:44:52
1645526692254653000,8.64,1,8.64,1,8.65,8,2,2022-02-22 10:44:52
1645526697932438000,8.64,1,8.62,1,8.63,2,2,2022-02-22 10:44:57
1645526697932438000,8.63,7,8.62,1,8.63,2,2,2022-02-22 10:44:57
1645526706709989000,8.62,1,8.61,6,8.66,4,2,2022-02-22 10:45:06
1645526706709989000,8.61,7,8.61,6,8.66,4,2,2022-02-22 10:45:06
1645526720563809000,8.61,5,8.61,1,8.66,4,2,2022-02-22 10:45:20
1645526725170484000,8.61,1,8.6,5,8.66,4,2,2022-02-22 10:45:25
1645526725170484000,8.6,9,8.6,5,8.66,4,2,2022-02-22 10:45:25
1645526733630371000,8.6,5,8.6,1,8.61,1,2,2022-02-22 10:45:33
1645526742462357000,8.61,1,8.6,2,8.66,4,1,2022-02-22 10:45:42
1645526750963117000,8.6,1,8.6,2,8.66,4,2,2022-02-22 10:45:50
1645526765092959000,8.6,1,8.56,12,8.66,4,2,2022-02-22 10:46:05
1645526809836743000,8.59,1,8.57,3,8.66,4,1,2022-02-22 10:46:49
1645526821508460000,8.58,1,8.57,3,8.66,4,1,2022-02-22 10:47:01
1645526846329802000,8.6,1,8.59,2,8.66,4,1,2022-02-22 10:47:26
1645526859567107000,8.66,1,8.6,1,8.66,3,1,2022-02-22 10:47:39
1645526900847139000,8.61,1,8.61,1,8.66,4,2,2022-02-22 10:48:20
1645526958016911000,8.61,1,8.6,14,8.66,4,2,2022-02-22 10:49:18
1645526974705759000,8.61,1,8.6,14,8.61,13,1,2022-02-22 10:49:34
1645526994510875000,8.61,2,8.6,14,8.61,11,1,2022-02-22 10:49:54
1645527017421665000,8.6,1,8.6,13,8.61,11,2,2022-02-22 10:50:17
1645527058263315000,8.6,11,8.59,2,8.66,9,2,2022-02-22 10:50:58
1645527158360058000,8.61,2,8.6,9,8.66,9,2,2022-02-22 10:52:38
1645527158360058000,8.6,1,8.6,9,8.66,9,2,2022-02-22 10:52:38
1645527170142221000,8.6,9,8.59,2,8.66,9,2,2022-02-22 10:52:50
1645527242582822000,8.6,1,8.59,2,8.6,9,2,2022-02-22 10:54:02
1645527298485664000,8.6,9,8.6,1,8.66,9,1,2022-02-22 10:54:58
1645527317823133000,8.6,9,8.59,2,8.66,9,2,2022-02-22 10:55:17
1645527324881964000,8.61,1,8.6,7,8.66,9,2,2022-02-22 10:55:24
1645527324881964000,8.6,3,8.6,7,8.66,9,2,2022-02-22 10:55:24
1645527335372647000,8.6,2,8.6,5,8.66,9,2,2022-02-22 10:55:35
1645527336209037000,8.6,5,8.59,2,8.6,2,2,2022-02-22 10:55:36
1645527435135455000,8.59,2,8.56,1,8.66,9,2,2022-02-22 10:57:15
1645527435135455000,8.58,2,8.56,1,8.66,9,2,2022-02-22 10:57:15
1645527435135455000,8.57,5,8.56,1,8.66,9,2,2022-02-22 10:57:15
1645527435135455000,8.56,11,8.56,1,8.66,9,2,2022-02-22 10:57:15
1645527479337700000,8.56,4,8.55,8,8.64,2,2,2022-02-22 10:57:59
1645527489994350000,8.55,8,8.52,1,8.64,2,2,2022-02-22 10:58:09
1645527489994350000,8.54,7,8.52,1,8.64,2,2,2022-02-22 10:58:09
1645527529030247000,8.52,8,8.51,3,8.63,5,2,2022-02-22 10:58:49
1645527529030247000,8.51,2,8.51,3,8.63,5,2,2022-02-22 10:58:49
1645527572481136000,8.52,6,8.5,6,8.6,5,2,2022-02-22 10:59:32
1645527572481136000,8.51,6,8.5,6,8.6,5,2,2022-02-22 10:59:32
1645527637167827000,8.52,1,8.5,6,8.6,5,2,2022-02-22 11:00:37
1645527637167827000,8.51,7,8.5,6,8.6,5,2,2022-02-22 11:00:37
1645527703390995000,8.51,1,8.51,1,8.6,7,2,2022-02-22 11:01:43
1645527731287046000,8.51,6,8.5,6,8.6,7,2,2022-02-22 11:02:11
1645527842318456000,8.53,2,8.52,1,8.6,7,2,2022-02-22 11:04:02
1645527842318456000,8.52,6,8.52,1,8.6,7,2,2022-02-22 11:04:02
1645527863558204000,8.6,2,8.52,3,8.6,5,1,2022-02-22 11:04:23
1645527893728880000,8.52,1,8.52,10,8.6,5,2,2022-02-22 11:04:53
1645527925700203000,8.52,10,8.51,7,8.6,7,2,2022-02-22 11:05:25
1645527946793749000,8.51,1,8.51,6,8.59,2,2,2022-02-22 11:05:46
1645527966269235000,8.51,6,8.5,6,8.59,2,2,2022-02-22 11:06:06
1645527978356381000,8.5,2,8.5,4,8.59,2,2,2022-02-22 11:06:18
1645528019211943000,8.5,4,8.49,1,8.59,5,2,2022-02-22 11:06:59
1645528039625585000,8.49,1,8.46,12,8.5,3,2,2022-02-22 11:07:19
1645528039625585000,8.48,1,8.46,12,8.5,3,2,2022-02-22 11:07:19
1645528039625585000,8.47,6,8.46,12,8.5,3,2,2022-02-22 11:07:19
1645528039625585000,8.46,2,8.46,12,8.5,3,2,2022-02-22 11:07:19
1645528045828146000,8.46,3,8.46,9,8.5,3,2,2022-02-22 11:07:25
1645528060625654000,8.46,5,8.46,6,8.5,4,2,2022-02-22 11:07:40
1645528062639050000,8.46,3,8.46,3,8.5,4,2,2022-02-22 11:07:42
1645528064058253000,8.46,1,8.46,2,8.5,4,2,2022-02-22 11:07:44
1645528082067297000,8.46,2,8.41,17,8.42,1,2,2022-02-22 11:08:02
1645528082067297000,8.45,7,8.41,17,8.42,1,2,2022-02-22 11:08:02
1645528082067297000,8.43,10,8.41,17,8.42,1,2,2022-02-22 11:08:02
1645528082067297000,8.42,25,8.41,17,8.42,1,2,2022-02-22 11:08:02
1645528082090710000,8.42,1,8.41,17,8.5,4,1,2022-02-22 11:08:02
1645528082389942000,8.41,17,8.39,1,8.4,4,2,2022-02-22 11:08:02
1645528082389942000,8.4,14,8.39,1,8.4,4,2,2022-02-22 11:08:02
1645528082428808000,8.4,4,8.39,1,8.5,4,1,2022-02-22 11:08:02
1645528082466090000,8.39,1,8.38,12,8.5,4,2,2022-02-22 11:08:02
1645528112804381000,8.4,1,8.39,5,8.49,3,2,2022-02-22 11:08:32
1645528124237892000,8.4,4,8.39,7,8.49,3,1,2022-02-22 11:08:44
1645528129552933000,8.4,1,8.39,7,8.46,1,1,2022-02-22 11:08:49
1645528144166415000,8.4,1,8.4,9,8.46,1,2,2022-02-22 11:09:04
1645528160601189000,8.4,1,8.4,11,8.46,1,2,2022-02-22 11:09:20
1645528164329509000,8.4,4,8.4,7,8.46,1,2,2022-02-22 11:09:24
1645528165947511000,8.4,7,8.38,12,8.39,4,2,2022-02-22 11:09:25
1645528165947511000,8.39,9,8.38,12,8.39,4,2,2022-02-22 11:09:25
1645528167010277000,8.39,4,8.4,1,8.46,1,1,2022-02-22 11:09:27
1645528188315695000,8.4,11,8.39,6,8.46,1,2,2022-02-22 11:09:48
1645528188315695000,8.39,4,8.39,6,8.46,1,2,2022-02-22 11:09:48
1645528192161409000,8.41,2,8.39,6,8.41,1,1,2022-02-22 11:09:52
1645528192187802000,8.41,1,8.39,6,8.46,1,1,2022-02-22 11:09:52
1645528201078347000,8.39,3,8.39,4,8.46,1,2,2022-02-22 11:10:01
1645528219264494000,8.41,1,8.39,4,8.46,1,1,2022-02-22 11:10:19
1645528225647521000,8.39,2,8.39,2,8.46,1,2,2022-02-22 11:10:25
1645528257316296000,8.42,1,8.4,7,8.46,1,2,2022-02-22 11:10:57
1645528257316296000,8.41,1,8.4,7,8.46,1,2,2022-02-22 11:10:57
1645528268199640000,8.4,7,8.38,12,8.46,3,2,2022-02-22 11:11:08
1645528268199640000,8.39,19,8.38,12,8.46,3,2,2022-02-22 11:11:08
1645528271045041000,8.43,1,8.4,10,8.46,3,1,2022-02-22 11:11:11
1645528275089930000,8.4,10,8.38,12,8.46,3,2,2022-02-22 11:11:15
1645528280100736000,8.38,4,8.38,8,8.46,3,2,2022-02-22 11:11:20
1645528287673636000,8.4,2,8.39,3,8.46,1,1,2022-02-22 11:11:27
1645528306535026000,8.4,2,8.4,1,8.46,1,2,2022-02-22 11:11:46
1645528321763128000,8.46,1,8.46,5,8.49,3,1,2022-02-22 11:12:01
1645528328051284000,8.46,3,8.46,2,8.49,3,2,2022-02-22 11:12:08
1645528331571846000,8.46,2,8.4,1,8.46,1,2,2022-02-22 11:12:11
1645528338927709000,8.46,5,8.4,1,8.46,1,1,2022-02-22 11:12:18
1645528343128755000,8.46,1,8.4,4,8.49,2,1,2022-02-22 11:12:23
1645528343128755000,8.49,1,8.4,4,8.49,2,1,2022-02-22 11:12:23
1645528344120030000,8.4,1,8.4,3,8.49,2,2,2022-02-22 11:12:24
1645528572389774000,8.44,1,8.44,2,8.49,7,2,2022-02-22 11:16:12
1645528598909711000,8.44,2,8.39,7,8.49,7,2,2022-02-22 11:16:38
1645528598909711000,8.43,1,8.39,7,8.49,7,2,2022-02-22 11:16:38
1645528598909711000,8.42,7,8.39,7,8.49,7,2,2022-02-22 11:16:38
1645528598909711000,8.41,23,8.39,7,8.49,7,2,2022-02-22 11:16:38
1645528598909711000,8.4,36,8.39,7,8.49,7,2,2022-02-22 11:16:38
1645528691865731000,8.4,8,8.39,7,8.4,2,2,2022-02-22 11:18:11
1645528722625295000,8.4,2,8.39,7,8.46,2,1,2022-02-22 11:18:42
1645528863771910000,8.44,1,8.44,3,8.47,3,2,2022-02-22 11:21:03
1645528945650335000,8.44,9,8.43,2,8.47,3,2,2022-02-22 11:22:25
1645528945650335000,8.43,1,8.43,2,8.47,3,2,2022-02-22 11:22:25
1645528969910073000,8.43,2,8.4,3,8.47,3,2,2022-02-22 11:22:49
1645528969910073000,8.41,2,8.4,3,8.47,3,2,2022-02-22 11:22:49
1645528969910073000,8.4,14,8.4,3,8.47,3,2,2022-02-22 11:22:49
1645529072427164000,8.4,5,8.4,3,8.45,3,2,2022-02-22 11:24:32
1645529282101339000,8.4,3,8.39,7,8.45,3,2,2022-02-22 11:28:02
1645529307957516000,8.39,5,8.39,2,8.45,3,2,2022-02-22 11:28:27
1645529441455359000,8.39,10,8.38,11,8.45,3,2,2022-02-22 11:30:41
1645529834115629000,8.39,1,8.39,8,8.43,2,2,2022-02-22 11:37:14
1645529896440708000,8.39,8,8.38,11,8.43,2,2,2022-02-22 11:38:16
1645529980165740000,8.38,11,8.36,15,8.43,2,2,2022-02-22 11:39:40
1645529980165740000,8.36,4,8.36,15,8.43,2,2,2022-02-22 11:39:40
1645529986189073000,8.36,10,8.36,5,8.43,2,2,2022-02-22 11:39:46
1645529995653924000,8.36,3,8.36,2,8.43,2,2,2022-02-22 11:39:55
1645529995674034000,8.36,2,8.35,2,8.43,2,2,2022-02-22 11:39:55
1645530113488095000,8.36,6,8.35,10,8.36,9,2,2022-02-22 11:41:53
1645530125541008000,8.36,2,8.35,10,8.36,7,1,2022-02-22 11:42:05
1645530134462618000,8.36,7,8.36,3,8.42,5,1,2022-02-22 11:42:14
1645530187599142000,8.36,3,8.35,1,8.42,5,2,2022-02-22 11:43:07
1645530187599142000,8.35,9,8.35,1,8.42,5,2,2022-02-22 11:43:07
1645530283825264000,8.37,2,8.35,2,8.42,6,2,2022-02-22 11:44:43
1645530410128690000,8.37,8,8.36,2,8.42,1,2,2022-02-22 11:46:50
1645530468942826000,8.4,10,8.4,2,8.43,2,2,2022-02-22 11:47:48
1645530468961170000,8.4,2,8.36,2,8.43,2,2,2022-02-22 11:47:48
1645530531606871000,8.41,15,8.4,2,8.43,1,2,2022-02-22 11:48:51
1645530541216009000,8.43,1,8.43,4,8.45,3,1,2022-02-22 11:49:01
1645530553767413000,8.43,4,8.37,3,8.38,1,2,2022-02-22 11:49:13
1645530553767413000,8.4,2,8.37,3,8.38,1,2,2022-02-22 11:49:13
1645530553767413000,8.38,3,8.37,3,8.38,1,2,2022-02-22 11:49:13
1645530586567627000,8.38,1,8.37,3,8.45,3,1,2022-02-22 11:49:46
1645530811841713000,8.4,2,8.37,1,8.38,1,2,2022-02-22 11:53:31
1645530811841713000,8.38,2,8.37,1,8.38,1,2,2022-02-22 11:53:31
1645530871331775000,8.38,1,8.37,1,8.44,1,1,2022-02-22 11:54:31
1645531049791356000,8.39,1,8.37,1,8.44,1,2,2022-02-22 11:57:29
1645531049791356000,8.38,3,8.37,1,8.44,1,2,2022-02-22 11:57:29
1645531195653128000,8.38,3,8.37,2,8.44,1,2,2022-02-22 11:59:55
1645531201612580000,8.38,1,8.38,1,8.44,1,1,2022-02-22 12:00:01
1645531239001259000,8.37,1,8.37,1,8.44,1,2,2022-02-22 12:00:39
1645531250939877000,8.44,1,8.37,1,8.45,4,1,2022-02-22 12:00:50
1645531276490564000,8.45,2,8.38,4,8.45,2,1,2022-02-22 12:01:16
1645531309561681000,8.45,1,8.38,6,8.45,1,1,2022-02-22 12:01:49
1645531355058098000,8.45,2,8.38,6,8.45,1,1,2022-02-22 12:02:35
1645531586167164000,8.4,1,8.39,2,8.45,5,2,2022-02-22 12:06:26
1645531663220931000,8.4,10,8.39,2,8.45,5,2,2022-02-22 12:07:43
1645531772185453000,8.39,2,8.38,1,8.42,1,2,2022-02-22 12:09:32
1645531787605926000,8.4,1,8.39,2,8.44,3,1,2022-02-22 12:09:47
1645531806805170000,8.44,3,8.39,2,8.45,10,1,2022-02-22 12:10:06
1645531826870524000,8.45,4,8.39,5,8.45,6,1,2022-02-22 12:10:26
1645531905715972000,8.45,1,8.4,3,8.45,5,1,2022-02-22 12:11:45
1645531960290021000,8.45,5,8.4,3,8.46,2,1,2022-02-22 12:12:40
1645532083245122000,8.4,3,8.39,5,8.45,4,2,2022-02-22 12:14:43
1645532108432965000,8.45,4,8.39,5,8.49,4,1,2022-02-22 12:15:08
1645532108432965000,8.46,1,8.39,5,8.49,4,1,2022-02-22 12:15:08
1645532108432965000,8.47,4,8.39,5,8.49,4,1,2022-02-22 12:15:08
1645532108432965000,8.48,2,8.39,5,8.49,4,1,2022-02-22 12:15:08
1645532108432965000,8.49,1,8.39,5,8.49,4,1,2022-02-22 12:15:08
1645532121282462000,8.4,5,8.39,5,8.4,10,2,2022-02-22 12:15:21
1645532121304573000,8.39,5,8.37,7,8.4,10,2,2022-02-22 12:15:21
1645532122581932000,8.4,3,8.37,7,8.4,7,1,2022-02-22 12:15:22
1645532123774252000,8.4,5,8.37,7,8.4,2,1,2022-02-22 12:15:23
1645532123800604000,8.4,2,8.37,7,8.48,6,1,2022-02-22 12:15:23
1645532174830815000,8.4,6,8.38,9,8.47,9,2,2022-02-22 12:16:14
1645532249982656000,8.41,5,8.39,4,8.46,3,2,2022-02-22 12:17:29
1645532249982656000,8.4,15,8.39,4,8.46,3,2,2022-02-22 12:17:29
1645532302152079000,8.4,1,8.39,4,8.4,4,2,2022-02-22 12:18:22
1645532306948524000,8.39,1,8.39,3,8.4,4,2,2022-02-22 12:18:26
1645532307338994000,8.4,4,8.4,1,8.42,2,1,2022-02-22 12:18:27
1645532375759966000,8.42,2,8.4,11,8.46,5,1,2022-02-22 12:19:35
1645532403251868000,8.41,1,8.39,3,8.46,5,2,2022-02-22 12:20:03
1645532403251868000,8.4,15,8.39,3,8.46,5,2,2022-02-22 12:20:03
1645532449760075000,8.4,10,8.39,3,8.46,5,2,2022-02-22 12:20:49
1645532578993230000,8.4,5,8.39,3,8.45,8,2,2022-02-22 12:22:58
1645532635310350000,8.4,1,8.39,3,8.4,4,2,2022-02-22 12:23:55
1645532668109177000,8.4,4,8.4,1,8.45,9,1,2022-02-22 12:24:28
1645532681415336000,8.4,1,8.39,3,8.45,9,2,2022-02-22 12:24:41
1645532699947114000,8.39,3,8.38,3,8.4,7,2,2022-02-22 12:24:59
1645532719698380000,8.38,3,8.35,1,8.4,7,2,2022-02-22 12:25:19
1645532719698380000,8.37,2,8.35,1,8.4,7,2,2022-02-22 12:25:19
1645532719698380000,8.36,4,8.35,1,8.4,7,2,2022-02-22 12:25:19
1645532719698380000,8.35,6,8.35,1,8.4,7,2,2022-02-22 12:25:19
1645532754080114000,8.36,2,8.35,2,8.36,3,2,2022-02-22 12:25:54
1645532764667772000,8.36,3,8.35,2,8.4,7,1,2022-02-22 12:26:04
1645532769103816000,8.4,1,8.35,2,8.4,6,1,2022-02-22 12:26:09
1645532773368793000,8.4,1,8.35,2,8.4,5,1,2022-02-22 12:26:13
1645532791476529000,8.4,1,8.35,2,8.4,4,1,2022-02-22 12:26:31
1645532810845838000,8.4,2,8.35,2,8.4,2,1,2022-02-22 12:26:50
1645532810865229000,8.4,2,8.35,2,8.43,3,1,2022-02-22 12:26:50
1645532811502117000,8.4,5,8.35,2,8.42,2,2,2022-02-22 12:26:51
1645532928641491000,8.4,2,8.36,2,8.4,3,1,2022-02-22 12:28:48
1645533027949025000,8.4,3,8.37,30,8.42,7,1,2022-02-22 12:30:27
1645533054109310000,8.4,1,8.36,2,8.42,7,2,2022-02-22 12:30:54
1645533054109310000,8.37,30,8.36,2,8.42,7,2,2022-02-22 12:30:54
1645533081271798000,8.36,2,8.35,2,8.4,5,2,2022-02-22 12:31:21
1645533091883848000,8.36,1,8.35,2,8.36,1,2,2022-02-22 12:31:31
1645533114380411000,8.35,2,8.34,5,8.36,6,2,2022-02-22 12:31:54
1645533222779630000,8.36,1,8.34,5,8.36,5,1,2022-02-22 12:33:42
1645533247075464000,8.36,1,8.34,5,8.36,4,1,2022-02-22 12:34:07
1645533361129078000,8.36,1,8.34,5,8.36,3,1,2022-02-22 12:36:01
1645533390179516000,8.36,3,8.36,2,8.4,5,1,2022-02-22 12:36:30
1645533487572688000,8.36,1,8.36,1,8.38,1,2,2022-02-22 12:38:07
1645533509099099000,8.38,1,8.36,6,8.4,5,1,2022-02-22 12:38:29
1645533516102418000,8.36,6,8.35,7,8.4,5,2,2022-02-22 12:38:36
1645533561427137000,8.36,5,8.35,7,8.38,8,2,2022-02-22 12:39:21
1645533563142506000,8.35,7,8.34,5,8.36,2,2,2022-02-22 12:39:23
1645533578224001000,8.35,5,8.34,5,8.36,2,2,2022-02-22 12:39:38
1645533590221917000,8.35,1,8.34,5,8.35,9,2,2022-02-22 12:39:50
1645533597017243000,8.34,5,8.33,2,8.34,5,2,2022-02-22 12:39:57
1645533613964205000,8.33,2,8.31,4,8.34,5,2,2022-02-22 12:40:13
1645533613964205000,8.32,2,8.31,4,8.34,5,2,2022-02-22 12:40:13
1645533613964205000,8.31,6,8.31,4,8.34,5,2,2022-02-22 12:40:13
1645533627669463000,8.31,5,8.31,1,8.34,5,2,2022-02-22 12:40:27
1645533630157936000,8.31,1,8.28,36,8.34,5,2,2022-02-22 12:40:30
1645533630157936000,8.3,22,8.28,36,8.34,5,2,2022-02-22 12:40:30
1645533630157936000,8.29,13,8.28,36,8.34,5,2,2022-02-22 12:40:30
1645533630157936000,8.28,20,8.28,36,8.34,5,2,2022-02-22 12:40:30
1645533641352687000,8.28,15,8.28,22,8.33,6,2,2022-02-22 12:40:41
1645533646277754000,8.28,20,8.28,3,8.33,9,2,2022-02-22 12:40:46
1645533646314028000,8.28,3,8.27,11,8.33,9,2,2022-02-22 12:40:46
1645533649923455000,8.27,10,8.27,1,8.33,9,2,2022-02-22 12:40:49
1645533664678216000,8.27,1,8.26,25,8.33,9,2,2022-02-22 12:41:04
1645533667021968000,8.26,5,8.26,20,8.32,2,2,2022-02-22 12:41:07
1645533671498426000,8.27,1,8.26,14,8.32,2,2,2022-02-22 12:41:11
1645533671498426000,8.26,5,8.26,14,8.32,2,2,2022-02-22 12:41:11
1645533745211209000,8.32,2,8.32,8,8.33,9,1,2022-02-22 12:42:25
1645533746221533000,8.32,5,8.32,3,8.33,9,2,2022-02-22 12:42:26
1645533748331505000,8.33,1,8.32,3,8.33,8,1,2022-02-22 12:42:28
1645533749838315000,8.32,3,8.29,1,8.3,2,2,2022-02-22 12:42:29
1645533749865122000,8.3,2,8.29,1,8.33,8,1,2022-02-22 12:42:29
1645533758263516000,8.29,1,8.28,14,8.29,1,2,2022-02-22 12:42:38
1645533761573591000,8.29,1,8.28,14,8.33,8,1,2022-02-22 12:42:41
1645533794067670000,8.29,1,8.28,10,8.32,5,2,2022-02-22 12:43:14
1645533794067670000,8.28,4,8.28,10,8.32,5,2,2022-02-22 12:43:14
1645533797296411000,8.28,2,8.28,8,8.32,5,2,2022-02-22 12:43:17
1645533798016693000,8.28,5,8.28,3,8.32,5,2,2022-02-22 12:43:18
1645533819226458000,8.32,5,8.28,3,8.33,8,1,2022-02-22 12:43:39
1645533864497772000,8.29,3,8.28,3,8.29,9,2,2022-02-22 12:44:24
1645533864520334000,8.28,3,8.27,13,8.29,9,2,2022-02-22 12:44:24
1645533866336099000,8.29,5,8.27,13,8.29,4,1,2022-02-22 12:44:26
1645533866781562000,8.29,4,8.27,13,8.31,4,1,2022-02-22 12:44:26
1645533866781562000,8.31,62,8.27,13,8.31,4,1,2022-02-22 12:44:26
1645533888386589000,8.31,3,8.3,10,8.31,1,1,2022-02-22 12:44:48
1645533894075738000,8.3,2,8.3,8,8.31,1,2,2022-02-22 12:44:54
1645533900557952000,8.3,5,8.3,3,8.31,1,2,2022-02-22 12:45:00
1645533970241690000,8.32,2,8.31,1,8.32,8,1,2022-02-22 12:46:10
1645533998468924000,8.32,3,8.31,1,8.32,5,1,2022-02-22 12:46:38
1645534011075267000,8.32,5,8.32,5,8.33,3,1,2022-02-22 12:46:51
1645534016395170000,8.33,3,8.32,5,8.35,3,1,2022-02-22 12:46:56
1645534119190624000,8.34,3,8.34,2,8.35,8,2,2022-02-22 12:48:39
1645534143592653000,8.35,8,8.35,6,8.36,3,1,2022-02-22 12:49:03
1645534148306982000,8.36,3,8.35,12,8.37,3,1,2022-02-22 12:49:08
1645534170939377000,8.37,1,8.37,1,8.4,2,1,2022-02-22 12:49:30
1645534236421953000,8.37,1,8.35,3,8.4,3,2,2022-02-22 12:50:36
1645534236421953000,8.35,3,8.35,3,8.4,3,2,2022-02-22 12:50:36
1645534242646098000,8.35,3,8.34,2,8.39,10,2,2022-02-22 12:50:42
1645534249881319000,8.34,1,8.34,1,8.39,13,2,2022-02-22 12:50:49
1645534265073422000,8.34,1,8.33,1,8.38,5,2,2022-02-22 12:51:05
1645534282202772000,8.33,1,8.32,5,8.36,6,2,2022-02-22 12:51:22
1645534282226325000,8.32,3,8.32,2,8.36,6,2,2022-02-22 12:51:22
1645534282256667000,8.32,2,8.27,12,8.36,6,2,2022-02-22 12:51:22
1645534284561634000,8.27,1,8.27,11,8.36,6,2,2022-02-22 12:51:24
1645534308877588000,8.28,9,8.28,2,8.36,6,2,2022-02-22 12:51:48
1645534315229112000,8.28,1,8.28,2,8.36,6,2,2022-02-22 12:51:55
1645534333261995000,8.28,1,8.28,6,8.36,6,2,2022-02-22 12:52:13
1645534422376404000,8.3,6,8.29,2,8.3,4,1,2022-02-22 12:53:42
1645534422403088000,8.3,4,8.29,2,8.35,2,1,2022-02-22 12:53:42
1645534479322519000,8.3,5,8.29,3,8.35,4,2,2022-02-22 12:54:39
1645534614056959000,8.3,3,8.3,7,8.33,6,2,2022-02-22 12:56:54
1645534616450335000,8.3,5,8.3,2,8.33,6,2,2022-02-22 12:56:56
1645534628484219000,8.3,6,8.3,1,8.33,6,2,2022-02-22 12:57:08
1645534724118952000,8.3,2,8.3,1,8.33,6,2,2022-02-22 12:58:44
1645534804178434000,8.3,1,8.3,7,8.33,6,2,2022-02-22 13:00:04
1645534853069807000,8.33,5,8.3,7,8.33,1,1,2022-02-22 13:00:53
1645534853098394000,8.33,1,8.3,7,8.35,4,1,2022-02-22 13:00:53
1645534895736215000,8.3,4,8.3,3,8.35,4,2,2022-02-22 13:01:35
1645534949469594000,8.3,2,8.3,1,8.33,2,2,2022-02-22 13:02:29
1645534961409904000,8.3,1,8.29,1,8.3,1,2,2022-02-22 13:02:41
1645534989613845000,8.29,2,8.29,4,8.3,5,2,2022-02-22 13:03:09
1645535008205181000,8.29,1,8.29,5,8.3,5,2,2022-02-22 13:03:28
1645535017983016000,8.3,2,8.29,5,8.3,3,1,2022-02-22 13:03:37
1645535043028374000,8.3,3,8.3,1,8.34,2,1,2022-02-22 13:04:03
1645535044954780000,8.3,1,8.28,7,8.29,4,2,2022-02-22 13:04:04
1645535044954780000,8.29,5,8.28,7,8.29,4,2,2022-02-22 13:04:04
1645535064492439000,8.29,2,8.28,7,8.29,2,1,2022-02-22 13:04:24
1645535069080703000,8.28,1,8.28,6,8.29,2,2,2022-02-22 13:04:29
1645535071042605000,8.29,2,8.28,6,8.34,2,1,2022-02-22 13:04:31
1645535140649134000,8.29,2,8.27,8,8.3,1,2,2022-02-22 13:05:40
1645535140649134000,8.28,6,8.27,8,8.3,1,2,2022-02-22 13:05:40
1645535140649134000,8.27,3,8.27,8,8.3,1,2,2022-02-22 13:05:40
1645535294494268000,8.27,2,8.27,6,8.3,1,2,2022-02-22 13:08:14
1645535296413599000,8.27,6,8.26,19,8.27,2,2,2022-02-22 13:08:16
1645535299563213000,8.26,10,8.26,9,8.27,2,2,2022-02-22 13:08:19
1645535299593452000,8.26,9,8.25,1,8.27,2,2,2022-02-22 13:08:19
1645535315948864000,8.25,1,8.22,1,8.3,2,2,2022-02-22 13:08:35
1645535337624899000,8.24,1,8.22,1,8.29,1,2,2022-02-22 13:08:57
1645535350036903000,8.29,1,8.22,1,8.3,7,1,2022-02-22 13:09:10
1645535436855764000,8.28,1,8.26,2,8.29,5,1,2022-02-22 13:10:36
1645535466167444000,8.28,1,8.26,2,8.29,5,1,2022-02-22 13:11:06
1645535521252598000,8.28,1,8.28,1,8.29,5,1,2022-02-22 13:12:01
1645535529838373000,8.28,1,8.26,2,8.29,5,2,2022-02-22 13:12:09
1645535549599835000,8.26,2,8.24,9,8.28,2,2,2022-02-22 13:12:29
1645535549599835000,8.25,6,8.24,9,8.28,2,2,2022-02-22 13:12:29
1645535549599835000,8.24,2,8.24,9,8.28,2,2,2022-02-22 13:12:29
1645535564929749000,8.24,1,8.24,8,8.28,2,2,2022-02-22 13:12:44
1645535598070861000,8.28,2,8.24,8,8.29,4,1,2022-02-22 13:13:18
1645535598070861000,8.29,1,8.24,8,8.29,4,1,2022-02-22 13:13:18
1645535703031759000,8.26,2,8.25,4,8.29,4,2,2022-02-22 13:15:03
1645535724299917000,8.25,1,8.25,4,8.29,4,2,2022-02-22 13:15:24
1645535749101808000,8.25,1,8.25,3,8.29,4,2,2022-02-22 13:15:49
1645535756134531000,8.25,4,8.24,9,8.29,4,2,2022-02-22 13:15:56
1645535756134531000,8.24,1,8.24,9,8.29,4,2,2022-02-22 13:15:56
1645535826566780000,8.25,6,8.22,16,8.28,1,2,2022-02-22 13:17:06
1645535826566780000,8.24,10,8.22,16,8.28,1,2,2022-02-22 13:17:06
1645535851211190000,8.22,10,8.22,6,8.28,4,2,2022-02-22 13:17:31
1645535862278038000,8.22,2,8.22,4,8.28,4,2,2022-02-22 13:17:42
1645535888381421000,8.22,1,8.22,3,8.25,3,2,2022-02-22 13:18:08
1645535891379209000,8.22,1,8.22,2,8.25,3,2,2022-02-22 13:18:11
1645535910341885000,8.22,2,8.21,2,8.22,24,2,2022-02-22 13:18:30
1645535918027137000,8.21,2,8.2,19,8.22,24,2,2022-02-22 13:18:38
1645535918027137000,8.2,3,8.2,19,8.22,24,2,2022-02-22 13:18:38
1645535924776934000,8.2,1,8.2,18,8.22,2,2,2022-02-22 13:18:44
1645535943611171000,8.2,19,8.19,1,8.22,5,2,2022-02-22 13:19:03
1645535943611171000,8.19,11,8.19,1,8.22,5,2,2022-02-22 13:19:03
1645535983512316000,8.19,1,8.18,10,8.19,3,2,2022-02-22 13:19:43
1645535985652804000,8.19,1,8.18,10,8.19,2,1,2022-02-22 13:19:45
1645535986287194000,8.19,1,8.18,10,8.19,1,1,2022-02-22 13:19:46
1645535986307794000,8.19,1,8.18,10,8.22,5,1,2022-02-22 13:19:46
1645536014918679000,8.18,10,8.18,1,8.21,2,2,2022-02-22 13:20:14
1645536014950060000,8.18,1,8.13,1,8.21,2,2,2022-02-22 13:20:14
1645536026552176000,8.13,1,8.1,9,8.21,2,2,2022-02-22 13:20:26
1645536026552176000,8.12,2,8.1,9,8.21,2,2,2022-02-22 13:20:26
1645536026552176000,8.11,2,8.1,9,8.21,2,2,2022-02-22 13:20:26
1645536026552176000,8.1,1,8.1,9,8.21,2,2,2022-02-22 13:20:26
1645536031336109000,8.1,5,8.1,4,8.21,2,2,2022-02-22 13:20:31
1645536038776013000,8.1,2,8.1,3,8.21,2,2,2022-02-22 13:20:38
1645536042135223000,8.11,1,8.1,3,8.21,2,2,2022-02-22 13:20:42
1645536059912158000,8.11,1,8.11,1,8.14,3,2,2022-02-22 13:20:59
1645536081474683000,8.12,1,8.11,9,8.14,3,2,2022-02-22 13:21:21
1645536084686790000,8.14,3,8.11,10,8.21,2,1,2022-02-22 13:21:24
1645536092657020000,8.12,1,8.12,10,8.21,2,2,2022-02-22 13:21:32
1645536128354156000,8.14,1,8.14,2,8.2,8,2,2022-02-22 13:22:08
1645536135870165000,8.15,3,8.13,3,8.2,8,2,2022-02-22 13:22:15
1645536135870165000,8.14,2,8.13,3,8.2,8,2,2022-02-22 13:22:15
1645536172363297000,8.2,3,8.15,1,8.2,6,1,2022-02-22 13:22:52
1645536172384713000,8.2,6,8.15,1,8.21,2,1,2022-02-22 13:22:52
1645536221796143000,8.21,2,8.21,3,8.28,1,1,2022-02-22 13:23:41
1645536231463251000,8.21,1,8.21,2,8.28,1,2,2022-02-22 13:23:51
1645536241679255000,8.21,2,8.21,10,8.28,1,2,2022-02-22 13:24:01
1645536262946274000,8.21,12,8.18,2,8.27,1,2,2022-02-22 13:24:22
1645536273905413000,8.21,3,8.18,2,8.27,1,1,2022-02-22 13:24:33
1645536287634777000,8.24,1,8.21,3,8.26,1,1,2022-02-22 13:24:47
1645536600000000000,8.26,83,8.25,8,8.26,36,1,2022-02-22 13:30:00
