ts,close,volume,bid_price,bid_volume,ask_price,ask_volume,tick_type,datetime
1663750803880039000,40.25,311,40.2,19,40.25,16,1,2022-09-21 09:00:03
1663750804052593000,40.2,1,40.2,18,40.25,16,2,2022-09-21 09:00:04
1663750804597266000,40.2,10,40.2,8,40.25,16,2,2022-09-21 09:00:04
1663750804625314000,40.2,2,40.2,6,40.25,16,2,2022-09-21 09:00:04
1663750804970907000,40.2,1,40.2,5,40.25,16,2,2022-09-21 09:00:04
1663750805122460000,40.2,2,40.2,3,40.25,16,2,2022-09-21 09:00:05
1663750805147801000,40.2,3,40.15,5,40.25,16,2,2022-09-21 09:00:05
1663750805405137000,40.25,1,40.2,2,40.25,15,1,2022-09-21 09:00:05
1663750805435352000,40.25,15,40.2,2,40.3,18,1,2022-09-21 09:00:05
1663750805441696000,40.2,2,40.15,5,40.3,18,2,2022-09-21 09:00:05
1663750805842495000,40.15,2,40.15,3,40.3,18,2,2022-09-21 09:00:05
1663750805876495000,40.3,18,40.15,3,40.35,3,1,2022-09-21 09:00:05
1663750805898222000,40.35,2,40.15,3,40.35,1,1,2022-09-21 09:00:05
1663750806621742000,40.2,1,40.2,4,40.35,1,2,2022-09-21 09:00:06
1663750806667628000,40.2,4,40.15,3,40.35,1,2,2022-09-21 09:00:06
1663750807208263000,40.25,1,40.15,2,40.35,1,1,2022-09-21 09:00:07
1663750807235500000,40.35,1,40.15,2,40.4,1,1,2022-09-21 09:00:07
1663750807235500000,40.4,1,40.15,2,40.4,1,1,2022-09-21 09:00:07
1663750807287155000,40.15,1,40.15,2,40.4,1,2,2022-09-21 09:00:07
1663750808264127000,40.4,1,40.35,4,40.5,13,1,2022-09-21 09:00:08
1663750808388019000,40.5,1,40.35,4,40.5,13,1,2022-09-21 09:00:08
1663750809462866000,40.4,1,40.35,4,40.4,3,1,2022-09-21 09:00:09
1663750810508298000,40.35,2,40.35,4,40.4,5,2,2022-09-21 09:00:10
1663750810641239000,40.4,5,40.35,4,40.45,2,1,2022-09-21 09:00:10
1663750810658549000,40.45,2,40.35,4,40.5,9,1,2022-09-21 09:00:10
1663750810658549000,40.5,3,40.35,4,40.5,9,1,2022-09-21 09:00:10
1663750810863657000,40.35,2,40.35,2,40.5,9,2,2022-09-21 09:00:10
1663750810888105000,40.35,2,40.25,6,40.5,9,2,2022-09-21 09:00:10
1663750811474598000,40.45,3,40.3,1,40.5,2,1,2022-09-21 09:00:11
1663750811474598000,40.5,7,40.3,1,40.5,2,1,2022-09-21 09:00:11
1663750811849579000,40.5,2,40.3,5,40.65,2,1,2022-09-21 09:00:11
1663750811849579000,40.55,10,40.3,5,40.65,2,1,2022-09-21 09:00:11
1663750811849579000,40.6,4,40.3,5,40.65,2,1,2022-09-21 09:00:11
1663750811849579000,40.65,4,40.3,5,40.65,2,1,2022-09-21 09:00:11
1663750811944249000,40.6,1,40.35,2,40.65,1,1,2022-09-21 09:00:11
1663750811944249000,40.65,1,40.35,2,40.65,1,1,2022-09-21 09:00:11
1663750812483925000,40.65,1,40.4,6,40.7,40,1,2022-09-21 09:00:12
1663750812483925000,40.7,1,40.4,6,40.7,40,1,2022-09-21 09:00:12
1663750812564498000,40.55,4,40.55,6,40.7,40,2,2022-09-21 09:00:12
1663750812734557000,40.7,5,40.55,6,40.7,35,1,2022-09-21 09:00:12
1663750812989224000,40.55,1,40.55,5,40.7,35,2,2022-09-21 09:00:12
1663750813108029000,40.7,10,40.55,5,40.7,25,1,2022-09-21 09:00:13
1663750813189945000,40.7,1,40.55,5,40.7,24,1,2022-09-21 09:00:13
1663750813522708000,40.65,2,40.65,9,40.7,24,2,2022-09-21 09:00:13
1663750813624081000,40.65,9,40.45,3,40.5,1,2,2022-09-21 09:00:13
1663750813624081000,40.55,5,40.45,3,40.5,1,2,2022-09-21 09:00:13
1663750813657371000,40.5,1,40.45,3,40.7,24,1,2022-09-21 09:00:13
1663750813933599000,40.65,1,40.5,1,40.65,1,1,2022-09-21 09:00:13
1663750813933599000,40.7,2,40.5,1,40.65,1,1,2022-09-21 09:00:13
1663750814015994000,40.7,1,40.5,5,40.7,21,1,2022-09-21 09:00:14
1663750814434351000,40.65,2,40.5,2,40.7,20,1,2022-09-21 09:00:14
1663750814434351000,40.7,1,40.5,2,40.7,20,1,2022-09-21 09:00:14
1663750815350328000,40.55,2,40.5,4,40.7,20,2,2022-09-21 09:00:15
1663750815350328000,40.5,1,40.5,4,40.7,20,2,2022-09-21 09:00:15
1663750815451732000,40.7,1,40.5,4,40.7,19,1,2022-09-21 09:00:15
1663750815615074000,40.7,5,40.5,4,40.7,14,1,2022-09-21 09:00:15
1663750816113594000,40.65,1,40.5,2,40.7,14,1,2022-09-21 09:00:16
1663750816532354000,40.6,1,40.5,2,40.6,4,2,2022-09-21 09:00:16
1663750816716127000,40.6,1,40.55,2,40.6,3,1,2022-09-21 09:00:16
1663750816839134000,40.55,1,40.55,2,40.6,3,2,2022-09-21 09:00:16
1663750816978083000,40.6,2,40.55,1,40.6,1,1,2022-09-21 09:00:16
1663750817112431000,40.6,1,40.55,8,40.65,1,1,2022-09-21 09:00:17
1663750817112431000,40.65,1,40.55,8,40.65,1,1,2022-09-21 09:00:17
1663750817200549000,40.65,1,40.55,18,40.65,1,1,2022-09-21 09:00:17
1663750817838916000,40.7,4,40.55,18,40.7,5,1,2022-09-21 09:00:17
1663750817992519000,40.6,1,40.55,18,40.6,1,1,2022-09-21 09:00:17
1663750818037069000,40.55,1,40.55,17,40.6,1,2,2022-09-21 09:00:18
1663750818219758000,40.6,1,40.55,17,40.7,5,1,2022-09-21 09:00:18
1663750819089241000,40.65,1,40.55,19,40.65,1,1,2022-09-21 09:00:19
1663750819350643000,40.55,3,40.55,16,40.65,3,2,2022-09-21 09:00:19
1663750819402991000,40.65,2,40.55,16,40.65,3,1,2022-09-21 09:00:19
1663750819694164000,40.65,1,40.55,16,40.8,4,1,2022-09-21 09:00:19
1663750819694164000,40.7,6,40.55,16,40.8,4,1,2022-09-21 09:00:19
1663750819694164000,40.75,4,40.55,16,40.8,4,1,2022-09-21 09:00:19
1663750819694164000,40.8,9,40.55,16,40.8,4,1,2022-09-21 09:00:19
1663750819777586000,40.6,1,40.55,14,40.75,1,2,2022-09-21 09:00:19
1663750819777586000,40.55,2,40.55,14,40.75,1,2,2022-09-21 09:00:19
1663750820293647000,40.55,10,40.55,4,40.65,2,2,2022-09-21 09:00:20
1663750821045601000,40.6,4,40.55,3,40.65,2,2,2022-09-21 09:00:21
1663750821045601000,40.55,1,40.55,3,40.65,2,2,2022-09-21 09:00:21
1663750821047157000,40.55,3,40.5,6,40.65,2,2,2022-09-21 09:00:21
1663750821728023000,40.55,1,40.5,6,40.55,2,1,2022-09-21 09:00:21
1663750821753473000,40.55,1,40.5,6,40.55,1,1,2022-09-21 09:00:21
1663750821949139000,40.55,3,40.5,6,40.55,6,1,2022-09-21 09:00:21
1663750822245001000,40.5,1,40.5,5,40.55,3,2,2022-09-21 09:00:22
1663750822247284000,40.55,1,40.5,5,40.55,2,1,2022-09-21 09:00:22
1663750822778491000,40.5,1,40.5,4,40.55,2,2,2022-09-21 09:00:22
1663750822807694000,40.5,4,40.4,5,40.55,2,2,2022-09-21 09:00:22
1663750822981930000,40.55,1,40.4,5,40.55,1,1,2022-09-21 09:00:22
1663750823055239000,40.4,5,40.35,3,40.55,1,2,2022-09-21 09:00:23
1663750823240820000,40.5,1,40.35,3,40.55,1,2,2022-09-21 09:00:23
1663750823368626000,40.35,2,40.5,1,40.55,1,2,2022-09-21 09:00:23
1663750823645417000,40.35,1,40.3,5,40.55,1,2,2022-09-21 09:00:23
1663750823645417000,40.3,1,40.3,5,40.55,1,2,2022-09-21 09:00:23
1663750823663296000,40.3,1,40.3,4,40.55,1,2,2022-09-21 09:00:23
1663750823670279000,40.3,1,40.3,3,40.55,1,2,2022-09-21 09:00:23
1663750823707209000,40.5,1,40.35,1,40.55,1,1,2022-09-21 09:00:23
1663750823784825000,40.5,1,40.35,5,40.55,1,2,2022-09-21 09:00:23
1663750823890943000,40.55,1,40.35,5,40.6,2,1,2022-09-21 09:00:23
1663750823890943000,40.6,2,40.35,5,40.6,2,1,2022-09-21 09:00:23
1663750823962146000,40.55,1,40.55,1,40.6,2,2,2022-09-21 09:00:23
1663750824582279000,40.45,1,40.35,1,40.5,25,1,2022-09-21 09:00:24
1663750824639909000,40.35,1,40.3,3,40.5,25,2,2022-09-21 09:00:24
1663750824878974000,40.3,1,40.3,2,40.5,25,2,2022-09-21 09:00:24
1663750825954375000,40.3,2,40.3,2,40.4,1,2,2022-09-21 09:00:25
1663750825954375000,40.25,3,40.3,2,40.4,1,2,2022-09-21 09:00:25
1663750826001288000,40.25,2,40.25,4,40.4,2,2,2022-09-21 09:00:26
1663750826022799000,40.25,4,40.2,17,40.4,2,2,2022-09-21 09:00:26
1663750826343807000,40.4,1,40.2,17,40.4,2,1,2022-09-21 09:00:26
1663750826384500000,40.35,1,40.2,17,40.4,1,1,2022-09-21 09:00:26
1663750826384500000,40.4,1,40.2,17,40.4,1,1,2022-09-21 09:00:26
1663750826453712000,40.2,17,40.2,17,40.35,1,2,2022-09-21 09:00:26
1663750826578103000,40.2,1,40.15,4,40.2,2,1,2022-09-21 09:00:26
1663750826685874000,40.15,2,40.15,2,40.2,2,2,2022-09-21 09:00:26
1663750826710029000,40.15,2,40.1,3,40.2,2,2,2022-09-21 09:00:26
1663750828186985000,40.2,2,40.1,3,40.2,1,1,2022-09-21 09:00:28
1663750828212222000,40.1,2,40.1,1,40.2,1,2,2022-09-21 09:00:28
1663750828481054000,40.2,1,40.1,3,40.2,3,1,2022-09-21 09:00:28
1663750828481054000,40.3,3,40.1,3,40.2,3,1,2022-09-21 09:00:28
1663750830269216000,40.15,2,40.15,1,40.25,3,2,2022-09-21 09:00:30
1663750830440852000,40.25,2,40.15,1,40.25,1,1,2022-09-21 09:00:30
1663750831067398000,40.25,1,40.2,1,40.3,4,1,2022-09-21 09:00:31
1663750831330668000,40.3,4,40.2,1,40.45,1,1,2022-09-21 09:00:31
1663750831330668000,40.35,8,40.2,1,40.45,1,1,2022-09-21 09:00:31
1663750831330668000,40.4,5,40.2,1,40.45,1,1,2022-09-21 09:00:31
1663750831330668000,40.45,3,40.2,1,40.45,1,1,2022-09-21 09:00:31
1663750831711893000,40.25,1,40.2,1,40.35,5,2,2022-09-21 09:00:31
1663750832245338000,40.35,3,40.2,3,40.35,2,1,2022-09-21 09:00:32
1663750832623683000,40.25,1,40.2,4,40.35,2,2,2022-09-21 09:00:32
1663750832623683000,40.2,1,40.2,4,40.35,2,2,2022-09-21 09:00:32
1663750832802678000,40.2,1,40.2,3,40.35,2,2,2022-09-21 09:00:32
1663750833059306000,40.25,1,40.2,3,40.35,2,2,2022-09-21 09:00:33
1663750833083650000,40.2,1,40.2,2,40.35,2,2,2022-09-21 09:00:33
1663750833165908000,40.35,1,40.2,2,40.35,1,1,2022-09-21 09:00:33
1663750833468440000,40.2,1,40.2,7,40.35,1,2,2022-09-21 09:00:33
1663750833494344000,40.35,1,40.2,6,40.4,2,1,2022-09-21 09:00:33
1663750834687506000,40.25,1,40.25,5,40.4,2,2,2022-09-21 09:00:34
1663750835343518000,40.4,1,40.3,1,40.4,1,1,2022-09-21 09:00:35
1663750835450180000,40.35,1,40.3,1,40.4,1,1,2022-09-21 09:00:35
1663750835709334000,40.3,1,40.25,6,40.4,2,2,2022-09-21 09:00:35
1663750835786130000,40.4,2,40.25,6,40.45,10,1,2022-09-21 09:00:35
1663750836037808000,40.25,1,40.25,2,40.5,26,2,2022-09-21 09:00:36
1663750837371944000,40.3,2,40.25,5,40.45,3,2,2022-09-21 09:00:37
1663750838491464000,40.35,1,40.3,3,40.4,2,2,2022-09-21 09:00:38
1663750838620191000,40.4,2,40.3,3,40.45,3,1,2022-09-21 09:00:38
1663750838654733000,40.45,2,40.3,3,40.45,1,1,2022-09-21 09:00:38
1663750838903876000,40.35,1,40.3,3,40.45,1,1,2022-09-21 09:00:38
1663750838973864000,40.45,1,40.3,3,40.35,1,1,2022-09-21 09:00:38
1663750838973864000,40.5,1,40.3,3,40.35,1,1,2022-09-21 09:00:38
1663750839755390000,40.4,1,40.3,3,40.5,26,1,2022-09-21 09:00:39
1663750839849993000,40.3,3,40.3,4,40.5,26,2,2022-09-21 09:00:39
1663750841346520000,40.35,1,40.25,6,40.4,2,2,2022-09-21 09:00:41
1663750841346520000,40.3,8,40.25,6,40.4,2,2,2022-09-21 09:00:41
1663750841346520000,40.25,3,40.25,6,40.4,2,2,2022-09-21 09:00:41
1663750841384615000,40.4,1,40.25,6,40.4,1,1,2022-09-21 09:00:41
1663750841464281000,40.35,1,40.35,1,40.4,1,2,2022-09-21 09:00:41
1663750841538469000,40.35,4,40.25,6,40.4,1,2,2022-09-21 09:00:41
1663750841806809000,40.4,1,40.25,9,40.4,1,1,2022-09-21 09:00:41
1663750844652533000,40.4,1,40.3,5,40.4,10,1,2022-09-21 09:00:44
1663750844708926000,40.4,1,40.3,5,40.4,11,1,2022-09-21 09:00:44
1663750845253649000,40.3,1,40.3,4,40.4,9,2,2022-09-21 09:00:45
1663750845534366000,40.35,1,40.3,4,40.4,10,1,2022-09-21 09:00:45
1663750845534366000,40.4,1,40.3,4,40.4,10,1,2022-09-21 09:00:45
1663750845620006000,40.4,1,40.3,5,40.4,9,1,2022-09-21 09:00:45
1663750845952722000,40.35,1,40.3,5,40.35,5,1,2022-09-21 09:00:45
1663750846543538000,40.35,1,40.3,5,40.35,3,1,2022-09-21 09:00:46
1663750846575348000,40.3,5,40.25,3,40.35,3,2,2022-09-21 09:00:46
1663750846575348000,40.25,3,40.25,3,40.35,3,2,2022-09-21 09:00:46
1663750846819835000,40.3,3,40.2,27,40.35,3,2,2022-09-21 09:00:46
1663750846913305000,40.35,3,40.2,27,40.4,10,1,2022-09-21 09:00:46
1663750846913305000,40.4,1,40.2,27,40.4,10,1,2022-09-21 09:00:46
1663750846960873000,40.4,1,40.3,3,40.35,3,1,2022-09-21 09:00:46
1663750847171055000,40.2,1,40.2,26,40.4,9,2,2022-09-21 09:00:47
1663750847215230000,40.2,2,40.2,24,40.4,9,2,2022-09-21 09:00:47
1663750847219543000,40.4,2,40.2,24,40.4,7,1,2022-09-21 09:00:47
1663750847418738000,40.4,2,40.2,24,40.4,5,1,2022-09-21 09:00:47
1663750847655382000,40.4,5,40.2,24,40.45,8,1,2022-09-21 09:00:47
1663750847655382000,40.45,5,40.2,24,40.45,8,1,2022-09-21 09:00:47
1663750848894087000,40.35,2,40.35,3,40.4,4,2,2022-09-21 09:00:48
1663750848931406000,40.35,3,40.35,3,40.4,4,2,2022-09-21 09:00:48
1663750849312134000,40.4,1,40.3,2,40.4,3,1,2022-09-21 09:00:49
1663750849926281000,40.3,2,40.3,2,40.35,1,2,2022-09-21 09:00:49
1663750850233534000,40.3,2,40.25,5,40.4,3,1,2022-09-21 09:00:50
1663750850233534000,40.35,1,40.25,5,40.4,3,1,2022-09-21 09:00:50
1663750850233534000,40.4,2,40.25,5,40.4,3,1,2022-09-21 09:00:50
1663750850331337000,40.35,2,40.25,5,40.35,2,1,2022-09-21 09:00:50
1663750850519074000,40.35,2,40.35,1,40.4,3,2,2022-09-21 09:00:50
1663750850560427000,40.35,1,40.25,5,40.4,3,2,2022-09-21 09:00:50
1663750850939785000,40.3,1,40.25,5,40.3,3,1,2022-09-21 09:00:50
1663750851006866000,40.3,3,40.3,7,40.35,3,1,2022-09-21 09:00:51
1663750851232293000,40.35,1,40.3,7,40.35,2,1,2022-09-21 09:00:51
1663750851681936000,40.3,1,40.3,6,40.35,2,2,2022-09-21 09:00:51
1663750851890180000,40.35,1,40.3,6,40.35,1,1,2022-09-21 09:00:51
1663750852288243000,40.35,1,40.3,8,40.4,9,1,2022-09-21 09:00:52
1663750852292686000,40.3,1,40.3,7,40.4,9,2,2022-09-21 09:00:52
1663750852499019000,40.4,9,40.35,1,40.45,9,1,2022-09-21 09:00:52
1663750852499019000,40.45,1,40.35,1,40.45,9,1,2022-09-21 09:00:52
1663750853992808000,40.35,1,40.35,5,40.45,9,2,2022-09-21 09:00:53
1663750856219133000,40.4,1,40.35,15,40.4,1,1,2022-09-21 09:00:56
1663750856581913000,40.35,5,40.35,10,40.4,1,2,2022-09-21 09:00:56
1663750856591025000,40.35,3,40.35,7,40.4,1,2,2022-09-21 09:00:56
1663750857018320000,40.4,2,40.35,7,40.45,27,1,2022-09-21 09:00:57
1663750857018320000,40.45,3,40.35,7,40.45,27,1,2022-09-21 09:00:57
1663750857519471000,40.35,1,40.35,6,40.4,1,2,2022-09-21 09:00:57
1663750858056263000,40.35,16,40.3,6,40.4,1,2,2022-09-21 09:00:58
1663750858056263000,40.3,4,40.3,6,40.4,1,2,2022-09-21 09:00:58
1663750858736806000,40.35,1,40.3,6,40.45,28,1,2022-09-21 09:00:58
1663750858736806000,40.4,1,40.3,6,40.45,28,1,2022-09-21 09:00:58
1663750859444389000,40.4,5,40.3,6,40.45,28,2,2022-09-21 09:00:59
1663750860118920000,40.35,1,40.3,6,40.4,1,2,2022-09-21 09:01:00
1663750860671025000,40.4,1,40.3,6,40.4,1,1,2022-09-21 09:01:00
1663750860727205000,40.4,1,40.4,2,40.45,28,1,2022-09-21 09:01:00
1663750860910447000,40.4,2,40.3,5,40.45,28,2,2022-09-21 09:01:00
1663750860910447000,40.3,1,40.3,5,40.45,28,2,2022-09-21 09:01:00
1663750861945611000,40.45,5,40.4,1,40.45,23,1,2022-09-21 09:01:01
1663750862965832000,40.4,1,40.35,1,40.45,23,2,2022-09-21 09:01:02
1663750864105106000,40.35,1,40.35,3,40.4,3,2,2022-09-21 09:01:04
1663750864424588000,40.4,3,40.35,3,40.45,21,1,2022-09-21 09:01:04
1663750864424588000,40.45,2,40.35,3,40.45,21,1,2022-09-21 09:01:04
1663750865452211000,40.35,1,40.35,2,40.45,26,2,2022-09-21 09:01:05
1663750865699750000,40.35,1,40.35,1,40.4,2,2,2022-09-21 09:01:05
1663750866504042000,40.4,1,40.35,3,40.4,2,1,2022-09-21 09:01:06
1663750866538576000,40.35,1,40.35,2,40.4,1,2,2022-09-21 09:01:06
1663750869129879000,40.4,2,40.35,3,40.4,2,1,2022-09-21 09:01:09
1663750869232423000,40.35,2,40.35,1,40.4,2,2,2022-09-21 09:01:09
1663750872996078000,40.35,1,40.35,11,40.4,9,2,2022-09-21 09:01:12
1663750873368022000,40.4,1,40.35,11,40.4,9,1,2022-09-21 09:01:13
1663750873731317000,40.35,6,40.35,5,40.4,8,2,2022-09-21 09:01:13
1663750874746962000,40.4,3,40.35,11,40.4,5,1,2022-09-21 09:01:14
1663750875690661000,40.35,1,40.35,11,40.4,15,2,2022-09-21 09:01:15
1663750876165664000,40.35,1,40.35,12,40.4,17,2,2022-09-21 09:01:16
1663750876906445000,40.35,1,40.35,10,40.4,17,2,2022-09-21 09:01:16
1663750877741908000,40.35,2,40.35,12,40.4,19,2,2022-09-21 09:01:17
1663750878143924000,40.35,1,40.35,11,40.4,19,2,2022-09-21 09:01:18
1663750878425842000,40.35,1,40.35,10,40.4,19,2,2022-09-21 09:01:18
1663750878684300000,40.35,1,40.35,13,40.4,19,2,2022-09-21 09:01:18
1663750879197241000,40.4,3,40.35,14,40.4,16,1,2022-09-21 09:01:19
1663750879505833000,40.35,1,40.35,15,40.4,16,2,2022-09-21 09:01:19
1663750879777172000,40.35,5,40.35,9,40.4,16,2,2022-09-21 09:01:19
1663750879985734000,40.35,3,40.35,14,40.4,16,2,2022-09-21 09:01:19
1663750880391002000,40.4,5,40.35,6,40.4,16,1,2022-09-21 09:01:20
1663750880648068000,40.35,1,40.35,5,40.4,11,2,2022-09-21 09:01:20
1663750880686813000,40.35,1,40.35,4,40.4,11,2,2022-09-21 09:01:20
1663750880741744000,40.35,2,40.35,2,40.4,11,2,2022-09-21 09:01:20
1663750881047068000,40.35,2,40.3,26,40.35,6,2,2022-09-21 09:01:21
1663750881579350000,40.35,1,40.3,26,40.35,8,1,2022-09-21 09:01:21
1663750881949839000,40.35,1,40.3,26,40.35,7,1,2022-09-21 09:01:21
1663750882011302000,40.35,3,40.3,26,40.35,9,1,2022-09-21 09:01:22
1663750883267230000,40.35,1,40.3,26,40.35,3,1,2022-09-21 09:01:23
1663750884127804000,40.3,1,40.3,25,40.35,4,2,2022-09-21 09:01:24
1663750885292803000,40.35,4,40.3,25,40.4,10,1,2022-09-21 09:01:25
1663750885292803000,40.4,6,40.3,25,40.4,10,1,2022-09-21 09:01:25
1663750885946183000,40.3,2,40.3,25,40.35,1,2,2022-09-21 09:01:25
1663750887162474000,40.35,1,40.3,23,40.35,1,1,2022-09-21 09:01:27
1663750888145588000,40.3,3,40.3,20,40.35,1,2,2022-09-21 09:01:28
1663750888145762000,40.3,2,40.3,18,40.35,1,2,2022-09-21 09:01:28
1663750888766543000,40.35,1,40.3,17,40.4,9,1,2022-09-21 09:01:28
1663750889617355000,40.35,1,40.35,1,40.4,9,1,2022-09-21 09:01:29
1663750889637478000,40.35,1,40.3,17,40.4,9,2,2022-09-21 09:01:29
1663750890490742000,40.35,1,40.3,18,40.4,8,1,2022-09-21 09:01:30
1663750890490742000,40.4,1,40.3,18,40.4,8,1,2022-09-21 09:01:30
1663750891678421000,40.3,1,40.3,17,40.4,8,2,2022-09-21 09:01:31
1663750892078441000,40.3,1,40.3,16,40.4,8,2,2022-09-21 09:01:32
1663750892106805000,40.3,16,40.25,6,40.4,8,2,2022-09-21 09:01:32
1663750892411767000,40.25,1,40.25,5,40.4,28,2,2022-09-21 09:01:32
1663750892435169000,40.25,5,40.2,31,40.4,28,2,2022-09-21 09:01:32
1663750892448008000,40.2,4,40.2,27,40.4,28,2,2022-09-21 09:01:32
1663750892495362000,40.3,2,40.2,27,40.4,28,2,2022-09-21 09:01:32
1663750892533917000,40.2,1,40.2,26,40.4,28,2,2022-09-21 09:01:32
1663750892599124000,40.2,3,40.2,23,40.4,28,2,2022-09-21 09:01:32
1663750892602118000,40.2,5,40.2,18,40.4,28,2,2022-09-21 09:01:32
1663750892627825000,40.2,18,40.15,4,40.4,28,2,2022-09-21 09:01:32
1663750893041344000,40.2,1,40.15,4,40.35,1,2,2022-09-21 09:01:33
1663750893521365000,40.3,5,40.15,4,40.35,1,2,2022-09-21 09:01:33
1663750893537499000,40.15,4,40.0,29,40.35,1,2,2022-09-21 09:01:33
1663750893537499000,40.1,7,40.0,29,40.35,1,2,2022-09-21 09:01:33
1663750893537499000,40.05,3,40.0,29,40.35,1,2,2022-09-21 09:01:33
1663750893537499000,40.0,6,40.0,29,40.35,1,2,2022-09-21 09:01:33
1663750893573235000,40.0,2,40.0,27,40.3,1,2,2022-09-21 09:01:33
1663750893705104000,40.05,1,40.0,26,40.25,1,2,2022-09-21 09:01:33
1663750893705104000,40.0,1,40.0,26,40.25,1,2,2022-09-21 09:01:33
1663750894021554000,40.0,17,40.0,9,40.25,1,2,2022-09-21 09:01:34
1663750894216987000,40.15,1,40.0,7,40.25,1,2,2022-09-21 09:01:34
1663750894216987000,40.0,2,40.0,7,40.25,1,2,2022-09-21 09:01:34
1663750894250357000,40.0,7,39.95,1,40.25,1,2,2022-09-21 09:01:34
1663750894466880000,39.95,1,39.85,1,40.15,1,2,2022-09-21 09:01:34
1663750894466880000,39.9,9,39.85,1,40.15,1,2,2022-09-21 09:01:34
1663750894530115000,39.85,1,39.8,17,40.0,1,2,2022-09-21 09:01:34
1663750894546700000,40.0,1,39.8,17,40.15,1,1,2022-09-21 09:01:34
1663750894621968000,40.0,1,39.8,17,39.85,1,2,2022-09-21 09:01:34
1663750894647004000,39.85,1,39.8,17,40.15,1,1,2022-09-21 09:01:34
1663750894867120000,39.85,4,39.8,11,40.1,1,2,2022-09-21 09:01:34
1663750894867120000,39.8,6,39.8,11,40.1,1,2,2022-09-21 09:01:34
1663750895200995000,40.1,1,39.8,11,40.1,3,1,2022-09-21 09:01:35
1663750895262191000,39.8,11,39.65,4,40.1,3,2,2022-09-21 09:01:35
1663750895262191000,39.75,9,39.65,4,40.1,3,2,2022-09-21 09:01:35
1663750895310946000,39.85,1,39.65,4,39.95,1,2,2022-09-21 09:01:35
1663750896847998000,39.75,1,39.7,3,39.9,1,2,2022-09-21 09:01:36
1663750896888483000,39.7,1,39.75,1,39.9,1,2,2022-09-21 09:01:36
1663750897023443000,39.7,1,39.7,1,39.8,13,2,2022-09-21 09:01:37
1663750897202354000,39.7,1,39.65,4,39.8,13,2,2022-09-21 09:01:37
1663750897468321000,39.65,1,39.65,3,39.8,13,2,2022-09-21 09:01:37
1663750897495332000,39.65,3,39.6,9,39.8,13,2,2022-09-21 09:01:37
1663750897559554000,39.6,1,39.6,8,39.8,13,2,2022-09-21 09:01:37
1663750898131110000,39.8,1,39.6,8,39.8,12,1,2022-09-21 09:01:38
1663750898447408000,39.6,8,39.5,13,39.7,1,2,2022-09-21 09:01:38
1663750898447408000,39.55,1,39.5,13,39.7,1,2,2022-09-21 09:01:38
1663750898555256000,39.7,1,39.5,13,39.7,4,1,2022-09-21 09:01:38
1663750898652094000,39.55,1,39.5,13,39.7,1,2,2022-09-21 09:01:38
1663750899312682000,39.5,8,39.5,5,39.65,3,2,2022-09-21 09:01:39
1663750899342256000,39.5,5,39.45,1,39.65,3,2,2022-09-21 09:01:39
1663750899382146000,39.6,1,39.45,1,39.6,12,1,2022-09-21 09:01:39
1663750899489108000,39.45,1,39.3,1,39.4,3,2,2022-09-21 09:01:39
1663750899525073000,39.35,2,39.3,1,39.4,6,1,2022-09-21 09:01:39
1663750899525073000,39.4,1,39.3,1,39.4,6,1,2022-09-21 09:01:39
1663750899525720000,39.4,3,39.3,1,39.4,3,1,2022-09-21 09:01:39
1663750899583891000,39.3,1,39.2,3,39.35,1,2,2022-09-21 09:01:39
1663750899583891000,39.25,1,39.2,3,39.35,1,2,2022-09-21 09:01:39
1663750899599612000,39.35,1,39.4,1,39.6,12,1,2022-09-21 09:01:39
1663750899599612000,39.4,3,39.4,1,39.6,12,1,2022-09-21 09:01:39
1663750899851435000,39.4,1,39.35,1,39.6,12,2,2022-09-21 09:01:39
1663750899851435000,39.35,1,39.35,1,39.6,12,2,2022-09-21 09:01:39
1663750900240884000,39.4,1,39.0,10,39.55,3,2,2022-09-21 09:01:40
1663750900240884000,39.35,1,39.0,10,39.55,3,2,2022-09-21 09:01:40
1663750900240884000,39.2,3,39.0,10,39.55,3,2,2022-09-21 09:01:40
1663750900240884000,39.1,16,39.0,10,39.55,3,2,2022-09-21 09:01:40
1663750900240884000,39.05,1,39.0,10,39.55,3,2,2022-09-21 09:01:40
1663750900240884000,39.0,28,39.0,10,39.55,3,2,2022-09-21 09:01:40
1663750900521984000,39.05,3,39.0,10,39.05,1,2,2022-09-21 09:01:40
1663750900553335000,39.05,1,39.0,10,39.45,4,1,2022-09-21 09:01:40
1663750900554186000,39.0,1,39.0,9,39.45,4,2,2022-09-21 09:01:40
1663750900554260000,39.0,1,39.0,8,39.45,4,2,2022-09-21 09:01:40
1663750900554870000,39.0,2,39.0,6,39.45,4,2,2022-09-21 09:01:40
1663750900578165000,39.0,6,38.8,12,39.45,4,2,2022-09-21 09:01:40
1663750900707459000,39.4,4,39.3,1,39.5,6,1,2022-09-21 09:01:40
1663750900920449000,39.5,3,39.3,2,39.5,3,1,2022-09-21 09:01:40
1663750901136369000,39.3,1,39.3,1,39.5,3,2,2022-09-21 09:01:41
1663750901179711000,39.3,3,38.8,14,39.5,7,2,2022-09-21 09:01:41
1663750901462947000,39.05,1,39.05,1,39.45,6,2,2022-09-21 09:01:41
1663750901966252000,39.25,1,39.05,1,39.25,2,1,2022-09-21 09:01:41
1663750902319925000,39.25,2,39.05,1,39.35,2,1,2022-09-21 09:01:42
1663750902319925000,39.35,3,39.05,1,39.35,2,1,2022-09-21 09:01:42
1663750902540836000,39.3,1,39.1,3,39.4,2,1,2022-09-21 09:01:42
1663750902721568000,39.45,1,39.15,3,39.45,4,1,2022-09-21 09:01:42
1663750902784594000,39.15,3,38.9,7,39.45,4,2,2022-09-21 09:01:42
1663750902784594000,39.1,3,38.9,7,39.45,4,2,2022-09-21 09:01:42
1663750902784594000,39.05,1,38.9,7,39.45,4,2,2022-09-21 09:01:42
1663750902784594000,39.0,2,38.9,7,39.45,4,2,2022-09-21 09:01:42
1663750902879247000,38.95,1,38.95,2,39.35,1,2,2022-09-21 09:01:42
1663750903494091000,39.3,3,39.05,3,39.3,7,1,2022-09-21 09:01:43
1663750903836678000,39.05,2,39.05,3,39.25,3,2,2022-09-21 09:01:43
1663750903975899000,39.05,1,38.9,10,39.25,3,2,2022-09-21 09:01:43
1663750903975899000,38.95,1,38.9,10,39.25,3,2,2022-09-21 09:01:43
1663750904524241000,39.0,1,38.95,2,39.2,2,2,2022-09-21 09:01:44
1663750904524241000,38.95,4,38.95,2,39.2,2,2,2022-09-21 09:01:44
1663750904851982000,38.9,1,38.9,7,39.2,2,2,2022-09-21 09:01:44
1663750905064100000,38.9,1,38.9,5,39.2,4,2,2022-09-21 09:01:45
1663750905161357000,38.95,1,38.9,5,39.15,1,2,2022-09-21 09:01:45
1663750905266566000,39.1,1,39.05,2,39.15,1,1,2022-09-21 09:01:45
1663750905291367000,39.05,1,39.05,1,39.15,1,2,2022-09-21 09:01:45
1663750906404054000,39.05,1,38.9,5,39.1,13,2,2022-09-21 09:01:46
1663750907329527000,38.95,1,38.9,4,39.0,1,1,2022-09-21 09:01:47
1663750907392061000,38.95,3,38.9,4,39.0,1,1,2022-09-21 09:01:47
1663750907397022000,38.9,4,38.85,1,39.0,1,2,2022-09-21 09:01:47
1663750907397022000,38.85,3,38.85,1,39.0,1,2,2022-09-21 09:01:47
1663750907494781000,39.0,1,38.95,19,39.1,10,1,2022-09-21 09:01:47
1663750908312392000,39.05,1,39.0,3,39.1,5,1,2022-09-21 09:01:48
1663750908312392000,39.1,5,39.0,3,39.1,5,1,2022-09-21 09:01:48
1663750908337718000,39.0,1,39.0,3,39.05,1,2,2022-09-21 09:01:48
1663750908741590000,39.05,1,39.05,4,39.1,5,2,2022-09-21 09:01:48
1663750908844764000,39.05,1,39.05,3,39.1,5,2,2022-09-21 09:01:48
1663750908987473000,39.05,3,39.0,1,39.1,5,2,2022-09-21 09:01:48
1663750908987473000,39.0,1,39.0,1,39.1,5,2,2022-09-21 09:01:48
1663750908989972000,39.1,5,39.0,1,39.15,3,1,2022-09-21 09:01:48
1663750909097489000,39.05,1,38.95,11,39.15,3,2,2022-09-21 09:01:49
1663750909097489000,39.0,1,38.95,11,39.15,3,2,2022-09-21 09:01:49
1663750909097489000,38.95,8,38.95,11,39.15,3,2,2022-09-21 09:01:49
1663750910074792000,39.05,1,39.0,1,39.15,3,1,2022-09-21 09:01:50
1663750910359419000,39.15,2,39.1,1,39.15,3,1,2022-09-21 09:01:50
1663750910728538000,39.15,1,39.1,1,39.2,7,1,2022-09-21 09:01:50
1663750910746351000,39.2,2,39.1,1,39.2,5,1,2022-09-21 09:01:50
1663750910850981000,39.2,2,39.1,1,39.15,1,1,2022-09-21 09:01:50
1663750910960255000,39.1,1,39.05,1,39.2,3,2,2022-09-21 09:01:50
1663750910998222000,39.1,2,39.05,1,39.2,3,1,2022-09-21 09:01:50
1663750911398271000,39.05,1,39.0,4,39.2,3,2,2022-09-21 09:01:51
1663750912948565000,39.05,1,39.05,2,39.15,2,2,2022-09-21 09:01:52
1663750913423113000,39.15,2,39.05,2,39.2,3,1,2022-09-21 09:01:53
1663750913423113000,39.2,4,39.05,2,39.2,3,1,2022-09-21 09:01:53
1663750913433463000,39.05,2,39.0,19,39.2,3,2,2022-09-21 09:01:53
1663750913457613000,39.2,3,39.0,19,39.25,1,1,2022-09-21 09:01:53
1663750913884427000,39.05,1,39.05,1,39.2,1,2,2022-09-21 09:01:53
1663750913902659000,39.2,1,39.05,1,39.3,5,1,2022-09-21 09:01:53
1663750913902659000,39.25,1,39.05,1,39.3,5,1,2022-09-21 09:01:53
1663750913915441000,39.3,1,39.05,1,39.3,4,1,2022-09-21 09:01:53
1663750914021878000,39.1,1,39.05,1,39.25,1,2,2022-09-21 09:01:54
1663750914464309000,39.05,2,39.05,8,39.25,1,2,2022-09-21 09:01:54
1663750914637307000,39.1,1,39.1,1,39.25,1,2,2022-09-21 09:01:54
1663750915366754000,39.1,2,39.1,6,39.2,2,2,2022-09-21 09:01:55
1663750915539260000,39.15,1,39.1,6,39.2,2,1,2022-09-21 09:01:55
1663750915757196000,39.1,2,39.1,6,39.2,2,2,2022-09-21 09:01:55
1663750916008988000,39.1,2,39.1,2,39.2,4,2,2022-09-21 09:01:56
1663750916096209000,39.1,1,39.1,1,39.2,4,2,2022-09-21 09:01:56
1663750916122485000,39.1,1,39.1,4,39.2,4,2,2022-09-21 09:01:56
1663750916447978000,39.2,1,39.05,12,39.2,3,1,2022-09-21 09:01:56
1663750916539018000,39.15,1,39.05,13,39.15,1,2,2022-09-21 09:01:56
1663750917459671000,39.15,1,39.1,1,39.2,4,1,2022-09-21 09:01:57
1663750917943507000,39.2,4,39.1,1,39.4,4,1,2022-09-21 09:01:57
1663750917943507000,39.25,3,39.1,1,39.4,4,1,2022-09-21 09:01:57
1663750917943507000,39.35,2,39.1,1,39.4,4,1,2022-09-21 09:01:57
1663750917943507000,39.4,1,39.1,1,39.4,4,1,2022-09-21 09:01:57
1663750918183333000,39.35,1,39.15,2,39.4,4,1,2022-09-21 09:01:58
1663750918818889000,39.2,1,39.15,5,39.35,1,1,2022-09-21 09:01:58
1663750918987589000,39.2,1,39.2,1,39.35,1,2,2022-09-21 09:01:58
1663750919288109000,39.25,6,39.25,10,39.3,4,2,2022-09-21 09:01:59
1663750919732753000,39.25,1,39.25,4,39.3,4,2,2022-09-21 09:01:59
1663750920360073000,39.3,1,39.2,2,39.3,4,1,2022-09-21 09:02:00
1663750920627378000,39.2,2,39.15,5,39.2,5,2,2022-09-21 09:02:00
1663750920646129000,39.2,5,39.15,5,39.3,3,1,2022-09-21 09:02:00
1663750920876559000,39.2,12,39.25,3,39.3,3,1,2022-09-21 09:02:00
1663750921133599000,39.25,1,39.25,2,39.3,3,2,2022-09-21 09:02:01
1663750921450900000,39.25,1,39.25,1,39.3,3,2,2022-09-21 09:02:01
1663750921790035000,39.3,1,39.25,1,39.3,3,1,2022-09-21 09:02:01
1663750921923676000,39.3,2,39.25,1,39.35,2,1,2022-09-21 09:02:01
1663750921923676000,39.35,1,39.25,1,39.35,2,1,2022-09-21 09:02:01
1663750922290162000,39.25,1,39.15,4,39.35,2,2,2022-09-21 09:02:02
1663750922877573000,39.35,1,39.15,4,39.35,5,1,2022-09-21 09:02:02
1663750923454073000,39.3,1,39.25,1,39.35,1,1,2022-09-21 09:02:03
1663750923669234000,39.35,1,39.25,1,39.35,1,1,2022-09-21 09:02:03
1663750925930788000,39.35,1,39.35,3,39.4,4,2,2022-09-21 09:02:05
1663750926062224000,39.35,1,39.35,2,39.4,4,2,2022-09-21 09:02:06
1663750926162788000,39.35,1,39.35,1,39.4,4,2,2022-09-21 09:02:06
1663750926521362000,39.35,2,39.25,8,39.4,4,2,2022-09-21 09:02:06
1663750926521362000,39.25,1,39.25,8,39.4,4,2,2022-09-21 09:02:06
1663750926660057000,39.4,1,39.25,8,39.4,3,1,2022-09-21 09:02:06
1663750927283117000,39.25,2,39.25,7,39.4,3,2,2022-09-21 09:02:07
1663750928096581000,39.35,2,39.3,1,39.35,3,1,2022-09-21 09:02:08
1663750928240001000,39.35,2,39.3,1,39.35,1,1,2022-09-21 09:02:08
1663750928260497000,39.35,1,39.3,1,39.4,3,1,2022-09-21 09:02:08
1663750928774847000,39.4,1,39.3,1,39.4,2,1,2022-09-21 09:02:08
1663750928789131000,39.4,2,39.3,1,39.45,3,1,2022-09-21 09:02:08
1663750928789131000,39.45,8,39.3,1,39.45,3,1,2022-09-21 09:02:08
1663750929394418000,39.45,3,39.3,2,39.5,3,1,2022-09-21 09:02:09
1663750929394418000,39.5,2,39.3,2,39.5,3,1,2022-09-21 09:02:09
1663750929586214000,39.5,1,39.3,5,39.5,2,1,2022-09-21 09:02:09
1663750929661445000,39.5,2,39.3,5,39.55,6,1,2022-09-21 09:02:09
1663750930302413000,39.5,1,39.35,6,39.65,3,1,2022-09-21 09:02:10
1663750930302413000,39.55,6,39.35,6,39.65,3,1,2022-09-21 09:02:10
1663750930302413000,39.6,1,39.35,6,39.65,3,1,2022-09-21 09:02:10
1663750930302413000,39.65,2,39.35,6,39.65,3,1,2022-09-21 09:02:10
1663750931395707000,39.45,1,39.45,3,39.55,2,2,2022-09-21 09:02:11
1663750931880082000,39.55,2,39.45,3,39.8,18,1,2022-09-21 09:02:11
1663750931880082000,39.6,3,39.45,3,39.8,18,1,2022-09-21 09:02:11
1663750931880082000,39.7,1,39.45,3,39.8,18,1,2022-09-21 09:02:11
1663750931880082000,39.8,4,39.45,3,39.8,18,1,2022-09-21 09:02:11
1663750932017276000,39.5,2,39.45,3,39.75,1,2,2022-09-21 09:02:12
1663750934267632000,39.65,2,39.5,5,39.65,4,1,2022-09-21 09:02:14
1663750934651481000,39.5,1,39.5,4,39.65,2,2,2022-09-21 09:02:14
1663750934809129000,39.65,2,39.5,1,39.7,2,1,2022-09-21 09:02:14
1663750936002119000,39.6,3,39.5,5,39.6,3,1,2022-09-21 09:02:16
1663750936058736000,39.55,1,39.5,5,39.6,3,1,2022-09-21 09:02:16
1663750937730621000,39.55,1,39.5,6,39.55,6,1,2022-09-21 09:02:17
1663750937770968000,39.55,1,39.5,6,39.55,5,1,2022-09-21 09:02:17
1663750937795951000,39.55,5,39.5,6,39.55,7,1,2022-09-21 09:02:17
1663750937795951000,39.6,5,39.5,6,39.55,7,1,2022-09-21 09:02:17
1663750938282458000,39.55,1,39.5,6,39.65,2,2,2022-09-21 09:02:18
1663750938479357000,39.5,1,39.5,5,39.65,2,2,2022-09-21 09:02:18
1663750938974857000,39.65,2,39.55,3,39.75,5,1,2022-09-21 09:02:18
1663750938974857000,39.7,7,39.55,3,39.75,5,1,2022-09-21 09:02:18
1663750938974857000,39.75,3,39.55,3,39.75,5,1,2022-09-21 09:02:18
1663750939126471000,39.75,5,39.55,3,39.8,14,1,2022-09-21 09:02:19
1663750939126471000,39.8,5,39.55,3,39.8,14,1,2022-09-21 09:02:19
1663750939737392000,39.6,1,39.55,3,39.75,1,2,2022-09-21 09:02:19
1663750939999167000,39.6,1,39.6,4,39.75,1,2,2022-09-21 09:02:19
1663750940159026000,39.6,4,39.55,2,39.75,1,2,2022-09-21 09:02:20
1663750940159026000,39.55,1,39.55,2,39.75,1,2,2022-09-21 09:02:20
1663750940531095000,39.55,2,39.55,3,39.75,7,2,2022-09-21 09:02:20
1663750940651226000,39.75,1,39.55,3,39.75,6,1,2022-09-21 09:02:20
1663750940848767000,39.75,1,39.55,3,39.75,5,1,2022-09-21 09:02:20
1663750941065204000,39.75,5,39.6,1,39.8,12,1,2022-09-21 09:02:21
1663750941065204000,39.8,3,39.6,1,39.8,12,1,2022-09-21 09:02:21
1663750941701931000,39.6,1,39.6,4,39.8,12,2,2022-09-21 09:02:21
1663750942195595000,39.6,1,39.6,2,39.75,1,2,2022-09-21 09:02:22
1663750942229437000,39.75,1,39.6,2,40.1,2,1,2022-09-21 09:02:22
1663750942229437000,39.8,12,39.6,2,40.1,2,1,2022-09-21 09:02:22
1663750942229437000,39.85,1,39.6,2,40.1,2,1,2022-09-21 09:02:22
1663750942229437000,40.0,4,39.6,2,40.1,2,1,2022-09-21 09:02:22
1663750942229437000,40.05,2,39.6,2,40.1,2,1,2022-09-21 09:02:22
1663750942534168000,40.05,1,39.65,4,40.25,1,1,2022-09-21 09:02:22
1663750942534168000,40.1,2,39.65,4,40.25,1,1,2022-09-21 09:02:22
1663750942534168000,40.2,2,39.65,4,40.25,1,1,2022-09-21 09:02:22
1663750942568099000,40.25,1,39.7,2,40.3,6,1,2022-09-21 09:02:22
1663750942568099000,40.3,1,39.7,2,40.3,6,1,2022-09-21 09:02:22
1663750942568372000,40.3,4,39.7,2,40.3,2,1,2022-09-21 09:02:22
1663750942685980000,40.3,1,39.7,2,40.3,1,1,2022-09-21 09:02:22
1663750942711583000,40.3,1,39.7,2,40.35,7,1,2022-09-21 09:02:22
1663750942734114000,40.35,1,39.7,2,40.35,4,1,2022-09-21 09:02:22
1663750942748117000,40.35,1,39.7,2,40.35,4,1,2022-09-21 09:02:22
1663750943620557000,39.8,1,39.75,7,40.3,1,2,2022-09-21 09:02:23
1663750944441078000,39.85,1,39.75,7,40.25,3,2,2022-09-21 09:02:24
1663750944441078000,39.8,1,39.75,7,40.25,3,2,2022-09-21 09:02:24
1663750944967747000,40.2,1,39.85,2,40.25,2,1,2022-09-21 09:02:24
1663750944967747000,40.25,1,39.85,2,40.25,2,1,2022-09-21 09:02:24
1663750946344259000,40.05,1,40.05,1,40.15,3,2,2022-09-21 09:02:26
1663750947527643000,40.1,1,40.0,1,40.1,2,1,2022-09-21 09:02:27
1663750947773739000,40.05,1,40.0,1,40.05,1,1,2022-09-21 09:02:27
1663750947773739000,40.1,1,40.0,1,40.05,1,1,2022-09-21 09:02:27
1663750948169303000,40.1,1,40.05,20,40.15,3,1,2022-09-21 09:02:28
1663750948439418000,40.15,3,40.05,20,40.45,23,1,2022-09-21 09:02:28
1663750948439418000,40.2,4,40.05,20,40.45,23,1,2022-09-21 09:02:28
1663750948439418000,40.25,1,40.05,20,40.45,23,1,2022-09-21 09:02:28
1663750948439418000,40.3,3,40.05,20,40.45,23,1,2022-09-21 09:02:28
1663750948439418000,40.4,13,40.05,20,40.45,23,1,2022-09-21 09:02:28
1663750948439418000,40.45,6,40.05,20,40.45,23,1,2022-09-21 09:02:28
1663750948466777000,40.05,1,40.05,19,40.45,23,2,2022-09-21 09:02:28
1663750949951707000,40.3,1,40.15,1,40.3,2,1,2022-09-21 09:02:29
1663750949987666000,40.15,1,40.1,1,40.3,2,2,2022-09-21 09:02:29
1663750950050854000,40.3,1,40.1,1,40.3,1,1,2022-09-21 09:02:30
1663750950356180000,40.3,1,40.1,1,40.35,15,1,2022-09-21 09:02:30
1663750951422942000,40.15,1,40.1,1,40.3,2,2,2022-09-21 09:02:31
1663750951778850000,40.3,1,40.1,1,40.3,1,1,2022-09-21 09:02:31
1663750951789115000,40.3,1,40.1,1,40.35,6,1,2022-09-21 09:02:31
1663750951789115000,40.35,9,40.1,1,40.35,6,1,2022-09-21 09:02:31
1663750952218624000,40.3,2,40.15,1,40.35,6,1,2022-09-21 09:02:32
1663750952802125000,40.25,1,40.25,1,40.35,6,2,2022-09-21 09:02:32
1663750953235949000,40.35,3,40.2,1,40.35,3,1,2022-09-21 09:02:33
1663750953414724000,40.35,3,40.2,1,40.4,5,1,2022-09-21 09:02:33
1663750953414724000,40.4,1,40.2,1,40.4,5,1,2022-09-21 09:02:33
1663750953955092000,40.4,1,40.3,1,40.4,4,1,2022-09-21 09:02:33
1663750954498565000,40.3,1,40.25,1,40.4,16,2,2022-09-21 09:02:34
1663750954603467000,40.25,1,40.25,1,40.3,1,2,2022-09-21 09:02:34
1663750955242900000,40.3,1,40.15,1,40.3,3,1,2022-09-21 09:02:35
1663750955351218000,40.3,1,40.15,1,40.3,2,1,2022-09-21 09:02:35
1663750956670265000,40.25,1,40.15,1,40.3,2,2,2022-09-21 09:02:36
1663750957116187000,40.3,1,40.25,3,40.3,2,1,2022-09-21 09:02:37
1663750957435440000,40.3,1,40.25,3,40.35,4,1,2022-09-21 09:02:37
1663750958750728000,40.3,1,40.3,1,40.35,4,2,2022-09-21 09:02:38
1663750959392487000,40.35,1,40.25,24,40.35,3,1,2022-09-21 09:02:39
1663750959474731000,40.35,1,40.25,24,40.35,2,1,2022-09-21 09:02:39
1663750959959348000,40.35,1,40.25,26,40.35,1,1,2022-09-21 09:02:39
1663750960118360000,40.35,1,40.25,26,40.35,2,1,2022-09-21 09:02:40
1663750960455030000,40.3,1,40.3,1,40.35,3,2,2022-09-21 09:02:40
1663750961202610000,40.3,1,40.25,27,40.3,2,2,2022-09-21 09:02:41
1663750961484374000,40.3,1,40.25,27,40.3,1,1,2022-09-21 09:02:41
1663750961557008000,40.3,1,40.25,27,40.3,2,1,2022-09-21 09:02:41
1663750962145191000,40.25,1,40.25,26,40.35,5,2,2022-09-21 09:02:42
1663750962243226000,40.35,3,40.25,26,40.35,6,1,2022-09-21 09:02:42
1663750963368594000,40.25,4,40.25,22,40.3,6,2,2022-09-21 09:02:43
1663750963401414000,40.25,2,40.25,20,40.3,6,2,2022-09-21 09:02:43
1663750963433980000,40.25,20,40.2,3,40.3,6,2,2022-09-21 09:02:43
1663750963496863000,40.25,1,40.2,3,40.25,3,1,2022-09-21 09:02:43
1663750963899298000,40.25,1,40.2,3,40.25,1,1,2022-09-21 09:02:43
1663750964300684000,40.25,1,40.2,3,40.3,9,1,2022-09-21 09:02:44
1663750964316042000,40.2,3,40.15,3,40.3,9,2,2022-09-21 09:02:44
1663750964384300000,40.25,1,40.15,3,40.25,1,1,2022-09-21 09:02:44
1663750964674788000,40.15,2,40.15,1,40.2,5,2,2022-09-21 09:02:44
1663750964799241000,40.2,1,40.15,3,40.2,5,1,2022-09-21 09:02:44
1663750964899749000,40.15,1,40.1,10,40.2,15,2,2022-09-21 09:02:44
1663750965117639000,40.2,1,40.1,10,40.2,14,1,2022-09-21 09:02:45
1663750965268649000,40.1,1,40.1,9,40.2,14,2,2022-09-21 09:02:45
1663750965293213000,40.2,3,40.1,9,40.2,11,1,2022-09-21 09:02:45
1663750965308224000,40.2,2,40.1,10,40.2,15,1,2022-09-21 09:02:45
1663750965862863000,40.15,2,40.1,10,40.2,6,1,2022-09-21 09:02:45
1663750965862863000,40.2,3,40.1,10,40.2,6,1,2022-09-21 09:02:45
1663750966573006000,40.1,2,40.1,8,40.2,8,2,2022-09-21 09:02:46
1663750966709566000,40.2,1,40.1,8,40.2,7,1,2022-09-21 09:02:46
1663750967578330000,40.15,1,40.1,8,40.15,3,1,2022-09-21 09:02:47
1663750967924124000,40.1,8,40.05,23,40.15,13,2,2022-09-21 09:02:47
1663750969149938000,40.1,1,40.05,23,40.1,9,2,2022-09-21 09:02:49
1663750969170289000,40.05,3,40.05,20,40.1,9,2,2022-09-21 09:02:49
1663750969191045000,40.05,1,40.05,19,40.1,9,2,2022-09-21 09:02:49
1663750969325224000,40.05,4,40.1,1,40.15,15,2,2022-09-21 09:02:49
1663750969356945000,40.05,1,40.05,14,40.1,9,2,2022-09-21 09:02:49
1663750969950278000,40.05,1,40.05,13,40.1,9,2,2022-09-21 09:02:49
1663750970811619000,40.05,6,40.05,13,40.1,9,2,2022-09-21 09:02:50
1663750971789069000,40.05,5,40.05,7,40.1,9,2,2022-09-21 09:02:51
1663750972016437000,40.05,2,40.0,20,40.1,9,2,2022-09-21 09:02:52
1663750972344677000,40.05,1,40.0,20,40.1,9,1,2022-09-21 09:02:52
1663750972344677000,40.1,1,40.0,20,40.1,9,1,2022-09-21 09:02:52
1663750973610255000,40.1,5,40.0,19,40.1,5,1,2022-09-21 09:02:53
1663750974284096000,40.05,1,40.0,19,40.1,7,1,2022-09-21 09:02:54
1663750974775233000,40.0,5,40.0,19,40.05,3,2,2022-09-21 09:02:54
1663750975200389000,40.05,2,40.0,15,40.05,3,1,2022-09-21 09:02:55
1663750975569340000,40.0,1,40.0,14,40.05,4,2,2022-09-21 09:02:55
1663750976519980000,40.0,1,40.0,13,40.05,3,2,2022-09-21 09:02:56
1663750976828376000,40.05,2,40.0,13,40.05,2,1,2022-09-21 09:02:56
1663750977259778000,40.0,1,40.0,13,40.05,2,2,2022-09-21 09:02:57
1663750977918209000,40.05,1,40.0,12,40.05,1,1,2022-09-21 09:02:57
1663750977923904000,40.0,1,40.0,11,40.05,1,2,2022-09-21 09:02:57
1663750977961319000,40.05,1,40.0,11,40.1,7,1,2022-09-21 09:02:57
1663750977961319000,40.1,9,40.0,11,40.1,7,1,2022-09-21 09:02:57
1663750978427685000,40.1,5,40.05,2,40.1,2,1,2022-09-21 09:02:58
1663750978804157000,40.05,1,40.05,2,40.1,7,2,2022-09-21 09:02:58
1663750978855607000,40.05,1,40.0,11,40.1,2,2,2022-09-21 09:02:58
1663750979932180000,40.1,1,40.0,11,40.1,1,1,2022-09-21 09:02:59
1663750981255337000,40.0,1,40.0,10,40.05,1,2,2022-09-21 09:03:01
1663750981303840000,40.05,1,40.1,1,40.15,8,1,2022-09-21 09:03:01
1663750981303840000,40.1,2,40.1,1,40.15,8,1,2022-09-21 09:03:01
1663750981695715000,40.1,1,40.0,9,40.15,8,2,2022-09-21 09:03:01
1663750981695715000,40.0,1,40.0,9,40.15,8,2,2022-09-21 09:03:01
1663750981811482000,40.15,1,40.0,9,40.15,8,1,2022-09-21 09:03:01
1663750984602720000,40.1,2,40.0,6,40.15,7,2,2022-09-21 09:03:04
1663750984602720000,40.05,4,40.0,6,40.15,7,2,2022-09-21 09:03:04
1663750984602720000,40.0,4,40.0,6,40.15,7,2,2022-09-21 09:03:04
1663750985650609000,40.1,1,40.0,13,40.15,9,1,2022-09-21 09:03:05
1663750986733723000,40.05,1,40.05,1,40.1,1,2,2022-09-21 09:03:06
1663750987535523000,40.05,1,40.0,13,40.05,1,1,2022-09-21 09:03:07
1663750988011766000,40.05,1,40.0,14,40.1,1,1,2022-09-21 09:03:08
1663750988236242000,40.0,1,40.0,16,40.1,1,2,2022-09-21 09:03:08
1663750988699759000,40.1,1,40.05,5,40.1,1,1,2022-09-21 09:03:08
1663750988699759000,40.15,4,40.05,5,40.1,1,1,2022-09-21 09:03:08
1663750993927689000,40.05,1,40.05,5,40.1,1,2,2022-09-21 09:03:13
1663750997599157000,40.1,1,40.1,4,40.15,11,1,2022-09-21 09:03:17
1663750997668342000,40.1,1,40.1,3,40.15,11,2,2022-09-21 09:03:17
1663750998886256000,40.15,3,40.1,3,40.15,6,1,2022-09-21 09:03:18
1663750998956498000,40.1,2,40.1,1,40.15,6,2,2022-09-21 09:03:18
1663751001221113000,40.1,1,40.1,5,40.15,6,2,2022-09-21 09:03:21
1663751001388057000,40.1,1,40.1,4,40.15,6,2,2022-09-21 09:03:21
1663751002201098000,40.1,2,40.1,2,40.15,6,2,2022-09-21 09:03:22
1663751003581896000,40.1,1,40.1,3,40.15,7,2,2022-09-21 09:03:23
1663751003667121000,40.1,1,40.1,2,40.15,7,2,2022-09-21 09:03:23
1663751004948578000,40.1,2,40.05,41,40.15,7,2,2022-09-21 09:03:24
1663751005703191000,40.05,7,40.05,42,40.15,7,2,2022-09-21 09:03:25
1663751006475594000,40.1,1,40.05,34,40.15,7,2,2022-09-21 09:03:26
1663751006475594000,40.05,1,40.05,34,40.15,7,2,2022-09-21 09:03:26
1663751006797680000,40.05,1,40.05,33,40.15,7,2,2022-09-21 09:03:26
1663751007674935000,40.05,1,40.05,32,40.15,7,2,2022-09-21 09:03:27
1663751007813075000,40.05,1,40.05,31,40.15,7,2,2022-09-21 09:03:27
1663751007831629000,40.15,1,40.05,31,40.15,6,1,2022-09-21 09:03:27
1663751008218521000,40.05,1,40.05,30,40.15,6,2,2022-09-21 09:03:28
1663751008542103000,40.05,5,40.05,25,40.15,6,2,2022-09-21 09:03:28
1663751009192815000,40.1,1,40.05,25,40.1,2,1,2022-09-21 09:03:29
1663751009243033000,40.1,1,40.05,25,40.1,1,1,2022-09-21 09:03:29
1663751009548096000,40.05,1,40.05,19,40.1,1,2,2022-09-21 09:03:29
1663751010087031000,40.05,11,40.05,8,40.1,1,2,2022-09-21 09:03:30
1663751010119469000,40.05,3,40.05,5,40.1,1,2,2022-09-21 09:03:30
1663751010150509000,40.05,1,40.05,4,40.1,1,2,2022-09-21 09:03:30
1663751010634582000,40.05,4,40.0,20,40.05,4,2,2022-09-21 09:03:30
1663751010668848000,40.05,1,40.0,20,40.05,3,1,2022-09-21 09:03:30
1663751010713718000,40.05,1,40.0,20,40.05,2,1,2022-09-21 09:03:30
1663751011976670000,40.0,1,40.0,19,40.05,2,2,2022-09-21 09:03:31
1663751012278152000,40.05,1,40.0,19,40.05,1,1,2022-09-21 09:03:32
1663751013546654000,40.05,1,40.0,19,40.05,1,1,2022-09-21 09:03:33
1663751013637027000,40.0,2,40.0,17,40.05,1,2,2022-09-21 09:03:33
1663751014416201000,40.05,1,40.0,17,40.1,5,1,2022-09-21 09:03:34
1663751015398415000,40.0,1,40.0,15,40.1,5,2,2022-09-21 09:03:35
1663751017051859000,40.0,3,40.0,21,40.05,1,2,2022-09-21 09:03:37
1663751018306544000,40.0,2,40.0,16,40.05,1,2,2022-09-21 09:03:38
1663751018446787000,40.0,5,40.0,11,40.05,1,2,2022-09-21 09:03:38
1663751018892341000,40.0,5,40.0,2,40.05,4,2,2022-09-21 09:03:38
1663751018922712000,40.0,2,39.95,2,40.05,4,2,2022-09-21 09:03:38
1663751019388725000,39.95,2,39.85,2,40.0,3,2,2022-09-21 09:03:39
1663751019815649000,39.95,1,39.85,2,39.95,4,1,2022-09-21 09:03:39
1663751020228899000,39.95,1,39.85,2,39.95,4,1,2022-09-21 09:03:40
1663751020962025000,39.85,1,39.85,1,39.95,4,2,2022-09-21 09:03:40
1663751020998971000,39.9,1,39.85,1,39.9,2,1,2022-09-21 09:03:40
1663751021337296000,39.85,1,39.8,8,39.95,5,2,2022-09-21 09:03:41
1663751021954869000,39.8,1,39.8,7,39.95,2,2,2022-09-21 09:03:41
1663751022210694000,39.8,1,39.8,6,39.95,2,2,2022-09-21 09:03:42
1663751024570264000,39.85,2,39.8,3,39.9,1,2,2022-09-21 09:03:44
1663751024570264000,39.8,3,39.8,3,39.9,1,2,2022-09-21 09:03:44
1663751024677836000,39.8,2,39.8,1,39.9,1,2,2022-09-21 09:03:44
1663751024869631000,39.8,1,39.75,5,39.9,1,2,2022-09-21 09:03:44
1663751024869631000,39.75,2,39.75,5,39.9,1,2,2022-09-21 09:03:44
1663751025425285000,39.8,1,39.75,5,39.9,4,2,2022-09-21 09:03:45
1663751028474265000,39.85,1,39.75,5,39.85,3,1,2022-09-21 09:03:48
1663751028778843000,39.75,1,39.75,4,39.85,3,2,2022-09-21 09:03:48
1663751029726046000,39.8,3,39.7,4,39.75,3,2,2022-09-21 09:03:49
1663751029726046000,39.75,4,39.7,4,39.75,3,2,2022-09-21 09:03:49
1663751030002060000,39.7,4,39.6,14,39.75,3,2,2022-09-21 09:03:50
1663751030002060000,39.65,4,39.6,14,39.75,3,2,2022-09-21 09:03:50
1663751030002060000,39.6,3,39.6,14,39.75,3,2,2022-09-21 09:03:50
1663751030467178000,39.7,1,39.6,14,39.75,3,1,2022-09-21 09:03:50
1663751031133862000,39.75,1,39.6,14,39.75,8,1,2022-09-21 09:03:51
1663751032528529000,39.7,1,39.65,2,39.75,7,2,2022-09-21 09:03:52
1663751032651490000,39.65,2,39.7,1,39.75,7,2,2022-09-21 09:03:52
1663751032651490000,39.6,3,39.7,1,39.75,7,2,2022-09-21 09:03:52
1663751033029638000,39.75,1,39.6,11,39.75,6,1,2022-09-21 09:03:53
1663751033033332000,39.6,5,39.6,6,39.75,6,2,2022-09-21 09:03:53
1663751035021047000,39.6,5,39.6,2,39.7,4,2,2022-09-21 09:03:55
1663751035381269000,39.7,1,39.6,3,39.7,3,1,2022-09-21 09:03:55
1663751036564324000,39.65,1,39.6,3,39.7,3,2,2022-09-21 09:03:56
1663751036625982000,39.6,1,39.6,2,39.7,3,2,2022-09-21 09:03:56
1663751037398364000,39.6,2,39.5,6,39.7,2,2,2022-09-21 09:03:57
1663751037398364000,39.55,1,39.5,6,39.7,2,2,2022-09-21 09:03:57
1663751037398364000,39.5,2,39.5,6,39.7,2,2,2022-09-21 09:03:57
1663751037526229000,39.5,2,39.5,4,39.65,1,2,2022-09-21 09:03:57
1663751038306136000,39.55,1,39.55,1,39.65,3,2,2022-09-21 09:03:58
1663751038306136000,39.5,4,39.55,1,39.65,3,2,2022-09-21 09:03:58
1663751039612150000,39.6,1,39.55,1,39.65,2,1,2022-09-21 09:03:59
1663751040457413000,39.55,1,39.3,4,39.65,1,2,2022-09-21 09:04:00
1663751040457413000,39.45,1,39.3,4,39.65,1,2,2022-09-21 09:04:00
1663751040457413000,39.35,1,39.3,4,39.65,1,2,2022-09-21 09:04:00
1663751040457413000,39.3,2,39.3,4,39.65,1,2,2022-09-21 09:04:00
1663751041177285000,39.35,1,39.3,4,39.55,1,2,2022-09-21 09:04:01
1663751041631774000,39.5,1,39.35,1,39.55,2,1,2022-09-21 09:04:01
1663751043058958000,39.35,1,39.3,1,39.5,1,2,2022-09-21 09:04:03
1663751043058958000,39.3,3,39.3,1,39.5,1,2,2022-09-21 09:04:03
1663751043760110000,39.45,1,39.45,1,39.5,1,2,2022-09-21 09:04:03
1663751045333373000,39.4,1,39.35,1,39.5,1,2,2022-09-21 09:04:05
1663751045846600000,39.35,1,39.3,3,39.5,1,2,2022-09-21 09:04:05
1663751046735790000,39.3,1,39.3,2,39.5,1,2,2022-09-21 09:04:06
1663751047385186000,39.5,1,39.3,2,39.55,5,1,2022-09-21 09:04:07
1663751047442292000,39.45,3,39.35,1,39.5,2,1,2022-09-21 09:04:07
1663751048062679000,39.35,1,39.35,1,39.5,2,2,2022-09-21 09:04:08
1663751049290183000,39.5,1,39.4,3,39.5,3,1,2022-09-21 09:04:09
1663751049326514000,39.5,2,39.4,3,39.55,1,1,2022-09-21 09:04:09
1663751049585208000,39.4,2,39.4,2,39.55,1,2,2022-09-21 09:04:09
1663751050578716000,39.6,1,39.4,2,39.6,2,1,2022-09-21 09:04:10
1663751051890029000,39.6,1,39.4,7,39.65,1,1,2022-09-21 09:04:11
1663751051935822000,39.55,1,39.45,1,39.6,1,1,2022-09-21 09:04:11
1663751052780992000,39.6,1,39.45,2,39.6,1,1,2022-09-21 09:04:12
1663751052780992000,39.65,1,39.45,2,39.6,1,1,2022-09-21 09:04:12
1663751052780992000,39.7,1,39.45,2,39.6,1,1,2022-09-21 09:04:12
1663751052780992000,39.75,1,39.45,2,39.6,1,1,2022-09-21 09:04:12
1663751052780992000,39.8,1,39.45,2,39.6,1,1,2022-09-21 09:04:12
1663751053914051000,39.75,1,39.5,1,39.8,2,1,2022-09-21 09:04:13
1663751053929770000,39.8,2,39.5,1,39.85,1,1,2022-09-21 09:04:13
1663751054469628000,39.55,1,39.5,13,39.8,1,2,2022-09-21 09:04:14
1663751054469628000,39.5,4,39.5,13,39.8,1,2,2022-09-21 09:04:14
1663751054580417000,39.5,1,39.5,17,39.8,1,2,2022-09-21 09:04:14
1663751054678465000,39.5,5,39.5,12,39.8,1,2,2022-09-21 09:04:14
1663751054848394000,39.5,1,39.5,12,39.75,1,2,2022-09-21 09:04:14
1663751055179940000,39.5,5,39.5,7,39.75,1,2,2022-09-21 09:04:15
1663751055462125000,39.55,1,39.5,3,39.75,1,2,2022-09-21 09:04:15
1663751055462125000,39.5,4,39.5,3,39.75,1,2,2022-09-21 09:04:15
1663751057423678000,39.55,1,39.5,2,39.7,1,2,2022-09-21 09:04:17
1663751057808519000,39.7,2,39.5,2,39.7,4,1,2022-09-21 09:04:17
1663751062163284000,39.7,1,39.65,1,39.7,3,1,2022-09-21 09:04:22
1663751062360971000,39.7,1,39.65,1,39.7,2,1,2022-09-21 09:04:22
1663751062391127000,39.7,2,39.65,1,39.75,1,1,2022-09-21 09:04:22
1663751062922938000,39.7,1,39.75,3,39.8,2,1,2022-09-21 09:04:22
1663751062922938000,39.75,1,39.75,3,39.8,2,1,2022-09-21 09:04:22
1663751063068305000,39.8,2,39.75,3,39.9,3,1,2022-09-21 09:04:23
1663751063068305000,39.85,1,39.75,3,39.9,3,1,2022-09-21 09:04:23
1663751063723201000,39.75,1,39.75,3,39.9,4,2,2022-09-21 09:04:23
1663751064516091000,39.75,2,39.6,4,39.65,15,2,2022-09-21 09:04:24
1663751064516091000,39.7,2,39.6,4,39.65,15,2,2022-09-21 09:04:24
1663751064516091000,39.65,1,39.6,4,39.65,15,2,2022-09-21 09:04:24
1663751064545130000,39.65,4,39.6,4,39.65,11,1,2022-09-21 09:04:24
1663751064546349000,39.65,11,39.6,4,39.9,4,1,2022-09-21 09:04:24
1663751064736264000,39.7,1,39.65,1,39.7,1,1,2022-09-21 09:04:24
1663751065304189000,39.85,2,39.7,2,39.95,1,1,2022-09-21 09:04:25
1663751065304189000,39.9,3,39.7,2,39.95,1,1,2022-09-21 09:04:25
1663751066133614000,39.7,1,39.7,2,39.95,1,2,2022-09-21 09:04:26
1663751066247714000,39.75,1,39.75,1,39.9,1,2,2022-09-21 09:04:26
1663751068565967000,39.7,1,39.7,3,39.9,2,2,2022-09-21 09:04:28
1663751069618609000,39.7,3,39.55,5,39.9,2,2,2022-09-21 09:04:29
1663751069618609000,39.65,3,39.55,5,39.9,2,2,2022-09-21 09:04:29
1663751069618609000,39.6,2,39.55,5,39.9,2,2,2022-09-21 09:04:29
1663751069618609000,39.55,2,39.55,5,39.9,2,2,2022-09-21 09:04:29
1663751071348594000,39.8,2,39.7,7,40.0,5,1,2022-09-21 09:04:31
1663751071348594000,39.85,2,39.7,7,40.0,5,1,2022-09-21 09:04:31
1663751071348594000,39.9,1,39.7,7,40.0,5,1,2022-09-21 09:04:31
1663751071348594000,39.95,1,39.7,7,40.0,5,1,2022-09-21 09:04:31
1663751071348594000,40.0,4,39.7,7,40.0,5,1,2022-09-21 09:04:31
1663751072101556000,39.95,4,39.75,1,40.0,4,1,2022-09-21 09:04:32
1663751072101556000,40.0,1,39.75,1,40.0,4,1,2022-09-21 09:04:32
1663751073084610000,39.8,1,39.75,2,39.95,1,2,2022-09-21 09:04:33
1663751073426922000,39.75,1,39.75,1,39.95,5,2,2022-09-21 09:04:33
1663751074789588000,39.95,2,39.8,1,40.0,1,1,2022-09-21 09:04:34
1663751074789588000,40.0,3,39.8,1,40.0,1,1,2022-09-21 09:04:34
1663751075964608000,40.0,1,39.8,1,40.05,1,1,2022-09-21 09:04:35
1663751078064117000,39.85,1,39.7,2,40.0,1,2,2022-09-21 09:04:38
1663751078064117000,39.8,3,39.7,2,40.0,1,2,2022-09-21 09:04:38
1663751078064117000,39.7,6,39.7,2,40.0,1,2,2022-09-21 09:04:38
1663751083312936000,39.8,1,39.55,1,39.9,1,2,2022-09-21 09:04:43
1663751083312936000,39.75,1,39.55,1,39.9,1,2,2022-09-21 09:04:43
1663751083312936000,39.7,3,39.55,1,39.9,1,2,2022-09-21 09:04:43
1663751083312936000,39.6,4,39.55,1,39.9,1,2,2022-09-21 09:04:43
1663751083312936000,39.55,6,39.55,1,39.9,1,2,2022-09-21 09:04:43
1663751083853428000,39.7,2,39.5,25,39.85,1,2,2022-09-21 09:04:43
1663751083853428000,39.6,1,39.5,25,39.85,1,2,2022-09-21 09:04:43
1663751083853428000,39.55,1,39.5,25,39.85,1,2,2022-09-21 09:04:43
1663751083853428000,39.5,6,39.5,25,39.85,1,2,2022-09-21 09:04:43
1663751084037108000,39.7,2,39.5,25,39.8,2,2,2022-09-21 09:04:44
1663751084080220000,39.7,1,39.5,25,39.8,2,2,2022-09-21 09:04:44
1663751085390539000,39.7,1,39.7,3,39.75,1,2,2022-09-21 09:04:45
1663751085390778000,39.7,3,39.55,1,39.75,1,2,2022-09-21 09:04:45
1663751085976548000,39.75,1,39.7,1,39.8,5,1,2022-09-21 09:04:45
1663751086534340000,39.8,1,39.7,1,39.8,4,1,2022-09-21 09:04:46
1663751087312791000,39.8,3,39.9,3,39.95,2,1,2022-09-21 09:04:47
1663751087312791000,39.85,2,39.9,3,39.95,2,1,2022-09-21 09:04:47
1663751087312791000,39.9,2,39.9,3,39.95,2,1,2022-09-21 09:04:47
1663751087465742000,39.9,2,39.9,1,39.95,2,2,2022-09-21 09:04:47
1663751087497202000,39.95,1,39.9,1,39.95,1,1,2022-09-21 09:04:47
1663751087498702000,39.9,1,39.7,1,39.95,1,2,2022-09-21 09:04:47
1663751088302550000,39.75,1,39.7,2,39.8,1,2,2022-09-21 09:04:48
1663751088781332000,39.8,2,39.7,2,39.8,2,1,2022-09-21 09:04:48
1663751088781332000,39.9,1,39.7,2,39.8,2,1,2022-09-21 09:04:48
1663751088781332000,39.95,2,39.7,2,39.8,2,1,2022-09-21 09:04:48
1663751090049108000,39.75,2,39.7,3,39.75,8,2,2022-09-21 09:04:50
1663751091383394000,39.75,2,39.7,4,39.75,6,1,2022-09-21 09:04:51
1663751093013067000,39.75,1,39.7,9,39.75,5,1,2022-09-21 09:04:53
1663751093453263000,39.75,1,39.7,9,39.75,4,1,2022-09-21 09:04:53
1663751093917337000,39.75,1,39.7,9,39.75,3,1,2022-09-21 09:04:53
1663751093953595000,39.75,3,39.7,9,39.8,7,1,2022-09-21 09:04:53
1663751093986498000,39.8,5,39.7,9,39.8,2,1,2022-09-21 09:04:53
1663751094014569000,39.8,2,39.7,9,39.9,6,1,2022-09-21 09:04:54
1663751094323238000,39.75,1,39.7,9,39.9,6,1,2022-09-21 09:04:54
1663751094368772000,39.9,3,39.7,9,39.9,3,1,2022-09-21 09:04:54
1663751094689631000,39.7,9,39.65,13,39.9,3,2,2022-09-21 09:04:54
1663751097364724000,39.75,1,39.7,6,39.75,9,1,2022-09-21 09:04:57
1663751097857359000,39.75,5,39.7,6,39.75,4,1,2022-09-21 09:04:57
1663751098367328000,39.75,1,39.7,7,39.75,3,1,2022-09-21 09:04:58
1663751098386133000,39.75,2,39.7,7,39.75,1,1,2022-09-21 09:04:58
1663751098519042000,39.75,1,39.7,10,39.75,1,1,2022-09-21 09:04:58
1663751099908847000,39.7,1,39.7,11,39.75,10,2,2022-09-21 09:04:59
1663751100105834000,39.7,1,39.7,10,39.75,12,2,2022-09-21 09:05:00
1663751100108680000,39.7,1,39.7,9,39.75,12,2,2022-09-21 09:05:00
1663751100127476000,39.7,1,39.7,8,39.75,12,2,2022-09-21 09:05:00
1663751100137400000,39.7,1,39.7,7,39.75,12,2,2022-09-21 09:05:00
1663751100139019000,39.7,1,39.7,6,39.75,12,2,2022-09-21 09:05:00
1663751100327522000,39.7,5,39.7,1,39.75,12,2,2022-09-21 09:05:00
1663751100353449000,39.7,1,39.65,11,39.75,12,2,2022-09-21 09:05:00
1663751100353449000,39.65,4,39.65,11,39.75,12,2,2022-09-21 09:05:00
1663751100434662000,39.65,5,39.65,6,39.75,12,2,2022-09-21 09:05:00
1663751100550081000,39.65,1,39.65,5,39.75,12,2,2022-09-21 09:05:00
1663751100583377000,39.65,5,39.6,5,39.75,12,2,2022-09-21 09:05:00
1663751100916866000,39.6,5,39.55,19,39.65,10,2,2022-09-21 09:05:00
1663751101286169000,39.55,1,39.55,19,39.6,15,2,2022-09-21 09:05:01
1663751101316243000,39.55,6,39.55,12,39.6,15,2,2022-09-21 09:05:01
1663751101349768000,39.55,1,39.55,11,39.6,15,2,2022-09-21 09:05:01
1663751101829990000,39.6,1,39.55,9,39.6,14,1,2022-09-21 09:05:01
1663751101901753000,39.55,1,39.55,8,39.6,15,2,2022-09-21 09:05:01
1663751102001851000,39.55,1,39.55,7,39.6,15,2,2022-09-21 09:05:02
1663751102856114000,39.55,2,39.55,5,39.6,16,2,2022-09-21 09:05:02
1663751103257283000,39.55,1,39.55,4,39.6,16,2,2022-09-21 09:05:03
1663751103327961000,39.55,1,39.55,3,39.6,16,2,2022-09-21 09:05:03
1663751103723630000,39.55,1,39.55,2,39.6,16,2,2022-09-21 09:05:03
1663751104264272000,39.55,2,39.55,3,39.6,15,2,2022-09-21 09:05:04
1663751104295085000,39.55,1,39.5,29,39.6,15,2,2022-09-21 09:05:04
1663751104295085000,39.5,2,39.5,29,39.6,15,2,2022-09-21 09:05:04
1663751104635825000,39.5,1,39.5,28,39.6,15,2,2022-09-21 09:05:04
1663751109612192000,39.55,5,39.5,27,39.6,15,2,2022-09-21 09:05:09
1663751109691377000,39.5,1,39.5,26,39.6,15,2,2022-09-21 09:05:09
1663751110157154000,39.5,7,39.5,19,39.6,15,2,2022-09-21 09:05:10
1663751111684093000,39.5,3,39.5,16,39.55,1,2,2022-09-21 09:05:11
1663751112042515000,39.5,4,39.5,12,39.55,1,2,2022-09-21 09:05:12
1663751112074076000,39.5,1,39.5,11,39.55,1,2,2022-09-21 09:05:12
1663751112232760000,39.55,1,39.5,11,39.6,11,1,2022-09-21 09:05:12
1663751112232760000,39.6,5,39.5,11,39.6,11,1,2022-09-21 09:05:12
1663751112629797000,39.5,1,39.5,10,39.6,11,2,2022-09-21 09:05:12
1663751112665227000,39.5,1,39.5,9,39.6,11,2,2022-09-21 09:05:12
1663751112902769000,39.5,1,39.5,8,39.55,1,2,2022-09-21 09:05:12
1663751113172888000,39.5,1,39.5,7,39.55,1,2,2022-09-21 09:05:13
1663751114024135000,39.5,1,39.5,7,39.55,1,2,2022-09-21 09:05:14
1663751115320652000,39.55,1,39.5,8,39.6,13,1,2022-09-21 09:05:15
1663751115320652000,39.6,1,39.5,8,39.6,13,1,2022-09-21 09:05:15
1663751116809191000,39.55,1,39.5,4,39.6,16,2,2022-09-21 09:05:16
1663751116809191000,39.5,4,39.5,4,39.6,16,2,2022-09-21 09:05:16
1663751117145147000,39.5,4,39.5,4,39.55,1,2,2022-09-21 09:05:17
1663751117145147000,39.45,1,39.5,4,39.55,1,2,2022-09-21 09:05:17
1663751118450453000,39.45,5,39.45,1,39.55,1,2,2022-09-21 09:05:18
1663751118511611000,39.5,1,39.45,1,39.55,1,2,2022-09-21 09:05:18
1663751119714675000,39.5,1,39.45,1,39.55,1,1,2022-09-21 09:05:19
1663751120543999000,39.55,1,39.45,1,39.55,1,1,2022-09-21 09:05:20
1663751120913150000,39.55,1,39.5,1,39.6,16,1,2022-09-21 09:05:20
1663751122869249000,39.5,2,39.45,3,39.55,5,2,2022-09-21 09:05:22
1663751122869249000,39.45,1,39.45,3,39.55,5,2,2022-09-21 09:05:22
1663751125062078000,39.5,1,39.45,4,39.5,2,1,2022-09-21 09:05:25
1663751125300107000,39.5,2,39.45,4,39.55,5,1,2022-09-21 09:05:25
1663751125889519000,39.45,2,39.45,2,39.55,5,2,2022-09-21 09:05:25
1663751127757588000,39.5,1,39.45,3,39.55,5,1,2022-09-21 09:05:27
1663751129364709000,39.5,5,39.45,1,39.55,19,2,2022-09-21 09:05:29
1663751129364709000,39.45,5,39.45,1,39.55,19,2,2022-09-21 09:05:29
1663751130933488000,39.45,1,39.4,3,39.5,1,2,2022-09-21 09:05:30
1663751132153380000,39.45,1,39.45,1,39.5,1,2,2022-09-21 09:05:32
1663751132872097000,39.45,5,39.4,2,39.5,1,1,2022-09-21 09:05:32
1663751132986613000,39.4,2,39.35,7,39.5,1,2,2022-09-21 09:05:32
1663751133786495000,39.5,1,39.35,9,39.55,20,1,2022-09-21 09:05:33
1663751135569514000,39.5,4,39.5,6,39.55,20,1,2022-09-21 09:05:35
1663751136422093000,39.5,2,39.5,4,39.55,19,2,2022-09-21 09:05:36
1663751136460246000,39.5,1,39.5,3,39.55,19,2,2022-09-21 09:05:36
1663751136684526000,39.5,1,39.5,2,39.55,19,2,2022-09-21 09:05:36
1663751136828125000,39.5,1,39.5,1,39.55,19,2,2022-09-21 09:05:36
1663751137550007000,39.5,1,39.4,1,39.5,2,2,2022-09-21 09:05:37
1663751141500537000,39.45,3,39.4,5,39.5,1,1,2022-09-21 09:05:41
1663751141500537000,39.5,2,39.4,5,39.5,1,1,2022-09-21 09:05:41
1663751143158968000,39.5,1,39.45,1,39.5,1,1,2022-09-21 09:05:43
1663751147719536000,39.45,1,39.45,1,39.5,4,2,2022-09-21 09:05:47
1663751147754397000,39.45,1,39.4,7,39.5,4,2,2022-09-21 09:05:47
1663751150127848000,39.45,1,39.4,8,39.5,4,1,2022-09-21 09:05:50
1663751150155372000,39.5,4,39.4,8,39.55,32,1,2022-09-21 09:05:50
1663751150237286000,39.4,1,39.4,7,39.55,32,2,2022-09-21 09:05:50
1663751152960999000,39.4,3,39.4,5,39.5,1,2,2022-09-21 09:05:52
1663751153208630000,39.5,3,39.4,5,39.55,25,1,2022-09-21 09:05:53
1663751153208630000,39.55,7,39.4,5,39.55,25,1,2022-09-21 09:05:53
1663751154793018000,39.4,3,39.4,4,39.55,25,2,2022-09-21 09:05:54
1663751156195676000,39.45,1,39.45,1,39.55,25,1,2022-09-21 09:05:56
1663751159013868000,39.5,1,39.5,6,39.55,26,1,2022-09-21 09:05:59
1663751159262961000,39.5,4,39.5,3,39.55,22,2,2022-09-21 09:05:59
1663751159321320000,39.55,1,39.5,3,39.55,21,1,2022-09-21 09:05:59
1663751159746404000,39.5,1,39.5,2,39.55,21,2,2022-09-21 09:05:59
1663751160748860000,39.5,1,39.5,1,39.55,21,2,2022-09-21 09:06:00
1663751162929068000,39.5,1,39.5,3,39.55,21,2,2022-09-21 09:06:02
1663751164287747000,39.55,5,39.5,3,39.55,16,1,2022-09-21 09:06:04
1663751165089874000,39.5,1,39.5,6,39.55,16,2,2022-09-21 09:06:05
1663751165250912000,39.55,10,39.5,6,39.55,6,1,2022-09-21 09:06:05
1663751166054832000,39.55,5,39.5,6,39.55,1,1,2022-09-21 09:06:06
1663751166089445000,39.55,1,39.5,6,39.6,11,1,2022-09-21 09:06:06
1663751170486379000,39.6,5,39.55,1,39.6,9,1,2022-09-21 09:06:10
1663751171102191000,39.6,1,39.55,1,39.6,9,1,2022-09-21 09:06:11
1663751173352118000,39.6,1,39.55,3,39.6,7,1,2022-09-21 09:06:13
1663751173383893000,39.6,2,39.55,3,39.6,5,1,2022-09-21 09:06:13
1663751175172339000,39.6,6,39.55,8,39.65,19,1,2022-09-21 09:06:15
1663751175172339000,39.65,1,39.55,8,39.65,19,1,2022-09-21 09:06:15
1663751175937409000,39.65,2,39.55,10,39.65,19,1,2022-09-21 09:06:15
1663751176921493000,39.65,3,39.6,1,39.65,14,1,2022-09-21 09:06:16
1663751179216087000,39.65,10,39.6,3,39.65,4,1,2022-09-21 09:06:19
1663751179243989000,39.65,4,39.6,3,39.65,14,1,2022-09-21 09:06:19
1663751180720964000,39.7,10,39.6,3,39.7,7,1,2022-09-21 09:06:20
1663751180746484000,39.7,7,39.6,3,39.75,3,1,2022-09-21 09:06:20
1663751181276323000,39.75,3,39.65,10,39.8,7,1,2022-09-21 09:06:21
1663751181592293000,39.8,3,39.65,10,39.8,4,1,2022-09-21 09:06:21
1663751181625703000,39.8,4,39.65,10,39.85,1,1,2022-09-21 09:06:21
1663751181685994000,39.85,1,39.65,10,39.9,5,1,2022-09-21 09:06:21
1663751181711808000,39.9,1,39.65,10,39.9,4,1,2022-09-21 09:06:21
1663751181892157000,39.85,1,39.7,1,39.9,4,1,2022-09-21 09:06:21
1663751181977752000,39.9,4,39.7,1,39.95,2,1,2022-09-21 09:06:21
1663751181977752000,39.95,1,39.7,1,39.95,2,1,2022-09-21 09:06:21
1663751183636860000,39.95,1,39.75,1,39.95,2,1,2022-09-21 09:06:23
1663751185150007000,39.9,1,39.75,1,39.9,4,1,2022-09-21 09:06:25
1663751185172326000,39.9,1,39.75,1,39.9,3,1,2022-09-21 09:06:25
1663751185185778000,39.9,1,39.75,1,39.9,5,1,2022-09-21 09:06:25
1663751185799287000,39.9,1,39.75,1,39.9,1,1,2022-09-21 09:06:25
1663751185829617000,39.9,1,39.75,1,39.95,1,1,2022-09-21 09:06:25
1663751186684016000,39.85,1,39.75,1,39.95,1,1,2022-09-21 09:06:26
1663751187084335000,39.95,1,39.75,1,40.0,6,1,2022-09-21 09:06:27
1663751187084335000,40.0,2,39.75,1,40.0,6,1,2022-09-21 09:06:27
1663751187505922000,39.85,2,39.8,1,39.85,1,1,2022-09-21 09:06:27
1663751187524963000,39.85,1,39.8,1,39.95,1,1,2022-09-21 09:06:27
1663751187952277000,39.95,1,39.8,1,40.0,6,1,2022-09-21 09:06:27
1663751188627679000,40.0,1,39.8,1,40.0,5,1,2022-09-21 09:06:28
1663751191578230000,39.85,1,39.8,2,39.85,10,1,2022-09-21 09:06:31
1663751192614913000,39.85,1,39.8,2,39.85,9,1,2022-09-21 09:06:32
1663751193437341000,39.85,2,39.8,2,39.85,7,1,2022-09-21 09:06:33
1663751194272324000,39.85,1,39.8,2,39.85,6,1,2022-09-21 09:06:34
1663751194322948000,39.85,1,39.8,2,39.85,5,1,2022-09-21 09:06:34
1663751195564334000,39.85,1,39.8,3,39.85,4,1,2022-09-21 09:06:35
1663751196830812000,39.85,1,39.8,4,39.85,4,1,2022-09-21 09:06:36
1663751197515905000,39.85,1,39.8,4,39.85,2,1,2022-09-21 09:06:37
1663751197545171000,39.85,2,39.8,4,39.95,2,1,2022-09-21 09:06:37
1663751201219600000,39.85,1,39.8,6,39.95,5,2,2022-09-21 09:06:41
1663751201865546000,39.85,1,39.8,6,39.95,5,2,2022-09-21 09:06:41
1663751201905142000,39.85,1,39.85,9,39.95,5,2,2022-09-21 09:06:41
1663751204139407000,39.9,1,39.85,14,39.95,6,2,2022-09-21 09:06:44
1663751204139407000,39.85,1,39.85,14,39.95,6,2,2022-09-21 09:06:44
1663751205811921000,39.85,19,39.8,6,39.9,2,2,2022-09-21 09:06:45
1663751205873386000,39.8,6,39.8,6,39.85,1,2,2022-09-21 09:06:45
1663751208785889000,39.85,1,39.75,1,39.85,6,1,2022-09-21 09:06:48
1663751211846361000,39.8,1,39.8,4,39.85,6,1,2022-09-21 09:06:51
1663751214874565000,39.8,2,39.8,5,39.85,9,2,2022-09-21 09:06:54
1663751214904129000,39.8,5,39.8,7,39.85,9,2,2022-09-21 09:06:54
1663751215018614000,39.85,9,39.85,1,39.9,2,1,2022-09-21 09:06:55
1663751218278516000,39.85,1,39.75,7,39.9,2,2,2022-09-21 09:06:58
1663751218278516000,39.75,2,39.75,7,39.9,2,2,2022-09-21 09:06:58
1663751218541267000,39.9,1,39.75,7,39.9,1,1,2022-09-21 09:06:58
1663751222631574000,39.9,1,39.75,9,39.9,3,1,2022-09-21 09:07:02
1663751222669319000,39.9,3,39.75,9,39.95,7,1,2022-09-21 09:07:02
1663751223648346000,39.95,1,39.75,9,39.95,6,1,2022-09-21 09:07:03
1663751225981535000,39.95,1,39.9,6,39.95,5,1,2022-09-21 09:07:05
1663751226790474000,39.95,1,39.9,6,39.95,5,1,2022-09-21 09:07:06
1663751227067841000,39.9,2,39.9,4,39.95,4,2,2022-09-21 09:07:07
1663751228566410000,39.9,2,39.9,2,39.95,14,2,2022-09-21 09:07:08
1663751229234831000,39.9,1,39.9,2,39.95,14,2,2022-09-21 09:07:09
1663751229339620000,39.95,1,39.9,2,39.95,13,1,2022-09-21 09:07:09
1663751229352029000,39.9,1,39.9,1,39.95,13,2,2022-09-21 09:07:09
1663751229784268000,39.9,1,39.9,1,39.95,17,2,2022-09-21 09:07:09
1663751231325403000,39.9,5,39.75,15,39.95,12,1,2022-09-21 09:07:11
1663751231325403000,39.95,5,39.75,15,39.95,12,1,2022-09-21 09:07:11
1663751233492163000,39.75,3,39.75,12,39.9,1,2,2022-09-21 09:07:13
1663751247483044000,39.9,2,39.8,10,39.9,9,1,2022-09-21 09:07:27
1663751247508811000,39.9,9,39.8,10,39.95,18,1,2022-09-21 09:07:27
1663751252628081000,39.8,11,39.75,31,39.95,19,2,2022-09-21 09:07:32
1663751252628081000,39.75,4,39.75,31,39.95,19,2,2022-09-21 09:07:32
1663751254889138000,39.75,1,39.75,30,39.95,15,2,2022-09-21 09:07:34
1663751257242778000,39.85,1,39.8,3,39.85,2,1,2022-09-21 09:07:37
1663751259364221000,39.85,1,39.8,3,39.85,1,1,2022-09-21 09:07:39
1663751259469782000,39.8,3,39.75,5,39.85,1,2,2022-09-21 09:07:39
1663751259469782000,39.75,27,39.75,5,39.85,1,2,2022-09-21 09:07:39
1663751259877639000,39.8,1,39.75,5,39.85,1,1,2022-09-21 09:07:39
1663751261759298000,39.75,6,39.7,11,39.85,1,2,2022-09-21 09:07:41
1663751264081825000,39.8,1,39.7,12,39.85,5,2,2022-09-21 09:07:44
1663751264435247000,39.7,1,39.7,11,39.85,5,2,2022-09-21 09:07:44
1663751265540448000,39.7,11,39.6,4,39.8,1,2,2022-09-21 09:07:45
1663751265540448000,39.65,27,39.6,4,39.8,1,2,2022-09-21 09:07:45
1663751270023364000,39.7,1,39.6,4,39.75,2,1,2022-09-21 09:07:50
1663751270350726000,39.6,1,39.6,3,39.75,2,2,2022-09-21 09:07:50
1663751273271883000,39.6,8,39.55,7,39.65,1,2,2022-09-21 09:07:53
1663751274246736000,39.55,3,39.55,5,39.6,1,2,2022-09-21 09:07:54
1663751274766890000,39.6,1,39.55,5,39.65,1,1,2022-09-21 09:07:54
1663751278073855000,39.6,3,39.55,5,39.6,9,1,2022-09-21 09:07:58
1663751278103816000,39.6,9,39.55,5,39.65,1,1,2022-09-21 09:07:58
1663751281598223000,39.65,4,39.6,7,39.7,1,1,2022-09-21 09:08:01
1663751282229912000,39.6,9,39.55,6,39.6,11,2,2022-09-21 09:08:02
1663751282478947000,39.6,1,39.55,6,39.6,10,1,2022-09-21 09:08:02
1663751282879167000,39.6,1,39.55,6,39.6,9,1,2022-09-21 09:08:02
1663751284919769000,39.6,11,39.55,6,39.65,2,1,2022-09-21 09:08:04
1663751289940925000,39.6,1,39.55,7,39.6,1,1,2022-09-21 09:08:09
1663751290518956000,39.6,1,39.6,4,39.65,5,1,2022-09-21 09:08:10
1663751291744755000,39.6,1,39.6,4,39.65,5,2,2022-09-21 09:08:11
1663751291783866000,39.6,2,39.6,2,39.65,5,2,2022-09-21 09:08:11
1663751292892638000,39.65,5,39.6,6,39.65,5,1,2022-09-21 09:08:12
1663751293171482000,39.6,2,39.6,4,39.7,3,2,2022-09-21 09:08:13
1663751294976508000,39.7,3,39.7,2,39.75,1,1,2022-09-21 09:08:14
1663751298425391000,39.75,1,39.7,2,39.75,1,1,2022-09-21 09:08:18
1663751300607180000,39.75,1,39.7,2,39.8,1,1,2022-09-21 09:08:20
1663751303056250000,39.75,1,39.7,2,39.8,1,1,2022-09-21 09:08:23
1663751311307774000,39.75,1,39.65,3,39.75,1,1,2022-09-21 09:08:31
1663751320415531000,39.75,1,39.7,1,39.75,3,1,2022-09-21 09:08:40
1663751325811985000,39.75,1,39.7,1,39.75,7,1,2022-09-21 09:08:45
1663751326771078000,39.75,2,39.7,2,39.75,5,1,2022-09-21 09:08:46
1663751329197170000,39.75,2,39.7,3,39.75,3,1,2022-09-21 09:08:49
1663751330734031000,39.75,1,39.7,3,39.75,2,1,2022-09-21 09:08:50
1663751331505538000,39.7,2,39.7,3,39.75,6,2,2022-09-21 09:08:51
1663751331815807000,39.75,5,39.7,1,39.75,1,1,2022-09-21 09:08:51
1663751332111446000,39.75,1,39.75,2,39.8,2,1,2022-09-21 09:08:52
1663751334104306000,39.8,1,39.75,8,39.8,1,1,2022-09-21 09:08:54
1663751336109441000,39.8,1,39.75,8,39.85,1,1,2022-09-21 09:08:56
1663751336109441000,39.85,2,39.75,8,39.85,1,1,2022-09-21 09:08:56
1663751336403226000,39.75,1,39.75,7,39.85,1,2,2022-09-21 09:08:56
1663751337220822000,39.85,1,39.8,1,39.9,9,1,2022-09-21 09:08:57
1663751339766174000,39.8,1,39.75,9,39.9,9,2,2022-09-21 09:08:59
1663751347079807000,39.9,1,39.8,4,39.9,8,1,2022-09-21 09:09:07
1663751353003810000,39.9,1,39.85,5,39.9,10,1,2022-09-21 09:09:13
1663751353869000000,39.9,2,39.85,5,39.9,8,1,2022-09-21 09:09:13
1663751354476634000,39.85,5,39.8,5,39.9,8,2,2022-09-21 09:09:14
1663751358377597000,39.9,2,39.85,1,39.9,8,1,2022-09-21 09:09:18
1663751369383001000,39.9,1,39.85,7,39.9,10,1,2022-09-21 09:09:29
1663751369609550000,39.85,1,39.85,6,39.9,10,2,2022-09-21 09:09:29
1663751370957483000,39.85,5,39.85,3,39.9,10,2,2022-09-21 09:09:30
1663751371534917000,39.9,10,39.85,3,40.2,6,1,2022-09-21 09:09:31
1663751371534917000,39.95,13,39.85,3,40.2,6,1,2022-09-21 09:09:31
1663751371534917000,40.0,28,39.85,3,40.2,6,1,2022-09-21 09:09:31
1663751371534917000,40.05,14,39.85,3,40.2,6,1,2022-09-21 09:09:31
1663751371534917000,40.1,23,39.85,3,40.2,6,1,2022-09-21 09:09:31
1663751371534917000,40.15,12,39.85,3,40.2,6,1,2022-09-21 09:09:31
1663751371576507000,40.2,1,39.9,1,40.2,5,1,2022-09-21 09:09:31
1663751371597527000,39.9,1,39.85,2,40.2,5,2,2022-09-21 09:09:31
1663751371597527000,39.85,1,39.85,2,40.2,5,2,2022-09-21 09:09:31
1663751371620082000,40.2,1,39.85,2,40.2,4,1,2022-09-21 09:09:31
1663751371666532000,40.15,1,39.85,2,40.2,4,1,2022-09-21 09:09:31
1663751371674780000,40.2,1,39.85,2,40.2,3,1,2022-09-21 09:09:31
1663751371682630000,40.2,1,39.85,2,40.2,2,1,2022-09-21 09:09:31
1663751371690519000,40.2,1,39.85,2,40.2,1,1,2022-09-21 09:09:31
1663751371696151000,40.2,1,39.85,2,40.25,4,1,2022-09-21 09:09:31
1663751371696151000,40.25,2,39.85,2,40.25,4,1,2022-09-21 09:09:31
1663751371716461000,40.15,1,39.9,2,40.25,4,1,2022-09-21 09:09:31
1663751371729145000,40.25,4,39.9,3,40.3,23,1,2022-09-21 09:09:31
1663751371729145000,40.3,1,39.9,3,40.3,23,1,2022-09-21 09:09:31
1663751371729773000,40.3,20,39.9,3,40.3,3,1,2022-09-21 09:09:31
1663751371745516000,40.3,1,39.9,3,40.35,7,1,2022-09-21 09:09:31
1663751371779805000,40.35,7,40.3,3,40.4,12,1,2022-09-21 09:09:31
1663751371779805000,40.4,3,40.3,3,40.4,12,1,2022-09-21 09:09:31
1663751371787715000,40.4,10,40.3,3,40.4,2,1,2022-09-21 09:09:31
1663751371792524000,40.4,1,40.3,3,40.4,1,1,2022-09-21 09:09:31
1663751371831903000,40.4,1,40.3,3,40.45,14,1,2022-09-21 09:09:31
1663751371831903000,40.45,1,40.3,3,40.45,14,1,2022-09-21 09:09:31
1663751371894769000,40.45,1,40.3,3,40.45,13,1,2022-09-21 09:09:31
1663751371903839000,40.45,1,40.3,3,40.45,12,1,2022-09-21 09:09:31
1663751371915295000,40.45,1,40.3,3,40.35,7,1,2022-09-21 09:09:31
1663751372040476000,40.45,1,40.3,3,40.45,10,1,2022-09-21 09:09:32
1663751372060786000,40.45,1,40.3,3,40.45,9,1,2022-09-21 09:09:32
1663751372084189000,40.45,1,40.3,3,40.45,8,1,2022-09-21 09:09:32
1663751372125630000,40.45,1,40.3,3,40.45,7,1,2022-09-21 09:09:32
1663751372369083000,40.45,3,40.3,3,40.45,4,1,2022-09-21 09:09:32
1663751372378393000,40.45,3,40.3,3,40.45,1,1,2022-09-21 09:09:32
1663751372926592000,40.45,1,40.3,3,40.5,67,1,2022-09-21 09:09:32
1663751373018986000,40.3,1,40.3,3,40.5,67,2,2022-09-21 09:09:33
1663751373383947000,40.3,2,39.95,6,40.5,67,2,2022-09-21 09:09:33
1663751373383947000,39.95,2,39.95,6,40.5,67,2,2022-09-21 09:09:33
1663751373958180000,40.0,1,40.0,5,40.45,2,2,2022-09-21 09:09:33
1663751374800979000,40.4,1,40.1,1,40.4,3,1,2022-09-21 09:09:34
1663751376552723000,40.15,1,40.0,3,40.35,3,2,2022-09-21 09:09:36
1663751376552723000,40.1,1,40.0,3,40.35,3,2,2022-09-21 09:09:36
1663751376552723000,40.05,2,40.0,3,40.35,3,2,2022-09-21 09:09:36
1663751376552723000,40.0,2,40.0,3,40.35,3,2,2022-09-21 09:09:36
1663751377738362000,40.3,4,40.2,2,40.35,3,1,2022-09-21 09:09:37
1663751378115525000,40.35,1,40.2,2,40.35,3,1,2022-09-21 09:09:38
1663751378212226000,40.25,1,40.2,2,40.35,3,1,2022-09-21 09:09:38
1663751380199345000,40.25,1,40.2,2,40.3,7,2,2022-09-21 09:09:40
1663751380317578000,40.3,1,40.2,2,40.3,6,1,2022-09-21 09:09:40
1663751380917658000,40.2,1,40.2,2,40.3,7,2,2022-09-21 09:09:40
1663751381055515000,40.2,1,40.1,1,40.25,2,2,2022-09-21 09:09:41
1663751381055515000,40.15,1,40.1,1,40.25,2,2,2022-09-21 09:09:41
1663751381396658000,40.25,1,40.05,1,40.25,1,1,2022-09-21 09:09:41
1663751381750501000,40.25,1,40.2,1,40.3,7,1,2022-09-21 09:09:41
1663751381851481000,40.3,2,40.2,1,40.3,5,1,2022-09-21 09:09:41
1663751381996063000,40.3,1,40.2,1,40.3,4,1,2022-09-21 09:09:41
1663751383546931000,40.3,1,40.25,2,40.3,1,1,2022-09-21 09:09:43
1663751385335635000,40.25,2,40.25,1,40.35,6,2,2022-09-21 09:09:45
1663751385992640000,40.3,1,40.25,1,40.3,4,2,2022-09-21 09:09:45
1663751387045758000,40.25,1,40.25,1,40.3,35,2,2022-09-21 09:09:47
1663751387492155000,40.2,1,40.15,1,40.25,1,2,2022-09-21 09:09:47
1663751388077861000,40.2,1,40.05,1,40.2,1,1,2022-09-21 09:09:48
1663751388223779000,40.2,1,40.05,1,40.25,1,1,2022-09-21 09:09:48
1663751388649329000,40.25,1,40.05,5,40.3,34,1,2022-09-21 09:09:48
1663751388649329000,40.3,2,40.05,5,40.3,34,1,2022-09-21 09:09:48
1663751389967968000,40.25,1,40.1,1,40.25,1,1,2022-09-21 09:09:49
1663751391566378000,40.3,3,40.1,1,40.3,32,1,2022-09-21 09:09:51
1663751392572312000,40.3,1,40.1,1,40.3,32,1,2022-09-21 09:09:52
1663751392687360000,40.3,1,40.1,1,40.3,31,1,2022-09-21 09:09:52
1663751393302092000,40.25,1,39.9,2,40.3,31,2,2022-09-21 09:09:53
1663751393302092000,40.1,1,39.9,2,40.3,31,2,2022-09-21 09:09:53
1663751393302092000,40.05,1,39.9,2,40.3,31,2,2022-09-21 09:09:53
1663751393302092000,40.0,2,39.9,2,40.3,31,2,2022-09-21 09:09:53
1663751393302092000,39.95,9,39.9,2,40.3,31,2,2022-09-21 09:09:53
1663751393302092000,39.9,11,39.9,2,40.3,31,2,2022-09-21 09:09:53
1663751393442233000,40.25,2,39.95,1,40.3,33,1,2022-09-21 09:09:53
1663751395067128000,40.15,1,40.05,1,40.15,1,1,2022-09-21 09:09:55
1663751395662101000,40.15,1,40.05,1,40.2,3,1,2022-09-21 09:09:55
1663751396565527000,40.15,1,40.05,1,40.15,2,1,2022-09-21 09:09:56
1663751396996869000,40.15,1,40.05,1,40.15,2,1,2022-09-21 09:09:56
1663751398381335000,40.15,2,40.05,1,40.15,1,1,2022-09-21 09:09:58
1663751400875083000,40.05,2,40.0,4,40.05,3,2,2022-09-21 09:10:00
1663751401562963000,40.05,3,40.05,6,40.1,2,1,2022-09-21 09:10:01
1663751402898703000,40.05,1,40.05,5,40.1,3,2,2022-09-21 09:10:02
1663751403501489000,40.1,1,40.05,5,40.1,4,1,2022-09-21 09:10:03
1663751403609257000,40.05,1,40.05,4,40.1,3,2,2022-09-21 09:10:03
1663751403609749000,40.05,4,40.0,4,40.05,6,2,2022-09-21 09:10:03
1663751403973052000,40.05,1,40.0,14,40.05,5,1,2022-09-21 09:10:03
1663751404001283000,40.05,3,40.0,14,40.05,2,1,2022-09-21 09:10:04
1663751404001301000,40.05,2,40.0,14,40.1,3,1,2022-09-21 09:10:04
1663751405772598000,40.05,1,40.0,14,40.1,3,2,2022-09-21 09:10:05
1663751406501216000,40.05,1,40.0,14,40.1,3,1,2022-09-21 09:10:06
1663751406531793000,40.1,3,40.0,14,40.05,1,1,2022-09-21 09:10:06
1663751406703365000,40.15,4,40.0,14,40.2,4,1,2022-09-21 09:10:06
1663751406703365000,40.2,1,40.0,14,40.2,4,1,2022-09-21 09:10:06
1663751406832316000,40.0,14,39.95,1,40.0,13,2,2022-09-21 09:10:06
1663751406862516000,39.95,1,39.9,3,40.0,13,2,2022-09-21 09:10:06
1663751408804328000,40.0,6,39.9,3,40.0,7,1,2022-09-21 09:10:08
1663751410581118000,40.0,5,39.95,3,40.0,2,1,2022-09-21 09:10:10
1663751410608479000,40.0,2,39.95,3,40.05,1,1,2022-09-21 09:10:10
1663751415492772000,40.0,2,39.95,5,40.0,9,1,2022-09-21 09:10:15
1663751417272335000,40.0,1,39.95,5,40.0,11,1,2022-09-21 09:10:17
1663751417744347000,40.0,1,39.95,5,40.0,10,1,2022-09-21 09:10:17
1663751418227657000,40.0,2,39.95,5,40.0,8,1,2022-09-21 09:10:18
1663751418813773000,40.0,5,39.95,5,40.0,3,1,2022-09-21 09:10:18
1663751419663111000,40.0,3,39.95,5,40.0,3,1,2022-09-21 09:10:19
1663751420189937000,40.0,2,40.0,1,40.05,5,2,2022-09-21 09:10:20
1663751421210722000,40.05,1,40.0,1,40.05,4,1,2022-09-21 09:10:21
1663751422911228000,40.0,1,39.95,5,40.05,4,2,2022-09-21 09:10:22
1663751423563230000,40.0,1,40.0,2,40.05,4,2,2022-09-21 09:10:23
1663751423974972000,40.0,2,39.95,5,40.0,3,2,2022-09-21 09:10:23
1663751424052711000,40.0,1,39.95,5,40.0,2,1,2022-09-21 09:10:24
1663751426309283000,39.95,1,39.95,5,40.0,4,2,2022-09-21 09:10:26
1663751427803058000,39.95,1,39.95,4,40.0,9,2,2022-09-21 09:10:27
1663751428673840000,39.95,1,39.95,3,40.0,10,2,2022-09-21 09:10:28
1663751428847482000,39.95,1,39.95,2,40.0,10,2,2022-09-21 09:10:28
1663751429126051000,39.95,2,39.9,6,39.95,1,2,2022-09-21 09:10:29
1663751430425532000,39.9,5,39.9,1,39.95,11,2,2022-09-21 09:10:30
1663751430445617000,39.9,1,39.85,5,39.95,11,2,2022-09-21 09:10:30
1663751430870470000,39.85,1,39.85,4,39.95,11,2,2022-09-21 09:10:30
1663751431185037000,39.9,1,39.8,32,39.95,6,2,2022-09-21 09:10:31
1663751431185037000,39.85,4,39.8,32,39.95,6,2,2022-09-21 09:10:31
1663751434246073000,39.85,2,39.8,32,39.9,5,2,2022-09-21 09:10:34
1663751436119592000,39.85,1,39.8,32,39.85,1,2,2022-09-21 09:10:36
1663751437784841000,39.85,1,39.8,33,39.85,1,1,2022-09-21 09:10:37
1663751438047062000,39.8,3,39.8,30,39.85,1,2,2022-09-21 09:10:38
1663751438952675000,39.8,15,39.8,30,39.85,5,2,2022-09-21 09:10:38
1663751440740278000,39.8,1,39.8,14,39.85,4,2,2022-09-21 09:10:40
1663751441190073000,39.8,2,39.8,12,39.85,4,2,2022-09-21 09:10:41
1663751441223085000,39.8,12,39.75,19,39.85,4,2,2022-09-21 09:10:41
1663751441935958000,39.75,19,39.75,19,39.8,3,2,2022-09-21 09:10:41
1663751442194692000,39.75,1,39.7,8,39.8,6,1,2022-09-21 09:10:42
1663751442610731000,39.7,2,39.7,4,39.8,4,2,2022-09-21 09:10:42
1663751444139075000,39.75,1,39.7,4,39.8,4,1,2022-09-21 09:10:44
1663751444983917000,39.7,1,39.7,2,39.8,5,2,2022-09-21 09:10:44
1663751445011676000,39.8,1,39.7,2,39.8,4,1,2022-09-21 09:10:45
1663751445853171000,39.8,1,39.7,2,39.8,3,1,2022-09-21 09:10:45
1663751446402105000,39.7,1,39.7,1,39.8,3,2,2022-09-21 09:10:46
1663751448646136000,39.75,1,39.7,1,39.75,2,1,2022-09-21 09:10:48
1663751450468659000,39.75,1,39.7,1,39.75,1,1,2022-09-21 09:10:50
1663751450507052000,39.7,1,39.65,7,39.75,1,2,2022-09-21 09:10:50
1663751451387071000,39.75,1,39.65,8,39.8,13,1,2022-09-21 09:10:51
1663751456574413000,39.8,3,39.7,2,39.8,10,1,2022-09-21 09:10:56
1663751456979614000,39.8,1,39.7,2,39.8,9,1,2022-09-21 09:10:56
1663751459429995000,39.75,1,39.7,2,39.8,11,1,2022-09-21 09:10:59
1663751460852790000,39.8,12,39.75,6,39.85,5,1,2022-09-21 09:11:00
1663751463985892000,39.85,1,39.75,6,39.85,4,1,2022-09-21 09:11:03
1663751466308975000,39.75,1,39.75,5,39.85,4,2,2022-09-21 09:11:06
1663751467541861000,39.85,3,39.75,5,39.85,1,1,2022-09-21 09:11:07
1663751467575450000,39.85,1,39.75,5,39.9,6,1,2022-09-21 09:11:07
1663751468074086000,39.9,2,39.75,5,39.9,5,1,2022-09-21 09:11:08
1663751469773694000,39.9,3,39.85,1,39.95,1,1,2022-09-21 09:11:09
1663751470605496000,39.85,1,39.8,1,39.85,4,2,2022-09-21 09:11:10
1663751474093401000,39.8,1,39.75,3,39.85,4,2,2022-09-21 09:11:14
1663751474093401000,39.75,2,39.75,3,39.85,4,2,2022-09-21 09:11:14
1663751474531578000,39.85,1,39.75,3,39.85,3,1,2022-09-21 09:11:14
1663751475887174000,39.85,2,39.75,4,39.85,1,1,2022-09-21 09:11:15
1663751475910133000,39.85,1,39.75,4,39.9,12,1,2022-09-21 09:11:15
1663751480125534000,39.85,1,39.75,6,39.85,3,1,2022-09-21 09:11:20
1663751480161395000,39.85,3,39.75,6,39.9,12,1,2022-09-21 09:11:20
1663751487448943000,39.75,1,39.75,10,39.85,11,2,2022-09-21 09:11:27
1663751491646501000,39.75,10,39.75,1,39.85,11,2,2022-09-21 09:11:31
1663751494894507000,39.75,1,39.75,1,39.85,11,2,2022-09-21 09:11:34
1663751498718535000,39.8,1,39.75,4,39.85,11,1,2022-09-21 09:11:38
1663751498778927000,39.75,3,39.75,1,39.85,11,2,2022-09-21 09:11:38
1663751502140278000,39.75,3,39.75,2,39.85,11,2,2022-09-21 09:11:42
1663751505170659000,39.8,1,39.75,3,39.8,1,1,2022-09-21 09:11:45
1663751505200911000,39.8,1,39.75,3,39.85,11,1,2022-09-21 09:11:45
1663751507782506000,39.75,2,39.75,7,39.8,2,2,2022-09-21 09:11:47
1663751517782010000,39.8,1,39.75,20,39.8,23,1,2022-09-21 09:11:57
1663751521824983000,39.8,1,39.75,21,39.8,22,1,2022-09-21 09:12:01
1663751525885585000,39.8,1,39.75,20,39.8,16,1,2022-09-21 09:12:05
1663751526060831000,39.8,1,39.75,19,39.8,15,1,2022-09-21 09:12:06
1663751528231502000,39.75,1,39.75,18,39.8,15,2,2022-09-21 09:12:08
1663751528267692000,39.75,1,39.75,17,39.8,15,2,2022-09-21 09:12:08
1663751529084191000,39.8,1,39.75,17,39.8,17,1,2022-09-21 09:12:09
1663751529170739000,39.75,17,39.7,19,39.75,3,2,2022-09-21 09:12:09
1663751530785696000,39.75,3,39.7,19,39.8,14,1,2022-09-21 09:12:10
1663751530785696000,39.8,3,39.7,19,39.8,14,1,2022-09-21 09:12:10
1663751532120836000,39.7,5,39.7,14,39.8,14,2,2022-09-21 09:12:12
1663751532450056000,39.7,5,39.7,9,39.8,14,2,2022-09-21 09:12:12
1663751533416740000,39.7,9,39.65,5,39.75,7,2,2022-09-21 09:12:13
1663751533416740000,39.65,11,39.65,5,39.75,7,2,2022-09-21 09:12:13
1663751536622598000,39.75,1,39.65,5,39.75,6,1,2022-09-21 09:12:16
1663751536797859000,39.65,1,39.65,4,39.75,6,2,2022-09-21 09:12:16
1663751538700464000,39.65,2,39.65,2,39.7,1,2,2022-09-21 09:12:18
1663751538716366000,39.65,2,39.6,73,39.7,1,2,2022-09-21 09:12:18
1663751539664201000,39.65,1,39.6,73,39.7,1,1,2022-09-21 09:12:19
1663751540435984000,39.6,28,39.6,45,39.65,1,2,2022-09-21 09:12:20
1663751540471776000,39.6,1,39.6,44,39.65,1,2,2022-09-21 09:12:20
1663751542342931000,39.6,44,39.55,25,39.6,6,2,2022-09-21 09:12:22
1663751542352924000,39.55,1,39.55,24,39.6,6,2,2022-09-21 09:12:22
1663751543157751000,39.55,3,39.55,21,39.6,6,2,2022-09-21 09:12:23
1663751543494947000,39.6,1,39.55,21,39.6,5,1,2022-09-21 09:12:23
1663751543572991000,39.55,1,39.55,20,39.6,5,2,2022-09-21 09:12:23
1663751545196145000,39.55,1,39.55,18,39.6,5,2,2022-09-21 09:12:25
1663751545444031000,39.55,1,39.55,17,39.6,5,2,2022-09-21 09:12:25
1663751545482191000,39.55,11,39.55,6,39.6,5,2,2022-09-21 09:12:25
1663751546200999000,39.55,1,39.55,5,39.6,5,2,2022-09-21 09:12:26
1663751547265052000,39.55,2,39.55,3,39.6,5,2,2022-09-21 09:12:27
1663751548796948000,39.6,4,39.55,3,39.6,1,1,2022-09-21 09:12:28
1663751548831351000,39.6,1,39.55,3,39.75,9,1,2022-09-21 09:12:28
1663751551647921000,39.55,3,39.55,5,39.7,1,2,2022-09-21 09:12:31
1663751560986828000,39.6,2,39.6,2,39.65,2,1,2022-09-21 09:12:40
1663751561016060000,39.65,2,39.6,2,39.7,2,1,2022-09-21 09:12:41
1663751569979523000,39.7,1,39.6,12,39.7,1,1,2022-09-21 09:12:49
1663751570003940000,39.7,1,39.6,12,39.75,9,1,2022-09-21 09:12:50
1663751576710496000,39.65,2,39.6,14,39.65,2,1,2022-09-21 09:12:56
1663751582060622000,39.7,1,39.6,17,39.7,18,1,2022-09-21 09:13:02
1663751582785107000,39.7,2,39.6,17,39.7,16,1,2022-09-21 09:13:02
1663751584411338000,39.65,2,39.65,1,39.7,17,2,2022-09-21 09:13:04
1663751587557981000,39.7,1,39.65,2,39.7,19,1,2022-09-21 09:13:07
1663751590768302000,39.7,2,39.65,2,39.7,17,1,2022-09-21 09:13:10
1663751596015426000,39.7,1,39.65,4,39.7,16,1,2022-09-21 09:13:16
1663751598219208000,39.7,2,39.65,4,39.7,14,1,2022-09-21 09:13:18
1663751600816475000,39.7,10,39.65,5,39.7,7,1,2022-09-21 09:13:20
1663751605366320000,39.7,2,39.65,10,39.7,5,1,2022-09-21 09:13:25
1663751605390649000,39.7,4,39.65,10,39.7,1,1,2022-09-21 09:13:25
1663751606472569000,39.7,1,39.65,10,39.75,5,1,2022-09-21 09:13:26
1663751608252805000,39.75,2,39.7,7,39.75,3,1,2022-09-21 09:13:28
1663751612096630000,39.75,3,39.7,19,39.8,5,1,2022-09-21 09:13:32
1663751617274091000,39.8,5,39.75,1,39.85,1,1,2022-09-21 09:13:37
1663751618121000000,39.75,1,39.75,1,39.85,1,2,2022-09-21 09:13:38
1663751624674369000,39.7,1,39.7,21,39.8,1,2,2022-09-21 09:13:44
1663751631371892000,39.8,1,39.75,5,39.8,1,2,2022-09-21 09:13:51
1663751635465769000,39.75,6,39.65,7,39.7,6,2,2022-09-21 09:13:55
1663751635465769000,39.7,10,39.65,7,39.7,6,2,2022-09-21 09:13:55
1663751635612841000,39.7,5,39.65,7,39.7,1,1,2022-09-21 09:13:55
1663751635649874000,39.7,1,39.65,7,39.8,1,1,2022-09-21 09:13:55
1663751645965876000,39.7,1,39.7,2,39.75,2,2,2022-09-21 09:14:05
1663751645997804000,39.7,2,39.65,7,39.75,2,2,2022-09-21 09:14:05
1663751652832998000,39.7,4,39.65,7,39.75,4,2,2022-09-21 09:14:12
1663751654334847000,39.65,4,39.65,3,39.7,10,2,2022-09-21 09:14:14
1663751654334868000,39.65,3,39.6,9,39.7,10,2,2022-09-21 09:14:14
1663751656082883000,39.65,1,39.6,7,39.7,10,1,2022-09-21 09:14:16
1663751667728422000,39.6,9,39.55,30,39.6,1,2,2022-09-21 09:14:27
1663751669376274000,39.6,1,39.55,20,39.65,1,1,2022-09-21 09:14:29
1663751669376274000,39.65,2,39.55,20,39.65,1,1,2022-09-21 09:14:29
1663751672408468000,39.65,1,39.55,20,39.7,10,1,2022-09-21 09:14:32
1663751673542077000,39.65,1,39.55,21,39.75,4,1,2022-09-21 09:14:33
1663751679357516000,39.65,1,39.6,1,39.75,4,1,2022-09-21 09:14:39
1663751686742330000,39.65,1,39.55,14,39.75,4,2,2022-09-21 09:14:46
1663751686742330000,39.6,2,39.55,14,39.75,4,2,2022-09-21 09:14:46
1663751686742330000,39.55,9,39.55,14,39.75,4,2,2022-09-21 09:14:46
1663751689344856000,39.55,2,39.55,12,39.75,5,2,2022-09-21 09:14:49
1663751690857366000,39.55,2,39.55,10,39.7,6,2,2022-09-21 09:14:50
1663751693543421000,39.55,1,39.55,9,39.7,6,2,2022-09-21 09:14:53
1663751700410732000,39.55,3,39.55,6,39.65,3,2,2022-09-21 09:15:00
1663751700430381000,39.55,6,39.5,41,39.65,3,2,2022-09-21 09:15:00
1663751704157937000,39.55,1,39.5,41,39.55,2,1,2022-09-21 09:15:04
1663751704478033000,39.5,2,39.5,39,39.55,2,2,2022-09-21 09:15:04
1663751705324910000,39.5,1,39.5,38,39.55,2,2,2022-09-21 09:15:05
1663751708441184000,39.5,2,39.5,36,39.55,3,2,2022-09-21 09:15:08
1663751712451358000,39.5,10,39.5,26,39.55,3,2,2022-09-21 09:15:12
1663751712479897000,39.5,3,39.5,23,39.55,3,2,2022-09-21 09:15:12
1663751712484008000,39.5,1,39.5,22,39.55,3,2,2022-09-21 09:15:12
1663751712499639000,39.5,1,39.5,21,39.55,3,2,2022-09-21 09:15:12
1663751712499677000,39.5,4,39.5,17,39.55,3,2,2022-09-21 09:15:12
1663751712512645000,39.5,1,39.5,16,39.55,3,2,2022-09-21 09:15:12
1663751712524990000,39.5,1,39.5,15,39.55,3,2,2022-09-21 09:15:12
1663751713000201000,39.5,1,39.5,14,39.55,3,2,2022-09-21 09:15:13
1663751713970142000,39.5,3,39.5,11,39.55,3,2,2022-09-21 09:15:13
1663751714832302000,39.5,5,39.5,8,39.55,3,2,2022-09-21 09:15:14
1663751715246663000,39.5,3,39.5,8,39.55,1,2,2022-09-21 09:15:15
1663751715445736000,39.5,2,39.5,3,39.55,1,2,2022-09-21 09:15:15
1663751715483194000,39.5,1,39.5,2,39.55,1,2,2022-09-21 09:15:15
1663751716892196000,39.5,2,39.45,2,39.55,1,2,2022-09-21 09:15:16
1663751716948064000,39.45,1,39.45,1,39.5,1,2,2022-09-21 09:15:16
1663751717239032000,39.45,1,39.4,21,39.5,1,2,2022-09-21 09:15:17
1663751719724818000,39.45,1,39.4,21,39.5,1,2,2022-09-21 09:15:19
1663751725810298000,39.4,1,39.4,20,39.45,1,2,2022-09-21 09:15:25
1663751726221511000,39.4,1,39.4,19,39.45,1,2,2022-09-21 09:15:26
1663751729149646000,39.4,10,39.4,9,39.45,2,2,2022-09-21 09:15:29
1663751729178481000,39.4,1,39.4,8,39.45,2,2,2022-09-21 09:15:29
1663751729224510000,39.4,1,39.4,19,39.45,2,2,2022-09-21 09:15:29
1663751729841158000,39.4,1,39.4,6,39.45,2,2,2022-09-21 09:15:29
1663751730694490000,39.4,6,39.35,17,39.45,2,2,2022-09-21 09:15:30
1663751730694490000,39.35,4,39.35,17,39.45,2,2,2022-09-21 09:15:30
1663751730832740000,39.35,2,39.35,17,39.4,2,2,2022-09-21 09:15:30
1663751732867330000,39.35,2,39.35,13,39.4,3,2,2022-09-21 09:15:32
1663751733856764000,39.35,1,39.35,2,39.4,3,2,2022-09-21 09:15:33
1663751734513024000,39.35,2,39.3,26,39.4,3,2,2022-09-21 09:15:34
1663751734513024000,39.3,1,39.3,26,39.4,3,2,2022-09-21 09:15:34
1663751734557414000,39.3,10,39.3,16,39.4,3,2,2022-09-21 09:15:34
1663751734658404000,39.3,2,39.3,14,39.35,1,2,2022-09-21 09:15:34
1663751736927522000,39.3,14,39.25,34,39.35,1,2,2022-09-21 09:15:36
1663751736927522000,39.25,6,39.25,34,39.35,1,2,2022-09-21 09:15:36
1663751737178894000,39.25,1,39.25,34,39.3,4,2,2022-09-21 09:15:37
1663751741411369000,39.25,10,39.25,23,39.3,4,2,2022-09-21 09:15:41
1663751741442981000,39.25,1,39.25,22,39.3,4,2,2022-09-21 09:15:41
1663751742529678000,39.3,4,39.25,26,39.35,2,1,2022-09-21 09:15:42
1663751743221549000,39.25,2,39.25,24,39.35,2,2,2022-09-21 09:15:43
1663751743574277000,39.25,1,39.25,23,39.35,2,2,2022-09-21 09:15:43
1663751744533935000,39.35,1,39.25,23,39.35,1,1,2022-09-21 09:15:44
1663751744827910000,39.25,2,39.25,21,39.35,1,2,2022-09-21 09:15:44
1663751745484546000,39.35,1,39.3,8,39.35,1,1,2022-09-21 09:15:45
1663751747507924000,39.3,1,39.3,7,39.4,2,2,2022-09-21 09:15:47
1663751748655202000,39.3,1,39.3,8,39.4,2,2,2022-09-21 09:15:48
1663751753386055000,39.4,2,39.3,25,39.45,2,1,2022-09-21 09:15:53
1663751756219588000,39.4,1,39.4,2,39.45,2,1,2022-09-21 09:15:56
1663751760540777000,39.4,1,39.4,4,39.45,8,2,2022-09-21 09:16:00
1663751760569848000,39.4,4,39.35,4,39.45,8,2,2022-09-21 09:16:00
1663751761071206000,39.45,1,39.4,2,39.45,7,1,2022-09-21 09:16:01
1663751761359242000,39.45,1,39.4,4,39.45,10,1,2022-09-21 09:16:01
1663751761522409000,39.4,1,39.4,5,39.45,9,2,2022-09-21 09:16:01
1663751763225992000,39.45,1,39.4,14,39.45,8,1,2022-09-21 09:16:03
1663751763258368000,39.4,1,39.4,13,39.45,8,2,2022-09-21 09:16:03
1663751766002854000,39.4,6,39.4,9,39.45,8,2,2022-09-21 09:16:06
1663751766987843000,39.45,2,39.4,9,39.45,6,1,2022-09-21 09:16:06
1663751767032980000,39.4,1,39.4,8,39.45,6,2,2022-09-21 09:16:07
1663751772994384000,39.4,2,39.4,7,39.45,17,2,2022-09-21 09:16:12
1663751774285253000,39.4,1,39.4,6,39.45,17,2,2022-09-21 09:16:14
1663751774315251000,39.4,6,39.35,4,39.45,17,2,2022-09-21 09:16:14
1663751776891967000,39.35,2,39.35,3,39.4,1,2,2022-09-21 09:16:16
1663751779882563000,39.4,1,39.35,3,39.4,2,1,2022-09-21 09:16:19
1663751781231121000,39.35,1,39.35,2,39.4,2,2,2022-09-21 09:16:21
1663751783759167000,39.35,1,39.35,3,39.4,2,2,2022-09-21 09:16:23
1663751785289259000,39.35,1,39.35,1,39.4,2,2,2022-09-21 09:16:25
1663751785690157000,39.35,1,39.25,28,39.4,2,2,2022-09-21 09:16:25
1663751785690157000,39.3,8,39.25,28,39.4,2,2,2022-09-21 09:16:25
1663751786203692000,39.25,2,39.25,26,39.35,1,2,2022-09-21 09:16:26
1663751791758107000,39.3,1,39.25,29,39.35,2,2,2022-09-21 09:16:31
1663751795077202000,39.3,2,39.3,1,39.35,2,2,2022-09-21 09:16:35
1663751796065143000,39.35,2,39.3,1,39.4,5,1,2022-09-21 09:16:36
1663751802930132000,39.35,8,39.3,2,39.35,5,1,2022-09-21 09:16:42
1663751802962405000,39.3,1,39.3,1,39.35,5,2,2022-09-21 09:16:42
1663751802982041000,39.3,1,39.25,29,39.35,5,2,2022-09-21 09:16:42
1663751804826291000,39.35,1,39.3,1,39.35,6,1,2022-09-21 09:16:44
1663751808563557000,39.35,2,39.3,3,39.35,5,1,2022-09-21 09:16:48
1663751814970173000,39.35,12,39.3,11,39.35,12,1,2022-09-21 09:16:54
1663751817794592000,39.35,1,39.35,6,39.4,15,2,2022-09-21 09:16:57
1663751817982624000,39.4,10,39.35,6,39.4,5,1,2022-09-21 09:16:57
1663751820108186000,39.4,1,39.35,6,39.4,4,1,2022-09-21 09:17:00
1663751820965906000,39.4,4,39.35,6,39.45,15,1,2022-09-21 09:17:00
1663751822793008000,39.45,1,39.35,7,39.45,14,1,2022-09-21 09:17:02
1663751823212740000,39.4,5,39.35,8,39.45,14,2,2022-09-21 09:17:03
1663751826448788000,39.4,3,39.35,8,39.4,2,2,2022-09-21 09:17:06
1663751829746518000,39.4,1,39.35,8,39.4,2,1,2022-09-21 09:17:09
1663751831230214000,39.35,1,39.35,8,39.4,2,2,2022-09-21 09:17:11
1663751838252192000,39.4,5,39.35,14,39.45,13,1,2022-09-21 09:17:18
1663751852497213000,39.4,2,39.4,2,39.45,13,2,2022-09-21 09:17:32
1663751853551307000,39.4,2,39.35,29,39.4,1,2,2022-09-21 09:17:33
1663751856457919000,39.4,1,39.4,9,39.45,13,1,2022-09-21 09:17:36
1663751857209227000,39.45,2,39.4,9,39.45,11,1,2022-09-21 09:17:37
1663751857265836000,39.4,1,39.4,8,39.45,11,2,2022-09-21 09:17:37
1663751859306675000,39.4,3,39.4,5,39.45,21,2,2022-09-21 09:17:39
1663751871862860000,39.45,10,39.4,12,39.45,11,1,2022-09-21 09:17:51
1663751872619651000,39.4,2,39.4,10,39.45,11,2,2022-09-21 09:17:52
1663751874172596000,39.45,1,39.4,10,39.45,10,1,2022-09-21 09:17:54
1663751880260657000,39.45,1,39.4,10,39.45,9,1,2022-09-21 09:18:00
1663751880395175000,39.45,1,39.4,10,39.45,8,1,2022-09-21 09:18:00
1663751880654960000,39.45,5,39.4,11,39.45,3,1,2022-09-21 09:18:00
1663751880690764000,39.45,3,39.4,11,39.5,1,1,2022-09-21 09:18:00
1663751891725354000,39.5,1,39.45,7,39.5,5,1,2022-09-21 09:18:11
1663751901349599000,39.5,1,39.45,10,39.5,4,1,2022-09-21 09:18:21
1663751903882865000,39.5,1,39.45,10,39.5,3,1,2022-09-21 09:18:23
1663751904984116000,39.5,1,39.45,10,39.5,2,1,2022-09-21 09:18:24
1663751907451883000,39.5,1,39.45,10,39.5,6,1,2022-09-21 09:18:27
1663751908275768000,39.5,1,39.45,10,39.5,5,1,2022-09-21 09:18:28
1663751914356328000,39.5,1,39.45,13,39.5,4,1,2022-09-21 09:18:34
1663751915614972000,39.5,1,39.45,12,39.5,5,1,2022-09-21 09:18:35
1663751919529157000,39.5,4,39.5,1,39.55,11,1,2022-09-21 09:18:39
1663751921485873000,39.55,1,39.5,1,39.55,10,1,2022-09-21 09:18:41
1663751928357561000,39.55,1,39.5,5,39.55,9,1,2022-09-21 09:18:48
1663751929908846000,39.55,1,39.5,5,39.55,8,1,2022-09-21 09:18:49
1663751932677670000,39.55,3,39.5,10,39.55,5,1,2022-09-21 09:18:52
1663751933042072000,39.55,1,39.5,10,39.55,4,1,2022-09-21 09:18:53
1663751933080117000,39.55,2,39.5,10,39.55,2,1,2022-09-21 09:18:53
1663751934430161000,39.55,1,39.5,10,39.55,1,1,2022-09-21 09:18:54
1663751934464764000,39.55,1,39.5,10,39.6,14,1,2022-09-21 09:18:54
1663751941893635000,39.55,1,39.55,1,39.6,14,2,2022-09-21 09:19:01
1663751943449468000,39.6,1,39.55,1,39.6,13,1,2022-09-21 09:19:03
1663751947139674000,39.6,1,39.55,2,39.6,12,1,2022-09-21 09:19:07
1663751947873033000,39.6,8,39.55,2,39.6,4,1,2022-09-21 09:19:07
1663751947910554000,39.6,4,39.55,2,39.65,7,1,2022-09-21 09:19:07
1663751952428501000,39.55,1,39.55,5,39.65,7,2,2022-09-21 09:19:12
1663751953312356000,39.6,1,39.55,8,39.6,1,1,2022-09-21 09:19:13
1663751953844524000,39.65,1,39.6,2,39.65,6,1,2022-09-21 09:19:13
1663751956955404000,39.65,2,39.6,2,39.65,4,1,2022-09-21 09:19:16
1663751959616130000,39.6,3,39.6,3,39.65,4,2,2022-09-21 09:19:19
1663751961952016000,39.6,1,39.55,9,39.6,6,1,2022-09-21 09:19:21
1663751963934671000,39.55,9,39.5,25,39.6,10,2,2022-09-21 09:19:23
1663751963934671000,39.5,1,39.5,25,39.6,10,2,2022-09-21 09:19:23
1663751966613216000,39.55,1,39.5,25,39.6,10,1,2022-09-21 09:19:26
1663751973788379000,39.55,1,39.5,25,39.55,4,1,2022-09-21 09:19:33
1663751973965574000,39.55,3,39.5,25,39.55,2,1,2022-09-21 09:19:33
1663751976433260000,39.55,1,39.5,25,39.55,1,1,2022-09-21 09:19:36
1663751978530733000,39.55,1,39.5,25,39.6,11,1,2022-09-21 09:19:38
1663751979684347000,39.5,1,39.5,24,39.6,11,2,2022-09-21 09:19:39
1663751984106865000,39.55,1,39.5,24,39.6,10,1,2022-09-21 09:19:44
1663751984300346000,39.5,1,39.5,23,39.6,10,2,2022-09-21 09:19:44
1663751988371235000,39.55,1,39.5,25,39.6,10,1,2022-09-21 09:19:48
1663751992513965000,39.55,1,39.5,25,39.6,10,1,2022-09-21 09:19:52
1663751993315077000,39.5,1,39.5,24,39.6,10,2,2022-09-21 09:19:53
1663752002265656000,39.55,5,39.5,25,39.6,10,2,2022-09-21 09:20:02
1663752006918761000,39.55,1,39.5,30,39.6,10,2,2022-09-21 09:20:06
1663752011167024000,39.55,1,39.5,30,39.55,1,2,2022-09-21 09:20:11
1663752016846100000,39.5,1,39.5,29,39.55,3,2,2022-09-21 09:20:16
1663752023143159000,39.5,1,39.5,28,39.55,3,2,2022-09-21 09:20:23
1663752024798878000,39.5,10,39.5,19,39.55,3,2,2022-09-21 09:20:24
1663752025800671000,39.5,2,39.5,17,39.55,3,2,2022-09-21 09:20:25
1663752027186267000,39.5,2,39.5,15,39.55,3,2,2022-09-21 09:20:27
1663752027517803000,39.5,1,39.5,14,39.55,3,2,2022-09-21 09:20:27
1663752030206404000,39.5,1,39.5,13,39.55,3,2,2022-09-21 09:20:30
1663752031001204000,39.5,13,39.45,13,39.55,2,2,2022-09-21 09:20:31
1663752037436115000,39.45,1,39.45,11,39.5,8,2,2022-09-21 09:20:37
1663752040018724000,39.45,1,39.45,10,39.5,18,2,2022-09-21 09:20:40
1663752046253391000,39.45,2,39.45,8,39.5,19,2,2022-09-21 09:20:46
1663752046278494000,39.45,5,39.45,3,39.5,19,2,2022-09-21 09:20:46
1663752046310394000,39.45,3,39.4,45,39.5,19,2,2022-09-21 09:20:46
1663752048578486000,39.4,3,39.4,42,39.5,19,2,2022-09-21 09:20:48
1663752059125886000,39.4,5,39.4,37,39.45,16,2,2022-09-21 09:20:59
1663752059146769000,39.4,6,39.4,31,39.45,16,2,2022-09-21 09:20:59
1663752059151590000,39.4,1,39.4,30,39.45,16,2,2022-09-21 09:20:59
1663752059622678000,39.4,1,39.4,29,39.45,16,2,2022-09-21 09:20:59
1663752059643264000,39.4,1,39.4,28,39.45,16,2,2022-09-21 09:20:59
1663752060080999000,39.4,5,39.4,23,39.45,16,2,2022-09-21 09:21:00
1663752060483109000,39.4,5,39.4,18,39.45,15,2,2022-09-21 09:21:00
1663752061455253000,39.4,1,39.4,17,39.45,15,2,2022-09-21 09:21:01
1663752063210034000,39.4,2,39.4,15,39.45,15,2,2022-09-21 09:21:03
1663752064023743000,39.4,2,39.4,13,39.45,13,2,2022-09-21 09:21:04
1663752069054841000,39.4,5,39.4,8,39.45,13,2,2022-09-21 09:21:09
1663752069082740000,39.4,8,39.35,14,39.45,13,2,2022-09-21 09:21:09
1663752069164615000,39.35,14,39.3,18,39.4,1,2,2022-09-21 09:21:09
1663752076402838000,39.35,3,39.3,17,39.35,1,1,2022-09-21 09:21:16
1663752083131333000,39.35,1,39.3,17,39.35,5,1,2022-09-21 09:21:23
1663752085503894000,39.35,6,39.35,14,39.4,3,1,2022-09-21 09:21:25
1663752086662368000,39.4,3,39.35,20,39.4,3,1,2022-09-21 09:21:26
1663752101069858000,39.4,1,39.35,20,39.4,1,1,2022-09-21 09:21:41
1663752109754547000,39.35,1,39.35,5,39.4,1,2,2022-09-21 09:21:49
1663752110962379000,39.4,1,39.35,5,39.45,10,1,2022-09-21 09:21:50
1663752112097399000,39.4,5,39.4,9,39.45,10,2,2022-09-21 09:21:52
1663752114850563000,39.4,1,39.4,8,39.45,10,2,2022-09-21 09:21:54
1663752119769503000,39.4,2,39.4,6,39.45,10,2,2022-09-21 09:21:59
1663752119804938000,39.4,1,39.4,5,39.45,10,2,2022-09-21 09:21:59
1663752120965596000,39.4,1,39.4,4,39.45,10,2,2022-09-21 09:22:00
1663752123569040000,39.4,1,39.4,3,39.45,10,2,2022-09-21 09:22:03
1663752132569444000,39.4,1,39.4,4,39.45,11,2,2022-09-21 09:22:12
1663752143553662000,39.4,4,39.35,8,39.45,11,2,2022-09-21 09:22:23
1663752144030928000,39.35,8,39.3,12,39.4,1,2,2022-09-21 09:22:24
1663752148698003000,39.3,1,39.3,11,39.35,3,2,2022-09-21 09:22:28
1663752149909815000,39.35,1,39.3,11,39.35,2,1,2022-09-21 09:22:29
1663752156244780000,39.3,5,39.3,6,39.35,2,2,2022-09-21 09:22:36
1663752156468461000,39.3,5,39.3,6,39.35,2,2,2022-09-21 09:22:36
1663752156854693000,39.3,1,39.25,63,39.35,2,2,2022-09-21 09:22:36
1663752156854693000,39.25,4,39.25,63,39.35,2,2,2022-09-21 09:22:36
1663752157105741000,39.3,1,39.25,63,39.35,2,1,2022-09-21 09:22:37
1663752157620534000,39.3,1,39.25,63,39.3,4,1,2022-09-21 09:22:37
1663752159895733000,39.25,3,39.25,50,39.3,4,2,2022-09-21 09:22:39
1663752161069545000,39.25,1,39.25,24,39.3,4,2,2022-09-21 09:22:41
1663752161467934000,39.25,2,39.25,22,39.3,4,2,2022-09-21 09:22:41
1663752161512507000,39.25,1,39.25,21,39.3,4,2,2022-09-21 09:22:41
1663752161997745000,39.25,1,39.25,20,39.3,4,2,2022-09-21 09:22:41
1663752162566946000,39.25,1,39.25,19,39.3,4,2,2022-09-21 09:22:42
1663752162649878000,39.25,1,39.25,18,39.3,4,2,2022-09-21 09:22:42
1663752163070276000,39.25,1,39.25,17,39.3,4,2,2022-09-21 09:22:43
1663752163866835000,39.25,1,39.25,16,39.3,4,2,2022-09-21 09:22:43
1663752169647437000,39.25,1,39.25,12,39.3,6,2,2022-09-21 09:22:49
1663752172350320000,39.25,1,39.25,12,39.3,8,2,2022-09-21 09:22:52
1663752173784113000,39.25,1,39.25,11,39.3,8,2,2022-09-21 09:22:53
1663752175991672000,39.25,2,39.25,9,39.3,8,2,2022-09-21 09:22:55
1663752177910380000,39.25,1,39.25,8,39.3,8,2,2022-09-21 09:22:57
1663752178549419000,39.25,2,39.25,6,39.3,8,2,2022-09-21 09:22:58
1663752178614898000,39.25,1,39.25,5,39.3,8,2,2022-09-21 09:22:58
1663752178737172000,39.25,5,39.2,26,39.3,8,2,2022-09-21 09:22:58
1663752180605501000,39.25,1,39.2,26,39.25,5,1,2022-09-21 09:23:00
1663752187153898000,39.25,5,39.25,5,39.3,8,1,2022-09-21 09:23:07
1663752187190856000,39.25,1,39.25,4,39.3,8,2,2022-09-21 09:23:07
1663752187218373000,39.25,1,39.25,3,39.3,8,2,2022-09-21 09:23:07
1663752187309369000,39.25,1,39.25,2,39.3,8,2,2022-09-21 09:23:07
1663752189294992000,39.25,1,39.25,3,39.3,8,2,2022-09-21 09:23:09
1663752190956578000,39.25,1,39.25,3,39.3,8,2,2022-09-21 09:23:10
1663752191700227000,39.25,1,39.25,14,39.3,8,2,2022-09-21 09:23:11
1663752193381157000,39.3,2,39.25,14,39.3,6,1,2022-09-21 09:23:13
1663752193408752000,39.3,6,39.25,14,39.35,4,1,2022-09-21 09:23:13
1663752193859080000,39.3,1,39.25,14,39.35,4,1,2022-09-21 09:23:13
1663752193969236000,39.25,4,39.25,10,39.35,4,2,2022-09-21 09:23:13
1663752194986469000,39.35,1,39.25,10,39.35,3,1,2022-09-21 09:23:14
1663752198375799000,39.35,1,39.25,10,39.35,2,1,2022-09-21 09:23:18
1663752209567239000,39.3,1,39.3,1,39.35,8,2,2022-09-21 09:23:29
1663752217883660000,39.3,5,39.25,19,39.3,5,2,2022-09-21 09:23:37
1663752218748160000,39.3,1,39.25,19,39.3,4,1,2022-09-21 09:23:38
1663752221321224000,39.3,2,39.25,19,39.3,2,1,2022-09-21 09:23:41
1663752222072505000,39.3,1,39.25,19,39.3,1,1,2022-09-21 09:23:42
1663752223399462000,39.3,1,39.25,18,39.3,1,1,2022-09-21 09:23:43
1663752225097793000,39.3,6,39.3,17,39.35,15,1,2022-09-21 09:23:45
1663752228061601000,39.3,1,39.3,37,39.35,15,2,2022-09-21 09:23:48
1663752228545534000,39.3,1,39.3,36,39.35,15,2,2022-09-21 09:23:48
1663752230084517000,39.35,2,39.3,38,39.35,13,1,2022-09-21 09:23:50
1663752232849347000,39.35,1,39.3,38,39.35,12,1,2022-09-21 09:23:52
1663752233248187000,39.35,2,39.3,38,39.35,10,1,2022-09-21 09:23:53
1663752234051440000,39.35,2,39.3,38,39.35,8,1,2022-09-21 09:23:54
1663752236794074000,39.35,2,39.3,38,39.35,6,1,2022-09-21 09:23:56
1663752237377561000,39.35,2,39.3,38,39.35,4,1,2022-09-21 09:23:57
1663752239043821000,39.35,1,39.3,38,39.35,3,1,2022-09-21 09:23:59
1663752240063418000,39.35,3,39.35,1,39.4,18,1,2022-09-21 09:24:00
1663752247109362000,39.35,3,39.3,39,39.4,18,2,2022-09-21 09:24:07
1663752253090045000,39.35,2,39.3,39,39.35,1,1,2022-09-21 09:24:13
1663752253876148000,39.35,1,39.3,39,39.4,19,1,2022-09-21 09:24:13
1663752255931088000,39.35,1,39.35,4,39.4,19,2,2022-09-21 09:24:15
1663752257375262000,39.35,4,39.3,39,39.4,19,2,2022-09-21 09:24:17
1663752274288074000,39.35,1,39.3,37,39.4,19,2,2022-09-21 09:24:34
1663752278649125000,39.35,1,39.3,38,39.4,19,1,2022-09-21 09:24:38
