ts,close,volume,bid_price,bid_volume,ask_price,ask_volume,tick_type,datetime
1663750807090551000,30.45,566,30.4,3,30.45,6,1,2022-09-21 09:00:07
1663750807183918000,30.4,1,30.4,2,30.45,6,2,2022-09-21 09:00:07
1663750807194388000,30.4,1,30.4,1,30.45,6,2,2022-09-21 09:00:07
1663750807194817000,30.4,1,30.35,2,30.45,6,2,2022-09-21 09:00:07
1663750807227264000,30.45,6,30.35,2,30.5,14,1,2022-09-21 09:00:07
1663750807243001000,30.35,2,30.15,2,30.5,14,2,2022-09-21 09:00:07
1663750807243001000,30.25,3,30.15,2,30.5,14,2,2022-09-21 09:00:07
1663750807243001000,30.2,11,30.15,2,30.5,14,2,2022-09-21 09:00:07
1663750807243001000,30.15,5,30.15,2,30.5,14,2,2022-09-21 09:00:07
1663750807393393000,30.5,1,30.15,2,30.5,13,1,2022-09-21 09:00:07
1663750807472029000,30.45,1,30.15,2,30.5,13,2,2022-09-21 09:00:07
1663750807569406000,30.5,5,30.15,2,30.5,8,1,2022-09-21 09:00:07
1663750808177409000,30.2,1,30.15,1,30.5,8,2,2022-09-21 09:00:08
1663750808177409000,30.15,1,30.15,1,30.5,8,2,2022-09-21 09:00:08
1663750808243621000,30.25,3,30.15,4,30.45,1,1,2022-09-21 09:00:08
1663750808312322000,30.15,1,30.15,3,30.45,1,2,2022-09-21 09:00:08
1663750808363133000,30.4,3,30.15,3,30.35,7,2,2022-09-21 09:00:08
1663750808555047000,30.35,7,30.3,2,30.45,1,1,2022-09-21 09:00:08
1663750808638466000,30.4,1,30.3,2,30.45,1,1,2022-09-21 09:00:08
1663750809470900000,30.3,1,30.3,4,30.45,1,2,2022-09-21 09:00:09
1663750809753835000,30.4,1,30.35,1,30.45,1,2,2022-09-21 09:00:09
1663750810015044000,30.45,1,30.35,4,30.5,3,1,2022-09-21 09:00:10
1663750810015044000,30.5,8,30.35,4,30.5,3,1,2022-09-21 09:00:10
1663750810208753000,30.35,1,30.35,3,30.5,3,2,2022-09-21 09:00:10
1663750810750769000,30.35,1,30.35,2,30.5,2,2,2022-09-21 09:00:10
1663750811660101000,30.45,2,30.35,2,30.45,8,1,2022-09-21 09:00:11
1663750811696436000,30.45,3,30.35,2,30.45,5,1,2022-09-21 09:00:11
1663750811697215000,30.45,5,30.35,2,30.5,2,1,2022-09-21 09:00:11
1663750811878808000,30.5,2,30.6,22,30.7,4,1,2022-09-21 09:00:11
1663750811878808000,30.6,6,30.6,22,30.7,4,1,2022-09-21 09:00:11
1663750811913450000,30.6,1,30.6,21,30.7,4,2,2022-09-21 09:00:11
1663750811913472000,30.6,1,30.6,20,30.7,4,2,2022-09-21 09:00:11
1663750811964482000,30.6,1,30.6,19,30.7,4,2,2022-09-21 09:00:11
1663750811964521000,30.6,1,30.6,18,30.7,4,2,2022-09-21 09:00:11
1663750811964555000,30.6,1,30.6,17,30.7,4,2,2022-09-21 09:00:11
1663750811964589000,30.6,1,30.6,16,30.7,4,2,2022-09-21 09:00:11
1663750811964672000,30.6,1,30.6,15,30.7,4,2,2022-09-21 09:00:11
1663750811964675000,30.6,1,30.6,14,30.7,4,2,2022-09-21 09:00:11
1663750812016687000,30.6,14,30.3,3,30.7,4,2,2022-09-21 09:00:12
1663750812053083000,30.3,2,30.3,1,30.7,4,2,2022-09-21 09:00:12
1663750812612902000,30.4,1,30.4,1,30.5,5,2,2022-09-21 09:00:12
1663750812620343000,30.5,1,30.4,1,30.5,4,1,2022-09-21 09:00:12
1663750812786773000,30.5,1,30.4,4,30.5,3,1,2022-09-21 09:00:12
1663750813127550000,30.4,1,30.4,3,30.5,3,2,2022-09-21 09:00:13
1663750813140913000,30.5,3,30.5,2,30.65,3,1,2022-09-21 09:00:13
1663750813162295000,30.5,1,30.5,1,30.65,3,2,2022-09-21 09:00:13
1663750813413736000,30.5,1,30.4,3,30.5,4,2,2022-09-21 09:00:13
1663750813452448000,30.5,4,30.4,3,30.6,1,1,2022-09-21 09:00:13
1663750813890090000,30.6,1,30.4,3,30.7,4,1,2022-09-21 09:00:13
1663750813890090000,30.65,2,30.4,3,30.7,4,1,2022-09-21 09:00:13
1663750814083811000,30.45,2,30.35,5,30.65,1,2,2022-09-21 09:00:14
1663750814083811000,30.4,3,30.35,5,30.65,1,2,2022-09-21 09:00:14
1663750814994840000,30.65,1,30.45,1,30.65,1,1,2022-09-21 09:00:14
1663750815041373000,30.45,1,30.4,2,30.65,1,2,2022-09-21 09:00:15
1663750815041373000,30.4,1,30.4,2,30.65,1,2,2022-09-21 09:00:15
1663750815343201000,30.6,1,30.5,1,30.65,1,1,2022-09-21 09:00:15
1663750815344673000,30.65,1,30.5,1,30.7,3,1,2022-09-21 09:00:15
1663750815344673000,30.7,1,30.5,1,30.7,3,1,2022-09-21 09:00:15
1663750815833976000,30.5,2,30.45,1,30.5,8,2,2022-09-21 09:00:15
1663750815859295000,30.5,7,30.45,1,30.5,1,1,2022-09-21 09:00:15
1663750815889720000,30.5,1,30.45,1,30.65,1,1,2022-09-21 09:00:15
1663750816528356000,30.6,1,30.45,2,30.6,4,1,2022-09-21 09:00:16
1663750816630437000,30.45,3,30.4,1,30.6,4,2,2022-09-21 09:00:16
1663750816630437000,30.4,1,30.4,1,30.6,4,2,2022-09-21 09:00:16
1663750816898854000,30.5,1,30.45,15,30.6,4,1,2022-09-21 09:00:16
1663750816915742000,30.6,1,30.45,15,30.5,1,1,2022-09-21 09:00:16
1663750817567082000,30.55,1,30.45,15,30.6,4,1,2022-09-21 09:00:17
1663750817736758000,30.6,1,30.45,15,30.6,3,1,2022-09-21 09:00:17
1663750818773268000,30.55,2,30.5,2,30.55,1,1,2022-09-21 09:00:18
1663750819313550000,30.5,2,30.5,3,30.55,2,2,2022-09-21 09:00:19
1663750819358855000,30.55,1,30.5,3,30.55,1,1,2022-09-21 09:00:19
1663750819446121000,30.55,1,30.5,3,30.55,1,1,2022-09-21 09:00:19
1663750819493005000,30.6,5,30.5,3,30.6,10,1,2022-09-21 09:00:19
1663750820290821000,30.55,2,30.5,4,30.6,9,1,2022-09-21 09:00:20
1663750820290821000,30.6,1,30.5,4,30.6,9,1,2022-09-21 09:00:20
1663750820470485000,30.55,1,30.5,4,30.55,1,1,2022-09-21 09:00:20
1663750820479798000,30.6,1,30.5,4,30.6,8,1,2022-09-21 09:00:20
1663750821607269000,30.6,5,30.55,2,30.6,9,1,2022-09-21 09:00:21
1663750822584302000,30.55,2,30.55,1,30.6,11,2,2022-09-21 09:00:22
1663750822605480000,30.6,2,30.55,1,30.6,9,1,2022-09-21 09:00:22
1663750822654480000,30.6,3,30.55,1,30.6,6,1,2022-09-21 09:00:22
1663750822727253000,30.55,1,30.45,14,30.6,6,2,2022-09-21 09:00:22
1663750822727253000,30.5,7,30.45,14,30.6,6,2,2022-09-21 09:00:22
1663750822727253000,30.45,4,30.45,14,30.6,6,2,2022-09-21 09:00:22
1663750822806722000,30.6,3,30.45,14,30.6,3,1,2022-09-21 09:00:22
1663750822916603000,30.45,1,30.45,13,30.55,1,2,2022-09-21 09:00:22
1663750823154101000,30.55,3,30.55,2,30.6,6,1,2022-09-21 09:00:23
1663750823180335000,30.55,2,30.45,14,30.6,6,2,2022-09-21 09:00:23
1663750823292658000,30.6,1,30.45,14,30.6,5,1,2022-09-21 09:00:23
1663750823595121000,30.5,1,30.45,14,30.5,9,1,2022-09-21 09:00:23
1663750823835131000,30.5,2,30.45,15,30.5,7,1,2022-09-21 09:00:23
1663750824030001000,30.5,2,30.45,15,30.5,5,1,2022-09-21 09:00:24
1663750824279470000,30.45,1,30.45,14,30.5,5,2,2022-09-21 09:00:24
1663750824417463000,30.5,1,30.45,15,30.5,5,1,2022-09-21 09:00:24
1663750824914916000,30.45,12,30.45,2,30.5,5,2,2022-09-21 09:00:24
1663750824925832000,30.45,2,30.4,7,30.5,5,2,2022-09-21 09:00:24
1663750824925832000,30.4,3,30.4,7,30.5,5,2,2022-09-21 09:00:24
1663750824970216000,30.4,3,30.4,4,30.5,5,2,2022-09-21 09:00:24
1663750824975496000,30.5,2,30.4,4,30.5,3,1,2022-09-21 09:00:24
1663750824997366000,30.4,4,30.35,11,30.5,3,2,2022-09-21 09:00:24
1663750825044597000,30.5,1,30.35,11,30.5,2,1,2022-09-21 09:00:25
1663750825089030000,30.5,1,30.35,11,30.5,1,1,2022-09-21 09:00:25
1663750825378011000,30.45,2,30.35,11,30.45,5,1,2022-09-21 09:00:25
1663750825833954000,30.45,1,30.35,11,30.45,3,1,2022-09-21 09:00:25
1663750826042232000,30.45,1,30.35,11,30.45,1,1,2022-09-21 09:00:26
1663750826346613000,30.35,1,30.35,10,30.4,2,2,2022-09-21 09:00:26
1663750826359748000,30.4,1,30.35,10,30.4,1,1,2022-09-21 09:00:26
1663750826427478000,30.4,1,30.35,10,30.45,1,1,2022-09-21 09:00:26
1663750826458733000,30.35,3,30.35,11,30.4,2,2,2022-09-21 09:00:26
1663750826650059000,30.45,2,30.35,5,30.5,9,1,2022-09-21 09:00:26
1663750826650059000,30.5,1,30.35,5,30.5,9,1,2022-09-21 09:00:26
1663750827162484000,30.4,2,30.35,5,30.5,7,1,2022-09-21 09:00:27
1663750827162484000,30.45,2,30.35,5,30.5,7,1,2022-09-21 09:00:27
1663750827162484000,30.5,1,30.35,5,30.5,7,1,2022-09-21 09:00:27
1663750827305124000,30.4,1,30.35,5,30.5,17,2,2022-09-21 09:00:27
1663750827770446000,30.45,1,30.4,1,30.45,9,1,2022-09-21 09:00:27
1663750827796980000,30.4,1,30.35,5,30.45,9,2,2022-09-21 09:00:27
1663750828543354000,30.35,5,30.3,15,30.45,11,2,2022-09-21 09:00:28
1663750828686169000,30.45,1,30.3,15,30.45,12,1,2022-09-21 09:00:28
1663750829250924000,30.35,2,30.3,15,30.4,3,2,2022-09-21 09:00:29
1663750829463836000,30.4,2,30.3,15,30.4,3,1,2022-09-21 09:00:29
1663750829473414000,30.4,1,30.3,15,30.45,12,1,2022-09-21 09:00:29
1663750829539962000,30.3,2,30.3,13,30.45,12,2,2022-09-21 09:00:29
1663750829785224000,30.45,10,30.3,14,30.45,7,1,2022-09-21 09:00:29
1663750829838016000,30.45,1,30.3,14,30.45,6,1,2022-09-21 09:00:29
1663750829971497000,30.45,6,30.3,14,30.45,6,1,2022-09-21 09:00:29
1663750829971497000,30.5,4,30.3,14,30.45,6,1,2022-09-21 09:00:29
1663750830127863000,30.4,1,30.3,14,30.4,1,2,2022-09-21 09:00:30
1663750830200471000,30.4,1,30.3,14,30.45,1,1,2022-09-21 09:00:30
1663750830751294000,30.4,1,30.35,1,30.4,4,1,2022-09-21 09:00:30
1663750831620779000,30.4,3,30.35,1,30.4,2,1,2022-09-21 09:00:31
1663750832918531000,30.4,1,30.35,1,30.4,7,1,2022-09-21 09:00:32
1663750832948504000,30.35,1,30.3,14,30.35,1,2,2022-09-21 09:00:32
1663750832952672000,30.35,1,30.3,14,30.4,6,1,2022-09-21 09:00:32
1663750832952672000,30.4,1,30.3,14,30.4,6,1,2022-09-21 09:00:32
1663750832960304000,30.4,2,30.35,1,30.4,8,1,2022-09-21 09:00:32
1663750833224508000,30.4,4,30.3,14,30.45,1,1,2022-09-21 09:00:33
1663750833224508000,30.45,6,30.3,14,30.45,1,1,2022-09-21 09:00:33
1663750833228291000,30.45,1,30.3,14,30.5,21,1,2022-09-21 09:00:33
1663750833228291000,30.5,2,30.3,14,30.5,21,1,2022-09-21 09:00:33
1663750833575425000,30.35,1,30.3,14,30.4,3,2,2022-09-21 09:00:33
1663750833877034000,30.3,1,30.3,13,30.4,3,2,2022-09-21 09:00:33
1663750834173214000,30.35,1,30.3,14,30.4,3,1,2022-09-21 09:00:34
1663750834488401000,30.35,1,30.3,14,30.4,3,2,2022-09-21 09:00:34
1663750834750631000,30.4,2,30.35,1,30.4,1,1,2022-09-21 09:00:34
1663750834928196000,30.4,1,30.35,1,30.45,10,1,2022-09-21 09:00:34
1663750835187706000,30.35,1,30.3,17,30.35,2,2,2022-09-21 09:00:35
1663750835210064000,30.3,2,30.3,15,30.35,2,2,2022-09-21 09:00:35
1663750835359998000,30.35,1,30.3,15,30.35,1,1,2022-09-21 09:00:35
1663750835590353000,30.35,1,30.35,9,30.4,2,1,2022-09-21 09:00:35
1663750835823419000,30.35,1,30.35,11,30.4,2,2,2022-09-21 09:00:35
1663750836141752000,30.4,2,30.35,21,30.45,11,1,2022-09-21 09:00:36
1663750836243246000,30.35,1,30.35,20,30.45,11,2,2022-09-21 09:00:36
1663750836418438000,30.45,11,30.4,31,30.5,24,1,2022-09-21 09:00:36
1663750836677852000,30.4,15,30.4,17,30.5,25,2,2022-09-21 09:00:36
1663750836783617000,30.5,5,30.4,17,30.5,20,1,2022-09-21 09:00:36
1663750836823227000,30.5,1,30.4,17,30.5,19,1,2022-09-21 09:00:36
1663750837055504000,30.45,1,30.4,13,30.5,19,2,2022-09-21 09:00:37
1663750837055504000,30.4,4,30.4,13,30.5,19,2,2022-09-21 09:00:37
1663750837079854000,30.5,3,30.4,13,30.5,16,1,2022-09-21 09:00:37
1663750837218704000,30.45,2,30.45,5,30.5,16,2,2022-09-21 09:00:37
1663750837243785000,30.5,1,30.45,5,30.5,15,1,2022-09-21 09:00:37
1663750837288809000,30.5,1,30.45,5,30.5,14,1,2022-09-21 09:00:37
1663750837457272000,30.5,5,30.45,15,30.5,9,1,2022-09-21 09:00:37
1663750837472295000,30.5,1,30.45,15,30.5,14,1,2022-09-21 09:00:37
1663750837484896000,30.5,1,30.45,15,30.5,7,1,2022-09-21 09:00:37
1663750837498275000,30.5,7,30.45,15,30.55,3,1,2022-09-21 09:00:37
1663750837623291000,30.55,3,30.55,2,30.6,17,1,2022-09-21 09:00:37
1663750837723641000,30.6,5,30.55,2,30.6,12,1,2022-09-21 09:00:37
1663750837763094000,30.55,1,30.55,1,30.6,12,2,2022-09-21 09:00:37
1663750837838500000,30.6,1,30.55,1,30.6,11,1,2022-09-21 09:00:37
1663750838390342000,30.6,3,30.55,1,30.6,12,1,2022-09-21 09:00:38
1663750838832589000,30.6,1,30.55,1,30.6,8,1,2022-09-21 09:00:38
1663750838840225000,30.6,8,30.6,2,30.65,18,1,2022-09-21 09:00:38
1663750839309907000,30.6,4,30.6,8,30.65,18,2,2022-09-21 09:00:39
1663750839478050000,30.6,2,30.6,8,30.65,18,2,2022-09-21 09:00:39
1663750839855105000,30.6,1,30.6,12,30.65,18,2,2022-09-21 09:00:39
1663750840025533000,30.65,4,30.6,11,30.65,14,1,2022-09-21 09:00:40
1663750840082209000,30.6,1,30.6,10,30.65,14,2,2022-09-21 09:00:40
1663750840254810000,30.6,7,30.6,3,30.65,14,2,2022-09-21 09:00:40
1663750840281085000,30.65,2,30.6,3,30.65,12,1,2022-09-21 09:00:40
1663750840451654000,30.65,2,30.6,3,30.65,14,1,2022-09-21 09:00:40
1663750840527038000,30.6,2,30.5,2,30.65,12,2,2022-09-21 09:00:40
1663750840527038000,30.5,2,30.5,2,30.65,12,2,2022-09-21 09:00:40
1663750840530986000,30.65,8,30.5,2,30.65,4,1,2022-09-21 09:00:40
1663750841293300000,30.65,2,30.5,8,30.65,2,1,2022-09-21 09:00:41
1663750841353876000,30.65,2,30.5,8,30.7,56,1,2022-09-21 09:00:41
1663750841818645000,30.6,1,30.5,2,30.6,2,1,2022-09-21 09:00:41
1663750842233119000,30.6,2,30.65,3,30.7,56,1,2022-09-21 09:00:42
1663750842259382000,30.65,1,30.65,2,30.7,56,2,2022-09-21 09:00:42
1663750842267613000,30.65,1,30.65,1,30.7,56,2,2022-09-21 09:00:42
1663750842267637000,30.65,1,30.5,3,30.7,56,2,2022-09-21 09:00:42
1663750842978988000,30.6,4,30.45,5,30.5,2,2,2022-09-21 09:00:42
1663750842978988000,30.5,2,30.45,5,30.5,2,2,2022-09-21 09:00:42
1663750843015319000,30.5,2,30.45,5,30.65,2,1,2022-09-21 09:00:43
1663750843083145000,30.6,1,30.45,5,30.65,2,1,2022-09-21 09:00:43
1663750843258847000,30.6,1,30.45,5,30.65,3,2,2022-09-21 09:00:43
1663750843295765000,30.65,1,30.45,5,30.65,2,1,2022-09-21 09:00:43
1663750843598608000,30.65,1,30.6,2,30.65,1,1,2022-09-21 09:00:43
1663750843699002000,30.65,1,30.6,2,30.65,5,1,2022-09-21 09:00:43
1663750843929950000,30.6,1,30.6,3,30.65,5,2,2022-09-21 09:00:43
1663750844105013000,30.65,1,30.6,2,30.65,6,1,2022-09-21 09:00:44
1663750844526842000,30.65,3,30.6,2,30.65,3,1,2022-09-21 09:00:44
1663750844663581000,30.65,2,30.6,2,30.65,1,1,2022-09-21 09:00:44
1663750844726862000,30.6,1,30.6,1,30.65,2,2,2022-09-21 09:00:44
1663750844752707000,30.65,2,30.65,3,30.7,56,1,2022-09-21 09:00:44
1663750844778961000,30.65,3,30.6,1,30.7,56,2,2022-09-21 09:00:44
1663750845272775000,30.7,1,30.65,13,30.7,55,1,2022-09-21 09:00:45
1663750846361843000,30.7,1,30.65,18,30.7,54,1,2022-09-21 09:00:46
1663750846426138000,30.7,1,30.65,18,30.7,53,1,2022-09-21 09:00:46
1663750846427002000,30.7,1,30.65,18,30.7,52,1,2022-09-21 09:00:46
1663750846430606000,30.7,1,30.65,18,30.7,55,1,2022-09-21 09:00:46
1663750846789852000,30.7,1,30.65,18,30.7,51,1,2022-09-21 09:00:46
1663750847104133000,30.65,1,30.65,27,30.7,50,2,2022-09-21 09:00:47
1663750847214043000,30.65,2,30.65,25,30.7,50,2,2022-09-21 09:00:47
1663750847227799000,30.65,1,30.65,24,30.7,50,2,2022-09-21 09:00:47
1663750847368501000,30.7,1,30.65,24,30.7,49,1,2022-09-21 09:00:47
1663750847568502000,30.65,3,30.65,22,30.7,49,2,2022-09-21 09:00:47
1663750847669991000,30.7,2,30.65,22,30.7,47,1,2022-09-21 09:00:47
1663750847990421000,30.7,2,30.65,22,30.7,45,1,2022-09-21 09:00:47
1663750848051452000,30.7,2,30.65,25,30.7,43,1,2022-09-21 09:00:48
1663750848173127000,30.65,1,30.65,25,30.7,43,2,2022-09-21 09:00:48
1663750848209954000,30.7,1,30.65,25,30.7,43,1,2022-09-21 09:00:48
1663750848255124000,30.65,2,30.65,23,30.7,43,2,2022-09-21 09:00:48
1663750848596963000,30.65,1,30.65,24,30.7,43,2,2022-09-21 09:00:48
1663750848857339000,30.7,1,30.65,24,30.7,45,1,2022-09-21 09:00:48
1663750849036634000,30.7,1,30.65,24,30.7,43,1,2022-09-21 09:00:49
1663750849435277000,30.7,2,30.65,25,30.7,44,1,2022-09-21 09:00:49
1663750849677622000,30.7,1,30.65,15,30.7,41,1,2022-09-21 09:00:49
1663750849787250000,30.7,1,30.65,15,30.7,40,1,2022-09-21 09:00:49
1663750849902447000,30.7,5,30.65,15,30.7,35,1,2022-09-21 09:00:49
1663750849924517000,30.7,1,30.65,15,30.7,42,1,2022-09-21 09:00:49
1663750850068658000,30.65,14,30.65,1,30.7,34,2,2022-09-21 09:00:50
1663750850148524000,30.65,1,30.6,12,30.7,34,2,2022-09-21 09:00:50
1663750850272581000,30.7,3,30.6,12,30.7,31,1,2022-09-21 09:00:50
1663750850728764000,30.65,2,30.6,12,30.65,6,2,2022-09-21 09:00:50
1663750850789016000,30.65,2,30.6,42,30.65,4,1,2022-09-21 09:00:50
1663750850794636000,30.65,2,30.6,42,30.65,2,1,2022-09-21 09:00:50
1663750850820778000,30.65,2,30.6,42,30.7,32,1,2022-09-21 09:00:50
1663750850964682000,30.7,1,30.65,2,30.7,32,1,2022-09-21 09:00:50
1663750851014842000,30.65,1,30.65,1,30.7,31,2,2022-09-21 09:00:51
1663750851017544000,30.65,1,30.6,42,30.7,31,2,2022-09-21 09:00:51
1663750851065645000,30.6,1,30.6,41,30.65,1,2,2022-09-21 09:00:51
1663750851089063000,30.6,1,30.6,40,30.65,1,2,2022-09-21 09:00:51
1663750851103473000,30.65,1,30.6,40,30.7,31,1,2022-09-21 09:00:51
1663750851254562000,30.65,1,30.6,40,30.65,2,1,2022-09-21 09:00:51
1663750851462743000,30.65,1,30.6,40,30.65,3,1,2022-09-21 09:00:51
1663750851658286000,30.6,5,30.6,35,30.65,22,2,2022-09-21 09:00:51
1663750851681020000,30.6,12,30.6,25,30.65,22,2,2022-09-21 09:00:51
1663750851682724000,30.65,3,30.6,25,30.65,19,1,2022-09-21 09:00:51
1663750851825401000,30.65,1,30.6,25,30.65,19,1,2022-09-21 09:00:51
1663750852076619000,30.6,7,30.6,18,30.65,18,2,2022-09-21 09:00:52
1663750852426520000,30.65,1,30.6,18,30.65,18,1,2022-09-21 09:00:52
1663750852453994000,30.6,1,30.6,17,30.65,18,2,2022-09-21 09:00:52
1663750852484214000,30.6,3,30.6,17,30.65,18,2,2022-09-21 09:00:52
1663750852515160000,30.6,14,30.5,20,30.65,22,2,2022-09-21 09:00:52
1663750852568861000,30.65,1,30.5,20,30.65,21,1,2022-09-21 09:00:52
1663750852964806000,30.6,1,30.5,19,30.6,32,1,2022-09-21 09:00:52
1663750852978655000,30.6,1,30.5,19,30.6,31,1,2022-09-21 09:00:52
1663750853010080000,30.5,3,30.5,16,30.6,31,2,2022-09-21 09:00:53
1663750853122644000,30.55,1,30.5,16,30.55,6,1,2022-09-21 09:00:53
1663750853187620000,30.55,6,30.5,17,30.6,22,1,2022-09-21 09:00:53
1663750853187620000,30.6,14,30.5,17,30.6,22,1,2022-09-21 09:00:53
1663750853197800000,30.6,20,30.5,17,30.6,2,1,2022-09-21 09:00:53
1663750853267827000,30.6,1,30.5,17,30.6,4,1,2022-09-21 09:00:53
1663750853340431000,30.5,1,30.5,16,30.6,4,2,2022-09-21 09:00:53
1663750853363133000,30.6,1,30.5,16,30.6,10,1,2022-09-21 09:00:53
1663750853595424000,30.55,1,30.5,16,30.55,8,1,2022-09-21 09:00:53
1663750853618597000,30.55,1,30.5,16,30.55,7,1,2022-09-21 09:00:53
1663750853619632000,30.55,1,30.5,16,30.55,6,1,2022-09-21 09:00:53
1663750853872169000,30.55,1,30.5,16,30.55,6,1,2022-09-21 09:00:53
1663750854019999000,30.55,1,30.5,16,30.55,4,1,2022-09-21 09:00:54
1663750854128124000,30.55,1,30.5,16,30.55,3,1,2022-09-21 09:00:54
1663750854285236000,30.5,3,30.5,13,30.55,4,2,2022-09-21 09:00:54
1663750854385462000,30.5,1,30.5,12,30.55,4,2,2022-09-21 09:00:54
1663750855051802000,30.55,3,30.5,14,30.55,6,1,2022-09-21 09:00:55
1663750855197198000,30.5,2,30.5,11,30.55,6,2,2022-09-21 09:00:55
1663750855244821000,30.55,1,30.5,11,30.55,5,1,2022-09-21 09:00:55
1663750855273594000,30.5,3,30.5,8,30.55,5,2,2022-09-21 09:00:55
1663750855329751000,30.5,3,30.5,5,30.55,5,2,2022-09-21 09:00:55
1663750855451273000,30.5,4,30.5,1,30.55,2,2,2022-09-21 09:00:55
1663750855731258000,30.5,1,30.45,6,30.55,4,2,2022-09-21 09:00:55
1663750856130517000,30.55,1,30.5,1,30.55,3,1,2022-09-21 09:00:56
1663750856143104000,30.55,1,30.5,1,30.55,2,1,2022-09-21 09:00:56
1663750856213473000,30.5,1,30.45,6,30.5,2,2,2022-09-21 09:00:56
1663750856689889000,30.5,2,30.5,25,30.55,5,1,2022-09-21 09:00:56
1663750856893642000,30.5,3,30.5,22,30.55,5,2,2022-09-21 09:00:56
1663750857112749000,30.5,10,30.5,13,30.55,10,2,2022-09-21 09:00:57
1663750857149749000,30.55,5,30.5,13,30.55,5,1,2022-09-21 09:00:57
1663750857181395000,30.55,1,30.5,13,30.55,4,1,2022-09-21 09:00:57
1663750857368654000,30.55,2,30.5,13,30.55,6,1,2022-09-21 09:00:57
1663750857376865000,30.55,1,30.5,13,30.55,8,1,2022-09-21 09:00:57
1663750857605512000,30.55,3,30.5,13,30.55,2,1,2022-09-21 09:00:57
1663750858003845000,30.5,1,30.5,12,30.55,2,2,2022-09-21 09:00:58
1663750858050594000,30.55,1,30.5,12,30.55,1,1,2022-09-21 09:00:58
1663750858174402000,30.5,10,30.5,2,30.55,1,2,2022-09-21 09:00:58
1663750858852083000,30.55,1,30.5,3,30.55,3,1,2022-09-21 09:00:58
1663750859490904000,30.55,2,30.5,3,30.6,47,1,2022-09-21 09:00:59
1663750859973848000,30.5,2,30.5,2,30.55,1,2,2022-09-21 09:00:59
1663750859991341000,30.55,1,30.5,4,30.55,1,1,2022-09-21 09:00:59
1663750860020300000,30.55,4,30.5,2,30.6,47,2,2022-09-21 09:01:00
1663750860248383000,30.5,2,30.45,8,30.55,12,2,2022-09-21 09:01:00
1663750860259022000,30.55,1,30.45,8,30.55,11,1,2022-09-21 09:01:00
1663750860411002000,30.5,1,30.5,1,30.55,11,2,2022-09-21 09:01:00
1663750860712580000,30.5,5,30.45,8,30.5,4,1,2022-09-21 09:01:00
1663750860914645000,30.5,1,30.45,8,30.5,9,1,2022-09-21 09:01:00
1663750861074498000,30.5,1,30.45,8,30.5,12,1,2022-09-21 09:01:01
1663750861161993000,30.45,1,30.45,8,30.5,12,2,2022-09-21 09:01:01
1663750861279159000,30.45,7,30.45,1,30.5,12,2,2022-09-21 09:01:01
1663750861859338000,30.5,3,30.45,3,30.5,16,1,2022-09-21 09:01:01
1663750861918480000,30.5,2,30.45,3,30.5,17,1,2022-09-21 09:01:01
1663750862040151000,30.5,1,30.45,3,30.5,14,1,2022-09-21 09:01:02
1663750862136831000,30.5,1,30.45,3,30.5,13,1,2022-09-21 09:01:02
1663750862150531000,30.5,1,30.45,3,30.5,12,1,2022-09-21 09:01:02
1663750862157227000,30.45,3,30.4,36,30.45,1,2,2022-09-21 09:01:02
1663750862312572000,30.45,1,30.4,36,30.5,12,1,2022-09-21 09:01:02
1663750862506897000,30.5,1,30.4,36,30.5,11,1,2022-09-21 09:01:02
1663750862562974000,30.45,1,30.4,36,30.45,3,1,2022-09-21 09:01:02
1663750862731917000,30.45,3,30.4,36,30.45,3,1,2022-09-21 09:01:02
1663750863091523000,30.4,25,30.4,11,30.5,17,2,2022-09-21 09:01:03
1663750863115156000,30.4,11,30.35,35,30.5,17,2,2022-09-21 09:01:03
1663750863428781000,30.45,3,30.5,10,30.55,31,1,2022-09-21 09:01:03
1663750863428781000,30.5,17,30.5,10,30.55,31,1,2022-09-21 09:01:03
1663750863453733000,30.5,3,30.5,9,30.55,31,2,2022-09-21 09:01:03
1663750863453958000,30.5,1,30.5,8,30.55,31,2,2022-09-21 09:01:03
1663750863454147000,30.5,8,30.35,35,30.55,31,2,2022-09-21 09:01:03
1663750863638472000,30.4,1,30.35,35,30.45,2,1,2022-09-21 09:01:03
1663750863739526000,30.45,1,30.35,35,30.45,1,1,2022-09-21 09:01:03
1663750863750782000,30.45,1,30.35,35,30.55,31,1,2022-09-21 09:01:03
1663750864065547000,30.45,1,30.35,35,30.45,9,1,2022-09-21 09:01:04
1663750864067362000,30.45,2,30.35,35,30.45,7,1,2022-09-21 09:01:04
1663750865039158000,30.45,2,30.4,4,30.45,5,1,2022-09-21 09:01:05
1663750865080281000,30.4,1,30.4,3,30.45,5,2,2022-09-21 09:01:05
1663750865377583000,30.45,1,30.4,3,30.45,4,1,2022-09-21 09:01:05
1663750865407301000,30.45,1,30.4,3,30.45,3,1,2022-09-21 09:01:05
1663750865583051000,30.45,1,30.4,3,30.45,5,1,2022-09-21 09:01:05
1663750865670391000,30.4,2,30.4,1,30.45,5,2,2022-09-21 09:01:05
1663750865825508000,30.4,1,30.35,35,30.45,7,2,2022-09-21 09:01:05
1663750866075601000,30.45,1,30.4,9,30.45,6,1,2022-09-21 09:01:06
1663750866397221000,30.4,1,30.4,8,30.45,8,2,2022-09-21 09:01:06
1663750866414045000,30.45,1,30.4,8,30.45,7,1,2022-09-21 09:01:06
1663750866493265000,30.45,1,30.4,8,30.45,7,1,2022-09-21 09:01:06
1663750868776205000,30.45,1,30.4,14,30.45,14,1,2022-09-21 09:01:08
1663750868953478000,30.45,1,30.4,14,30.45,13,1,2022-09-21 09:01:08
1663750869271733000,30.4,15,30.35,35,30.45,15,2,2022-09-21 09:01:09
1663750869312804000,30.4,1,30.35,35,30.45,15,2,2022-09-21 09:01:09
1663750869693777000,30.4,2,30.35,35,30.45,15,1,2022-09-21 09:01:09
1663750869700750000,30.45,1,30.35,35,30.45,14,1,2022-09-21 09:01:09
1663750871031647000,30.45,1,30.4,2,30.45,30,1,2022-09-21 09:01:11
1663750871070931000,30.45,1,30.4,2,30.45,29,1,2022-09-21 09:01:11
1663750871562354000,30.45,1,30.4,3,30.45,28,1,2022-09-21 09:01:11
1663750871626706000,30.4,3,30.35,33,30.4,2,2,2022-09-21 09:01:11
1663750871668192000,30.35,1,30.35,32,30.4,2,2,2022-09-21 09:01:11
1663750871819050000,30.4,1,30.35,32,30.4,2,1,2022-09-21 09:01:11
1663750872284909000,30.35,7,30.35,25,30.4,11,2,2022-09-21 09:01:12
1663750872486023000,30.4,3,30.35,25,30.4,10,1,2022-09-21 09:01:12
1663750872688665000,30.4,10,30.35,25,30.45,21,1,2022-09-21 09:01:12
1663750872688665000,30.45,9,30.35,25,30.45,21,1,2022-09-21 09:01:12
1663750872702584000,30.45,10,30.35,25,30.45,11,1,2022-09-21 09:01:12
1663750872735172000,30.4,1,30.35,25,30.45,11,1,2022-09-21 09:01:12
1663750873173237000,30.35,3,30.35,24,30.45,11,2,2022-09-21 09:01:13
1663750873323526000,30.45,1,30.35,24,30.45,12,1,2022-09-21 09:01:13
1663750873581819000,30.4,1,30.35,24,30.4,1,1,2022-09-21 09:01:13
1663750873753153000,30.4,1,30.35,24,30.45,9,1,2022-09-21 09:01:13
1663750873753153000,30.45,4,30.35,24,30.45,9,1,2022-09-21 09:01:13
1663750874294141000,30.4,1,30.35,15,30.45,10,2,2022-09-21 09:01:14
1663750874294141000,30.35,9,30.35,15,30.45,10,2,2022-09-21 09:01:14
1663750874666312000,30.4,1,30.35,16,30.45,10,1,2022-09-21 09:01:14
1663750874832704000,30.4,1,30.4,8,30.45,10,2,2022-09-21 09:01:14
1663750876421401000,30.4,3,30.4,15,30.45,18,2,2022-09-21 09:01:16
1663750877212257000,30.4,1,30.4,13,30.45,18,2,2022-09-21 09:01:17
1663750877220563000,30.4,1,30.4,12,30.45,18,2,2022-09-21 09:01:17
1663750877428557000,30.4,3,30.4,9,30.45,18,2,2022-09-21 09:01:17
1663750878144957000,30.45,1,30.4,10,30.45,17,1,2022-09-21 09:01:18
1663750878430305000,30.45,17,30.4,11,30.45,17,1,2022-09-21 09:01:18
1663750878558309000,30.4,2,30.4,9,30.5,11,2,2022-09-21 09:01:18
1663750879085275000,30.5,9,30.45,5,30.55,24,1,2022-09-21 09:01:19
1663750879102430000,30.45,1,30.45,4,30.55,24,2,2022-09-21 09:01:19
1663750879286411000,30.45,2,30.45,12,30.55,24,2,2022-09-21 09:01:19
1663750879620097000,30.5,5,30.45,13,30.55,22,1,2022-09-21 09:01:19
1663750879637031000,30.55,3,30.5,8,30.55,19,1,2022-09-21 09:01:19
1663750879827749000,30.55,3,30.5,9,30.55,16,1,2022-09-21 09:01:19
1663750879855772000,30.55,9,30.5,10,30.55,7,1,2022-09-21 09:01:19
1663750879886773000,30.55,5,30.5,12,30.55,2,1,2022-09-21 09:01:19
1663750880081470000,30.55,2,30.5,12,30.6,60,1,2022-09-21 09:01:20
1663750880193091000,30.6,1,30.55,8,30.6,59,1,2022-09-21 09:01:20
1663750880265139000,30.55,3,30.55,5,30.6,59,2,2022-09-21 09:01:20
1663750880306553000,30.55,5,30.5,12,30.6,59,2,2022-09-21 09:01:20
1663750880394656000,30.6,4,30.5,12,30.6,55,1,2022-09-21 09:01:20
1663750880540961000,30.6,2,30.55,2,30.6,58,1,2022-09-21 09:01:20
1663750880573712000,30.55,3,30.5,12,30.6,58,2,2022-09-21 09:01:20
1663750880668266000,30.5,12,30.45,10,30.6,58,2,2022-09-21 09:01:20
1663750880668266000,30.45,8,30.45,10,30.6,58,2,2022-09-21 09:01:20
1663750880689434000,30.6,2,30.45,10,30.6,56,1,2022-09-21 09:01:20
1663750881258331000,30.5,1,30.45,7,30.5,2,1,2022-09-21 09:01:21
1663750881465097000,30.5,1,30.45,7,30.5,1,1,2022-09-21 09:01:21
1663750881469160000,30.5,1,30.45,7,30.6,49,1,2022-09-21 09:01:21
1663750881469160000,30.55,1,30.45,7,30.6,49,1,2022-09-21 09:01:21
1663750881469160000,30.6,2,30.45,7,30.6,49,1,2022-09-21 09:01:21
1663750881695084000,30.6,1,30.45,4,30.6,48,1,2022-09-21 09:01:21
1663750882280498000,30.5,1,30.45,4,30.5,19,1,2022-09-21 09:01:22
1663750882289502000,30.45,4,30.4,12,30.5,19,2,2022-09-21 09:01:22
1663750882366153000,30.5,19,30.4,12,30.6,7,1,2022-09-21 09:01:22
1663750882366153000,30.6,41,30.4,12,30.6,7,1,2022-09-21 09:01:22
1663750882636649000,30.6,1,30.4,20,30.6,4,1,2022-09-21 09:01:22
1663750882986920000,30.6,1,30.5,10,30.6,8,1,2022-09-21 09:01:22
1663750883207633000,30.6,5,30.5,10,30.6,2,1,2022-09-21 09:01:23
1663750883921287000,30.6,1,30.5,10,30.6,1,1,2022-09-21 09:01:23
1663750884339994000,30.5,1,30.45,3,30.6,1,1,2022-09-21 09:01:24
1663750884518862000,30.6,1,30.45,3,30.65,11,1,2022-09-21 09:01:24
1663750884678943000,30.65,1,30.45,3,30.65,10,1,2022-09-21 09:01:24
1663750885066077000,30.6,2,30.45,3,30.65,11,2,2022-09-21 09:01:25
1663750885411408000,30.45,2,30.45,2,30.65,11,2,2022-09-21 09:01:25
1663750885743437000,30.65,5,30.5,2,30.65,6,1,2022-09-21 09:01:25
1663750886081493000,30.6,1,30.5,2,30.6,1,2,2022-09-21 09:01:26
1663750886110994000,30.6,1,30.5,2,30.65,4,1,2022-09-21 09:01:26
1663750886467871000,30.6,1,30.5,2,30.6,1,1,2022-09-21 09:01:26
1663750886842351000,30.6,1,30.5,2,30.7,45,1,2022-09-21 09:01:26
1663750886842351000,30.65,5,30.5,2,30.7,45,1,2022-09-21 09:01:26
1663750886842351000,30.7,13,30.5,2,30.7,45,1,2022-09-21 09:01:26
1663750887512783000,30.65,1,30.5,9,30.55,2,2,2022-09-21 09:01:27
1663750887542205000,30.55,2,30.5,9,30.7,45,1,2022-09-21 09:01:27
1663750888374831000,30.65,2,30.6,4,30.65,3,1,2022-09-21 09:01:28
1663750888796813000,30.6,1,30.6,4,30.65,1,2,2022-09-21 09:01:28
1663750888966191000,30.65,1,30.6,4,30.65,1,1,2022-09-21 09:01:28
1663750888966191000,30.7,4,30.6,4,30.65,1,1,2022-09-21 09:01:28
1663750889267761000,30.6,2,30.6,2,30.7,17,2,2022-09-21 09:01:29
1663750889561542000,30.65,2,30.6,2,30.65,2,1,2022-09-21 09:01:29
1663750890045557000,30.65,1,30.6,3,30.65,1,1,2022-09-21 09:01:30
1663750890275416000,30.65,1,30.6,3,30.7,20,1,2022-09-21 09:01:30
1663750890275416000,30.7,4,30.6,3,30.7,20,1,2022-09-21 09:01:30
1663750890757832000,30.65,1,30.65,2,30.7,21,2,2022-09-21 09:01:30
1663750890782812000,30.65,2,30.6,3,30.7,21,2,2022-09-21 09:01:30
1663750891338839000,30.7,5,30.65,4,30.7,23,1,2022-09-21 09:01:31
1663750891718957000,30.65,1,30.65,3,30.7,23,2,2022-09-21 09:01:31
1663750891781900000,30.7,1,30.65,3,30.7,22,1,2022-09-21 09:01:31
1663750891969608000,30.65,3,30.55,15,30.7,22,2,2022-09-21 09:01:31
1663750891969608000,30.6,4,30.55,15,30.7,22,2,2022-09-21 09:01:31
1663750891969608000,30.55,3,30.55,15,30.7,22,2,2022-09-21 09:01:31
1663750892011580000,30.7,2,30.55,15,30.7,20,1,2022-09-21 09:01:32
1663750892366380000,30.65,1,30.65,1,30.7,20,2,2022-09-21 09:01:32
1663750892756071000,30.65,1,30.55,15,30.65,49,1,2022-09-21 09:01:32
1663750892759287000,30.65,1,30.55,15,30.65,48,1,2022-09-21 09:01:32
1663750892924271000,30.65,2,30.55,15,30.65,50,1,2022-09-21 09:01:32
1663750893014742000,30.65,1,30.55,15,30.65,45,1,2022-09-21 09:01:33
1663750893016475000,30.65,1,30.55,15,30.65,44,1,2022-09-21 09:01:33
1663750893268352000,30.65,2,30.6,1,30.65,44,1,2022-09-21 09:01:33
1663750893586871000,30.6,2,30.55,15,30.6,3,2,2022-09-21 09:01:33
1663750893740641000,30.6,1,30.55,15,30.6,2,1,2022-09-21 09:01:33
1663750893860192000,30.6,1,30.55,15,30.6,1,1,2022-09-21 09:01:33
1663750893891537000,30.6,1,30.55,15,30.6,2,1,2022-09-21 09:01:33
1663750894004476000,30.65,1,30.6,1,30.65,41,1,2022-09-21 09:01:34
1663750894004663000,30.6,1,30.55,15,30.6,1,2,2022-09-21 09:01:34
1663750894036699000,30.55,1,30.55,14,30.6,1,2,2022-09-21 09:01:34
1663750894151019000,30.6,1,30.55,14,30.6,2,1,2022-09-21 09:01:34
1663750894232452000,30.6,2,30.55,14,30.6,2,1,2022-09-21 09:01:34
1663750894232452000,30.65,1,30.55,14,30.6,2,1,2022-09-21 09:01:34
1663750894652485000,30.65,1,30.55,14,30.65,39,1,2022-09-21 09:01:34
1663750894929434000,30.65,2,30.55,19,30.65,39,1,2022-09-21 09:01:34
1663750895236767000,30.6,1,30.55,19,30.6,8,1,2022-09-21 09:01:35
1663750895390292000,30.6,1,30.55,19,30.6,7,1,2022-09-21 09:01:35
1663750895397437000,30.6,3,30.55,19,30.6,4,1,2022-09-21 09:01:35
1663750895643470000,30.6,4,30.55,19,30.6,1,1,2022-09-21 09:01:35
1663750895647562000,30.55,1,30.55,18,30.6,1,2,2022-09-21 09:01:35
1663750895844880000,30.6,5,30.55,18,30.65,24,1,2022-09-21 09:01:35
1663750895844880000,30.65,15,30.55,18,30.65,24,1,2022-09-21 09:01:35
1663750896007443000,30.65,2,30.55,19,30.65,22,1,2022-09-21 09:01:36
1663750896558130000,30.6,1,30.55,19,30.65,22,1,2022-09-21 09:01:36
1663750896667367000,30.6,1,30.55,19,30.6,1,1,2022-09-21 09:01:36
1663750896885460000,30.6,1,30.55,19,30.6,2,1,2022-09-21 09:01:36
1663750896943052000,30.65,1,30.55,18,30.65,21,1,2022-09-21 09:01:36
1663750897122966000,30.6,1,30.55,18,30.6,4,2,2022-09-21 09:01:37
1663750897194351000,30.6,1,30.55,18,30.6,3,1,2022-09-21 09:01:37
1663750897423504000,30.6,1,30.55,18,30.6,2,1,2022-09-21 09:01:37
1663750897454918000,30.6,2,30.55,18,30.65,24,1,2022-09-21 09:01:37
1663750898189476000,30.6,1,30.55,18,30.6,2,1,2022-09-21 09:01:38
1663750898222557000,30.6,1,30.55,18,30.6,1,1,2022-09-21 09:01:38
1663750898471972000,30.6,2,30.55,18,30.65,25,1,2022-09-21 09:01:38
1663750898568055000,30.65,1,30.55,18,30.65,24,1,2022-09-21 09:01:38
1663750898729866000,30.65,1,30.55,19,30.65,23,1,2022-09-21 09:01:38
1663750899054998000,30.6,1,30.6,2,30.65,23,2,2022-09-21 09:01:39
1663750899198177000,30.6,1,30.6,2,30.65,23,2,2022-09-21 09:01:39
1663750899210317000,30.6,1,30.6,1,30.65,23,2,2022-09-21 09:01:39
1663750899245069000,30.6,1,30.6,3,30.65,23,2,2022-09-21 09:01:39
1663750899431000000,30.65,1,30.55,19,30.65,22,1,2022-09-21 09:01:39
1663750899524426000,30.6,1,30.55,19,30.65,22,2,2022-09-21 09:01:39
1663750899766642000,30.6,1,30.55,19,30.65,22,1,2022-09-21 09:01:39
1663750899849000000,30.65,1,30.55,19,30.65,21,1,2022-09-21 09:01:39
1663750899989785000,30.6,1,30.55,19,30.6,7,2,2022-09-21 09:01:39
1663750901152922000,30.55,1,30.55,19,30.6,7,2,2022-09-21 09:01:41
1663750901423164000,30.6,1,30.55,20,30.6,6,1,2022-09-21 09:01:41
1663750901884564000,30.6,2,30.55,21,30.6,6,1,2022-09-21 09:01:41
1663750901919516000,30.55,1,30.55,20,30.6,4,2,2022-09-21 09:01:41
1663750901927664000,30.55,1,30.55,19,30.6,4,2,2022-09-21 09:01:41
1663750901935634000,30.6,1,30.55,19,30.6,3,1,2022-09-21 09:01:41
1663750901957589000,30.55,1,30.55,18,30.6,3,2,2022-09-21 09:01:41
1663750902372122000,30.6,1,30.55,18,30.6,4,1,2022-09-21 09:01:42
1663750902524210000,30.6,1,30.55,18,30.6,2,1,2022-09-21 09:01:42
1663750902697156000,30.6,2,30.6,3,30.65,22,1,2022-09-21 09:01:42
1663750902758969000,30.65,5,30.6,3,30.65,17,1,2022-09-21 09:01:42
1663750903223386000,30.65,1,30.6,3,30.65,16,1,2022-09-21 09:01:43
1663750903627036000,30.6,2,30.6,4,30.65,16,2,2022-09-21 09:01:43
1663750903714025000,30.6,1,30.6,3,30.65,16,2,2022-09-21 09:01:43
1663750903863513000,30.6,4,30.6,4,30.65,16,2,2022-09-21 09:01:43
1663750904057644000,30.6,1,30.55,19,30.65,14,1,2022-09-21 09:01:44
1663750904057644000,30.65,2,30.55,19,30.65,14,1,2022-09-21 09:01:44
1663750904139611000,30.55,2,30.55,17,30.65,19,2,2022-09-21 09:01:44
1663750904664614000,30.6,1,30.6,3,30.65,19,2,2022-09-21 09:01:44
1663750905816838000,30.6,1,30.6,22,30.65,19,2,2022-09-21 09:01:45
1663750905823176000,30.65,5,30.6,22,30.65,14,1,2022-09-21 09:01:45
1663750906017425000,30.6,1,30.6,21,30.65,14,2,2022-09-21 09:01:46
1663750906043477000,30.6,1,30.6,20,30.65,14,2,2022-09-21 09:01:46
1663750906164453000,30.6,1,30.6,19,30.65,14,2,2022-09-21 09:01:46
1663750906429911000,30.6,1,30.6,19,30.65,14,2,2022-09-21 09:01:46
1663750906515841000,30.65,1,30.6,19,30.65,13,1,2022-09-21 09:01:46
1663750906838699000,30.6,5,30.6,14,30.65,18,2,2022-09-21 09:01:46
1663750907283026000,30.65,1,30.6,15,30.65,17,1,2022-09-21 09:01:47
1663750907451656000,30.6,1,30.6,15,30.65,17,2,2022-09-21 09:01:47
1663750908072386000,30.65,1,30.6,17,30.65,17,1,2022-09-21 09:01:48
1663750909013132000,30.65,2,30.6,18,30.65,27,1,2022-09-21 09:01:49
1663750909535919000,30.6,12,30.6,6,30.65,27,2,2022-09-21 09:01:49
1663750909844925000,30.65,1,30.6,8,30.65,30,1,2022-09-21 09:01:49
1663750909917663000,30.6,2,30.6,6,30.65,29,2,2022-09-21 09:01:49
1663750910087579000,30.6,2,30.6,4,30.65,29,2,2022-09-21 09:01:50
1663750910283875000,30.65,1,30.6,4,30.65,28,1,2022-09-21 09:01:50
1663750910359888000,30.65,2,30.6,4,30.65,26,1,2022-09-21 09:01:50
1663750910507744000,30.65,1,30.6,5,30.65,26,1,2022-09-21 09:01:50
1663750910606019000,30.6,5,30.55,35,30.65,26,2,2022-09-21 09:01:50
1663750910956945000,30.6,2,30.55,68,30.6,4,1,2022-09-21 09:01:50
1663750911455687000,30.6,1,30.55,68,30.6,12,1,2022-09-21 09:01:51
1663750912215684000,30.6,3,30.55,70,30.6,43,1,2022-09-21 09:01:52
1663750912336707000,30.6,1,30.55,70,30.6,46,1,2022-09-21 09:01:52
1663750912508878000,30.6,1,30.55,70,30.6,41,1,2022-09-21 09:01:52
1663750912889580000,30.55,1,30.55,69,30.6,43,2,2022-09-21 09:01:52
1663750912922576000,30.6,1,30.55,69,30.6,42,1,2022-09-21 09:01:52
1663750913070684000,30.6,1,30.55,69,30.6,41,1,2022-09-21 09:01:53
1663750913564402000,30.6,10,30.55,69,30.6,31,1,2022-09-21 09:01:53
1663750913602030000,30.55,6,30.55,63,30.6,31,2,2022-09-21 09:01:53
1663750913604455000,30.55,1,30.55,62,30.6,31,2,2022-09-21 09:01:53
1663750913651184000,30.55,1,30.55,61,30.6,31,2,2022-09-21 09:01:53
1663750913688623000,30.55,1,30.55,60,30.6,31,2,2022-09-21 09:01:53
1663750913733513000,30.55,1,30.55,59,30.6,32,2,2022-09-21 09:01:53
1663750913733889000,30.55,1,30.55,58,30.6,32,2,2022-09-21 09:01:53
1663750913734275000,30.55,1,30.55,57,30.6,32,2,2022-09-21 09:01:53
1663750913734359000,30.55,1,30.55,56,30.6,32,2,2022-09-21 09:01:53
1663750913734603000,30.55,1,30.55,55,30.6,32,2,2022-09-21 09:01:53
1663750913770283000,30.6,1,30.55,55,30.6,31,1,2022-09-21 09:01:53
1663750913782234000,30.6,1,30.55,60,30.6,32,1,2022-09-21 09:01:53
1663750914294145000,30.6,1,30.55,55,30.6,30,1,2022-09-21 09:01:54
1663750914580765000,30.6,2,30.55,55,30.6,32,1,2022-09-21 09:01:54
1663750914581214000,30.55,5,30.55,50,30.6,32,2,2022-09-21 09:01:54
1663750914602054000,30.6,5,30.55,50,30.6,27,1,2022-09-21 09:01:54
1663750914618425000,30.55,1,30.55,49,30.6,27,2,2022-09-21 09:01:54
1663750914618707000,30.55,1,30.55,48,30.6,27,2,2022-09-21 09:01:54
1663750914618930000,30.55,1,30.55,47,30.6,27,2,2022-09-21 09:01:54
1663750914619128000,30.55,1,30.55,46,30.6,27,2,2022-09-21 09:01:54
1663750914619417000,30.55,1,30.55,45,30.6,27,2,2022-09-21 09:01:54
1663750914621750000,30.55,1,30.55,44,30.6,27,2,2022-09-21 09:01:54
1663750914626723000,30.55,1,30.55,43,30.6,27,2,2022-09-21 09:01:54
1663750914626982000,30.55,1,30.55,42,30.6,27,2,2022-09-21 09:01:54
1663750914627240000,30.55,1,30.55,41,30.6,27,2,2022-09-21 09:01:54
1663750914627476000,30.55,1,30.55,40,30.6,27,2,2022-09-21 09:01:54
1663750914627723000,30.55,1,30.55,39,30.6,27,2,2022-09-21 09:01:54
1663750914629798000,30.55,1,30.55,38,30.6,27,2,2022-09-21 09:01:54
1663750914630053000,30.55,1,30.55,37,30.6,27,2,2022-09-21 09:01:54
1663750914630285000,30.55,1,30.55,36,30.6,27,2,2022-09-21 09:01:54
1663750914630490000,30.55,1,30.55,35,30.6,27,2,2022-09-21 09:01:54
1663750914630746000,30.55,1,30.55,34,30.6,27,2,2022-09-21 09:01:54
1663750914631326000,30.55,5,30.55,29,30.6,27,2,2022-09-21 09:01:54
1663750914665781000,30.55,3,30.55,26,30.6,27,2,2022-09-21 09:01:54
1663750914687135000,30.55,1,30.55,25,30.6,27,2,2022-09-21 09:01:54
1663750914696140000,30.55,1,30.55,24,30.6,27,2,2022-09-21 09:01:54
1663750914699413000,30.55,1,30.55,23,30.6,27,2,2022-09-21 09:01:54
1663750914716658000,30.55,3,30.55,20,30.6,27,2,2022-09-21 09:01:54
1663750914747704000,30.55,3,30.55,17,30.6,27,2,2022-09-21 09:01:54
1663750915202507000,30.55,5,30.55,12,30.6,29,2,2022-09-21 09:01:55
1663750915230737000,30.55,3,30.55,9,30.6,29,2,2022-09-21 09:01:55
1663750915231266000,30.55,7,30.55,2,30.6,29,2,2022-09-21 09:01:55
1663750915234848000,30.55,2,30.5,24,30.55,2,2,2022-09-21 09:01:55
1663750915269478000,30.5,2,30.55,17,30.6,29,2,2022-09-21 09:01:55
1663750915427186000,30.5,4,30.5,18,30.6,29,2,2022-09-21 09:01:55
1663750915635758000,30.5,25,30.45,9,30.55,22,2,2022-09-21 09:01:55
1663750915635758000,30.45,15,30.45,9,30.55,22,2,2022-09-21 09:01:55
1663750915784196000,30.5,1,30.45,9,30.5,2,1,2022-09-21 09:01:55
1663750915861401000,30.45,1,30.45,8,30.5,2,2,2022-09-21 09:01:55
1663750915886158000,30.5,2,30.5,5,30.55,37,1,2022-09-21 09:01:55
1663750916275569000,30.5,5,30.45,9,30.55,48,2,2022-09-21 09:01:56
1663750916405449000,30.5,1,30.45,9,30.5,2,1,2022-09-21 09:01:56
1663750916413313000,30.5,2,30.45,9,30.55,45,1,2022-09-21 09:01:56
1663750916413313000,30.55,3,30.45,9,30.55,45,1,2022-09-21 09:01:56
1663750916465628000,30.5,1,30.45,9,30.5,2,1,2022-09-21 09:01:56
1663750916791227000,30.5,5,30.5,10,30.55,45,1,2022-09-21 09:01:56
1663750916810222000,30.5,3,30.5,7,30.55,45,2,2022-09-21 09:01:56
1663750916810508000,30.5,4,30.5,3,30.55,45,2,2022-09-21 09:01:56
1663750916810740000,30.5,3,30.45,9,30.55,45,2,2022-09-21 09:01:56
1663750916827394000,30.45,1,30.45,8,30.5,4,2,2022-09-21 09:01:56
1663750917281960000,30.5,1,30.45,8,30.5,16,1,2022-09-21 09:01:57
1663750917524181000,30.45,1,30.45,7,30.5,16,2,2022-09-21 09:01:57
1663750917526873000,30.45,2,30.45,5,30.5,16,2,2022-09-21 09:01:57
1663750917728111000,30.45,2,30.45,5,30.5,16,2,2022-09-21 09:01:57
1663750918546534000,30.5,1,30.45,3,30.5,11,1,2022-09-21 09:01:58
1663750918741216000,30.5,1,30.45,3,30.5,10,1,2022-09-21 09:01:58
1663750918792613000,30.45,3,30.4,47,30.45,7,2,2022-09-21 09:01:58
1663750918844535000,30.45,1,30.4,47,30.45,6,1,2022-09-21 09:01:58
1663750919297923000,30.45,2,30.4,47,30.45,4,1,2022-09-21 09:01:59
1663750919330703000,30.4,1,30.4,46,30.45,4,2,2022-09-21 09:01:59
1663750919391262000,30.4,10,30.4,36,30.45,6,2,2022-09-21 09:01:59
1663750919426594000,30.4,1,30.4,35,30.45,6,2,2022-09-21 09:01:59
1663750919432366000,30.4,1,30.4,34,30.45,6,2,2022-09-21 09:01:59
1663750920030271000,30.4,6,30.4,26,30.45,7,2,2022-09-21 09:02:00
1663750920058385000,30.4,1,30.4,25,30.45,7,2,2022-09-21 09:02:00
1663750920141375000,30.4,1,30.4,24,30.45,7,2,2022-09-21 09:02:00
1663750920339213000,30.4,3,30.4,24,30.45,7,2,2022-09-21 09:02:00
1663750920370548000,30.4,6,30.4,15,30.45,7,2,2022-09-21 09:02:00
1663750920463528000,30.4,3,30.4,12,30.45,7,2,2022-09-21 09:02:00
1663750920492426000,30.4,10,30.4,2,30.45,7,2,2022-09-21 09:02:00
1663750920513705000,30.4,2,30.35,31,30.45,7,2,2022-09-21 09:02:00
1663750920513705000,30.35,8,30.35,31,30.45,7,2,2022-09-21 09:02:00
1663750920672790000,30.4,2,30.4,2,30.45,7,2,2022-09-21 09:02:00
1663750922277892000,30.35,7,30.35,22,30.4,4,2,2022-09-21 09:02:02
1663750922282216000,30.4,1,30.35,22,30.4,3,1,2022-09-21 09:02:02
1663750922321573000,30.35,5,30.35,17,30.4,3,2,2022-09-21 09:02:02
1663750922760869000,30.35,17,30.3,39,30.35,2,2,2022-09-21 09:02:02
1663750922799219000,30.3,1,30.3,38,30.35,2,2,2022-09-21 09:02:02
1663750922805884000,30.3,1,30.3,37,30.35,2,2,2022-09-21 09:02:02
1663750922812483000,30.3,1,30.3,37,30.35,2,2,2022-09-21 09:02:02
1663750923666455000,30.35,3,30.3,36,30.35,3,1,2022-09-21 09:02:03
1663750925042207000,30.4,1,30.35,4,30.4,5,1,2022-09-21 09:02:05
1663750925336958000,30.35,4,30.35,4,30.4,6,2,2022-09-21 09:02:05
1663750925336958000,30.3,6,30.35,4,30.4,6,2,2022-09-21 09:02:05
1663750925418690000,30.35,1,30.3,30,30.4,8,1,2022-09-21 09:02:05
1663750925428345000,30.3,2,30.3,28,30.4,8,2,2022-09-21 09:02:05
1663750925686161000,30.35,1,30.3,24,30.4,8,2,2022-09-21 09:02:05
1663750925686161000,30.3,4,30.3,24,30.4,8,2,2022-09-21 09:02:05
1663750926443551000,30.4,2,30.3,24,30.4,15,1,2022-09-21 09:02:06
1663750926841355000,30.4,1,30.35,2,30.4,20,1,2022-09-21 09:02:06
1663750927123120000,30.35,1,30.35,1,30.4,19,2,2022-09-21 09:02:07
1663750927431995000,30.4,1,30.35,4,30.4,18,1,2022-09-21 09:02:07
1663750927503254000,30.35,1,30.35,3,30.4,18,2,2022-09-21 09:02:07
1663750927533951000,30.35,1,30.35,4,30.4,18,2,2022-09-21 09:02:07
1663750928204048000,30.4,2,30.35,3,30.4,16,1,2022-09-21 09:02:08
1663750928229515000,30.4,16,30.35,3,30.45,28,1,2022-09-21 09:02:08
1663750928782049000,30.35,4,30.3,23,30.4,1,2,2022-09-21 09:02:08
1663750928782049000,30.3,1,30.3,23,30.4,1,2,2022-09-21 09:02:08
1663750928867829000,30.35,1,30.3,23,30.4,1,1,2022-09-21 09:02:08
1663750929413256000,30.35,2,30.3,23,30.4,2,2,2022-09-21 09:02:09
1663750929666535000,30.4,2,30.3,23,30.45,33,1,2022-09-21 09:02:09
1663750929764646000,30.35,1,30.3,23,30.35,1,2,2022-09-21 09:02:09
1663750929790450000,30.35,1,30.3,23,30.45,31,1,2022-09-21 09:02:09
1663750930001726000,30.35,5,30.3,27,30.4,1,1,2022-09-21 09:02:10
1663750930072909000,30.35,1,30.3,27,30.35,1,1,2022-09-21 09:02:10
1663750930377740000,30.3,3,30.3,24,30.4,4,2,2022-09-21 09:02:10
1663750930564856000,30.35,1,30.3,24,30.4,4,1,2022-09-21 09:02:10
1663750930919313000,30.35,3,30.3,25,30.35,3,2,2022-09-21 09:02:10
1663750930953718000,30.35,2,30.3,25,30.35,1,1,2022-09-21 09:02:10
1663750930984618000,30.35,1,30.3,25,30.4,7,1,2022-09-21 09:02:10
1663750931469212000,30.4,1,30.35,11,30.4,6,1,2022-09-21 09:02:11
1663750931747519000,30.35,5,30.35,7,30.4,11,2,2022-09-21 09:02:11
1663750932254619000,30.4,5,30.35,12,30.4,8,1,2022-09-21 09:02:12
1663750932730013000,30.4,1,30.35,15,30.4,7,1,2022-09-21 09:02:12
1663750932824018000,30.35,1,30.35,14,30.4,7,2,2022-09-21 09:02:12
1663750933002184000,30.35,5,30.35,9,30.4,7,2,2022-09-21 09:02:13
1663750933336165000,30.35,1,30.35,9,30.4,7,2,2022-09-21 09:02:13
1663750933908980000,30.35,2,30.35,15,30.4,8,2,2022-09-21 09:02:13
1663750934646805000,30.35,4,30.35,11,30.4,9,2,2022-09-21 09:02:14
1663750934648138000,30.35,1,30.35,10,30.4,9,2,2022-09-21 09:02:14
1663750934915111000,30.35,1,30.35,13,30.4,10,2,2022-09-21 09:02:14
1663750935454389000,30.35,5,30.35,9,30.4,32,2,2022-09-21 09:02:15
1663750935711543000,30.35,1,30.35,8,30.4,32,2,2022-09-21 09:02:15
1663750935791960000,30.35,5,30.35,3,30.4,32,2,2022-09-21 09:02:15
1663750935823135000,30.35,3,30.3,30,30.35,3,2,2022-09-21 09:02:15
1663750936814655000,30.4,5,30.35,5,30.4,32,1,2022-09-21 09:02:16
1663750936851423000,30.35,2,30.35,3,30.4,27,2,2022-09-21 09:02:16
1663750936896462000,30.35,1,30.35,2,30.4,27,2,2022-09-21 09:02:16
1663750937144432000,30.35,1,30.35,2,30.4,28,2,2022-09-21 09:02:17
1663750937694467000,30.35,1,30.3,31,30.4,28,2,2022-09-21 09:02:17
1663750937734825000,30.35,1,30.3,31,30.4,28,1,2022-09-21 09:02:17
1663750937904557000,30.35,1,30.3,31,30.35,4,2,2022-09-21 09:02:17
1663750938674518000,30.35,3,30.3,31,30.35,5,1,2022-09-21 09:02:18
1663750939507491000,30.35,2,30.3,31,30.35,19,1,2022-09-21 09:02:19
1663750939565882000,30.35,1,30.3,31,30.35,18,1,2022-09-21 09:02:19
1663750939613450000,30.3,10,30.3,21,30.35,18,2,2022-09-21 09:02:19
1663750940131660000,30.35,2,30.3,21,30.35,16,1,2022-09-21 09:02:20
1663750940250087000,30.35,1,30.3,21,30.35,17,1,2022-09-21 09:02:20
1663750941030172000,30.3,4,30.3,17,30.35,16,2,2022-09-21 09:02:21
1663750941456625000,30.3,1,30.3,18,30.35,16,2,2022-09-21 09:02:21
1663750941717111000,30.3,2,30.3,16,30.35,16,2,2022-09-21 09:02:21
1663750941896038000,30.35,1,30.3,16,30.35,15,1,2022-09-21 09:02:21
1663750942910922000,30.3,10,30.3,13,30.35,15,2,2022-09-21 09:02:22
1663750942934229000,30.3,1,30.3,12,30.35,15,2,2022-09-21 09:02:22
1663750942936424000,30.3,1,30.3,11,30.35,15,2,2022-09-21 09:02:22
1663750943050452000,30.3,1,30.3,10,30.35,15,2,2022-09-21 09:02:23
1663750943230883000,30.35,2,30.3,10,30.35,9,1,2022-09-21 09:02:23
1663750943931075000,30.3,2,30.3,9,30.35,13,2,2022-09-21 09:02:23
1663750944252504000,30.35,5,30.3,9,30.35,10,1,2022-09-21 09:02:24
1663750944472732000,30.35,1,30.3,11,30.35,9,1,2022-09-21 09:02:24
1663750944496624000,30.3,1,30.3,11,30.35,10,2,2022-09-21 09:02:24
1663750945040895000,30.3,1,30.3,9,30.35,9,2,2022-09-21 09:02:25
1663750945068977000,30.35,9,30.3,9,30.4,29,1,2022-09-21 09:02:25
1663750945342415000,30.3,1,30.3,9,30.4,29,2,2022-09-21 09:02:25
1663750945474062000,30.35,1,30.35,1,30.4,29,1,2022-09-21 09:02:25
1663750945528297000,30.35,1,30.3,10,30.4,29,2,2022-09-21 09:02:25
1663750945697165000,30.3,1,30.3,9,30.4,29,2,2022-09-21 09:02:25
1663750946042470000,30.35,6,30.25,17,30.3,36,2,2022-09-21 09:02:26
1663750946042470000,30.3,8,30.25,17,30.3,36,2,2022-09-21 09:02:26
1663750946548381000,30.3,20,30.25,21,30.3,16,1,2022-09-21 09:02:26
1663750946571148000,30.3,16,30.25,21,30.4,29,1,2022-09-21 09:02:26
1663750947444607000,30.35,1,30.3,2,30.4,30,1,2022-09-21 09:02:27
1663750947810759000,30.35,1,30.35,5,30.4,30,2,2022-09-21 09:02:27
1663750948700297000,30.35,10,30.35,7,30.4,30,2,2022-09-21 09:02:28
1663750949853542000,30.35,2,30.35,15,30.4,30,2,2022-09-21 09:02:29
1663750950014108000,30.35,5,30.35,10,30.4,30,2,2022-09-21 09:02:30
1663750950240886000,30.35,1,30.35,9,30.4,30,2,2022-09-21 09:02:30
1663750950313621000,30.35,1,30.35,15,30.4,30,2,2022-09-21 09:02:30
1663750950685678000,30.4,30,30.35,8,30.45,28,1,2022-09-21 09:02:30
1663750951710933000,30.4,2,30.35,6,30.45,27,2,2022-09-21 09:02:31
1663750951710933000,30.35,8,30.35,6,30.45,27,2,2022-09-21 09:02:31
1663750953079442000,30.35,1,30.35,6,30.4,1,2,2022-09-21 09:02:33
1663750953967802000,30.35,3,30.35,6,30.4,1,2,2022-09-21 09:02:33
1663750954105671000,30.35,5,30.35,1,30.4,1,2,2022-09-21 09:02:34
1663750954141939000,30.35,1,30.3,54,30.35,1,2,2022-09-21 09:02:34
1663750954169963000,30.35,1,30.35,6,30.4,1,1,2022-09-21 09:02:34
1663750954853428000,30.4,1,30.35,1,30.45,25,1,2022-09-21 09:02:34
1663750955946308000,30.4,1,30.35,3,30.45,43,2,2022-09-21 09:02:35
1663750956945812000,30.4,2,30.35,5,30.45,50,2,2022-09-21 09:02:36
1663750959846299000,30.4,2,30.35,21,30.45,51,2,2022-09-21 09:02:39
1663750960476714000,30.45,1,30.4,10,30.45,50,1,2022-09-21 09:02:40
1663750960546286000,30.4,1,30.4,9,30.45,50,2,2022-09-21 09:02:40
1663750960776121000,30.4,2,30.4,10,30.45,51,2,2022-09-21 09:02:40
1663750961277680000,30.4,1,30.4,7,30.45,50,2,2022-09-21 09:02:41
1663750962853074000,30.4,10,30.4,1,30.45,50,2,2022-09-21 09:02:42
1663750963787388000,30.4,1,30.4,1,30.45,50,2,2022-09-21 09:02:43
1663750963860844000,30.4,1,30.35,21,30.45,50,2,2022-09-21 09:02:43
1663750964302717000,30.35,2,30.35,19,30.45,50,2,2022-09-21 09:02:44
1663750964320029000,30.35,2,30.35,17,30.45,50,2,2022-09-21 09:02:44
1663750966360425000,30.35,5,30.35,13,30.4,13,2,2022-09-21 09:02:46
1663750966877531000,30.4,1,30.35,13,30.4,12,1,2022-09-21 09:02:46
1663750967917086000,30.4,1,30.35,13,30.4,11,1,2022-09-21 09:02:47
1663750967945460000,30.4,3,30.35,13,30.4,8,1,2022-09-21 09:02:47
1663750968007346000,30.35,2,30.35,11,30.4,8,2,2022-09-21 09:02:48
1663750968862573000,30.4,3,30.35,15,30.4,5,1,2022-09-21 09:02:48
1663750969000328000,30.35,2,30.35,13,30.4,5,2,2022-09-21 09:02:49
1663750969855470000,30.4,1,30.35,18,30.4,5,1,2022-09-21 09:02:49
1663750970682661000,30.4,1,30.35,18,30.4,8,1,2022-09-21 09:02:50
1663750970947521000,30.4,2,30.35,18,30.4,6,1,2022-09-21 09:02:50
1663750971628923000,30.4,1,30.35,19,30.4,6,1,2022-09-21 09:02:51
1663750972398399000,30.35,20,30.25,31,30.3,18,2,2022-09-21 09:02:52
1663750972398399000,30.3,62,30.25,31,30.3,18,2,2022-09-21 09:02:52
1663750972426378000,30.25,1,30.25,30,30.3,18,2,2022-09-21 09:02:52
1663750972427692000,30.25,1,30.25,29,30.3,18,2,2022-09-21 09:02:52
1663750972440992000,30.25,1,30.25,28,30.3,18,2,2022-09-21 09:02:52
1663750972444018000,30.25,1,30.25,27,30.3,18,2,2022-09-21 09:02:52
1663750972455212000,30.25,1,30.25,26,30.3,18,2,2022-09-21 09:02:52
1663750973227872000,30.3,10,30.25,26,30.3,8,1,2022-09-21 09:02:53
1663750973230840000,30.3,1,30.25,26,30.3,7,1,2022-09-21 09:02:53
1663750973336835000,30.3,1,30.25,26,30.3,18,1,2022-09-21 09:02:53
1663750973844786000,30.25,3,30.25,23,30.3,6,2,2022-09-21 09:02:53
1663750973871479000,30.25,1,30.25,22,30.3,6,2,2022-09-21 09:02:53
1663750974840431000,30.3,1,30.25,20,30.3,5,1,2022-09-21 09:02:54
1663750975023802000,30.25,3,30.25,17,30.3,5,2,2022-09-21 09:02:55
1663750975582698000,30.25,2,30.25,15,30.3,6,2,2022-09-21 09:02:55
1663750976867299000,30.25,1,30.25,14,30.3,6,2,2022-09-21 09:02:56
1663750977418172000,30.25,2,30.25,17,30.3,8,2,2022-09-21 09:02:57
1663750977456734000,30.25,1,30.25,16,30.3,8,2,2022-09-21 09:02:57
1663750977500563000,30.3,1,30.25,17,30.3,7,1,2022-09-21 09:02:57
1663750977594797000,30.25,17,30.2,20,30.3,7,2,2022-09-21 09:02:57
1663750977594797000,30.2,3,30.2,20,30.3,7,2,2022-09-21 09:02:57
1663750977988469000,30.2,9,30.2,16,30.25,1,2,2022-09-21 09:02:57
1663750978044483000,30.2,2,30.2,14,30.25,1,2,2022-09-21 09:02:58
1663750978213630000,30.2,14,30.15,16,30.25,2,2,2022-09-21 09:02:58
1663750978213630000,30.15,19,30.15,16,30.25,2,2,2022-09-21 09:02:58
1663750978425803000,30.15,1,30.15,15,30.2,4,2,2022-09-21 09:02:58
1663750978496589000,30.15,15,30.1,28,30.2,4,2,2022-09-21 09:02:58
1663750978496589000,30.1,60,30.1,28,30.2,4,2,2022-09-21 09:02:58
1663750978641393000,30.1,2,30.1,31,30.15,7,2,2022-09-21 09:02:58
1663750978741977000,30.1,1,30.1,33,30.15,7,2,2022-09-21 09:02:58
1663750978846419000,30.15,1,30.1,30,30.15,6,1,2022-09-21 09:02:58
1663750979044039000,30.1,23,30.1,7,30.15,6,2,2022-09-21 09:02:59
1663750979082635000,30.1,1,30.1,6,30.15,6,2,2022-09-21 09:02:59
1663750979093580000,30.15,1,30.1,6,30.15,5,1,2022-09-21 09:02:59
1663750979610186000,30.15,1,30.1,6,30.15,9,1,2022-09-21 09:02:59
1663750979728487000,30.1,5,30.1,1,30.15,9,2,2022-09-21 09:02:59
1663750979757298000,30.1,1,30.05,13,30.1,5,2,2022-09-21 09:02:59
1663750980644634000,30.05,5,30.05,13,30.1,7,2,2022-09-21 09:03:00
1663750980688980000,30.05,2,30.05,18,30.1,7,2,2022-09-21 09:03:00
1663750980906266000,30.05,4,30.05,7,30.1,7,2,2022-09-21 09:03:00
1663750981220342000,30.05,7,30.0,54,30.1,14,2,2022-09-21 09:03:01
1663750981220342000,30.0,4,30.0,54,30.1,14,2,2022-09-21 09:03:01
1663750981345586000,30.0,1,30.0,53,30.05,1,2,2022-09-21 09:03:01
1663750982220922000,30.0,15,30.0,44,30.05,17,2,2022-09-21 09:03:02
1663750982244081000,30.05,1,30.0,44,30.05,20,1,2022-09-21 09:03:02
1663750982265406000,30.0,1,30.0,43,30.05,20,2,2022-09-21 09:03:02
1663750982308278000,30.0,1,30.0,42,30.05,20,2,2022-09-21 09:03:02
1663750982315584000,30.0,1,30.0,44,30.05,21,2,2022-09-21 09:03:02
1663750982449308000,30.0,1,30.0,40,30.05,20,2,2022-09-21 09:03:02
1663750982630765000,30.0,12,30.0,28,30.05,20,2,2022-09-21 09:03:02
1663750982653986000,30.0,22,30.0,2,30.05,20,2,2022-09-21 09:03:02
1663750982674107000,30.0,2,29.95,2,30.05,20,2,2022-09-21 09:03:02
1663750982685878000,29.95,1,29.95,1,30.0,1,2,2022-09-21 09:03:02
1663750983070842000,30.0,2,29.95,1,30.05,34,1,2022-09-21 09:03:03
1663750984009225000,29.95,2,29.95,5,30.0,4,2,2022-09-21 09:03:04
1663750984132264000,29.95,2,29.95,3,30.0,4,2,2022-09-21 09:03:04
1663750984163686000,29.95,1,29.95,2,30.0,4,2,2022-09-21 09:03:04
1663750984165420000,30.0,1,29.95,2,30.0,3,1,2022-09-21 09:03:04
1663750984351321000,29.95,1,29.95,1,30.0,8,2,2022-09-21 09:03:04
1663750985225006000,29.95,3,29.9,26,29.95,1,2,2022-09-21 09:03:05
1663750985610188000,29.95,1,29.9,26,30.0,16,1,2022-09-21 09:03:05
1663750985797297000,30.0,3,29.9,31,30.0,13,1,2022-09-21 09:03:05
1663750985914141000,30.0,3,29.9,31,30.0,10,1,2022-09-21 09:03:05
1663750986133640000,29.95,1,29.95,4,30.0,10,2,2022-09-21 09:03:06
1663750986271363000,29.95,4,29.9,29,30.0,16,2,2022-09-21 09:03:06
1663750986271363000,29.9,2,29.9,29,30.0,16,2,2022-09-21 09:03:06
1663750986370265000,29.95,1,29.9,29,30.0,16,1,2022-09-21 09:03:06
1663750986539936000,29.95,1,29.9,29,30.0,17,2,2022-09-21 09:03:06
1663750986900337000,29.95,7,29.9,29,29.95,1,2,2022-09-21 09:03:06
1663750986995128000,29.95,1,29.95,4,30.0,19,1,2022-09-21 09:03:06
1663750987508412000,29.95,5,29.9,29,30.0,19,2,2022-09-21 09:03:07
1663750987561042000,29.95,1,29.9,29,30.0,19,1,2022-09-21 09:03:07
1663750987638919000,29.95,1,29.9,29,30.0,19,1,2022-09-21 09:03:07
1663750987748184000,29.95,1,29.95,3,30.0,19,2,2022-09-21 09:03:07
1663750987845811000,30.0,5,29.95,2,30.0,14,1,2022-09-21 09:03:07
1663750987951123000,29.95,1,29.95,1,30.0,14,2,2022-09-21 09:03:07
1663750987981506000,30.0,1,29.95,2,30.0,13,1,2022-09-21 09:03:07
1663750988152364000,30.0,1,29.95,2,30.0,12,1,2022-09-21 09:03:08
1663750988194039000,29.95,2,29.9,29,30.0,12,2,2022-09-21 09:03:08
1663750988240364000,29.95,2,29.9,29,30.0,12,1,2022-09-21 09:03:08
1663750988489125000,29.9,1,29.9,28,29.95,5,2,2022-09-21 09:03:08
1663750988746327000,29.95,5,29.9,28,30.0,12,1,2022-09-21 09:03:08
1663750989117756000,29.9,2,29.9,26,29.95,3,2,2022-09-21 09:03:09
1663750989126869000,29.95,1,29.9,26,29.95,2,1,2022-09-21 09:03:09
1663750989161061000,29.9,1,29.9,25,29.95,2,2,2022-09-21 09:03:09
1663750989528413000,29.9,3,29.9,22,29.95,2,2,2022-09-21 09:03:09
1663750989607076000,29.95,1,29.9,22,29.95,1,1,2022-09-21 09:03:09
1663750989928593000,29.95,7,29.9,22,30.0,14,1,2022-09-21 09:03:09
1663750989965871000,29.9,10,29.9,12,30.0,14,2,2022-09-21 09:03:09
1663750990191221000,29.95,1,29.9,12,29.95,1,1,2022-09-21 09:03:10
1663750990486523000,29.95,1,29.9,13,30.0,15,1,2022-09-21 09:03:10
1663750991120527000,29.95,1,29.9,8,30.0,14,2,2022-09-21 09:03:11
1663750991120527000,29.9,5,29.9,8,30.0,14,2,2022-09-21 09:03:11
1663750991488444000,29.95,1,29.95,4,30.0,14,1,2022-09-21 09:03:11
1663750991621644000,29.95,1,29.95,3,30.0,14,2,2022-09-21 09:03:11
1663750991739180000,29.95,2,29.95,1,30.0,14,2,2022-09-21 09:03:11
1663750991849612000,29.95,1,29.9,10,30.0,14,2,2022-09-21 09:03:11
1663750993236541000,29.95,1,29.9,10,30.0,17,1,2022-09-21 09:03:13
1663750994239738000,29.95,1,29.9,10,29.95,1,1,2022-09-21 09:03:14
1663750994293243000,29.95,1,29.9,10,29.95,2,1,2022-09-21 09:03:14
1663750994752431000,29.95,1,29.9,11,30.0,18,2,2022-09-21 09:03:14
1663750995018833000,29.95,1,29.95,2,30.0,18,1,2022-09-21 09:03:15
1663750995633042000,29.95,2,29.95,6,30.0,23,2,2022-09-21 09:03:15
1663750996128235000,29.95,3,29.95,1,30.0,23,2,2022-09-21 09:03:16
1663750996171676000,29.95,1,29.9,12,30.0,23,2,2022-09-21 09:03:16
1663750996257935000,29.9,6,29.9,12,30.0,23,2,2022-09-21 09:03:16
1663750996686834000,29.95,1,29.9,7,29.95,2,1,2022-09-21 09:03:16
1663750997508405000,29.95,1,29.9,12,30.0,18,1,2022-09-21 09:03:17
1663750997540435000,29.9,1,29.9,11,30.0,18,2,2022-09-21 09:03:17
1663750998913317000,29.95,2,29.9,14,29.95,4,2,2022-09-21 09:03:18
1663750999028093000,29.95,4,29.9,24,30.0,18,1,2022-09-21 09:03:19
1663750999194774000,30.0,1,29.9,26,30.0,17,1,2022-09-21 09:03:19
1663750999921375000,29.95,3,29.9,27,29.95,7,2,2022-09-21 09:03:19
1663750999953277000,29.95,6,29.9,27,29.95,1,1,2022-09-21 09:03:19
1663750999984341000,29.95,1,29.9,27,30.0,16,1,2022-09-21 09:03:19
1663750999990195000,29.9,1,29.9,26,30.0,16,2,2022-09-21 09:03:19
1663751000013717000,29.9,1,29.9,25,30.0,16,2,2022-09-21 09:03:20
1663751000507264000,29.95,1,29.95,2,30.0,36,2,2022-09-21 09:03:20
1663751000945086000,29.95,2,29.9,33,30.0,37,2,2022-09-21 09:03:20
1663751001120093000,30.0,1,29.95,1,30.0,51,1,2022-09-21 09:03:21
1663751001702611000,29.95,3,29.95,4,30.0,51,2,2022-09-21 09:03:21
1663751001881601000,29.95,1,29.95,1,30.0,51,2,2022-09-21 09:03:21
1663751002633595000,29.95,2,29.95,28,30.0,65,2,2022-09-21 09:03:22
1663751002853999000,29.95,3,29.95,31,30.0,65,2,2022-09-21 09:03:22
1663751003872168000,29.95,1,29.95,57,30.0,58,2,2022-09-21 09:03:23
1663751004272296000,30.0,2,29.95,62,30.0,57,1,2022-09-21 09:03:24
1663751004317400000,29.95,1,29.95,63,30.0,57,2,2022-09-21 09:03:24
1663751004524640000,30.0,1,29.95,62,30.0,56,1,2022-09-21 09:03:24
1663751004648296000,29.95,1,29.95,61,30.0,56,2,2022-09-21 09:03:24
1663751004710083000,29.95,1,29.95,60,30.0,56,2,2022-09-21 09:03:24
1663751005133577000,30.0,30,29.95,70,30.0,25,1,2022-09-21 09:03:25
1663751005169194000,30.0,25,29.95,70,30.05,15,1,2022-09-21 09:03:25
1663751005366165000,30.0,1,29.95,70,30.05,15,2,2022-09-21 09:03:25
1663751005366165000,29.95,1,29.95,70,30.05,15,2,2022-09-21 09:03:25
1663751005581729000,30.0,2,29.95,70,30.05,15,2,2022-09-21 09:03:25
1663751005714457000,30.0,1,29.95,70,30.05,13,1,2022-09-21 09:03:25
1663751005714457000,30.05,2,29.95,70,30.05,13,1,2022-09-21 09:03:25
1663751006010246000,30.0,2,30.0,1,30.05,20,2,2022-09-21 09:03:26
1663751006039665000,30.05,3,30.0,4,30.05,17,1,2022-09-21 09:03:26
1663751006130456000,30.0,2,30.0,3,30.05,17,2,2022-09-21 09:03:26
1663751007227958000,30.0,1,30.0,17,30.05,17,2,2022-09-21 09:03:27
1663751007336585000,30.05,2,30.0,16,30.05,15,1,2022-09-21 09:03:27
1663751007557290000,30.0,2,30.0,14,30.05,15,2,2022-09-21 09:03:27
1663751008538992000,30.05,1,30.0,25,30.05,14,1,2022-09-21 09:03:28
1663751009100280000,30.05,1,30.0,28,30.05,13,1,2022-09-21 09:03:29
1663751009146725000,30.05,6,30.0,28,30.05,7,1,2022-09-21 09:03:29
1663751009173127000,30.05,6,30.0,28,30.05,1,1,2022-09-21 09:03:29
1663751009203413000,30.05,1,30.0,28,30.1,11,1,2022-09-21 09:03:29
1663751009370551000,30.0,2,30.0,26,30.1,11,2,2022-09-21 09:03:29
1663751010040494000,30.05,1,30.05,1,30.1,11,2,2022-09-21 09:03:30
1663751010163541000,30.05,3,30.0,27,30.1,11,2,2022-09-21 09:03:30
1663751010592168000,30.1,1,30.05,1,30.1,10,1,2022-09-21 09:03:30
1663751010664781000,30.1,4,30.05,6,30.1,6,1,2022-09-21 09:03:30
1663751010705328000,30.1,6,30.05,6,30.15,7,1,2022-09-21 09:03:30
1663751011532669000,30.05,3,30.05,4,30.15,7,2,2022-09-21 09:03:31
1663751012611415000,30.1,2,30.1,4,30.15,7,2,2022-09-21 09:03:32
1663751013335937000,30.1,3,30.1,1,30.15,6,2,2022-09-21 09:03:33
1663751014191938000,30.1,1,30.1,1,30.15,5,2,2022-09-21 09:03:34
1663751015455714000,30.1,2,30.05,25,30.1,5,1,2022-09-21 09:03:35
1663751015488737000,30.1,5,30.05,25,30.15,7,1,2022-09-21 09:03:35
1663751015820837000,30.1,1,30.05,25,30.1,1,2,2022-09-21 09:03:35
1663751017552525000,30.1,1,30.05,25,30.15,6,1,2022-09-21 09:03:37
1663751017552525000,30.15,1,30.05,25,30.15,6,1,2022-09-21 09:03:37
1663751017831048000,30.1,4,30.1,1,30.15,6,1,2022-09-21 09:03:37
1663751018164190000,30.15,1,30.1,2,30.15,5,1,2022-09-21 09:03:38
1663751018307659000,30.1,2,30.05,26,30.15,5,2,2022-09-21 09:03:38
1663751021598554000,30.1,1,30.1,17,30.15,7,2,2022-09-21 09:03:41
1663751024665905000,30.15,3,30.1,49,30.15,4,1,2022-09-21 09:03:44
1663751025251151000,30.1,1,30.1,48,30.15,4,2,2022-09-21 09:03:45
1663751025609841000,30.15,2,30.1,48,30.15,2,1,2022-09-21 09:03:45
1663751025957945000,30.15,2,30.1,48,30.2,7,1,2022-09-21 09:03:45
1663751026341458000,30.15,2,30.1,48,30.15,16,1,2022-09-21 09:03:46
1663751026389337000,30.15,1,30.1,48,30.15,15,1,2022-09-21 09:03:46
1663751026576400000,30.1,1,30.1,48,30.15,15,2,2022-09-21 09:03:46
1663751027554233000,30.15,1,30.1,48,30.15,16,1,2022-09-21 09:03:47
1663751028873204000,30.15,1,30.1,50,30.15,16,1,2022-09-21 09:03:48
1663751029119966000,30.1,8,30.1,42,30.15,16,2,2022-09-21 09:03:49
1663751030831280000,30.1,2,30.1,50,30.15,18,2,2022-09-21 09:03:50
1663751030856225000,30.15,8,30.1,50,30.15,10,1,2022-09-21 09:03:50
1663751030860938000,30.15,1,30.1,50,30.15,9,1,2022-09-21 09:03:50
1663751030989541000,30.15,1,30.1,50,30.15,8,1,2022-09-21 09:03:50
1663751031054527000,30.15,1,30.1,51,30.15,7,1,2022-09-21 09:03:51
1663751031177007000,30.15,1,30.1,51,30.15,6,1,2022-09-21 09:03:51
1663751031177884000,30.1,1,30.1,50,30.15,6,2,2022-09-21 09:03:51
1663751031214638000,30.15,1,30.1,50,30.15,5,1,2022-09-21 09:03:51
1663751031435328000,30.15,2,30.1,50,30.15,3,1,2022-09-21 09:03:51
1663751031496424000,30.15,3,30.15,7,30.2,6,1,2022-09-21 09:03:51
1663751032144033000,30.15,1,30.15,17,30.2,6,2,2022-09-21 09:03:52
1663751032438363000,30.2,1,30.15,16,30.2,5,1,2022-09-21 09:03:52
1663751032496195000,30.2,4,30.15,16,30.2,1,1,2022-09-21 09:03:52
1663751033813206000,30.15,20,30.1,50,30.15,15,2,2022-09-21 09:03:53
1663751035576443000,30.15,1,30.1,50,30.15,17,1,2022-09-21 09:03:55
1663751035795714000,30.15,17,30.1,50,30.15,18,1,2022-09-21 09:03:55
1663751035839873000,30.15,1,30.15,15,30.2,2,2,2022-09-21 09:03:55
1663751035967435000,30.2,2,30.2,3,30.25,14,1,2022-09-21 09:03:55
1663751036000542000,30.2,3,30.15,15,30.25,14,2,2022-09-21 09:03:56
1663751036634963000,30.15,1,30.15,14,30.25,14,2,2022-09-21 09:03:56
1663751036995838000,30.15,1,30.15,14,30.2,6,2,2022-09-21 09:03:56
1663751039647627000,30.2,1,30.15,15,30.2,6,1,2022-09-21 09:03:59
1663751040158306000,30.2,1,30.15,17,30.2,11,1,2022-09-21 09:04:00
1663751040259658000,30.15,1,30.15,16,30.2,13,2,2022-09-21 09:04:00
1663751040291062000,30.15,5,30.15,17,30.2,13,2,2022-09-21 09:04:00
1663751040321610000,30.15,11,30.1,53,30.2,13,2,2022-09-21 09:04:00
1663751040411407000,30.2,1,30.1,53,30.2,12,1,2022-09-21 09:04:00
1663751041164404000,30.15,1,30.1,64,30.15,9,1,2022-09-21 09:04:01
1663751041430618000,30.15,2,30.1,67,30.15,9,1,2022-09-21 09:04:01
1663751041445384000,30.15,1,30.1,66,30.15,8,1,2022-09-21 09:04:01
1663751041654709000,30.15,1,30.1,66,30.15,7,1,2022-09-21 09:04:01
1663751041817476000,30.15,7,30.15,3,30.2,10,1,2022-09-21 09:04:01
1663751042225200000,30.15,1,30.15,3,30.2,16,2,2022-09-21 09:04:02
1663751042890094000,30.15,1,30.15,11,30.2,16,2,2022-09-21 09:04:02
1663751043607721000,30.2,2,30.15,16,30.2,14,1,2022-09-21 09:04:03
1663751043665660000,30.15,1,30.15,15,30.2,14,2,2022-09-21 09:04:03
1663751043756275000,30.2,1,30.15,16,30.2,16,1,2022-09-21 09:04:03
1663751044431353000,30.15,3,30.15,14,30.2,15,2,2022-09-21 09:04:04
1663751044807114000,30.15,1,30.15,13,30.2,15,2,2022-09-21 09:04:04
1663751046910670000,30.2,1,30.15,22,30.2,9,1,2022-09-21 09:04:06
1663751047319467000,30.2,1,30.15,23,30.2,9,1,2022-09-21 09:04:07
1663751048294947000,30.15,2,30.15,21,30.2,14,2,2022-09-21 09:04:08
1663751049664353000,30.2,1,30.15,22,30.2,13,1,2022-09-21 09:04:09
1663751049668144000,30.2,2,30.15,22,30.2,14,1,2022-09-21 09:04:09
1663751049990596000,30.2,5,30.15,22,30.2,11,1,2022-09-21 09:04:09
1663751050940583000,30.15,1,30.15,22,30.2,13,2,2022-09-21 09:04:10
1663751051248581000,30.2,1,30.15,22,30.2,13,1,2022-09-21 09:04:11
1663751052601753000,30.2,6,30.15,22,30.2,6,1,2022-09-21 09:04:12
1663751052978604000,30.15,22,30.05,38,30.1,6,2,2022-09-21 09:04:12
1663751052978604000,30.1,72,30.05,38,30.1,6,2,2022-09-21 09:04:12
1663751053007668000,30.05,1,30.05,42,30.1,6,2,2022-09-21 09:04:13
1663751053015265000,30.05,1,30.05,41,30.1,6,2,2022-09-21 09:04:13
1663751053015387000,30.05,1,30.05,40,30.1,6,2,2022-09-21 09:04:13
1663751053029340000,30.05,1,30.05,39,30.1,6,2,2022-09-21 09:04:13
1663751053037788000,30.05,1,30.05,38,30.1,6,2,2022-09-21 09:04:13
1663751053079118000,30.1,1,30.05,38,30.1,5,1,2022-09-21 09:04:13
1663751053111382000,30.1,1,30.05,38,30.1,4,1,2022-09-21 09:04:13
1663751054142776000,30.1,1,30.05,37,30.1,13,1,2022-09-21 09:04:14
1663751054174440000,30.1,1,30.05,37,30.1,12,1,2022-09-21 09:04:14
1663751054209354000,30.1,10,30.05,37,30.1,2,1,2022-09-21 09:04:14
1663751054254304000,30.05,1,30.05,37,30.1,13,2,2022-09-21 09:04:14
1663751054448798000,30.1,2,30.05,36,30.2,2,1,2022-09-21 09:04:14
1663751054448798000,30.2,3,30.05,36,30.2,2,1,2022-09-21 09:04:14
1663751055737041000,30.2,5,30.1,10,30.2,4,1,2022-09-21 09:04:15
1663751057862899000,30.15,1,30.1,10,30.2,17,1,2022-09-21 09:04:17
1663751058464489000,30.15,1,30.1,10,30.2,17,2,2022-09-21 09:04:18
1663751060070106000,30.15,1,30.1,10,30.15,1,1,2022-09-21 09:04:20
1663751062262343000,30.1,5,30.1,9,30.15,1,2,2022-09-21 09:04:22
1663751062532015000,30.15,1,30.1,9,30.2,16,1,2022-09-21 09:04:22
1663751063194935000,30.1,1,30.1,9,30.15,3,2,2022-09-21 09:04:23
1663751063785266000,30.15,2,30.1,8,30.15,2,1,2022-09-21 09:04:23
1663751063828635000,30.1,8,29.95,49,30.0,19,2,2022-09-21 09:04:23
1663751063828635000,30.05,37,29.95,49,30.0,19,2,2022-09-21 09:04:23
1663751063828635000,30.0,36,29.95,49,30.0,19,2,2022-09-21 09:04:23
1663751063859930000,29.95,1,29.95,48,30.0,19,2,2022-09-21 09:04:23
1663751063869776000,29.95,1,29.95,47,30.0,19,2,2022-09-21 09:04:23
1663751063870651000,29.95,1,29.95,46,30.0,19,2,2022-09-21 09:04:23
1663751063882774000,29.95,1,29.95,45,30.0,19,2,2022-09-21 09:04:23
1663751063890512000,29.95,1,29.95,44,30.0,19,2,2022-09-21 09:04:23
1663751063891143000,29.95,1,29.95,43,30.0,19,2,2022-09-21 09:04:23
1663751063911069000,29.95,1,29.95,42,30.0,19,2,2022-09-21 09:04:23
1663751064086992000,30.0,5,29.95,42,30.0,14,1,2022-09-21 09:04:24
1663751064272356000,30.0,1,29.95,45,30.0,19,1,2022-09-21 09:04:24
1663751064579215000,30.0,1,29.95,47,30.0,12,1,2022-09-21 09:04:24
1663751064722713000,30.0,1,29.95,47,30.0,12,1,2022-09-21 09:04:24
1663751065751899000,29.95,1,29.95,47,30.0,11,2,2022-09-21 09:04:25
1663751065906620000,29.95,1,29.95,45,30.0,11,2,2022-09-21 09:04:25
1663751066074289000,30.0,2,29.95,45,30.0,9,1,2022-09-21 09:04:26
1663751066269642000,30.0,1,29.95,45,30.0,8,1,2022-09-21 09:04:26
1663751066426581000,29.95,1,29.95,44,30.0,8,2,2022-09-21 09:04:26
1663751066655780000,29.95,1,29.95,43,30.0,8,2,2022-09-21 09:04:26
1663751066716871000,29.95,1,29.95,42,30.0,8,2,2022-09-21 09:04:26
1663751066724210000,29.95,1,29.95,41,30.0,8,2,2022-09-21 09:04:26
1663751066769631000,29.95,1,29.95,40,30.0,8,2,2022-09-21 09:04:26
1663751066784268000,29.95,1,29.95,43,30.0,8,2,2022-09-21 09:04:26
1663751066801593000,29.95,1,29.95,38,30.0,8,2,2022-09-21 09:04:26
1663751066859417000,30.0,1,29.95,38,30.0,7,1,2022-09-21 09:04:26
1663751068411105000,29.95,5,29.95,33,30.0,7,2,2022-09-21 09:04:28
1663751069167144000,30.0,1,29.95,33,30.0,6,1,2022-09-21 09:04:29
1663751069777381000,29.95,5,29.95,28,30.0,6,2,2022-09-21 09:04:29
1663751070028526000,29.95,4,29.95,24,30.0,6,2,2022-09-21 09:04:30
1663751070368938000,30.0,1,29.95,24,30.0,5,1,2022-09-21 09:04:30
1663751071734366000,30.0,1,29.95,24,30.0,5,1,2022-09-21 09:04:31
1663751071902160000,29.95,1,29.95,23,30.0,5,2,2022-09-21 09:04:31
1663751073630193000,29.95,2,29.95,24,30.0,34,2,2022-09-21 09:04:33
1663751074328081000,29.95,1,29.95,21,30.0,34,2,2022-09-21 09:04:34
1663751075058758000,30.0,1,29.95,23,30.0,34,1,2022-09-21 09:04:35
1663751075751067000,29.95,15,29.95,9,30.0,34,2,2022-09-21 09:04:35
1663751075778888000,29.95,6,29.95,3,30.0,34,2,2022-09-21 09:04:35
1663751075779063000,29.95,2,29.95,1,30.0,34,2,2022-09-21 09:04:35
1663751075782231000,29.95,1,29.9,45,30.0,34,2,2022-09-21 09:04:35
1663751075936260000,30.0,1,29.9,45,30.0,34,1,2022-09-21 09:04:35
1663751076478788000,30.0,2,29.9,50,30.0,33,1,2022-09-21 09:04:36
1663751076761797000,29.9,1,29.9,49,29.95,1,2,2022-09-21 09:04:36
1663751076775944000,29.95,1,29.9,49,29.95,3,1,2022-09-21 09:04:36
1663751076787771000,29.9,1,29.9,49,29.95,4,2,2022-09-21 09:04:36
1663751076833697000,29.9,1,29.9,47,29.95,3,2,2022-09-21 09:04:36
1663751077025530000,29.95,5,29.95,7,30.0,33,1,2022-09-21 09:04:37
1663751078356233000,29.95,2,29.95,11,30.0,26,2,2022-09-21 09:04:38
1663751078409963000,29.95,1,29.95,10,30.0,26,2,2022-09-21 09:04:38
1663751078450563000,29.95,10,29.9,46,30.0,26,2,2022-09-21 09:04:38
1663751080052515000,29.95,2,29.9,39,30.0,28,2,2022-09-21 09:04:40
1663751080052515000,29.9,8,29.9,39,30.0,28,2,2022-09-21 09:04:40
1663751081021357000,29.95,1,29.95,2,30.0,29,2,2022-09-21 09:04:41
1663751081051993000,29.95,2,29.9,37,30.0,29,2,2022-09-21 09:04:41
1663751082122745000,29.95,2,29.95,1,30.0,36,2,2022-09-21 09:04:42
1663751082345322000,29.95,1,29.9,38,29.95,5,2,2022-09-21 09:04:42
1663751082544683000,29.9,2,29.9,36,29.95,5,2,2022-09-21 09:04:42
1663751082808044000,29.95,1,29.9,37,29.95,4,1,2022-09-21 09:04:42
1663751083196177000,29.95,1,29.9,38,29.95,5,1,2022-09-21 09:04:43
1663751083277752000,29.95,2,29.9,38,29.95,5,1,2022-09-21 09:04:43
1663751083889998000,29.95,2,29.9,39,29.95,5,1,2022-09-21 09:04:43
1663751084085057000,29.95,2,29.9,41,29.95,5,1,2022-09-21 09:04:44
1663751084405560000,29.95,3,29.95,5,30.0,44,1,2022-09-21 09:04:44
1663751084796554000,29.95,4,29.95,1,30.0,44,2,2022-09-21 09:04:44
1663751084985054000,29.95,1,29.9,41,29.95,4,2,2022-09-21 09:04:44
1663751085556061000,29.95,1,29.9,41,29.95,4,1,2022-09-21 09:04:45
1663751085801601000,29.95,4,29.95,16,30.0,44,1,2022-09-21 09:04:45
1663751085859229000,30.0,10,29.95,16,30.0,34,1,2022-09-21 09:04:45
1663751085905084000,29.95,7,29.95,9,30.0,34,2,2022-09-21 09:04:45
1663751086173440000,29.95,1,29.95,8,30.0,35,2,2022-09-21 09:04:46
1663751086544318000,29.95,2,29.95,6,30.0,35,2,2022-09-21 09:04:46
1663751086776548000,29.95,6,29.95,8,30.0,35,2,2022-09-21 09:04:46
1663751086776548000,29.9,3,29.95,8,30.0,35,2,2022-09-21 09:04:46
1663751087247922000,29.95,2,29.9,37,29.95,3,2,2022-09-21 09:04:47
1663751087404687000,29.9,3,29.9,34,29.95,3,2,2022-09-21 09:04:47
1663751087551449000,29.95,1,29.9,34,29.95,2,1,2022-09-21 09:04:47
1663751087567015000,29.95,1,29.9,34,29.95,1,1,2022-09-21 09:04:47
1663751087876855000,29.95,1,29.9,34,30.0,30,1,2022-09-21 09:04:47
1663751089099302000,29.9,2,29.9,38,30.0,31,2,2022-09-21 09:04:49
1663751089598298000,29.95,1,29.9,41,29.95,1,2,2022-09-21 09:04:49
1663751089718461000,29.95,1,29.9,41,29.95,1,1,2022-09-21 09:04:49
1663751090702574000,29.95,1,29.95,1,30.0,31,2,2022-09-21 09:04:50
1663751091526369000,29.95,1,29.9,43,30.0,31,2,2022-09-21 09:04:51
1663751092512183000,29.95,6,29.95,11,30.0,32,2,2022-09-21 09:04:52
1663751093208972000,30.0,1,29.95,7,30.0,32,1,2022-09-21 09:04:53
1663751097500222000,30.0,3,29.95,27,30.0,37,1,2022-09-21 09:04:57
1663751098595798000,30.0,1,29.95,27,30.0,33,1,2022-09-21 09:04:58
1663751098809775000,30.0,1,29.95,29,30.0,32,1,2022-09-21 09:04:58
1663751099004647000,29.95,1,29.95,28,30.0,31,2,2022-09-21 09:04:59
1663751099035551000,30.0,1,29.95,28,30.0,30,1,2022-09-21 09:04:59
1663751099349298000,30.0,1,29.95,40,30.0,29,1,2022-09-21 09:04:59
1663751099377460000,30.0,9,29.95,40,30.0,20,1,2022-09-21 09:04:59
1663751099408060000,30.0,20,29.95,40,30.05,3,1,2022-09-21 09:04:59
1663751099501256000,29.95,15,29.95,25,30.05,5,2,2022-09-21 09:04:59
1663751099614295000,29.95,2,29.95,25,30.0,1,2,2022-09-21 09:04:59
1663751099890480000,30.0,1,30.0,2,30.05,5,1,2022-09-21 09:04:59
1663751099989936000,30.0,1,30.0,6,30.05,5,2,2022-09-21 09:04:59
1663751099995049000,30.0,4,30.0,2,30.05,5,2,2022-09-21 09:04:59
1663751100011005000,30.0,1,30.0,1,30.05,5,2,2022-09-21 09:05:00
1663751100021230000,30.0,1,29.95,23,30.05,5,2,2022-09-21 09:05:00
1663751100160252000,29.95,1,29.95,22,30.05,5,2,2022-09-21 09:05:00
1663751101477444000,29.95,2,29.95,27,30.05,3,2,2022-09-21 09:05:01
1663751101691020000,29.95,1,29.95,27,30.05,3,2,2022-09-21 09:05:01
1663751101720925000,29.95,1,29.95,26,30.05,3,2,2022-09-21 09:05:01
1663751102659177000,30.0,1,29.95,28,30.05,3,2,2022-09-21 09:05:02
1663751102659177000,29.95,1,29.95,28,30.05,3,2,2022-09-21 09:05:02
1663751103256862000,30.0,1,30.0,4,30.05,3,2,2022-09-21 09:05:03
1663751103479307000,30.05,1,30.0,13,30.05,3,1,2022-09-21 09:05:03
1663751104418304000,30.0,2,30.0,12,30.05,2,2,2022-09-21 09:05:04
1663751105539361000,30.0,1,30.0,33,30.05,2,2,2022-09-21 09:05:05
1663751105865939000,30.0,1,30.0,32,30.05,2,2,2022-09-21 09:05:05
1663751106279175000,30.0,5,30.0,33,30.05,5,2,2022-09-21 09:05:06
1663751107935994000,30.0,1,30.0,33,30.05,6,2,2022-09-21 09:05:07
1663751108315461000,30.0,2,30.0,31,30.05,6,2,2022-09-21 09:05:08
1663751108861787000,30.0,5,30.0,26,30.05,6,2,2022-09-21 09:05:08
1663751109134860000,30.05,1,30.0,27,30.05,8,1,2022-09-21 09:05:09
1663751109535835000,30.05,7,30.05,3,30.1,21,1,2022-09-21 09:05:09
1663751109851019000,30.1,2,30.05,8,30.1,19,1,2022-09-21 09:05:09
1663751111046988000,30.05,2,30.05,6,30.1,19,2,2022-09-21 09:05:11
1663751112380798000,30.1,3,30.05,6,30.1,16,1,2022-09-21 09:05:12
1663751113521494000,30.1,1,30.05,12,30.1,17,1,2022-09-21 09:05:13
1663751115165383000,30.05,3,30.05,14,30.1,17,2,2022-09-21 09:05:15
1663751116932011000,30.05,1,30.05,13,30.1,21,2,2022-09-21 09:05:16
1663751117719765000,30.1,1,30.05,12,30.1,21,1,2022-09-21 09:05:17
1663751117854844000,30.1,1,30.05,12,30.1,19,1,2022-09-21 09:05:17
1663751118111511000,30.05,2,30.05,10,30.1,19,2,2022-09-21 09:05:18
1663751119059954000,30.1,1,30.05,11,30.1,20,1,2022-09-21 09:05:19
1663751120137620000,30.1,1,30.05,12,30.1,20,1,2022-09-21 09:05:20
1663751120182909000,30.05,1,30.05,11,30.1,20,2,2022-09-21 09:05:20
1663751122140641000,30.1,1,30.05,13,30.1,19,1,2022-09-21 09:05:22
1663751122418630000,30.1,3,30.05,18,30.1,16,1,2022-09-21 09:05:22
1663751123310033000,30.05,3,30.05,15,30.1,16,2,2022-09-21 09:05:23
1663751124988040000,30.1,2,30.05,19,30.1,14,1,2022-09-21 09:05:24
1663751126308543000,30.1,10,30.05,23,30.1,4,1,2022-09-21 09:05:26
1663751126440793000,30.1,2,30.05,23,30.1,2,1,2022-09-21 09:05:26
1663751126471782000,30.1,2,30.05,23,30.15,22,1,2022-09-21 09:05:26
1663751128231478000,30.15,10,30.1,7,30.15,22,1,2022-09-21 09:05:28
1663751128300688000,30.15,6,30.1,7,30.15,6,1,2022-09-21 09:05:28
1663751128668556000,30.1,3,30.1,5,30.15,6,2,2022-09-21 09:05:28
1663751128748911000,30.1,7,30.1,7,30.15,6,2,2022-09-21 09:05:28
1663751129720608000,30.15,4,30.1,5,30.15,6,1,2022-09-21 09:05:29
1663751129988025000,30.1,3,30.1,2,30.15,2,2,2022-09-21 09:05:29
1663751133374107000,30.1,1,30.1,2,30.15,5,2,2022-09-21 09:05:33
1663751133414979000,30.15,1,30.1,2,30.15,4,1,2022-09-21 09:05:33
1663751134715057000,30.1,1,30.1,4,30.15,7,2,2022-09-21 09:05:34
1663751135230135000,30.1,1,30.1,7,30.15,27,2,2022-09-21 09:05:35
1663751137092782000,30.1,1,30.1,7,30.15,28,2,2022-09-21 09:05:37
1663751137311004000,30.1,1,30.1,5,30.15,28,2,2022-09-21 09:05:37
1663751139794626000,30.15,2,30.1,7,30.15,27,1,2022-09-21 09:05:39
1663751140249857000,30.15,5,30.1,8,30.15,30,1,2022-09-21 09:05:40
1663751141560964000,30.15,1,30.1,11,30.15,25,1,2022-09-21 09:05:41
1663751142442934000,30.15,1,30.1,15,30.15,23,1,2022-09-21 09:05:42
1663751143379432000,30.1,2,30.1,14,30.15,23,2,2022-09-21 09:05:43
1663751144869694000,30.15,1,30.1,45,30.15,21,1,2022-09-21 09:05:44
1663751145332299000,30.15,1,30.1,45,30.15,20,1,2022-09-21 09:05:45
1663751145706286000,30.15,1,30.1,45,30.15,20,1,2022-09-21 09:05:45
1663751146991947000,30.15,2,30.1,46,30.15,28,1,2022-09-21 09:05:46
1663751147516686000,30.15,1,30.1,47,30.15,27,1,2022-09-21 09:05:47
1663751147769434000,30.15,3,30.1,47,30.15,24,1,2022-09-21 09:05:47
1663751148610023000,30.15,1,30.1,48,30.15,23,1,2022-09-21 09:05:48
1663751148679064000,30.15,1,30.1,48,30.15,24,1,2022-09-21 09:05:48
1663751149083876000,30.15,2,30.1,53,30.15,22,1,2022-09-21 09:05:49
1663751149496925000,30.15,2,30.1,53,30.15,18,1,2022-09-21 09:05:49
1663751152105564000,30.15,2,30.1,58,30.15,21,1,2022-09-21 09:05:52
1663751153387344000,30.15,1,30.1,58,30.15,18,1,2022-09-21 09:05:53
1663751153533353000,30.1,1,30.1,58,30.15,13,2,2022-09-21 09:05:53
1663751154396254000,30.15,2,30.1,57,30.15,11,1,2022-09-21 09:05:54
1663751154691269000,30.15,1,30.1,57,30.15,10,1,2022-09-21 09:05:54
1663751155257547000,30.15,5,30.1,57,30.15,5,1,2022-09-21 09:05:55
1663751155489725000,30.15,1,30.1,57,30.15,5,1,2022-09-21 09:05:55
1663751156248301000,30.15,1,30.1,58,30.15,4,1,2022-09-21 09:05:56
1663751156299445000,30.15,2,30.1,58,30.15,2,1,2022-09-21 09:05:56
1663751156316949000,30.15,2,30.1,58,30.2,16,1,2022-09-21 09:05:56
1663751156757029000,30.15,1,30.15,1,30.2,16,2,2022-09-21 09:05:56
1663751156767884000,30.15,1,30.1,62,30.2,16,2,2022-09-21 09:05:56
1663751156860650000,30.2,1,30.15,5,30.2,15,1,2022-09-21 09:05:56
1663751157623635000,30.2,1,30.15,23,30.2,14,1,2022-09-21 09:05:57
1663751157624814000,30.2,5,30.15,23,30.2,9,1,2022-09-21 09:05:57
1663751157626829000,30.2,1,30.15,23,30.2,8,1,2022-09-21 09:05:57
1663751157628323000,30.2,2,30.15,23,30.2,6,1,2022-09-21 09:05:57
1663751157629767000,30.2,5,30.15,23,30.2,1,1,2022-09-21 09:05:57
1663751157631337000,30.2,1,30.15,23,30.25,12,1,2022-09-21 09:05:57
1663751157631337000,30.25,5,30.15,23,30.25,12,1,2022-09-21 09:05:57
1663751157741801000,30.15,1,30.15,23,30.2,15,2,2022-09-21 09:05:57
1663751157856791000,30.25,1,30.15,22,30.25,11,1,2022-09-21 09:05:57
1663751157890747000,30.25,3,30.15,22,30.25,8,1,2022-09-21 09:05:57
1663751160381993000,30.15,1,30.15,24,30.25,8,2,2022-09-21 09:06:00
1663751161069256000,30.2,2,30.15,24,30.2,1,2,2022-09-21 09:06:01
1663751163100290000,30.2,1,30.15,26,30.25,10,1,2022-09-21 09:06:03
1663751165499359000,30.2,3,30.2,4,30.25,10,2,2022-09-21 09:06:05
1663751166461898000,30.25,1,30.2,5,30.25,9,1,2022-09-21 09:06:06
1663751166600569000,30.2,2,30.2,3,30.25,9,2,2022-09-21 09:06:06
1663751167503765000,30.2,1,30.2,2,30.25,9,2,2022-09-21 09:06:07
1663751167769040000,30.25,1,30.2,2,30.25,8,1,2022-09-21 09:06:07
1663751168548499000,30.2,2,30.15,28,30.25,11,2,2022-09-21 09:06:08
1663751170030775000,30.2,1,30.2,15,30.25,14,2,2022-09-21 09:06:10
1663751170583984000,30.25,1,30.2,16,30.25,13,1,2022-09-21 09:06:10
1663751171090214000,30.2,1,30.2,15,30.25,13,2,2022-09-21 09:06:11
1663751171479156000,30.2,1,30.2,15,30.25,13,2,2022-09-21 09:06:11
1663751172011998000,30.25,2,30.2,14,30.25,11,1,2022-09-21 09:06:12
1663751173412842000,30.25,1,30.2,16,30.25,14,1,2022-09-21 09:06:13
1663751174092716000,30.25,1,30.2,17,30.25,14,1,2022-09-21 09:06:14
1663751175583936000,30.25,2,30.2,24,30.25,12,1,2022-09-21 09:06:15
1663751176659637000,30.25,10,30.2,25,30.25,2,1,2022-09-21 09:06:16
1663751176852095000,30.25,1,30.2,25,30.25,2,1,2022-09-21 09:06:16
1663751177852594000,30.25,1,30.2,30,30.25,1,1,2022-09-21 09:06:17
1663751178122516000,30.25,1,30.2,30,30.3,52,1,2022-09-21 09:06:18
1663751180004198000,30.3,4,30.25,16,30.3,49,1,2022-09-21 09:06:20
1663751180193649000,30.3,1,30.25,17,30.3,48,1,2022-09-21 09:06:20
1663751180201128000,30.3,1,30.25,17,30.3,49,1,2022-09-21 09:06:20
1663751181207190000,30.3,1,30.25,19,30.3,48,1,2022-09-21 09:06:21
1663751181818633000,30.3,1,30.25,20,30.3,46,1,2022-09-21 09:06:21
1663751182387937000,30.3,4,30.25,20,30.3,42,1,2022-09-21 09:06:22
1663751183604853000,30.3,1,30.25,21,30.3,41,1,2022-09-21 09:06:23
1663751184081102000,30.25,2,30.25,29,30.3,41,2,2022-09-21 09:06:24
1663751184093180000,30.3,1,30.25,29,30.3,40,1,2022-09-21 09:06:24
1663751184800177000,30.3,2,30.25,29,30.3,38,1,2022-09-21 09:06:24
1663751186380356000,30.3,3,30.25,31,30.3,35,1,2022-09-21 09:06:26
1663751186573508000,30.25,1,30.25,30,30.3,35,2,2022-09-21 09:06:26
1663751186618373000,30.3,5,30.25,30,30.3,30,1,2022-09-21 09:06:26
1663751187478275000,30.3,5,30.25,31,30.3,25,1,2022-09-21 09:06:27
1663751188292502000,30.3,10,30.25,33,30.3,25,1,2022-09-21 09:06:28
1663751188324511000,30.3,7,30.25,33,30.3,8,1,2022-09-21 09:06:28
1663751188356654000,30.3,5,30.25,33,30.3,3,1,2022-09-21 09:06:28
1663751188569132000,30.3,1,30.25,33,30.3,2,1,2022-09-21 09:06:28
1663751188592040000,30.3,2,30.3,8,30.35,11,1,2022-09-21 09:06:28
1663751189015550000,30.35,1,30.3,13,30.35,10,1,2022-09-21 09:06:29
1663751189068136000,30.35,1,30.3,13,30.35,9,1,2022-09-21 09:06:29
1663751189078183000,30.35,5,30.3,13,30.35,4,1,2022-09-21 09:06:29
1663751189258227000,30.35,4,30.3,18,30.4,10,1,2022-09-21 09:06:29
1663751189258227000,30.4,1,30.3,18,30.4,10,1,2022-09-21 09:06:29
1663751189296691000,30.4,8,30.3,19,30.4,10,1,2022-09-21 09:06:29
1663751189555820000,30.4,2,30.3,19,30.45,13,1,2022-09-21 09:06:29
1663751189555820000,30.45,3,30.3,19,30.45,13,1,2022-09-21 09:06:29
1663751189682560000,30.45,1,30.3,19,30.45,12,1,2022-09-21 09:06:29
1663751189683294000,30.45,1,30.3,19,30.4,2,1,2022-09-21 09:06:29
1663751189850305000,30.45,1,30.3,19,30.45,10,1,2022-09-21 09:06:29
1663751189882428000,30.45,1,30.3,19,30.45,9,1,2022-09-21 09:06:29
1663751190597974000,30.45,1,30.4,33,30.45,8,1,2022-09-21 09:06:30
1663751190681301000,30.4,2,30.4,31,30.45,8,2,2022-09-21 09:06:30
1663751190756816000,30.45,1,30.4,31,30.45,8,1,2022-09-21 09:06:30
1663751190889743000,30.45,2,30.4,31,30.45,5,1,2022-09-21 09:06:30
1663751191123665000,30.45,2,30.4,31,30.45,3,1,2022-09-21 09:06:31
1663751192184756000,30.45,1,30.4,31,30.45,2,1,2022-09-21 09:06:32
1663751192566209000,30.45,1,30.4,31,30.45,2,1,2022-09-21 09:06:32
1663751193093451000,30.4,2,30.4,29,30.45,1,2,2022-09-21 09:06:33
1663751193374912000,30.45,1,30.4,29,30.45,4,1,2022-09-21 09:06:33
1663751193400575000,30.45,1,30.4,29,30.45,3,1,2022-09-21 09:06:33
1663751193592915000,30.4,1,30.4,28,30.45,3,2,2022-09-21 09:06:33
1663751194176488000,30.45,3,30.4,28,30.5,57,1,2022-09-21 09:06:34
1663751194176488000,30.5,2,30.4,28,30.5,57,1,2022-09-21 09:06:34
1663751194210994000,30.5,1,30.4,28,30.5,57,1,2022-09-21 09:06:34
1663751194704435000,30.5,14,30.45,1,30.5,56,1,2022-09-21 09:06:34
1663751195863695000,30.45,2,30.4,27,30.45,4,2,2022-09-21 09:06:35
1663751195951526000,30.45,1,30.4,27,30.45,3,1,2022-09-21 09:06:35
1663751197679572000,30.45,2,30.4,31,30.45,3,1,2022-09-21 09:06:37
1663751197822547000,30.45,1,30.4,31,30.45,12,1,2022-09-21 09:06:37
1663751198619469000,30.45,1,30.4,33,30.45,12,1,2022-09-21 09:06:38
1663751198692999000,30.45,7,30.4,33,30.45,5,1,2022-09-21 09:06:38
1663751198764330000,30.45,1,30.4,33,30.45,13,1,2022-09-21 09:06:38
1663751199005800000,30.45,1,30.4,33,30.45,3,1,2022-09-21 09:06:39
1663751199241273000,30.45,10,30.4,35,30.45,9,1,2022-09-21 09:06:39
1663751199276450000,30.4,1,30.4,34,30.45,9,2,2022-09-21 09:06:39
1663751199325390000,30.4,1,30.4,35,30.45,19,2,2022-09-21 09:06:39
1663751199660557000,30.45,1,30.4,33,30.45,8,1,2022-09-21 09:06:39
1663751199683581000,30.45,1,30.4,33,30.45,7,1,2022-09-21 09:06:39
1663751200253602000,30.45,5,30.4,33,30.45,3,1,2022-09-21 09:06:40
1663751200532177000,30.45,1,30.4,36,30.45,4,1,2022-09-21 09:06:40
1663751200628198000,30.45,1,30.4,37,30.45,3,1,2022-09-21 09:06:40
1663751200913983000,30.45,1,30.4,37,30.45,5,1,2022-09-21 09:06:40
1663751201086722000,30.45,1,30.4,37,30.45,5,1,2022-09-21 09:06:41
1663751201109431000,30.45,1,30.4,37,30.45,4,1,2022-09-21 09:06:41
1663751201642563000,30.45,1,30.4,37,30.45,4,1,2022-09-21 09:06:41
1663751201793669000,30.45,1,30.4,37,30.45,3,1,2022-09-21 09:06:41
1663751201856274000,30.45,2,30.4,37,30.45,4,1,2022-09-21 09:06:41
1663751201921813000,30.45,1,30.4,17,30.5,25,1,2022-09-21 09:06:41
1663751202120788000,30.45,2,30.4,17,30.5,25,2,2022-09-21 09:06:42
1663751202242941000,30.5,2,30.4,17,30.5,24,1,2022-09-21 09:06:42
1663751202586602000,30.45,1,30.4,17,30.45,5,1,2022-09-21 09:06:42
1663751202806844000,30.45,2,30.4,17,30.45,6,1,2022-09-21 09:06:42
1663751202864735000,30.4,14,30.4,17,30.45,16,2,2022-09-21 09:06:42
1663751202897411000,30.4,3,30.3,21,30.45,16,2,2022-09-21 09:06:42
1663751202931943000,30.4,3,30.3,21,30.45,14,1,2022-09-21 09:06:42
1663751202931943000,30.45,2,30.3,21,30.45,14,1,2022-09-21 09:06:42
1663751203124771000,30.45,1,30.3,21,30.45,13,1,2022-09-21 09:06:43
1663751203422191000,30.4,2,30.3,21,30.4,5,1,2022-09-21 09:06:43
1663751203437020000,30.4,1,30.3,21,30.4,4,1,2022-09-21 09:06:43
1663751203654199000,30.4,2,30.3,21,30.4,6,1,2022-09-21 09:06:43
1663751203726820000,30.4,1,30.3,21,30.4,5,1,2022-09-21 09:06:43
1663751203764069000,30.4,1,30.3,21,30.4,5,1,2022-09-21 09:06:43
1663751203934289000,30.4,1,30.3,21,30.4,11,1,2022-09-21 09:06:43
1663751203995512000,30.4,5,30.3,21,30.4,8,1,2022-09-21 09:06:43
1663751205713766000,30.4,2,30.3,21,30.4,16,1,2022-09-21 09:06:45
1663751205832636000,30.4,2,30.3,21,30.4,14,1,2022-09-21 09:06:45
1663751205877244000,30.4,14,30.3,21,30.4,18,1,2022-09-21 09:06:45
1663751205877244000,30.45,6,30.3,21,30.4,18,1,2022-09-21 09:06:45
1663751205952136000,30.4,1,30.3,21,30.4,1,1,2022-09-21 09:06:45
1663751206099089000,30.4,1,30.3,21,30.45,17,1,2022-09-21 09:06:46
1663751206358530000,30.45,1,30.3,21,30.4,2,1,2022-09-21 09:06:46
1663751207253247000,30.4,1,30.4,1,30.45,16,1,2022-09-21 09:06:47
1663751207283985000,30.4,1,30.3,21,30.45,16,2,2022-09-21 09:06:47
1663751207713185000,30.45,5,30.4,2,30.45,11,1,2022-09-21 09:06:47
1663751208057152000,30.4,1,30.4,1,30.45,5,2,2022-09-21 09:06:48
1663751208442809000,30.4,1,30.4,1,30.45,5,2,2022-09-21 09:06:48
1663751208617309000,30.4,1,30.4,3,30.45,5,2,2022-09-21 09:06:48
1663751209243236000,30.4,1,30.4,7,30.45,5,2,2022-09-21 09:06:49
1663751210402586000,30.4,2,30.4,4,30.45,6,2,2022-09-21 09:06:50
1663751211816467000,30.45,1,30.4,15,30.45,16,1,2022-09-21 09:06:51
1663751211839746000,30.4,2,30.4,13,30.45,17,2,2022-09-21 09:06:51
1663751214097602000,30.45,2,30.4,21,30.45,18,1,2022-09-21 09:06:54
1663751214356797000,30.4,5,30.4,16,30.45,18,2,2022-09-21 09:06:54
1663751217087093000,30.45,3,30.4,22,30.45,17,1,2022-09-21 09:06:57
1663751217196736000,30.45,2,30.4,22,30.45,17,1,2022-09-21 09:06:57
1663751218923183000,30.45,5,30.4,25,30.45,8,1,2022-09-21 09:06:58
1663751219390614000,30.45,7,30.4,28,30.45,11,1,2022-09-21 09:06:59
1663751219420274000,30.45,4,30.4,28,30.5,27,1,2022-09-21 09:06:59
1663751219867525000,30.45,2,30.45,1,30.5,27,2,2022-09-21 09:06:59
1663751220643634000,30.45,1,30.45,6,30.5,27,2,2022-09-21 09:07:00
1663751223264005000,30.5,1,30.45,20,30.5,27,1,2022-09-21 09:07:03
1663751223696767000,30.5,2,30.45,20,30.5,25,1,2022-09-21 09:07:03
1663751223713420000,30.45,10,30.45,10,30.5,25,2,2022-09-21 09:07:03
1663751223718953000,30.5,3,30.45,10,30.5,22,1,2022-09-21 09:07:03
1663751224247282000,30.45,1,30.45,10,30.5,22,2,2022-09-21 09:07:04
1663751224699724000,30.5,5,30.45,11,30.5,17,1,2022-09-21 09:07:04
1663751224733812000,30.5,1,30.45,11,30.5,16,1,2022-09-21 09:07:04
1663751224792227000,30.5,1,30.45,11,30.5,15,1,2022-09-21 09:07:04
1663751224815764000,30.5,2,30.45,11,30.5,22,1,2022-09-21 09:07:04
1663751226294574000,30.5,1,30.45,14,30.5,12,1,2022-09-21 09:07:06
1663751226456702000,30.45,5,30.45,9,30.5,12,2,2022-09-21 09:07:06
1663751227913506000,30.45,2,30.45,10,30.5,11,2,2022-09-21 09:07:07
1663751229067089000,30.5,1,30.45,12,30.5,11,1,2022-09-21 09:07:09
1663751229897616000,30.45,5,30.45,8,30.5,11,2,2022-09-21 09:07:09
1663751229931083000,30.45,8,30.4,60,30.5,12,2,2022-09-21 09:07:09
1663751230144251000,30.45,1,30.4,60,30.5,12,1,2022-09-21 09:07:10
1663751230644224000,30.4,3,30.4,57,30.5,21,2,2022-09-21 09:07:10
1663751230704500000,30.45,1,30.4,56,30.5,21,2,2022-09-21 09:07:10
1663751230935405000,30.45,4,30.4,56,30.45,7,1,2022-09-21 09:07:10
1663751231069180000,30.45,3,30.45,2,30.5,21,1,2022-09-21 09:07:11
1663751231092547000,30.45,2,30.4,56,30.45,3,2,2022-09-21 09:07:11
1663751231877903000,30.45,1,30.4,51,30.5,21,1,2022-09-21 09:07:11
1663751232551569000,30.45,1,30.4,51,30.5,21,1,2022-09-21 09:07:12
1663751232691205000,30.4,5,30.4,46,30.5,21,2,2022-09-21 09:07:12
1663751232946268000,30.45,1,30.4,46,30.5,21,1,2022-09-21 09:07:12
1663751234035307000,30.45,1,30.4,46,30.55,27,1,2022-09-21 09:07:14
1663751234035307000,30.5,22,30.4,46,30.55,27,1,2022-09-21 09:07:14
1663751234035307000,30.55,2,30.4,46,30.55,27,1,2022-09-21 09:07:14
1663751234073421000,30.55,1,30.4,46,30.55,26,1,2022-09-21 09:07:14
1663751234216434000,30.55,4,30.4,46,30.55,22,1,2022-09-21 09:07:14
1663751234365813000,30.45,5,30.4,46,30.45,5,1,2022-09-21 09:07:14
1663751234584002000,30.5,6,30.4,46,30.55,22,2,2022-09-21 09:07:14
1663751234645121000,30.45,1,30.4,46,30.55,22,1,2022-09-21 09:07:14
1663751235046066000,30.5,1,30.45,1,30.55,22,2,2022-09-21 09:07:15
1663751235191149000,30.45,1,30.4,46,30.45,4,2,2022-09-21 09:07:15
1663751237912393000,30.45,8,30.45,17,30.5,6,1,2022-09-21 09:07:17
1663751238249847000,30.45,1,30.45,21,30.5,6,2,2022-09-21 09:07:18
1663751240478311000,30.5,10,30.45,27,30.55,27,1,2022-09-21 09:07:20
1663751240478311000,30.55,10,30.45,27,30.55,27,1,2022-09-21 09:07:20
1663751240644976000,30.5,1,30.45,27,30.5,5,1,2022-09-21 09:07:20
1663751242220631000,30.45,1,30.45,34,30.5,4,2,2022-09-21 09:07:22
1663751242262715000,30.5,2,30.45,35,30.5,4,1,2022-09-21 09:07:22
1663751242948996000,30.5,4,30.5,1,30.55,27,1,2022-09-21 09:07:22
1663751243052191000,30.5,1,30.45,34,30.55,27,2,2022-09-21 09:07:23
1663751243230860000,30.55,1,30.45,34,30.55,26,1,2022-09-21 09:07:23
1663751244711168000,30.55,1,30.5,15,30.55,25,1,2022-09-21 09:07:24
1663751244852479000,30.5,1,30.5,15,30.55,26,2,2022-09-21 09:07:24
1663751246664819000,30.5,1,30.5,14,30.55,25,2,2022-09-21 09:07:26
1663751246705010000,30.55,1,30.5,14,30.55,24,1,2022-09-21 09:07:26
1663751247306769000,30.5,2,30.5,12,30.55,24,2,2022-09-21 09:07:27
1663751247370074000,30.5,1,30.5,14,30.55,24,2,2022-09-21 09:07:27
1663751248393353000,30.5,3,30.5,14,30.55,24,2,2022-09-21 09:07:28
1663751248967973000,30.55,1,30.5,13,30.55,23,1,2022-09-21 09:07:28
1663751248994164000,30.55,1,30.5,13,30.55,22,1,2022-09-21 09:07:28
1663751249510159000,30.5,1,30.5,12,30.55,22,2,2022-09-21 09:07:29
1663751250008034000,30.5,1,30.5,11,30.55,22,2,2022-09-21 09:07:30
1663751250472398000,30.5,2,30.5,17,30.55,22,2,2022-09-21 09:07:30
1663751251732811000,30.55,2,30.5,18,30.55,21,1,2022-09-21 09:07:31
1663751251775689000,30.55,1,30.5,18,30.55,21,1,2022-09-21 09:07:31
1663751252065010000,30.5,1,30.5,17,30.55,20,2,2022-09-21 09:07:32
1663751252067916000,30.5,6,30.5,11,30.55,20,2,2022-09-21 09:07:32
1663751252106746000,30.5,1,30.5,10,30.55,20,2,2022-09-21 09:07:32
1663751252612143000,30.55,5,30.5,17,30.55,25,1,2022-09-21 09:07:32
1663751252668226000,30.5,1,30.5,21,30.55,25,2,2022-09-21 09:07:32
1663751254866004000,30.55,1,30.5,24,30.55,24,1,2022-09-21 09:07:34
1663751255324150000,30.55,1,30.5,27,30.55,24,1,2022-09-21 09:07:35
1663751255694623000,30.55,7,30.5,28,30.55,16,1,2022-09-21 09:07:35
1663751256836208000,30.55,1,30.5,39,30.55,16,1,2022-09-21 09:07:36
1663751257136364000,30.55,3,30.5,39,30.55,12,1,2022-09-21 09:07:37
1663751257151459000,30.55,3,30.5,39,30.55,9,1,2022-09-21 09:07:37
1663751257288497000,30.55,1,30.5,39,30.55,8,1,2022-09-21 09:07:37
1663751257815097000,30.55,2,30.5,48,30.55,7,1,2022-09-21 09:07:37
1663751257831856000,30.55,3,30.5,48,30.55,4,1,2022-09-21 09:07:37
1663751258206307000,30.55,1,30.5,49,30.55,4,1,2022-09-21 09:07:38
1663751258697331000,30.55,2,30.5,49,30.55,2,1,2022-09-21 09:07:38
1663751258834397000,30.55,1,30.5,49,30.55,6,1,2022-09-21 09:07:38
1663751258924155000,30.55,1,30.5,49,30.55,7,1,2022-09-21 09:07:38
1663751259010720000,30.55,2,30.5,49,30.55,3,1,2022-09-21 09:07:39
1663751259082318000,30.55,1,30.5,49,30.55,2,1,2022-09-21 09:07:39
1663751259149720000,30.55,1,30.5,49,30.55,1,1,2022-09-21 09:07:39
1663751259558263000,30.5,1,30.5,48,30.55,1,2,2022-09-21 09:07:39
1663751259699056000,30.55,1,30.5,48,30.6,52,1,2022-09-21 09:07:39
1663751260169803000,30.55,2,30.55,4,30.6,52,2,2022-09-21 09:07:40
1663751260441698000,30.55,3,30.55,5,30.6,52,2,2022-09-21 09:07:40
1663751261252384000,30.6,2,30.55,3,30.6,50,1,2022-09-21 09:07:41
1663751261506512000,30.55,1,30.55,3,30.6,50,2,2022-09-21 09:07:41
1663751261567516000,30.6,1,30.55,3,30.6,49,1,2022-09-21 09:07:41
1663751261879790000,30.6,1,30.55,5,30.6,49,1,2022-09-21 09:07:41
1663751261986825000,30.6,1,30.55,5,30.6,47,1,2022-09-21 09:07:41
1663751262577559000,30.55,8,30.5,52,30.55,2,2,2022-09-21 09:07:42
1663751262759867000,30.55,1,30.5,52,30.55,2,1,2022-09-21 09:07:42
1663751263171608000,30.55,1,30.5,52,30.6,49,1,2022-09-21 09:07:43
1663751263368141000,30.5,2,30.5,52,30.55,1,2,2022-09-21 09:07:43
1663751264005826000,30.5,2,30.5,48,30.55,2,2,2022-09-21 09:07:44
1663751264110332000,30.55,1,30.5,48,30.55,1,1,2022-09-21 09:07:44
1663751264204495000,30.55,1,30.5,49,30.55,1,1,2022-09-21 09:07:44
1663751264548747000,30.55,1,30.55,5,30.6,49,2,2022-09-21 09:07:44
1663751264882505000,30.55,1,30.55,4,30.6,49,2,2022-09-21 09:07:44
1663751264994663000,30.6,2,30.55,4,30.6,47,1,2022-09-21 09:07:44
1663751265776152000,30.55,2,30.55,6,30.6,49,2,2022-09-21 09:07:45
1663751266141875000,30.55,1,30.55,6,30.6,49,2,2022-09-21 09:07:46
1663751266744045000,30.6,1,30.55,6,30.6,48,1,2022-09-21 09:07:46
1663751266885976000,30.55,5,30.55,1,30.6,48,2,2022-09-21 09:07:46
1663751267231412000,30.55,1,30.5,51,30.55,7,2,2022-09-21 09:07:47
1663751267614727000,30.55,7,30.55,3,30.6,48,1,2022-09-21 09:07:47
1663751268673073000,30.55,1,30.55,6,30.6,48,2,2022-09-21 09:07:48
1663751268689447000,30.55,5,30.55,1,30.6,48,2,2022-09-21 09:07:48
1663751268839785000,30.55,3,30.55,1,30.6,48,2,2022-09-21 09:07:48
1663751268917999000,30.55,1,30.55,1,30.6,49,2,2022-09-21 09:07:48
1663751269230860000,30.55,1,30.5,52,30.6,49,1,2022-09-21 09:07:49
1663751269370028000,30.5,1,30.5,51,30.6,49,2,2022-09-21 09:07:49
1663751269521417000,30.6,1,30.5,50,30.6,48,1,2022-09-21 09:07:49
1663751269552666000,30.6,1,30.5,50,30.6,47,1,2022-09-21 09:07:49
1663751269720337000,30.55,1,30.5,50,30.55,4,2,2022-09-21 09:07:49
1663751270109192000,30.55,1,30.5,50,30.55,9,1,2022-09-21 09:07:50
1663751271050117000,30.5,32,30.5,18,30.55,50,2,2022-09-21 09:07:51
1663751271070588000,30.5,18,30.45,57,30.55,50,2,2022-09-21 09:07:51
1663751271386344000,30.5,1,30.45,57,30.5,4,1,2022-09-21 09:07:51
1663751271612147000,30.5,1,30.45,57,30.5,27,1,2022-09-21 09:07:51
1663751271734052000,30.45,1,30.45,55,30.5,38,2,2022-09-21 09:07:51
1663751272040806000,30.45,3,30.45,52,30.5,44,2,2022-09-21 09:07:52
1663751272085043000,30.45,36,30.45,16,30.5,45,2,2022-09-21 09:07:52
1663751272115433000,30.45,1,30.45,15,30.5,45,2,2022-09-21 09:07:52
1663751272115458000,30.45,5,30.45,10,30.5,45,2,2022-09-21 09:07:52
1663751272119883000,30.45,1,30.45,9,30.5,45,2,2022-09-21 09:07:52
1663751272135577000,30.45,1,30.45,8,30.5,45,2,2022-09-21 09:07:52
1663751272137479000,30.45,1,30.45,7,30.5,45,2,2022-09-21 09:07:52
1663751272140056000,30.45,1,30.45,6,30.5,45,2,2022-09-21 09:07:52
1663751272146448000,30.45,4,30.45,2,30.5,45,2,2022-09-21 09:07:52
1663751272151558000,30.45,1,30.45,1,30.5,45,2,2022-09-21 09:07:52
1663751272187120000,30.45,1,30.4,52,30.5,45,2,2022-09-21 09:07:52
1663751272292766000,30.45,1,30.4,52,30.5,45,1,2022-09-21 09:07:52
1663751272362449000,30.5,2,30.4,52,30.5,43,1,2022-09-21 09:07:52
1663751272924350000,30.45,1,30.4,57,30.45,14,1,2022-09-21 09:07:52
1663751273795138000,30.4,3,30.4,54,30.45,14,2,2022-09-21 09:07:53
1663751274928545000,30.4,1,30.4,43,30.45,13,2,2022-09-21 09:07:54
1663751274975910000,30.4,1,30.4,41,30.45,13,2,2022-09-21 09:07:54
1663751275056073000,30.4,1,30.4,40,30.45,13,2,2022-09-21 09:07:55
1663751275108215000,30.45,1,30.4,40,30.45,9,1,2022-09-21 09:07:55
1663751276320309000,30.4,1,30.4,39,30.45,15,2,2022-09-21 09:07:56
1663751276399835000,30.4,1,30.4,39,30.45,15,2,2022-09-21 09:07:56
1663751277267241000,30.4,1,30.4,38,30.45,16,2,2022-09-21 09:07:57
1663751277530135000,30.4,1,30.4,37,30.45,22,2,2022-09-21 09:07:57
1663751277680570000,30.4,2,30.4,35,30.45,22,2,2022-09-21 09:07:57
1663751277690655000,30.4,1,30.4,34,30.45,22,2,2022-09-21 09:07:57
1663751278304096000,30.4,2,30.4,33,30.45,25,2,2022-09-21 09:07:58
1663751278331181000,30.4,27,30.4,6,30.45,25,2,2022-09-21 09:07:58
1663751278365124000,30.4,6,30.35,8,30.45,25,2,2022-09-21 09:07:58
1663751278572021000,30.4,2,30.35,8,30.4,4,1,2022-09-21 09:07:58
1663751278599237000,30.4,1,30.35,8,30.4,3,1,2022-09-21 09:07:58
1663751278612062000,30.35,1,30.35,7,30.4,3,2,2022-09-21 09:07:58
1663751278741278000,30.4,1,30.35,7,30.4,2,1,2022-09-21 09:07:58
1663751278759591000,30.35,1,30.35,6,30.4,2,2,2022-09-21 09:07:58
1663751278786833000,30.35,1,30.35,5,30.4,2,2,2022-09-21 09:07:58
1663751278817373000,30.35,1,30.35,4,30.4,2,2,2022-09-21 09:07:58
1663751279219664000,30.4,1,30.35,4,30.4,8,1,2022-09-21 09:07:59
1663751280226755000,30.4,1,30.35,4,30.4,19,1,2022-09-21 09:08:00
1663751280459928000,30.35,4,30.35,4,30.4,22,2,2022-09-21 09:08:00
1663751280459928000,30.3,1,30.35,4,30.4,22,2,2022-09-21 09:08:00
1663751280591820000,30.35,2,30.3,20,30.35,1,1,2022-09-21 09:08:00
1663751281129777000,30.3,4,30.3,16,30.35,2,2,2022-09-21 09:08:01
1663751281514033000,30.3,2,30.3,14,30.35,3,2,2022-09-21 09:08:01
1663751282279612000,30.35,1,30.3,13,30.35,4,1,2022-09-21 09:08:02
1663751282646712000,30.3,2,30.3,11,30.35,9,2,2022-09-21 09:08:02
1663751283512918000,30.35,1,30.3,11,30.35,11,1,2022-09-21 09:08:03
1663751284027695000,30.3,1,30.3,10,30.35,11,2,2022-09-21 09:08:04
1663751284482430000,30.35,4,30.3,10,30.35,12,1,2022-09-21 09:08:04
1663751284511399000,30.3,1,30.3,9,30.35,8,2,2022-09-21 09:08:04
1663751284834594000,30.3,1,30.3,8,30.35,8,2,2022-09-21 09:08:04
1663751285066577000,30.3,1,30.3,7,30.35,9,2,2022-09-21 09:08:05
1663751285456225000,30.3,1,30.3,6,30.35,10,2,2022-09-21 09:08:05
1663751285525812000,30.3,1,30.3,6,30.35,10,2,2022-09-21 09:08:05
1663751285623605000,30.3,5,30.25,7,30.3,5,2,2022-09-21 09:08:05
1663751286256407000,30.25,2,30.25,6,30.3,5,2,2022-09-21 09:08:06
1663751286444697000,30.25,1,30.25,6,30.3,5,2,2022-09-21 09:08:06
1663751287834439000,30.3,1,30.25,7,30.3,6,1,2022-09-21 09:08:07
1663751288231849000,30.3,6,30.25,12,30.35,10,1,2022-09-21 09:08:08
1663751289026468000,30.25,2,30.25,10,30.3,3,2,2022-09-21 09:08:09
1663751289582570000,30.3,1,30.25,11,30.3,19,1,2022-09-21 09:08:09
1663751289849550000,30.3,2,30.25,11,30.3,17,1,2022-09-21 09:08:09
1663751290187853000,30.25,5,30.25,6,30.3,24,2,2022-09-21 09:08:10
1663751290748515000,30.25,6,30.2,7,30.3,26,2,2022-09-21 09:08:10
1663751290748515000,30.2,33,30.2,7,30.3,26,2,2022-09-21 09:08:10
1663751291315402000,30.25,1,30.2,7,30.25,4,1,2022-09-21 09:08:11
1663751291902031000,30.25,1,30.2,7,30.25,4,1,2022-09-21 09:08:11
1663751292537885000,30.25,3,30.25,1,30.3,27,1,2022-09-21 09:08:12
1663751292550352000,30.25,1,30.15,13,30.3,27,2,2022-09-21 09:08:12
1663751292550352000,30.2,7,30.15,13,30.3,27,2,2022-09-21 09:08:12
1663751292550352000,30.15,2,30.15,13,30.3,27,2,2022-09-21 09:08:12
1663751292794397000,30.15,2,30.15,11,30.25,2,2,2022-09-21 09:08:12
1663751292839655000,30.15,1,30.15,10,30.2,1,2,2022-09-21 09:08:12
1663751292851687000,30.2,1,30.15,10,30.25,2,1,2022-09-21 09:08:12
1663751293093575000,30.2,3,30.15,10,30.25,3,1,2022-09-21 09:08:13
1663751293194676000,30.2,1,30.15,10,30.25,1,1,2022-09-21 09:08:13
1663751293194676000,30.25,2,30.15,10,30.25,1,1,2022-09-21 09:08:13
1663751294150787000,30.2,1,30.15,10,30.25,7,1,2022-09-21 09:08:14
1663751296091626000,30.2,1,30.15,12,30.25,15,2,2022-09-21 09:08:16
1663751296188687000,30.2,1,30.15,12,30.2,1,1,2022-09-21 09:08:16
1663751297512492000,30.15,2,30.15,15,30.2,7,2,2022-09-21 09:08:17
1663751297562596000,30.15,1,30.15,14,30.2,7,2,2022-09-21 09:08:17
1663751297860425000,30.2,2,30.15,14,30.2,7,1,2022-09-21 09:08:17
1663751298285463000,30.15,1,30.15,13,30.2,5,2,2022-09-21 09:08:18
1663751298519420000,30.2,1,30.15,13,30.2,4,1,2022-09-21 09:08:18
1663751299547239000,30.15,5,30.15,9,30.2,6,2,2022-09-21 09:08:19
1663751299583255000,30.15,1,30.15,8,30.2,6,2,2022-09-21 09:08:19
1663751300224152000,30.15,1,30.15,7,30.2,7,2,2022-09-21 09:08:20
1663751302731771000,30.2,1,30.15,8,30.2,9,1,2022-09-21 09:08:22
