ts,close,volume,bid_price,bid_volume,ask_price,ask_volume,tick_type,datetime
1655974930532836000,43.85,320,43.8,1,43.85,5,2,2022-06-23 09:02:10
1655974930557432000,43.8,1,43.75,1,43.85,5,2,2022-06-23 09:02:10
1655974930644289000,43.75,1,43.7,2,43.85,9,2,2022-06-23 09:02:10
1655974930673969000,43.7,1,43.7,1,43.85,9,2,2022-06-23 09:02:10
1655974930710611000,43.7,1,43.6,1,43.8,10,2,2022-06-23 09:02:10
1655974930725109000,43.8,5,43.6,1,43.8,5,1,2022-06-23 09:02:10
1655974935742857000,43.75,1,43.6,1,43.8,8,1,2022-06-23 09:02:15
1655974937043702000,43.6,1,43.45,4,43.7,1,2,2022-06-23 09:02:17
1655974937043702000,43.5,10,43.45,4,43.7,1,2,2022-06-23 09:02:17
1655974937043702000,43.45,6,43.45,4,43.7,1,2,2022-06-23 09:02:17
1655974940195075000,43.45,3,43.45,2,43.65,4,2,2022-06-23 09:02:20
1655974940994675000,43.65,4,43.45,2,43.7,1,1,2022-06-23 09:02:20
1655974942815063000,43.45,1,43.45,2,43.7,1,2,2022-06-23 09:02:22
1655974943245449000,43.5,4,43.5,4,43.7,1,2,2022-06-23 09:02:23
1655974943335509000,43.5,1,43.5,3,43.7,1,2,2022-06-23 09:02:23
1655974944405871000,43.65,1,43.65,1,43.7,1,2,2022-06-23 09:02:24
1655974944439787000,43.65,1,43.5,4,43.7,1,2,2022-06-23 09:02:24
1655974944645065000,43.7,1,43.5,4,43.8,2,1,2022-06-23 09:02:24
1655974944645065000,43.8,6,43.5,4,43.8,2,1,2022-06-23 09:02:24
1655974946740155000,43.7,1,43.55,5,43.7,2,1,2022-06-23 09:02:26
1655974946774491000,43.7,2,43.55,5,43.75,1,1,2022-06-23 09:02:26
1655974948669803000,43.55,1,43.55,4,43.75,2,2,2022-06-23 09:02:28
1655974948749476000,43.55,1,43.55,3,43.75,2,2,2022-06-23 09:02:28
1655974951568281000,43.6,1,43.55,4,43.7,2,2,2022-06-23 09:02:31
1655974952599972000,43.55,1,43.55,3,43.7,2,2,2022-06-23 09:02:32
1655974953153339000,43.55,1,43.55,2,43.75,2,2,2022-06-23 09:02:33
1655974954515970000,43.75,1,43.6,1,43.75,1,1,2022-06-23 09:02:34
1655974955760967000,43.6,1,43.55,2,43.7,1,2,2022-06-23 09:02:35
1655974956995968000,43.7,4,43.55,2,43.75,2,1,2022-06-23 09:02:36
1655974959901416000,43.6,1,43.6,1,43.7,1,2,2022-06-23 09:02:39
1655974960554407000,43.6,1,43.55,2,43.65,1,2,2022-06-23 09:02:40
1655974960892283000,43.65,1,43.55,2,43.7,1,1,2022-06-23 09:02:40
1655974960908749000,43.55,1,43.55,1,43.65,1,2,2022-06-23 09:02:40
1655974960941703000,43.55,1,43.5,4,43.65,1,2,2022-06-23 09:02:40
1655974960966384000,43.6,1,43.5,4,43.65,1,2,2022-06-23 09:02:40
1655974961479587000,43.5,1,43.5,4,43.65,3,2,2022-06-23 09:02:41
1655974961673709000,43.65,1,43.5,4,43.65,2,1,2022-06-23 09:02:41
1655974964276070000,43.65,3,43.7,1,43.75,2,1,2022-06-23 09:02:44
1655974964276070000,43.7,1,43.7,1,43.75,2,1,2022-06-23 09:02:44
1655974964297737000,43.7,1,43.55,3,43.75,2,2,2022-06-23 09:02:44
1655974966472571000,43.55,2,43.55,1,43.65,1,2,2022-06-23 09:02:46
1655974967500248000,43.6,1,43.55,1,43.65,1,2,2022-06-23 09:02:47
1655974968518903000,43.65,1,43.55,1,43.7,1,1,2022-06-23 09:02:48
1655974968698156000,43.55,1,43.5,5,43.65,4,2,2022-06-23 09:02:48
1655974970268307000,43.65,1,43.6,1,43.65,3,1,2022-06-23 09:02:50
1655974970356615000,43.6,1,43.5,5,43.65,3,2,2022-06-23 09:02:50
1655974970755978000,43.5,1,43.5,4,43.65,3,2,2022-06-23 09:02:50
1655974973041060000,43.6,1,43.55,5,43.65,4,2,2022-06-23 09:02:53
1655974975007898000,43.6,1,43.55,5,43.65,3,2,2022-06-23 09:02:55
1655974975278067000,43.55,1,43.55,4,43.65,3,2,2022-06-23 09:02:55
1655974975434315000,43.55,3,43.55,1,43.65,3,2,2022-06-23 09:02:55
1655974975465531000,43.55,1,43.5,5,43.65,3,2,2022-06-23 09:02:55
1655974975793440000,43.5,5,43.3,4,43.65,3,2,2022-06-23 09:02:55
1655974975793440000,43.45,1,43.3,4,43.65,3,2,2022-06-23 09:02:55
1655974975793440000,43.4,1,43.3,4,43.65,3,2,2022-06-23 09:02:55
1655974975793440000,43.3,2,43.3,4,43.65,3,2,2022-06-23 09:02:55
1655974976701326000,43.55,1,43.3,4,43.65,3,2,2022-06-23 09:02:56
1655974978573878000,43.3,4,43.2,6,43.55,3,2,2022-06-23 09:02:58
1655974978573878000,43.25,5,43.2,6,43.55,3,2,2022-06-23 09:02:58
1655974978573878000,43.2,1,43.2,6,43.55,3,2,2022-06-23 09:02:58
1655974979641373000,43.5,1,43.2,6,43.55,5,2,2022-06-23 09:02:59
1655974979764384000,43.55,1,43.2,6,43.55,4,1,2022-06-23 09:02:59
1655974980625601000,43.25,1,43.2,6,43.55,4,2,2022-06-23 09:03:00
1655974982088875000,43.35,1,43.35,1,43.45,3,2,2022-06-23 09:03:02
1655974982123604000,43.35,1,43.25,4,43.45,3,2,2022-06-23 09:03:02
1655974983230027000,43.45,1,43.25,3,43.45,2,1,2022-06-23 09:03:03
1655974985166012000,43.3,1,43.3,3,43.4,1,2,2022-06-23 09:03:05
1655974990770835000,43.3,2,43.3,6,43.35,4,2,2022-06-23 09:03:10
1655974990839544000,43.3,1,43.3,5,43.35,4,2,2022-06-23 09:03:10
1655974991663566000,43.35,1,43.3,5,43.35,3,1,2022-06-23 09:03:11
1655974991863727000,43.35,1,43.3,6,43.35,2,1,2022-06-23 09:03:11
1655974991937717000,43.35,2,43.3,6,43.45,4,1,2022-06-23 09:03:11
1655974994538986000,43.35,1,43.35,1,43.4,8,2,2022-06-23 09:03:14
1655974995401566000,43.35,1,43.3,5,43.4,10,2,2022-06-23 09:03:15
1655974995401566000,43.3,1,43.3,5,43.4,10,2,2022-06-23 09:03:15
1655974995914023000,43.3,1,43.3,4,43.35,1,2,2022-06-23 09:03:15
1655974996111487000,43.3,1,43.3,4,43.35,1,2,2022-06-23 09:03:16
1655974997086590000,43.3,5,43.1,2,43.35,1,2,2022-06-23 09:03:17
1655974997086590000,43.25,4,43.1,2,43.35,1,2,2022-06-23 09:03:17
1655974997086590000,43.2,4,43.1,2,43.35,1,2,2022-06-23 09:03:17
1655974997086590000,43.1,3,43.1,2,43.35,1,2,2022-06-23 09:03:17
1655974997124197000,43.1,1,43.1,1,43.35,1,2,2022-06-23 09:03:17
1655974997125442000,43.1,1,43.05,6,43.35,1,2,2022-06-23 09:03:17
1655975000137259000,43.25,1,43.1,2,43.3,5,1,2022-06-23 09:03:20
1655975001066967000,43.25,1,43.1,2,43.25,1,1,2022-06-23 09:03:21
1655975001086366000,43.25,1,43.1,2,43.3,5,1,2022-06-23 09:03:21
1655975002175891000,43.1,2,43.05,8,43.3,5,2,2022-06-23 09:03:22
1655975004846650000,43.2,1,43.05,8,43.2,3,1,2022-06-23 09:03:24
1655975005908923000,43.15,1,43.05,8,43.25,3,1,2022-06-23 09:03:25
1655975006429557000,43.15,1,43.15,1,43.2,3,2,2022-06-23 09:03:26
1655975007990127000,43.15,3,43.0,13,43.2,5,2,2022-06-23 09:03:27
1655975007990127000,43.1,1,43.0,13,43.2,5,2,2022-06-23 09:03:27
1655975007990127000,43.05,9,43.0,13,43.2,5,2,2022-06-23 09:03:27
1655975007990127000,43.0,5,43.0,13,43.2,5,2,2022-06-23 09:03:27
1655975008313859000,43.15,1,43.0,13,43.15,3,1,2022-06-23 09:03:28
1655975009710158000,43.0,3,43.0,10,43.15,3,2,2022-06-23 09:03:29
1655975009911658000,43.1,1,43.0,10,43.1,4,2,2022-06-23 09:03:29
1655975010896427000,43.05,1,43.0,10,43.15,3,1,2022-06-23 09:03:30
1655975010964176000,43.1,1,43.0,10,43.1,1,1,2022-06-23 09:03:30
1655975011993442000,43.05,1,43.0,9,43.1,1,2,2022-06-23 09:03:31
1655975011993442000,43.0,1,43.0,9,43.1,1,2,2022-06-23 09:03:31
1655975012003939000,43.1,1,43.0,9,43.15,3,1,2022-06-23 09:03:32
1655975013341506000,43.15,1,43.0,9,43.15,2,1,2022-06-23 09:03:33
1655975013372555000,43.15,2,43.0,9,43.2,3,1,2022-06-23 09:03:33
1655975013933530000,43.15,1,43.0,9,43.2,3,2,2022-06-23 09:03:33
1655975015328202000,43.1,1,42.9,6,43.2,3,2,2022-06-23 09:03:35
1655975015328202000,43.05,3,42.9,6,43.2,3,2,2022-06-23 09:03:35
1655975015328202000,43.0,9,42.9,6,43.2,3,2,2022-06-23 09:03:35
1655975015328202000,42.95,1,42.9,6,43.2,3,2,2022-06-23 09:03:35
1655975015328202000,42.9,6,42.9,6,43.2,3,2,2022-06-23 09:03:35
1655975015374094000,42.9,1,42.9,5,43.15,1,2,2022-06-23 09:03:35
1655975015375240000,42.9,1,42.9,4,43.15,1,2,2022-06-23 09:03:35
1655975015904120000,43.0,1,43.0,1,43.05,1,1,2022-06-23 09:03:35
1655975016243909000,43.0,1,42.9,4,43.05,1,2,2022-06-23 09:03:36
1655975016509824000,42.9,1,42.9,3,43.05,1,2,2022-06-23 09:03:36
1655975019608909000,43.0,1,42.9,2,43.05,1,2,2022-06-23 09:03:39
1655975019608909000,42.9,1,42.9,2,43.05,1,2,2022-06-23 09:03:39
1655975021519457000,42.9,1,42.9,1,43.05,4,2,2022-06-23 09:03:41
1655975022758042000,42.9,1,42.8,3,42.9,1,2,2022-06-23 09:03:42
1655975023011267000,42.9,1,42.8,3,43.05,3,1,2022-06-23 09:03:43
1655975023011267000,43.0,1,42.8,3,43.05,3,1,2022-06-23 09:03:43
1655975023362922000,42.8,1,42.8,2,43.05,3,2,2022-06-23 09:03:43
1655975024770659000,42.9,1,42.8,2,42.95,1,2,2022-06-23 09:03:44
1655975024845378000,42.95,1,42.8,2,43.0,11,1,2022-06-23 09:03:44
1655975024975065000,42.8,2,42.75,5,43.0,11,2,2022-06-23 09:03:44
1655975026355816000,42.9,1,42.75,5,42.95,2,1,2022-06-23 09:03:46
1655975026355816000,42.95,2,42.75,5,42.95,2,1,2022-06-23 09:03:46
1655975028433377000,42.75,5,42.6,17,42.9,3,2,2022-06-23 09:03:48
1655975028614123000,42.65,1,42.6,13,42.9,3,2,2022-06-23 09:03:48
1655975028614123000,42.6,4,42.6,13,42.9,3,2,2022-06-23 09:03:48
1655975029420580000,42.6,5,42.6,8,42.8,1,2,2022-06-23 09:03:49
1655975030649841000,42.6,1,42.6,7,42.75,1,2,2022-06-23 09:03:50
1655975033992679000,42.7,2,42.65,2,42.8,1,1,2022-06-23 09:03:53
1655975033992679000,42.75,1,42.65,2,42.8,1,1,2022-06-23 09:03:53
1655975034195864000,42.65,2,42.6,3,42.8,1,2,2022-06-23 09:03:54
1655975036525523000,42.65,1,42.65,1,42.8,1,2,2022-06-23 09:03:56
1655975036854442000,42.65,1,42.6,3,42.8,1,2,2022-06-23 09:03:56
1655975037810381000,42.65,1,42.6,3,42.65,1,2,2022-06-23 09:03:57
1655975037987701000,42.65,1,42.6,3,42.75,2,1,2022-06-23 09:03:57
1655975038017748000,42.75,2,42.6,3,42.8,1,1,2022-06-23 09:03:58
1655975038483833000,42.6,3,42.55,3,42.8,1,2,2022-06-23 09:03:58
1655975038483833000,42.55,7,42.55,3,42.8,1,2,2022-06-23 09:03:58
1655975038518653000,42.55,1,42.55,2,42.8,1,2,2022-06-23 09:03:58
1655975039244123000,42.65,1,42.55,2,42.8,1,2,2022-06-23 09:03:59
1655975040252337000,42.55,1,42.55,1,42.75,2,2,2022-06-23 09:04:00
1655975041311529000,42.65,1,42.55,1,42.65,1,1,2022-06-23 09:04:01
1655975041392295000,42.65,1,42.55,1,42.75,1,1,2022-06-23 09:04:01
1655975043329133000,42.6,1,42.6,1,42.75,1,2,2022-06-23 09:04:03
1655975043592097000,42.6,1,42.5,15,42.75,1,2,2022-06-23 09:04:03
1655975043592097000,42.55,1,42.5,15,42.75,1,2,2022-06-23 09:04:03
1655975048309309000,42.65,1,42.6,7,42.7,1,2,2022-06-23 09:04:08
1655975048874466000,42.7,1,42.6,8,42.75,1,1,2022-06-23 09:04:08
1655975050769459000,42.8,1,42.65,3,42.85,1,1,2022-06-23 09:04:10
1655975051977106000,42.8,1,42.7,1,42.85,1,1,2022-06-23 09:04:11
1655975052085360000,42.7,1,42.65,4,42.85,1,2,2022-06-23 09:04:12
1655975054876489000,42.75,4,42.7,3,42.75,1,1,2022-06-23 09:04:14
1655975054878966000,42.75,1,42.7,3,42.85,1,1,2022-06-23 09:04:14
1655975057093838000,42.8,2,42.8,3,42.85,1,1,2022-06-23 09:04:17
1655975058002010000,42.8,3,42.7,3,42.85,1,2,2022-06-23 09:04:18
1655975060360139000,42.8,1,42.7,3,42.85,2,2,2022-06-23 09:04:20
1655975060360139000,42.7,4,42.7,3,42.85,2,2,2022-06-23 09:04:20
1655975062198064000,42.85,1,42.7,7,42.85,1,1,2022-06-23 09:04:22
1655975062389943000,42.85,1,42.75,1,42.9,4,1,2022-06-23 09:04:22
1655975066090924000,42.85,1,42.75,1,42.9,4,2,2022-06-23 09:04:26
1655975068473795000,42.85,1,42.75,3,42.9,4,2,2022-06-23 09:04:28
1655975068724163000,42.75,1,42.75,2,42.85,1,2,2022-06-23 09:04:28
1655975069097537000,42.75,1,42.75,2,42.85,1,2,2022-06-23 09:04:29
1655975070658389000,42.85,1,42.75,2,42.85,3,1,2022-06-23 09:04:30
1655975074655165000,42.85,1,42.8,2,42.85,3,1,2022-06-23 09:04:34
1655975075473628000,42.85,4,42.85,1,42.9,4,1,2022-06-23 09:04:35
1655975077000819000,42.85,1,42.85,1,42.9,4,2,2022-06-23 09:04:37
1655975082446372000,42.85,2,42.85,3,42.9,4,2,2022-06-23 09:04:42
1655975083143607000,42.9,2,42.85,5,42.9,2,1,2022-06-23 09:04:43
1655975083506659000,42.9,1,42.85,5,42.9,1,1,2022-06-23 09:04:43
1655975084125762000,42.9,1,42.85,6,42.9,3,1,2022-06-23 09:04:44
1655975084326453000,42.85,1,42.85,5,42.9,3,2,2022-06-23 09:04:44
1655975084859530000,42.9,1,42.85,5,42.9,2,1,2022-06-23 09:04:44
1655975085036228000,42.9,2,42.9,1,42.95,3,1,2022-06-23 09:04:45
1655975087460082000,42.9,1,42.85,5,42.95,3,2,2022-06-23 09:04:47
1655975090980231000,42.9,1,42.8,6,42.95,3,2,2022-06-23 09:04:50
1655975090980231000,42.85,5,42.8,6,42.95,3,2,2022-06-23 09:04:50
1655975090980231000,42.8,4,42.8,6,42.95,3,2,2022-06-23 09:04:50
1655975092954812000,42.9,1,42.8,6,42.9,1,1,2022-06-23 09:04:52
1655975101246653000,42.85,1,42.8,6,42.9,1,1,2022-06-23 09:05:01
1655975101370749000,42.9,1,42.9,4,42.95,3,1,2022-06-23 09:05:01
1655975101408668000,42.9,4,42.8,6,42.95,3,2,2022-06-23 09:05:01
1655975103977928000,42.8,1,42.8,5,42.9,1,2,2022-06-23 09:05:03
1655975104112186000,42.9,1,42.8,5,42.95,2,1,2022-06-23 09:05:04
1655975106745785000,42.9,1,42.9,2,42.95,2,1,2022-06-23 09:05:06
1655975109565045000,42.95,3,43.0,1,43.15,3,1,2022-06-23 09:05:09
1655975109565045000,43.0,16,43.0,1,43.15,3,1,2022-06-23 09:05:09
1655975109822996000,43.1,1,43.0,1,43.1,2,1,2022-06-23 09:05:09
1655975109844136000,43.1,1,43.0,1,43.1,1,1,2022-06-23 09:05:09
1655975109855858000,43.1,1,43.0,1,43.15,3,1,2022-06-23 09:05:09
1655975109878516000,43.15,1,43.0,1,43.15,2,1,2022-06-23 09:05:09
1655975112383319000,43.0,1,42.95,1,43.15,2,2,2022-06-23 09:05:12
1655975117725134000,43.0,1,43.0,4,43.1,6,1,2022-06-23 09:05:17
1655975119414787000,43.0,2,43.0,3,43.1,5,2,2022-06-23 09:05:19
1655975122547738000,43.0,5,42.95,2,43.0,5,2,2022-06-23 09:05:22
1655975122584619000,42.95,2,42.9,8,43.0,5,2,2022-06-23 09:05:22
1655975122651876000,43.0,1,42.9,8,43.0,4,1,2022-06-23 09:05:22
1655975122989119000,43.0,1,42.9,8,43.0,3,1,2022-06-23 09:05:22
1655975123188171000,43.0,2,42.9,8,43.0,1,1,2022-06-23 09:05:23
1655975124219072000,43.0,1,42.9,8,43.0,5,1,2022-06-23 09:05:24
1655975127252506000,42.95,1,42.9,8,43.0,5,1,2022-06-23 09:05:27
1655975130292939000,42.9,8,42.85,3,43.0,5,2,2022-06-23 09:05:30
1655975130403947000,43.0,1,42.85,3,43.0,4,1,2022-06-23 09:05:30
1655975131264694000,42.95,1,42.85,3,42.95,4,1,2022-06-23 09:05:31
1655975131432107000,42.95,1,42.85,3,42.95,3,1,2022-06-23 09:05:31
1655975134524241000,42.95,1,42.85,3,42.95,2,1,2022-06-23 09:05:34
1655975135850211000,42.85,3,42.8,9,42.95,2,2,2022-06-23 09:05:35
1655975135850211000,42.8,7,42.8,9,42.95,2,2,2022-06-23 09:05:35
1655975136156723000,42.8,8,42.8,1,42.85,5,2,2022-06-23 09:05:36
1655975136180287000,42.8,1,42.75,6,42.85,5,2,2022-06-23 09:05:36
1655975137871151000,42.85,1,42.75,6,42.85,4,1,2022-06-23 09:05:37
1655975145124528000,42.8,2,42.75,4,42.85,4,2,2022-06-23 09:05:45
1655975149086927000,42.8,2,42.8,1,42.85,4,2,2022-06-23 09:05:49
1655975153166836000,42.8,1,42.75,6,42.85,4,2,2022-06-23 09:05:53
1655975155476494000,42.85,3,42.8,1,42.85,1,1,2022-06-23 09:05:55
1655975155508713000,42.85,1,42.8,1,42.9,1,1,2022-06-23 09:05:55
1655975155838917000,42.8,1,42.75,6,42.8,1,2,2022-06-23 09:05:55
1655975159457742000,42.8,1,42.75,6,42.8,1,1,2022-06-23 09:05:59
1655975159921686000,42.8,1,42.75,6,42.9,1,1,2022-06-23 09:05:59
1655975164601576000,42.85,1,42.8,1,42.85,1,1,2022-06-23 09:06:04
1655975168773840000,42.8,1,42.75,5,42.85,1,2,2022-06-23 09:06:08
1655975172455555000,42.85,1,42.75,5,42.9,1,1,2022-06-23 09:06:12
1655975173611449000,42.75,5,42.75,4,42.9,1,2,2022-06-23 09:06:13
1655975173651164000,42.75,4,42.7,5,42.9,1,2,2022-06-23 09:06:13
1655975180861998000,42.8,1,42.9,7,43.0,4,1,2022-06-23 09:06:20
1655975180861998000,42.85,1,42.9,7,43.0,4,1,2022-06-23 09:06:20
1655975180861998000,42.9,1,42.9,7,43.0,4,1,2022-06-23 09:06:20
1655975180894591000,42.9,7,42.7,5,43.0,4,2,2022-06-23 09:06:20
1655975182188777000,42.7,3,42.7,3,42.95,1,2,2022-06-23 09:06:22
1655975183596062000,42.7,1,42.7,2,42.95,1,2,2022-06-23 09:06:23
1655975183635571000,42.7,2,42.65,5,42.95,1,2,2022-06-23 09:06:23
1655975192521267000,42.7,1,42.65,5,42.9,2,1,2022-06-23 09:06:32
1655975194726989000,42.7,1,42.65,1,42.9,2,2,2022-06-23 09:06:34
1655975194726989000,42.65,4,42.65,1,42.9,2,2,2022-06-23 09:06:34
1655975197474322000,42.65,1,42.6,10,42.7,3,2,2022-06-23 09:06:37
1655975205601192000,42.6,2,42.6,8,42.65,2,2,2022-06-23 09:06:45
1655975205634259000,42.6,8,42.55,5,42.65,2,2,2022-06-23 09:06:45
1655975211768040000,42.55,5,42.5,13,42.55,5,2,2022-06-23 09:06:51
1655975211799805000,42.5,13,42.4,7,42.55,5,2,2022-06-23 09:06:51
1655975212861831000,42.5,1,42.4,7,42.5,5,1,2022-06-23 09:06:52
1655975213069079000,42.5,3,42.4,7,42.5,2,1,2022-06-23 09:06:53
1655975219267002000,42.45,10,42.4,7,42.5,2,1,2022-06-23 09:06:59
1655975225516411000,42.45,1,42.4,8,42.45,3,1,2022-06-23 09:07:05
1655975225710589000,42.4,1,42.4,7,42.45,3,2,2022-06-23 09:07:05
1655975226298679000,42.4,1,42.4,6,42.45,3,2,2022-06-23 09:07:06
1655975226463752000,42.45,1,42.4,6,42.45,3,1,2022-06-23 09:07:06
1655975226589227000,42.45,3,42.4,6,42.5,3,1,2022-06-23 09:07:06
1655975228097923000,42.45,1,42.4,7,42.5,3,2,2022-06-23 09:07:08
1655975228192939000,42.5,3,42.4,7,42.55,5,1,2022-06-23 09:07:08
1655975228368891000,42.55,2,42.4,7,42.55,3,1,2022-06-23 09:07:08
1655975228837292000,42.45,1,42.4,7,42.55,3,2,2022-06-23 09:07:08
1655975230060145000,42.4,1,42.4,6,42.45,1,2,2022-06-23 09:07:10
1655975236968591000,42.4,2,42.4,5,42.45,1,2,2022-06-23 09:07:16
1655975238054669000,42.4,1,42.4,4,42.45,1,2,2022-06-23 09:07:18
1655975239459480000,42.4,1,42.4,3,42.45,1,2,2022-06-23 09:07:19
1655975239809473000,42.45,1,42.45,1,42.55,8,1,2022-06-23 09:07:19
1655975240473836000,42.45,1,42.4,2,42.55,8,2,2022-06-23 09:07:20
1655975240473836000,42.4,1,42.4,2,42.55,8,2,2022-06-23 09:07:20
1655975249021381000,42.45,1,42.45,1,42.55,8,2,2022-06-23 09:07:29
1655975249190199000,42.45,1,42.35,3,42.55,8,2,2022-06-23 09:07:29
1655975249190199000,42.4,3,42.35,3,42.55,8,2,2022-06-23 09:07:29
1655975249190199000,42.35,1,42.35,3,42.55,8,2,2022-06-23 09:07:29
1655975249382601000,42.35,3,42.25,4,42.55,8,2,2022-06-23 09:07:29
1655975249382601000,42.3,2,42.25,4,42.55,8,2,2022-06-23 09:07:29
1655975257959342000,42.55,3,42.4,1,42.55,5,1,2022-06-23 09:07:37
1655975258021695000,42.4,1,42.35,1,42.55,5,2,2022-06-23 09:07:38
1655975259097541000,42.4,2,42.35,2,42.5,1,1,2022-06-23 09:07:39
1655975263179818000,42.4,1,42.35,26,42.55,6,2,2022-06-23 09:07:43
1655975263179818000,42.35,1,42.35,26,42.55,6,2,2022-06-23 09:07:43
1655975263271927000,42.55,1,42.35,25,42.55,5,1,2022-06-23 09:07:43
1655975265501733000,42.5,1,42.4,1,42.55,5,1,2022-06-23 09:07:45
1655975266449424000,42.35,3,42.35,22,42.5,3,2,2022-06-23 09:07:46
1655975269366418000,42.55,2,42.4,5,42.55,3,1,2022-06-23 09:07:49
1655975269399451000,42.55,3,42.4,5,42.85,1,1,2022-06-23 09:07:49
1655975269732575000,42.5,2,42.4,5,42.85,2,2,2022-06-23 09:07:49
1655975276898757000,42.7,1,42.4,5,42.7,2,1,2022-06-23 09:07:56
1655975277095627000,42.4,5,42.35,6,42.7,2,2,2022-06-23 09:07:57
1655975277095627000,42.35,17,42.35,6,42.7,2,2,2022-06-23 09:07:57
1655975280924964000,42.5,4,42.45,1,42.65,1,2,2022-06-23 09:08:00
1655975284022188000,42.6,1,42.45,3,42.7,2,1,2022-06-23 09:08:04
1655975286813336000,42.45,3,42.35,8,42.65,1,2,2022-06-23 09:08:06
1655975299312968000,42.55,1,42.5,1,42.6,3,2,2022-06-23 09:08:19
1655975299312968000,42.5,1,42.5,1,42.6,3,2,2022-06-23 09:08:19
1655975302900249000,42.55,1,42.5,1,42.6,3,1,2022-06-23 09:08:22
1655975306683884000,42.55,2,42.55,1,42.6,3,1,2022-06-23 09:08:26
1655975310743746000,42.6,1,42.55,1,42.6,2,1,2022-06-23 09:08:30
1655975320686198000,42.6,1,42.55,1,42.6,3,1,2022-06-23 09:08:40
1655975324946421000,42.6,1,42.55,1,42.6,2,1,2022-06-23 09:08:44
1655975326810220000,42.6,1,42.55,1,42.6,1,1,2022-06-23 09:08:46
1655975328243419000,42.6,1,42.55,1,42.7,1,1,2022-06-23 09:08:48
1655975331632990000,42.6,1,42.6,2,42.7,1,2,2022-06-23 09:08:51
1655975333450221000,42.6,2,42.55,1,42.7,1,2,2022-06-23 09:08:53
1655975339136232000,42.7,1,42.6,6,42.7,2,1,2022-06-23 09:08:59
1655975339492159000,42.7,1,42.6,6,42.7,1,1,2022-06-23 09:08:59
1655975346550652000,42.7,1,42.65,1,42.8,1,1,2022-06-23 09:09:06
1655975347329236000,42.75,1,42.65,1,42.75,2,1,2022-06-23 09:09:07
1655975362209056000,42.75,2,42.7,2,42.75,1,1,2022-06-23 09:09:22
1655975362233391000,42.7,1,42.7,1,42.75,1,2,2022-06-23 09:09:22
1655975362777080000,42.75,1,42.7,1,42.8,2,1,2022-06-23 09:09:22
1655975363371887000,42.7,1,42.65,1,42.7,8,2,2022-06-23 09:09:23
1655975363373504000,42.7,1,42.65,1,42.7,7,1,2022-06-23 09:09:23
1655975364723029000,42.65,1,42.6,7,42.7,10,2,2022-06-23 09:09:24
1655975364759731000,42.6,1,42.6,6,42.7,9,2,2022-06-23 09:09:24
1655975364798918000,42.6,2,42.6,4,42.65,1,2,2022-06-23 09:09:24
1655975364811699000,42.6,1,42.6,3,42.65,1,2,2022-06-23 09:09:24
1655975364872001000,42.6,1,42.6,2,42.65,5,2,2022-06-23 09:09:24
1655975364903571000,42.6,2,42.55,1,42.65,5,2,2022-06-23 09:09:24
1655975373211936000,42.65,1,42.55,1,42.65,5,1,2022-06-23 09:09:33
1655975374689054000,42.6,1,42.55,1,42.65,5,2,2022-06-23 09:09:34
1655975378169223000,42.65,1,42.55,1,42.65,5,1,2022-06-23 09:09:38
1655975384974769000,42.65,1,42.6,2,42.65,4,1,2022-06-23 09:09:44
1655975400821859000,42.65,1,42.6,5,42.65,3,1,2022-06-23 09:10:00
1655975418823521000,42.65,1,42.6,6,42.65,2,1,2022-06-23 09:10:18
1655975425914227000,42.65,1,42.6,6,42.65,2,1,2022-06-23 09:10:25
1655975426601272000,42.6,3,42.6,3,42.65,2,2,2022-06-23 09:10:26
1655975438229082000,42.6,4,42.55,1,42.6,12,2,2022-06-23 09:10:38
1655975438263333000,42.55,1,42.5,10,42.6,12,2,2022-06-23 09:10:38
1655975438349665000,42.6,5,42.5,10,42.6,7,1,2022-06-23 09:10:38
1655975442232524000,42.6,1,42.5,9,42.6,6,1,2022-06-23 09:10:42
1655975443851450000,42.55,1,42.5,9,42.6,6,2,2022-06-23 09:10:43
1655975465454204000,42.55,1,42.5,8,42.55,1,1,2022-06-23 09:11:05
1655975469981236000,42.55,1,42.5,8,42.6,6,1,2022-06-23 09:11:09
1655975476736352000,42.6,2,42.5,8,42.6,4,1,2022-06-23 09:11:16
1655975483173182000,42.6,1,42.5,13,42.6,5,1,2022-06-23 09:11:23
1655975484404182000,42.55,5,42.5,13,42.6,5,1,2022-06-23 09:11:24
1655975493608255000,42.55,1,42.55,4,42.6,4,2,2022-06-23 09:11:33
1655975502304187000,42.6,1,42.55,6,42.6,1,1,2022-06-23 09:11:42
1655975507139973000,42.6,1,42.55,5,42.85,5,1,2022-06-23 09:11:47
1655975559767372000,42.65,1,42.55,5,42.75,3,2,2022-06-23 09:12:39
1655975559767372000,42.6,3,42.55,5,42.75,3,2,2022-06-23 09:12:39
1655975559767372000,42.55,1,42.55,5,42.75,3,2,2022-06-23 09:12:39
1655975559961401000,42.55,5,42.5,15,42.65,3,2,2022-06-23 09:12:39
1655975559985260000,42.5,8,42.5,7,42.65,3,2,2022-06-23 09:12:39
1655975560018739000,42.5,7,42.45,5,42.65,4,2,2022-06-23 09:12:40
1655975560194833000,42.45,2,42.45,3,42.55,5,2,2022-06-23 09:12:40
1655975560196720000,42.45,1,42.45,2,42.55,5,2,2022-06-23 09:12:40
1655975560236819000,42.45,2,42.4,11,42.5,1,2,2022-06-23 09:12:40
1655975560972867000,42.55,1,42.4,11,42.55,5,1,2022-06-23 09:12:40
1655975561706672000,42.4,1,42.4,10,42.55,5,2,2022-06-23 09:12:41
1655975570874652000,42.55,2,42.4,12,42.55,3,1,2022-06-23 09:12:50
1655975575834840000,42.55,1,42.4,12,42.55,2,1,2022-06-23 09:12:55
1655975585591941000,42.45,1,42.4,10,42.55,3,2,2022-06-23 09:13:05
1655975585591941000,42.4,2,42.4,10,42.55,3,2,2022-06-23 09:13:05
1655975592668486000,42.45,1,42.4,10,42.55,1,2,2022-06-23 09:13:12
1655975595115442000,42.4,2,42.4,8,42.5,1,2,2022-06-23 09:13:15
1655975602222500000,42.4,5,42.4,4,42.45,20,2,2022-06-23 09:13:22
1655975602264153000,42.4,1,42.4,3,42.45,20,2,2022-06-23 09:13:22
1655975604112438000,42.4,1,42.4,2,42.45,20,2,2022-06-23 09:13:24
1655975605142204000,42.4,1,42.4,1,42.45,20,2,2022-06-23 09:13:25
1655975605454780000,42.4,1,42.35,13,42.45,20,2,2022-06-23 09:13:25
1655975606684822000,42.35,2,42.35,11,42.45,20,2,2022-06-23 09:13:26
1655975609607328000,42.45,1,42.4,3,42.45,19,1,2022-06-23 09:13:29
1655975615452798000,42.45,1,42.4,4,42.45,18,1,2022-06-23 09:13:35
1655975616881331000,42.4,4,42.35,12,42.4,1,2,2022-06-23 09:13:36
1655975617240751000,42.35,1,42.35,11,42.4,1,2,2022-06-23 09:13:37
1655975619557252000,42.35,5,42.35,11,42.4,1,2,2022-06-23 09:13:39
1655975621428333000,42.35,1,42.35,10,42.4,2,2,2022-06-23 09:13:41
1655975624181473000,42.35,10,42.35,1,42.4,2,2,2022-06-23 09:13:44
1655975624222391000,42.35,1,42.3,13,42.4,2,2,2022-06-23 09:13:44
1655975628870398000,42.35,1,42.3,13,42.4,7,2,2022-06-23 09:13:48
1655975629062211000,42.3,1,42.3,12,42.4,7,2,2022-06-23 09:13:49
1655975630257303000,42.4,1,42.3,12,42.4,6,1,2022-06-23 09:13:50
1655975630655314000,42.4,2,42.3,12,42.4,4,1,2022-06-23 09:13:50
1655975640107715000,42.35,1,42.3,11,42.4,14,2,2022-06-23 09:14:00
1655975640107715000,42.3,1,42.3,11,42.4,14,2,2022-06-23 09:14:00
1655975644987957000,42.3,11,42.2,2,42.35,4,2,2022-06-23 09:14:04
1655975644987957000,42.25,5,42.2,2,42.35,4,2,2022-06-23 09:14:04
1655975644987957000,42.2,10,42.2,2,42.35,4,2,2022-06-23 09:14:04
1655975645020259000,42.2,1,42.2,1,42.35,4,2,2022-06-23 09:14:05
1655975645043515000,42.2,1,42.15,9,42.35,4,2,2022-06-23 09:14:05
1655975645178505000,42.15,1,42.15,8,42.3,1,2,2022-06-23 09:14:05
1655975652186047000,42.15,1,42.15,12,42.25,1,2,2022-06-23 09:14:12
1655975652368138000,42.15,2,42.15,10,42.25,1,2,2022-06-23 09:14:12
1655975656132171000,42.15,1,42.15,11,42.3,1,2,2022-06-23 09:14:16
1655975656490991000,42.15,1,42.15,10,42.3,1,2,2022-06-23 09:14:16
1655975657346254000,42.15,1,42.15,9,42.3,1,2,2022-06-23 09:14:17
1655975658881828000,42.15,3,42.15,6,42.25,1,2,2022-06-23 09:14:18
1655975658911951000,42.15,3,42.15,3,42.25,1,2,2022-06-23 09:14:18
1655975663143909000,42.15,1,42.15,2,42.25,1,2,2022-06-23 09:14:23
1655975663174812000,42.15,2,42.1,8,42.25,1,2,2022-06-23 09:14:23
1655975667886549000,42.15,1,42.1,9,42.2,5,2,2022-06-23 09:14:27
1655975668159934000,42.2,1,42.1,9,42.2,4,1,2022-06-23 09:14:28
1655975669678717000,42.15,1,42.1,11,42.2,4,2,2022-06-23 09:14:29
1655975677381039000,42.15,2,42.1,11,42.15,2,1,2022-06-23 09:14:37
1655975680978729000,42.15,1,42.1,11,42.15,1,1,2022-06-23 09:14:40
1655975680992080000,42.15,1,42.1,11,42.2,4,1,2022-06-23 09:14:40
1655975681069151000,42.2,3,42.1,11,42.2,1,1,2022-06-23 09:14:41
1655975681965652000,42.1,1,42.1,10,42.2,1,2,2022-06-23 09:14:41
1655975682065891000,42.2,1,42.1,10,42.3,5,1,2022-06-23 09:14:42
1655975682537726000,42.1,5,42.1,5,42.3,5,2,2022-06-23 09:14:42
1655975682571266000,42.1,4,42.1,1,42.3,5,2,2022-06-23 09:14:42
1655975684660783000,42.15,5,42.15,2,42.3,5,2,2022-06-23 09:14:44
1655975684686882000,42.15,1,42.15,1,42.3,5,2,2022-06-23 09:14:44
1655975688614421000,42.15,1,42.1,1,42.25,1,2,2022-06-23 09:14:48
1655975688759632000,42.15,1,42.1,1,42.15,1,1,2022-06-23 09:14:48
1655975693450575000,42.15,2,42.15,1,42.2,1,1,2022-06-23 09:14:53
1655975697918314000,42.15,2,42.1,2,42.15,3,2,2022-06-23 09:14:57
1655975698715049000,42.15,2,42.1,2,42.15,1,1,2022-06-23 09:14:58
1655975698732847000,42.15,1,42.1,2,42.2,1,1,2022-06-23 09:14:58
1655975702977833000,42.15,1,42.1,2,42.15,1,2,2022-06-23 09:15:02
1655975705637834000,42.15,1,42.1,2,42.2,1,1,2022-06-23 09:15:05
1655975706759920000,42.15,1,42.1,3,42.2,1,2,2022-06-23 09:15:06
1655975706759920000,42.1,2,42.1,3,42.2,1,2,2022-06-23 09:15:06
1655975706781191000,42.2,1,42.1,3,42.25,3,1,2022-06-23 09:15:06
1655975710255546000,42.1,1,42.1,2,42.15,5,2,2022-06-23 09:15:10
1655975712508669000,42.1,2,42.05,9,42.1,8,2,2022-06-23 09:15:12
1655975712712234000,42.1,1,42.05,9,42.1,7,1,2022-06-23 09:15:12
1655975714348851000,42.05,1,42.05,8,42.1,7,2,2022-06-23 09:15:14
1655975714438100000,42.1,1,42.05,8,42.1,6,1,2022-06-23 09:15:14
1655975718990291000,42.05,5,42.05,3,42.1,6,2,2022-06-23 09:15:18
1655975720142869000,42.1,2,42.05,3,42.1,4,1,2022-06-23 09:15:20
1655975720243778000,42.1,2,42.05,3,42.1,2,1,2022-06-23 09:15:20
1655975720277839000,42.1,2,42.05,3,42.15,5,1,2022-06-23 09:15:20
1655975722510809000,42.1,2,42.1,7,42.15,5,2,2022-06-23 09:15:22
1655975723923907000,42.1,7,42.0,18,42.15,5,2,2022-06-23 09:15:23
1655975723923907000,42.05,3,42.0,18,42.15,5,2,2022-06-23 09:15:23
1655975727223134000,42.15,1,42.1,7,42.15,4,1,2022-06-23 09:15:27
1655975727251875000,42.15,4,42.1,7,42.25,3,1,2022-06-23 09:15:27
1655975728873833000,42.15,1,42.1,7,42.25,3,1,2022-06-23 09:15:28
1655975732102104000,42.1,1,42.1,6,42.25,3,2,2022-06-23 09:15:32
1655975733600793000,42.15,1,42.1,6,42.15,4,1,2022-06-23 09:15:33
1655975733731810000,42.15,1,42.1,6,42.15,3,1,2022-06-23 09:15:33
1655975740234394000,42.15,2,42.1,8,42.15,1,1,2022-06-23 09:15:40
1655975740418745000,42.1,1,42.1,7,42.15,1,2,2022-06-23 09:15:40
1655975746880412000,42.1,7,42.05,5,42.1,3,2,2022-06-23 09:15:46
1655975752627330000,42.1,1,42.05,5,42.1,4,1,2022-06-23 09:15:52
1655975756309343000,42.1,1,42.05,5,42.1,3,1,2022-06-23 09:15:56
1655975756634662000,42.1,1,42.05,5,42.1,2,1,2022-06-23 09:15:56
1655975760577252000,42.1,1,42.05,5,42.1,1,1,2022-06-23 09:16:00
1655975760828527000,42.05,1,42.05,4,42.1,1,2,2022-06-23 09:16:00
1655975760828726000,42.05,2,42.05,2,42.1,1,2,2022-06-23 09:16:00
1655975761491639000,42.05,1,42.05,1,42.1,1,2,2022-06-23 09:16:01
1655975762328158000,42.1,1,42.05,1,42.15,1,1,2022-06-23 09:16:02
1655975770257375000,42.1,3,42.05,1,42.1,1,2,2022-06-23 09:16:10
1655975773704107000,42.05,1,42.05,1,42.1,1,2,2022-06-23 09:16:13
1655975778051734000,42.05,1,42.0,21,42.1,1,2,2022-06-23 09:16:18
1655975785186613000,42.05,2,42.0,20,42.05,5,2,2022-06-23 09:16:25
1655975785216025000,42.0,1,42.0,19,42.05,5,2,2022-06-23 09:16:25
1655975785247604000,42.0,16,42.0,3,42.05,5,2,2022-06-23 09:16:25
1655975785280366000,42.0,3,41.9,3,42.05,5,2,2022-06-23 09:16:25
1655975785644862000,41.9,1,41.9,2,42.05,5,2,2022-06-23 09:16:25
1655975786056933000,41.9,2,41.85,1,42.05,5,2,2022-06-23 09:16:26
1655975786285761000,41.85,1,41.8,3,42.05,5,2,2022-06-23 09:16:26
1655975787373806000,41.8,2,41.8,1,42.0,1,2,2022-06-23 09:16:27
1655975791402640000,41.8,1,41.75,1,42.0,1,2,2022-06-23 09:16:31
1655975791723015000,42.0,1,41.75,1,42.05,9,1,2022-06-23 09:16:31
1655975793538041000,41.8,1,41.75,1,42.0,1,1,2022-06-23 09:16:33
1655975807242990000,41.8,10,41.75,1,41.9,4,2,2022-06-23 09:16:47
1655975808591078000,41.8,2,41.75,1,41.8,2,1,2022-06-23 09:16:48
1655975813338911000,41.75,1,41.65,1,41.8,2,2,2022-06-23 09:16:53
1655975814297689000,41.8,1,41.7,1,41.8,1,1,2022-06-23 09:16:54
1655975816972247000,41.8,1,41.75,1,41.9,5,1,2022-06-23 09:16:56
1655975820952862000,41.75,1,41.7,2,41.8,5,2,2022-06-23 09:17:00
1655975823232336000,41.8,1,41.7,2,41.8,8,1,2022-06-23 09:17:03
1655975826541628000,41.75,1,41.7,4,41.8,8,2,2022-06-23 09:17:06
1655975827902081000,41.75,1,41.7,4,41.75,1,1,2022-06-23 09:17:07
1655975830373666000,41.75,1,41.7,4,41.8,8,1,2022-06-23 09:17:10
1655975831301799000,41.75,1,41.7,4,41.8,8,1,2022-06-23 09:17:11
1655975835371870000,41.7,4,41.65,2,41.8,11,2,2022-06-23 09:17:15
1655975837642647000,41.75,1,41.7,3,41.75,5,1,2022-06-23 09:17:17
1655975845838820000,41.75,5,41.7,3,41.75,3,1,2022-06-23 09:17:25
1655975846294054000,41.75,1,41.7,3,41.75,2,1,2022-06-23 09:17:26
1655975846654234000,41.7,3,41.65,2,41.7,1,2,2022-06-23 09:17:26
1655975847541571000,41.7,1,41.65,2,41.75,1,1,2022-06-23 09:17:27
1655975847541571000,41.75,1,41.65,2,41.75,1,1,2022-06-23 09:17:27
1655975847945977000,41.75,1,41.7,1,41.8,7,1,2022-06-23 09:17:27
1655975849199248000,41.7,1,41.55,6,41.8,7,2,2022-06-23 09:17:29
1655975849199248000,41.65,2,41.55,6,41.8,7,2,2022-06-23 09:17:29
1655975849199248000,41.6,6,41.55,6,41.8,7,2,2022-06-23 09:17:29
1655975855054678000,41.6,1,41.55,6,41.75,1,2,2022-06-23 09:17:35
1655975856698768000,41.6,1,41.55,6,41.75,1,2,2022-06-23 09:17:36
1655975871782816000,41.65,1,41.55,4,41.7,6,2,2022-06-23 09:17:51
1655975871782816000,41.6,4,41.55,4,41.7,6,2,2022-06-23 09:17:51
1655975887322003000,41.65,1,41.65,1,41.7,6,1,2022-06-23 09:18:07
1655975888835457000,41.65,1,41.55,3,41.65,11,2,2022-06-23 09:18:08
1655975888869332000,41.55,1,41.55,2,41.65,11,2,2022-06-23 09:18:08
1655975888910537000,41.55,1,41.55,1,41.65,11,2,2022-06-23 09:18:08
1655975889628625000,41.65,1,41.55,1,41.65,10,1,2022-06-23 09:18:09
1655975893651692000,41.6,1,41.55,1,41.65,10,1,2022-06-23 09:18:13
1655975901621347000,41.6,1,41.5,9,41.65,10,2,2022-06-23 09:18:21
1655975901621347000,41.55,4,41.5,9,41.65,10,2,2022-06-23 09:18:21
1655975904273853000,41.5,3,41.5,6,41.55,1,2,2022-06-23 09:18:24
1655975904311061000,41.5,1,41.5,5,41.55,1,2,2022-06-23 09:18:24
1655975904399334000,41.5,1,41.5,4,41.55,1,2,2022-06-23 09:18:24
1655975904440607000,41.5,1,41.5,3,41.55,1,2,2022-06-23 09:18:24
1655975911096579000,41.55,1,41.5,3,41.65,10,1,2022-06-23 09:18:31
1655975912584274000,41.5,1,41.5,3,41.65,10,2,2022-06-23 09:18:32
1655975916619914000,41.6,1,41.5,3,41.55,1,2,2022-06-23 09:18:36
1655975921593083000,41.55,1,41.5,4,41.6,10,1,2022-06-23 09:18:41
1655975939310623000,41.5,6,41.5,1,41.55,2,2,2022-06-23 09:18:59
1655975939534178000,41.5,1,41.4,4,41.55,3,2,2022-06-23 09:18:59
1655975939936905000,41.55,1,41.4,4,41.55,2,1,2022-06-23 09:18:59
1655975940123614000,41.55,2,41.4,4,41.6,12,1,2022-06-23 09:19:00
1655975947333979000,41.55,1,41.4,4,41.6,2,2,2022-06-23 09:19:07
1655975947333979000,41.45,1,41.4,4,41.6,2,2,2022-06-23 09:19:07
1655975950707133000,41.55,1,41.4,4,41.55,1,1,2022-06-23 09:19:10
1655975951217608000,41.55,1,41.55,4,41.6,2,1,2022-06-23 09:19:11
1655975953366344000,41.55,4,41.5,1,41.6,2,2,2022-06-23 09:19:13
1655975960586006000,41.5,1,41.4,3,41.55,2,2,2022-06-23 09:19:20
1655975960586006000,41.4,1,41.4,3,41.55,2,2,2022-06-23 09:19:20
1655975962476337000,41.5,2,41.4,3,41.5,8,1,2022-06-23 09:19:22
1655975966584648000,41.5,2,41.45,1,41.5,6,1,2022-06-23 09:19:26
1655975970827747000,41.5,1,41.45,2,41.5,7,1,2022-06-23 09:19:30
1655975972306363000,41.5,1,41.45,2,41.5,6,1,2022-06-23 09:19:32
1655975974936197000,41.5,5,41.45,2,41.5,1,1,2022-06-23 09:19:34
1655975974978239000,41.5,1,41.45,2,41.55,9,1,2022-06-23 09:19:34
1655975981833756000,41.55,1,41.5,1,41.55,8,1,2022-06-23 09:19:41
1655975981857831000,41.55,8,41.5,1,41.6,2,1,2022-06-23 09:19:41
1655975981943128000,41.6,1,41.5,1,41.6,1,1,2022-06-23 09:19:41
1655975981969739000,41.6,1,41.5,2,41.8,4,1,2022-06-23 09:19:41
1655975988928225000,41.5,2,41.45,4,41.8,4,2,2022-06-23 09:19:48
1655976019601933000,41.65,1,41.65,2,41.75,2,2,2022-06-23 09:20:19
1655976020004680000,41.65,2,41.5,4,41.6,18,2,2022-06-23 09:20:20
1655976020004680000,41.6,4,41.5,4,41.6,18,2,2022-06-23 09:20:20
1655976021825562000,41.5,1,41.5,3,41.55,1,2,2022-06-23 09:20:21
1655976022662083000,41.5,1,41.5,2,41.55,1,2,2022-06-23 09:20:22
1655976022942945000,41.6,1,41.5,2,41.6,17,1,2022-06-23 09:20:22
1655976034875924000,41.6,3,41.5,2,41.6,14,1,2022-06-23 09:20:34
1655976038357711000,41.6,1,41.55,1,41.6,13,1,2022-06-23 09:20:38
1655976039675767000,41.6,1,41.55,1,41.6,12,1,2022-06-23 09:20:39
1655976039996391000,41.6,1,41.55,1,41.6,11,1,2022-06-23 09:20:39
1655976042354678000,41.6,1,41.55,1,41.6,10,1,2022-06-23 09:20:42
1655976043404383000,41.6,1,41.55,1,41.6,9,1,2022-06-23 09:20:43
1655976045252357000,41.6,2,41.55,1,41.6,7,1,2022-06-23 09:20:45
1655976053123448000,41.6,1,41.55,2,41.6,6,1,2022-06-23 09:20:53
1655976054422945000,41.6,1,41.55,2,41.6,5,1,2022-06-23 09:20:54
1655976055370851000,41.6,1,41.55,2,41.6,4,1,2022-06-23 09:20:55
1655976059214658000,41.6,4,41.6,1,41.65,5,1,2022-06-23 09:20:59
1655976074516616000,41.6,2,41.55,1,41.6,3,2,2022-06-23 09:21:14
1655976078127735000,41.6,2,41.55,1,41.6,1,1,2022-06-23 09:21:18
1655976078161332000,41.6,1,41.55,1,41.65,5,1,2022-06-23 09:21:18
1655976080224337000,41.65,2,41.6,1,41.65,3,1,2022-06-23 09:21:20
1655976080298035000,41.65,1,41.6,1,41.65,2,1,2022-06-23 09:21:20
1655976080318449000,41.65,2,41.6,1,41.75,2,1,2022-06-23 09:21:20
1655976111179416000,41.75,1,41.65,3,41.75,1,1,2022-06-23 09:21:51
1655976111202399000,41.75,1,41.65,3,41.8,4,1,2022-06-23 09:21:51
1655976124906099000,41.75,2,41.75,1,41.8,4,2,2022-06-23 09:22:04
1655976132883661000,41.8,3,41.75,1,41.8,1,1,2022-06-23 09:22:12
1655976137947313000,41.8,1,41.75,3,41.95,3,1,2022-06-23 09:22:17
1655976142260516000,41.8,2,41.75,1,41.85,2,2,2022-06-23 09:22:22
1655976142425432000,41.75,1,41.7,2,41.8,3,2,2022-06-23 09:22:22
1655976142444160000,41.8,1,41.7,2,41.8,2,1,2022-06-23 09:22:22
1655976143451336000,41.75,1,41.7,2,41.8,2,1,2022-06-23 09:22:23
1655976145937018000,41.75,1,41.75,1,41.8,2,1,2022-06-23 09:22:25
1655976150149475000,41.75,1,41.7,2,41.8,3,2,2022-06-23 09:22:30
1655976151609706000,41.75,1,41.7,2,41.8,4,1,2022-06-23 09:22:31
1655976151864864000,41.7,1,41.7,1,41.75,6,2,2022-06-23 09:22:31
1655976151898247000,41.7,1,41.65,2,41.75,6,2,2022-06-23 09:22:31
1655976152068113000,41.65,2,41.6,1,41.7,3,2,2022-06-23 09:22:32
1655976154046253000,41.6,1,41.55,2,41.6,8,2,2022-06-23 09:22:34
1655976154729128000,41.6,1,41.55,2,41.6,7,1,2022-06-23 09:22:34
1655976161928157000,41.6,2,41.55,1,41.6,5,1,2022-06-23 09:22:41
1655976166890214000,41.6,1,41.55,1,41.6,4,1,2022-06-23 09:22:46
1655976173019503000,41.6,1,41.55,1,41.6,4,1,2022-06-23 09:22:53
1655976175190723000,41.6,1,41.55,1,41.6,3,1,2022-06-23 09:22:55
1655976189186236000,41.6,3,41.6,7,41.7,5,1,2022-06-23 09:23:09
1655976191791615000,41.7,2,41.6,7,41.7,3,1,2022-06-23 09:23:11
1655976203109763000,41.7,1,41.65,1,41.75,1,1,2022-06-23 09:23:23
1655976205765982000,41.65,1,41.6,11,41.75,1,2,2022-06-23 09:23:25
1655976205765982000,41.6,1,41.6,11,41.75,1,2,2022-06-23 09:23:25
1655976226737725000,41.7,1,41.65,2,41.75,6,1,2022-06-23 09:23:46
1655976226825335000,41.65,2,41.6,9,41.75,6,2,2022-06-23 09:23:46
1655976226825335000,41.6,2,41.6,9,41.75,6,2,2022-06-23 09:23:46
1655976232258726000,41.6,1,41.6,8,41.7,2,2,2022-06-23 09:23:52
1655976232312975000,41.6,1,41.6,7,41.7,2,2,2022-06-23 09:23:52
1655976245915365000,41.6,3,41.6,4,41.7,1,2,2022-06-23 09:24:05
1655976245969119000,41.6,4,41.55,1,41.7,1,2,2022-06-23 09:24:05
1655976247229478000,41.6,1,41.55,1,41.6,4,1,2022-06-23 09:24:07
1655976248718775000,41.6,1,41.55,1,41.6,3,1,2022-06-23 09:24:08
1655976249934168000,41.55,1,41.5,12,41.6,3,2,2022-06-23 09:24:09
1655976250484565000,41.6,1,41.5,13,41.6,2,1,2022-06-23 09:24:10
1655976263846130000,41.5,1,41.5,7,41.55,1,2,2022-06-23 09:24:23
1655976263875098000,41.5,4,41.5,3,41.55,1,2,2022-06-23 09:24:23
1655976263919748000,41.5,3,41.45,5,41.55,1,2,2022-06-23 09:24:23
1655976264364606000,41.55,1,41.45,5,41.6,2,1,2022-06-23 09:24:24
1655976271946282000,41.55,1,41.5,1,41.6,2,2,2022-06-23 09:24:31
1655976272119568000,41.5,1,41.45,5,41.55,3,2,2022-06-23 09:24:32
1655976286971230000,41.5,1,41.45,5,41.55,3,2,2022-06-23 09:24:46
1655976287435002000,41.45,1,41.45,4,41.55,3,2,2022-06-23 09:24:47
1655976287471788000,41.45,4,41.4,7,41.55,3,2,2022-06-23 09:24:47
1655976296034153000,41.45,1,41.4,8,41.55,3,1,2022-06-23 09:24:56
1655976302229046000,41.45,1,41.4,8,41.5,6,1,2022-06-23 09:25:02
1655976317017674000,41.4,8,41.35,2,41.4,6,2,2022-06-23 09:25:17
1655976317045697000,41.35,2,41.3,5,41.4,6,2,2022-06-23 09:25:17
1655976317385052000,41.3,1,41.3,4,41.4,6,2,2022-06-23 09:25:17
1655976317425499000,41.3,1,41.3,3,41.4,6,2,2022-06-23 09:25:17
1655976317458655000,41.3,3,41.25,5,41.4,6,2,2022-06-23 09:25:17
1655976329173947000,41.25,1,41.25,4,41.35,3,2,2022-06-23 09:25:29
1655976332046916000,41.25,4,41.2,5,41.3,1,2,2022-06-23 09:25:32
1655976332046916000,41.2,6,41.2,5,41.3,1,2,2022-06-23 09:25:32
1655976339975331000,41.2,2,41.2,3,41.25,3,2,2022-06-23 09:25:39
1655976341624048000,41.2,3,41.2,1,41.25,4,2,2022-06-23 09:25:41
1655976343092280000,41.2,1,41.15,8,41.25,4,2,2022-06-23 09:25:43
1655976343227578000,41.15,8,41.05,2,41.25,4,2,2022-06-23 09:25:43
1655976343227578000,41.1,12,41.05,2,41.25,4,2,2022-06-23 09:25:43
1655976348623009000,41.2,1,41.05,7,41.2,14,1,2022-06-23 09:25:48
1655976353515454000,41.1,1,41.0,23,41.2,44,2,2022-06-23 09:25:53
1655976353515454000,41.05,7,41.0,23,41.2,44,2,2022-06-23 09:25:53
1655976353515454000,41.0,2,41.0,23,41.2,44,2,2022-06-23 09:25:53
1655976354732510000,41.05,1,41.0,23,41.1,4,2,2022-06-23 09:25:54
1655976355444802000,41.0,2,41.0,21,41.1,4,2,2022-06-23 09:25:55
1655976357143532000,41.0,1,41.0,21,41.1,4,2,2022-06-23 09:25:57
1655976357335787000,41.1,1,41.0,21,41.1,3,1,2022-06-23 09:25:57
1655976358357938000,41.0,1,41.0,20,41.1,3,2,2022-06-23 09:25:58
1655976359146873000,41.0,10,41.0,10,41.1,3,2,2022-06-23 09:25:59
1655976359891857000,41.0,2,41.0,8,41.05,1,2,2022-06-23 09:25:59
1655976359954131000,41.0,1,41.0,7,41.05,1,2,2022-06-23 09:25:59
1655976360678095000,41.0,2,41.0,5,41.05,1,2,2022-06-23 09:26:00
1655976362479567000,41.0,1,41.0,4,41.05,1,2,2022-06-23 09:26:02
1655976362844268000,41.0,3,41.0,1,41.05,1,2,2022-06-23 09:26:02
1655976364223231000,41.0,1,40.95,2,41.05,1,2,2022-06-23 09:26:04
1655976365321686000,41.0,1,40.95,2,41.0,2,1,2022-06-23 09:26:05
1655976366901815000,40.95,1,40.95,1,41.0,2,2,2022-06-23 09:26:06
1655976367510907000,41.0,1,40.95,1,41.0,1,1,2022-06-23 09:26:07
1655976368413245000,41.0,1,40.95,1,41.2,7,1,2022-06-23 09:26:08
1655976368413245000,41.05,1,40.95,1,41.2,7,1,2022-06-23 09:26:08
1655976368413245000,41.1,1,40.95,1,41.2,7,1,2022-06-23 09:26:08
1655976393001918000,41.1,1,41.1,2,41.15,5,2,2022-06-23 09:26:33
1655976393817853000,41.15,3,41.1,2,41.15,2,1,2022-06-23 09:26:33
1655976393852914000,41.15,2,41.1,2,41.2,7,1,2022-06-23 09:26:33
1655976395081211000,41.1,1,41.1,1,41.2,6,2,2022-06-23 09:26:35
1655976405193504000,41.2,5,41.1,2,41.35,5,1,2022-06-23 09:26:45
1655976409073411000,41.15,1,41.0,3,41.35,5,2,2022-06-23 09:26:49
1655976409073411000,41.1,3,41.0,3,41.35,5,2,2022-06-23 09:26:49
1655976409073411000,41.05,3,41.0,3,41.35,5,2,2022-06-23 09:26:49
1655976409073411000,41.0,3,41.0,3,41.35,5,2,2022-06-23 09:26:49
1655976418089942000,41.0,3,40.95,4,41.35,5,2,2022-06-23 09:26:58
1655976419562504000,41.35,1,41.2,2,41.35,4,1,2022-06-23 09:26:59
1655976421261482000,41.2,1,41.2,1,41.35,4,2,2022-06-23 09:27:01
1655976435492996000,41.3,1,41.05,2,41.3,2,1,2022-06-23 09:27:15
1655976436410540000,41.3,1,41.05,2,41.3,1,1,2022-06-23 09:27:16
1655976438264343000,41.3,2,41.3,1,41.35,4,1,2022-06-23 09:27:18
1655976444186771000,41.35,1,41.3,2,41.35,3,1,2022-06-23 09:27:24
1655976444216162000,41.35,3,41.3,2,41.45,7,1,2022-06-23 09:27:24
1655976460193687000,41.35,1,41.3,2,41.4,5,2,2022-06-23 09:27:40
1655976460231098000,41.3,2,41.1,1,41.4,5,2,2022-06-23 09:27:40
1655976462000378000,41.35,1,41.1,1,41.4,6,1,2022-06-23 09:27:42
1655976467801083000,41.35,1,41.1,5,41.4,6,2,2022-06-23 09:27:47
1655976473168307000,41.3,1,41.1,5,41.35,7,2,2022-06-23 09:27:53
1655976474484747000,41.35,1,41.1,5,41.35,7,1,2022-06-23 09:27:54
1655976484394898000,41.35,2,41.2,1,41.35,5,1,2022-06-23 09:28:04
1655976486338132000,41.35,1,41.2,1,41.35,4,1,2022-06-23 09:28:06
1655976488801346000,41.3,4,41.2,1,41.35,3,1,2022-06-23 09:28:08
1655976488801346000,41.35,1,41.2,1,41.35,3,1,2022-06-23 09:28:08
1655976488826819000,41.35,3,41.2,1,41.4,6,1,2022-06-23 09:28:08
1655976494512479000,41.35,1,41.2,2,41.35,1,1,2022-06-23 09:28:14
1655976495319310000,41.35,1,41.2,2,41.4,6,1,2022-06-23 09:28:15
1655976504493362000,41.35,1,41.25,1,41.4,6,1,2022-06-23 09:28:24
1655976511481128000,41.4,5,41.35,1,41.4,1,1,2022-06-23 09:28:31
1655976518034536000,41.4,1,41.35,1,41.45,7,1,2022-06-23 09:28:38
1655976538047448000,41.45,1,41.4,1,41.45,6,1,2022-06-23 09:28:58
1655976545859294000,41.45,1,41.4,2,41.45,5,1,2022-06-23 09:29:05
1655976545898377000,41.45,5,41.4,2,41.5,3,1,2022-06-23 09:29:05
1655976551467097000,41.45,1,41.4,2,41.45,2,1,2022-06-23 09:29:11
1655976555147140000,41.45,1,41.4,2,41.45,2,1,2022-06-23 09:29:15
1655976556304603000,41.45,1,41.4,2,41.45,1,1,2022-06-23 09:29:16
1655976556340813000,41.45,1,41.4,2,41.5,3,1,2022-06-23 09:29:16
1655976562965861000,41.5,2,41.45,4,41.8,8,1,2022-06-23 09:29:22
1655976572522747000,41.5,1,41.5,9,41.65,5,2,2022-06-23 09:29:32
1655976585864133000,41.5,2,41.5,8,41.65,5,2,2022-06-23 09:29:45
1655976599685850000,41.65,2,41.55,2,41.65,3,1,2022-06-23 09:29:59
1655976599720975000,41.65,3,41.55,2,41.7,3,1,2022-06-23 09:29:59
1655976606600891000,41.65,1,41.6,1,41.7,2,1,2022-06-23 09:30:06
1655976606600891000,41.7,1,41.6,1,41.7,2,1,2022-06-23 09:30:06
1655976609241727000,41.7,1,41.65,2,41.7,1,1,2022-06-23 09:30:09
1655976611872855000,41.7,1,41.65,3,41.75,4,1,2022-06-23 09:30:11
1655976615698733000,41.75,1,41.65,3,41.75,3,1,2022-06-23 09:30:15
1655976615741544000,41.75,3,41.65,3,41.8,7,1,2022-06-23 09:30:15
1655976615741544000,41.8,1,41.65,3,41.8,7,1,2022-06-23 09:30:15
1655976616764311000,41.65,3,41.6,1,41.65,13,2,2022-06-23 09:30:16
1655976617088831000,41.65,3,41.6,1,41.65,10,1,2022-06-23 09:30:17
1655976617155022000,41.65,1,41.6,1,41.65,9,1,2022-06-23 09:30:17
1655976620330901000,41.65,5,41.6,1,41.65,4,1,2022-06-23 09:30:20
1655976620370967000,41.65,4,41.6,1,41.8,7,1,2022-06-23 09:30:20
1655976644529364000,41.7,1,41.65,1,41.75,2,1,2022-06-23 09:30:44
1655976650231916000,41.75,1,41.7,5,41.75,1,1,2022-06-23 09:30:50
1655976653855598000,41.75,1,41.7,5,41.8,7,1,2022-06-23 09:30:53
1655976655680682000,41.8,3,41.7,5,41.8,4,1,2022-06-23 09:30:55
1655976662164462000,41.8,1,41.7,11,41.8,2,1,2022-06-23 09:31:02
1655976662492063000,41.8,1,41.7,11,41.8,1,1,2022-06-23 09:31:02
1655976662515765000,41.8,1,41.7,11,41.85,1,1,2022-06-23 09:31:02
1655976665596165000,41.8,1,41.7,11,41.8,4,1,2022-06-23 09:31:05
1655976675959106000,41.75,1,41.7,11,41.8,5,2,2022-06-23 09:31:15
1655976678473467000,41.75,1,41.7,11,41.8,5,1,2022-06-23 09:31:18
1655976678643467000,41.7,11,41.6,2,41.75,1,2,2022-06-23 09:31:18
1655976678834147000,41.6,2,41.55,4,41.7,4,2,2022-06-23 09:31:18
1655976682032810000,41.6,6,41.55,4,41.8,5,1,2022-06-23 09:31:22
1655976682032810000,41.7,4,41.55,4,41.8,5,1,2022-06-23 09:31:22
1655976696348272000,41.6,1,41.55,4,41.7,2,2,2022-06-23 09:31:36
1655976711927404000,41.65,1,41.55,4,41.7,2,1,2022-06-23 09:31:51
1655976714499814000,41.65,1,41.55,4,41.7,2,1,2022-06-23 09:31:54
1655976723205167000,41.55,4,41.5,11,41.65,3,2,2022-06-23 09:32:03
1655976730128512000,41.5,1,41.5,10,41.55,2,2,2022-06-23 09:32:10
1655976730148015000,41.5,5,41.5,5,41.55,2,2,2022-06-23 09:32:10
1655976730170970000,41.5,5,41.45,2,41.55,2,2,2022-06-23 09:32:10
1655976730190368000,41.45,1,41.45,1,41.55,2,2,2022-06-23 09:32:10
1655976730212977000,41.45,1,41.25,1,41.55,2,2,2022-06-23 09:32:10
1655976796933311000,41.5,1,41.45,4,41.55,3,2,2022-06-23 09:33:16
1655976839041010000,41.55,1,41.5,3,41.55,2,1,2022-06-23 09:33:59
1655976841636130000,41.55,1,41.5,2,41.55,1,1,2022-06-23 09:34:01
1655976855253637000,41.55,1,41.5,6,41.65,4,1,2022-06-23 09:34:15
1655976860425612000,41.6,2,41.55,1,41.6,1,1,2022-06-23 09:34:20
1655976860596396000,41.55,1,41.5,6,41.55,6,2,2022-06-23 09:34:20
1655976864050426000,41.55,1,41.5,6,41.55,6,1,2022-06-23 09:34:24
1655976864187633000,41.5,6,41.45,5,41.55,6,2,2022-06-23 09:34:24
1655976864299193000,41.45,1,41.45,4,41.5,1,2,2022-06-23 09:34:24
1655976864329619000,41.45,4,41.3,2,41.5,1,2,2022-06-23 09:34:24
1655976878804162000,41.5,1,41.35,1,41.55,6,1,2022-06-23 09:34:38
1655976881262660000,41.5,1,41.35,1,41.55,6,1,2022-06-23 09:34:41
1655976928799355000,41.5,1,41.35,1,41.5,2,1,2022-06-23 09:35:28
1655976949169444000,41.5,2,41.5,1,41.55,3,1,2022-06-23 09:35:49
1655976954271103000,41.55,2,41.5,3,41.65,1,1,2022-06-23 09:35:54
1655976954271103000,41.65,3,41.5,3,41.65,1,1,2022-06-23 09:35:54
1655976976922482000,41.65,1,41.55,1,41.7,1,1,2022-06-23 09:36:16
1655976979718932000,41.65,1,41.55,1,41.65,2,1,2022-06-23 09:36:19
1655976980289461000,41.65,1,41.55,1,41.65,1,1,2022-06-23 09:36:20
1655976983668099000,41.65,1,41.55,1,41.7,3,2,2022-06-23 09:36:23
1655976995648688000,41.65,1,41.55,1,41.65,1,1,2022-06-23 09:36:35
1655977002324131000,41.6,1,41.55,1,41.65,2,2,2022-06-23 09:36:42
1655977008924671000,41.65,1,41.55,1,41.65,2,1,2022-06-23 09:36:48
1655977011807993000,41.6,1,41.55,1,41.65,2,2,2022-06-23 09:36:51
1655977021526806000,41.55,3,41.5,3,41.6,1,2,2022-06-23 09:37:01
1655977021526806000,41.5,2,41.5,3,41.6,1,2,2022-06-23 09:37:01
1655977021561786000,41.5,3,41.45,2,41.6,1,2,2022-06-23 09:37:01
1655977048255925000,41.5,1,41.5,4,41.55,1,1,2022-06-23 09:37:28
1655977058972320000,41.5,1,41.5,4,41.55,1,2,2022-06-23 09:37:38
1655977061857840000,41.55,1,41.5,4,41.75,6,1,2022-06-23 09:37:41
1655977071226565000,41.55,1,41.5,4,41.75,7,1,2022-06-23 09:37:51
1655977086664787000,41.7,1,41.55,1,41.7,1,1,2022-06-23 09:38:06
1655977098976017000,41.7,2,41.55,2,41.75,4,1,2022-06-23 09:38:18
1655977098976017000,41.75,2,41.55,2,41.75,4,1,2022-06-23 09:38:18
1655977105665473000,41.75,1,41.55,2,41.75,3,1,2022-06-23 09:38:25
1655977116348227000,41.75,1,41.6,1,41.75,2,1,2022-06-23 09:38:36
1655977133178765000,41.75,1,41.6,3,41.75,2,1,2022-06-23 09:38:53
1655977133344193000,41.75,2,41.75,1,41.8,16,1,2022-06-23 09:38:53
1655977138448932000,41.75,1,41.6,3,41.8,16,2,2022-06-23 09:38:58
1655977141975783000,41.8,1,41.75,1,41.8,17,1,2022-06-23 09:39:01
1655977142529648000,41.75,1,41.6,3,41.75,4,2,2022-06-23 09:39:02
1655977148080401000,41.65,1,41.6,3,41.7,2,2,2022-06-23 09:39:08
1655977168585059000,41.65,2,41.65,2,41.7,2,2,2022-06-23 09:39:28
1655977173671525000,41.65,2,41.6,1,41.65,5,2,2022-06-23 09:39:33
1655977175384356000,41.65,1,41.6,1,41.65,4,1,2022-06-23 09:39:35
1655977201721230000,41.65,3,41.6,3,41.65,1,1,2022-06-23 09:40:01
1655977211385654000,41.65,1,41.6,3,41.8,15,1,2022-06-23 09:40:11
1655977264576039000,41.7,2,41.7,3,41.75,3,2,2022-06-23 09:41:04
1655977267081610000,41.7,1,41.7,2,41.75,3,2,2022-06-23 09:41:07
1655977267113800000,41.7,2,41.65,1,41.75,3,2,2022-06-23 09:41:07
1655977341707194000,41.7,1,41.65,1,41.75,2,1,2022-06-23 09:42:21
1655977350655010000,41.75,3,41.65,2,41.8,8,1,2022-06-23 09:42:30
1655977350655010000,41.8,7,41.65,2,41.8,8,1,2022-06-23 09:42:30
1655977352688898000,41.8,3,41.65,2,41.8,5,1,2022-06-23 09:42:32
1655977354976602000,41.8,4,41.65,2,41.8,1,1,2022-06-23 09:42:34
1655977354997481000,41.8,1,41.65,2,41.85,6,1,2022-06-23 09:42:34
1655977357657963000,41.85,2,41.65,2,41.85,4,1,2022-06-23 09:42:37
1655977363710820000,41.85,1,41.8,11,41.85,4,1,2022-06-23 09:42:43
1655977390976127000,41.85,1,41.85,2,41.9,9,1,2022-06-23 09:43:10
1655977391075966000,41.85,1,41.85,1,41.9,8,2,2022-06-23 09:43:11
1655977391109019000,41.85,1,41.75,1,41.9,8,2,2022-06-23 09:43:11
1655977392813529000,41.85,1,41.85,1,41.9,8,1,2022-06-23 09:43:12
1655977393366337000,41.85,1,41.75,1,41.9,8,2,2022-06-23 09:43:13
1655977401125923000,41.85,2,41.75,3,41.9,7,1,2022-06-23 09:43:21
1655977420605855000,41.8,2,41.8,4,41.85,4,2,2022-06-23 09:43:40
1655977421933054000,41.85,1,41.8,4,41.85,3,1,2022-06-23 09:43:41
1655977440107401000,41.8,1,41.8,3,41.85,4,2,2022-06-23 09:44:00
1655977451549717000,41.8,3,41.8,2,41.85,4,2,2022-06-23 09:44:11
1655977451576592000,41.8,1,41.8,1,41.85,4,2,2022-06-23 09:44:11
1655977454259261000,41.8,1,41.8,1,41.85,4,2,2022-06-23 09:44:14
1655977454293308000,41.8,1,41.75,4,41.85,4,2,2022-06-23 09:44:14
1655977458519728000,41.75,3,41.75,1,41.85,4,2,2022-06-23 09:44:18
1655977458559825000,41.75,1,41.7,6,41.85,4,2,2022-06-23 09:44:18
1655977462821622000,41.85,1,41.7,6,41.85,3,1,2022-06-23 09:44:22
1655977470987390000,41.85,1,41.7,7,41.85,2,1,2022-06-23 09:44:30
1655977475208218000,41.85,2,41.75,1,41.9,7,1,2022-06-23 09:44:35
1655977508735908000,41.8,1,41.75,2,41.85,1,2,2022-06-23 09:45:08
1655977518183278000,41.85,3,41.75,2,41.9,7,1,2022-06-23 09:45:18
1655977524318249000,41.9,1,41.75,2,41.9,6,1,2022-06-23 09:45:24
1655977548022601000,41.9,1,41.85,5,41.9,5,1,2022-06-23 09:45:48
1655977548290370000,41.9,1,41.85,5,41.9,4,1,2022-06-23 09:45:48
1655977548328201000,41.9,4,41.85,5,41.95,10,1,2022-06-23 09:45:48
1655977577911274000,41.95,1,41.9,3,41.95,9,1,2022-06-23 09:46:17
1655977603908640000,41.95,3,41.9,8,41.95,6,1,2022-06-23 09:46:43
1655977603936824000,41.95,6,41.9,8,42.0,6,1,2022-06-23 09:46:43
1655977608134892000,41.9,8,41.85,2,42.0,6,2,2022-06-23 09:46:48
1655977608134892000,41.85,7,41.85,2,42.0,6,2,2022-06-23 09:46:48
1655977608250040000,41.85,1,41.85,1,42.0,6,2,2022-06-23 09:46:48
1655977608671585000,41.85,1,41.8,3,41.95,14,2,2022-06-23 09:46:48
1655977625310021000,41.85,1,41.8,5,41.85,1,1,2022-06-23 09:47:05
1655977625464337000,41.85,1,41.8,5,41.9,5,1,2022-06-23 09:47:05
1655977630001242000,41.8,5,41.7,6,41.9,5,2,2022-06-23 09:47:10
1655977682483911000,41.8,1,41.8,8,41.85,4,2,2022-06-23 09:48:02
1655977689878519000,41.8,3,41.8,5,41.85,4,2,2022-06-23 09:48:09
1655977704655213000,41.85,2,41.8,5,41.85,5,1,2022-06-23 09:48:24
1655977741110114000,41.85,1,41.8,5,41.85,5,1,2022-06-23 09:49:01
1655977761329970000,41.85,1,41.8,6,41.85,2,1,2022-06-23 09:49:21
1655977761441900000,41.8,5,41.8,1,41.85,2,2,2022-06-23 09:49:21
1655977766132603000,41.8,1,41.7,7,41.85,2,2,2022-06-23 09:49:26
1655977790539273000,41.85,1,41.7,7,41.9,7,1,2022-06-23 09:49:50
1655977825064211000,41.85,1,41.7,7,41.9,13,2,2022-06-23 09:50:25
1655977859801261000,41.7,7,41.65,5,41.75,1,2,2022-06-23 09:50:59
1655977864481929000,41.75,1,41.65,5,41.8,1,1,2022-06-23 09:51:04
1655977866099313000,41.65,5,41.55,4,41.8,3,2,2022-06-23 09:51:06
1655977866099313000,41.6,3,41.55,4,41.8,3,2,2022-06-23 09:51:06
1655977893754302000,41.55,1,41.55,3,41.7,3,2,2022-06-23 09:51:33
1655977903871980000,41.55,1,41.55,2,41.7,3,2,2022-06-23 09:51:43
1655977914031115000,41.6,1,41.55,2,41.6,1,1,2022-06-23 09:51:54
1655977914061758000,41.6,1,41.55,2,41.65,1,1,2022-06-23 09:51:54
1655977969802905000,41.5,1,41.5,8,41.7,3,2,2022-06-23 09:52:49
1655977996570139000,41.5,1,41.5,8,41.7,2,2,2022-06-23 09:53:16
1655977999966584000,41.5,8,41.4,1,41.7,2,2,2022-06-23 09:53:19
1655977999966584000,41.45,2,41.4,1,41.7,2,2,2022-06-23 09:53:19
1655978016418768000,41.45,1,41.4,2,41.45,2,1,2022-06-23 09:53:36
1655978016422891000,41.4,2,41.3,2,41.4,1,2,2022-06-23 09:53:36
1655978021093941000,41.4,1,41.3,2,41.45,2,1,2022-06-23 09:53:41
1655978025551672000,41.3,1,41.3,1,41.4,1,2,2022-06-23 09:53:45
1655978026411026000,41.3,1,41.25,3,41.4,1,2,2022-06-23 09:53:46
1655978034210266000,41.3,1,41.25,3,41.4,1,1,2022-06-23 09:53:54
1655978041711643000,41.25,1,41.25,2,41.3,1,2,2022-06-23 09:54:01
1655978044128555000,41.25,1,41.25,1,41.3,1,2,2022-06-23 09:54:04
1655978045808438000,41.25,1,41.2,2,41.3,1,2,2022-06-23 09:54:05
1655978056925492000,41.2,1,41.2,1,41.3,1,2,2022-06-23 09:54:16
1655978056963553000,41.2,1,41.15,2,41.3,1,2,2022-06-23 09:54:16
1655978069475232000,41.15,4,41.1,4,41.25,3,2,2022-06-23 09:54:29
1655978069475232000,41.1,4,41.1,4,41.25,3,2,2022-06-23 09:54:29
1655978069518852000,41.1,2,41.1,2,41.25,3,2,2022-06-23 09:54:29
1655978070712695000,41.1,1,41.1,1,41.25,3,2,2022-06-23 09:54:30
1655978075005521000,41.1,1,41.05,15,41.25,3,2,2022-06-23 09:54:35
1655978082277415000,41.05,15,41.0,19,41.25,3,2,2022-06-23 09:54:42
1655978082277415000,41.0,15,41.0,19,41.25,3,2,2022-06-23 09:54:42
1655978087316869000,41.0,1,41.0,18,41.25,3,2,2022-06-23 09:54:47
1655978087351313000,41.0,6,41.0,12,41.25,3,2,2022-06-23 09:54:47
1655978090432143000,41.0,2,41.0,9,41.25,3,2,2022-06-23 09:54:50
1655978094654765000,41.0,1,41.0,8,41.25,3,2,2022-06-23 09:54:54
1655978106080648000,41.05,1,41.05,1,41.25,3,2,2022-06-23 09:55:06
1655978113473107000,41.0,1,41.0,11,41.2,1,2,2022-06-23 09:55:13
1655978119125770000,41.05,1,41.0,11,41.05,2,2,2022-06-23 09:55:19
1655978120970294000,41.0,1,41.0,10,41.05,2,2,2022-06-23 09:55:20
1655978121297645000,41.05,1,41.0,10,41.05,1,1,2022-06-23 09:55:21
1655978125329363000,41.0,10,40.95,10,41.05,2,2,2022-06-23 09:55:25
1655978140231006000,41.0,2,41.0,1,41.05,2,2,2022-06-23 09:55:40
1655978140242550000,41.0,1,40.95,10,41.0,1,2,2022-06-23 09:55:40
1655978140839815000,40.95,1,40.95,9,41.0,3,2,2022-06-23 09:55:40
1655978141188482000,41.0,1,40.95,9,41.0,2,1,2022-06-23 09:55:41
1655978147239688000,41.0,1,40.95,9,41.0,1,1,2022-06-23 09:55:47
1655978147931907000,41.0,1,41.0,1,41.05,3,1,2022-06-23 09:55:47
1655978161969862000,41.0,2,40.95,9,41.05,33,2,2022-06-23 09:56:01
1655978163775468000,41.0,1,40.95,9,41.05,33,1,2022-06-23 09:56:03
1655978167470528000,40.95,9,40.9,3,40.95,6,2,2022-06-23 09:56:07
1655978168670791000,40.95,1,40.9,3,40.95,5,1,2022-06-23 09:56:08
1655978168698969000,40.9,3,40.85,9,40.95,5,2,2022-06-23 09:56:08
1655978170720054000,40.85,5,40.85,4,40.95,5,2,2022-06-23 09:56:10
1655978170755279000,40.85,4,40.8,3,40.95,5,2,2022-06-23 09:56:10
1655978178137757000,40.8,1,40.8,2,40.85,1,2,2022-06-23 09:56:18
1655978179781439000,40.8,1,40.8,1,40.85,1,2,2022-06-23 09:56:19
1655978180350868000,40.8,1,40.7,2,40.85,1,2,2022-06-23 09:56:20
1655978183854691000,40.7,1,40.7,1,40.85,1,2,2022-06-23 09:56:23
1655978184010388000,40.7,1,40.65,1,40.85,1,2,2022-06-23 09:56:24
1655978185050104000,40.7,1,40.65,2,40.85,1,2,2022-06-23 09:56:25
1655978187931771000,40.65,2,40.6,2,40.85,1,2,2022-06-23 09:56:27
1655978190821762000,40.6,2,40.5,41,40.85,1,2,2022-06-23 09:56:30
1655978192845176000,40.65,1,40.5,38,40.7,2,2,2022-06-23 09:56:32
1655978192845176000,40.5,3,40.5,38,40.7,2,2,2022-06-23 09:56:32
1655978193610005000,40.7,2,40.55,1,40.95,3,1,2022-06-23 09:56:33
1655978193610005000,40.85,1,40.55,1,40.95,3,1,2022-06-23 09:56:33
1655978193610005000,40.9,1,40.55,1,40.95,3,1,2022-06-23 09:56:33
1655978193610005000,40.95,2,40.55,1,40.95,3,1,2022-06-23 09:56:33
1655978197567789000,40.7,2,40.7,2,40.95,3,2,2022-06-23 09:56:37
1655978209435572000,40.7,1,40.7,2,40.95,3,2,2022-06-23 09:56:49
1655978215195356000,40.7,3,40.6,1,40.95,3,2,2022-06-23 09:56:55
1655978220352433000,40.7,1,40.5,15,40.95,3,2,2022-06-23 09:57:00
1655978220352433000,40.6,3,40.5,15,40.95,3,2,2022-06-23 09:57:00
1655978220352433000,40.55,8,40.5,15,40.95,3,2,2022-06-23 09:57:00
1655978220352433000,40.5,35,40.5,15,40.95,3,2,2022-06-23 09:57:00
1655978221150509000,40.65,1,40.5,15,40.95,3,1,2022-06-23 09:57:01
1655978227566554000,40.6,1,40.5,15,40.9,7,2,2022-06-23 09:57:07
1655978235836515000,40.65,2,40.5,13,40.9,5,2,2022-06-23 09:57:15
1655978235836515000,40.6,1,40.5,13,40.9,5,2,2022-06-23 09:57:15
1655978235836515000,40.55,3,40.5,13,40.9,5,2,2022-06-23 09:57:15
1655978235836515000,40.5,5,40.5,13,40.9,5,2,2022-06-23 09:57:15
1655978238629657000,40.65,1,40.6,2,40.9,2,1,2022-06-23 09:57:18
1655978240796743000,40.6,1,40.6,1,40.9,2,2,2022-06-23 09:57:20
1655978246979554000,40.55,2,40.5,13,40.55,2,2,2022-06-23 09:57:26
1655978247011755000,40.55,2,40.5,13,40.9,2,1,2022-06-23 09:57:27
1655978248917521000,40.55,1,40.5,6,40.9,3,2,2022-06-23 09:57:28
1655978248917521000,40.5,7,40.5,6,40.9,3,2,2022-06-23 09:57:28
1655978255996506000,40.6,1,40.55,3,40.85,2,2,2022-06-23 09:57:35
1655978266755888000,40.6,2,40.6,3,40.8,1,2,2022-06-23 09:57:46
1655978270110627000,40.6,2,40.55,3,40.8,1,2,2022-06-23 09:57:50
1655978276575591000,40.65,1,40.6,5,40.85,1,2,2022-06-23 09:57:56
1655978304308416000,40.8,2,40.7,10,40.85,1,1,2022-06-23 09:58:24
1655978307305747000,40.85,1,40.85,1,40.95,4,1,2022-06-23 09:58:27
1655978328565370000,40.85,1,40.8,1,40.95,4,2,2022-06-23 09:58:48
1655978332860935000,40.8,1,40.7,10,40.95,3,2,2022-06-23 09:58:52
1655978332860935000,40.7,2,40.7,10,40.95,3,2,2022-06-23 09:58:52
1655978341103630000,40.85,1,40.85,1,40.95,3,2,2022-06-23 09:59:01
1655978344206751000,40.85,1,40.75,1,40.95,3,2,2022-06-23 09:59:04
1655978349776070000,40.75,1,40.7,7,40.85,1,2,2022-06-23 09:59:09
1655978349776070000,40.7,1,40.7,7,40.85,1,2,2022-06-23 09:59:09
1655978354965488000,40.85,1,40.7,7,40.9,1,1,2022-06-23 09:59:14
1655978364037343000,40.85,2,40.7,8,40.95,1,1,2022-06-23 09:59:24
1655978364037343000,40.9,1,40.7,8,40.95,1,1,2022-06-23 09:59:24
1655978364037343000,40.95,2,40.7,8,40.95,1,1,2022-06-23 09:59:24
1655978380238238000,40.95,1,40.75,4,41.0,4,2,2022-06-23 09:59:40
1655978382428587000,40.8,1,40.75,3,41.0,5,2,2022-06-23 09:59:42
1655978382428587000,40.75,1,40.75,3,41.0,5,2,2022-06-23 09:59:42
1655978386613683000,40.95,1,40.8,1,41.0,5,1,2022-06-23 09:59:46
1655978403476947000,41.0,1,40.8,1,41.0,3,1,2022-06-23 10:00:03
1655978421629934000,40.95,1,40.95,1,41.0,2,1,2022-06-23 10:00:21
1655978424936566000,40.95,1,40.85,3,41.0,10,2,2022-06-23 10:00:24
1655978454534659000,40.85,3,40.75,7,40.95,5,2,2022-06-23 10:00:54
1655978493913237000,40.8,1,40.75,7,40.85,9,1,2022-06-23 10:01:33
1655978525523978000,40.75,2,40.75,5,40.8,2,2,2022-06-23 10:02:05
1655978533772737000,40.75,1,40.75,4,40.8,2,2,2022-06-23 10:02:13
1655978548041414000,40.75,1,40.75,3,40.8,3,2,2022-06-23 10:02:28
1655978563826100000,40.8,1,40.75,3,40.8,2,1,2022-06-23 10:02:43
1655978591966388000,40.8,2,40.75,3,40.85,9,1,2022-06-23 10:03:11
1655978609923206000,40.85,1,40.8,2,40.85,8,1,2022-06-23 10:03:29
1655978623226855000,40.85,5,40.8,2,40.85,3,1,2022-06-23 10:03:43
1655978623259486000,40.85,3,40.8,2,40.9,2,1,2022-06-23 10:03:43
1655978696199707000,40.9,2,40.9,1,41.0,2,1,2022-06-23 10:04:56
1655978723155431000,41.0,1,40.85,5,41.0,3,1,2022-06-23 10:05:23
1655978748908553000,40.85,1,40.85,4,41.0,4,2,2022-06-23 10:05:48
1655978750153647000,41.0,2,40.85,4,41.0,2,1,2022-06-23 10:05:50
1655978753164261000,40.9,1,40.85,4,41.0,3,2,2022-06-23 10:05:53
1655978758812476000,40.9,1,40.85,4,41.0,3,2,2022-06-23 10:05:58
1655978760229129000,41.0,2,40.9,1,41.0,1,1,2022-06-23 10:06:00
1655978775620976000,41.0,1,40.9,1,41.05,31,2,2022-06-23 10:06:15
1655978785969539000,41.0,1,40.9,1,41.05,32,1,2022-06-23 10:06:25
1655978816585705000,40.9,1,40.85,3,41.0,3,2,2022-06-23 10:06:56
1655978817938437000,41.0,1,40.85,3,41.0,3,1,2022-06-23 10:06:57
1655978829151512000,40.9,1,40.9,1,41.0,2,2,2022-06-23 10:07:09
1655978829189449000,40.9,1,40.85,3,41.0,2,2,2022-06-23 10:07:09
1655978899383601000,40.9,3,40.85,3,40.9,5,2,2022-06-23 10:08:19
1655978899416019000,40.85,3,40.8,3,40.9,5,2,2022-06-23 10:08:19
1655978901154494000,40.9,1,40.8,3,40.9,4,1,2022-06-23 10:08:21
1655978934417550000,40.85,1,40.8,3,40.9,4,2,2022-06-23 10:08:54
1655978956158085000,40.9,4,40.85,1,41.0,2,1,2022-06-23 10:09:16
1655978995356865000,40.95,1,40.9,11,41.0,4,2,2022-06-23 10:09:55
1655979017295723000,41.0,1,40.95,2,41.0,3,1,2022-06-23 10:10:17
1655979026977064000,41.0,1,40.95,1,41.0,2,1,2022-06-23 10:10:26
1655979031499238000,41.0,2,41.0,1,41.05,31,1,2022-06-23 10:10:31
1655979042758738000,41.0,2,40.95,1,41.05,31,2,2022-06-23 10:10:42
1655979074652880000,41.0,1,40.95,1,41.05,31,1,2022-06-23 10:11:14
1655979084320488000,41.0,1,40.95,1,41.05,31,2,2022-06-23 10:11:24
1655979108221697000,41.0,1,40.95,1,41.05,31,2,2022-06-23 10:11:48
1655979155374169000,40.95,1,40.9,10,41.0,1,2,2022-06-23 10:12:35
1655979157786596000,40.9,10,40.8,4,40.9,5,2,2022-06-23 10:12:37
1655979158363331000,40.9,1,40.8,4,40.9,4,1,2022-06-23 10:12:38
1655979158397626000,40.8,4,40.75,2,40.9,4,2,2022-06-23 10:12:38
1655979169535433000,40.75,1,40.75,1,40.9,6,2,2022-06-23 10:12:49
1655979189460341000,40.75,1,40.7,13,40.9,6,2,2022-06-23 10:13:09
1655979192288942000,40.75,1,40.75,1,40.9,6,1,2022-06-23 10:13:12
1655979223663917000,40.75,2,40.75,1,40.9,1,2,2022-06-23 10:13:43
1655979323480162000,40.75,1,40.75,1,40.95,3,2,2022-06-23 10:15:23
1655979366902323000,40.8,1,40.8,1,40.95,4,2,2022-06-23 10:16:06
1655979437187458000,40.85,1,40.8,1,40.95,4,2,2022-06-23 10:17:17
1655979461788769000,40.95,1,40.8,2,40.95,3,1,2022-06-23 10:17:41
1655979485284615000,40.8,2,40.7,19,40.9,4,2,2022-06-23 10:18:05
1655979485284615000,40.75,1,40.7,19,40.9,4,2,2022-06-23 10:18:05
1655979500203170000,40.85,1,40.7,19,40.85,2,1,2022-06-23 10:18:20
1655979515151126000,40.8,1,40.7,19,40.85,2,2,2022-06-23 10:18:35
1655979519053740000,40.7,2,40.7,17,40.9,3,2,2022-06-23 10:18:39
1655979524533301000,40.8,1,40.7,17,40.85,2,2,2022-06-23 10:18:44
1655979534908850000,40.8,1,40.7,17,40.85,4,2,2022-06-23 10:18:54
1655979546588852000,40.75,1,40.7,17,40.8,2,1,2022-06-23 10:19:06
1655979559192860000,40.7,8,40.7,9,40.85,5,2,2022-06-23 10:19:19
1655979559221796000,40.7,5,40.7,4,40.85,5,2,2022-06-23 10:19:19
1655979559256827000,40.7,1,40.7,3,40.85,5,2,2022-06-23 10:19:19
1655979559256843000,40.7,3,40.65,4,40.85,5,2,2022-06-23 10:19:19
1655979567171539000,40.75,1,40.65,4,40.8,5,2,2022-06-23 10:19:27
1655979576384521000,40.65,1,40.65,3,40.7,3,2,2022-06-23 10:19:36
1655979582396930000,40.65,1,40.65,2,40.7,3,2,2022-06-23 10:19:42
1655979587753922000,40.65,1,40.65,1,40.7,4,2,2022-06-23 10:19:47
1655979589454722000,40.65,1,40.6,19,40.7,3,2,2022-06-23 10:19:49
1655979593140121000,40.6,4,40.6,15,40.7,1,2,2022-06-23 10:19:53
1655979595942341000,40.6,1,40.6,14,40.65,2,2,2022-06-23 10:19:55
1655979598285110000,40.6,2,40.6,12,40.65,3,2,2022-06-23 10:19:58
1655979611039941000,40.6,5,40.6,7,40.65,2,2,2022-06-23 10:20:11
1655979611116409000,40.6,2,40.6,5,40.65,2,2,2022-06-23 10:20:11
1655979611134539000,40.6,1,40.6,4,40.65,2,2,2022-06-23 10:20:11
1655979616023124000,40.65,1,40.6,4,40.65,2,1,2022-06-23 10:20:16
1655979622577156000,40.6,1,40.6,3,40.65,2,2,2022-06-23 10:20:22
1655979632183994000,40.6,1,40.6,2,40.65,2,2,2022-06-23 10:20:32
1655979634275746000,40.6,2,40.55,4,40.65,3,2,2022-06-23 10:20:34
1655979636627560000,40.6,1,40.55,3,40.65,2,2,2022-06-23 10:20:36
1655979636627560000,40.55,1,40.55,3,40.65,2,2,2022-06-23 10:20:36
1655979648205904000,40.6,1,40.55,3,40.65,2,1,2022-06-23 10:20:48
1655979657331355000,40.6,2,40.55,3,40.65,1,2,2022-06-23 10:20:57
1655979662854025000,40.55,3,40.5,4,40.65,1,2,2022-06-23 10:21:02
1655979662854025000,40.5,5,40.5,4,40.65,1,2,2022-06-23 10:21:02
1655979670127472000,40.5,4,40.4,2,40.5,4,2,2022-06-23 10:21:10
1655979675699859000,40.5,1,40.4,2,40.5,4,1,2022-06-23 10:21:15
1655979682074514000,40.45,1,40.4,2,40.45,1,1,2022-06-23 10:21:22
1655979682124797000,40.45,1,40.4,2,40.5,4,1,2022-06-23 10:21:22
1655979682655971000,40.45,4,40.35,1,40.5,4,2,2022-06-23 10:21:22
1655979682655971000,40.4,2,40.35,1,40.5,4,2,2022-06-23 10:21:22
1655979689104999000,40.35,1,40.3,9,40.4,1,2,2022-06-23 10:21:29
1655979696050442000,40.35,1,40.3,9,40.4,2,1,2022-06-23 10:21:36
1655979698447376000,40.3,1,40.3,8,40.4,2,2,2022-06-23 10:21:38
1655979698490613000,40.4,1,40.3,8,40.4,1,1,2022-06-23 10:21:38
1655979698505566000,40.4,1,40.3,8,40.45,5,1,2022-06-23 10:21:38
1655979698621769000,40.45,2,40.35,1,40.45,3,1,2022-06-23 10:21:38
1655979700485688000,40.45,1,40.3,9,40.45,2,1,2022-06-23 10:21:40
1655979720154989000,40.45,1,40.35,2,40.45,1,1,2022-06-23 10:22:00
1655979720186916000,40.45,1,40.35,2,40.45,5,1,2022-06-23 10:22:00
1655979722121296000,40.45,1,40.35,2,40.45,4,1,2022-06-23 10:22:02
1655979736219769000,40.4,3,40.4,2,40.45,4,2,2022-06-23 10:22:16
1655979749264403000,40.4,3,40.35,3,40.5,4,2,2022-06-23 10:22:29
1655979749264403000,40.35,1,40.35,3,40.5,4,2,2022-06-23 10:22:29
1655979754184064000,40.4,1,40.35,3,40.5,4,2,2022-06-23 10:22:34
1655979768770890000,40.35,1,40.35,2,40.4,4,2,2022-06-23 10:22:48
1655979776803294000,40.35,1,40.35,1,40.4,3,2,2022-06-23 10:22:56
1655979778638352000,40.35,1,40.3,10,40.4,3,2,2022-06-23 10:22:58
1655979799469042000,40.35,1,40.35,1,40.4,3,2,2022-06-23 10:23:19
1655979804089582000,40.4,3,40.4,7,40.5,4,1,2022-06-23 10:23:24
1655979822259718000,40.45,1,40.4,7,40.45,1,2,2022-06-23 10:23:42
1655979836589870000,40.45,1,40.5,5,40.65,1,1,2022-06-23 10:23:56
1655979836589870000,40.5,4,40.5,5,40.65,1,1,2022-06-23 10:23:56
1655979838575924000,40.5,5,40.4,5,40.65,1,2,2022-06-23 10:23:58
1655979838575924000,40.4,2,40.4,5,40.65,1,2,2022-06-23 10:23:58
1655979873373477000,40.5,1,40.45,1,40.65,1,2,2022-06-23 10:24:33
1655979875244817000,40.5,1,40.5,2,40.65,1,1,2022-06-23 10:24:35
1655979879760697000,40.5,1,40.5,1,40.65,1,2,2022-06-23 10:24:39
1655979883136966000,40.5,1,40.45,1,40.65,1,2,2022-06-23 10:24:43
1655979895176077000,40.45,1,40.4,5,40.5,5,2,2022-06-23 10:24:55
1655979904617729000,40.5,6,40.5,4,40.65,1,1,2022-06-23 10:25:04
1655979936117756000,40.5,4,40.45,3,40.65,1,2,2022-06-23 10:25:36
1655979999412559000,40.5,1,40.45,3,40.5,9,1,2022-06-23 10:26:39
1655980000544369000,40.45,1,40.45,2,40.5,9,2,2022-06-23 10:26:40
1655980001628544000,40.45,1,40.45,1,40.5,9,2,2022-06-23 10:26:41
1655980007579054000,40.5,1,40.45,1,40.5,8,1,2022-06-23 10:26:47
1655980042427759000,40.5,3,40.45,1,40.5,5,1,2022-06-23 10:27:22
1655980048764249000,40.5,1,40.45,1,40.5,4,1,2022-06-23 10:27:28
1655980062030703000,40.5,1,40.45,1,40.5,3,1,2022-06-23 10:27:42
1655980110879583000,40.45,1,40.4,5,40.5,3,2,2022-06-23 10:28:30
1655980126988890000,40.4,2,40.4,3,40.5,3,2,2022-06-23 10:28:46
1655980128118551000,40.4,1,40.4,2,40.5,3,2,2022-06-23 10:28:48
1655980128161909000,40.4,1,40.4,1,40.5,3,2,2022-06-23 10:28:48
1655980150755098000,40.5,1,40.4,2,40.5,2,1,2022-06-23 10:29:10
1655980151097571000,40.5,1,40.4,2,40.5,1,1,2022-06-23 10:29:11
1655980151404663000,40.5,1,40.4,2,40.65,1,1,2022-06-23 10:29:11
1655980158609009000,40.65,1,40.55,2,40.85,2,1,2022-06-23 10:29:18
1655980158609009000,40.85,1,40.55,2,40.85,2,1,2022-06-23 10:29:18
1655980159148651000,40.7,1,40.7,1,40.8,1,2,2022-06-23 10:29:19
1655980161648651000,40.7,1,40.4,2,40.8,1,2,2022-06-23 10:29:21
1655980215705114000,40.45,2,40.35,1,40.7,1,2,2022-06-23 10:30:15
1655980215705114000,40.4,2,40.35,1,40.7,1,2,2022-06-23 10:30:15
1655980215705114000,40.35,4,40.35,1,40.7,1,2,2022-06-23 10:30:15
1655980224340115000,40.35,1,40.3,11,40.6,3,2,2022-06-23 10:30:24
1655980238147301000,40.3,5,40.3,7,40.55,1,2,2022-06-23 10:30:38
1655980252475311000,40.5,1,40.3,7,40.5,2,1,2022-06-23 10:30:52
1655980256907439000,40.3,2,40.3,5,40.55,1,2,2022-06-23 10:30:56
1655980261598017000,40.3,2,40.3,5,40.55,1,2,2022-06-23 10:31:01
1655980278905978000,40.5,1,40.4,2,40.6,1,2,2022-06-23 10:31:18
1655980306009533000,40.4,3,40.3,6,40.5,1,2,2022-06-23 10:31:46
1655980306009533000,40.3,5,40.3,6,40.5,1,2,2022-06-23 10:31:46
1655980310448637000,40.3,3,40.3,3,40.45,1,2,2022-06-23 10:31:50
1655980314449000000,40.3,3,40.25,2,40.3,1,2,2022-06-23 10:31:54
1655980322923426000,40.3,1,40.25,2,40.3,1,1,2022-06-23 10:32:02
1655980335251053000,40.3,1,40.25,2,40.5,3,1,2022-06-23 10:32:15
1655980337728726000,40.3,4,40.3,1,40.5,3,1,2022-06-23 10:32:17
1655980363392327000,40.3,1,40.25,2,40.45,1,2,2022-06-23 10:32:43
1655980387800606000,40.35,1,40.35,1,40.45,1,1,2022-06-23 10:33:07
1655980388313816000,40.35,1,40.25,2,40.3,2,2,2022-06-23 10:33:08
1655980398634110000,40.3,2,40.25,3,40.3,1,1,2022-06-23 10:33:18
1655980398652763000,40.3,1,40.25,3,40.5,3,1,2022-06-23 10:33:18
1655980463994937000,40.4,1,40.4,4,40.45,3,1,2022-06-23 10:34:23
1655980468222058000,40.4,2,40.4,2,40.45,3,2,2022-06-23 10:34:28
1655980481895363000,40.45,2,40.4,2,40.45,2,1,2022-06-23 10:34:41
1655980485748380000,40.45,2,40.45,1,40.5,3,1,2022-06-23 10:34:45
1655980513563492000,40.5,1,40.5,3,40.6,1,1,2022-06-23 10:35:13
1655980520676636000,40.6,1,40.5,3,40.75,1,1,2022-06-23 10:35:20
1655980524289803000,40.5,2,40.5,1,40.75,2,2,2022-06-23 10:35:24
1655980556842303000,40.55,1,40.5,1,40.75,2,2,2022-06-23 10:35:56
1655980587550554000,40.75,2,40.5,7,40.95,7,1,2022-06-23 10:36:27
1655980587550554000,40.85,1,40.5,7,40.95,7,1,2022-06-23 10:36:27
1655980587550554000,40.9,3,40.5,7,40.95,7,1,2022-06-23 10:36:27
1655980609346674000,40.9,1,40.55,1,40.95,7,1,2022-06-23 10:36:49
1655980657796187000,40.9,1,40.6,2,40.95,3,2,2022-06-23 10:37:37
1655980671224915000,40.9,2,40.6,9,40.95,3,1,2022-06-23 10:37:51
1655980685670363000,40.9,1,40.65,5,40.95,3,1,2022-06-23 10:38:05
1655980743902216000,40.9,2,40.7,1,40.95,4,1,2022-06-23 10:39:03
1655980748969388000,40.9,2,40.7,1,40.95,4,1,2022-06-23 10:39:08
1655980816831250000,40.95,1,40.85,1,40.95,3,1,2022-06-23 10:40:16
1655980835600745000,40.95,3,40.95,2,41.0,4,1,2022-06-23 10:40:35
1655980844425429000,41.0,1,40.95,4,41.0,3,1,2022-06-23 10:40:44
1655980863529280000,41.0,1,40.95,5,41.0,2,1,2022-06-23 10:41:03
1655980871146679000,41.0,1,40.95,5,41.0,1,1,2022-06-23 10:41:11
1655980904328707000,41.0,1,41.0,2,41.05,31,1,2022-06-23 10:41:44
1655980907349748000,41.0,2,40.95,4,41.0,5,2,2022-06-23 10:41:47
1655980919641023000,41.0,2,40.95,4,41.0,3,1,2022-06-23 10:41:59
1655980969658693000,41.0,1,40.95,4,41.0,1,1,2022-06-23 10:42:49
1655980972677085000,41.0,1,40.95,4,41.05,31,1,2022-06-23 10:42:52
1655980980420348000,41.0,1,40.95,4,41.05,31,1,2022-06-23 10:43:00
1655980988164850000,40.95,3,40.95,1,41.05,31,2,2022-06-23 10:43:08
1655981011033991000,40.95,2,40.8,3,41.0,2,2,2022-06-23 10:43:31
1655981024473775000,41.0,2,40.8,3,41.05,31,1,2022-06-23 10:43:44
1655981061124501000,41.0,3,40.85,2,41.0,3,1,2022-06-23 10:44:21
1655981069375925000,41.0,1,40.85,2,41.0,2,1,2022-06-23 10:44:29
1655981122306231000,40.9,1,40.9,2,40.95,1,2,2022-06-23 10:45:22
1655981170259930000,40.9,2,40.85,2,40.95,1,2,2022-06-23 10:46:10
1655981197715341000,40.95,1,40.9,1,41.0,2,1,2022-06-23 10:46:37
1655981200114503000,40.9,1,40.85,3,41.0,2,2,2022-06-23 10:46:40
1655981346351432000,40.9,5,40.8,1,40.95,1,2,2022-06-23 10:49:06
1655981346351432000,40.85,3,40.8,1,40.95,1,2,2022-06-23 10:49:06
1655981346351432000,40.8,2,40.8,1,40.95,1,2,2022-06-23 10:49:06
1655981420260661000,40.85,1,40.8,2,40.9,2,2,2022-06-23 10:50:20
1655981536519660000,40.85,1,40.8,4,40.95,4,1,2022-06-23 10:52:16
1655981536519660000,40.95,1,40.8,4,40.95,4,1,2022-06-23 10:52:16
1655981554105789000,40.9,1,40.85,2,40.95,4,1,2022-06-23 10:52:34
1655981633750774000,40.95,4,40.85,4,41.0,1,1,2022-06-23 10:53:53
1655981633750774000,41.0,6,40.85,4,41.0,1,1,2022-06-23 10:53:53
1655981655434346000,41.0,1,40.9,2,41.05,31,1,2022-06-23 10:54:15
1655981689805930000,41.0,1,40.9,2,41.05,31,1,2022-06-23 10:54:49
1655981705912518000,41.05,3,40.9,2,41.05,28,1,2022-06-23 10:55:05
1655981705955689000,41.05,1,40.9,2,41.05,27,1,2022-06-23 10:55:05
1655981712901570000,41.0,1,40.9,3,41.05,27,1,2022-06-23 10:55:12
1655981725695092000,40.9,1,40.9,2,41.0,4,2,2022-06-23 10:55:25
1655981751349147000,40.9,3,40.85,4,40.9,4,2,2022-06-23 10:55:51
1655981793980946000,40.9,1,40.85,4,40.9,3,1,2022-06-23 10:56:33
1655981814037726000,40.85,4,40.8,4,40.85,1,2,2022-06-23 10:56:54
1655981830058715000,40.8,1,40.8,3,40.85,1,2,2022-06-23 10:57:10
1655981861542655000,40.8,3,40.75,2,40.85,6,2,2022-06-23 10:57:41
1655981863314241000,40.75,2,40.7,3,40.75,2,2,2022-06-23 10:57:43
1655981877576393000,40.75,1,40.7,3,40.75,1,1,2022-06-23 10:57:57
1655981884601263000,40.75,1,40.7,3,40.75,1,1,2022-06-23 10:58:04
1655981904681356000,40.7,3,40.6,2,40.75,1,2,2022-06-23 10:58:24
1655981904681356000,40.65,1,40.6,2,40.75,1,2,2022-06-23 10:58:24
1655981904681356000,40.6,6,40.6,2,40.75,1,2,2022-06-23 10:58:24
1655982031080684000,40.6,2,40.5,10,40.75,1,2,2022-06-23 11:00:31
1655982031080684000,40.55,3,40.5,10,40.75,1,2,2022-06-23 11:00:31
1655982056964974000,40.55,1,40.55,1,40.75,1,2,2022-06-23 11:00:56
1655982057620308000,40.55,1,40.5,9,40.75,1,2,2022-06-23 11:00:57
1655982059140126000,40.5,1,40.5,8,40.75,1,2,2022-06-23 11:00:59
1655982064603051000,40.5,1,40.5,7,40.75,1,2,2022-06-23 11:01:04
1655982154816675000,40.5,1,40.5,2,40.7,4,2,2022-06-23 11:02:34
1655982161744554000,40.5,2,40.45,7,40.5,3,2,2022-06-23 11:02:41
1655982168823019000,40.5,1,40.45,7,40.5,2,1,2022-06-23 11:02:48
1655982173328637000,40.5,2,40.5,1,40.7,4,1,2022-06-23 11:02:53
1655982258873955000,40.5,1,40.5,2,40.65,2,2,2022-06-23 11:04:18
1655982272169817000,40.5,1,40.5,1,40.65,2,2,2022-06-23 11:04:32
1655982309394458000,40.5,1,40.45,7,40.65,2,2,2022-06-23 11:05:09
1655982403790705000,40.55,1,40.5,1,40.6,1,2,2022-06-23 11:06:43
1655982407459721000,40.65,1,40.5,2,40.7,4,1,2022-06-23 11:06:47
1655982408121426000,40.7,1,40.5,2,40.7,3,1,2022-06-23 11:06:48
1655982408496222000,40.7,1,40.5,2,40.7,2,1,2022-06-23 11:06:48
1655982408530456000,40.7,2,40.5,2,40.75,1,1,2022-06-23 11:06:48
1655982409166757000,40.7,1,40.5,2,40.75,1,2,2022-06-23 11:06:49
1655982538395048000,40.55,2,40.5,10,40.7,2,2,2022-06-23 11:08:58
1655982590453102000,40.55,1,40.5,10,40.65,2,2,2022-06-23 11:09:50
1655982611437735000,40.5,4,40.5,6,40.65,2,2,2022-06-23 11:10:11
1655982619868180000,40.5,1,40.5,5,40.65,1,2,2022-06-23 11:10:19
1655982755994440000,40.65,2,40.65,3,40.7,1,1,2022-06-23 11:12:35
1655982815357683000,40.7,1,40.65,4,40.85,4,1,2022-06-23 11:13:35
1655982815357683000,40.8,1,40.65,4,40.85,4,1,2022-06-23 11:13:35
1655982848328254000,40.8,1,40.65,4,40.85,3,1,2022-06-23 11:14:08
1655982901875493000,40.65,3,40.6,1,40.65,1,2,2022-06-23 11:15:01
1655982904825140000,40.6,1,40.5,6,40.65,1,2,2022-06-23 11:15:04
1655982904825140000,40.5,2,40.5,6,40.65,1,2,2022-06-23 11:15:04
1655982974277254000,40.7,1,40.5,6,40.75,1,2,2022-06-23 11:16:14
1655983112791069000,40.6,1,40.7,1,40.75,1,1,2022-06-23 11:18:32
1655983112823047000,40.7,1,40.5,7,40.75,1,2,2022-06-23 11:18:32
1655983574101196000,40.55,2,40.55,3,40.6,2,2,2022-06-23 11:26:14
1655983574140902000,40.55,3,40.5,7,40.6,2,2,2022-06-23 11:26:14
1655983594816293000,40.55,1,40.5,7,40.6,2,1,2022-06-23 11:26:34
1655983686417180000,40.5,2,40.5,5,40.55,4,2,2022-06-23 11:28:06
1655983686448134000,40.5,5,40.45,6,40.55,4,2,2022-06-23 11:28:06
1655983725064955000,40.45,6,40.4,18,40.45,3,2,2022-06-23 11:28:45
1655983743755349000,40.4,1,40.4,17,40.45,5,2,2022-06-23 11:29:03
1655983761049391000,40.4,1,40.4,17,40.45,5,2,2022-06-23 11:29:21
1655983817793018000,40.4,2,40.4,16,40.45,5,2,2022-06-23 11:30:17
1655983854507232000,40.45,4,40.4,16,40.45,1,1,2022-06-23 11:30:54
1655983860758026000,40.45,1,40.4,16,40.5,1,1,2022-06-23 11:31:00
1655983860947364000,40.4,1,40.4,15,40.5,1,2,2022-06-23 11:31:00
1655983882982954000,40.5,1,40.4,15,40.5,1,1,2022-06-23 11:31:22
1655983898321084000,40.5,1,40.4,15,40.6,2,1,2022-06-23 11:31:38
1655983943354250000,40.45,1,40.4,15,40.6,3,2,2022-06-23 11:32:23
1655984099823515000,40.6,5,40.55,1,40.7,3,1,2022-06-23 11:34:59
1655984124478056000,40.65,1,40.55,6,40.7,3,1,2022-06-23 11:35:24
1655984160850223000,40.7,4,40.55,6,40.75,1,1,2022-06-23 11:36:00
1655984213656613000,40.7,1,40.6,1,40.75,1,1,2022-06-23 11:36:53
1655984227956577000,40.75,2,40.6,1,40.75,1,1,2022-06-23 11:37:07
1655984243073765000,40.75,1,40.9,4,40.95,9,1,2022-06-23 11:37:23
1655984243073765000,40.8,6,40.9,4,40.95,9,1,2022-06-23 11:37:23
1655984243073765000,40.9,9,40.9,4,40.95,9,1,2022-06-23 11:37:23
1655984262352589000,40.9,2,40.9,2,40.95,9,2,2022-06-23 11:37:42
1655984266575462000,40.9,1,40.9,3,40.95,9,2,2022-06-23 11:37:46
1655984269873675000,40.9,1,40.9,2,40.95,9,2,2022-06-23 11:37:49
1655984271893086000,40.95,1,40.9,2,40.95,8,1,2022-06-23 11:37:51
1655984273852506000,40.9,2,40.6,1,40.9,1,2,2022-06-23 11:37:53
1655984338287183000,40.65,1,40.6,1,40.65,5,2,2022-06-23 11:38:58
1655984338320700000,40.65,5,40.6,1,40.95,7,1,2022-06-23 11:38:58
1655984387942925000,40.65,1,40.6,1,40.9,3,2,2022-06-23 11:39:47
1655984406329722000,40.9,1,40.6,1,40.9,2,1,2022-06-23 11:40:06
1655984485829084000,40.65,1,40.6,2,40.85,1,2,2022-06-23 11:41:25
1655984523041444000,40.6,1,40.6,1,40.8,1,2,2022-06-23 11:42:03
1655984525180688000,40.6,1,40.55,7,40.6,3,2,2022-06-23 11:42:05
1655984575659811000,40.6,2,40.55,7,40.6,1,1,2022-06-23 11:42:55
1655984577875673000,40.6,1,40.55,7,40.8,1,1,2022-06-23 11:42:57
1655984678527067000,40.55,5,40.55,3,40.8,3,2,2022-06-23 11:44:38
1655984693081465000,40.55,2,40.55,1,40.75,2,2,2022-06-23 11:44:53
1655984738641958000,40.55,1,40.55,3,40.7,3,2,2022-06-23 11:45:38
1655984811085089000,40.55,3,40.5,11,40.55,7,2,2022-06-23 11:46:51
1655984827941869000,40.5,7,40.5,4,40.55,3,2,2022-06-23 11:47:07
1655984843436724000,40.5,2,40.5,2,40.55,3,2,2022-06-23 11:47:23
1655984881984233000,40.5,1,40.5,1,40.55,3,2,2022-06-23 11:48:01
1655984971734592000,40.5,1,40.45,12,40.55,3,2,2022-06-23 11:49:31
1655985035182101000,40.5,3,40.45,12,40.7,2,1,2022-06-23 11:50:35
1655985073730970000,40.5,1,40.45,12,40.5,6,1,2022-06-23 11:51:13
1655985083384224000,40.45,1,40.45,11,40.5,6,2,2022-06-23 11:51:23
1655985088742313000,40.45,1,40.45,10,40.5,5,2,2022-06-23 11:51:28
1655985099910395000,40.5,5,40.5,1,40.65,1,1,2022-06-23 11:51:39
1655985129050818000,40.5,1,40.45,16,40.6,2,2,2022-06-23 11:52:09
1655985143293310000,40.45,16,40.4,17,40.45,1,2,2022-06-23 11:52:23
1655985172569569000,40.45,1,40.4,16,40.55,2,2,2022-06-23 11:52:52
1655985193948920000,40.45,2,40.4,16,40.6,1,1,2022-06-23 11:53:13
1655985193948920000,40.55,2,40.4,16,40.6,1,1,2022-06-23 11:53:13
1655985193948920000,40.6,1,40.4,16,40.6,1,1,2022-06-23 11:53:13
1655985359161662000,40.6,1,40.4,16,40.6,1,1,2022-06-23 11:55:59
1655985640595859000,40.45,1,40.45,2,40.6,5,2,2022-06-23 12:00:40
1655985641539224000,40.45,2,40.4,16,40.45,1,2,2022-06-23 12:00:41
1655985679777808000,40.45,1,40.45,1,40.6,4,1,2022-06-23 12:01:19
1655985684425320000,40.45,1,40.4,15,40.6,4,2,2022-06-23 12:01:24
1655985701390664000,40.6,4,40.4,15,40.75,1,1,2022-06-23 12:01:41
1655985729475474000,40.45,1,40.45,2,40.7,3,2,2022-06-23 12:02:09
1655985789554077000,40.6,2,40.5,4,40.65,1,1,2022-06-23 12:03:09
1655985918997109000,40.5,2,40.5,2,40.6,4,2,2022-06-23 12:05:18
1655985920449052000,40.5,1,40.5,1,40.6,4,2,2022-06-23 12:05:20
1655985926273186000,40.5,1,40.45,25,40.55,3,2,2022-06-23 12:05:26
1655985934796890000,40.5,3,40.45,25,40.55,1,1,2022-06-23 12:05:34
1655986005610093000,40.5,1,40.45,25,40.55,1,1,2022-06-23 12:06:45
1655986028986276000,40.45,1,40.45,27,40.55,1,2,2022-06-23 12:07:08
1655986065511824000,40.45,14,40.45,13,40.55,1,2,2022-06-23 12:07:45
1655986091260377000,40.45,1,40.45,12,40.6,4,2,2022-06-23 12:08:11
1655986095268655000,40.45,2,40.45,10,40.6,4,2,2022-06-23 12:08:15
1655986111378373000,40.45,4,40.45,7,40.6,4,2,2022-06-23 12:08:31
1655986167214980000,40.6,4,40.6,1,40.7,2,1,2022-06-23 12:09:27
1655986181378390000,40.6,1,40.45,9,40.7,3,2,2022-06-23 12:09:41
1655986382877733000,40.5,1,40.45,10,40.6,1,1,2022-06-23 12:13:02
1655986521952586000,40.6,1,40.5,3,40.6,1,1,2022-06-23 12:15:21
1655986621901449000,40.7,3,40.7,2,40.8,7,1,2022-06-23 12:17:01
1655986631773143000,40.8,1,40.7,2,40.8,6,1,2022-06-23 12:17:11
1655986634827168000,40.8,1,40.7,2,40.8,5,1,2022-06-23 12:17:14
1655986650206611000,40.8,3,40.7,2,40.8,2,1,2022-06-23 12:17:30
1655986650225027000,40.8,2,40.7,2,40.85,2,1,2022-06-23 12:17:30
1655986659339587000,40.8,1,40.7,2,40.9,3,1,2022-06-23 12:17:39
1655986659339587000,40.85,2,40.7,2,40.9,3,1,2022-06-23 12:17:39
1655986667239994000,40.9,1,40.85,4,40.9,3,1,2022-06-23 12:17:47
1655986679106829000,40.9,1,40.85,4,40.9,2,1,2022-06-23 12:17:59
1655986685331624000,40.9,1,40.85,4,40.9,2,1,2022-06-23 12:18:05
1655986704226870000,40.9,2,40.9,1,40.95,6,1,2022-06-23 12:18:24
1655986706244654000,40.9,1,40.85,5,40.95,6,2,2022-06-23 12:18:26
1655986730223108000,40.9,1,40.85,5,40.9,1,1,2022-06-23 12:18:50
1655986731585266000,40.85,1,40.85,4,40.9,1,2,2022-06-23 12:18:51
1655986749967563000,40.9,1,40.85,4,40.95,5,1,2022-06-23 12:19:09
1655986763924643000,40.85,1,40.85,3,40.95,5,2,2022-06-23 12:19:23
1655986792077437000,40.9,1,40.85,3,40.9,3,2,2022-06-23 12:19:52
1655986804179785000,40.9,1,40.85,3,40.9,2,1,2022-06-23 12:20:04
1655986864537574000,40.85,2,40.85,2,40.95,6,2,2022-06-23 12:21:04
1655986932240958000,40.9,1,41.0,5,41.2,3,1,2022-06-23 12:22:12
1655986932240958000,40.95,5,41.0,5,41.2,3,1,2022-06-23 12:22:12
1655986932240958000,41.0,9,41.0,5,41.2,3,1,2022-06-23 12:22:12
1655986990753841000,41.15,2,41.0,5,41.2,3,1,2022-06-23 12:23:10
1655987022474791000,41.15,2,41.0,5,41.2,3,1,2022-06-23 12:23:42
1655987032620037000,41.2,1,41.05,1,41.2,2,1,2022-06-23 12:23:52
1655987032645864000,41.2,2,41.05,1,41.25,7,1,2022-06-23 12:23:52
1655987042807566000,41.2,1,41.05,1,41.25,7,1,2022-06-23 12:24:02
1655987046260035000,41.25,2,41.05,1,41.25,5,1,2022-06-23 12:24:06
1655987060381779000,41.25,1,41.05,1,41.25,4,1,2022-06-23 12:24:20
1655987089571938000,41.15,1,41.05,1,41.2,3,1,2022-06-23 12:24:49
1655987118336090000,41.2,2,41.05,1,41.2,1,1,2022-06-23 12:25:18
1655987119561170000,41.2,1,41.2,2,41.25,5,1,2022-06-23 12:25:19
1655987128130317000,41.2,1,41.2,1,41.25,5,2,2022-06-23 12:25:28
1655987141069967000,41.2,2,41.05,1,41.2,4,2,2022-06-23 12:25:41
1655987142378983000,41.2,1,41.05,1,41.2,3,1,2022-06-23 12:25:42
1655987169098842000,41.15,2,41.05,1,41.2,5,2,2022-06-23 12:26:09
1655987333789707000,41.15,3,41.05,2,41.2,9,1,2022-06-23 12:28:53
1655987415700534000,41.1,1,41.05,2,41.1,4,2,2022-06-23 12:30:15
1655987425935234000,41.1,4,41.05,2,41.15,1,1,2022-06-23 12:30:25
1655987441554903000,41.15,1,41.05,2,41.25,9,1,2022-06-23 12:30:41
1655987441554903000,41.2,9,41.05,2,41.25,9,1,2022-06-23 12:30:41
1655987460242574000,41.25,9,41.25,1,41.3,2,1,2022-06-23 12:31:00
1655987460306448000,41.3,2,41.25,1,41.4,3,1,2022-06-23 12:31:00
1655987462188428000,41.25,1,41.05,2,41.2,4,2,2022-06-23 12:31:02
1655987470694585000,41.2,4,41.1,10,41.4,3,1,2022-06-23 12:31:10
1655987492351908000,41.2,2,41.1,10,41.2,3,1,2022-06-23 12:31:32
1655987493530341000,41.2,3,41.2,7,41.3,1,1,2022-06-23 12:31:33
1655987501249180000,41.3,1,41.2,7,41.4,3,1,2022-06-23 12:31:41
1655987521490883000,41.3,1,41.3,1,41.4,3,2,2022-06-23 12:32:01
1655987525529887000,41.3,1,41.2,7,41.3,1,2,2022-06-23 12:32:05
1655987541550828000,41.3,1,41.2,7,41.3,3,1,2022-06-23 12:32:21
1655987556146780000,41.3,1,41.25,3,41.3,2,1,2022-06-23 12:32:36
1655987568333123000,41.3,1,41.25,3,41.3,1,1,2022-06-23 12:32:48
1655987568360281000,41.3,1,41.25,3,41.4,3,1,2022-06-23 12:32:48
1655987590396933000,41.4,1,41.3,1,41.4,2,1,2022-06-23 12:33:10
1655987590431693000,41.4,2,41.3,1,41.45,2,1,2022-06-23 12:33:10
1655987595954986000,41.3,1,41.25,3,41.45,2,2,2022-06-23 12:33:15
1655987604244494000,41.25,2,41.25,1,41.45,2,2,2022-06-23 12:33:24
1655987699741508000,41.35,1,41.25,3,41.35,2,1,2022-06-23 12:34:59
1655987712870174000,41.35,1,41.25,8,41.4,1,1,2022-06-23 12:35:12
1655987802495194000,41.25,5,41.25,3,41.3,5,2,2022-06-23 12:36:42
1655987822211826000,41.25,2,41.25,1,41.3,6,2,2022-06-23 12:37:02
1655987824229719000,41.25,1,41.2,14,41.25,2,2,2022-06-23 12:37:04
1655987826098597000,41.2,1,41.2,13,41.25,2,2,2022-06-23 12:37:06
1655987829725179000,41.2,1,41.2,12,41.25,2,2,2022-06-23 12:37:09
1655987848845234000,41.2,1,41.2,11,41.25,2,2,2022-06-23 12:37:28
1655987852127606000,41.2,5,41.2,6,41.25,2,2,2022-06-23 12:37:32
1655987866145967000,41.25,2,41.2,6,41.3,5,1,2022-06-23 12:37:46
1655987882449965000,41.25,1,41.2,6,41.3,5,1,2022-06-23 12:38:02
1655987948373203000,41.25,1,41.2,12,41.4,1,1,2022-06-23 12:39:08
1655987950425473000,41.2,1,41.2,11,41.4,1,2,2022-06-23 12:39:10
1655988020625443000,41.35,1,41.3,10,41.4,2,1,2022-06-23 12:40:20
1655988057532353000,41.35,1,41.3,10,41.4,2,2,2022-06-23 12:40:57
1655988087161466000,41.3,10,41.1,11,41.4,2,2,2022-06-23 12:41:27
1655988087161466000,41.25,6,41.1,11,41.4,2,2,2022-06-23 12:41:27
1655988087161466000,41.2,11,41.1,11,41.4,2,2,2022-06-23 12:41:27
1655988087161466000,41.15,1,41.1,11,41.4,2,2,2022-06-23 12:41:27
1655988087161466000,41.1,2,41.1,11,41.4,2,2,2022-06-23 12:41:27
1655988277985577000,41.15,1,41.1,14,41.2,1,1,2022-06-23 12:44:37
1655988297320208000,41.1,1,41.1,13,41.2,1,2,2022-06-23 12:44:57
1655988316811463000,41.1,1,41.1,12,41.2,1,2,2022-06-23 12:45:16
1655988328027440000,41.1,4,41.1,8,41.2,1,2,2022-06-23 12:45:28
1655988329368754000,41.1,2,41.1,6,41.2,1,2,2022-06-23 12:45:29
1655988338172443000,41.1,1,41.1,5,41.2,1,2,2022-06-23 12:45:38
1655988353096685000,41.1,1,41.1,4,41.2,1,2,2022-06-23 12:45:53
1655988360804131000,41.1,1,41.1,3,41.2,1,2,2022-06-23 12:46:00
1655988360828384000,41.1,1,41.1,2,41.2,1,2,2022-06-23 12:46:00
1655988443448255000,41.2,1,41.1,2,41.3,2,1,2022-06-23 12:47:23
1655988459122381000,41.3,1,41.1,2,41.3,2,1,2022-06-23 12:47:39
1655988476427086000,41.3,1,41.2,10,41.3,4,1,2022-06-23 12:47:56
1655988513524626000,41.3,3,41.2,10,41.3,1,1,2022-06-23 12:48:33
1655988514860369000,41.3,1,41.2,10,41.45,1,1,2022-06-23 12:48:34
1655988514860369000,41.4,3,41.2,10,41.45,1,1,2022-06-23 12:48:34
1655988514860369000,41.45,1,41.2,10,41.45,1,1,2022-06-23 12:48:34
1655988535002242000,41.45,1,41.2,10,41.45,1,1,2022-06-23 12:48:55
1655988540959180000,41.45,1,41.2,10,41.5,2,1,2022-06-23 12:49:00
1655988555046011000,41.45,1,41.2,9,41.5,1,2,2022-06-23 12:49:15
1655988555046011000,41.2,1,41.2,9,41.5,1,2,2022-06-23 12:49:15
1655988588427050000,41.4,1,41.2,9,41.4,3,1,2022-06-23 12:49:48
1655988599157116000,41.3,1,41.3,5,41.4,3,2,2022-06-23 12:49:59
1655988613035394000,41.4,3,41.4,8,41.45,1,1,2022-06-23 12:50:13
1655988623489364000,41.45,1,41.4,8,41.5,1,1,2022-06-23 12:50:23
1655988629002944000,41.4,1,41.4,7,41.5,1,2,2022-06-23 12:50:29
1655988654414630000,41.5,6,41.45,1,41.6,3,1,2022-06-23 12:50:54
1655988670024328000,41.55,1,41.5,6,41.6,3,1,2022-06-23 12:51:10
1655988681426966000,41.55,1,41.5,5,41.6,3,2,2022-06-23 12:51:21
1655988690211831000,41.6,1,41.5,5,41.6,2,1,2022-06-23 12:51:30
1655988694316982000,41.6,1,41.5,5,41.6,1,1,2022-06-23 12:51:34
1655988694357884000,41.6,1,41.5,5,41.7,1,1,2022-06-23 12:51:34
1655988733636697000,41.6,1,41.6,2,41.7,3,2,2022-06-23 12:52:13
1655988748154125000,41.7,3,41.6,2,41.75,4,1,2022-06-23 12:52:28
1655988765188013000,41.65,1,41.6,2,41.7,1,1,2022-06-23 12:52:45
1655988779989643000,41.6,2,41.5,5,41.65,1,2,2022-06-23 12:52:59
1655988795295197000,41.5,2,41.5,3,41.65,3,2,2022-06-23 12:53:15
1655988799248877000,41.5,3,41.4,7,41.5,1,2,2022-06-23 12:53:19
1655988820955473000,41.4,2,41.4,5,41.45,7,2,2022-06-23 12:53:40
1655988843874036000,41.4,1,41.4,4,41.45,7,2,2022-06-23 12:54:03
1655988849484978000,41.4,1,41.4,3,41.45,5,2,2022-06-23 12:54:09
1655988849501471000,41.4,2,41.4,1,41.45,5,2,2022-06-23 12:54:09
1655988849524914000,41.4,1,41.3,5,41.45,5,2,2022-06-23 12:54:09
1655988859407489000,41.3,2,41.3,3,41.4,4,2,2022-06-23 12:54:19
1655988867229314000,41.4,2,41.3,3,41.4,2,1,2022-06-23 12:54:27
1655988958137553000,41.4,1,41.35,1,41.4,1,2,2022-06-23 12:55:58
1655988958492011000,41.4,1,41.35,1,41.5,2,1,2022-06-23 12:55:58
1655988990216229000,41.35,2,41.35,2,41.45,1,2,2022-06-23 12:56:30
1655989004974752000,41.4,1,41.35,2,41.45,1,2,2022-06-23 12:56:44
1655989090167120000,41.35,1,41.35,3,41.45,1,2,2022-06-23 12:58:10
1655989099759281000,41.35,1,41.35,2,41.4,1,2,2022-06-23 12:58:19
1655989108458231000,41.35,1,41.35,1,41.4,4,2,2022-06-23 12:58:28
1655989112901335000,41.35,1,41.3,5,41.4,5,2,2022-06-23 12:58:32
1655989161535973000,41.3,2,41.3,4,41.35,5,2,2022-06-23 12:59:21
1655989180870706000,41.3,4,41.1,7,41.35,11,2,2022-06-23 12:59:40
1655989225194078000,41.1,2,41.1,1,41.3,6,2,2022-06-23 13:00:25
1655989243783821000,41.1,1,41.0,8,41.1,2,2,2022-06-23 13:00:43
1655989274002177000,41.05,2,41.0,8,41.05,5,1,2022-06-23 13:01:14
1655989285456985000,41.0,5,41.0,3,41.05,7,2,2022-06-23 13:01:25
1655989285475739000,41.0,2,41.0,1,41.05,7,2,2022-06-23 13:01:25
1655989285763361000,41.0,1,40.9,5,41.05,4,2,2022-06-23 13:01:25
1655989306433686000,40.8,8,40.8,6,41.0,7,2,2022-06-23 13:01:46
1655989306774382000,40.8,2,40.8,4,41.0,5,2,2022-06-23 13:01:46
1655989324414906000,40.8,1,40.8,3,40.85,2,2,2022-06-23 13:02:04
1655989324452009000,40.8,3,40.65,3,40.85,2,2,2022-06-23 13:02:04
1655989365974764000,40.75,1,40.7,1,40.8,5,1,2022-06-23 13:02:45
1655989368165729000,40.7,1,40.65,2,40.7,1,2,2022-06-23 13:02:48
1655989375341436000,40.7,3,40.65,2,40.8,2,1,2022-06-23 13:02:55
1655989375341436000,40.8,2,40.65,2,40.8,2,1,2022-06-23 13:02:55
1655989407430675000,40.75,1,40.75,2,40.8,7,1,2022-06-23 13:03:27
1655989410653490000,40.75,1,40.75,1,40.8,7,2,2022-06-23 13:03:30
1655989426919580000,40.75,1,40.65,2,40.8,18,2,2022-06-23 13:03:46
1655989437338513000,40.75,1,41.0,18,41.05,2,1,2022-06-23 13:03:57
1655989437338513000,40.8,18,41.0,18,41.05,2,1,2022-06-23 13:03:57
1655989437338513000,40.95,2,41.0,18,41.05,2,1,2022-06-23 13:03:57
1655989437338513000,41.0,11,41.0,18,41.05,2,1,2022-06-23 13:03:57
1655989438056919000,41.0,1,41.0,17,41.05,2,2,2022-06-23 13:03:58
1655989464756002000,41.0,1,41.0,16,41.05,1,2,2022-06-23 13:04:24
1655989492249814000,41.1,1,41.0,16,41.3,3,2,2022-06-23 13:04:52
1655989496619249000,41.0,2,41.0,14,41.25,5,2,2022-06-23 13:04:56
1655989512934242000,41.0,1,41.0,13,41.25,3,2,2022-06-23 13:05:12
1655989520260392000,41.0,5,41.0,8,41.25,3,2,2022-06-23 13:05:20
1655989615863830000,41.05,1,41.05,6,41.2,1,2,2022-06-23 13:06:55
1655989698927854000,41.05,5,41.05,2,41.2,3,2,2022-06-23 13:08:18
1655989857645544000,41.1,1,41.05,5,41.1,4,1,2022-06-23 13:10:57
1655989861794002000,41.1,4,41.05,5,41.2,1,1,2022-06-23 13:11:01
1655989861794002000,41.2,1,41.05,5,41.2,1,1,2022-06-23 13:11:01
1655989880235098000,41.15,1,41.05,5,41.15,1,1,2022-06-23 13:11:20
1655989910833324000,41.15,1,41.05,5,41.25,5,1,2022-06-23 13:11:50
1655989921390958000,41.05,1,41.05,4,41.2,1,2,2022-06-23 13:12:01
1655990005371424000,41.05,1,41.05,4,41.15,7,2,2022-06-23 13:13:25
1655990024302176000,41.05,2,41.05,4,41.15,7,2,2022-06-23 13:13:44
1655990031227593000,41.05,3,41.05,2,41.15,7,2,2022-06-23 13:13:51
1655990039479816000,41.05,1,41.05,5,41.15,7,2,2022-06-23 13:13:59
1655990051650758000,41.05,1,41.05,4,41.15,7,2,2022-06-23 13:14:11
1655990062686839000,41.05,1,41.05,3,41.15,12,2,2022-06-23 13:14:22
1655990067774045000,41.05,1,41.05,3,41.15,12,2,2022-06-23 13:14:27
1655990070313143000,41.05,1,41.05,2,41.15,12,2,2022-06-23 13:14:30
1655990078837723000,41.05,1,41.05,1,41.15,12,2,2022-06-23 13:14:38
1655990106383595000,41.05,1,41.0,13,41.15,12,2,2022-06-23 13:15:06
1655990165729169000,41.05,1,41.05,2,41.1,4,2,2022-06-23 13:16:05
1655990172092307000,41.05,1,41.05,1,41.1,5,2,2022-06-23 13:16:12
1655990193059749000,41.05,2,41.05,1,41.1,5,2,2022-06-23 13:16:33
1655990199981956000,41.05,1,41.0,20,41.1,5,2,2022-06-23 13:16:39
1655990215601215000,41.05,1,41.0,20,41.1,4,2,2022-06-23 13:16:55
1655990229984032000,41.0,5,41.0,15,41.05,4,2,2022-06-23 13:17:09
1655990232163189000,41.05,1,41.0,15,41.05,3,1,2022-06-23 13:17:12
1655990237341120000,41.0,1,41.0,14,41.05,3,2,2022-06-23 13:17:17
1655990245179675000,41.05,1,41.0,14,41.05,9,1,2022-06-23 13:17:25
1655990280526158000,41.05,5,41.0,14,41.05,4,1,2022-06-23 13:18:00
1655990281584103000,41.05,4,41.0,19,41.1,4,1,2022-06-23 13:18:01
1655990292260747000,41.05,1,41.0,19,41.1,4,2,2022-06-23 13:18:12
1655990315038031000,41.05,1,41.0,17,41.1,4,2,2022-06-23 13:18:35
1655990335150513000,41.05,1,41.05,1,41.1,9,2,2022-06-23 13:18:55
1655990342601605000,41.05,1,41.05,2,41.1,9,2,2022-06-23 13:19:02
1655990356282523000,41.05,4,41.0,17,41.05,3,2,2022-06-23 13:19:16
1655990356321704000,41.05,1,41.0,17,41.05,2,1,2022-06-23 13:19:16
1655990356329120000,41.05,1,41.0,17,41.05,1,1,2022-06-23 13:19:16
1655990356333457000,41.05,1,41.0,17,41.1,9,1,2022-06-23 13:19:16
1655990376508157000,41.05,1,41.0,17,41.05,4,2,2022-06-23 13:19:36
1655990376665407000,41.05,1,41.0,17,41.05,3,1,2022-06-23 13:19:36
1655990376778605000,41.05,3,41.0,17,41.1,4,1,2022-06-23 13:19:36
1655990401860958000,41.05,1,41.0,17,41.05,6,1,2022-06-23 13:20:01
1655990402235923000,41.05,6,41.1,14,41.2,1,1,2022-06-23 13:20:02
1655990402235923000,41.1,4,41.1,14,41.2,1,1,2022-06-23 13:20:02
1655990406932423000,41.1,1,41.1,13,41.2,3,2,2022-06-23 13:20:06
1655990410098882000,41.15,1,41.15,5,41.2,3,1,2022-06-23 13:20:10
1655990412222608000,41.15,1,41.15,4,41.2,3,2,2022-06-23 13:20:12
1655990434111360000,41.15,2,41.15,4,41.2,2,2,2022-06-23 13:20:34
1655990458314841000,41.15,1,41.15,5,41.2,1,2,2022-06-23 13:20:58
1655990463855148000,41.15,1,41.15,5,41.2,1,2,2022-06-23 13:21:03
1655990478316485000,41.15,1,41.15,5,41.2,2,2,2022-06-23 13:21:18
1655990500504118000,41.15,4,41.15,2,41.2,2,2,2022-06-23 13:21:40
1655990501111101000,41.15,1,41.15,1,41.2,2,2,2022-06-23 13:21:41
1655990552472928000,41.15,2,41.15,2,41.2,6,2,2022-06-23 13:22:32
1655990554817209000,41.15,2,41.1,13,41.15,2,2,2022-06-23 13:22:34
1655990562460017000,41.15,1,41.1,13,41.15,3,1,2022-06-23 13:22:42
1655990589109200000,41.1,2,41.05,8,41.35,1,1,2022-06-23 13:23:09
1655990589109200000,41.15,6,41.05,8,41.35,1,1,2022-06-23 13:23:09
1655990589109200000,41.2,2,41.05,8,41.35,1,1,2022-06-23 13:23:09
1655990589109200000,41.25,2,41.05,8,41.35,1,1,2022-06-23 13:23:09
1655990589109200000,41.35,1,41.05,8,41.35,1,1,2022-06-23 13:23:09
1655990593533775000,41.35,1,41.05,8,41.4,2,1,2022-06-23 13:23:13
1655990632136663000,41.25,1,41.1,2,41.25,1,1,2022-06-23 13:23:52
1655990633348426000,41.1,2,41.0,6,41.25,1,2,2022-06-23 13:23:53
1655990633348426000,41.05,8,41.0,6,41.25,1,2,2022-06-23 13:23:53
1655990633348426000,41.0,6,41.0,6,41.25,1,2,2022-06-23 13:23:53
1655990641622350000,41.0,1,41.0,5,41.2,3,2,2022-06-23 13:24:01
1655990682074682000,41.0,1,41.0,10,41.1,1,2,2022-06-23 13:24:42
1655990697256072000,41.0,1,41.0,9,41.1,1,2,2022-06-23 13:24:57
1655990697494345000,41.0,5,41.0,4,41.1,1,2,2022-06-23 13:24:57
1655990698457965000,41.0,1,41.0,3,41.1,1,2,2022-06-23 13:24:58
1655991000000000000,41.05,147,41.05,4,41.1,1,1,2022-06-23 13:30:00
