ts,close,volume,bid_price,bid_volume,ask_price,ask_volume,tick_type,datetime
1655974804105030000,33.0,1635,32.95,10,33.0,52,1,2022-06-23 09:00:04
1655974804242971000,32.95,10,32.75,8,33.0,52,2,2022-06-23 09:00:04
1655974804242971000,32.75,2,32.75,8,33.0,52,2,2022-06-23 09:00:04
1655974804243631000,33.0,2,32.75,8,33.0,50,1,2022-06-23 09:00:04
1655974804270974000,33.0,1,32.75,8,33.0,49,1,2022-06-23 09:00:04
1655974804723937000,32.75,8,32.7,13,32.95,12,2,2022-06-23 09:00:04
1655974804723937000,32.7,2,32.7,13,32.95,12,2,2022-06-23 09:00:04
1655974804986249000,32.95,4,32.7,13,32.95,10,1,2022-06-23 09:00:04
1655974805229563000,32.75,2,32.75,2,32.95,10,2,2022-06-23 09:00:05
1655974805573573000,32.75,1,32.75,1,32.9,3,2,2022-06-23 09:00:05
1655974806182665000,32.75,1,32.7,12,32.9,3,2,2022-06-23 09:00:06
1655974806182665000,32.7,1,32.7,12,32.9,3,2,2022-06-23 09:00:06
1655974806474597000,32.9,1,32.75,2,32.9,2,1,2022-06-23 09:00:06
1655974806636139000,32.75,2,32.7,7,32.9,2,2,2022-06-23 09:00:06
1655974806636139000,32.7,5,32.7,7,32.9,2,2,2022-06-23 09:00:06
1655974806954049000,32.7,1,32.7,6,32.9,6,2,2022-06-23 09:00:06
1655974807581754000,32.85,1,32.75,2,33.0,57,1,2022-06-23 09:00:07
1655974807581754000,32.9,6,32.75,2,33.0,57,1,2022-06-23 09:00:07
1655974807581754000,32.95,3,32.75,2,33.0,57,1,2022-06-23 09:00:07
1655974807719922000,33.0,2,32.8,1,33.0,55,1,2022-06-23 09:00:07
1655974808347146000,32.8,1,32.75,5,33.0,59,2,2022-06-23 09:00:08
1655974808548759000,32.95,1,32.8,3,32.95,12,1,2022-06-23 09:00:08
1655974808697486000,32.85,1,32.8,3,32.95,12,2,2022-06-23 09:00:08
1655974809066664000,32.8,1,32.8,2,32.95,12,2,2022-06-23 09:00:09
1655974809246081000,32.95,5,32.8,4,32.95,17,1,2022-06-23 09:00:09
1655974809288736000,32.8,4,32.75,5,32.95,19,2,2022-06-23 09:00:09
1655974809288736000,32.75,1,32.75,5,32.95,19,2,2022-06-23 09:00:09
1655974809411324000,32.9,3,32.75,5,32.9,9,1,2022-06-23 09:00:09
1655974809479168000,32.9,3,32.8,3,32.9,6,1,2022-06-23 09:00:09
1655974809533973000,32.9,9,32.8,6,32.9,17,1,2022-06-23 09:00:09
1655974809540375000,32.8,6,32.75,1,32.9,17,2,2022-06-23 09:00:09
1655974809540375000,32.75,4,32.75,1,32.9,17,2,2022-06-23 09:00:09
1655974809672862000,32.8,5,32.8,1,32.9,17,2,2022-06-23 09:00:09
1655974809697495000,32.8,1,32.75,1,32.9,17,2,2022-06-23 09:00:09
1655974809727131000,32.75,1,32.7,3,32.9,17,2,2022-06-23 09:00:09
1655974810456100000,32.75,4,32.7,3,33.0,17,1,2022-06-23 09:00:10
1655974810456100000,32.85,13,32.7,3,33.0,17,1,2022-06-23 09:00:10
1655974810456100000,32.9,19,32.7,3,33.0,17,1,2022-06-23 09:00:10
1655974810456100000,32.95,24,32.7,3,33.0,17,1,2022-06-23 09:00:10
1655974810456100000,33.0,40,32.7,3,33.0,17,1,2022-06-23 09:00:10
1655974810587903000,32.75,2,32.75,11,33.0,17,2,2022-06-23 09:00:10
1655974810611203000,32.75,1,32.75,10,33.0,17,2,2022-06-23 09:00:10
1655974810668701000,32.85,2,32.75,10,32.9,3,1,2022-06-23 09:00:10
1655974811061182000,32.8,30,32.75,10,32.8,36,1,2022-06-23 09:00:11
1655974811091206000,32.8,9,32.75,10,32.8,27,1,2022-06-23 09:00:11
1655974811225996000,32.75,2,32.75,8,32.8,27,2,2022-06-23 09:00:11
1655974811257680000,32.75,1,32.75,7,32.8,27,2,2022-06-23 09:00:11
1655974811420782000,32.8,25,32.75,7,32.8,2,1,2022-06-23 09:00:11
1655974811443218000,32.8,2,32.75,7,32.9,3,1,2022-06-23 09:00:11
1655974811621419000,32.8,1,32.8,1,32.9,3,2,2022-06-23 09:00:11
1655974812027782000,32.9,1,32.8,5,32.9,2,1,2022-06-23 09:00:12
1655974812056813000,32.8,1,32.8,4,32.9,2,2,2022-06-23 09:00:12
1655974812113170000,32.9,2,32.8,4,32.95,13,1,2022-06-23 09:00:12
1655974812113170000,32.95,8,32.8,4,32.95,13,1,2022-06-23 09:00:12
1655974812212681000,32.95,13,32.8,4,33.0,84,1,2022-06-23 09:00:12
1655974812212681000,33.0,3,32.8,4,33.0,84,1,2022-06-23 09:00:12
1655974812227948000,32.8,1,32.8,3,33.0,84,2,2022-06-23 09:00:12
1655974812520271000,32.85,1,32.8,3,33.0,87,1,2022-06-23 09:00:12
1655974812615407000,33.0,1,32.85,2,33.0,87,1,2022-06-23 09:00:12
1655974812639267000,32.9,1,32.85,2,33.0,78,1,2022-06-23 09:00:12
1655974812639267000,33.0,9,32.85,2,33.0,78,1,2022-06-23 09:00:12
1655974812699340000,32.85,1,32.85,1,33.0,78,2,2022-06-23 09:00:12
1655974812728363000,32.85,1,32.8,3,33.0,78,2,2022-06-23 09:00:12
1655974812905409000,32.9,1,32.8,3,33.0,78,2,2022-06-23 09:00:12
1655974813052603000,32.8,8,32.75,16,33.0,78,2,2022-06-23 09:00:13
1655974813052603000,32.75,2,32.75,16,33.0,78,2,2022-06-23 09:00:13
1655974813357685000,32.95,1,32.75,17,33.0,78,1,2022-06-23 09:00:13
1655974814063414000,32.85,1,32.85,1,32.9,6,2,2022-06-23 09:00:14
1655974814105228000,32.85,1,32.8,16,32.85,2,2,2022-06-23 09:00:14
1655974814773255000,32.85,1,32.8,21,32.85,1,1,2022-06-23 09:00:14
1655974814809842000,32.85,1,32.8,21,32.9,12,1,2022-06-23 09:00:14
1655974814811467000,32.9,2,32.8,21,32.9,10,1,2022-06-23 09:00:14
1655974814828041000,32.9,1,32.8,21,32.9,9,1,2022-06-23 09:00:14
1655974815208095000,32.85,1,32.85,2,32.9,19,2,2022-06-23 09:00:15
1655974815346739000,32.85,1,32.85,2,32.9,19,2,2022-06-23 09:00:15
1655974815378215000,32.85,2,32.8,21,32.9,24,2,2022-06-23 09:00:15
1655974815458652000,32.8,1,32.8,20,32.9,24,2,2022-06-23 09:00:15
1655974815514114000,32.9,2,32.8,20,32.9,22,1,2022-06-23 09:00:15
1655974815552222000,32.8,2,32.8,18,32.9,22,2,2022-06-23 09:00:15
1655974815960946000,32.85,1,32.85,11,32.9,23,2,2022-06-23 09:00:15
1655974816262560000,32.85,1,32.85,10,32.9,23,2,2022-06-23 09:00:16
1655974816282374000,32.9,1,32.85,10,32.9,23,1,2022-06-23 09:00:16
1655974816412692000,32.9,3,32.85,10,32.9,20,1,2022-06-23 09:00:16
1655974816665859000,32.9,2,32.85,21,32.9,18,1,2022-06-23 09:00:16
1655974816681353000,32.9,3,32.85,21,32.9,17,1,2022-06-23 09:00:16
1655974816816545000,32.9,10,32.85,21,32.9,7,1,2022-06-23 09:00:16
1655974816950406000,32.9,1,32.85,22,32.9,6,1,2022-06-23 09:00:16
1655974816974815000,32.9,4,32.85,22,32.9,2,1,2022-06-23 09:00:16
1655974816995530000,32.9,2,32.85,22,32.95,28,1,2022-06-23 09:00:16
1655974817041814000,32.95,28,32.85,22,33.0,74,1,2022-06-23 09:00:17
1655974817041814000,33.0,2,32.85,22,33.0,74,1,2022-06-23 09:00:17
1655974817461832000,33.0,20,32.9,3,33.0,55,1,2022-06-23 09:00:17
1655974817694509000,32.95,6,32.9,3,33.0,52,1,2022-06-23 09:00:17
1655974817694509000,33.0,14,32.9,3,33.0,52,1,2022-06-23 09:00:17
1655974817726012000,33.0,1,32.9,3,33.0,51,1,2022-06-23 09:00:17
1655974817757100000,32.9,1,32.9,2,33.0,51,2,2022-06-23 09:00:17
1655974817770268000,32.95,2,32.9,6,33.0,51,2,2022-06-23 09:00:17
1655974817928014000,32.9,1,32.9,5,32.95,5,2,2022-06-23 09:00:17
1655974818051536000,32.95,3,32.9,15,32.95,2,1,2022-06-23 09:00:18
1655974818073151000,32.95,1,32.9,15,32.95,1,1,2022-06-23 09:00:18
1655974818074900000,32.9,5,32.9,10,32.95,1,2,2022-06-23 09:00:18
1655974818334396000,32.95,1,32.9,12,33.0,50,1,2022-06-23 09:00:18
1655974818334396000,33.0,1,32.9,12,33.0,50,1,2022-06-23 09:00:18
1655974818748893000,32.95,1,32.9,32,32.95,30,1,2022-06-23 09:00:18
1655974818822441000,32.9,1,32.9,32,32.95,30,2,2022-06-23 09:00:18
1655974818832759000,32.95,5,32.9,32,32.95,25,1,2022-06-23 09:00:18
1655974819001874000,32.95,1,32.9,32,32.95,24,1,2022-06-23 09:00:19
1655974819184900000,32.95,1,32.9,32,32.95,23,1,2022-06-23 09:00:19
1655974819199545000,32.9,1,32.9,31,32.95,23,2,2022-06-23 09:00:19
1655974819366585000,32.95,1,32.9,31,32.95,22,1,2022-06-23 09:00:19
1655974819573671000,32.95,1,32.9,31,32.95,21,1,2022-06-23 09:00:19
1655974819604766000,32.95,3,32.9,31,32.95,18,1,2022-06-23 09:00:19
1655974819774593000,32.95,5,32.9,33,32.95,16,1,2022-06-23 09:00:19
1655974819779596000,32.9,1,32.9,32,32.95,17,2,2022-06-23 09:00:19
1655974819817419000,32.9,3,32.9,29,32.95,17,2,2022-06-23 09:00:19
1655974819818969000,32.9,1,32.9,28,32.95,17,2,2022-06-23 09:00:19
1655974820237108000,32.9,33,32.85,23,32.95,17,2,2022-06-23 09:00:20
1655974820237108000,32.85,2,32.85,23,32.95,17,2,2022-06-23 09:00:20
1655974820395965000,32.95,10,32.85,24,32.95,7,1,2022-06-23 09:00:20
1655974820427252000,32.95,2,32.85,24,32.95,5,1,2022-06-23 09:00:20
1655974820674354000,32.9,1,32.85,24,32.95,5,1,2022-06-23 09:00:20
1655974821364050000,32.9,1,32.85,24,32.9,21,1,2022-06-23 09:00:21
1655974821559123000,32.9,1,32.85,24,32.9,20,1,2022-06-23 09:00:21
1655974821748603000,32.9,1,32.85,25,32.9,20,1,2022-06-23 09:00:21
1655974821761798000,32.85,2,32.85,23,32.9,20,2,2022-06-23 09:00:21
1655974821798075000,32.85,20,32.85,3,32.9,20,2,2022-06-23 09:00:21
1655974821810631000,32.85,3,32.8,36,32.9,20,2,2022-06-23 09:00:21
1655974821851825000,32.85,3,32.8,36,32.9,7,1,2022-06-23 09:00:21
1655974821851825000,32.9,13,32.8,36,32.9,7,1,2022-06-23 09:00:21
1655974821932903000,32.9,1,32.85,2,32.9,6,1,2022-06-23 09:00:21
1655974821963767000,32.85,2,32.8,36,32.85,13,2,2022-06-23 09:00:21
1655974822065488000,32.85,10,32.8,36,32.85,7,1,2022-06-23 09:00:22
1655974822069387000,32.8,2,32.8,34,32.85,7,2,2022-06-23 09:00:22
1655974822138500000,32.85,5,32.8,34,32.85,2,1,2022-06-23 09:00:22
1655974822248829000,32.85,1,32.8,34,32.85,21,1,2022-06-23 09:00:22
1655974822307421000,32.85,1,32.8,34,32.85,20,1,2022-06-23 09:00:22
1655974822476366000,32.85,1,32.8,34,32.85,19,1,2022-06-23 09:00:22
1655974822498479000,32.85,4,32.8,34,32.85,15,1,2022-06-23 09:00:22
1655974822583906000,32.85,1,32.8,34,32.85,14,1,2022-06-23 09:00:22
1655974822667663000,32.8,2,32.8,32,32.85,14,2,2022-06-23 09:00:22
1655974822705180000,32.85,1,32.8,32,32.85,16,1,2022-06-23 09:00:22
1655974822711936000,32.85,10,32.8,32,32.85,6,1,2022-06-23 09:00:22
1655974822728758000,32.8,14,32.8,18,32.85,6,2,2022-06-23 09:00:22
1655974822809715000,32.85,1,32.8,18,32.85,5,1,2022-06-23 09:00:22
1655974822813966000,32.85,3,32.8,18,32.85,2,1,2022-06-23 09:00:22
1655974822890138000,32.8,4,32.8,14,32.85,3,2,2022-06-23 09:00:22
1655974822994938000,32.8,1,32.8,13,32.85,3,2,2022-06-23 09:00:22
1655974823218650000,32.8,13,32.75,35,32.8,1,2,2022-06-23 09:00:23
1655974823551003000,32.75,10,32.75,25,32.8,4,2,2022-06-23 09:00:23
1655974823584699000,32.8,1,32.75,25,32.8,3,1,2022-06-23 09:00:23
1655974823596210000,32.8,1,32.75,25,32.8,2,1,2022-06-23 09:00:23
1655974823733318000,32.8,2,32.8,2,32.85,9,1,2022-06-23 09:00:23
1655974823823197000,32.8,2,32.75,25,32.8,8,2,2022-06-23 09:00:23
1655974824296802000,32.75,1,32.75,24,32.8,42,2,2022-06-23 09:00:24
1655974824326709000,32.8,1,32.75,24,32.8,41,1,2022-06-23 09:00:24
1655974824328193000,32.75,13,32.75,11,32.8,41,2,2022-06-23 09:00:24
1655974824335816000,32.75,1,32.75,10,32.8,41,2,2022-06-23 09:00:24
1655974824338295000,32.75,5,32.75,5,32.8,41,2,2022-06-23 09:00:24
1655974824358657000,32.75,5,32.7,53,32.8,41,2,2022-06-23 09:00:24
1655974824387315000,32.8,3,32.7,53,32.8,38,1,2022-06-23 09:00:24
1655974824412305000,32.8,10,32.7,53,32.8,28,1,2022-06-23 09:00:24
1655974824424684000,32.8,2,32.7,53,32.8,26,1,2022-06-23 09:00:24
1655974824437551000,32.8,1,32.7,53,32.8,25,1,2022-06-23 09:00:24
1655974824440738000,32.8,1,32.7,53,32.8,24,1,2022-06-23 09:00:24
1655974824528480000,32.8,1,32.7,53,32.8,23,1,2022-06-23 09:00:24
1655974824541479000,32.7,20,32.7,33,32.8,23,2,2022-06-23 09:00:24
1655974824649101000,32.7,2,32.7,31,32.8,29,2,2022-06-23 09:00:24
1655974824750147000,32.7,1,32.7,30,32.8,29,2,2022-06-23 09:00:24
1655974824852649000,32.75,1,32.75,3,32.8,30,1,2022-06-23 09:00:24
1655974824893265000,32.75,3,32.7,30,32.75,3,2,2022-06-23 09:00:24
1655974825108622000,32.75,1,32.7,30,32.75,4,1,2022-06-23 09:00:25
1655974825302326000,32.75,1,32.7,30,32.75,3,1,2022-06-23 09:00:25
1655974825308690000,32.75,1,32.7,30,32.75,2,1,2022-06-23 09:00:25
1655974825318150000,32.75,1,32.7,30,32.75,1,1,2022-06-23 09:00:25
1655974825461460000,32.75,1,32.7,40,32.75,2,1,2022-06-23 09:00:25
1655974825489716000,32.75,2,32.7,40,32.75,2,1,2022-06-23 09:00:25
1655974825529582000,32.7,1,32.7,39,32.75,3,2,2022-06-23 09:00:25
1655974825645815000,32.75,1,32.7,39,32.75,8,1,2022-06-23 09:00:25
1655974825703850000,32.7,1,32.7,38,32.75,8,2,2022-06-23 09:00:25
1655974825801532000,32.7,5,32.7,33,32.75,8,2,2022-06-23 09:00:25
1655974825922254000,32.7,1,32.7,32,32.75,8,2,2022-06-23 09:00:25
1655974826011188000,32.75,1,32.7,32,32.75,7,1,2022-06-23 09:00:26
1655974826289752000,32.75,2,32.7,32,32.75,11,1,2022-06-23 09:00:26
1655974826308362000,32.7,1,32.7,31,32.75,11,2,2022-06-23 09:00:26
1655974826314176000,32.75,2,32.7,31,32.75,9,1,2022-06-23 09:00:26
1655974826381003000,32.75,5,32.7,31,32.75,4,1,2022-06-23 09:00:26
1655974826414861000,32.75,4,32.7,31,32.8,46,1,2022-06-23 09:00:26
1655974826451068000,32.8,5,32.7,31,32.8,41,1,2022-06-23 09:00:26
1655974826743557000,32.7,3,32.7,28,32.75,2,2,2022-06-23 09:00:26
1655974826890218000,32.7,1,32.7,27,32.75,3,2,2022-06-23 09:00:26
1655974827045659000,32.7,1,32.7,28,32.75,4,2,2022-06-23 09:00:27
1655974827164978000,32.75,2,32.7,28,32.75,2,1,2022-06-23 09:00:27
1655974827205896000,32.7,1,32.7,27,32.75,2,2,2022-06-23 09:00:27
1655974827389123000,32.7,10,32.7,18,32.75,7,2,2022-06-23 09:00:27
1655974827391279000,32.7,2,32.7,16,32.75,7,2,2022-06-23 09:00:27
1655974827568458000,32.7,1,32.7,15,32.75,7,2,2022-06-23 09:00:27
1655974827977057000,32.75,1,32.7,16,32.75,13,1,2022-06-23 09:00:27
1655974828028818000,32.75,1,32.7,16,32.75,12,1,2022-06-23 09:00:28
1655974828055433000,32.75,2,32.7,16,32.75,10,1,2022-06-23 09:00:28
1655974828194826000,32.7,3,32.7,13,32.75,11,2,2022-06-23 09:00:28
1655974828401851000,32.7,2,32.7,11,32.75,14,2,2022-06-23 09:00:28
1655974828545324000,32.7,2,32.7,9,32.75,14,2,2022-06-23 09:00:28
1655974828744512000,32.7,5,32.7,4,32.75,14,2,2022-06-23 09:00:28
1655974828749556000,32.75,2,32.7,4,32.75,12,1,2022-06-23 09:00:28
1655974828768491000,32.7,4,32.65,43,32.75,12,2,2022-06-23 09:00:28
1655974828833330000,32.75,1,32.65,43,32.75,11,1,2022-06-23 09:00:28
1655974828960223000,32.7,2,32.7,19,32.75,11,2,2022-06-23 09:00:28
1655974828986852000,32.75,1,32.7,19,32.75,10,1,2022-06-23 09:00:28
1655974829010659000,32.75,1,32.7,19,32.75,9,1,2022-06-23 09:00:29
1655974829013725000,32.7,3,32.7,16,32.75,9,2,2022-06-23 09:00:29
1655974829078168000,32.75,2,32.7,16,32.75,7,1,2022-06-23 09:00:29
1655974829080693000,32.75,1,32.7,16,32.75,6,1,2022-06-23 09:00:29
1655974829182639000,32.75,5,32.7,17,32.75,1,1,2022-06-23 09:00:29
1655974829311671000,32.75,1,32.7,17,32.75,2,1,2022-06-23 09:00:29
1655974829502877000,32.7,3,32.7,14,32.75,3,2,2022-06-23 09:00:29
1655974829547728000,32.7,5,32.7,9,32.75,3,2,2022-06-23 09:00:29
1655974829570253000,32.75,1,32.7,9,32.75,2,1,2022-06-23 09:00:29
1655974829594862000,32.7,9,32.65,43,32.7,6,2,2022-06-23 09:00:29
1655974829623553000,32.7,1,32.65,43,32.7,5,1,2022-06-23 09:00:29
1655974829637560000,32.7,1,32.65,43,32.7,4,1,2022-06-23 09:00:29
1655974829687600000,32.7,4,32.65,43,32.7,1,1,2022-06-23 09:00:29
1655974829787639000,32.7,1,32.65,43,32.75,25,1,2022-06-23 09:00:29
1655974829787639000,32.75,9,32.65,43,32.75,25,1,2022-06-23 09:00:29
1655974829860233000,32.75,1,32.65,43,32.75,24,1,2022-06-23 09:00:29
1655974829941491000,32.7,1,32.65,43,32.75,23,1,2022-06-23 09:00:29
1655974829941491000,32.75,1,32.65,43,32.75,23,1,2022-06-23 09:00:29
1655974830211673000,32.7,2,32.65,43,32.75,23,1,2022-06-23 09:00:30
1655974830278072000,32.65,2,32.65,51,32.75,23,2,2022-06-23 09:00:30
1655974830516191000,32.75,10,32.7,1,32.75,17,1,2022-06-23 09:00:30
1655974830607303000,32.75,3,32.7,1,32.75,15,1,2022-06-23 09:00:30
1655974830909735000,32.7,1,32.7,5,32.75,19,2,2022-06-23 09:00:30
1655974831127660000,32.75,1,32.7,6,32.75,18,1,2022-06-23 09:00:31
1655974831228879000,32.7,3,32.7,3,32.75,17,2,2022-06-23 09:00:31
1655974831310519000,32.7,4,32.65,50,32.75,17,2,2022-06-23 09:00:31
1655974831310519000,32.65,6,32.65,50,32.75,17,2,2022-06-23 09:00:31
1655974831651213000,32.7,1,32.65,50,32.75,17,1,2022-06-23 09:00:31
1655974831704040000,32.65,2,32.65,49,32.75,17,2,2022-06-23 09:00:31
1655974831945067000,32.7,2,32.7,13,32.75,19,2,2022-06-23 09:00:31
1655974831965769000,32.75,1,32.7,13,32.75,18,1,2022-06-23 09:00:31
1655974832083864000,32.7,1,32.7,12,32.75,19,2,2022-06-23 09:00:32
1655974832134773000,32.7,1,32.7,11,32.75,19,2,2022-06-23 09:00:32
1655974832160316000,32.75,1,32.7,14,32.75,18,1,2022-06-23 09:00:32
1655974832179171000,32.7,1,32.7,13,32.75,18,2,2022-06-23 09:00:32
1655974832236442000,32.75,1,32.7,13,32.75,17,1,2022-06-23 09:00:32
1655974832315767000,32.7,2,32.7,11,32.75,17,2,2022-06-23 09:00:32
1655974832329169000,32.75,2,32.7,11,32.75,15,1,2022-06-23 09:00:32
1655974832508912000,32.7,10,32.7,1,32.75,15,2,2022-06-23 09:00:32
1655974832529933000,32.75,1,32.7,1,32.75,14,1,2022-06-23 09:00:32
1655974832663942000,32.75,1,32.7,9,32.75,13,1,2022-06-23 09:00:32
1655974832830460000,32.7,2,32.7,9,32.75,13,2,2022-06-23 09:00:32
1655974832941802000,32.7,2,32.7,7,32.75,13,2,2022-06-23 09:00:32
1655974832993887000,32.7,5,32.7,2,32.75,13,2,2022-06-23 09:00:32
1655974833059026000,32.7,2,32.65,36,32.75,14,2,2022-06-23 09:00:33
1655974833059026000,32.65,13,32.65,36,32.75,14,2,2022-06-23 09:00:33
1655974833193359000,32.75,5,32.7,12,32.75,9,1,2022-06-23 09:00:33
1655974833199626000,32.7,2,32.7,10,32.75,9,2,2022-06-23 09:00:33
1655974833293190000,32.75,1,32.7,10,32.75,8,1,2022-06-23 09:00:33
1655974833623541000,32.75,1,32.7,10,32.75,14,1,2022-06-23 09:00:33
1655974833792633000,32.7,1,32.7,10,32.75,14,2,2022-06-23 09:00:33
1655974834014036000,32.7,2,32.7,8,32.75,14,2,2022-06-23 09:00:34
1655974834222928000,32.7,3,32.7,6,32.75,14,2,2022-06-23 09:00:34
1655974834331083000,32.7,5,32.7,1,32.75,15,2,2022-06-23 09:00:34
1655974834540507000,32.7,1,32.65,41,32.75,17,2,2022-06-23 09:00:34
1655974834887181000,32.65,10,32.65,31,32.7,1,2,2022-06-23 09:00:34
1655974835102381000,32.7,1,32.65,31,32.7,1,1,2022-06-23 09:00:35
1655974835135238000,32.65,1,32.65,30,32.7,1,2,2022-06-23 09:00:35
1655974835393210000,32.7,1,32.65,30,32.7,3,1,2022-06-23 09:00:35
1655974835500969000,32.7,3,32.7,2,32.75,11,1,2022-06-23 09:00:35
1655974836134523000,32.7,2,32.65,25,32.75,14,2,2022-06-23 09:00:36
1655974836618133000,32.75,1,32.7,1,32.75,14,1,2022-06-23 09:00:36
1655974836634826000,32.7,1,32.65,25,32.7,9,2,2022-06-23 09:00:36
1655974836675626000,32.7,9,32.65,25,32.75,14,1,2022-06-23 09:00:36
1655974836896663000,32.7,2,32.65,25,32.7,12,1,2022-06-23 09:00:36
1655974836931176000,32.7,2,32.65,25,32.7,10,1,2022-06-23 09:00:36
1655974836950768000,32.7,1,32.65,25,32.7,9,1,2022-06-23 09:00:36
1655974837028989000,32.7,2,32.65,25,32.7,7,1,2022-06-23 09:00:37
1655974837145370000,32.7,5,32.65,25,32.7,4,1,2022-06-23 09:00:37
1655974837658094000,32.65,1,32.65,24,32.7,5,2,2022-06-23 09:00:37
1655974837687399000,32.7,2,32.65,24,32.7,3,1,2022-06-23 09:00:37
1655974837731907000,32.7,1,32.65,24,32.7,2,1,2022-06-23 09:00:37
1655974837964386000,32.7,1,32.65,24,32.7,3,1,2022-06-23 09:00:37
1655974838047566000,32.7,1,32.65,24,32.7,2,1,2022-06-23 09:00:38
1655974838127579000,32.7,2,32.7,8,32.75,28,1,2022-06-23 09:00:38
1655974838381819000,32.7,1,32.7,9,32.75,29,2,2022-06-23 09:00:38
1655974838389667000,32.75,10,32.7,9,32.75,19,1,2022-06-23 09:00:38
1655974838444027000,32.7,9,32.65,24,32.7,21,2,2022-06-23 09:00:38
1655974838692198000,32.7,5,32.65,7,32.7,19,1,2022-06-23 09:00:38
1655974838938497000,32.7,1,32.65,7,32.7,20,1,2022-06-23 09:00:38
1655974838963118000,32.65,4,32.65,3,32.7,20,2,2022-06-23 09:00:38
1655974839208385000,32.65,1,32.65,2,32.7,23,2,2022-06-23 09:00:39
1655974839210230000,32.7,4,32.65,2,32.7,19,1,2022-06-23 09:00:39
1655974839358388000,32.7,1,32.65,2,32.7,18,1,2022-06-23 09:00:39
1655974839382291000,32.65,2,32.6,12,32.7,18,2,2022-06-23 09:00:39
1655974839382291000,32.6,18,32.6,12,32.7,18,2,2022-06-23 09:00:39
1655974839558186000,32.6,1,32.6,11,32.7,23,2,2022-06-23 09:00:39
1655974839776925000,32.7,1,32.6,16,32.7,27,1,2022-06-23 09:00:39
1655974839833412000,32.7,10,32.6,16,32.7,27,1,2022-06-23 09:00:39
1655974840065727000,32.65,1,32.6,16,32.65,4,1,2022-06-23 09:00:40
1655974840116081000,32.65,1,32.6,17,32.65,3,1,2022-06-23 09:00:40
1655974840254495000,32.65,1,32.6,16,32.65,4,1,2022-06-23 09:00:40
1655974840357306000,32.6,3,32.6,13,32.65,7,2,2022-06-23 09:00:40
1655974840412220000,32.65,1,32.6,13,32.65,6,1,2022-06-23 09:00:40
1655974840489998000,32.65,1,32.6,13,32.65,5,1,2022-06-23 09:00:40
1655974840569069000,32.6,1,32.6,12,32.65,5,2,2022-06-23 09:00:40
1655974840611368000,32.6,2,32.6,12,32.65,5,2,2022-06-23 09:00:40
1655974840754668000,32.6,12,32.55,27,32.65,5,2,2022-06-23 09:00:40
1655974840754668000,32.55,3,32.55,27,32.65,5,2,2022-06-23 09:00:40
1655974840852171000,32.65,2,32.55,27,32.65,4,1,2022-06-23 09:00:40
1655974840881459000,32.65,1,32.55,27,32.65,3,1,2022-06-23 09:00:40
1655974840962998000,32.65,1,32.55,27,32.65,2,1,2022-06-23 09:00:40
1655974841104909000,32.6,3,32.55,27,32.6,27,1,2022-06-23 09:00:41
1655974841345411000,32.6,1,32.55,12,32.6,27,1,2022-06-23 09:00:41
1655974841370236000,32.6,5,32.55,12,32.6,22,1,2022-06-23 09:00:41
1655974841424227000,32.6,1,32.55,13,32.6,21,1,2022-06-23 09:00:41
1655974841626995000,32.6,6,32.55,12,32.6,15,1,2022-06-23 09:00:41
1655974841676096000,32.6,1,32.55,12,32.6,14,1,2022-06-23 09:00:41
1655974841712512000,32.6,1,32.55,13,32.6,13,1,2022-06-23 09:00:41
1655974842143272000,32.6,1,32.55,15,32.6,12,1,2022-06-23 09:00:42
1655974842476734000,32.6,9,32.55,15,32.6,3,1,2022-06-23 09:00:42
1655974842480901000,32.55,10,32.55,5,32.6,3,2,2022-06-23 09:00:42
1655974842527117000,32.6,1,32.55,5,32.6,2,1,2022-06-23 09:00:42
1655974842598376000,32.6,1,32.55,5,32.6,1,1,2022-06-23 09:00:42
1655974842642366000,32.6,1,32.55,5,32.65,99,1,2022-06-23 09:00:42
1655974842642366000,32.65,2,32.55,5,32.65,99,1,2022-06-23 09:00:42
1655974842881477000,32.55,5,32.5,59,32.6,2,2,2022-06-23 09:00:42
1655974842881477000,32.5,25,32.5,59,32.6,2,2,2022-06-23 09:00:42
1655974843089331000,32.6,1,32.5,59,32.6,3,1,2022-06-23 09:00:43
1655974843174209000,32.6,1,32.5,59,32.6,4,1,2022-06-23 09:00:43
1655974843316875000,32.55,1,32.55,19,32.6,7,2,2022-06-23 09:00:43
1655974843359816000,32.55,2,32.55,17,32.6,7,2,2022-06-23 09:00:43
1655974843601113000,32.6,1,32.55,37,32.6,16,1,2022-06-23 09:00:43
1655974843682120000,32.55,30,32.55,7,32.6,16,2,2022-06-23 09:00:43
1655974843719505000,32.55,7,32.5,59,32.6,16,2,2022-06-23 09:00:43
1655974843847150000,32.5,1,32.5,58,32.6,16,2,2022-06-23 09:00:43
1655974843907656000,32.55,1,32.5,58,32.6,19,1,2022-06-23 09:00:43
1655974843912399000,32.5,1,32.5,57,32.6,19,2,2022-06-23 09:00:43
1655974843984016000,32.6,1,32.55,1,32.6,18,1,2022-06-23 09:00:43
1655974844053113000,32.55,1,32.5,55,32.6,18,2,2022-06-23 09:00:44
1655974844053113000,32.5,2,32.5,55,32.6,18,2,2022-06-23 09:00:44
1655974844787075000,32.5,20,32.5,35,32.6,23,2,2022-06-23 09:00:44
1655974844805251000,32.6,1,32.5,35,32.6,22,1,2022-06-23 09:00:44
1655974844805497000,32.5,8,32.5,27,32.6,22,2,2022-06-23 09:00:44
1655974845021553000,32.6,1,32.55,5,32.6,21,1,2022-06-23 09:00:45
1655974845072654000,32.55,5,32.5,27,32.6,21,2,2022-06-23 09:00:45
1655974845117786000,32.6,1,32.5,27,32.6,20,1,2022-06-23 09:00:45
1655974845188561000,32.6,1,32.5,37,32.6,19,1,2022-06-23 09:00:45
1655974845220387000,32.6,5,32.5,37,32.6,14,1,2022-06-23 09:00:45
1655974845812396000,32.55,1,32.5,37,32.55,4,1,2022-06-23 09:00:45
1655974845823187000,32.5,3,32.5,34,32.55,4,2,2022-06-23 09:00:45
1655974845828240000,32.55,1,32.5,34,32.55,3,1,2022-06-23 09:00:45
1655974845852288000,32.55,1,32.5,39,32.55,2,1,2022-06-23 09:00:45
1655974845910587000,32.5,4,32.5,35,32.55,2,2,2022-06-23 09:00:45
1655974846086495000,32.5,2,32.5,33,32.55,2,2,2022-06-23 09:00:46
1655974846240325000,32.5,1,32.5,32,32.55,3,2,2022-06-23 09:00:46
1655974846471206000,32.55,3,32.55,7,32.6,22,1,2022-06-23 09:00:46
1655974846493086000,32.55,5,32.55,2,32.6,22,2,2022-06-23 09:00:46
1655974846692805000,32.55,1,32.55,1,32.6,22,2,2022-06-23 09:00:46
1655974846693672000,32.55,1,32.5,32,32.6,22,2,2022-06-23 09:00:46
1655974846730338000,32.5,1,32.5,32,32.6,22,2,2022-06-23 09:00:46
1655974846935335000,32.5,2,32.5,30,32.6,23,2,2022-06-23 09:00:46
1655974847391866000,32.55,2,32.5,30,32.55,18,1,2022-06-23 09:00:47
1655974847424750000,32.55,10,32.5,30,32.55,8,1,2022-06-23 09:00:47
1655974847447705000,32.5,4,32.5,26,32.55,8,2,2022-06-23 09:00:47
1655974847812642000,32.5,1,32.5,35,32.55,8,2,2022-06-23 09:00:47
1655974847897744000,32.5,1,32.5,34,32.55,8,2,2022-06-23 09:00:47
1655974847948256000,32.5,1,32.5,33,32.55,8,2,2022-06-23 09:00:47
1655974848120637000,32.55,1,32.5,33,32.55,7,1,2022-06-23 09:00:48
1655974848138377000,32.55,7,32.5,33,32.6,43,1,2022-06-23 09:00:48
1655974848138377000,32.6,3,32.5,33,32.6,43,1,2022-06-23 09:00:48
1655974848247042000,32.6,1,32.5,33,32.6,42,1,2022-06-23 09:00:48
1655974848294746000,32.5,1,32.5,33,32.6,42,2,2022-06-23 09:00:48
1655974848670854000,32.5,1,32.5,32,32.6,43,2,2022-06-23 09:00:48
1655974848741936000,32.5,42,32.45,51,32.5,8,2,2022-06-23 09:00:48
1655974848767195000,32.5,8,32.45,51,32.6,46,1,2022-06-23 09:00:48
1655974848795462000,32.45,1,32.45,50,32.5,1,2,2022-06-23 09:00:48
1655974849198901000,32.5,1,32.45,54,32.55,1,1,2022-06-23 09:00:49
1655974849198901000,32.55,1,32.45,54,32.55,1,1,2022-06-23 09:00:49
1655974849236335000,32.55,1,32.55,4,32.6,46,1,2022-06-23 09:00:49
1655974849298281000,32.55,2,32.55,2,32.6,46,2,2022-06-23 09:00:49
1655974849368901000,32.55,1,32.55,1,32.6,47,2,2022-06-23 09:00:49
1655974849962738000,32.55,1,32.5,6,32.6,48,2,2022-06-23 09:00:49
1655974849962738000,32.5,1,32.5,6,32.6,48,2,2022-06-23 09:00:49
1655974849981022000,32.5,1,32.5,5,32.6,48,2,2022-06-23 09:00:49
1655974850043176000,32.5,5,32.45,55,32.6,48,2,2022-06-23 09:00:50
1655974850213879000,32.5,20,32.5,30,32.55,5,2,2022-06-23 09:00:50
1655974850340417000,32.55,1,32.5,32,32.55,4,1,2022-06-23 09:00:50
1655974850354407000,32.5,3,32.5,29,32.55,4,2,2022-06-23 09:00:50
1655974850487286000,32.55,4,32.55,6,32.6,51,1,2022-06-23 09:00:50
1655974850571790000,32.55,1,32.55,5,32.6,51,2,2022-06-23 09:00:50
1655974850866100000,32.55,1,32.55,4,32.6,51,2,2022-06-23 09:00:50
1655974851188839000,32.55,6,32.55,9,32.6,51,2,2022-06-23 09:00:51
1655974851210358000,32.55,9,32.5,35,32.6,51,2,2022-06-23 09:00:51
1655974851210358000,32.5,21,32.5,35,32.6,51,2,2022-06-23 09:00:51
1655974851211997000,32.5,10,32.5,25,32.6,51,2,2022-06-23 09:00:51
1655974851326491000,32.55,15,32.45,55,32.6,51,2,2022-06-23 09:00:51
1655974851326491000,32.5,35,32.45,55,32.6,51,2,2022-06-23 09:00:51
1655974851461633000,32.55,1,32.55,2,32.6,51,2,2022-06-23 09:00:51
1655974851461892000,32.55,2,32.45,55,32.6,51,2,2022-06-23 09:00:51
1655974851676995000,32.55,4,32.45,55,32.6,56,2,2022-06-23 09:00:51
1655974851895172000,32.55,4,32.45,55,32.55,6,2,2022-06-23 09:00:51
1655974852188582000,32.5,1,32.45,55,32.55,22,1,2022-06-23 09:00:52
1655974852374574000,32.55,2,32.5,1,32.55,23,1,2022-06-23 09:00:52
1655974852376235000,32.55,1,32.5,1,32.55,22,1,2022-06-23 09:00:52
1655974852618499000,32.55,1,32.5,8,32.55,21,1,2022-06-23 09:00:52
1655974852658314000,32.55,5,32.5,8,32.55,16,1,2022-06-23 09:00:52
1655974852820188000,32.55,1,32.5,8,32.55,15,1,2022-06-23 09:00:52
1655974853003350000,32.5,5,32.5,3,32.55,16,2,2022-06-23 09:00:53
1655974853113305000,32.55,1,32.5,3,32.55,16,1,2022-06-23 09:00:53
1655974853177367000,32.5,3,32.45,26,32.55,16,2,2022-06-23 09:00:53
1655974853177367000,32.45,2,32.45,26,32.55,16,2,2022-06-23 09:00:53
1655974853187409000,32.55,1,32.45,26,32.55,15,1,2022-06-23 09:00:53
1655974853197832000,32.55,2,32.45,26,32.55,13,1,2022-06-23 09:00:53
1655974853331149000,32.45,1,32.45,25,32.55,13,2,2022-06-23 09:00:53
1655974853778885000,32.5,1,32.45,25,32.55,14,1,2022-06-23 09:00:53
1655974853903418000,32.55,8,32.5,3,32.55,6,1,2022-06-23 09:00:53
1655974854118934000,32.5,1,32.5,2,32.55,11,2,2022-06-23 09:00:54
1655974854198050000,32.55,1,32.5,2,32.55,11,1,2022-06-23 09:00:54
1655974854442297000,32.5,1,32.45,25,32.5,2,2,2022-06-23 09:00:54
1655974854635380000,32.5,2,32.45,25,32.5,1,1,2022-06-23 09:00:54
1655974855067001000,32.5,1,32.45,26,32.55,46,1,2022-06-23 09:00:55
1655974855175932000,32.5,1,32.45,26,32.55,46,2,2022-06-23 09:00:55
1655974856341542000,32.5,1,32.5,2,32.55,47,2,2022-06-23 09:00:56
1655974856440939000,32.5,1,32.5,1,32.55,52,2,2022-06-23 09:00:56
1655974856475618000,32.5,1,32.45,26,32.5,1,2,2022-06-23 09:00:56
1655974856563798000,32.5,1,32.5,29,32.55,52,1,2022-06-23 09:00:56
1655974856654880000,32.5,8,32.5,24,32.55,53,2,2022-06-23 09:00:56
1655974856785026000,32.55,1,32.5,24,32.55,52,1,2022-06-23 09:00:56
1655974856787937000,32.55,1,32.5,24,32.55,51,1,2022-06-23 09:00:56
1655974856862023000,32.5,2,32.5,22,32.55,51,2,2022-06-23 09:00:56
1655974856954795000,32.5,15,32.5,7,32.55,51,2,2022-06-23 09:00:56
1655974856959407000,32.55,3,32.5,7,32.55,48,1,2022-06-23 09:00:56
1655974856976959000,32.5,7,32.45,27,32.55,48,2,2022-06-23 09:00:56
1655974857050299000,32.55,2,32.45,27,32.55,46,1,2022-06-23 09:00:57
1655974857142351000,32.55,5,32.45,27,32.55,41,1,2022-06-23 09:00:57
1655974857451388000,32.5,2,32.45,27,32.5,2,2,2022-06-23 09:00:57
1655974857477395000,32.5,1,32.45,27,32.5,1,1,2022-06-23 09:00:57
1655974857508974000,32.5,1,32.45,28,32.55,42,1,2022-06-23 09:00:57
1655974857967646000,32.5,9,32.5,2,32.55,35,1,2022-06-23 09:00:57
1655974858355289000,32.5,2,32.45,28,32.5,1,2,2022-06-23 09:00:58
1655974858391891000,32.5,1,32.45,28,32.55,36,1,2022-06-23 09:00:58
1655974858391891000,32.55,4,32.45,28,32.55,36,1,2022-06-23 09:00:58
1655974858592683000,32.55,1,32.45,28,32.55,35,1,2022-06-23 09:00:58
1655974859163224000,32.45,1,32.45,27,32.5,1,2,2022-06-23 09:00:59
1655974859428571000,32.5,1,32.45,28,32.55,36,1,2022-06-23 09:00:59
1655974859521754000,32.55,2,32.45,27,32.55,34,1,2022-06-23 09:00:59
1655974859547019000,32.55,1,32.45,27,32.55,33,1,2022-06-23 09:00:59
1655974859641158000,32.5,1,32.45,27,32.55,33,1,2022-06-23 09:00:59
1655974859823956000,32.55,1,32.45,27,32.55,35,1,2022-06-23 09:00:59
1655974859876169000,32.45,1,32.45,26,32.55,37,2,2022-06-23 09:00:59
1655974860340313000,32.5,1,32.45,29,32.5,3,1,2022-06-23 09:01:00
1655974860841241000,32.5,1,32.45,34,32.5,9,1,2022-06-23 09:01:00
1655974861321382000,32.45,1,32.45,38,32.5,9,2,2022-06-23 09:01:01
1655974861559585000,32.5,1,32.45,40,32.5,8,1,2022-06-23 09:01:01
1655974861752924000,32.5,1,32.45,40,32.5,8,1,2022-06-23 09:01:01
1655974861782920000,32.5,8,32.45,41,32.55,44,1,2022-06-23 09:01:01
1655974861994512000,32.5,1,32.45,40,32.5,29,1,2022-06-23 09:01:01
1655974862054411000,32.5,1,32.45,50,32.5,28,1,2022-06-23 09:01:02
1655974862078801000,32.5,2,32.45,50,32.5,26,1,2022-06-23 09:01:02
1655974862677563000,32.45,1,32.45,50,32.5,39,2,2022-06-23 09:01:02
1655974862702964000,32.45,2,32.45,48,32.5,39,2,2022-06-23 09:01:02
1655974862830289000,32.5,3,32.45,48,32.5,37,1,2022-06-23 09:01:02
1655974862837083000,32.5,1,32.45,48,32.5,36,1,2022-06-23 09:01:02
1655974862899237000,32.5,10,32.45,48,32.5,26,1,2022-06-23 09:01:02
1655974862940744000,32.5,1,32.45,48,32.5,25,1,2022-06-23 09:01:02
1655974863082434000,32.45,3,32.45,45,32.5,27,2,2022-06-23 09:01:03
1655974863168169000,32.5,1,32.45,45,32.5,28,1,2022-06-23 09:01:03
1655974863284506000,32.5,1,32.45,45,32.5,30,1,2022-06-23 09:01:03
1655974863353809000,32.5,10,32.45,45,32.5,20,1,2022-06-23 09:01:03
1655974863373529000,32.5,22,32.5,3,32.55,56,1,2022-06-23 09:01:03
1655974863662841000,32.55,1,32.5,4,32.55,55,1,2022-06-23 09:01:03
1655974863701871000,32.5,2,32.5,2,32.55,55,2,2022-06-23 09:01:03
1655974863745727000,32.5,2,32.45,46,32.55,56,2,2022-06-23 09:01:03
1655974863762911000,32.5,1,32.45,45,32.55,56,2,2022-06-23 09:01:03
1655974863762911000,32.45,1,32.45,45,32.55,56,2,2022-06-23 09:01:03
1655974863945710000,32.5,6,32.45,22,32.55,56,2,2022-06-23 09:01:03
1655974863945710000,32.45,24,32.45,22,32.55,56,2,2022-06-23 09:01:03
1655974864471426000,32.5,2,32.45,25,32.5,3,2,2022-06-23 09:01:04
1655974864564384000,32.5,2,32.45,25,32.5,3,1,2022-06-23 09:01:04
1655974864678064000,32.5,1,32.45,25,32.5,2,1,2022-06-23 09:01:04
1655974864802501000,32.5,1,32.45,25,32.5,1,1,2022-06-23 09:01:04
1655974864837136000,32.5,1,32.45,26,32.55,67,1,2022-06-23 09:01:04
1655974864878055000,32.45,1,32.45,24,32.55,65,2,2022-06-23 09:01:04
1655974864886578000,32.55,2,32.45,24,32.55,63,1,2022-06-23 09:01:04
1655974864965781000,32.55,1,32.5,1,32.55,60,1,2022-06-23 09:01:04
1655974864993614000,32.5,1,32.45,24,32.55,60,2,2022-06-23 09:01:04
1655974865161793000,32.5,1,32.45,24,32.5,2,1,2022-06-23 09:01:05
1655974865192506000,32.5,2,32.45,25,32.55,60,1,2022-06-23 09:01:05
1655974865379840000,32.5,1,32.5,1,32.55,63,2,2022-06-23 09:01:05
1655974865531921000,32.5,1,32.45,25,32.55,64,2,2022-06-23 09:01:05
1655974866009449000,32.5,2,32.45,27,32.5,11,1,2022-06-23 09:01:06
1655974866040138000,32.5,8,32.45,27,32.5,3,1,2022-06-23 09:01:06
1655974866095017000,32.5,1,32.45,27,32.5,7,1,2022-06-23 09:01:06
1655974866114004000,32.5,4,32.45,28,32.5,3,1,2022-06-23 09:01:06
1655974866271256000,32.45,4,32.45,23,32.5,3,2,2022-06-23 09:01:06
1655974866561225000,32.5,1,32.45,26,32.5,32,1,2022-06-23 09:01:06
1655974866671041000,32.45,1,32.45,25,32.5,37,2,2022-06-23 09:01:06
1655974866840148000,32.5,1,32.45,25,32.5,40,1,2022-06-23 09:01:06
1655974867254202000,32.5,2,32.45,26,32.5,38,1,2022-06-23 09:01:07
1655974867477886000,32.5,1,32.45,26,32.5,37,1,2022-06-23 09:01:07
1655974867498180000,32.5,2,32.45,26,32.5,35,1,2022-06-23 09:01:07
1655974867517482000,32.45,1,32.45,25,32.5,35,2,2022-06-23 09:01:07
1655974867668450000,32.5,1,32.45,25,32.5,34,1,2022-06-23 09:01:07
1655974867756235000,32.45,10,32.45,15,32.5,36,2,2022-06-23 09:01:07
1655974867785532000,32.45,1,32.45,14,32.5,36,2,2022-06-23 09:01:07
1655974867847849000,32.5,2,32.45,14,32.5,34,1,2022-06-23 09:01:07
1655974867853855000,32.5,1,32.45,14,32.5,33,1,2022-06-23 09:01:07
1655974867955474000,32.5,1,32.45,15,32.5,33,1,2022-06-23 09:01:07
1655974867957254000,32.45,2,32.45,13,32.5,33,2,2022-06-23 09:01:07
1655974868249558000,32.5,1,32.45,13,32.5,33,1,2022-06-23 09:01:08
1655974868411693000,32.45,1,32.45,12,32.5,34,2,2022-06-23 09:01:08
1655974868422150000,32.5,1,32.45,12,32.5,33,1,2022-06-23 09:01:08
1655974868628480000,32.45,1,32.45,11,32.5,33,2,2022-06-23 09:01:08
1655974868633438000,32.45,5,32.45,6,32.5,33,2,2022-06-23 09:01:08
1655974868639443000,32.45,1,32.45,5,32.5,33,2,2022-06-23 09:01:08
1655974868651172000,32.45,4,32.45,1,32.5,33,2,2022-06-23 09:01:08
1655974868674597000,32.45,1,32.4,19,32.5,33,2,2022-06-23 09:01:08
1655974868725295000,32.45,1,32.4,19,32.5,32,1,2022-06-23 09:01:08
1655974868725295000,32.5,1,32.4,19,32.5,32,1,2022-06-23 09:01:08
1655974868903740000,32.5,1,32.45,1,32.5,31,1,2022-06-23 09:01:08
1655974868983626000,32.45,1,32.4,19,32.5,31,2,2022-06-23 09:01:08
1655974869077297000,32.45,1,32.4,22,32.45,4,1,2022-06-23 09:01:09
1655974869214777000,32.45,1,32.4,22,32.45,3,1,2022-06-23 09:01:09
1655974869441870000,32.45,1,32.4,22,32.45,39,1,2022-06-23 09:01:09
1655974869714696000,32.45,2,32.4,22,32.45,45,1,2022-06-23 09:01:09
1655974869885694000,32.45,1,32.4,22,32.45,45,1,2022-06-23 09:01:09
1655974869947933000,32.45,1,32.4,22,32.45,44,1,2022-06-23 09:01:09
1655974870292672000,32.45,1,32.4,22,32.45,45,1,2022-06-23 09:01:10
1655974870376043000,32.4,1,32.4,21,32.45,45,2,2022-06-23 09:01:10
1655974870648045000,32.4,1,32.4,20,32.45,45,2,2022-06-23 09:01:10
1655974870674376000,32.45,10,32.4,20,32.45,35,1,2022-06-23 09:01:10
1655974870711989000,32.4,1,32.4,19,32.45,35,2,2022-06-23 09:01:10
1655974870761773000,32.4,1,32.4,20,32.45,35,2,2022-06-23 09:01:10
1655974870792544000,32.4,1,32.4,19,32.45,35,2,2022-06-23 09:01:10
1655974870865648000,32.45,1,32.4,19,32.45,34,1,2022-06-23 09:01:10
1655974870951203000,32.45,5,32.4,19,32.45,29,1,2022-06-23 09:01:10
1655974871168078000,32.45,1,32.4,19,32.45,28,1,2022-06-23 09:01:11
1655974871422766000,32.45,1,32.4,20,32.45,27,1,2022-06-23 09:01:11
1655974871712347000,32.4,1,32.4,19,32.45,27,2,2022-06-23 09:01:11
1655974871995916000,32.45,10,32.4,19,32.45,22,1,2022-06-23 09:01:11
1655974872023484000,32.4,19,32.35,13,32.4,1,2,2022-06-23 09:01:12
1655974872056029000,32.4,1,32.35,13,32.45,22,1,2022-06-23 09:01:12
1655974872056980000,32.35,1,32.35,12,32.45,22,2,2022-06-23 09:01:12
1655974872064750000,32.45,2,32.35,12,32.45,20,1,2022-06-23 09:01:12
1655974872124233000,32.45,1,32.35,12,32.45,19,1,2022-06-23 09:01:12
1655974872347880000,32.45,10,32.35,12,32.45,8,1,2022-06-23 09:01:12
1655974872482192000,32.4,1,32.35,12,32.45,5,1,2022-06-23 09:01:12
1655974872482192000,32.45,4,32.35,12,32.45,5,1,2022-06-23 09:01:12
1655974872498512000,32.45,5,32.35,12,32.5,42,1,2022-06-23 09:01:12
1655974872498512000,32.5,1,32.35,12,32.5,42,1,2022-06-23 09:01:12
1655974872578659000,32.5,10,32.35,12,32.5,32,1,2022-06-23 09:01:12
1655974872757895000,32.4,1,32.35,12,32.4,4,1,2022-06-23 09:01:12
1655974872786550000,32.4,4,32.35,12,32.5,43,1,2022-06-23 09:01:12
1655974872960810000,32.5,2,32.35,12,32.5,41,1,2022-06-23 09:01:12
1655974873152764000,32.35,5,32.35,7,32.45,2,2,2022-06-23 09:01:13
1655974873566522000,32.4,1,32.4,1,32.45,2,2,2022-06-23 09:01:13
1655974873669785000,32.45,2,32.4,1,32.5,41,1,2022-06-23 09:01:13
1655974873944849000,32.45,4,32.4,2,32.45,1,2,2022-06-23 09:01:13
1655974874208425000,32.4,2,32.35,7,32.45,1,2,2022-06-23 09:01:14
1655974874394801000,32.4,1,32.35,7,32.4,1,1,2022-06-23 09:01:14
1655974874588003000,32.4,1,32.35,12,32.45,3,1,2022-06-23 09:01:14
1655974875246900000,32.4,10,32.4,11,32.45,9,2,2022-06-23 09:01:15
1655974875269376000,32.4,2,32.4,9,32.45,9,2,2022-06-23 09:01:15
1655974875277963000,32.4,2,32.4,7,32.45,9,2,2022-06-23 09:01:15
1655974875282349000,32.4,1,32.4,6,32.45,9,2,2022-06-23 09:01:15
1655974875283676000,32.4,1,32.4,5,32.45,9,2,2022-06-23 09:01:15
1655974875317828000,32.4,5,32.35,22,32.45,10,2,2022-06-23 09:01:15
1655974875362776000,32.45,1,32.35,22,32.45,9,1,2022-06-23 09:01:15
1655974875410146000,32.35,10,32.35,12,32.45,9,2,2022-06-23 09:01:15
1655974875579437000,32.4,1,32.35,24,32.45,9,1,2022-06-23 09:01:15
1655974875711855000,32.4,1,32.35,36,32.45,8,1,2022-06-23 09:01:15
1655974875711855000,32.45,1,32.35,36,32.45,8,1,2022-06-23 09:01:15
1655974876017355000,32.45,10,32.35,37,32.5,50,1,2022-06-23 09:01:16
1655974876056738000,32.4,1,32.4,1,32.45,1,2,2022-06-23 09:01:16
1655974876243699000,32.4,2,32.35,47,32.45,1,2,2022-06-23 09:01:16
1655974876409211000,32.45,1,32.4,13,32.5,50,1,2022-06-23 09:01:16
1655974876428058000,32.4,5,32.4,8,32.5,50,2,2022-06-23 09:01:16
1655974876552034000,32.45,3,32.4,13,32.5,50,1,2022-06-23 09:01:16
1655974877161215000,32.5,1,32.4,43,32.5,60,1,2022-06-23 09:01:17
1655974877230672000,32.45,5,32.4,43,32.5,61,1,2022-06-23 09:01:17
1655974877296895000,32.4,10,32.4,33,32.5,61,2,2022-06-23 09:01:17
1655974877382768000,32.45,2,32.4,33,32.45,2,1,2022-06-23 09:01:17
1655974877392099000,32.45,2,32.4,33,32.5,49,1,2022-06-23 09:01:17
1655974877392099000,32.5,12,32.4,33,32.5,49,1,2022-06-23 09:01:17
1655974877480002000,32.4,4,32.4,29,32.5,49,2,2022-06-23 09:01:17
1655974877617665000,32.5,14,32.45,2,32.5,35,1,2022-06-23 09:01:17
1655974877797847000,32.45,1,32.45,3,32.5,35,2,2022-06-23 09:01:17
1655974877937043000,32.5,4,32.45,3,32.5,31,1,2022-06-23 09:01:17
1655974878250915000,32.45,1,32.45,7,32.5,31,2,2022-06-23 09:01:18
1655974878390421000,32.5,16,32.45,7,32.5,15,1,2022-06-23 09:01:18
1655974878420474000,32.5,10,32.45,11,32.5,5,1,2022-06-23 09:01:18
1655974878420757000,32.5,5,32.45,11,32.55,60,1,2022-06-23 09:01:18
1655974878694511000,32.5,1,32.45,11,32.5,4,1,2022-06-23 09:01:18
1655974878729292000,32.5,1,32.45,11,32.5,3,1,2022-06-23 09:01:18
1655974878976483000,32.5,1,32.45,13,32.5,2,1,2022-06-23 09:01:18
1655974878979602000,32.5,2,32.45,13,32.55,52,1,2022-06-23 09:01:18
1655974878979602000,32.55,8,32.45,13,32.55,52,1,2022-06-23 09:01:18
1655974879007728000,32.5,2,32.45,13,32.55,52,1,2022-06-23 09:01:19
1655974879052314000,32.45,1,32.45,12,32.55,52,2,2022-06-23 09:01:19
1655974879825817000,32.45,2,32.45,33,32.5,9,2,2022-06-23 09:01:19
1655974880155805000,32.5,10,32.45,37,32.55,54,1,2022-06-23 09:01:20
1655974880180293000,32.5,1,32.45,36,32.55,54,2,2022-06-23 09:01:20
1655974880180293000,32.45,1,32.45,36,32.55,54,2,2022-06-23 09:01:20
1655974880297535000,32.5,4,32.45,36,32.55,54,2,2022-06-23 09:01:20
1655974880414505000,32.45,1,32.45,35,32.55,54,2,2022-06-23 09:01:20
1655974880494282000,32.5,1,32.45,35,32.5,1,1,2022-06-23 09:01:20
1655974880955093000,32.45,1,32.45,33,32.5,16,2,2022-06-23 09:01:20
1655974881975317000,32.5,1,32.45,39,32.5,16,1,2022-06-23 09:01:21
1655974882006470000,32.45,1,32.45,38,32.5,16,2,2022-06-23 09:01:22
1655974882315654000,32.45,2,32.45,37,32.5,16,2,2022-06-23 09:01:22
1655974882374062000,32.45,5,32.45,34,32.5,16,2,2022-06-23 09:01:22
1655974882434470000,32.5,1,32.45,34,32.5,18,1,2022-06-23 09:01:22
1655974882988964000,32.5,1,32.45,46,32.5,27,1,2022-06-23 09:01:22
1655974883306089000,32.5,1,32.45,61,32.5,26,1,2022-06-23 09:01:23
1655974883335893000,32.5,2,32.45,61,32.5,24,1,2022-06-23 09:01:23
1655974883469943000,32.5,10,32.45,61,32.5,14,1,2022-06-23 09:01:23
1655974883515352000,32.45,1,32.45,60,32.5,14,2,2022-06-23 09:01:23
1655974883731776000,32.5,4,32.45,61,32.5,10,1,2022-06-23 09:01:23
1655974883738779000,32.5,4,32.45,61,32.5,6,1,2022-06-23 09:01:23
1655974883768748000,32.5,2,32.45,61,32.5,4,1,2022-06-23 09:01:23
1655974883914199000,32.5,1,32.45,72,32.5,3,1,2022-06-23 09:01:23
1655974883943348000,32.5,3,32.45,72,32.55,56,1,2022-06-23 09:01:23
1655974883943348000,32.55,2,32.45,72,32.55,56,1,2022-06-23 09:01:23
1655974884132030000,32.55,50,32.45,73,32.55,6,1,2022-06-23 09:01:24
1655974884160248000,32.55,6,32.45,73,32.6,54,1,2022-06-23 09:01:24
1655974884282784000,32.5,1,32.45,73,32.5,1,1,2022-06-23 09:01:24
1655974884313901000,32.5,1,32.45,73,32.6,54,1,2022-06-23 09:01:24
1655974884657690000,32.5,4,32.45,73,32.5,16,2,2022-06-23 09:01:24
1655974884687187000,32.45,1,32.45,72,32.5,16,2,2022-06-23 09:01:24
1655974884688756000,32.45,1,32.45,71,32.5,16,2,2022-06-23 09:01:24
1655974884689694000,32.45,1,32.45,70,32.5,16,2,2022-06-23 09:01:24
1655974884798305000,32.5,1,32.45,72,32.5,15,1,2022-06-23 09:01:24
1655974884946613000,32.5,1,32.45,75,32.5,14,1,2022-06-23 09:01:24
1655974885033339000,32.5,3,32.45,75,32.5,11,1,2022-06-23 09:01:25
1655974885185257000,32.5,10,32.45,77,32.5,1,1,2022-06-23 09:01:25
1655974885202165000,32.5,1,32.45,77,32.55,5,1,2022-06-23 09:01:25
1655974885215300000,32.5,1,32.5,9,32.55,5,1,2022-06-23 09:01:25
1655974885442333000,32.55,1,32.5,10,32.55,5,1,2022-06-23 09:01:25
1655974885465887000,32.5,10,32.45,71,32.55,5,2,2022-06-23 09:01:25
1655974885486859000,32.45,1,32.45,70,32.55,5,2,2022-06-23 09:01:25
1655974885548524000,32.5,1,32.45,71,32.55,4,1,2022-06-23 09:01:25
1655974886058057000,32.5,3,32.5,12,32.55,8,2,2022-06-23 09:01:26
1655974886087148000,32.55,8,32.5,12,32.6,57,1,2022-06-23 09:01:26
1655974886612575000,32.55,1,32.5,14,32.55,4,1,2022-06-23 09:01:26
1655974887146887000,32.55,1,32.5,24,32.55,3,1,2022-06-23 09:01:27
1655974887371575000,32.55,1,32.5,31,32.55,2,1,2022-06-23 09:01:27
1655974887397795000,32.55,2,32.5,31,32.6,69,1,2022-06-23 09:01:27
1655974887446108000,32.5,1,32.5,30,32.6,69,2,2022-06-23 09:01:27
1655974887499537000,32.55,1,32.55,15,32.6,69,2,2022-06-23 09:01:27
1655974887511073000,32.55,6,32.55,9,32.6,66,2,2022-06-23 09:01:27
1655974887547365000,32.6,2,32.55,9,32.6,64,1,2022-06-23 09:01:27
1655974887557449000,32.55,5,32.55,4,32.6,64,2,2022-06-23 09:01:27
1655974887671894000,32.55,4,32.5,34,32.55,1,2,2022-06-23 09:01:27
1655974887746361000,32.5,5,32.5,25,32.55,1,2,2022-06-23 09:01:27
1655974887763859000,32.5,1,32.5,24,32.55,1,2,2022-06-23 09:01:27
1655974887996790000,32.55,1,32.5,24,32.55,1,1,2022-06-23 09:01:27
1655974888240285000,32.5,1,32.5,24,32.55,6,2,2022-06-23 09:01:28
1655974888286799000,32.55,3,32.5,24,32.55,3,1,2022-06-23 09:01:28
1655974888921046000,32.55,3,32.5,34,32.6,56,1,2022-06-23 09:01:28
1655974888921046000,32.6,7,32.5,34,32.6,56,1,2022-06-23 09:01:28
1655974888973745000,32.6,1,32.5,34,32.6,55,1,2022-06-23 09:01:28
1655974888990287000,32.6,35,32.5,34,32.6,20,1,2022-06-23 09:01:28
1655974889023648000,32.6,20,32.5,34,32.65,60,1,2022-06-23 09:01:29
1655974889372228000,32.55,1,32.5,28,32.55,9,1,2022-06-23 09:01:29
1655974889424514000,32.55,2,32.5,28,32.55,7,1,2022-06-23 09:01:29
1655974889913046000,32.55,3,32.5,28,32.55,5,1,2022-06-23 09:01:29
1655974889991900000,32.55,6,32.55,4,32.65,50,1,2022-06-23 09:01:29
1655974890032384000,32.6,1,32.55,4,32.65,50,1,2022-06-23 09:01:30
1655974890353389000,32.55,1,32.55,4,32.6,10,2,2022-06-23 09:01:30
1655974890383682000,32.55,1,32.55,3,32.6,10,2,2022-06-23 09:01:30
1655974890486438000,32.6,1,32.55,14,32.6,12,1,2022-06-23 09:01:30
1655974891589497000,32.6,1,32.55,35,32.6,11,1,2022-06-23 09:01:31
1655974891672489000,32.6,1,32.55,35,32.6,10,1,2022-06-23 09:01:31
1655974891944994000,32.6,3,32.55,37,32.6,7,1,2022-06-23 09:01:31
1655974891947472000,32.55,2,32.55,35,32.6,7,2,2022-06-23 09:01:31
1655974892257903000,32.6,1,32.55,38,32.6,6,1,2022-06-23 09:01:32
1655974892334935000,32.55,1,32.55,37,32.6,6,2,2022-06-23 09:01:32
1655974892360262000,32.55,1,32.55,32,32.6,6,2,2022-06-23 09:01:32
1655974892432878000,32.6,2,32.55,32,32.6,4,1,2022-06-23 09:01:32
1655974892455958000,32.6,3,32.55,32,32.6,1,1,2022-06-23 09:01:32
1655974892779757000,32.55,2,32.55,30,32.6,1,2,2022-06-23 09:01:32
1655974892783873000,32.55,1,32.55,29,32.6,1,2,2022-06-23 09:01:32
1655974893001005000,32.55,1,32.55,28,32.6,3,2,2022-06-23 09:01:33
1655974893174060000,32.55,1,32.55,27,32.6,4,2,2022-06-23 09:01:33
1655974893251940000,32.6,4,32.6,1,32.65,54,1,2022-06-23 09:01:33
1655974893971096000,32.6,2,32.6,6,32.65,54,2,2022-06-23 09:01:33
1655974894091397000,32.6,6,32.55,31,32.6,4,2,2022-06-23 09:01:34
1655974894445772000,32.6,4,32.55,32,32.65,48,1,2022-06-23 09:01:34
1655974894445772000,32.65,6,32.55,32,32.65,48,1,2022-06-23 09:01:34
1655974894467024000,32.65,1,32.55,32,32.65,47,1,2022-06-23 09:01:34
1655974894781508000,32.65,1,32.6,4,32.65,51,1,2022-06-23 09:01:34
1655974895268566000,32.65,2,32.6,8,32.65,49,1,2022-06-23 09:01:35
1655974895356823000,32.6,3,32.6,6,32.65,49,2,2022-06-23 09:01:35
1655974896034285000,32.65,3,32.6,9,32.65,43,1,2022-06-23 09:01:36
1655974896180217000,32.6,1,32.6,12,32.65,43,2,2022-06-23 09:01:36
1655974896408621000,32.6,1,32.6,11,32.65,43,2,2022-06-23 09:01:36
1655974896637339000,32.65,2,32.6,18,32.65,41,1,2022-06-23 09:01:36
1655974897306663000,32.6,5,32.6,11,32.65,43,2,2022-06-23 09:01:37
1655974897349501000,32.6,5,32.6,6,32.65,43,2,2022-06-23 09:01:37
1655974897919490000,32.65,5,32.6,17,32.65,38,1,2022-06-23 09:01:37
1655974897938183000,32.65,5,32.6,17,32.65,38,1,2022-06-23 09:01:37
1655974897975219000,32.65,10,32.6,17,32.65,28,1,2022-06-23 09:01:37
1655974898045054000,32.6,10,32.6,17,32.65,28,2,2022-06-23 09:01:38
1655974898063175000,32.6,1,32.6,16,32.65,28,2,2022-06-23 09:01:38
1655974898075705000,32.65,1,32.6,16,32.65,27,1,2022-06-23 09:01:38
1655974898219233000,32.6,10,32.6,6,32.65,27,2,2022-06-23 09:01:38
1655974898254326000,32.6,1,32.6,6,32.65,27,2,2022-06-23 09:01:38
1655974898316901000,32.6,1,32.6,6,32.65,27,2,2022-06-23 09:01:38
1655974898379208000,32.65,1,32.6,6,32.65,26,1,2022-06-23 09:01:38
1655974898480961000,32.65,15,32.6,6,32.65,11,1,2022-06-23 09:01:38
1655974898576052000,32.65,1,32.6,6,32.65,10,1,2022-06-23 09:01:38
1655974898964818000,32.65,1,32.6,11,32.65,10,1,2022-06-23 09:01:38
1655974899014182000,32.6,1,32.6,10,32.65,10,2,2022-06-23 09:01:39
1655974899032862000,32.6,1,32.6,9,32.65,10,2,2022-06-23 09:01:39
1655974899081431000,32.65,1,32.6,9,32.65,9,1,2022-06-23 09:01:39
1655974899949398000,32.65,5,32.6,21,32.65,10,1,2022-06-23 09:01:39
1655974899971133000,32.65,1,32.6,22,32.65,9,1,2022-06-23 09:01:39
1655974900229658000,32.6,1,32.6,21,32.65,11,2,2022-06-23 09:01:40
1655974900543789000,32.65,1,32.6,26,32.65,17,1,2022-06-23 09:01:40
1655974900564039000,32.6,3,32.6,23,32.65,17,2,2022-06-23 09:01:40
1655974900671630000,32.6,10,32.6,13,32.65,17,2,2022-06-23 09:01:40
1655974900686525000,32.65,3,32.6,13,32.65,14,1,2022-06-23 09:01:40
1655974900701770000,32.6,1,32.6,12,32.65,14,2,2022-06-23 09:01:40
1655974900703513000,32.6,1,32.6,11,32.65,14,2,2022-06-23 09:01:40
1655974900704029000,32.6,1,32.6,10,32.65,14,2,2022-06-23 09:01:40
1655974901067594000,32.65,1,32.6,20,32.65,18,1,2022-06-23 09:01:41
1655974901398719000,32.65,1,32.6,24,32.65,31,1,2022-06-23 09:01:41
1655974901400803000,32.65,6,32.6,24,32.65,25,1,2022-06-23 09:01:41
1655974901494928000,32.65,5,32.6,24,32.65,20,1,2022-06-23 09:01:41
1655974901892761000,32.6,1,32.6,23,32.65,20,2,2022-06-23 09:01:41
1655974901896528000,32.65,1,32.6,23,32.65,19,1,2022-06-23 09:01:41
1655974901938252000,32.6,5,32.6,18,32.65,19,2,2022-06-23 09:01:41
1655974902121487000,32.65,2,32.6,19,32.65,17,1,2022-06-23 09:01:42
1655974902169271000,32.65,1,32.6,19,32.65,16,1,2022-06-23 09:01:42
1655974902226183000,32.65,1,32.6,19,32.65,15,1,2022-06-23 09:01:42
1655974902595207000,32.65,1,32.6,19,32.65,17,1,2022-06-23 09:01:42
1655974902679549000,32.65,3,32.6,19,32.65,14,1,2022-06-23 09:01:42
1655974902794764000,32.6,3,32.6,18,32.65,20,2,2022-06-23 09:01:42
1655974902835755000,32.65,4,32.6,18,32.65,16,1,2022-06-23 09:01:42
1655974902847609000,32.65,1,32.6,18,32.65,15,1,2022-06-23 09:01:42
1655974903298523000,32.65,1,32.6,18,32.65,19,1,2022-06-23 09:01:43
1655974903388455000,32.65,1,32.6,18,32.65,18,1,2022-06-23 09:01:43
1655974903414153000,32.6,1,32.6,17,32.65,18,2,2022-06-23 09:01:43
1655974903570207000,32.65,1,32.6,17,32.65,18,1,2022-06-23 09:01:43
1655974903630749000,32.65,5,32.6,18,32.65,14,1,2022-06-23 09:01:43
1655974903643206000,32.65,3,32.6,18,32.65,11,1,2022-06-23 09:01:43
1655974903699448000,32.65,1,32.6,18,32.65,10,1,2022-06-23 09:01:43
1655974903827155000,32.6,1,32.6,18,32.65,10,2,2022-06-23 09:01:43
1655974903948555000,32.65,1,32.6,18,32.65,11,1,2022-06-23 09:01:43
1655974904004089000,32.6,3,32.6,15,32.65,11,2,2022-06-23 09:01:44
1655974904233832000,32.65,1,32.6,16,32.65,10,1,2022-06-23 09:01:44
1655974904338890000,32.65,1,32.6,16,32.65,11,1,2022-06-23 09:01:44
1655974904385101000,32.65,1,32.6,16,32.65,10,1,2022-06-23 09:01:44
1655974905169305000,32.65,1,32.6,17,32.65,13,1,2022-06-23 09:01:45
1655974905212401000,32.6,5,32.6,12,32.65,13,2,2022-06-23 09:01:45
1655974905246027000,32.65,10,32.6,12,32.65,3,1,2022-06-23 09:01:45
1655974905348602000,32.65,2,32.6,13,32.65,1,1,2022-06-23 09:01:45
1655974905408519000,32.65,1,32.6,13,32.7,54,1,2022-06-23 09:01:45
1655974905408519000,32.7,4,32.6,13,32.7,54,1,2022-06-23 09:01:45
1655974905605696000,32.65,4,32.6,10,32.7,57,2,2022-06-23 09:01:45
1655974905605696000,32.6,4,32.6,10,32.7,57,2,2022-06-23 09:01:45
1655974905679970000,32.65,5,32.65,1,32.7,57,2,2022-06-23 09:01:45
1655974905687218000,32.65,1,32.6,7,32.7,57,2,2022-06-23 09:01:45
1655974905687218000,32.6,4,32.6,7,32.7,57,2,2022-06-23 09:01:45
1655974906164850000,32.65,1,32.6,7,32.7,57,2,2022-06-23 09:01:46
1655974906164850000,32.6,2,32.6,7,32.7,57,2,2022-06-23 09:01:46
1655974906285082000,32.65,2,32.6,12,32.7,57,1,2022-06-23 09:01:46
1655974906544159000,32.65,1,32.6,15,32.65,1,1,2022-06-23 09:01:46
1655974906567439000,32.65,1,32.6,15,32.7,61,1,2022-06-23 09:01:46
1655974906567439000,32.7,1,32.6,15,32.7,61,1,2022-06-23 09:01:46
1655974907152695000,32.65,1,32.6,16,32.65,9,1,2022-06-23 09:01:47
1655974907495460000,32.6,10,32.6,8,32.65,16,2,2022-06-23 09:01:47
1655974907536662000,32.6,1,32.6,7,32.65,16,2,2022-06-23 09:01:47
1655974907550205000,32.6,1,32.6,6,32.65,16,2,2022-06-23 09:01:47
1655974907931854000,32.65,1,32.6,6,32.65,19,1,2022-06-23 09:01:47
1655974908179253000,32.6,1,32.6,9,32.65,19,2,2022-06-23 09:01:48
1655974908230370000,32.6,5,32.6,4,32.65,21,2,2022-06-23 09:01:48
1655974908259163000,32.6,4,32.6,2,32.65,21,2,2022-06-23 09:01:48
1655974908259180000,32.6,2,32.55,45,32.65,21,2,2022-06-23 09:01:48
1655974908327740000,32.6,1,32.55,45,32.65,21,1,2022-06-23 09:01:48
1655974908409005000,32.65,1,32.55,45,32.65,20,1,2022-06-23 09:01:48
1655974908581126000,32.65,4,32.55,45,32.65,17,1,2022-06-23 09:01:48
1655974908658704000,32.65,3,32.55,45,32.65,14,1,2022-06-23 09:01:48
1655974908824652000,32.55,19,32.55,25,32.6,37,2,2022-06-23 09:01:48
1655974908855654000,32.55,25,32.5,58,32.6,37,2,2022-06-23 09:01:48
1655974908908636000,32.5,2,32.5,56,32.55,4,2,2022-06-23 09:01:48
1655974908945027000,32.5,1,32.5,55,32.55,4,2,2022-06-23 09:01:48
1655974908986278000,32.55,1,32.5,55,32.55,4,1,2022-06-23 09:01:48
1655974909072551000,32.5,1,32.5,54,32.55,4,2,2022-06-23 09:01:49
1655974909096435000,32.55,4,32.5,54,32.6,51,1,2022-06-23 09:01:49
1655974909096435000,32.6,1,32.5,54,32.6,51,1,2022-06-23 09:01:49
1655974909259022000,32.5,2,32.5,52,32.55,1,2,2022-06-23 09:01:49
1655974909280486000,32.55,1,32.5,52,32.6,63,1,2022-06-23 09:01:49
1655974909286686000,32.6,1,32.5,52,32.6,62,1,2022-06-23 09:01:49
1655974909294300000,32.5,1,32.5,51,32.6,62,2,2022-06-23 09:01:49
1655974909310265000,32.5,2,32.5,49,32.6,62,2,2022-06-23 09:01:49
1655974909320882000,32.5,10,32.5,39,32.6,62,2,2022-06-23 09:01:49
1655974909351224000,32.5,16,32.5,23,32.55,2,2,2022-06-23 09:01:49
1655974909443775000,32.5,4,32.5,19,32.55,12,2,2022-06-23 09:01:49
1655974909505192000,32.5,7,32.5,12,32.55,12,2,2022-06-23 09:01:49
1655974909541289000,32.5,1,32.5,11,32.55,13,2,2022-06-23 09:01:49
1655974909566748000,32.5,3,32.5,8,32.55,13,2,2022-06-23 09:01:49
1655974909821449000,32.55,1,32.5,8,32.55,27,1,2022-06-23 09:01:49
1655974909837723000,32.55,1,32.5,8,32.55,36,1,2022-06-23 09:01:49
1655974909987964000,32.5,1,32.5,7,32.55,43,2,2022-06-23 09:01:49
1655974910039271000,32.5,1,32.5,6,32.55,43,2,2022-06-23 09:01:50
1655974910105281000,32.5,6,32.45,40,32.5,4,2,2022-06-23 09:01:50
1655974910268118000,32.45,10,32.45,30,32.5,4,2,2022-06-23 09:01:50
1655974910401118000,32.5,5,32.45,30,32.55,66,1,2022-06-23 09:01:50
1655974911018410000,32.45,10,32.45,20,32.5,30,2,2022-06-23 09:01:51
1655974911058969000,32.45,1,32.45,19,32.5,40,2,2022-06-23 09:01:51
1655974911078813000,32.45,8,32.45,11,32.5,40,2,2022-06-23 09:01:51
1655974911110945000,32.45,1,32.45,10,32.5,40,2,2022-06-23 09:01:51
1655974911139029000,32.45,1,32.45,9,32.5,40,2,2022-06-23 09:01:51
1655974911294265000,32.45,1,32.45,8,32.5,41,2,2022-06-23 09:01:51
1655974911384219000,32.45,8,32.4,49,32.5,41,2,2022-06-23 09:01:51
1655974911579443000,32.4,1,32.4,45,32.45,2,2,2022-06-23 09:01:51
1655974912011242000,32.45,2,32.4,45,32.5,43,1,2022-06-23 09:01:52
1655974912011242000,32.5,8,32.4,45,32.5,43,1,2022-06-23 09:01:52
1655974912221823000,32.4,2,32.4,43,32.45,5,2,2022-06-23 09:01:52
1655974912224322000,32.4,2,32.4,41,32.45,10,2,2022-06-23 09:01:52
1655974912257825000,32.4,1,32.4,40,32.45,10,2,2022-06-23 09:01:52
1655974912258952000,32.4,2,32.4,38,32.45,10,2,2022-06-23 09:01:52
1655974912386604000,32.4,1,32.4,37,32.45,10,2,2022-06-23 09:01:52
1655974912535511000,32.45,3,32.4,37,32.45,7,1,2022-06-23 09:01:52
1655974912544437000,32.45,1,32.4,37,32.45,6,1,2022-06-23 09:01:52
1655974912553528000,32.45,1,32.4,37,32.45,5,1,2022-06-23 09:01:52
1655974912583714000,32.45,5,32.4,37,32.5,45,1,2022-06-23 09:01:52
1655974912640003000,32.4,1,32.4,36,32.5,45,2,2022-06-23 09:01:52
1655974912981793000,32.45,1,32.45,1,32.5,16,2,2022-06-23 09:01:52
1655974913304323000,32.45,1,32.4,5,32.5,16,2,2022-06-23 09:01:53
1655974913304323000,32.4,31,32.4,5,32.5,16,2,2022-06-23 09:01:53
1655974913427980000,32.4,5,32.3,21,32.45,5,2,2022-06-23 09:01:53
1655974913427980000,32.35,15,32.3,21,32.45,5,2,2022-06-23 09:01:53
1655974913427980000,32.3,5,32.3,21,32.45,5,2,2022-06-23 09:01:53
1655974913542884000,32.4,1,32.3,21,32.4,1,1,2022-06-23 09:01:53
1655974913615626000,32.3,1,32.3,20,32.4,1,2,2022-06-23 09:01:53
1655974913650116000,32.3,1,32.3,19,32.4,1,2,2022-06-23 09:01:53
1655974913776125000,32.3,19,32.15,30,32.4,1,2,2022-06-23 09:01:53
1655974913776125000,32.25,26,32.15,30,32.4,1,2,2022-06-23 09:01:53
1655974913776125000,32.2,24,32.15,30,32.4,1,2,2022-06-23 09:01:53
1655974913776125000,32.15,11,32.15,30,32.4,1,2,2022-06-23 09:01:53
1655974914847306000,32.15,30,32.1,27,32.3,17,2,2022-06-23 09:01:54
1655974914900137000,32.1,1,32.1,26,32.2,10,2,2022-06-23 09:01:54
1655974915137865000,32.2,1,32.1,26,32.2,9,1,2022-06-23 09:01:55
1655974915163398000,32.2,2,32.1,26,32.2,7,1,2022-06-23 09:01:55
1655974915303951000,32.1,5,32.1,21,32.2,7,2,2022-06-23 09:01:55
1655974915447387000,32.1,2,32.1,19,32.2,8,2,2022-06-23 09:01:55
1655974915454131000,32.2,8,32.2,2,32.25,4,1,2022-06-23 09:01:55
1655974915590209000,32.2,1,32.2,1,32.25,4,2,2022-06-23 09:01:55
1655974915598694000,32.2,1,32.1,18,32.25,4,2,2022-06-23 09:01:55
1655974915598694000,32.15,1,32.1,18,32.25,4,2,2022-06-23 09:01:55
1655974915598694000,32.1,1,32.1,18,32.25,4,2,2022-06-23 09:01:55
1655974915735957000,32.15,10,32.1,18,32.25,4,1,2022-06-23 09:01:55
1655974915796808000,32.2,1,32.1,18,32.25,4,1,2022-06-23 09:01:55
1655974915919413000,32.15,1,32.1,18,32.25,4,1,2022-06-23 09:01:55
1655974915923253000,32.1,1,32.1,17,32.25,4,2,2022-06-23 09:01:55
1655974916343841000,32.15,1,32.15,9,32.2,2,1,2022-06-23 09:01:56
1655974916374509000,32.2,2,32.15,9,32.25,4,1,2022-06-23 09:01:56
1655974916539602000,32.25,1,32.15,10,32.25,3,1,2022-06-23 09:01:56
1655974916570317000,32.25,3,32.15,15,32.3,5,1,2022-06-23 09:01:56
1655974916860131000,32.15,2,32.15,13,32.2,3,2,2022-06-23 09:01:56
1655974916866261000,32.2,3,32.15,13,32.3,5,1,2022-06-23 09:01:56
1655974916880405000,32.15,4,32.15,9,32.3,5,2,2022-06-23 09:01:56
1655974916906380000,32.3,5,32.15,9,32.35,23,1,2022-06-23 09:01:56
1655974917667114000,32.15,8,32.15,1,32.3,13,2,2022-06-23 09:01:57
1655974917733000000,32.3,1,32.15,1,32.3,12,1,2022-06-23 09:01:57
1655974917832364000,32.15,1,32.1,10,32.35,23,2,2022-06-23 09:01:57
1655974917832364000,32.1,15,32.1,10,32.35,23,2,2022-06-23 09:01:57
1655974918126253000,32.3,2,32.25,1,32.3,3,1,2022-06-23 09:01:58
1655974918136313000,32.25,1,32.15,3,32.2,1,2,2022-06-23 09:01:58
1655974918171477000,32.2,1,32.15,4,32.3,3,1,2022-06-23 09:01:58
1655974918510413000,32.2,1,32.2,5,32.3,2,2,2022-06-23 09:01:58
1655974918885141000,32.2,8,32.15,9,32.3,4,2,2022-06-23 09:01:58
1655974918885141000,32.15,2,32.15,9,32.3,4,2,2022-06-23 09:01:58
1655974919261644000,32.2,4,32.1,8,32.3,5,2,2022-06-23 09:01:59
1655974919261644000,32.15,9,32.1,8,32.3,5,2,2022-06-23 09:01:59
1655974919261644000,32.1,2,32.1,8,32.3,5,2,2022-06-23 09:01:59
1655974919329469000,32.1,8,32.1,1,32.25,2,2,2022-06-23 09:01:59
1655974919394483000,32.25,2,32.1,1,32.3,13,1,2022-06-23 09:01:59
1655974919394483000,32.3,4,32.1,1,32.3,13,1,2022-06-23 09:01:59
1655974919461422000,32.1,1,32.05,49,32.3,13,2,2022-06-23 09:01:59
1655974920101599000,32.2,1,32.2,3,32.25,3,2,2022-06-23 09:02:00
1655974920194616000,32.2,1,32.2,2,32.25,3,2,2022-06-23 09:02:00
1655974920247169000,32.2,2,32.05,25,32.25,4,2,2022-06-23 09:02:00
1655974920247169000,32.15,9,32.05,25,32.25,4,2,2022-06-23 09:02:00
1655974920247169000,32.1,5,32.05,25,32.25,4,2,2022-06-23 09:02:00
1655974920247169000,32.05,24,32.05,25,32.25,4,2,2022-06-23 09:02:00
1655974920503728000,32.2,1,32.15,1,32.2,1,1,2022-06-23 09:02:00
1655974920511960000,32.15,1,32.05,23,32.2,1,2,2022-06-23 09:02:00
1655974920511960000,32.05,2,32.05,23,32.2,1,2,2022-06-23 09:02:00
1655974920549721000,32.05,3,32.05,20,32.2,1,2,2022-06-23 09:02:00
1655974920627606000,32.05,5,32.05,15,32.2,1,2,2022-06-23 09:02:00
1655974920841710000,32.15,1,32.05,15,32.2,1,1,2022-06-23 09:02:00
1655974920885296000,32.2,1,32.2,2,32.25,6,1,2022-06-23 09:02:00
1655974920943870000,32.2,2,32.05,14,32.25,6,2,2022-06-23 09:02:00
1655974920943870000,32.15,3,32.05,14,32.25,6,2,2022-06-23 09:02:00
1655974920943870000,32.05,1,32.05,14,32.25,6,2,2022-06-23 09:02:00
1655974920973241000,32.05,3,32.05,11,32.25,6,2,2022-06-23 09:02:00
1655974921107807000,32.05,3,32.05,5,32.2,1,2,2022-06-23 09:02:01
1655974921301061000,32.15,1,32.1,1,32.2,1,2,2022-06-23 09:02:01
1655974921369514000,32.1,1,32.05,9,32.2,1,2,2022-06-23 09:02:01
1655974921839986000,32.1,1,32.1,4,32.15,30,2,2022-06-23 09:02:01
1655974921957290000,32.1,1,32.1,3,32.15,31,2,2022-06-23 09:02:01
1655974921958376000,32.15,1,32.1,3,32.15,30,1,2022-06-23 09:02:01
1655974922138957000,32.1,4,32.1,2,32.15,30,2,2022-06-23 09:02:02
1655974922140196000,32.1,1,32.1,1,32.15,30,2,2022-06-23 09:02:02
1655974922170092000,32.15,30,32.2,17,32.25,6,1,2022-06-23 09:02:02
1655974922170092000,32.2,3,32.2,17,32.25,6,1,2022-06-23 09:02:02
1655974922179433000,32.2,1,32.2,16,32.25,6,2,2022-06-23 09:02:02
1655974922213584000,32.2,1,32.2,15,32.25,6,2,2022-06-23 09:02:02
1655974922544867000,32.2,1,32.2,14,32.25,26,2,2022-06-23 09:02:02
1655974922576173000,32.25,1,32.2,14,32.25,25,1,2022-06-23 09:02:02
1655974922987920000,32.25,8,32.2,14,32.25,17,1,2022-06-23 09:02:02
1655974923011139000,32.2,4,32.2,10,32.25,17,2,2022-06-23 09:02:03
1655974923020731000,32.25,5,32.2,10,32.25,12,1,2022-06-23 09:02:03
1655974923254100000,32.2,6,32.2,4,32.25,15,2,2022-06-23 09:02:03
1655974923357461000,32.2,2,32.2,2,32.25,15,2,2022-06-23 09:02:03
1655974923472022000,32.2,1,32.2,1,32.25,15,2,2022-06-23 09:02:03
1655974923816110000,32.25,2,32.2,1,32.25,13,1,2022-06-23 09:02:03
1655974924375501000,32.25,5,32.2,5,32.25,9,1,2022-06-23 09:02:04
1655974924410622000,32.2,2,32.2,3,32.25,9,2,2022-06-23 09:02:04
1655974924454372000,32.2,1,32.2,2,32.25,9,2,2022-06-23 09:02:04
1655974924832756000,32.2,2,32.15,6,32.25,9,2,2022-06-23 09:02:04
1655974925141402000,32.15,1,32.15,5,32.2,1,2,2022-06-23 09:02:05
1655974925162631000,32.2,1,32.15,5,32.25,9,1,2022-06-23 09:02:05
1655974925225436000,32.15,1,32.15,4,32.25,9,2,2022-06-23 09:02:05
1655974925784007000,32.15,1,32.15,3,32.2,1,2,2022-06-23 09:02:05
1655974925943621000,32.15,1,32.15,2,32.2,3,2,2022-06-23 09:02:05
1655974926069411000,32.2,1,32.15,2,32.2,2,1,2022-06-23 09:02:06
1655974926199552000,32.2,2,32.25,4,32.3,19,1,2022-06-23 09:02:06
1655974926199552000,32.25,14,32.25,4,32.3,19,1,2022-06-23 09:02:06
1655974926720157000,32.25,1,32.25,3,32.3,19,2,2022-06-23 09:02:06
1655974926752294000,32.25,1,32.25,2,32.3,19,2,2022-06-23 09:02:06
1655974926903117000,32.25,2,32.2,6,32.3,19,2,2022-06-23 09:02:06
1655974926903117000,32.2,3,32.2,6,32.3,19,2,2022-06-23 09:02:06
1655974927332987000,32.2,1,32.2,11,32.3,19,2,2022-06-23 09:02:07
1655974927635465000,32.3,1,32.2,16,32.3,18,1,2022-06-23 09:02:07
1655974927665373000,32.3,18,32.2,16,32.35,17,1,2022-06-23 09:02:07
1655974927775822000,32.2,10,32.2,6,32.3,4,2,2022-06-23 09:02:07
1655974928060308000,32.25,4,32.2,7,32.3,4,1,2022-06-23 09:02:08
1655974928078269000,32.2,1,32.2,6,32.3,4,2,2022-06-23 09:02:08
1655974928326545000,32.3,4,32.2,6,32.35,17,1,2022-06-23 09:02:08
1655974928735199000,32.2,2,32.2,6,32.25,1,2,2022-06-23 09:02:08
1655974928765084000,32.25,1,32.2,6,32.35,17,1,2022-06-23 09:02:08
1655974928888138000,32.25,5,32.2,6,32.3,2,1,2022-06-23 09:02:08
1655974929425276000,32.25,2,32.2,6,32.3,3,2,2022-06-23 09:02:09
1655974929443204000,32.3,3,32.2,6,32.35,5,1,2022-06-23 09:02:09
1655974929443204000,32.35,7,32.2,6,32.35,5,1,2022-06-23 09:02:09
1655974929594644000,32.3,2,32.2,5,32.35,5,2,2022-06-23 09:02:09
1655974929594644000,32.2,2,32.2,5,32.35,5,2,2022-06-23 09:02:09
1655974929855416000,32.25,1,32.2,7,32.3,4,1,2022-06-23 09:02:09
1655974929855416000,32.3,1,32.2,7,32.3,4,1,2022-06-23 09:02:09
1655974930106374000,32.3,4,32.2,10,32.35,16,1,2022-06-23 09:02:10
1655974930106374000,32.35,1,32.2,10,32.35,16,1,2022-06-23 09:02:10
1655974930168509000,32.35,5,32.2,35,32.35,11,1,2022-06-23 09:02:10
1655974930212890000,32.3,1,32.2,35,32.35,11,1,2022-06-23 09:02:10
1655974930319206000,32.25,1,32.2,24,32.35,11,2,2022-06-23 09:02:10
1655974930319206000,32.2,14,32.2,24,32.35,11,2,2022-06-23 09:02:10
1655974930604092000,32.2,15,32.2,9,32.3,8,2,2022-06-23 09:02:10
1655974930719784000,32.3,1,32.2,9,32.3,9,1,2022-06-23 09:02:10
1655974930773021000,32.3,1,32.2,9,32.3,8,1,2022-06-23 09:02:10
1655974931537124000,32.25,6,32.25,4,32.3,8,2,2022-06-23 09:02:11
1655974931636466000,32.25,2,32.25,2,32.3,8,2,2022-06-23 09:02:11
1655974931962606000,32.25,2,32.25,1,32.3,9,2,2022-06-23 09:02:11
1655974932139823000,32.3,1,32.25,4,32.3,8,1,2022-06-23 09:02:12
1655974932309571000,32.25,1,32.25,3,32.3,9,2,2022-06-23 09:02:12
1655974932477597000,32.25,5,32.2,22,32.3,9,2,2022-06-23 09:02:12
1655974932692354000,32.2,1,32.2,22,32.3,9,2,2022-06-23 09:02:12
1655974932774634000,32.25,1,32.25,1,32.3,9,2,2022-06-23 09:02:12
1655974932991791000,32.25,1,32.2,22,32.25,4,2,2022-06-23 09:02:12
1655974933025642000,32.25,4,32.2,22,32.3,9,1,2022-06-23 09:02:13
1655974933160801000,32.2,1,32.2,24,32.3,9,2,2022-06-23 09:02:13
1655974933378205000,32.3,3,32.25,2,32.3,7,1,2022-06-23 09:02:13
1655974933548509000,32.3,1,32.25,2,32.3,8,1,2022-06-23 09:02:13
1655974933614628000,32.25,2,32.2,28,32.25,3,2,2022-06-23 09:02:13
1655974933646469000,32.25,3,32.2,28,32.3,8,1,2022-06-23 09:02:13
1655974934631141000,32.25,1,32.25,1,32.3,10,2,2022-06-23 09:02:14
1655974934751803000,32.25,2,32.2,25,32.3,10,2,2022-06-23 09:02:14
1655974934751803000,32.2,5,32.2,25,32.3,10,2,2022-06-23 09:02:14
1655974935134635000,32.3,1,32.25,1,32.3,18,1,2022-06-23 09:02:15
1655974935192995000,32.3,1,32.25,1,32.3,17,1,2022-06-23 09:02:15
1655974935934304000,32.25,3,32.2,85,32.3,21,2,2022-06-23 09:02:15
1655974936147109000,32.2,1,32.2,84,32.3,21,2,2022-06-23 09:02:16
1655974936451055000,32.2,1,32.2,83,32.25,2,2,2022-06-23 09:02:16
1655974936619253000,32.2,1,32.2,82,32.25,2,2,2022-06-23 09:02:16
1655974936920953000,32.25,1,32.2,95,32.25,1,1,2022-06-23 09:02:16
1655974936988935000,32.2,1,32.2,94,32.25,1,2,2022-06-23 09:02:16
1655974937105865000,32.25,1,32.2,94,32.25,1,1,2022-06-23 09:02:17
1655974937449059000,32.25,1,32.2,94,32.3,22,1,2022-06-23 09:02:17
1655974937515423000,32.2,1,32.2,94,32.3,22,2,2022-06-23 09:02:17
1655974937587740000,32.25,1,32.2,94,32.3,22,1,2022-06-23 09:02:17
1655974937705206000,32.3,10,32.25,1,32.3,12,1,2022-06-23 09:02:17
1655974937801760000,32.25,1,32.2,102,32.3,12,2,2022-06-23 09:02:17
1655974938078467000,32.25,3,32.2,104,32.25,2,1,2022-06-23 09:02:18
1655974938111017000,32.25,2,32.2,104,32.3,12,1,2022-06-23 09:02:18
1655974938333637000,32.3,1,32.25,6,32.3,11,1,2022-06-23 09:02:18
1655974939066170000,32.25,2,32.25,41,32.3,12,2,2022-06-23 09:02:19
1655974940390011000,32.25,2,32.25,61,32.3,17,2,2022-06-23 09:02:20
1655974940772781000,32.3,5,32.25,64,32.3,12,1,2022-06-23 09:02:20
1655974940783464000,32.3,1,32.25,64,32.3,11,1,2022-06-23 09:02:20
1655974940810634000,32.3,11,32.25,64,32.35,20,1,2022-06-23 09:02:20
1655974940860025000,32.25,2,32.25,62,32.35,20,2,2022-06-23 09:02:20
1655974941261850000,32.35,5,32.25,62,32.35,15,1,2022-06-23 09:02:21
1655974941638347000,32.25,1,32.25,62,32.35,16,2,2022-06-23 09:02:21
1655974941995130000,32.25,1,32.25,63,32.3,4,2,2022-06-23 09:02:21
1655974942009036000,32.3,2,32.25,63,32.3,2,1,2022-06-23 09:02:22
1655974942192287000,32.25,1,32.25,62,32.3,2,2,2022-06-23 09:02:22
1655974942293500000,32.3,2,32.25,62,32.35,16,1,2022-06-23 09:02:22
1655974942293500000,32.35,8,32.25,62,32.35,16,1,2022-06-23 09:02:22
1655974942851711000,32.35,1,32.25,63,32.35,15,1,2022-06-23 09:02:22
1655974943139405000,32.25,2,32.25,61,32.35,20,2,2022-06-23 09:02:23
1655974943516252000,32.3,1,32.3,1,32.35,25,2,2022-06-23 09:02:23
1655974944090577000,32.3,3,32.25,73,32.35,25,2,2022-06-23 09:02:24
1655974944090577000,32.25,7,32.25,73,32.35,25,2,2022-06-23 09:02:24
1655974944180123000,32.3,1,32.3,1,32.35,25,1,2022-06-23 09:02:24
1655974944710767000,32.3,3,32.3,4,32.35,25,2,2022-06-23 09:02:24
1655974944747097000,32.35,1,32.3,4,32.35,24,1,2022-06-23 09:02:24
1655974945143927000,32.3,5,32.3,8,32.35,24,2,2022-06-23 09:02:25
1655974945376298000,32.3,1,32.3,7,32.35,24,2,2022-06-23 09:02:25
1655974946421375000,32.3,1,32.3,14,32.35,24,2,2022-06-23 09:02:26
1655974946449743000,32.3,1,32.3,13,32.35,24,2,2022-06-23 09:02:26
1655974946987628000,32.3,5,32.3,8,32.35,23,2,2022-06-23 09:02:26
1655974947022637000,32.3,1,32.3,7,32.35,23,2,2022-06-23 09:02:27
1655974947059379000,32.3,7,32.25,86,32.35,23,2,2022-06-23 09:02:27
1655974947059379000,32.25,33,32.25,86,32.35,23,2,2022-06-23 09:02:27
1655974947099771000,32.3,3,32.3,7,32.35,23,1,2022-06-23 09:02:27
1655974947689415000,32.3,2,32.3,8,32.35,36,2,2022-06-23 09:02:27
1655974947716378000,32.3,8,32.3,1,32.35,36,2,2022-06-23 09:02:27
1655974948002630000,32.3,1,32.3,2,32.35,38,2,2022-06-23 09:02:28
1655974948775577000,32.3,1,32.3,4,32.35,38,2,2022-06-23 09:02:28
1655974949187973000,32.3,2,32.3,7,32.35,43,2,2022-06-23 09:02:29
1655974949275417000,32.3,3,32.3,6,32.35,43,2,2022-06-23 09:02:29
1655974949515482000,32.3,5,32.3,2,32.35,43,2,2022-06-23 09:02:29
1655974949681008000,32.3,4,32.25,84,32.3,3,2,2022-06-23 09:02:29
1655974949872804000,32.3,1,32.25,84,32.3,3,1,2022-06-23 09:02:29
1655974950099632000,32.25,2,32.25,82,32.3,4,2,2022-06-23 09:02:30
1655974950414894000,32.3,3,32.25,82,32.3,1,1,2022-06-23 09:02:30
1655974950545599000,32.3,1,32.3,9,32.35,43,1,2022-06-23 09:02:30
1655974950699658000,32.3,5,32.3,5,32.35,43,2,2022-06-23 09:02:30
1655974950938197000,32.3,1,32.3,8,32.35,46,2,2022-06-23 09:02:30
1655974950944683000,32.3,2,32.3,6,32.35,46,2,2022-06-23 09:02:30
1655974951251097000,32.3,3,32.3,4,32.35,46,2,2022-06-23 09:02:31
1655974951267374000,32.3,1,32.3,3,32.35,46,2,2022-06-23 09:02:31
1655974951502026000,32.3,1,32.3,2,32.35,46,2,2022-06-23 09:02:31
1655974951942192000,32.3,1,32.3,7,32.35,46,2,2022-06-23 09:02:31
1655974952570926000,32.3,1,32.3,8,32.35,46,2,2022-06-23 09:02:32
1655974952672739000,32.3,1,32.3,8,32.35,46,2,2022-06-23 09:02:32
1655974952918449000,32.35,3,32.3,9,32.35,48,1,2022-06-23 09:02:32
1655974952923877000,32.3,1,32.3,8,32.35,48,2,2022-06-23 09:02:32
1655974953610587000,32.3,9,32.25,116,32.3,1,2,2022-06-23 09:02:33
1655974954018196000,32.3,1,32.25,116,32.35,49,1,2022-06-23 09:02:34
1655974954267639000,32.3,1,32.25,116,32.35,49,2,2022-06-23 09:02:34
1655974954319825000,32.35,1,32.25,116,32.35,48,1,2022-06-23 09:02:34
1655974954706395000,32.3,1,32.25,116,32.3,4,1,2022-06-23 09:02:34
1655974954731963000,32.3,1,32.25,116,32.3,3,1,2022-06-23 09:02:34
1655974954862668000,32.25,10,32.25,106,32.3,3,2,2022-06-23 09:02:34
1655974954894763000,32.3,1,32.25,106,32.3,3,1,2022-06-23 09:02:34
1655974955149533000,32.3,9,32.3,1,32.35,48,1,2022-06-23 09:02:35
1655974955164473000,32.3,1,32.25,105,32.35,48,2,2022-06-23 09:02:35
1655974955164473000,32.25,1,32.25,105,32.35,48,2,2022-06-23 09:02:35
1655974956114499000,32.3,1,32.3,44,32.35,49,2,2022-06-23 09:02:36
1655974956131727000,32.3,1,32.3,43,32.35,49,2,2022-06-23 09:02:36
1655974956331856000,32.3,1,32.3,42,32.35,49,2,2022-06-23 09:02:36
1655974956637930000,32.3,1,32.3,43,32.35,49,2,2022-06-23 09:02:36
1655974956904365000,32.3,2,32.3,41,32.35,49,2,2022-06-23 09:02:36
1655974957438106000,32.3,30,32.3,11,32.35,49,2,2022-06-23 09:02:37
1655974957482803000,32.35,6,32.3,11,32.35,44,1,2022-06-23 09:02:37
1655974957573701000,32.3,1,32.3,10,32.35,46,2,2022-06-23 09:02:37
1655974957957029000,32.35,2,32.3,10,32.35,44,1,2022-06-23 09:02:37
1655974958367153000,32.35,1,32.3,11,32.35,43,1,2022-06-23 09:02:38
1655974959209724000,32.3,1,32.3,17,32.35,43,2,2022-06-23 09:02:39
1655974959496221000,32.3,1,32.3,17,32.35,39,2,2022-06-23 09:02:39
1655974959520418000,32.3,1,32.3,16,32.35,39,2,2022-06-23 09:02:39
1655974960755922000,32.3,1,32.3,31,32.35,39,2,2022-06-23 09:02:40
1655974960913481000,32.35,10,32.3,31,32.35,29,1,2022-06-23 09:02:40
1655974961357260000,32.35,1,32.3,35,32.35,28,1,2022-06-23 09:02:41
1655974961561453000,32.35,1,32.3,41,32.35,27,1,2022-06-23 09:02:41
1655974961590530000,32.3,5,32.3,36,32.35,27,2,2022-06-23 09:02:41
1655974961681512000,32.3,2,32.3,34,32.35,27,2,2022-06-23 09:02:41
1655974961917512000,32.3,1,32.3,33,32.35,27,2,2022-06-23 09:02:41
1655974961969177000,32.3,1,32.3,32,32.35,28,2,2022-06-23 09:02:41
1655974962028756000,32.3,20,32.3,12,32.35,28,2,2022-06-23 09:02:42
1655974962160419000,32.3,2,32.3,10,32.35,28,2,2022-06-23 09:02:42
1655974962244053000,32.35,5,32.3,10,32.35,23,1,2022-06-23 09:02:42
1655974962285741000,32.35,2,32.3,10,32.35,21,1,2022-06-23 09:02:42
1655974962426308000,32.35,1,32.3,10,32.35,20,1,2022-06-23 09:02:42
1655974962482580000,32.35,2,32.3,10,32.35,18,1,2022-06-23 09:02:42
1655974962496313000,32.35,10,32.3,10,32.35,8,1,2022-06-23 09:02:42
1655974962931881000,32.35,3,32.3,10,32.35,5,1,2022-06-23 09:02:42
1655974962970920000,32.35,5,32.3,10,32.4,30,1,2022-06-23 09:02:42
1655974963222134000,32.3,4,32.3,7,32.35,2,2,2022-06-23 09:02:43
1655974963401692000,32.3,1,32.3,6,32.35,2,2,2022-06-23 09:02:43
1655974963813944000,32.35,1,32.3,8,32.35,1,1,2022-06-23 09:02:43
1655974964358419000,32.3,1,32.3,15,32.35,5,2,2022-06-23 09:02:44
1655974964386216000,32.35,1,32.3,15,32.35,4,1,2022-06-23 09:02:44
1655974964616217000,32.3,2,32.3,13,32.35,4,2,2022-06-23 09:02:44
1655974964905456000,32.35,1,32.3,20,32.35,3,1,2022-06-23 09:02:44
1655974964990231000,32.3,2,32.3,18,32.35,3,2,2022-06-23 09:02:44
1655974965163940000,32.3,1,32.3,17,32.35,4,2,2022-06-23 09:02:45
1655974966229314000,32.3,3,32.3,19,32.35,12,2,2022-06-23 09:02:46
1655974966790870000,32.35,12,32.3,22,32.4,24,1,2022-06-23 09:02:46
1655974966790870000,32.4,3,32.3,22,32.4,24,1,2022-06-23 09:02:46
1655974967115592000,32.35,2,32.35,7,32.4,24,2,2022-06-23 09:02:47
1655974967355993000,32.35,1,32.35,6,32.4,24,2,2022-06-23 09:02:47
1655974967865783000,32.35,2,32.35,5,32.4,21,2,2022-06-23 09:02:47
1655974968283218000,32.35,1,32.35,4,32.4,21,2,2022-06-23 09:02:48
1655974969194671000,32.35,1,32.35,4,32.4,21,2,2022-06-23 09:02:49
1655974969521860000,32.4,1,32.35,4,32.4,20,1,2022-06-23 09:02:49
1655974969830065000,32.35,4,32.3,68,32.4,20,2,2022-06-23 09:02:49
1655974969830065000,32.3,1,32.3,68,32.4,20,2,2022-06-23 09:02:49
1655974970160606000,32.35,2,32.35,2,32.4,18,2,2022-06-23 09:02:50
1655974971053126000,32.35,5,32.35,1,32.4,19,2,2022-06-23 09:02:51
1655974971391763000,32.35,1,32.3,70,32.4,19,2,2022-06-23 09:02:51
1655974971859995000,32.4,5,32.35,1,32.4,14,1,2022-06-23 09:02:51
1655974972198412000,32.4,3,32.35,1,32.4,13,1,2022-06-23 09:02:52
1655974972212860000,32.4,5,32.35,1,32.4,8,1,2022-06-23 09:02:52
1655974972827263000,32.35,1,32.35,1,32.4,8,2,2022-06-23 09:02:52
1655974972952164000,32.35,1,32.35,2,32.4,8,2,2022-06-23 09:02:52
1655974973282185000,32.4,3,32.35,2,32.4,5,1,2022-06-23 09:02:53
1655974973638439000,32.4,2,32.35,3,32.4,3,1,2022-06-23 09:02:53
1655974973665168000,32.4,3,32.35,3,32.45,23,1,2022-06-23 09:02:53
1655974974311096000,32.45,2,32.35,19,32.45,21,1,2022-06-23 09:02:54
1655974974561589000,32.4,1,32.35,19,32.45,21,1,2022-06-23 09:02:54
1655974975337912000,32.4,2,32.4,3,32.45,20,2,2022-06-23 09:02:55
1655974975982625000,32.4,3,32.35,14,32.45,20,2,2022-06-23 09:02:55
1655974975982625000,32.35,7,32.35,14,32.45,20,2,2022-06-23 09:02:55
1655974976295903000,32.4,1,32.35,14,32.45,20,1,2022-06-23 09:02:56
1655974976393433000,32.45,3,32.35,14,32.45,17,1,2022-06-23 09:02:56
1655974976495583000,32.45,1,32.35,14,32.45,16,1,2022-06-23 09:02:56
1655974976971438000,32.4,1,32.35,27,32.4,24,1,2022-06-23 09:02:56
1655974977583518000,32.4,5,32.35,31,32.4,19,1,2022-06-23 09:02:57
1655974977701175000,32.4,5,32.35,31,32.4,14,1,2022-06-23 09:02:57
1655974977732452000,32.4,2,32.35,31,32.4,12,1,2022-06-23 09:02:57
1655974978219403000,32.4,5,32.35,32,32.4,8,1,2022-06-23 09:02:58
1655974978449375000,32.4,2,32.35,32,32.4,6,1,2022-06-23 09:02:58
1655974978480728000,32.4,1,32.35,32,32.4,5,1,2022-06-23 09:02:58
1655974978517353000,32.35,1,32.35,31,32.4,7,2,2022-06-23 09:02:58
1655974979314178000,32.35,1,32.35,43,32.4,14,2,2022-06-23 09:02:59
1655974979577466000,32.4,1,32.35,44,32.4,13,1,2022-06-23 09:02:59
1655974979694184000,32.4,1,32.35,46,32.4,12,1,2022-06-23 09:02:59
1655974979747134000,32.4,4,32.35,46,32.4,8,1,2022-06-23 09:02:59
1655974979968055000,32.4,1,32.35,46,32.4,9,1,2022-06-23 09:02:59
1655974980090178000,32.4,1,32.35,46,32.4,8,1,2022-06-23 09:03:00
1655974980140426000,32.35,3,32.35,43,32.4,8,2,2022-06-23 09:03:00
1655974980480116000,32.4,1,32.35,44,32.4,12,1,2022-06-23 09:03:00
1655974980593243000,32.4,1,32.35,45,32.4,11,1,2022-06-23 09:03:00
1655974980652254000,32.35,10,32.35,35,32.4,13,2,2022-06-23 09:03:00
1655974980704640000,32.35,6,32.35,29,32.4,13,2,2022-06-23 09:03:00
1655974980735173000,32.35,1,32.35,28,32.4,13,2,2022-06-23 09:03:00
1655974980792025000,32.4,1,32.35,28,32.4,12,1,2022-06-23 09:03:00
1655974981498710000,32.4,1,32.35,29,32.4,18,1,2022-06-23 09:03:01
1655974981911125000,32.4,1,32.35,29,32.4,19,1,2022-06-23 09:03:01
1655974982096980000,32.4,1,32.35,30,32.4,18,1,2022-06-23 09:03:02
1655974982149746000,32.4,2,32.35,30,32.4,16,1,2022-06-23 09:03:02
1655974982573654000,32.4,2,32.35,30,32.4,17,1,2022-06-23 09:03:02
1655974982696883000,32.4,1,32.35,30,32.4,16,1,2022-06-23 09:03:02
1655974982803440000,32.35,6,32.35,36,32.4,16,2,2022-06-23 09:03:02
1655974982813402000,32.35,6,32.35,30,32.4,16,2,2022-06-23 09:03:02
1655974982842303000,32.35,1,32.35,29,32.4,16,2,2022-06-23 09:03:02
1655974982894637000,32.35,14,32.35,15,32.4,16,2,2022-06-23 09:03:02
1655974983071902000,32.35,14,32.35,1,32.4,20,2,2022-06-23 09:03:03
1655974983113123000,32.35,1,32.3,50,32.4,20,2,2022-06-23 09:03:03
1655974983160373000,32.4,1,32.3,50,32.4,19,1,2022-06-23 09:03:03
1655974983177819000,32.4,1,32.3,50,32.4,18,1,2022-06-23 09:03:03
1655974983286108000,32.3,2,32.3,48,32.4,18,2,2022-06-23 09:03:03
1655974983384363000,32.35,1,32.3,48,32.4,18,1,2022-06-23 09:03:03
1655974983700090000,32.3,1,32.3,48,32.35,32,2,2022-06-23 09:03:03
1655974983713772000,32.35,5,32.3,48,32.35,27,1,2022-06-23 09:03:03
1655974983780880000,32.3,4,32.3,43,32.35,39,2,2022-06-23 09:03:03
1655974984037266000,32.3,6,32.3,37,32.35,45,2,2022-06-23 09:03:04
1655974984117319000,32.3,10,32.3,27,32.35,45,2,2022-06-23 09:03:04
1655974984128309000,32.35,2,32.3,27,32.35,43,1,2022-06-23 09:03:04
1655974984151426000,32.3,27,32.25,107,32.35,43,2,2022-06-23 09:03:04
1655974984345539000,32.3,1,32.25,107,32.3,4,1,2022-06-23 09:03:04
1655974984543194000,32.3,1,32.25,107,32.3,3,1,2022-06-23 09:03:04
1655974984666025000,32.3,1,32.25,107,32.3,33,1,2022-06-23 09:03:04
1655974984715748000,32.3,1,32.25,107,32.3,32,1,2022-06-23 09:03:04
1655974984745798000,32.3,2,32.25,107,32.3,30,1,2022-06-23 09:03:04
1655974984884073000,32.3,10,32.25,107,32.3,28,1,2022-06-23 09:03:04
1655974984913364000,32.3,1,32.25,107,32.3,27,1,2022-06-23 09:03:04
1655974984919244000,32.25,1,32.25,106,32.3,27,2,2022-06-23 09:03:04
1655974984921327000,32.25,3,32.25,103,32.3,27,2,2022-06-23 09:03:04
1655974985182434000,32.25,4,32.25,99,32.3,32,2,2022-06-23 09:03:05
1655974985209057000,32.25,1,32.25,98,32.3,32,2,2022-06-23 09:03:05
1655974985228153000,32.25,1,32.25,97,32.3,32,2,2022-06-23 09:03:05
1655974985620581000,32.25,1,32.25,96,32.3,32,2,2022-06-23 09:03:05
1655974985698146000,32.25,5,32.25,91,32.3,32,2,2022-06-23 09:03:05
1655974985732988000,32.25,1,32.25,90,32.3,32,2,2022-06-23 09:03:05
1655974985775441000,32.25,10,32.25,80,32.3,32,2,2022-06-23 09:03:05
1655974985799216000,32.3,1,32.25,80,32.3,31,1,2022-06-23 09:03:05
1655974985912755000,32.25,4,32.25,76,32.3,31,2,2022-06-23 09:03:05
1655974986023479000,32.25,6,32.25,70,32.3,31,2,2022-06-23 09:03:06
1655974986053424000,32.25,1,32.25,69,32.3,31,2,2022-06-23 09:03:06
1655974986054372000,32.25,1,32.25,68,32.3,31,2,2022-06-23 09:03:06
1655974986054483000,32.25,1,32.25,67,32.3,31,2,2022-06-23 09:03:06
1655974986206428000,32.3,5,32.25,67,32.3,26,1,2022-06-23 09:03:06
1655974986536139000,32.25,1,32.25,66,32.3,26,2,2022-06-23 09:03:06
1655974986805052000,32.25,10,32.25,56,32.3,26,2,2022-06-23 09:03:06
1655974987425112000,32.25,1,32.25,55,32.3,23,2,2022-06-23 09:03:07
1655974987549993000,32.25,2,32.25,53,32.3,23,2,2022-06-23 09:03:07
1655974987655627000,32.3,20,32.25,53,32.3,3,1,2022-06-23 09:03:07
1655974987887988000,32.25,1,32.25,51,32.3,3,2,2022-06-23 09:03:07
1655974987935725000,32.25,1,32.25,50,32.3,3,2,2022-06-23 09:03:07
1655974987993280000,32.25,1,32.25,49,32.3,3,2,2022-06-23 09:03:07
1655974988251570000,32.25,5,32.25,44,32.3,3,2,2022-06-23 09:03:08
1655974988418724000,32.25,3,32.25,41,32.3,3,2,2022-06-23 09:03:08
1655974988549475000,32.3,2,32.25,41,32.3,1,1,2022-06-23 09:03:08
1655974988551577000,32.25,3,32.25,38,32.3,1,2,2022-06-23 09:03:08
1655974988579290000,32.3,1,32.25,38,32.35,16,1,2022-06-23 09:03:08
1655974988622426000,32.25,3,32.25,35,32.3,1,2,2022-06-23 09:03:08
1655974988877361000,32.25,10,32.25,25,32.3,1,2,2022-06-23 09:03:08
1655974989353122000,32.25,2,32.25,24,32.3,12,2,2022-06-23 09:03:09
1655974989435567000,32.3,1,32.25,24,32.3,11,1,2022-06-23 09:03:09
1655974989567873000,32.3,1,32.25,24,32.3,10,1,2022-06-23 09:03:09
1655974989647760000,32.25,2,32.25,22,32.3,10,2,2022-06-23 09:03:09
1655974989679325000,32.3,2,32.25,22,32.3,8,1,2022-06-23 09:03:09
1655974989727675000,32.3,1,32.25,22,32.3,7,1,2022-06-23 09:03:09
1655974989757365000,32.3,7,32.25,22,32.35,17,1,2022-06-23 09:03:09
1655974990070906000,32.3,1,32.25,22,32.35,18,2,2022-06-23 09:03:10
1655974990106155000,32.25,1,32.25,21,32.35,18,2,2022-06-23 09:03:10
1655974990548968000,32.25,1,32.25,21,32.3,5,2,2022-06-23 09:03:10
1655974990791984000,32.25,3,32.25,20,32.3,7,2,2022-06-23 09:03:10
1655974991025540000,32.25,20,32.25,1,32.3,7,2,2022-06-23 09:03:11
1655974991052675000,32.25,1,32.2,158,32.3,7,2,2022-06-23 09:03:11
1655974991160291000,32.2,3,32.2,152,32.25,3,2,2022-06-23 09:03:11
1655974991307274000,32.25,2,32.2,152,32.25,2,1,2022-06-23 09:03:11
1655974991571774000,32.25,1,32.2,153,32.25,3,1,2022-06-23 09:03:11
1655974991613319000,32.25,2,32.2,154,32.25,1,1,2022-06-23 09:03:11
1655974991662720000,32.2,3,32.2,151,32.25,1,2,2022-06-23 09:03:11
1655974992238390000,32.25,2,32.2,91,32.25,7,1,2022-06-23 09:03:12
1655974992357509000,32.25,2,32.2,91,32.25,5,1,2022-06-23 09:03:12
1655974992594704000,32.25,5,32.2,91,32.3,13,1,2022-06-23 09:03:12
1655974992594704000,32.3,15,32.2,91,32.3,13,1,2022-06-23 09:03:12
1655974992737372000,32.2,1,32.2,90,32.25,60,2,2022-06-23 09:03:12
1655974992740936000,32.25,4,32.2,90,32.25,56,1,2022-06-23 09:03:12
1655974992793363000,32.25,1,32.2,90,32.25,55,1,2022-06-23 09:03:12
1655974992816929000,32.2,2,32.2,88,32.25,55,2,2022-06-23 09:03:12
1655974992869637000,32.25,1,32.2,88,32.25,55,1,2022-06-23 09:03:12
1655974993548806000,32.2,3,32.2,85,32.25,55,2,2022-06-23 09:03:13
1655974993551183000,32.2,10,32.2,75,32.25,55,2,2022-06-23 09:03:13
1655974993634891000,32.25,2,32.2,75,32.25,53,1,2022-06-23 09:03:13
1655974993672744000,32.2,1,32.2,74,32.25,53,2,2022-06-23 09:03:13
1655974994265984000,32.25,1,32.2,72,32.25,84,1,2022-06-23 09:03:14
1655974994733123000,32.2,1,32.2,68,32.25,85,2,2022-06-23 09:03:14
1655974994759738000,32.2,2,32.2,66,32.25,85,2,2022-06-23 09:03:14
1655974994770358000,32.2,1,32.2,65,32.25,85,2,2022-06-23 09:03:14
1655974994773318000,32.2,1,32.2,64,32.25,85,2,2022-06-23 09:03:14
1655974994801073000,32.2,1,32.2,63,32.25,85,2,2022-06-23 09:03:14
1655974995089929000,32.2,1,32.2,62,32.25,85,2,2022-06-23 09:03:15
1655974995419141000,32.2,5,32.2,57,32.25,87,2,2022-06-23 09:03:15
1655974995464553000,32.2,8,32.2,49,32.25,87,2,2022-06-23 09:03:15
1655974995483203000,32.2,1,32.2,48,32.25,87,2,2022-06-23 09:03:15
1655974995507026000,32.2,1,32.2,47,32.25,87,2,2022-06-23 09:03:15
1655974995631807000,32.2,2,32.2,45,32.25,87,2,2022-06-23 09:03:15
1655974995640194000,32.2,5,32.2,40,32.25,87,2,2022-06-23 09:03:15
1655974995815826000,32.2,2,32.2,38,32.25,87,2,2022-06-23 09:03:15
1655974996163341000,32.2,3,32.2,35,32.25,87,2,2022-06-23 09:03:16
1655974996277763000,32.25,5,32.2,35,32.25,82,1,2022-06-23 09:03:16
1655974996665449000,32.25,1,32.2,35,32.25,81,1,2022-06-23 09:03:16
1655974996701882000,32.25,9,32.2,35,32.25,72,1,2022-06-23 09:03:16
1655974996738215000,32.2,1,32.2,34,32.25,72,2,2022-06-23 09:03:16
1655974996823244000,32.2,2,32.2,35,32.25,72,2,2022-06-23 09:03:16
1655974996928326000,32.25,1,32.2,33,32.25,71,1,2022-06-23 09:03:16
1655974997116829000,32.2,5,32.2,29,32.25,72,2,2022-06-23 09:03:17
1655974997311677000,32.2,1,32.2,29,32.25,72,2,2022-06-23 09:03:17
1655974997314660000,32.2,1,32.2,28,32.25,72,2,2022-06-23 09:03:17
1655974997500814000,32.2,2,32.2,26,32.25,72,2,2022-06-23 09:03:17
1655974997698954000,32.2,1,32.2,26,32.25,72,2,2022-06-23 09:03:17
1655974998122465000,32.25,1,32.2,36,32.25,77,1,2022-06-23 09:03:18
1655974998154306000,32.2,10,32.2,26,32.25,78,2,2022-06-23 09:03:18
1655974998349674000,32.25,3,32.2,28,32.25,75,1,2022-06-23 09:03:18
1655974998660551000,32.25,1,32.2,28,32.25,77,1,2022-06-23 09:03:18
1655974998809354000,32.2,1,32.2,27,32.25,77,2,2022-06-23 09:03:18
1655974998874528000,32.2,2,32.2,25,32.25,77,2,2022-06-23 09:03:18
1655974998911220000,32.2,1,32.2,24,32.25,77,2,2022-06-23 09:03:18
1655974998916376000,32.2,3,32.2,21,32.25,77,2,2022-06-23 09:03:18
1655974998979532000,32.2,20,32.2,1,32.25,77,2,2022-06-23 09:03:18
1655974998998822000,32.2,1,32.15,111,32.2,13,2,2022-06-23 09:03:18
1655974999206839000,32.2,3,32.15,111,32.2,11,1,2022-06-23 09:03:19
1655974999501097000,32.15,1,32.15,110,32.2,15,2,2022-06-23 09:03:19
1655975000256742000,32.2,2,32.15,110,32.2,25,1,2022-06-23 09:03:20
1655975000971631000,32.2,1,32.15,110,32.2,35,1,2022-06-23 09:03:20
1655975001222810000,32.15,2,32.15,108,32.2,35,2,2022-06-23 09:03:21
1655975001621971000,32.2,1,32.15,108,32.2,39,1,2022-06-23 09:03:21
1655975001835582000,32.2,1,32.15,108,32.2,38,1,2022-06-23 09:03:21
1655975001861838000,32.2,10,32.15,108,32.2,28,1,2022-06-23 09:03:21
1655975002167865000,32.2,1,32.15,108,32.2,27,1,2022-06-23 09:03:22
1655975002204252000,32.15,1,32.15,107,32.2,27,2,2022-06-23 09:03:22
1655975002753995000,32.2,5,32.15,107,32.2,22,1,2022-06-23 09:03:22
1655975003219935000,32.15,6,32.15,102,32.2,32,2,2022-06-23 09:03:23
1655975003260987000,32.15,1,32.15,101,32.2,32,2,2022-06-23 09:03:23
1655975003729343000,32.2,1,32.15,101,32.2,32,1,2022-06-23 09:03:23
1655975003808314000,32.2,1,32.15,101,32.2,34,1,2022-06-23 09:03:23
1655975004190030000,32.15,4,32.15,97,32.2,34,2,2022-06-23 09:03:24
1655975004246362000,32.15,1,32.15,96,32.2,34,2,2022-06-23 09:03:24
1655975004279742000,32.15,1,32.15,95,32.2,34,2,2022-06-23 09:03:24
1655975004711530000,32.2,1,32.15,95,32.2,34,1,2022-06-23 09:03:24
1655975005030585000,32.15,10,32.15,86,32.2,34,2,2022-06-23 09:03:25
1655975005068985000,32.15,1,32.15,85,32.2,34,2,2022-06-23 09:03:25
1655975005121491000,32.2,1,32.15,85,32.2,33,1,2022-06-23 09:03:25
1655975005511774000,32.2,1,32.15,85,32.2,29,1,2022-06-23 09:03:25
1655975005569462000,32.2,3,32.15,86,32.2,26,1,2022-06-23 09:03:25
1655975005847056000,32.15,1,32.15,85,32.2,26,2,2022-06-23 09:03:25
1655975005853633000,32.2,1,32.15,85,32.2,25,1,2022-06-23 09:03:25
1655975006028603000,32.15,1,32.15,85,32.2,25,2,2022-06-23 09:03:26
1655975006424188000,32.2,2,32.15,85,32.2,23,1,2022-06-23 09:03:26
1655975006623932000,32.2,1,32.15,85,32.2,23,1,2022-06-23 09:03:26
1655975006646028000,32.15,4,32.15,81,32.2,23,2,2022-06-23 09:03:26
1655975006686629000,32.15,1,32.15,80,32.2,23,2,2022-06-23 09:03:26
1655975007346920000,32.15,1,32.15,79,32.2,25,2,2022-06-23 09:03:27
1655975007386487000,32.2,1,32.15,79,32.2,24,1,2022-06-23 09:03:27
1655975007442265000,32.2,1,32.15,79,32.2,23,1,2022-06-23 09:03:27
1655975008021363000,32.2,1,32.15,80,32.2,39,1,2022-06-23 09:03:28
1655975008259637000,32.15,10,32.15,75,32.2,39,2,2022-06-23 09:03:28
1655975008282455000,32.15,20,32.15,55,32.2,39,2,2022-06-23 09:03:28
1655975008320834000,32.15,1,32.15,54,32.2,39,2,2022-06-23 09:03:28
1655975008323071000,32.15,1,32.15,53,32.2,39,2,2022-06-23 09:03:28
1655975008323192000,32.15,1,32.15,52,32.2,39,2,2022-06-23 09:03:28
1655975008978078000,32.2,1,32.15,52,32.2,38,1,2022-06-23 09:03:28
1655975009331642000,32.2,1,32.15,52,32.2,37,1,2022-06-23 09:03:29
1655975009640584000,32.15,2,32.15,51,32.2,37,2,2022-06-23 09:03:29
1655975009769179000,32.2,1,32.15,52,32.2,36,1,2022-06-23 09:03:29
1655975009924214000,32.15,3,32.15,49,32.2,36,2,2022-06-23 09:03:29
1655975009948130000,32.15,1,32.15,48,32.2,36,2,2022-06-23 09:03:29
1655975010097582000,32.15,10,32.15,38,32.2,36,2,2022-06-23 09:03:30
1655975010104591000,32.2,1,32.15,38,32.2,35,1,2022-06-23 09:03:30
1655975010212736000,32.15,1,32.15,37,32.2,35,2,2022-06-23 09:03:30
1655975010336295000,32.15,10,32.15,29,32.2,35,2,2022-06-23 09:03:30
1655975010408315000,32.15,1,32.15,28,32.2,36,2,2022-06-23 09:03:30
1655975010609703000,32.15,1,32.15,27,32.2,38,2,2022-06-23 09:03:30
1655975010700973000,32.15,4,32.15,23,32.2,40,2,2022-06-23 09:03:30
1655975010769747000,32.15,1,32.15,22,32.2,40,2,2022-06-23 09:03:30
1655975011057969000,32.15,3,32.15,19,32.2,40,2,2022-06-23 09:03:31
1655975011283050000,32.15,2,32.15,17,32.2,50,2,2022-06-23 09:03:31
1655975011352993000,32.15,2,32.15,15,32.2,50,2,2022-06-23 09:03:31
1655975011375190000,32.15,1,32.15,14,32.2,50,2,2022-06-23 09:03:31
1655975011399176000,32.15,1,32.15,13,32.2,50,2,2022-06-23 09:03:31
1655975011453755000,32.15,1,32.15,16,32.2,51,2,2022-06-23 09:03:31
1655975011481285000,32.15,2,32.15,14,32.2,51,2,2022-06-23 09:03:31
1655975011664182000,32.15,5,32.15,9,32.2,56,2,2022-06-23 09:03:31
1655975011690479000,32.15,9,32.1,59,32.2,56,2,2022-06-23 09:03:31
1655975011759309000,32.2,1,32.15,1,32.2,55,1,2022-06-23 09:03:31
1655975011810055000,32.15,1,32.1,59,32.2,55,2,2022-06-23 09:03:31
1655975011940989000,32.15,1,32.15,1,32.2,56,1,2022-06-23 09:03:31
1655975011947684000,32.15,1,32.1,63,32.15,1,2,2022-06-23 09:03:31
1655975012336854000,32.15,1,32.1,63,32.15,7,1,2022-06-23 09:03:32
1655975013090612000,32.15,5,32.1,63,32.15,23,1,2022-06-23 09:03:33
1655975013286474000,32.15,4,32.1,63,32.15,20,1,2022-06-23 09:03:33
1655975013408083000,32.15,1,32.1,63,32.15,19,1,2022-06-23 09:03:33
1655975013999960000,32.15,2,32.1,62,32.15,28,1,2022-06-23 09:03:33
1655975014097986000,32.15,1,32.1,62,32.15,27,1,2022-06-23 09:03:34
1655975014225394000,32.15,1,32.1,62,32.15,56,1,2022-06-23 09:03:34
1655975014512244000,32.15,10,32.1,66,32.15,46,1,2022-06-23 09:03:34
1655975014695997000,32.15,5,32.1,64,32.15,41,1,2022-06-23 09:03:34
1655975015192208000,32.15,10,32.1,64,32.15,31,1,2022-06-23 09:03:35
1655975015351143000,32.15,1,32.1,64,32.15,30,1,2022-06-23 09:03:35
1655975015411089000,32.15,1,32.1,64,32.15,29,1,2022-06-23 09:03:35
1655975015422035000,32.15,1,32.1,64,32.15,28,1,2022-06-23 09:03:35
1655975015434786000,32.15,9,32.1,64,32.15,19,1,2022-06-23 09:03:35
1655975015655640000,32.1,5,32.1,59,32.15,21,2,2022-06-23 09:03:35
1655975015820916000,32.1,1,32.1,63,32.15,21,2,2022-06-23 09:03:35
1655975015829238000,32.1,1,32.1,62,32.15,21,2,2022-06-23 09:03:35
1655975015867913000,32.1,1,32.1,61,32.15,21,2,2022-06-23 09:03:35
1655975015964957000,32.15,9,32.1,61,32.15,12,1,2022-06-23 09:03:35
1655975016252770000,32.15,8,32.1,61,32.15,5,1,2022-06-23 09:03:36
1655975016385987000,32.15,1,32.1,62,32.15,4,1,2022-06-23 09:03:36
1655975016509488000,32.15,1,32.1,62,32.15,3,1,2022-06-23 09:03:36
1655975016600254000,32.15,4,32.1,62,32.2,87,1,2022-06-23 09:03:36
1655975016725218000,32.15,1,32.1,62,32.15,9,2,2022-06-23 09:03:36
1655975016776519000,32.1,3,32.1,59,32.15,9,2,2022-06-23 09:03:36
1655975016794240000,32.15,9,32.15,1,32.2,87,1,2022-06-23 09:03:36
1655975016796604000,32.15,1,32.1,59,32.2,87,2,2022-06-23 09:03:36
1655975017565036000,32.15,1,32.15,28,32.2,88,2,2022-06-23 09:03:37
1655975018001735000,32.15,10,32.15,31,32.2,78,2,2022-06-23 09:03:38
1655975018002814000,32.15,2,32.15,29,32.2,76,2,2022-06-23 09:03:38
1655975018282656000,32.15,1,32.15,36,32.2,75,2,2022-06-23 09:03:38
1655975018285751000,32.15,1,32.15,35,32.2,75,2,2022-06-23 09:03:38
1655975018566268000,32.15,1,32.15,38,32.2,75,2,2022-06-23 09:03:38
1655975018626908000,32.2,5,32.15,42,32.2,70,1,2022-06-23 09:03:38
1655975018667522000,32.2,1,32.15,43,32.2,69,1,2022-06-23 09:03:38
1655975018762540000,32.2,10,32.15,44,32.2,59,1,2022-06-23 09:03:38
1655975018783757000,32.2,8,32.15,44,32.2,51,1,2022-06-23 09:03:38
1655975018783860000,32.2,51,32.15,44,32.25,41,1,2022-06-23 09:03:38
1655975018871895000,32.15,1,32.15,56,32.25,41,2,2022-06-23 09:03:38
1655975020176471000,32.25,11,32.2,19,32.3,9,1,2022-06-23 09:03:40
1655975020176471000,32.3,19,32.2,19,32.3,9,1,2022-06-23 09:03:40
1655975020355322000,32.3,2,32.25,2,32.3,7,1,2022-06-23 09:03:40
1655975020867085000,32.3,2,32.25,4,32.3,5,1,2022-06-23 09:03:40
1655975020988866000,32.25,3,32.25,1,32.3,5,2,2022-06-23 09:03:40
1655975021060417000,32.25,1,32.2,23,32.3,5,2,2022-06-23 09:03:41
1655975021376384000,32.3,2,32.2,26,32.3,3,1,2022-06-23 09:03:41
1655975021401204000,32.3,3,32.2,26,32.35,14,1,2022-06-23 09:03:41
1655975021633144000,32.35,10,32.3,2,32.35,14,1,2022-06-23 09:03:41
1655975022302730000,32.35,2,32.3,2,32.35,12,1,2022-06-23 09:03:42
1655975022507063000,32.35,6,32.3,2,32.35,6,1,2022-06-23 09:03:42
1655975022543663000,32.3,2,32.25,12,32.35,6,2,2022-06-23 09:03:42
1655975022543663000,32.25,3,32.25,12,32.35,6,2,2022-06-23 09:03:42
1655975022658553000,32.25,2,32.25,10,32.35,6,2,2022-06-23 09:03:42
1655975023296947000,32.3,6,32.25,13,32.3,4,1,2022-06-23 09:03:43
1655975023323753000,32.3,4,32.25,13,32.35,4,1,2022-06-23 09:03:43
1655975023323753000,32.35,2,32.25,13,32.35,4,1,2022-06-23 09:03:43
1655975023599996000,32.35,2,32.25,13,32.35,2,1,2022-06-23 09:03:43
1655975023631512000,32.35,1,32.25,13,32.35,1,1,2022-06-23 09:03:43
1655975024254549000,32.35,1,32.3,4,32.4,31,1,2022-06-23 09:03:44
1655975024254549000,32.4,9,32.3,4,32.4,31,1,2022-06-23 09:03:44
1655975024462858000,32.3,1,32.3,3,32.4,34,2,2022-06-23 09:03:44
1655975024760024000,32.35,1,32.3,3,32.4,34,2,2022-06-23 09:03:44
1655975025018575000,32.3,1,32.3,3,32.4,34,2,2022-06-23 09:03:45
1655975025265078000,32.3,1,32.3,2,32.4,34,2,2022-06-23 09:03:45
1655975026298024000,32.35,1,32.3,3,32.35,1,1,2022-06-23 09:03:46
1655975028370059000,32.35,3,32.3,13,32.35,12,1,2022-06-23 09:03:48
1655975028536699000,32.35,1,32.3,14,32.35,11,1,2022-06-23 09:03:48
1655975028749359000,32.3,2,32.3,12,32.35,11,2,2022-06-23 09:03:48
1655975028970325000,32.3,2,32.3,21,32.35,11,2,2022-06-23 09:03:48
1655975029324596000,32.3,1,32.3,30,32.35,11,2,2022-06-23 09:03:49
1655975029334152000,32.35,5,32.3,30,32.35,6,1,2022-06-23 09:03:49
1655975029645122000,32.35,2,32.3,30,32.35,4,1,2022-06-23 09:03:49
1655975029873013000,32.3,5,32.3,25,32.35,4,2,2022-06-23 09:03:49
1655975030306961000,32.3,1,32.3,24,32.35,4,2,2022-06-23 09:03:50
1655975030336431000,32.3,2,32.3,22,32.35,4,2,2022-06-23 09:03:50
1655975030378270000,32.35,4,32.35,6,32.4,33,1,2022-06-23 09:03:50
1655975030455591000,32.35,1,32.35,5,32.4,33,2,2022-06-23 09:03:50
1655975030580524000,32.4,3,32.35,5,32.4,30,1,2022-06-23 09:03:50
1655975030651505000,32.4,1,32.35,5,32.4,29,1,2022-06-23 09:03:50
1655975030727678000,32.35,1,32.35,4,32.4,29,2,2022-06-23 09:03:50
1655975031445988000,32.35,1,32.35,5,32.4,29,2,2022-06-23 09:03:51
1655975031693950000,32.4,1,32.35,6,32.4,29,1,2022-06-23 09:03:51
1655975031961188000,32.4,1,32.35,6,32.4,28,1,2022-06-23 09:03:51
1655975032304348000,32.4,4,32.35,6,32.4,24,1,2022-06-23 09:03:52
1655975032593622000,32.4,1,32.35,6,32.4,23,1,2022-06-23 09:03:52
1655975032629169000,32.4,1,32.35,6,32.4,22,1,2022-06-23 09:03:52
1655975032630927000,32.35,6,32.3,23,32.4,22,2,2022-06-23 09:03:52
1655975033279096000,32.35,3,32.35,10,32.4,22,2,2022-06-23 09:03:53
1655975033291723000,32.4,1,32.35,20,32.4,21,1,2022-06-23 09:03:53
1655975033510025000,32.35,2,32.35,18,32.4,21,2,2022-06-23 09:03:53
1655975033590303000,32.35,2,32.35,16,32.4,21,2,2022-06-23 09:03:53
1655975033818649000,32.35,1,32.35,15,32.4,21,2,2022-06-23 09:03:53
1655975034401755000,32.35,1,32.35,16,32.4,21,2,2022-06-23 09:03:54
1655975034656019000,32.35,2,32.35,14,32.4,21,2,2022-06-23 09:03:54
1655975034795362000,32.35,2,32.35,12,32.4,21,2,2022-06-23 09:03:54
1655975034831838000,32.35,1,32.35,11,32.4,21,2,2022-06-23 09:03:54
1655975035030269000,32.4,1,32.35,11,32.4,20,1,2022-06-23 09:03:55
1655975035126596000,32.35,5,32.35,6,32.4,22,2,2022-06-23 09:03:55
1655975035153971000,32.35,6,32.3,29,32.4,22,2,2022-06-23 09:03:55
1655975035190272000,32.35,1,32.3,29,32.35,1,1,2022-06-23 09:03:55
1655975035758934000,32.35,1,32.3,29,32.35,16,1,2022-06-23 09:03:55
1655975036463534000,32.3,2,32.3,27,32.35,34,2,2022-06-23 09:03:56
1655975036482477000,32.3,7,32.3,20,32.35,42,2,2022-06-23 09:03:56
1655975036493794000,32.3,1,32.3,19,32.35,42,2,2022-06-23 09:03:56
1655975036503434000,32.3,5,32.3,14,32.35,42,2,2022-06-23 09:03:56
1655975036520848000,32.3,10,32.3,4,32.35,42,2,2022-06-23 09:03:56
1655975036524085000,32.3,4,32.25,4,32.35,42,2,2022-06-23 09:03:56
1655975036999438000,32.25,4,32.2,22,32.3,69,2,2022-06-23 09:03:56
1655975036999438000,32.2,1,32.2,22,32.3,69,2,2022-06-23 09:03:56
1655975037176283000,32.25,1,32.2,19,32.25,10,1,2022-06-23 09:03:57
1655975037555154000,32.25,1,32.2,19,32.25,15,1,2022-06-23 09:03:57
1655975037618794000,32.2,10,32.2,9,32.25,20,2,2022-06-23 09:03:57
1655975037649787000,32.2,1,32.2,8,32.25,20,2,2022-06-23 09:03:57
1655975037770384000,32.25,2,32.2,8,32.25,42,1,2022-06-23 09:03:57
1655975038039296000,32.2,2,32.2,6,32.25,42,2,2022-06-23 09:03:58
1655975038281089000,32.25,1,32.2,6,32.25,41,1,2022-06-23 09:03:58
1655975038311591000,32.2,1,32.2,5,32.25,41,2,2022-06-23 09:03:58
1655975038618918000,32.25,1,32.2,5,32.25,40,1,2022-06-23 09:03:58
1655975038686238000,32.2,1,32.2,4,32.25,40,2,2022-06-23 09:03:58
1655975038706465000,32.25,1,32.2,4,32.25,39,1,2022-06-23 09:03:58
1655975038737915000,32.2,1,32.2,3,32.25,39,2,2022-06-23 09:03:58
1655975038750987000,32.2,3,32.15,77,32.25,39,2,2022-06-23 09:03:58
1655975039260327000,32.25,3,32.15,77,32.25,36,1,2022-06-23 09:03:59
1655975039942060000,32.15,10,32.15,67,32.2,22,2,2022-06-23 09:03:59
1655975039975433000,32.15,1,32.15,66,32.2,22,2,2022-06-23 09:03:59
1655975040007580000,32.15,1,32.15,65,32.2,22,2,2022-06-23 09:04:00
1655975040067583000,32.15,3,32.15,62,32.2,32,2,2022-06-23 09:04:00
1655975040277034000,32.2,1,32.15,62,32.2,35,1,2022-06-23 09:04:00
1655975040767466000,32.2,1,32.15,62,32.2,34,1,2022-06-23 09:04:00
1655975041014144000,32.2,1,32.15,62,32.2,35,1,2022-06-23 09:04:01
1655975041047085000,32.15,1,32.15,61,32.2,35,2,2022-06-23 09:04:01
1655975041078087000,32.15,1,32.15,60,32.2,35,2,2022-06-23 09:04:01
1655975041175537000,32.15,3,32.15,57,32.2,35,2,2022-06-23 09:04:01
1655975041213598000,32.15,1,32.15,56,32.2,35,2,2022-06-23 09:04:01
1655975041394339000,32.2,3,32.15,56,32.2,32,1,2022-06-23 09:04:01
1655975041520438000,32.15,1,32.15,53,32.2,32,2,2022-06-23 09:04:01
1655975041789888000,32.2,1,32.15,54,32.2,31,1,2022-06-23 09:04:01
1655975042454500000,32.2,2,32.15,54,32.2,21,1,2022-06-23 09:04:02
1655975042492679000,32.2,16,32.15,54,32.2,5,1,2022-06-23 09:04:02
1655975042523669000,32.2,2,32.15,54,32.2,3,1,2022-06-23 09:04:02
1655975042529439000,32.15,1,32.15,53,32.2,3,2,2022-06-23 09:04:02
1655975042626191000,32.15,2,32.15,51,32.2,3,2,2022-06-23 09:04:02
1655975042878988000,32.2,1,32.15,51,32.2,2,1,2022-06-23 09:04:02
1655975043012983000,32.2,1,32.15,51,32.2,1,1,2022-06-23 09:04:03
1655975043177253000,32.15,2,32.15,49,32.2,2,2,2022-06-23 09:04:03
1655975043245523000,32.2,1,32.15,49,32.2,1,1,2022-06-23 09:04:03
1655975043276701000,32.2,1,32.15,49,32.25,11,1,2022-06-23 09:04:03
1655975043418900000,32.15,49,32.1,69,32.25,11,2,2022-06-23 09:04:03
1655975043418900000,32.1,1,32.1,69,32.25,11,2,2022-06-23 09:04:03
1655975043926897000,32.1,10,32.1,62,32.2,4,2,2022-06-23 09:04:03
1655975044242915000,32.15,2,32.1,60,32.15,2,1,2022-06-23 09:04:04
1655975044351982000,32.1,1,32.1,59,32.15,2,2,2022-06-23 09:04:04
1655975044486783000,32.15,1,32.1,59,32.15,1,1,2022-06-23 09:04:04
1655975044556993000,32.15,1,32.1,56,32.2,16,1,2022-06-23 09:04:04
1655975044588554000,32.1,1,32.1,55,32.2,16,2,2022-06-23 09:04:04
1655975044805787000,32.2,15,32.1,55,32.2,2,1,2022-06-23 09:04:04
1655975044927377000,32.1,12,32.1,43,32.15,4,2,2022-06-23 09:04:04
1655975044966019000,32.1,1,32.1,42,32.15,4,2,2022-06-23 09:04:04
1655975045361489000,32.1,4,32.1,38,32.15,4,2,2022-06-23 09:04:05
1655975045857352000,32.15,4,32.1,34,32.15,10,1,2022-06-23 09:04:05
1655975045893851000,32.15,1,32.1,34,32.15,9,1,2022-06-23 09:04:05
1655975045895742000,32.1,10,32.1,24,32.15,9,2,2022-06-23 09:04:05
1655975045922850000,32.1,1,32.1,23,32.15,11,2,2022-06-23 09:04:05
1655975046119537000,32.1,6,32.1,17,32.15,11,2,2022-06-23 09:04:06
1655975046159661000,32.1,1,32.1,16,32.15,13,2,2022-06-23 09:04:06
1655975046187828000,32.15,5,32.1,16,32.15,8,1,2022-06-23 09:04:06
1655975046387514000,32.1,8,32.1,8,32.15,8,2,2022-06-23 09:04:06
1655975047064620000,32.1,3,32.1,5,32.15,12,2,2022-06-23 09:04:07
