symbol,datetime,NaOb_r,NbOa_r,NaOb_s,NbOa_s,bid1,ask1,odd_bid1,odd_ask1,bidQty1,askQty1,odd_bidQty1,odd_askQty1,simulate,triggerbyOdd
2303,2022-11-02 09:19:51.723395,0.0,-0.00254452926208637,0.0,-0.09999999999999432,39.2,39.25,39.25,39.3,295.0,275.0,62.0,2805.0,True,True
2303,2022-11-02 09:19:51.786683,0.0,-0.00254452926208637,0.0,-0.09999999999999432,39.2,39.25,39.25,39.3,295.0,272.0,62.0,2805.0,False,False
2303,2022-11-02 09:19:51.788085,0.0,-0.00254452926208637,0.0,-0.09999999999999432,39.2,39.25,39.25,39.3,292.0,272.0,62.0,2805.0,False,False
2303,2022-11-02 09:19:52.039533,0.0,-0.00254452926208637,0.0,-0.09999999999999432,39.2,39.25,39.25,39.3,292.0,272.0,62.0,2805.0,False,False
2303,2022-11-02 09:19:52.087793,0.0,-0.00254452926208637,0.0,-0.09999999999999432,39.2,39.25,39.25,39.3,292.0,272.0,62.0,2805.0,False,False
2303,2022-11-02 09:19:52.586392,0.0,-0.00254452926208637,0.0,-0.09999999999999432,39.2,39.25,39.25,39.3,292.0,273.0,62.0,2805.0,False,False
2303,2022-11-02 09:19:52.654616,0.0,-0.00254452926208637,0.0,-0.09999999999999432,39.2,39.25,39.25,39.3,292.0,273.0,62.0,2805.0,False,False
2303,2022-11-02 09:19:53.966838,0.0,-0.00254452926208637,0.0,-0.09999999999999432,39.2,39.25,39.25,39.3,291.0,273.0,62.0,2805.0,False,False
2303,2022-11-02 09:19:54.187128,0.0,-0.00254452926208637,0.0,-0.09999999999999432,39.2,39.25,39.25,39.3,291.0,273.0,62.0,2805.0,False,False
2303,2022-11-02 09:19:54.620639,0.0,-0.00254452926208637,0.0,-0.09999999999999432,39.2,39.25,39.25,39.3,291.0,272.0,62.0,2805.0,False,False
2303,2022-11-02 09:19:54.830578,0.0,-0.00254452926208637,0.0,-0.09999999999999432,39.2,39.25,39.25,39.3,291.0,272.0,62.0,2805.0,False,False
2303,2022-11-02 09:19:55.240937,0.0,-0.00254452926208637,0.0,-0.09999999999999432,39.2,39.25,39.25,39.3,291.0,272.0,62.0,2805.0,False,False
2303,2022-11-02 09:19:55.432549,0.0,-0.00254452926208637,0.0,-0.09999999999999432,39.2,39.25,39.25,39.3,291.0,272.0,62.0,2805.0,False,False
2303,2022-11-02 09:19:55.450010,0.0,-0.00254452926208637,0.0,-0.09999999999999432,39.2,39.25,39.25,39.3,296.0,272.0,62.0,2805.0,False,False
2303,2022-11-02 09:19:55.897221,0.0,-0.00254452926208637,0.0,-0.09999999999999432,39.2,39.25,39.25,39.3,295.0,272.0,62.0,2805.0,False,False
2303,2022-11-02 09:19:56.101005,0.0,-0.00254452926208637,0.0,-0.09999999999999432,39.2,39.25,39.25,39.3,295.0,272.0,62.0,2805.0,False,False
2303,2022-11-02 09:19:56.115783,0.0,-0.00254452926208637,0.0,-0.09999999999999432,39.2,39.25,39.25,39.3,295.0,272.0,62.0,2805.0,False,False
2303,2022-11-02 09:19:56.592811,0.0,-0.00254452926208637,0.0,-0.09999999999999432,39.2,39.25,39.25,39.3,295.0,272.0,62.0,2805.0,False,False
2303,2022-11-02 09:19:56.594404,0.0,-0.00254452926208637,0.0,-0.09999999999999432,39.2,39.25,39.25,39.3,295.0,276.0,62.0,2805.0,False,False
2303,2022-11-02 09:19:57.517361,0.0,-0.00254452926208637,0.0,-0.09999999999999432,39.2,39.25,39.25,39.3,295.0,276.0,62.0,2805.0,False,False
2303,2022-11-02 09:19:57.716655,0.0,-0.00254452926208637,0.0,-0.09999999999999432,39.2,39.25,39.25,39.3,297.0,276.0,62.0,2805.0,False,False
2303,2022-11-02 09:19:58.469488,0.0,-0.00254452926208637,0.0,-0.09999999999999432,39.2,39.25,39.25,39.3,297.0,276.0,62.0,2805.0,False,False
2303,2022-11-02 09:19:58.782625,0.0,-0.00254452926208637,0.0,-0.09999999999999432,39.2,39.25,39.25,39.3,297.0,273.0,62.0,2805.0,False,False
2303,2022-11-02 09:19:58.783764,0.0,-0.00254452926208637,0.0,-0.09999999999999432,39.2,39.25,39.25,39.3,295.0,273.0,62.0,2805.0,False,False
2303,2022-11-02 09:19:58.785491,0.0,-0.00254452926208637,0.0,-0.09999999999999432,39.2,39.25,39.25,39.3,294.0,273.0,62.0,2805.0,False,False
2303,2022-11-02 09:19:58.823952,0.0,-0.00254452926208637,0.0,-0.09999999999999432,39.2,39.25,39.25,39.3,294.0,222.0,62.0,2805.0,False,False
2303,2022-11-02 09:19:58.889231,0.0,-0.00254452926208637,0.0,-0.09999999999999432,39.2,39.25,39.25,39.3,294.0,222.0,62.0,2805.0,False,False
2303,2022-11-02 09:19:58.964673,0.0,-0.00254452926208637,0.0,-0.09999999999999432,39.2,39.25,39.25,39.3,294.0,222.0,62.0,2805.0,False,False
2303,2022-11-02 09:19:59.175377,0.0,-0.00254452926208637,0.0,-0.09999999999999432,39.2,39.25,39.25,39.3,294.0,222.0,62.0,2805.0,False,False
2303,2022-11-02 09:19:59.179294,0.0,-0.00254452926208637,0.0,-0.09999999999999432,39.2,39.25,39.25,39.3,294.0,222.0,62.0,2805.0,False,False
2303,2022-11-02 09:19:59.720924,0.0,-0.00254452926208637,0.0,-0.09999999999999432,39.2,39.25,39.25,39.3,294.0,222.0,62.0,2805.0,False,False
2303,2022-11-02 09:20:00.156752,0.0,-0.00254452926208637,0.0,-0.09999999999999432,39.2,39.25,39.25,39.3,294.0,222.0,62.0,2805.0,False,False
2303,2022-11-02 09:20:00.444410,0.0,-0.00254452926208637,0.0,-0.09999999999999432,39.2,39.25,39.25,39.3,293.0,222.0,62.0,2805.0,False,False
2303,2022-11-02 09:20:00.721191,0.0,-0.00254452926208637,0.0,-0.09999999999999432,39.2,39.25,39.25,39.3,293.0,222.0,62.0,2805.0,False,False
2303,2022-11-02 09:20:00.725826,0.0,-0.00254452926208637,0.0,-0.09999999999999432,39.2,39.25,39.25,39.3,293.0,222.0,62.0,2805.0,False,False
2303,2022-11-02 09:20:01.592309,0.0,-0.00254452926208637,0.0,-0.09999999999999432,39.2,39.25,39.25,39.3,292.0,222.0,62.0,2805.0,False,False
2303,2022-11-02 09:20:01.593148,0.0,-0.00254452926208637,0.0,-0.09999999999999432,39.2,39.25,39.25,39.3,292.0,218.0,62.0,2805.0,False,False
2303,2022-11-02 09:20:01.767099,0.0,-0.00254452926208637,0.0,-0.09999999999999432,39.2,39.25,39.25,39.3,292.0,218.0,62.0,2805.0,True,True
2303,2022-11-02 09:20:02.435871,0.0,-0.00254452926208637,0.0,-0.09999999999999432,39.2,39.25,39.25,39.3,292.0,82.0,62.0,2805.0,False,False
2303,2022-11-02 09:20:02.457404,0.0,-0.00254452926208637,0.0,-0.09999999999999432,39.2,39.25,39.25,39.3,292.0,82.0,62.0,2805.0,False,False
2303,2022-11-02 09:20:02.471855,0.0,-0.00254452926208637,0.0,-0.09999999999999432,39.2,39.25,39.25,39.3,292.0,61.0,62.0,2805.0,False,False
2303,2022-11-02 09:20:02.544259,0.0,-0.00254452926208637,0.0,-0.09999999999999432,39.2,39.25,39.25,39.3,294.0,61.0,62.0,2805.0,False,False
2303,2022-11-02 09:20:02.591743,0.0,-0.00254452926208637,0.0,-0.09999999999999432,39.2,39.25,39.25,39.3,294.0,61.0,62.0,2805.0,False,False
2303,2022-11-02 09:20:02.742408,0.0,-0.00254452926208637,0.0,-0.09999999999999432,39.2,39.25,39.25,39.3,294.0,43.0,62.0,2805.0,False,False
2303,2022-11-02 09:20:02.801635,0.0,-0.00254452926208637,0.0,-0.09999999999999432,39.2,39.25,39.25,39.3,294.0,71.0,62.0,2805.0,False,False
2303,2022-11-02 09:20:03.164810,0.0,-0.00254452926208637,0.0,-0.09999999999999432,39.2,39.25,39.25,39.3,294.0,70.0,62.0,2805.0,False,False
2303,2022-11-02 09:20:03.227036,0.0,-0.00254452926208637,0.0,-0.09999999999999432,39.2,39.25,39.25,39.3,294.0,70.0,62.0,2805.0,False,False
2303,2022-11-02 09:20:05.128768,0.0,-0.00254452926208637,0.0,-0.09999999999999432,39.2,39.25,39.25,39.3,294.0,69.0,62.0,2805.0,False,False
2303,2022-11-02 09:20:05.805350,0.0,-0.00254452926208637,0.0,-0.09999999999999432,39.2,39.25,39.25,39.3,294.0,69.0,62.0,2805.0,False,False
2303,2022-11-02 09:20:06.147414,0.0,-0.00254452926208637,0.0,-0.09999999999999432,39.2,39.25,39.25,39.3,292.0,69.0,62.0,2805.0,False,False
2303,2022-11-02 09:20:07.183868,0.0,-0.00254452926208637,0.0,-0.09999999999999432,39.2,39.25,39.25,39.3,292.0,68.0,62.0,2805.0,False,False
2303,2022-11-02 09:20:07.462724,0.0,-0.00254452926208637,0.0,-0.09999999999999432,39.2,39.25,39.25,39.3,292.0,68.0,62.0,2805.0,False,False
2303,2022-11-02 09:20:07.705427,0.0,-0.00254452926208637,0.0,-0.09999999999999432,39.2,39.25,39.25,39.3,292.0,64.0,62.0,2805.0,False,False
2303,2022-11-02 09:20:08.336197,0.0,-0.00254452926208637,0.0,-0.09999999999999432,39.2,39.25,39.25,39.3,292.0,64.0,62.0,2805.0,False,False
2303,2022-11-02 09:20:08.831547,0.0,-0.00254452926208637,0.0,-0.09999999999999432,39.2,39.25,39.25,39.3,292.0,60.0,62.0,2805.0,False,False
2303,2022-11-02 09:20:08.832449,0.0,-0.00254452926208637,0.0,-0.09999999999999432,39.2,39.25,39.25,39.3,288.0,60.0,62.0,2805.0,False,False
2303,2022-11-02 09:20:09.246796,0.0,-0.00254452926208637,0.0,-0.09999999999999432,39.2,39.25,39.25,39.3,288.0,60.0,62.0,2805.0,False,False
2303,2022-11-02 09:20:09.319761,0.0,-0.00254452926208637,0.0,-0.09999999999999432,39.2,39.25,39.25,39.3,288.0,60.0,62.0,2805.0,False,False
2303,2022-11-02 09:20:09.363448,0.0,-0.00254452926208637,0.0,-0.09999999999999432,39.2,39.25,39.25,39.3,288.0,60.0,62.0,2805.0,False,False
2303,2022-11-02 09:20:09.647755,0.0,-0.00254452926208637,0.0,-0.09999999999999432,39.2,39.25,39.25,39.3,286.0,60.0,62.0,2805.0,False,False
2303,2022-11-02 09:20:09.701346,0.0,-0.00254452926208637,0.0,-0.09999999999999432,39.2,39.25,39.25,39.3,294.0,60.0,62.0,2805.0,False,False
2303,2022-11-02 09:20:10.353193,0.0,-0.00254452926208637,0.0,-0.09999999999999432,39.2,39.25,39.25,39.3,294.0,60.0,62.0,2805.0,False,False
2303,2022-11-02 09:20:10.403501,0.0,-0.00254452926208637,0.0,-0.09999999999999432,39.2,39.25,39.25,39.3,294.0,60.0,62.0,2805.0,False,False
2303,2022-11-02 09:20:11.473921,0.0,-0.00254452926208637,0.0,-0.09999999999999432,39.2,39.25,39.25,39.3,294.0,60.0,62.0,2805.0,False,False
2303,2022-11-02 09:20:11.869337,0.0,-0.00254452926208637,0.0,-0.09999999999999432,39.2,39.25,39.25,39.3,294.0,60.0,62.0,2805.0,True,True
2303,2022-11-02 09:20:13.271100,0.0,-0.00254452926208637,0.0,-0.09999999999999432,39.2,39.25,39.25,39.3,294.0,59.0,62.0,2805.0,False,False
2303,2022-11-02 09:20:13.699089,0.0,-0.00254452926208637,0.0,-0.09999999999999432,39.2,39.25,39.25,39.3,294.0,59.0,62.0,2805.0,False,False
2303,2022-11-02 09:20:13.962838,0.0,-0.00254452926208637,0.0,-0.09999999999999432,39.2,39.25,39.25,39.3,294.0,58.0,62.0,2805.0,False,False
2303,2022-11-02 09:20:14.135267,0.0,-0.00254452926208637,0.0,-0.09999999999999432,39.2,39.25,39.25,39.3,294.0,58.0,62.0,2805.0,False,False
2303,2022-11-02 09:20:14.164695,0.0,-0.00254452926208637,0.0,-0.09999999999999432,39.2,39.25,39.25,39.3,294.0,58.0,62.0,2805.0,False,False
2303,2022-11-02 09:20:14.530471,0.0,-0.00254452926208637,0.0,-0.09999999999999432,39.2,39.25,39.25,39.3,304.0,58.0,62.0,2805.0,False,False
2303,2022-11-02 09:20:14.565521,0.0,-0.00254452926208637,0.0,-0.09999999999999432,39.2,39.25,39.25,39.3,304.0,55.0,62.0,2805.0,False,False
2303,2022-11-02 09:20:14.621297,0.0,-0.00254452926208637,0.0,-0.09999999999999432,39.2,39.25,39.25,39.3,301.0,54.0,62.0,2805.0,False,False
2303,2022-11-02 09:20:14.566727,0.0,-0.00254452926208637,0.0,-0.09999999999999432,39.2,39.25,39.25,39.3,301.0,55.0,62.0,2805.0,False,False
2303,2022-11-02 09:20:14.763891,0.0,-0.00254452926208637,0.0,-0.09999999999999432,39.2,39.25,39.25,39.3,302.0,34.0,62.0,2805.0,False,False
2303,2022-11-02 09:20:14.745528,0.0,-0.00254452926208637,0.0,-0.09999999999999432,39.2,39.25,39.25,39.3,302.0,54.0,62.0,2805.0,False,False
2303,2022-11-02 09:20:14.848882,0.0,-0.00254452926208637,0.0,-0.09999999999999432,39.2,39.25,39.25,39.3,300.0,31.0,62.0,2805.0,False,False
2303,2022-11-02 09:20:14.850484,0.0,-0.00254452926208637,0.0,-0.09999999999999432,39.2,39.25,39.25,39.3,291.0,16.0,62.0,2805.0,False,False
2303,2022-11-02 09:20:14.852621,0.0,-0.00254452926208637,0.0,-0.09999999999999432,39.2,39.25,39.25,39.3,291.0,13.0,62.0,2805.0,False,False
2303,2022-11-02 09:20:14.848982,0.0,-0.00254452926208637,0.0,-0.09999999999999432,39.2,39.25,39.25,39.3,291.0,31.0,62.0,2805.0,False,False
2303,2022-11-02 09:20:14.885212,0.0,-0.00254452926208637,0.0,-0.09999999999999432,39.2,39.25,39.25,39.3,291.0,6.0,62.0,2805.0,False,False
2303,2022-11-02 09:20:14.991883,0.0,-0.00254452926208637,0.0,-0.09999999999999432,39.2,39.25,39.25,39.3,300.0,96.0,62.0,2805.0,False,False
2303,2022-11-02 09:20:15.067456,0.0,-0.00254452926208637,0.0,-0.09999999999999432,39.2,39.25,39.25,39.3,299.0,96.0,62.0,2805.0,False,False
2303,2022-11-02 09:20:16.192309,0.0,-0.00254452926208637,0.0,-0.09999999999999432,39.2,39.25,39.25,39.3,299.0,96.0,62.0,2805.0,False,False
2303,2022-11-02 09:20:16.425864,0.0,-0.00254452926208637,0.0,-0.09999999999999432,39.2,39.25,39.25,39.3,299.0,102.0,62.0,2805.0,False,False
2303,2022-11-02 09:20:16.443809,0.0,-0.00254452926208637,0.0,-0.09999999999999432,39.2,39.25,39.25,39.3,290.0,102.0,62.0,2805.0,False,False
2303,2022-11-02 09:20:16.527090,0.0,-0.00254452926208637,0.0,-0.09999999999999432,39.2,39.25,39.25,39.3,290.0,100.0,62.0,2805.0,False,False
2303,2022-11-02 09:20:16.712872,0.0,-0.00254452926208637,0.0,-0.09999999999999432,39.2,39.25,39.25,39.3,290.0,100.0,62.0,2805.0,False,False
2303,2022-11-02 09:20:16.978964,0.0,-0.00254452926208637,0.0,-0.09999999999999432,39.2,39.25,39.25,39.3,290.0,93.0,62.0,2805.0,False,False
2303,2022-11-02 09:20:17.618789,0.0,-0.00254452926208637,0.0,-0.09999999999999432,39.2,39.25,39.25,39.3,290.0,93.0,62.0,2805.0,False,False
2303,2022-11-02 09:20:17.621114,0.0,-0.00254452926208637,0.0,-0.09999999999999432,39.2,39.25,39.25,39.3,291.0,93.0,62.0,2805.0,False,False
2303,2022-11-02 09:20:17.858864,0.0,-0.00254452926208637,0.0,-0.09999999999999432,39.2,39.25,39.25,39.3,291.0,94.0,62.0,2805.0,False,False
2303,2022-11-02 09:20:17.917491,0.0,-0.00254452926208637,0.0,-0.09999999999999432,39.2,39.25,39.25,39.3,291.0,96.0,62.0,2805.0,False,False
2303,2022-11-02 09:20:18.016724,0.0,-0.00254452926208637,0.0,-0.09999999999999432,39.2,39.25,39.25,39.3,291.0,96.0,62.0,2805.0,False,False
2303,2022-11-02 09:20:18.652954,0.0,-0.00254452926208637,0.0,-0.09999999999999432,39.2,39.25,39.25,39.3,291.0,97.0,62.0,2805.0,False,False
2303,2022-11-02 09:20:18.683509,0.0,-0.00254452926208637,0.0,-0.09999999999999432,39.2,39.25,39.25,39.3,289.0,97.0,62.0,2805.0,False,False
2303,2022-11-02 09:20:19.003629,0.0,-0.00254452926208637,0.0,-0.09999999999999432,39.2,39.25,39.25,39.3,289.0,98.0,62.0,2805.0,False,False
2303,2022-11-02 09:20:19.069610,0.0,-0.00254452926208637,0.0,-0.09999999999999432,39.2,39.25,39.25,39.3,279.0,98.0,62.0,2805.0,False,False
2303,2022-11-02 09:20:19.136108,0.0,-0.00254452926208637,0.0,-0.09999999999999432,39.2,39.25,39.25,39.3,279.0,98.0,62.0,2805.0,False,False
2303,2022-11-02 09:20:19.143608,0.0,-0.00254452926208637,0.0,-0.09999999999999432,39.2,39.25,39.25,39.3,279.0,88.0,62.0,2805.0,False,False
2303,2022-11-02 09:20:19.264549,0.0,-0.00254452926208637,0.0,-0.09999999999999432,39.2,39.25,39.25,39.3,279.0,88.0,62.0,2805.0,False,False
2303,2022-11-02 09:20:19.634476,0.0,-0.00254452926208637,0.0,-0.09999999999999432,39.2,39.25,39.25,39.3,279.0,88.0,62.0,2805.0,False,False
2303,2022-11-02 09:20:20.108191,0.0,-0.00254452926208637,0.0,-0.09999999999999432,39.2,39.25,39.25,39.3,279.0,87.0,62.0,2805.0,False,False
2303,2022-11-02 09:20:20.685795,0.0,-0.00254452926208637,0.0,-0.09999999999999432,39.2,39.25,39.25,39.3,279.0,88.0,62.0,2805.0,False,False
2303,2022-11-02 09:20:21.037594,0.0,-0.00254452926208637,0.0,-0.09999999999999432,39.2,39.25,39.25,39.3,279.0,89.0,62.0,2805.0,False,False
2303,2022-11-02 09:20:21.207737,0.0,-0.00254452926208637,0.0,-0.09999999999999432,39.2,39.25,39.25,39.3,279.0,89.0,62.0,2805.0,False,False
2303,2022-11-02 09:20:21.300092,0.0,-0.00254452926208637,0.0,-0.09999999999999432,39.2,39.25,39.25,39.3,279.0,89.0,62.0,2805.0,False,False
2303,2022-11-02 09:20:21.952012,0.0,-0.00254452926208637,0.0,-0.09999999999999432,39.2,39.25,39.25,39.3,279.0,89.0,62.0,2805.0,True,True
2303,2022-11-02 09:20:22.859232,0.0,-0.00254452926208637,0.0,-0.09999999999999432,39.2,39.25,39.25,39.3,279.0,89.0,62.0,2805.0,False,False
2303,2022-11-02 09:20:23.913642,0.0,-0.00254452926208637,0.0,-0.09999999999999432,39.2,39.25,39.25,39.3,279.0,84.0,62.0,2805.0,False,False
2303,2022-11-02 09:20:23.967140,0.0,-0.00254452926208637,0.0,-0.09999999999999432,39.2,39.25,39.25,39.3,279.0,84.0,62.0,2805.0,False,False
2303,2022-11-02 09:20:24.008448,0.0,-0.00254452926208637,0.0,-0.09999999999999432,39.2,39.25,39.25,39.3,279.0,106.0,62.0,2805.0,False,False
2303,2022-11-02 09:20:24.194594,0.0,-0.00254452926208637,0.0,-0.09999999999999432,39.2,39.25,39.25,39.3,279.0,106.0,62.0,2805.0,False,False
2303,2022-11-02 09:20:25.367359,0.0,-0.00254452926208637,0.0,-0.09999999999999432,39.2,39.25,39.25,39.3,280.0,106.0,62.0,2805.0,False,False
2303,2022-11-02 09:20:25.531836,0.0,-0.00254452926208637,0.0,-0.09999999999999432,39.2,39.25,39.25,39.3,280.0,109.0,62.0,2805.0,False,False
2303,2022-11-02 09:20:25.695158,0.0,-0.00254452926208637,0.0,-0.09999999999999432,39.2,39.25,39.25,39.3,280.0,109.0,62.0,2805.0,False,False
2303,2022-11-02 09:20:25.722178,0.0,-0.00254452926208637,0.0,-0.09999999999999432,39.2,39.25,39.25,39.3,280.0,131.0,62.0,2805.0,False,False
2303,2022-11-02 09:20:26.587207,0.0,-0.00254452926208637,0.0,-0.09999999999999432,39.2,39.25,39.25,39.3,281.0,131.0,62.0,2805.0,False,False
2303,2022-11-02 09:20:26.590299,0.0,-0.00254452926208637,0.0,-0.09999999999999432,39.2,39.25,39.25,39.3,281.0,131.0,62.0,2805.0,False,False
2303,2022-11-02 09:20:26.750212,0.0,-0.00254452926208637,0.0,-0.09999999999999432,39.2,39.25,39.25,39.3,281.0,135.0,62.0,2805.0,False,False
2303,2022-11-02 09:20:27.567470,0.0,-0.00254452926208637,0.0,-0.09999999999999432,39.2,39.25,39.25,39.3,281.0,135.0,62.0,2805.0,False,False
2303,2022-11-02 09:20:27.605802,0.0,-0.00254452926208637,0.0,-0.09999999999999432,39.2,39.25,39.25,39.3,281.0,139.0,62.0,2805.0,False,False
2303,2022-11-02 09:20:28.518231,0.0,-0.00254452926208637,0.0,-0.09999999999999432,39.2,39.25,39.25,39.3,281.0,139.0,62.0,2805.0,False,False
2303,2022-11-02 09:20:28.692537,0.0,-0.00254452926208637,0.0,-0.09999999999999432,39.2,39.25,39.25,39.3,282.0,139.0,62.0,2805.0,False,False
2303,2022-11-02 09:20:29.744415,0.0,-0.00254452926208637,0.0,-0.09999999999999432,39.2,39.25,39.25,39.3,282.0,139.0,62.0,2805.0,False,False
2303,2022-11-02 09:20:29.744556,0.0,-0.00254452926208637,0.0,-0.09999999999999432,39.2,39.25,39.25,39.3,282.0,139.0,62.0,2805.0,False,False
2303,2022-11-02 09:20:29.835889,0.0,-0.00254452926208637,0.0,-0.09999999999999432,39.2,39.25,39.25,39.3,282.0,138.0,62.0,2805.0,False,False
2303,2022-11-02 09:20:30.294715,0.0,-0.00254452926208637,0.0,-0.09999999999999432,39.2,39.25,39.25,39.3,280.0,138.0,62.0,2805.0,False,False
2303,2022-11-02 09:20:32.011396,0.0,-0.00254452926208637,0.0,-0.09999999999999432,39.2,39.25,39.25,39.3,280.0,138.0,42.0,2805.0,True,True
2303,2022-11-02 09:20:32.727987,0.0,-0.00254452926208637,0.0,-0.09999999999999432,39.2,39.25,39.25,39.3,280.0,138.0,42.0,2805.0,False,False
2303,2022-11-02 09:20:34.048446,0.0,-0.00254452926208637,0.0,-0.09999999999999432,39.2,39.25,39.25,39.3,282.0,138.0,42.0,2805.0,False,False
2303,2022-11-02 09:20:34.110734,0.0,-0.00254452926208637,0.0,-0.09999999999999432,39.2,39.25,39.25,39.3,282.0,138.0,42.0,2805.0,False,False
2303,2022-11-02 09:20:34.281331,0.0,-0.00254452926208637,0.0,-0.09999999999999432,39.2,39.25,39.25,39.3,282.0,137.0,42.0,2805.0,False,False
2303,2022-11-02 09:20:35.143392,0.0,-0.00254452926208637,0.0,-0.09999999999999432,39.2,39.25,39.25,39.3,281.0,137.0,42.0,2805.0,False,False
2303,2022-11-02 09:20:35.853842,0.0,-0.00254452926208637,0.0,-0.09999999999999432,39.2,39.25,39.25,39.3,281.0,137.0,42.0,2805.0,False,False
2303,2022-11-02 09:20:36.753095,0.0,-0.00254452926208637,0.0,-0.09999999999999432,39.2,39.25,39.25,39.3,281.0,136.0,42.0,2805.0,False,False
2303,2022-11-02 09:20:36.794075,0.0,-0.00254452926208637,0.0,-0.09999999999999432,39.2,39.25,39.25,39.3,289.0,136.0,42.0,2805.0,False,False
2303,2022-11-02 09:20:37.931807,0.0,-0.00254452926208637,0.0,-0.09999999999999432,39.2,39.25,39.25,39.3,289.0,132.0,42.0,2805.0,False,False
2303,2022-11-02 09:20:37.933360,0.0,-0.00254452926208637,0.0,-0.09999999999999432,39.2,39.25,39.25,39.3,285.0,132.0,42.0,2805.0,False,False
2303,2022-11-02 09:20:38.986959,0.0,-0.00254452926208637,0.0,-0.09999999999999432,39.2,39.25,39.25,39.3,285.0,132.0,42.0,2805.0,False,False
2303,2022-11-02 09:20:39.355550,0.0,-0.00254452926208637,0.0,-0.09999999999999432,39.2,39.25,39.25,39.3,285.0,132.0,42.0,2805.0,False,False
2303,2022-11-02 09:20:39.914380,0.0,-0.00254452926208637,0.0,-0.09999999999999432,39.2,39.25,39.25,39.3,285.0,122.0,42.0,2805.0,False,False
2303,2022-11-02 09:20:40.029066,0.0,-0.00254452926208637,0.0,-0.09999999999999432,39.2,39.25,39.25,39.3,285.0,124.0,42.0,2805.0,False,False
2303,2022-11-02 09:20:42.062982,0.0,-0.00254452926208637,0.0,-0.09999999999999432,39.2,39.25,39.25,39.3,285.0,124.0,42.0,3305.0,True,True
2303,2022-11-02 09:20:42.281784,0.0,-0.00254452926208637,0.0,-0.09999999999999432,39.2,39.25,39.25,39.3,287.0,124.0,42.0,3305.0,False,False
2303,2022-11-02 09:20:44.055446,0.0,-0.00254452926208637,0.0,-0.09999999999999432,39.2,39.25,39.25,39.3,287.0,124.0,42.0,3305.0,False,False
2303,2022-11-02 09:20:44.158133,0.0,-0.00254452926208637,0.0,-0.09999999999999432,39.2,39.25,39.25,39.3,287.0,124.0,42.0,3305.0,False,False
2303,2022-11-02 09:20:44.409349,0.0,-0.00254452926208637,0.0,-0.09999999999999432,39.2,39.25,39.25,39.3,287.0,125.0,42.0,3305.0,False,False
2303,2022-11-02 09:20:44.735598,0.0,-0.00254452926208637,0.0,-0.09999999999999432,39.2,39.25,39.25,39.3,287.0,125.0,42.0,3305.0,False,False
2303,2022-11-02 09:20:44.831444,0.0,-0.00254452926208637,0.0,-0.09999999999999432,39.2,39.25,39.25,39.3,287.0,125.0,42.0,3305.0,False,False
2303,2022-11-02 09:20:44.917013,0.0,-0.00254452926208637,0.0,-0.09999999999999432,39.2,39.25,39.25,39.3,287.0,123.0,42.0,3305.0,False,False
2303,2022-11-02 09:20:44.840216,0.0,-0.00254452926208637,0.0,-0.09999999999999432,39.2,39.25,39.25,39.3,287.0,125.0,42.0,3305.0,False,False
2303,2022-11-02 09:20:44.977390,0.0,-0.00254452926208637,0.0,-0.09999999999999432,39.2,39.25,39.25,39.3,287.0,123.0,42.0,3305.0,False,False
2303,2022-11-02 09:20:45.383008,0.0,-0.00254452926208637,0.0,-0.09999999999999432,39.2,39.25,39.25,39.3,287.0,163.0,42.0,3305.0,False,False
2303,2022-11-02 09:20:45.724066,0.0,-0.00254452926208637,0.0,-0.09999999999999432,39.2,39.25,39.25,39.3,287.0,163.0,42.0,3305.0,False,False
2303,2022-11-02 09:20:45.729313,0.0,-0.00254452926208637,0.0,-0.09999999999999432,39.2,39.25,39.25,39.3,287.0,169.0,42.0,3305.0,False,False
2303,2022-11-02 09:20:46.007341,0.0,-0.00254452926208637,0.0,-0.09999999999999432,39.2,39.25,39.25,39.3,287.0,169.0,42.0,3305.0,False,False
2303,2022-11-02 09:20:47.944643,0.0,-0.00254452926208637,0.0,-0.09999999999999432,39.2,39.25,39.25,39.3,287.0,164.0,42.0,3305.0,False,False
2303,2022-11-02 09:20:47.945870,0.0,-0.00254452926208637,0.0,-0.09999999999999432,39.2,39.25,39.25,39.3,283.0,164.0,42.0,3305.0,False,False
2303,2022-11-02 09:20:47.947738,0.0,-0.00254452926208637,0.0,-0.09999999999999432,39.2,39.25,39.25,39.3,282.0,164.0,42.0,3305.0,False,False
2303,2022-11-02 09:20:49.234545,0.0,-0.00254452926208637,0.0,-0.09999999999999432,39.2,39.25,39.25,39.3,282.0,166.0,42.0,3305.0,False,False
2303,2022-11-02 09:20:49.554949,0.0,-0.00254452926208637,0.0,-0.09999999999999432,39.2,39.25,39.25,39.3,282.0,166.0,42.0,3305.0,False,False
2303,2022-11-02 09:20:50.067920,0.0,-0.00254452926208637,0.0,-0.09999999999999432,39.2,39.25,39.25,39.3,282.0,166.0,42.0,3305.0,False,False
2303,2022-11-02 09:20:50.154875,0.0,-0.00254452926208637,0.0,-0.09999999999999432,39.2,39.25,39.25,39.3,282.0,167.0,42.0,3305.0,False,False
2303,2022-11-02 09:20:50.471577,0.0,-0.00254452926208637,0.0,-0.09999999999999432,39.2,39.25,39.25,39.3,285.0,167.0,42.0,3305.0,False,False
2303,2022-11-02 09:20:51.016554,0.0,-0.00254452926208637,0.0,-0.09999999999999432,39.2,39.25,39.25,39.3,285.0,167.0,42.0,3305.0,False,False
2303,2022-11-02 09:20:51.097268,0.0,-0.00254452926208637,0.0,-0.09999999999999432,39.2,39.25,39.25,39.3,285.0,166.0,42.0,3305.0,False,False
2303,2022-11-02 09:20:51.127235,0.0,-0.00254452926208637,0.0,-0.09999999999999432,39.2,39.25,39.25,39.3,285.0,162.0,42.0,3305.0,False,False
2303,2022-11-02 09:20:51.312619,0.0,-0.00254452926208637,0.0,-0.09999999999999432,39.2,39.25,39.25,39.3,285.0,162.0,42.0,3305.0,False,False
2303,2022-11-02 09:20:52.117047,-0.00127388535031836,-0.00127388535031836,-0.04999999999999716,-0.04999999999999716,39.2,39.25,39.2,39.25,285.0,162.0,448.0,458.0,True,True
2303,2022-11-02 09:20:52.747595,-0.00127388535031836,-0.00127388535031836,-0.04999999999999716,-0.04999999999999716,39.2,39.25,39.2,39.25,285.0,163.0,448.0,458.0,False,False
2303,2022-11-02 09:20:52.783143,-0.00127388535031836,-0.00127388535031836,-0.04999999999999716,-0.04999999999999716,39.2,39.25,39.2,39.25,286.0,163.0,448.0,458.0,False,False
2303,2022-11-02 09:20:53.202505,-0.00127388535031836,-0.00127388535031836,-0.04999999999999716,-0.04999999999999716,39.2,39.25,39.2,39.25,286.0,163.0,448.0,458.0,False,False
2303,2022-11-02 09:20:53.722604,-0.00127388535031836,-0.00127388535031836,-0.04999999999999716,-0.04999999999999716,39.2,39.25,39.2,39.25,286.0,158.0,448.0,458.0,False,False
2303,2022-11-02 09:20:53.951513,-0.00127388535031836,-0.00127388535031836,-0.04999999999999716,-0.04999999999999716,39.2,39.25,39.2,39.25,295.0,158.0,448.0,458.0,False,False
2303,2022-11-02 09:20:54.972467,-0.00127388535031836,-0.00127388535031836,-0.04999999999999716,-0.04999999999999716,39.2,39.25,39.2,39.25,295.0,156.0,448.0,458.0,False,False
2303,2022-11-02 09:20:55.551535,-0.00127388535031836,-0.00127388535031836,-0.04999999999999716,-0.04999999999999716,39.2,39.25,39.2,39.25,295.0,156.0,448.0,458.0,False,False
2303,2022-11-02 09:20:55.559505,-0.00127388535031836,-0.00127388535031836,-0.04999999999999716,-0.04999999999999716,39.2,39.25,39.2,39.25,295.0,156.0,448.0,458.0,False,False
2303,2022-11-02 09:20:56.107757,-0.00127388535031836,-0.00127388535031836,-0.04999999999999716,-0.04999999999999716,39.2,39.25,39.2,39.25,295.0,156.0,448.0,458.0,False,False
2303,2022-11-02 09:20:56.186069,-0.00127388535031836,-0.00127388535031836,-0.04999999999999716,-0.04999999999999716,39.2,39.25,39.2,39.25,294.0,156.0,448.0,458.0,False,False
2303,2022-11-02 09:20:56.447830,-0.00127388535031836,-0.00127388535031836,-0.04999999999999716,-0.04999999999999716,39.2,39.25,39.2,39.25,296.0,156.0,448.0,458.0,False,False
2303,2022-11-02 09:20:56.516614,-0.00127388535031836,-0.00127388535031836,-0.04999999999999716,-0.04999999999999716,39.2,39.25,39.2,39.25,296.0,146.0,448.0,458.0,False,False
2303,2022-11-02 09:20:56.816504,-0.00127388535031836,-0.00127388535031836,-0.04999999999999716,-0.04999999999999716,39.2,39.25,39.2,39.25,296.0,146.0,448.0,458.0,False,False
2303,2022-11-02 09:20:56.847695,-0.00127388535031836,-0.00127388535031836,-0.04999999999999716,-0.04999999999999716,39.2,39.25,39.2,39.25,296.0,143.0,448.0,458.0,False,False
2303,2022-11-02 09:20:56.852077,-0.00127388535031836,-0.00127388535031836,-0.04999999999999716,-0.04999999999999716,39.2,39.25,39.2,39.25,298.0,143.0,448.0,458.0,False,False
2303,2022-11-02 09:20:57.954030,-0.00127388535031836,-0.00127388535031836,-0.04999999999999716,-0.04999999999999716,39.2,39.25,39.2,39.25,298.0,140.0,448.0,458.0,False,False
2303,2022-11-02 09:20:57.955597,-0.00127388535031836,-0.00127388535031836,-0.04999999999999716,-0.04999999999999716,39.2,39.25,39.2,39.25,295.0,140.0,448.0,458.0,False,False
2303,2022-11-02 09:20:58.869231,-0.00127388535031836,-0.00127388535031836,-0.04999999999999716,-0.04999999999999716,39.2,39.25,39.2,39.25,295.0,140.0,448.0,458.0,False,False
2303,2022-11-02 09:21:01.508238,-0.00127388535031836,-0.00127388535031836,-0.04999999999999716,-0.04999999999999716,39.2,39.25,39.2,39.25,295.0,141.0,448.0,458.0,False,False
2303,2022-11-02 09:21:02.157417,-0.00127388535031836,-0.00127388535031836,-0.04999999999999716,-0.04999999999999716,39.2,39.25,39.2,39.25,295.0,141.0,448.0,158.0,True,True
2303,2022-11-02 09:21:02.689394,-0.00127388535031836,-0.00127388535031836,-0.04999999999999716,-0.04999999999999716,39.2,39.25,39.2,39.25,295.0,144.0,448.0,158.0,False,False
2303,2022-11-02 09:21:03.136639,-0.00127388535031836,-0.00127388535031836,-0.04999999999999716,-0.04999999999999716,39.2,39.25,39.2,39.25,295.0,150.0,448.0,158.0,False,False
2303,2022-11-02 09:21:03.229592,-0.00127388535031836,-0.00127388535031836,-0.04999999999999716,-0.04999999999999716,39.2,39.25,39.2,39.25,295.0,151.0,448.0,158.0,False,False
2303,2022-11-02 09:21:03.567995,-0.00127388535031836,-0.00127388535031836,-0.04999999999999716,-0.04999999999999716,39.2,39.25,39.2,39.25,295.0,151.0,448.0,158.0,False,False
2303,2022-11-02 09:21:04.484406,-0.00127388535031836,-0.00127388535031836,-0.04999999999999716,-0.04999999999999716,39.2,39.25,39.2,39.25,295.0,152.0,448.0,158.0,False,False
2303,2022-11-02 09:21:04.777649,-0.00127388535031836,-0.00127388535031836,-0.04999999999999716,-0.04999999999999716,39.2,39.25,39.2,39.25,295.0,152.0,448.0,158.0,False,False
2303,2022-11-02 09:21:05.096537,-0.00127388535031836,-0.00127388535031836,-0.04999999999999716,-0.04999999999999716,39.2,39.25,39.2,39.25,296.0,152.0,448.0,158.0,False,False
2303,2022-11-02 09:21:06.758441,-0.00127388535031836,-0.00127388535031836,-0.04999999999999716,-0.04999999999999716,39.2,39.25,39.2,39.25,296.0,151.0,448.0,158.0,False,False
2303,2022-11-02 09:21:06.802917,-0.00127388535031836,-0.00127388535031836,-0.04999999999999716,-0.04999999999999716,39.2,39.25,39.2,39.25,296.0,147.0,448.0,158.0,False,False
2303,2022-11-02 09:21:06.804261,-0.00127388535031836,-0.00127388535031836,-0.04999999999999716,-0.04999999999999716,39.2,39.25,39.2,39.25,292.0,147.0,448.0,158.0,False,False
2303,2022-11-02 09:21:06.880981,-0.00127388535031836,-0.00127388535031836,-0.04999999999999716,-0.04999999999999716,39.2,39.25,39.2,39.25,292.0,133.0,448.0,158.0,False,False
2303,2022-11-02 09:21:07.651876,-0.00127388535031836,-0.00127388535031836,-0.04999999999999716,-0.04999999999999716,39.2,39.25,39.2,39.25,292.0,131.0,448.0,158.0,False,False
2303,2022-11-02 09:21:07.959237,-0.00127388535031836,-0.00127388535031836,-0.04999999999999716,-0.04999999999999716,39.2,39.25,39.2,39.25,297.0,131.0,448.0,158.0,False,False
2303,2022-11-02 09:21:08.505633,-0.00127388535031836,-0.00127388535031836,-0.04999999999999716,-0.04999999999999716,39.2,39.25,39.2,39.25,297.0,130.0,448.0,158.0,False,False
2303,2022-11-02 09:21:08.728524,-0.00127388535031836,-0.00127388535031836,-0.04999999999999716,-0.04999999999999716,39.2,39.25,39.2,39.25,297.0,130.0,448.0,158.0,False,False
2303,2022-11-02 09:21:10.346596,-0.00127388535031836,-0.00127388535031836,-0.04999999999999716,-0.04999999999999716,39.2,39.25,39.2,39.25,297.0,130.0,448.0,158.0,False,False
2303,2022-11-02 09:21:11.652835,-0.00127388535031836,-0.00127388535031836,-0.04999999999999716,-0.04999999999999716,39.2,39.25,39.2,39.25,297.0,125.0,448.0,158.0,False,False
2303,2022-11-02 09:21:12.215764,-0.00127388535031836,-0.00127388535031836,-0.04999999999999716,-0.04999999999999716,39.2,39.25,39.2,39.25,297.0,125.0,448.0,128.0,True,True
2303,2022-11-02 09:21:12.363300,-0.00127388535031836,-0.00127388535031836,-0.04999999999999716,-0.04999999999999716,39.2,39.25,39.2,39.25,297.0,125.0,448.0,128.0,False,False
2303,2022-11-02 09:21:12.379131,-0.00127388535031836,-0.00127388535031836,-0.04999999999999716,-0.04999999999999716,39.2,39.25,39.2,39.25,297.0,126.0,448.0,128.0,False,False
2303,2022-11-02 09:21:12.963016,-0.00127388535031836,-0.00127388535031836,-0.04999999999999716,-0.04999999999999716,39.2,39.25,39.2,39.25,305.0,126.0,448.0,128.0,False,False
2303,2022-11-02 09:21:14.418216,-0.00127388535031836,-0.00127388535031836,-0.04999999999999716,-0.04999999999999716,39.2,39.25,39.2,39.25,305.0,125.0,448.0,128.0,False,False
2303,2022-11-02 09:21:15.665558,-0.00127388535031836,-0.00127388535031836,-0.04999999999999716,-0.04999999999999716,39.2,39.25,39.2,39.25,305.0,128.0,448.0,128.0,False,False
2303,2022-11-02 09:21:15.965550,-0.00127388535031836,-0.00127388535031836,-0.04999999999999716,-0.04999999999999716,39.2,39.25,39.2,39.25,305.0,125.0,448.0,128.0,False,False
2303,2022-11-02 09:21:15.966826,-0.00127388535031836,-0.00127388535031836,-0.04999999999999716,-0.04999999999999716,39.2,39.25,39.2,39.25,302.0,125.0,448.0,128.0,False,False
2303,2022-11-02 09:21:16.728479,-0.00127388535031836,-0.00127388535031836,-0.04999999999999716,-0.04999999999999716,39.2,39.25,39.2,39.25,302.0,125.0,448.0,128.0,False,False
2303,2022-11-02 09:21:16.813947,-0.00127388535031836,-0.00127388535031836,-0.04999999999999716,-0.04999999999999716,39.2,39.25,39.2,39.25,302.0,125.0,448.0,128.0,False,False
2303,2022-11-02 09:21:16.864485,-0.00127388535031836,-0.00127388535031836,-0.04999999999999716,-0.04999999999999716,39.2,39.25,39.2,39.25,302.0,125.0,448.0,128.0,False,False
2303,2022-11-02 09:21:16.969231,-0.00127388535031836,-0.00127388535031836,-0.04999999999999716,-0.04999999999999716,39.2,39.25,39.2,39.25,302.0,125.0,448.0,128.0,False,False
2303,2022-11-02 09:21:17.216896,-0.00127388535031836,-0.00127388535031836,-0.04999999999999716,-0.04999999999999716,39.2,39.25,39.2,39.25,301.0,125.0,448.0,128.0,False,False
2303,2022-11-02 09:21:17.542382,-0.00127388535031836,-0.00127388535031836,-0.04999999999999716,-0.04999999999999716,39.2,39.25,39.2,39.25,301.0,124.0,448.0,128.0,False,False
2303,2022-11-02 09:21:18.063958,-0.00127388535031836,-0.00127388535031836,-0.04999999999999716,-0.04999999999999716,39.2,39.25,39.2,39.25,301.0,124.0,448.0,128.0,False,False
2303,2022-11-02 09:21:18.289614,-0.00127388535031836,-0.00127388535031836,-0.04999999999999716,-0.04999999999999716,39.2,39.25,39.2,39.25,297.0,124.0,448.0,128.0,False,False
2303,2022-11-02 09:21:19.003617,-0.00127388535031836,-0.00127388535031836,-0.04999999999999716,-0.04999999999999716,39.2,39.25,39.2,39.25,297.0,124.0,448.0,128.0,False,False
2303,2022-11-02 09:21:19.058471,-0.00127388535031836,-0.00127388535031836,-0.04999999999999716,-0.04999999999999716,39.2,39.25,39.2,39.25,297.0,124.0,448.0,128.0,False,False
2303,2022-11-02 09:21:19.547298,-0.00127388535031836,-0.00127388535031836,-0.04999999999999716,-0.04999999999999716,39.2,39.25,39.2,39.25,297.0,123.0,448.0,128.0,False,False
2303,2022-11-02 09:21:19.551567,-0.00127388535031836,-0.00127388535031836,-0.04999999999999716,-0.04999999999999716,39.2,39.25,39.2,39.25,297.0,123.0,448.0,128.0,False,False
2303,2022-11-02 09:21:19.610084,-0.00127388535031836,-0.00127388535031836,-0.04999999999999716,-0.04999999999999716,39.2,39.25,39.2,39.25,297.0,147.0,448.0,128.0,False,False
2303,2022-11-02 09:21:19.723154,-0.00127388535031836,-0.00127388535031836,-0.04999999999999716,-0.04999999999999716,39.2,39.25,39.2,39.25,297.0,147.0,448.0,128.0,False,False
2303,2022-11-02 09:21:20.879513,-0.00127388535031836,-0.00127388535031836,-0.04999999999999716,-0.04999999999999716,39.2,39.25,39.2,39.25,298.0,147.0,448.0,128.0,False,False
2303,2022-11-02 09:21:21.035760,-0.00127388535031836,-0.00127388535031836,-0.04999999999999716,-0.04999999999999716,39.2,39.25,39.2,39.25,298.0,150.0,448.0,128.0,False,False
2303,2022-11-02 09:21:22.249491,-0.00127388535031836,-0.00127388535031836,-0.04999999999999716,-0.04999999999999716,39.2,39.25,39.2,39.25,298.0,150.0,448.0,100.0,True,True
2303,2022-11-02 09:21:23.060580,-0.00127388535031836,-0.00127388535031836,-0.04999999999999716,-0.04999999999999716,39.2,39.25,39.2,39.25,298.0,149.0,448.0,100.0,False,False
2303,2022-11-02 09:21:23.099136,-0.00127388535031836,-0.00127388535031836,-0.04999999999999716,-0.04999999999999716,39.2,39.25,39.2,39.25,298.0,145.0,448.0,100.0,False,False
2303,2022-11-02 09:21:23.100808,-0.00127388535031836,-0.00127388535031836,-0.04999999999999716,-0.04999999999999716,39.2,39.25,39.2,39.25,294.0,145.0,448.0,100.0,False,False
2303,2022-11-02 09:21:25.254084,-0.00127388535031836,-0.00127388535031836,-0.04999999999999716,-0.04999999999999716,39.2,39.25,39.2,39.25,294.0,145.0,448.0,100.0,False,False
2303,2022-11-02 09:21:25.825702,-0.00127388535031836,-0.00127388535031836,-0.04999999999999716,-0.04999999999999716,39.2,39.25,39.2,39.25,294.0,145.0,448.0,100.0,False,False
2303,2022-11-02 09:21:26.739080,-0.00127388535031836,-0.00127388535031836,-0.04999999999999716,-0.04999999999999716,39.2,39.25,39.2,39.25,294.0,145.0,448.0,100.0,False,False
2303,2022-11-02 09:21:27.443148,-0.00127388535031836,-0.00127388535031836,-0.04999999999999716,-0.04999999999999716,39.2,39.25,39.2,39.25,294.0,144.0,448.0,100.0,False,False
2303,2022-11-02 09:21:28.069384,-0.00127388535031836,-0.00127388535031836,-0.04999999999999716,-0.04999999999999716,39.2,39.25,39.2,39.25,294.0,145.0,448.0,100.0,False,False
2303,2022-11-02 09:21:29.161623,-0.00127388535031836,-0.00127388535031836,-0.04999999999999716,-0.04999999999999716,39.2,39.25,39.2,39.25,294.0,145.0,448.0,100.0,False,False
2303,2022-11-02 09:21:29.230189,-0.00127388535031836,-0.00127388535031836,-0.04999999999999716,-0.04999999999999716,39.2,39.25,39.2,39.25,293.0,145.0,448.0,100.0,False,False
2303,2022-11-02 09:21:29.973047,-0.00127388535031836,-0.00127388535031836,-0.04999999999999716,-0.04999999999999716,39.2,39.25,39.2,39.25,293.0,142.0,448.0,100.0,False,False
2303,2022-11-02 09:21:29.974435,-0.00127388535031836,-0.00127388535031836,-0.04999999999999716,-0.04999999999999716,39.2,39.25,39.2,39.25,292.0,142.0,448.0,100.0,False,False
2303,2022-11-02 09:21:29.976034,-0.00127388535031836,-0.00127388535031836,-0.04999999999999716,-0.04999999999999716,39.2,39.25,39.2,39.25,290.0,142.0,448.0,100.0,False,False
2303,2022-11-02 09:21:30.544892,-0.00127388535031836,-0.00127388535031836,-0.04999999999999716,-0.04999999999999716,39.2,39.25,39.2,39.25,290.0,142.0,448.0,100.0,False,False
2303,2022-11-02 09:21:30.814328,-0.00127388535031836,-0.00127388535031836,-0.04999999999999716,-0.04999999999999716,39.2,39.25,39.2,39.25,280.0,142.0,448.0,100.0,False,False
2303,2022-11-02 09:21:30.987580,-0.00127388535031836,-0.00127388535031836,-0.04999999999999716,-0.04999999999999716,39.2,39.25,39.2,39.25,276.0,142.0,448.0,100.0,False,False
2303,2022-11-02 09:21:31.621325,-0.00127388535031836,-0.00127388535031836,-0.04999999999999716,-0.04999999999999716,39.2,39.25,39.2,39.25,278.0,142.0,448.0,100.0,False,False
2303,2022-11-02 09:21:32.424930,-0.00127388535031836,-0.00127388535031836,-0.04999999999999716,-0.04999999999999716,39.2,39.25,39.2,39.25,278.0,142.0,448.0,100.0,False,False
2303,2022-11-02 09:21:32.975347,-0.00127388535031836,-0.00127388535031836,-0.04999999999999716,-0.04999999999999716,39.2,39.25,39.2,39.25,287.0,142.0,448.0,100.0,False,False
2303,2022-11-02 09:21:34.141571,-0.00127388535031836,-0.00127388535031836,-0.04999999999999716,-0.04999999999999716,39.2,39.25,39.2,39.25,287.0,142.0,448.0,100.0,False,False
2303,2022-11-02 09:21:34.724407,-0.00127388535031836,-0.00127388535031836,-0.04999999999999716,-0.04999999999999716,39.2,39.25,39.2,39.25,287.0,142.0,448.0,100.0,False,False
2303,2022-11-02 09:21:35.186621,-0.00127388535031836,-0.00127388535031836,-0.04999999999999716,-0.04999999999999716,39.2,39.25,39.2,39.25,287.0,142.0,448.0,100.0,False,False
2303,2022-11-02 09:21:35.378758,-0.00127388535031836,-0.00127388535031836,-0.04999999999999716,-0.04999999999999716,39.2,39.25,39.2,39.25,287.0,143.0,448.0,100.0,False,False
2303,2022-11-02 09:21:35.912911,-0.00127388535031836,-0.00127388535031836,-0.04999999999999716,-0.04999999999999716,39.2,39.25,39.2,39.25,287.0,144.0,448.0,100.0,False,False
2303,2022-11-02 09:21:35.932372,-0.00127388535031836,-0.00127388535031836,-0.04999999999999716,-0.04999999999999716,39.2,39.25,39.2,39.25,287.0,144.0,448.0,100.0,False,False
2303,2022-11-02 09:21:37.245330,-0.00127388535031836,-0.00127388535031836,-0.04999999999999716,-0.04999999999999716,39.2,39.25,39.2,39.25,286.0,144.0,448.0,100.0,False,False
2303,2022-11-02 09:21:37.256027,-0.00127388535031836,-0.00127388535031836,-0.04999999999999716,-0.04999999999999716,39.2,39.25,39.2,39.25,286.0,144.0,448.0,100.0,False,False
2303,2022-11-02 09:21:37.977175,-0.00127388535031836,-0.00127388535031836,-0.04999999999999716,-0.04999999999999716,39.2,39.25,39.2,39.25,286.0,140.0,448.0,100.0,False,False
2303,2022-11-02 09:21:37.978262,-0.00127388535031836,-0.00127388535031836,-0.04999999999999716,-0.04999999999999716,39.2,39.25,39.2,39.25,282.0,140.0,448.0,100.0,False,False
2303,2022-11-02 09:21:38.017041,-0.00127388535031836,-0.00127388535031836,-0.04999999999999716,-0.04999999999999716,39.2,39.25,39.2,39.25,282.0,139.0,448.0,100.0,False,False
2303,2022-11-02 09:21:40.342605,-0.00127388535031836,-0.00127388535031836,-0.04999999999999716,-0.04999999999999716,39.2,39.25,39.2,39.25,282.0,139.0,448.0,100.0,False,False
2303,2022-11-02 09:21:41.751879,-0.00127388535031836,-0.00127388535031836,-0.04999999999999716,-0.04999999999999716,39.2,39.25,39.2,39.25,281.0,138.0,448.0,100.0,False,False
2303,2022-11-02 09:21:42.323349,-0.00127388535031836,-0.00127388535031836,-0.04999999999999716,-0.04999999999999716,39.2,39.25,39.2,39.25,281.0,138.0,248.0,100.0,True,True
2303,2022-11-02 09:21:42.364710,-0.00127388535031836,-0.00127388535031836,-0.04999999999999716,-0.04999999999999716,39.2,39.25,39.2,39.25,281.0,138.0,248.0,100.0,False,False
2303,2022-11-02 09:21:43.128189,-0.00127388535031836,-0.00127388535031836,-0.04999999999999716,-0.04999999999999716,39.2,39.25,39.2,39.25,281.0,138.0,248.0,100.0,False,False
2303,2022-11-02 09:21:43.539698,-0.00127388535031836,-0.00127388535031836,-0.04999999999999716,-0.04999999999999716,39.2,39.25,39.2,39.25,281.0,138.0,248.0,100.0,False,False
2303,2022-11-02 09:21:43.721843,-0.00127388535031836,-0.00127388535031836,-0.04999999999999716,-0.04999999999999716,39.2,39.25,39.2,39.25,281.0,138.0,248.0,100.0,False,False
2303,2022-11-02 09:21:43.980723,-0.00127388535031836,-0.00127388535031836,-0.04999999999999716,-0.04999999999999716,39.2,39.25,39.2,39.25,281.0,135.0,248.0,100.0,False,False
2303,2022-11-02 09:21:43.982078,-0.00127388535031836,-0.00127388535031836,-0.04999999999999716,-0.04999999999999716,39.2,39.25,39.2,39.25,278.0,135.0,248.0,100.0,False,False
2303,2022-11-02 09:21:44.787072,-0.00127388535031836,-0.00127388535031836,-0.04999999999999716,-0.04999999999999716,39.2,39.25,39.2,39.25,278.0,136.0,248.0,100.0,False,False
2303,2022-11-02 09:21:46.087859,-0.00127388535031836,-0.00127388535031836,-0.04999999999999716,-0.04999999999999716,39.2,39.25,39.2,39.25,278.0,132.0,248.0,100.0,False,False
2303,2022-11-02 09:21:47.227653,-0.00127388535031836,-0.00127388535031836,-0.04999999999999716,-0.04999999999999716,39.2,39.25,39.2,39.25,258.0,112.0,248.0,100.0,False,False
2303,2022-11-02 09:21:47.303533,-0.00127388535031836,-0.00127388535031836,-0.04999999999999716,-0.04999999999999716,39.2,39.25,39.2,39.25,267.0,112.0,248.0,100.0,False,False
2303,2022-11-02 09:21:48.148960,-0.00127388535031836,-0.00127388535031836,-0.04999999999999716,-0.04999999999999716,39.2,39.25,39.2,39.25,267.0,112.0,248.0,100.0,False,False
2303,2022-11-02 09:21:48.382125,-0.00127388535031836,-0.00127388535031836,-0.04999999999999716,-0.04999999999999716,39.2,39.25,39.2,39.25,267.0,113.0,248.0,100.0,False,False
2303,2022-11-02 09:21:48.969101,-0.00127388535031836,-0.00127388535031836,-0.04999999999999716,-0.04999999999999716,39.2,39.25,39.2,39.25,267.0,113.0,248.0,100.0,False,False
2303,2022-11-02 09:21:49.400240,-0.00127388535031836,-0.00127388535031836,-0.04999999999999716,-0.04999999999999716,39.2,39.25,39.2,39.25,267.0,113.0,248.0,100.0,False,False
2303,2022-11-02 09:21:50.339414,-0.00127388535031836,-0.00127388535031836,-0.04999999999999716,-0.04999999999999716,39.2,39.25,39.2,39.25,267.0,113.0,248.0,100.0,False,False
2303,2022-11-02 09:21:50.812748,-0.00127388535031836,-0.00127388535031836,-0.04999999999999716,-0.04999999999999716,39.2,39.25,39.2,39.25,267.0,113.0,248.0,100.0,False,False
2303,2022-11-02 09:21:52.381010,-0.00127388535031836,-0.00254452926208637,-0.04999999999999716,-0.09999999999999432,39.2,39.25,39.2,39.3,267.0,113.0,248.0,2805.0,True,True
2303,2022-11-02 09:21:52.598864,-0.00127388535031836,-0.00254452926208637,-0.04999999999999716,-0.09999999999999432,39.2,39.25,39.2,39.3,267.0,112.0,248.0,2805.0,False,False
2303,2022-11-02 09:21:52.637076,-0.00127388535031836,-0.00254452926208637,-0.04999999999999716,-0.09999999999999432,39.2,39.25,39.2,39.3,275.0,112.0,248.0,2805.0,False,False
2303,2022-11-02 09:21:53.897700,-0.00127388535031836,-0.00254452926208637,-0.04999999999999716,-0.09999999999999432,39.2,39.25,39.2,39.3,277.0,112.0,248.0,2805.0,False,False
2303,2022-11-02 09:21:54.196091,-0.00127388535031836,-0.00254452926208637,-0.04999999999999716,-0.09999999999999432,39.2,39.25,39.2,39.3,277.0,112.0,248.0,2805.0,False,False
2303,2022-11-02 09:21:56.987774,-0.00127388535031836,-0.00254452926208637,-0.04999999999999716,-0.09999999999999432,39.2,39.25,39.2,39.3,277.0,106.0,248.0,2805.0,False,False
2303,2022-11-02 09:21:56.989070,-0.00127388535031836,-0.00254452926208637,-0.04999999999999716,-0.09999999999999432,39.2,39.25,39.2,39.3,271.0,106.0,248.0,2805.0,False,False
2303,2022-11-02 09:21:58.072975,-0.00127388535031836,-0.00254452926208637,-0.04999999999999716,-0.09999999999999432,39.2,39.25,39.2,39.3,270.0,106.0,248.0,2805.0,False,False
2303,2022-11-02 09:21:59.795328,-0.00127388535031836,-0.00254452926208637,-0.04999999999999716,-0.09999999999999432,39.2,39.25,39.2,39.3,270.0,108.0,248.0,2805.0,False,False
2303,2022-11-02 09:22:00.371909,-0.00127388535031836,-0.00254452926208637,-0.04999999999999716,-0.09999999999999432,39.2,39.25,39.2,39.3,271.0,108.0,248.0,2805.0,False,False
2303,2022-11-02 09:22:01.622083,-0.00127388535031836,-0.00254452926208637,-0.04999999999999716,-0.09999999999999432,39.2,39.25,39.2,39.3,271.0,108.0,248.0,2805.0,False,True
2303,2022-11-02 09:22:01.803070,-0.00127388535031836,-0.00254452926208637,-0.04999999999999716,-0.09999999999999432,39.2,39.25,39.2,39.3,271.0,108.0,248.0,2805.0,False,False
2303,2022-11-02 09:22:01.958088,-0.00127388535031836,-0.00254452926208637,-0.04999999999999716,-0.09999999999999432,39.2,39.25,39.2,39.3,270.0,108.0,248.0,2805.0,False,False
2303,2022-11-02 09:22:03.106689,-0.00127388535031836,-0.00254452926208637,-0.04999999999999716,-0.09999999999999432,39.2,39.25,39.2,39.3,270.0,110.0,248.0,2805.0,False,False
2303,2022-11-02 09:22:04.103934,-0.00127388535031836,-0.00254452926208637,-0.04999999999999716,-0.09999999999999432,39.2,39.25,39.2,39.3,280.0,110.0,248.0,2805.0,False,False
2303,2022-11-02 09:22:04.991370,-0.00127388535031836,-0.00254452926208637,-0.04999999999999716,-0.09999999999999432,39.2,39.25,39.2,39.3,280.0,107.0,248.0,2805.0,False,False
2303,2022-11-02 09:22:04.992378,-0.00127388535031836,-0.00254452926208637,-0.04999999999999716,-0.09999999999999432,39.2,39.25,39.2,39.3,278.0,107.0,248.0,2805.0,False,False
2303,2022-11-02 09:22:04.994361,-0.00127388535031836,-0.00254452926208637,-0.04999999999999716,-0.09999999999999432,39.2,39.25,39.2,39.3,277.0,107.0,248.0,2805.0,False,False
2303,2022-11-02 09:22:05.057848,-0.00127388535031836,-0.00254452926208637,-0.04999999999999716,-0.09999999999999432,39.2,39.25,39.2,39.3,278.0,107.0,248.0,2805.0,False,False
2303,2022-11-02 09:22:05.528247,-0.00127388535031836,-0.00254452926208637,-0.04999999999999716,-0.09999999999999432,39.2,39.25,39.2,39.3,280.0,107.0,248.0,2805.0,False,False
2303,2022-11-02 09:22:06.624351,-0.00127388535031836,-0.00254452926208637,-0.04999999999999716,-0.09999999999999432,39.2,39.25,39.2,39.3,280.0,157.0,248.0,2805.0,False,False
2303,2022-11-02 09:22:07.426674,-0.00127388535031836,-0.00254452926208637,-0.04999999999999716,-0.09999999999999432,39.2,39.25,39.2,39.3,280.0,166.0,248.0,2805.0,False,False
2303,2022-11-02 09:22:08.128544,-0.00127388535031836,-0.00254452926208637,-0.04999999999999716,-0.09999999999999432,39.2,39.25,39.2,39.3,280.0,166.0,248.0,2805.0,False,False
2303,2022-11-02 09:22:08.163748,-0.00127388535031836,-0.00254452926208637,-0.04999999999999716,-0.09999999999999432,39.2,39.25,39.2,39.3,277.0,166.0,248.0,2805.0,False,False
2303,2022-11-02 09:22:08.836674,-0.00127388535031836,-0.00254452926208637,-0.04999999999999716,-0.09999999999999432,39.2,39.25,39.2,39.3,276.0,166.0,248.0,2805.0,False,False
2303,2022-11-02 09:22:09.277067,-0.00127388535031836,-0.00254452926208637,-0.04999999999999716,-0.09999999999999432,39.2,39.25,39.2,39.3,276.0,166.0,248.0,2805.0,False,False
2303,2022-11-02 09:22:09.635027,-0.00127388535031836,-0.00254452926208637,-0.04999999999999716,-0.09999999999999432,39.2,39.25,39.2,39.3,276.0,168.0,248.0,2805.0,False,False
2303,2022-11-02 09:22:10.501918,-0.00127388535031836,-0.00254452926208637,-0.04999999999999716,-0.09999999999999432,39.2,39.25,39.2,39.3,276.0,168.0,248.0,2805.0,False,False
2303,2022-11-02 09:22:10.646786,-0.00127388535031836,-0.00254452926208637,-0.04999999999999716,-0.09999999999999432,39.2,39.25,39.2,39.3,276.0,168.0,248.0,2805.0,False,False
2303,2022-11-02 09:22:11.427858,-0.00127388535031836,-0.00254452926208637,-0.04999999999999716,-0.09999999999999432,39.2,39.25,39.2,39.3,276.0,168.0,248.0,2805.0,False,False
2303,2022-11-02 09:22:11.500492,-0.00127388535031836,-0.00254452926208637,-0.04999999999999716,-0.09999999999999432,39.2,39.25,39.2,39.3,276.0,168.0,248.0,2805.0,False,False
2303,2022-11-02 09:22:11.598565,-0.00127388535031836,-0.00254452926208637,-0.04999999999999716,-0.09999999999999432,39.2,39.25,39.2,39.3,276.0,222.0,248.0,2805.0,False,False
2303,2022-11-02 09:22:11.662366,-0.00127388535031836,-0.00254452926208637,-0.04999999999999716,-0.09999999999999432,39.2,39.25,39.2,39.3,276.0,222.0,198.0,2805.0,True,True
2303,2022-11-02 09:22:11.738612,-0.00127388535031836,-0.00254452926208637,-0.04999999999999716,-0.09999999999999432,39.2,39.25,39.2,39.3,274.0,233.0,198.0,2805.0,False,False
2303,2022-11-02 09:22:12.075088,-0.00127388535031836,-0.00254452926208637,-0.04999999999999716,-0.09999999999999432,39.2,39.25,39.2,39.3,274.0,233.0,198.0,2805.0,False,False
2303,2022-11-02 09:22:12.307364,-0.00127388535031836,-0.00254452926208637,-0.04999999999999716,-0.09999999999999432,39.2,39.25,39.2,39.3,274.0,233.0,198.0,2805.0,False,False
2303,2022-11-02 09:22:12.353000,-0.00127388535031836,-0.00254452926208637,-0.04999999999999716,-0.09999999999999432,39.2,39.25,39.2,39.3,274.0,233.0,198.0,2805.0,False,False
2303,2022-11-02 09:22:12.420060,-0.00127388535031836,-0.00254452926208637,-0.04999999999999716,-0.09999999999999432,39.2,39.25,39.2,39.3,274.0,233.0,198.0,2805.0,False,False
2303,2022-11-02 09:22:12.968229,-0.00127388535031836,-0.00254452926208637,-0.04999999999999716,-0.09999999999999432,39.2,39.25,39.2,39.3,275.0,233.0,198.0,2805.0,False,False
2303,2022-11-02 09:22:12.994818,-0.00127388535031836,-0.00254452926208637,-0.04999999999999716,-0.09999999999999432,39.2,39.25,39.2,39.3,275.0,230.0,198.0,2805.0,False,False
2303,2022-11-02 09:22:13.001833,-0.00127388535031836,-0.00254452926208637,-0.04999999999999716,-0.09999999999999432,39.2,39.25,39.2,39.3,272.0,230.0,198.0,2805.0,False,False
2303,2022-11-02 09:22:13.467124,-0.00127388535031836,-0.00254452926208637,-0.04999999999999716,-0.09999999999999432,39.2,39.25,39.2,39.3,272.0,242.0,198.0,2805.0,False,False
2303,2022-11-02 09:22:13.500200,-0.00127388535031836,-0.00254452926208637,-0.04999999999999716,-0.09999999999999432,39.2,39.25,39.2,39.3,280.0,242.0,198.0,2805.0,False,False
2303,2022-11-02 09:22:14.516858,-0.00127388535031836,-0.00254452926208637,-0.04999999999999716,-0.09999999999999432,39.2,39.25,39.2,39.3,279.0,242.0,198.0,2805.0,False,False
2303,2022-11-02 09:22:14.982375,-0.00127388535031836,-0.00254452926208637,-0.04999999999999716,-0.09999999999999432,39.2,39.25,39.2,39.3,279.0,243.0,198.0,2805.0,False,False
2303,2022-11-02 09:22:15.900171,-0.00127388535031836,-0.00254452926208637,-0.04999999999999716,-0.09999999999999432,39.2,39.25,39.2,39.3,279.0,262.0,198.0,2805.0,False,False
2303,2022-11-02 09:22:16.210971,-0.00127388535031836,-0.00254452926208637,-0.04999999999999716,-0.09999999999999432,39.2,39.25,39.2,39.3,279.0,264.0,198.0,2805.0,False,False
2303,2022-11-02 09:22:16.622823,-0.00127388535031836,-0.00254452926208637,-0.04999999999999716,-0.09999999999999432,39.2,39.25,39.2,39.3,279.0,264.0,198.0,2805.0,False,False
2303,2022-11-02 09:22:16.643266,-0.00127388535031836,-0.00254452926208637,-0.04999999999999716,-0.09999999999999432,39.2,39.25,39.2,39.3,279.0,264.0,198.0,2805.0,False,False
2303,2022-11-02 09:22:16.675267,-0.00127388535031836,-0.00254452926208637,-0.04999999999999716,-0.09999999999999432,39.2,39.25,39.2,39.3,278.0,264.0,198.0,2805.0,False,False
2303,2022-11-02 09:22:16.676793,-0.00127388535031836,-0.00254452926208637,-0.04999999999999716,-0.09999999999999432,39.2,39.25,39.2,39.3,278.0,263.0,198.0,2805.0,False,False
2303,2022-11-02 09:22:17.649428,-0.00127388535031836,-0.00254452926208637,-0.04999999999999716,-0.09999999999999432,39.2,39.25,39.2,39.3,277.0,263.0,198.0,2805.0,False,False
2303,2022-11-02 09:22:17.702585,-0.00127388535031836,-0.00254452926208637,-0.04999999999999716,-0.09999999999999432,39.2,39.25,39.2,39.3,277.0,267.0,198.0,2805.0,False,False
2303,2022-11-02 09:22:17.991914,-0.00127388535031836,-0.00254452926208637,-0.04999999999999716,-0.09999999999999432,39.2,39.25,39.2,39.3,277.0,348.0,198.0,2805.0,False,False
2303,2022-11-02 09:22:18.008871,-0.00127388535031836,-0.00254452926208637,-0.04999999999999716,-0.09999999999999432,39.2,39.25,39.2,39.3,189.0,348.0,198.0,2805.0,False,False
2303,2022-11-02 09:22:18.008890,-0.00127388535031836,-0.003816793893129722,-0.04999999999999716,-0.14999999999999858,39.15,39.25,39.2,39.3,195.0,348.0,198.0,2805.0,False,False
2303,2022-11-02 09:22:18.027395,-0.00127388535031836,-0.003816793893129722,-0.04999999999999716,-0.14999999999999858,39.15,39.25,39.2,39.3,195.0,348.0,198.0,2805.0,False,False
2303,2022-11-02 09:22:18.096047,-0.00127388535031836,-0.003816793893129722,-0.04999999999999716,-0.14999999999999858,39.15,39.25,39.2,39.3,196.0,407.0,198.0,2805.0,False,False
2303,2022-11-02 09:22:18.249415,-0.00127388535031836,-0.003816793893129722,-0.04999999999999716,-0.14999999999999858,39.15,39.25,39.2,39.3,196.0,407.0,198.0,2805.0,False,False
2303,2022-11-02 09:22:18.388515,-0.00127388535031836,-0.003816793893129722,-0.04999999999999716,-0.14999999999999858,39.15,39.25,39.2,39.3,196.0,407.0,198.0,2805.0,False,False
2303,2022-11-02 09:22:18.512715,-0.00127388535031836,-0.003816793893129722,-0.04999999999999716,-0.14999999999999858,39.15,39.25,39.2,39.3,196.0,407.0,198.0,2805.0,False,False
2303,2022-11-02 09:22:18.594923,-0.00127388535031836,-0.003816793893129722,-0.04999999999999716,-0.14999999999999858,39.15,39.25,39.2,39.3,196.0,407.0,198.0,2805.0,False,False
2303,2022-11-02 09:22:18.756469,-0.00127388535031836,-0.003816793893129722,-0.04999999999999716,-0.14999999999999858,39.15,39.25,39.2,39.3,186.0,458.0,198.0,2805.0,False,False
2303,2022-11-02 09:22:19.101062,-0.00127388535031836,-0.003816793893129722,-0.04999999999999716,-0.14999999999999858,39.15,39.25,39.2,39.3,185.0,458.0,198.0,2805.0,False,False
2303,2022-11-02 09:22:20.412169,-0.00127388535031836,-0.003816793893129722,-0.04999999999999716,-0.14999999999999858,39.15,39.25,39.2,39.3,185.0,459.0,198.0,2805.0,False,False
2303,2022-11-02 09:22:20.522373,-0.00127388535031836,-0.003816793893129722,-0.04999999999999716,-0.14999999999999858,39.15,39.25,39.2,39.3,185.0,505.0,198.0,2805.0,False,False
2303,2022-11-02 09:22:21.589933,-0.00127388535031836,-0.003816793893129722,-0.04999999999999716,-0.14999999999999858,39.15,39.25,39.2,39.3,185.0,505.0,198.0,2805.0,False,False
2303,2022-11-02 09:22:21.669549,-0.00127388535031836,-0.003816793893129722,-0.04999999999999716,-0.14999999999999858,39.15,39.25,39.2,39.3,185.0,504.0,198.0,2805.0,False,False
2303,2022-11-02 09:22:21.697423,-0.00127388535031836,-0.003816793893129722,-0.04999999999999716,-0.14999999999999858,39.15,39.25,39.2,39.3,185.0,504.0,229.0,4805.0,True,True
2303,2022-11-02 09:22:21.703188,-0.00127388535031836,-0.003816793893129722,-0.04999999999999716,-0.14999999999999858,39.15,39.25,39.2,39.3,185.0,458.0,229.0,4805.0,False,False
2303,2022-11-02 09:22:21.777622,-0.00127388535031836,-0.003816793893129722,-0.04999999999999716,-0.14999999999999858,39.15,39.25,39.2,39.3,185.0,466.0,229.0,4805.0,False,False
2303,2022-11-02 09:22:22.562301,-0.00127388535031836,-0.003816793893129722,-0.04999999999999716,-0.14999999999999858,39.15,39.25,39.2,39.3,185.0,466.0,229.0,4805.0,False,False
2303,2022-11-02 09:22:22.990789,-0.00127388535031836,-0.00254452926208637,-0.04999999999999716,-0.09999999999999432,39.2,39.25,39.2,39.3,1.0,466.0,229.0,4805.0,False,False
2303,2022-11-02 09:22:23.013834,-0.00127388535031836,-0.003816793893129722,-0.04999999999999716,-0.14999999999999858,39.15,39.25,39.2,39.3,185.0,466.0,229.0,4805.0,False,False
2303,2022-11-02 09:22:23.018562,0.0,-0.003816793893129722,0.0,-0.14999999999999858,39.15,39.2,39.2,39.3,184.0,71.0,229.0,4805.0,False,False
2303,2022-11-02 09:22:23.130286,0.0,-0.003816793893129722,0.0,-0.14999999999999858,39.15,39.2,39.2,39.3,183.0,237.0,229.0,4805.0,False,False
2303,2022-11-02 09:22:23.211432,0.0,-0.003816793893129722,0.0,-0.14999999999999858,39.15,39.2,39.2,39.3,183.0,237.0,229.0,4805.0,False,False
2303,2022-11-02 09:22:23.316886,0.0,-0.003816793893129722,0.0,-0.14999999999999858,39.15,39.2,39.2,39.3,184.0,237.0,229.0,4805.0,False,False
2303,2022-11-02 09:22:24.585052,0.0,-0.003816793893129722,0.0,-0.14999999999999858,39.15,39.2,39.2,39.3,184.0,237.0,229.0,4805.0,False,False
2303,2022-11-02 09:22:24.617324,0.0,-0.003816793893129722,0.0,-0.14999999999999858,39.15,39.2,39.2,39.3,184.0,237.0,229.0,4805.0,False,False
2303,2022-11-02 09:22:24.733673,0.0,-0.003816793893129722,0.0,-0.14999999999999858,39.15,39.2,39.2,39.3,184.0,303.0,229.0,4805.0,False,False
2303,2022-11-02 09:22:24.808821,0.0,-0.003816793893129722,0.0,-0.14999999999999858,39.15,39.2,39.2,39.3,184.0,303.0,229.0,4805.0,False,False
2303,2022-11-02 09:22:24.811318,0.0,-0.003816793893129722,0.0,-0.14999999999999858,39.15,39.2,39.2,39.3,184.0,304.0,229.0,4805.0,False,False
2303,2022-11-02 09:22:25.209629,0.0,-0.003816793893129722,0.0,-0.14999999999999858,39.15,39.2,39.2,39.3,184.0,304.0,229.0,4805.0,False,False
2303,2022-11-02 09:22:25.213132,0.0,-0.003816793893129722,0.0,-0.14999999999999858,39.15,39.2,39.2,39.3,184.0,290.0,229.0,4805.0,False,False
2303,2022-11-02 09:22:25.513409,0.0,-0.003816793893129722,0.0,-0.14999999999999858,39.15,39.2,39.2,39.3,184.0,290.0,229.0,4805.0,False,False
2303,2022-11-02 09:22:27.130872,0.0,-0.003816793893129722,0.0,-0.14999999999999858,39.15,39.2,39.2,39.3,184.0,290.0,229.0,4805.0,False,False
2303,2022-11-02 09:22:28.133345,0.0,-0.003816793893129722,0.0,-0.14999999999999858,39.15,39.2,39.2,39.3,183.0,290.0,229.0,4805.0,False,False
2303,2022-11-02 09:22:28.134766,0.0,-0.003816793893129722,0.0,-0.14999999999999858,39.15,39.2,39.2,39.3,182.0,288.0,229.0,4805.0,False,False
2303,2022-11-02 09:22:29.257819,0.0,-0.003816793893129722,0.0,-0.14999999999999858,39.15,39.2,39.2,39.3,182.0,289.0,229.0,4805.0,False,False
2303,2022-11-02 09:22:29.816716,0.0,-0.003816793893129722,0.0,-0.14999999999999858,39.15,39.2,39.2,39.3,181.0,289.0,229.0,4805.0,False,False
2303,2022-11-02 09:22:29.880514,0.0,-0.003816793893129722,0.0,-0.14999999999999858,39.15,39.2,39.2,39.3,181.0,288.0,229.0,4805.0,False,False
2303,2022-11-02 09:22:31.738555,0.0,-0.003816793893129722,0.0,-0.14999999999999858,39.15,39.2,39.2,39.3,181.0,288.0,229.0,5305.0,True,True
2303,2022-11-02 09:22:31.945020,0.0,-0.003816793893129722,0.0,-0.14999999999999858,39.15,39.2,39.2,39.3,181.0,288.0,229.0,5305.0,False,False
2303,2022-11-02 09:22:31.987027,0.0,-0.003816793893129722,0.0,-0.14999999999999858,39.15,39.2,39.2,39.3,181.0,320.0,229.0,5305.0,False,False
2303,2022-11-02 09:22:32.547570,0.0,-0.003816793893129722,0.0,-0.14999999999999858,39.15,39.2,39.2,39.3,181.0,320.0,229.0,5305.0,False,False
2303,2022-11-02 09:22:32.649328,0.0,-0.003816793893129722,0.0,-0.14999999999999858,39.15,39.2,39.2,39.3,181.0,320.0,229.0,5305.0,False,False
2303,2022-11-02 09:22:32.709210,0.0,-0.003816793893129722,0.0,-0.14999999999999858,39.15,39.2,39.2,39.3,181.0,320.0,229.0,5305.0,False,False
2303,2022-11-02 09:22:34.470599,0.0,-0.003816793893129722,0.0,-0.14999999999999858,39.15,39.2,39.2,39.3,181.0,320.0,229.0,5305.0,False,False
2303,2022-11-02 09:22:34.667615,0.0,-0.003816793893129722,0.0,-0.14999999999999858,39.15,39.2,39.2,39.3,181.0,320.0,229.0,5305.0,False,False
2303,2022-11-02 09:22:34.841486,0.0,-0.003816793893129722,0.0,-0.14999999999999858,39.15,39.2,39.2,39.3,184.0,320.0,229.0,5305.0,False,False
2303,2022-11-02 09:22:34.853505,0.0,-0.003816793893129722,0.0,-0.14999999999999858,39.15,39.2,39.2,39.3,184.0,320.0,229.0,5305.0,False,False
2303,2022-11-02 09:22:35.006226,0.0,-0.003816793893129722,0.0,-0.14999999999999858,39.15,39.2,39.2,39.3,193.0,320.0,229.0,5305.0,False,False
2303,2022-11-02 09:22:36.109361,0.0,-0.003816793893129722,0.0,-0.14999999999999858,39.15,39.2,39.2,39.3,193.0,323.0,229.0,5305.0,False,False
2303,2022-11-02 09:22:36.111970,0.0,-0.003816793893129722,0.0,-0.14999999999999858,39.15,39.2,39.2,39.3,193.0,323.0,229.0,5305.0,False,False
2303,2022-11-02 09:22:36.927765,0.0,-0.003816793893129722,0.0,-0.14999999999999858,39.15,39.2,39.2,39.3,193.0,323.0,229.0,5305.0,False,False
2303,2022-11-02 09:22:36.958505,0.0,-0.003816793893129722,0.0,-0.14999999999999858,39.15,39.2,39.2,39.3,193.0,340.0,229.0,5305.0,False,False
2303,2022-11-02 09:22:37.172543,0.0,-0.003816793893129722,0.0,-0.14999999999999858,39.15,39.2,39.2,39.3,193.0,340.0,229.0,5305.0,False,False
2303,2022-11-02 09:22:37.857462,0.0,-0.003816793893129722,0.0,-0.14999999999999858,39.15,39.2,39.2,39.3,183.0,340.0,229.0,5305.0,False,False
2303,2022-11-02 09:22:38.696519,0.0,-0.003816793893129722,0.0,-0.14999999999999858,39.15,39.2,39.2,39.3,183.0,340.0,229.0,5305.0,False,False
2303,2022-11-02 09:22:38.725972,0.0,-0.003816793893129722,0.0,-0.14999999999999858,39.15,39.2,39.2,39.3,183.0,346.0,229.0,5305.0,False,False
2303,2022-11-02 09:22:39.130213,0.0,-0.003816793893129722,0.0,-0.14999999999999858,39.15,39.2,39.2,39.3,182.0,346.0,229.0,5305.0,False,False
2303,2022-11-02 09:22:39.977348,0.0,-0.003816793893129722,0.0,-0.14999999999999858,39.15,39.2,39.2,39.3,182.0,347.0,229.0,5305.0,False,False
2303,2022-11-02 09:22:40.297674,0.0,-0.003816793893129722,0.0,-0.14999999999999858,39.15,39.2,39.2,39.3,182.0,347.0,229.0,5305.0,False,False
2303,2022-11-02 09:22:41.778721,0.0,-0.003816793893129722,0.0,-0.14999999999999858,39.15,39.2,39.2,39.3,182.0,347.0,229.0,5305.0,True,True
2303,2022-11-02 09:22:41.912507,0.0,-0.003816793893129722,0.0,-0.14999999999999858,39.15,39.2,39.2,39.3,182.0,347.0,229.0,5305.0,False,False
2303,2022-11-02 09:22:42.689592,0.0,-0.003816793893129722,0.0,-0.14999999999999858,39.15,39.2,39.2,39.3,182.0,347.0,229.0,5305.0,False,False
2303,2022-11-02 09:22:42.822980,0.0,-0.003816793893129722,0.0,-0.14999999999999858,39.15,39.2,39.2,39.3,182.0,347.0,229.0,5305.0,False,False
2303,2022-11-02 09:22:43.010482,0.0,-0.003816793893129722,0.0,-0.14999999999999858,39.15,39.2,39.2,39.3,182.0,347.0,229.0,5305.0,False,False
2303,2022-11-02 09:22:43.383581,0.0,-0.003816793893129722,0.0,-0.14999999999999858,39.15,39.2,39.2,39.3,182.0,347.0,229.0,5305.0,False,False
2303,2022-11-02 09:22:44.383853,0.0,-0.003816793893129722,0.0,-0.14999999999999858,39.15,39.2,39.2,39.3,182.0,347.0,229.0,5305.0,False,False
2303,2022-11-02 09:22:44.657445,0.0,-0.003816793893129722,0.0,-0.14999999999999858,39.15,39.2,39.2,39.3,181.0,347.0,229.0,5305.0,False,False
2303,2022-11-02 09:22:45.367992,0.0,-0.003816793893129722,0.0,-0.14999999999999858,39.15,39.2,39.2,39.3,181.0,347.0,229.0,5305.0,False,False
2303,2022-11-02 09:22:45.710182,0.0,-0.003816793893129722,0.0,-0.14999999999999858,39.15,39.2,39.2,39.3,181.0,347.0,229.0,5305.0,False,False
2303,2022-11-02 09:22:46.155410,0.0,-0.003816793893129722,0.0,-0.14999999999999858,39.15,39.2,39.2,39.3,181.0,347.0,229.0,5305.0,False,False
2303,2022-11-02 09:22:46.408700,0.0,-0.003816793893129722,0.0,-0.14999999999999858,39.15,39.2,39.2,39.3,181.0,347.0,229.0,5305.0,False,False
2303,2022-11-02 09:22:46.852961,0.0,-0.003816793893129722,0.0,-0.14999999999999858,39.15,39.2,39.2,39.3,181.0,347.0,229.0,5305.0,False,False
2303,2022-11-02 09:22:46.881111,0.0,-0.003816793893129722,0.0,-0.14999999999999858,39.15,39.2,39.2,39.3,181.0,348.0,229.0,5305.0,False,False
2303,2022-11-02 09:22:47.699446,0.0,-0.003816793893129722,0.0,-0.14999999999999858,39.15,39.2,39.2,39.3,181.0,348.0,229.0,5305.0,False,False
2303,2022-11-02 09:22:48.101051,0.0,-0.003816793893129722,0.0,-0.14999999999999858,39.15,39.2,39.2,39.3,181.0,348.0,229.0,5305.0,False,False
2303,2022-11-02 09:22:49.780349,0.0,-0.003816793893129722,0.0,-0.14999999999999858,39.15,39.2,39.2,39.3,180.0,348.0,229.0,5305.0,False,False
2303,2022-11-02 09:22:50.867514,0.0,-0.003816793893129722,0.0,-0.14999999999999858,39.15,39.2,39.2,39.3,180.0,351.0,229.0,5305.0,False,False
2303,2022-11-02 09:22:51.624217,0.0,-0.003816793893129722,0.0,-0.14999999999999858,39.15,39.2,39.2,39.3,165.0,351.0,229.0,5305.0,False,False
2303,2022-11-02 09:22:51.815168,-0.0012755102040817867,-0.0012755102040817867,-0.05000000000000426,-0.05000000000000426,39.15,39.2,39.15,39.2,165.0,351.0,2146.0,271.0,True,True
2303,2022-11-02 09:22:52.351424,-0.0012755102040817867,-0.0012755102040817867,-0.05000000000000426,-0.05000000000000426,39.15,39.2,39.15,39.2,165.0,356.0,2146.0,271.0,False,False
2303,2022-11-02 09:22:54.646724,-0.0012755102040817867,-0.0012755102040817867,-0.05000000000000426,-0.05000000000000426,39.15,39.2,39.15,39.2,165.0,356.0,2146.0,271.0,False,False
2303,2022-11-02 09:22:54.870770,-0.0012755102040817867,-0.0012755102040817867,-0.05000000000000426,-0.05000000000000426,39.15,39.2,39.15,39.2,165.0,356.0,2146.0,271.0,False,False
2303,2022-11-02 09:22:57.018509,-0.0012755102040817867,-0.0012755102040817867,-0.05000000000000426,-0.05000000000000426,39.15,39.2,39.15,39.2,173.0,356.0,2146.0,271.0,False,False
2303,2022-11-02 09:22:58.607326,-0.0012755102040817867,-0.0012755102040817867,-0.05000000000000426,-0.05000000000000426,39.15,39.2,39.15,39.2,173.0,379.0,2146.0,271.0,False,False
2303,2022-11-02 09:22:58.609323,-0.0012755102040817867,-0.0012755102040817867,-0.05000000000000426,-0.05000000000000426,39.15,39.2,39.15,39.2,173.0,379.0,2146.0,271.0,False,False
2303,2022-11-02 09:22:58.897458,-0.0012755102040817867,-0.0012755102040817867,-0.05000000000000426,-0.05000000000000426,39.15,39.2,39.15,39.2,173.0,379.0,2146.0,271.0,False,False
2303,2022-11-02 09:22:59.878618,-0.0012755102040817867,-0.0012755102040817867,-0.05000000000000426,-0.05000000000000426,39.15,39.2,39.15,39.2,173.0,379.0,2146.0,271.0,False,False
2303,2022-11-02 09:22:59.907795,-0.0012755102040817867,-0.0012755102040817867,-0.05000000000000426,-0.05000000000000426,39.15,39.2,39.15,39.2,173.0,386.0,2146.0,271.0,False,False
2303,2022-11-02 09:23:00.116128,-0.0012755102040817867,-0.0012755102040817867,-0.05000000000000426,-0.05000000000000426,39.15,39.2,39.15,39.2,173.0,386.0,2146.0,271.0,False,False
2303,2022-11-02 09:23:00.156723,-0.0012755102040817867,-0.0012755102040817867,-0.05000000000000426,-0.05000000000000426,39.15,39.2,39.15,39.2,172.0,386.0,2146.0,271.0,False,False
2303,2022-11-02 09:23:00.291921,-0.0012755102040817867,-0.0012755102040817867,-0.05000000000000426,-0.05000000000000426,39.15,39.2,39.15,39.2,172.0,386.0,2146.0,271.0,False,False
2303,2022-11-02 09:23:00.599611,-0.0012755102040817867,-0.0012755102040817867,-0.05000000000000426,-0.05000000000000426,39.15,39.2,39.15,39.2,172.0,386.0,2146.0,271.0,False,False
2303,2022-11-02 09:23:01.065476,-0.0012755102040817867,-0.0012755102040817867,-0.05000000000000426,-0.05000000000000426,39.15,39.2,39.15,39.2,172.0,386.0,2146.0,271.0,False,False
2303,2022-11-02 09:23:01.372859,-0.0012755102040817867,-0.0012755102040817867,-0.05000000000000426,-0.05000000000000426,39.15,39.2,39.15,39.2,172.0,388.0,2146.0,271.0,False,False
2303,2022-11-02 09:23:01.455979,-0.0012755102040817867,-0.0012755102040817867,-0.05000000000000426,-0.05000000000000426,39.15,39.2,39.15,39.2,171.0,388.0,2146.0,271.0,False,False
2303,2022-11-02 09:23:01.853950,-0.0012755102040817867,-0.0012755102040817867,-0.05000000000000426,-0.05000000000000426,39.15,39.2,39.15,39.2,171.0,388.0,2146.0,369.0,True,True
2303,2022-11-02 09:23:01.911396,-0.0012755102040817867,-0.0012755102040817867,-0.05000000000000426,-0.05000000000000426,39.15,39.2,39.15,39.2,171.0,388.0,2146.0,369.0,False,False
2303,2022-11-02 09:23:02.570525,-0.0012755102040817867,-0.0012755102040817867,-0.05000000000000426,-0.05000000000000426,39.15,39.2,39.15,39.2,171.0,398.0,2146.0,369.0,False,False
2303,2022-11-02 09:23:02.613383,-0.0012755102040817867,-0.0012755102040817867,-0.05000000000000426,-0.05000000000000426,39.15,39.2,39.15,39.2,171.0,394.0,2146.0,369.0,False,False
2303,2022-11-02 09:23:02.614635,-0.0012755102040817867,-0.0012755102040817867,-0.05000000000000426,-0.05000000000000426,39.15,39.2,39.15,39.2,167.0,394.0,2146.0,369.0,False,False
2303,2022-11-02 09:23:02.824245,-0.0012755102040817867,-0.0012755102040817867,-0.05000000000000426,-0.05000000000000426,39.15,39.2,39.15,39.2,167.0,341.0,2146.0,369.0,False,False
2303,2022-11-02 09:23:02.878910,-0.0012755102040817867,-0.0012755102040817867,-0.05000000000000426,-0.05000000000000426,39.15,39.2,39.15,39.2,167.0,318.0,2146.0,369.0,False,False
2303,2022-11-02 09:23:03.026009,-0.0012755102040817867,-0.0012755102040817867,-0.05000000000000426,-0.05000000000000426,39.15,39.2,39.15,39.2,167.0,318.0,2146.0,369.0,False,False
2303,2022-11-02 09:23:03.042070,-0.0012755102040817867,-0.0012755102040817867,-0.05000000000000426,-0.05000000000000426,39.15,39.2,39.15,39.2,167.0,318.0,2146.0,369.0,False,False
2303,2022-11-02 09:23:03.279608,-0.0012755102040817867,-0.0012755102040817867,-0.05000000000000426,-0.05000000000000426,39.15,39.2,39.15,39.2,167.0,318.0,2146.0,369.0,False,False
2303,2022-11-02 09:23:03.582914,-0.0012755102040817867,-0.0012755102040817867,-0.05000000000000426,-0.05000000000000426,39.15,39.2,39.15,39.2,167.0,318.0,2146.0,369.0,False,False
2303,2022-11-02 09:23:03.863571,-0.0012755102040817867,-0.0012755102040817867,-0.05000000000000426,-0.05000000000000426,39.15,39.2,39.15,39.2,165.0,318.0,2146.0,369.0,False,False
2303,2022-11-02 09:23:03.934910,-0.0012755102040817867,-0.0012755102040817867,-0.05000000000000426,-0.05000000000000426,39.15,39.2,39.15,39.2,165.0,318.0,2146.0,369.0,False,False
2303,2022-11-02 09:23:03.936882,-0.0012755102040817867,-0.0012755102040817867,-0.05000000000000426,-0.05000000000000426,39.15,39.2,39.15,39.2,165.0,318.0,2146.0,369.0,False,False
2303,2022-11-02 09:23:05.117444,-0.0012755102040817867,-0.0012755102040817867,-0.05000000000000426,-0.05000000000000426,39.15,39.2,39.15,39.2,165.0,318.0,2146.0,369.0,False,False
2303,2022-11-02 09:23:05.128805,-0.0012755102040817867,-0.0012755102040817867,-0.05000000000000426,-0.05000000000000426,39.15,39.2,39.15,39.2,165.0,318.0,2146.0,369.0,False,False
2303,2022-11-02 09:23:05.214101,-0.0012755102040817867,-0.0012755102040817867,-0.05000000000000426,-0.05000000000000426,39.15,39.2,39.15,39.2,165.0,318.0,2146.0,369.0,False,False
2303,2022-11-02 09:23:05.873939,-0.0012755102040817867,-0.0012755102040817867,-0.05000000000000426,-0.05000000000000426,39.15,39.2,39.15,39.2,166.0,318.0,2146.0,369.0,False,False
2303,2022-11-02 09:23:06.182788,-0.0012755102040817867,-0.0012755102040817867,-0.05000000000000426,-0.05000000000000426,39.15,39.2,39.15,39.2,166.0,318.0,2146.0,369.0,False,False
2303,2022-11-02 09:23:06.225833,-0.0012755102040817867,-0.0012755102040817867,-0.05000000000000426,-0.05000000000000426,39.15,39.2,39.15,39.2,166.0,318.0,2146.0,369.0,False,False
2303,2022-11-02 09:23:06.913491,-0.0012755102040817867,-0.0012755102040817867,-0.05000000000000426,-0.05000000000000426,39.15,39.2,39.15,39.2,166.0,319.0,2146.0,369.0,False,False
2303,2022-11-02 09:23:06.953724,-0.0012755102040817867,-0.0012755102040817867,-0.05000000000000426,-0.05000000000000426,39.15,39.2,39.15,39.2,166.0,319.0,2146.0,369.0,False,False
2303,2022-11-02 09:23:07.277227,-0.0012755102040817867,-0.0012755102040817867,-0.05000000000000426,-0.05000000000000426,39.15,39.2,39.15,39.2,166.0,319.0,2146.0,369.0,False,False
2303,2022-11-02 09:23:07.935603,-0.0012755102040817867,-0.0012755102040817867,-0.05000000000000426,-0.05000000000000426,39.15,39.2,39.15,39.2,165.0,319.0,2146.0,369.0,False,False
2303,2022-11-02 09:23:07.975544,-0.0012755102040817867,-0.0012755102040817867,-0.05000000000000426,-0.05000000000000426,39.15,39.2,39.15,39.2,170.0,319.0,2146.0,369.0,False,False
2303,2022-11-02 09:23:08.485155,-0.0012755102040817867,-0.0012755102040817867,-0.05000000000000426,-0.05000000000000426,39.15,39.2,39.15,39.2,168.0,319.0,2146.0,369.0,False,False
2303,2022-11-02 09:23:08.985527,-0.0012755102040817867,-0.0012755102040817867,-0.05000000000000426,-0.05000000000000426,39.15,39.2,39.15,39.2,168.0,319.0,2146.0,369.0,False,False
2303,2022-11-02 09:23:09.017943,-0.0012755102040817867,-0.0012755102040817867,-0.05000000000000426,-0.05000000000000426,39.15,39.2,39.15,39.2,169.0,319.0,2146.0,369.0,False,False
2303,2022-11-02 09:23:09.156134,-0.0012755102040817867,-0.0012755102040817867,-0.05000000000000426,-0.05000000000000426,39.15,39.2,39.15,39.2,169.0,320.0,2146.0,369.0,False,False
2303,2022-11-02 09:23:09.761222,-0.0012755102040817867,-0.0012755102040817867,-0.05000000000000426,-0.05000000000000426,39.15,39.2,39.15,39.2,169.0,321.0,2146.0,369.0,False,False
2303,2022-11-02 09:23:10.575713,-0.0012755102040817867,-0.0012755102040817867,-0.05000000000000426,-0.05000000000000426,39.15,39.2,39.15,39.2,170.0,321.0,2146.0,369.0,False,False
2303,2022-11-02 09:23:10.617465,-0.0012755102040817867,-0.0012755102040817867,-0.05000000000000426,-0.05000000000000426,39.15,39.2,39.15,39.2,170.0,318.0,2146.0,369.0,False,False
2303,2022-11-02 09:23:10.618875,-0.0012755102040817867,-0.0012755102040817867,-0.05000000000000426,-0.05000000000000426,39.15,39.2,39.15,39.2,167.0,318.0,2146.0,369.0,False,False
2303,2022-11-02 09:23:10.822989,-0.0012755102040817867,-0.0012755102040817867,-0.05000000000000426,-0.05000000000000426,39.15,39.2,39.15,39.2,167.0,248.0,2146.0,369.0,False,False
2303,2022-11-02 09:23:10.823808,-0.0012755102040817867,-0.0012755102040817867,-0.05000000000000426,-0.05000000000000426,39.15,39.2,39.15,39.2,167.0,237.0,2146.0,369.0,False,False
2303,2022-11-02 09:23:11.011746,-0.0012755102040817867,-0.0012755102040817867,-0.05000000000000426,-0.05000000000000426,39.15,39.2,39.15,39.2,167.0,237.0,2146.0,369.0,False,False
2303,2022-11-02 09:23:11.119464,-0.0012755102040817867,-0.0012755102040817867,-0.05000000000000426,-0.05000000000000426,39.15,39.2,39.15,39.2,167.0,237.0,2146.0,369.0,False,False
2303,2022-11-02 09:23:11.168459,-0.0012755102040817867,-0.0012755102040817867,-0.05000000000000426,-0.05000000000000426,39.15,39.2,39.15,39.2,167.0,237.0,2146.0,369.0,False,False
2303,2022-11-02 09:23:11.252448,-0.0012755102040817867,-0.0012755102040817867,-0.05000000000000426,-0.05000000000000426,39.15,39.2,39.15,39.2,167.0,237.0,2146.0,369.0,False,False
2303,2022-11-02 09:23:11.895513,-0.0012755102040817867,-0.0012755102040817867,-0.05000000000000426,-0.05000000000000426,39.15,39.2,39.15,39.2,167.0,237.0,1946.0,369.0,True,True
2303,2022-11-02 09:23:14.028100,-0.0012755102040817867,-0.0012755102040817867,-0.05000000000000426,-0.05000000000000426,39.15,39.2,39.15,39.2,167.0,237.0,1946.0,369.0,False,False
2303,2022-11-02 09:23:14.080859,-0.0012755102040817867,-0.0012755102040817867,-0.05000000000000426,-0.05000000000000426,39.15,39.2,39.15,39.2,167.0,237.0,1946.0,369.0,False,False
2303,2022-11-02 09:23:14.151720,-0.0012755102040817867,-0.0012755102040817867,-0.05000000000000426,-0.05000000000000426,39.15,39.2,39.15,39.2,170.0,237.0,1946.0,369.0,False,False
2303,2022-11-02 09:23:15.199904,-0.0012755102040817867,-0.0012755102040817867,-0.05000000000000426,-0.05000000000000426,39.15,39.2,39.15,39.2,170.0,243.0,1946.0,369.0,False,False
2303,2022-11-02 09:23:15.556231,-0.0012755102040817867,-0.0012755102040817867,-0.05000000000000426,-0.05000000000000426,39.15,39.2,39.15,39.2,170.0,243.0,1946.0,369.0,False,False
2303,2022-11-02 09:23:16.051134,-0.0012755102040817867,-0.0012755102040817867,-0.05000000000000426,-0.05000000000000426,39.15,39.2,39.15,39.2,170.0,243.0,1946.0,369.0,False,False
2303,2022-11-02 09:23:16.056362,-0.0012755102040817867,-0.0012755102040817867,-0.05000000000000426,-0.05000000000000426,39.15,39.2,39.15,39.2,170.0,243.0,1946.0,369.0,False,False
2303,2022-11-02 09:23:16.079816,-0.0012755102040817867,-0.0012755102040817867,-0.05000000000000426,-0.05000000000000426,39.15,39.2,39.15,39.2,170.0,243.0,1946.0,369.0,False,False
2303,2022-11-02 09:23:17.882994,-0.0012755102040817867,-0.0012755102040817867,-0.05000000000000426,-0.05000000000000426,39.15,39.2,39.15,39.2,170.0,241.0,1946.0,369.0,False,False
2303,2022-11-02 09:23:18.898322,-0.0012755102040817867,-0.0012755102040817867,-0.05000000000000426,-0.05000000000000426,39.15,39.2,39.15,39.2,170.0,241.0,1946.0,369.0,False,False
2303,2022-11-02 09:23:19.077344,-0.0012755102040817867,-0.0012755102040817867,-0.05000000000000426,-0.05000000000000426,39.15,39.2,39.15,39.2,170.0,241.0,1946.0,369.0,False,False
2303,2022-11-02 09:23:20.183213,-0.0012755102040817867,-0.0012755102040817867,-0.05000000000000426,-0.05000000000000426,39.15,39.2,39.15,39.2,169.0,241.0,1946.0,369.0,False,False
2303,2022-11-02 09:23:21.224098,-0.0012755102040817867,-0.0012755102040817867,-0.05000000000000426,-0.05000000000000426,39.15,39.2,39.15,39.2,169.0,241.0,1946.0,369.0,False,False
2303,2022-11-02 09:23:21.386913,-0.0012755102040817867,-0.0012755102040817867,-0.05000000000000426,-0.05000000000000426,39.15,39.2,39.15,39.2,171.0,241.0,1946.0,369.0,False,False
2303,2022-11-02 09:23:21.929886,-0.0012755102040817867,-0.0012755102040817867,-0.05000000000000426,-0.05000000000000426,39.15,39.2,39.15,39.2,171.0,241.0,1946.0,421.0,True,True
2303,2022-11-02 09:23:22.493473,-0.0012755102040817867,-0.0012755102040817867,-0.05000000000000426,-0.05000000000000426,39.15,39.2,39.15,39.2,170.0,241.0,1946.0,421.0,False,False
2303,2022-11-02 09:23:23.124857,-0.0012755102040817867,-0.0012755102040817867,-0.05000000000000426,-0.05000000000000426,39.15,39.2,39.15,39.2,167.0,241.0,1946.0,421.0,False,False
2303,2022-11-02 09:23:23.270910,-0.0012755102040817867,-0.0012755102040817867,-0.05000000000000426,-0.05000000000000426,39.15,39.2,39.15,39.2,167.0,241.0,1946.0,421.0,False,False
2303,2022-11-02 09:23:23.653812,-0.0012755102040817867,-0.0012755102040817867,-0.05000000000000426,-0.05000000000000426,39.15,39.2,39.15,39.2,167.0,241.0,1946.0,421.0,False,False
2303,2022-11-02 09:23:24.644623,-0.0012755102040817867,-0.0012755102040817867,-0.05000000000000426,-0.05000000000000426,39.15,39.2,39.15,39.2,167.0,246.0,1946.0,421.0,False,False
2303,2022-11-02 09:23:24.715240,-0.0012755102040817867,-0.0012755102040817867,-0.05000000000000426,-0.05000000000000426,39.15,39.2,39.15,39.2,167.0,246.0,1946.0,421.0,False,False
2303,2022-11-02 09:23:24.717961,-0.0012755102040817867,-0.0012755102040817867,-0.05000000000000426,-0.05000000000000426,39.15,39.2,39.15,39.2,167.0,246.0,1946.0,421.0,False,False
2303,2022-11-02 09:23:25.032348,-0.0012755102040817867,-0.0012755102040817867,-0.05000000000000426,-0.05000000000000426,39.15,39.2,39.15,39.2,167.0,241.0,1946.0,421.0,False,False
2303,2022-11-02 09:23:25.033449,-0.0012755102040817867,-0.0012755102040817867,-0.05000000000000426,-0.05000000000000426,39.15,39.2,39.15,39.2,165.0,241.0,1946.0,421.0,False,False
2303,2022-11-02 09:23:25.035196,-0.0012755102040817867,-0.0012755102040817867,-0.05000000000000426,-0.05000000000000426,39.15,39.2,39.15,39.2,162.0,241.0,1946.0,421.0,False,False
2303,2022-11-02 09:23:25.119457,-0.0012755102040817867,-0.0012755102040817867,-0.05000000000000426,-0.05000000000000426,39.15,39.2,39.15,39.2,162.0,246.0,1946.0,421.0,False,False
2303,2022-11-02 09:23:25.233651,-0.0012755102040817867,-0.0012755102040817867,-0.05000000000000426,-0.05000000000000426,39.15,39.2,39.15,39.2,162.0,246.0,1946.0,421.0,False,False
2303,2022-11-02 09:23:26.490173,-0.0012755102040817867,-0.0012755102040817867,-0.05000000000000426,-0.05000000000000426,39.15,39.2,39.15,39.2,161.0,246.0,1946.0,421.0,False,False
2303,2022-11-02 09:23:26.948517,-0.0012755102040817867,-0.0012755102040817867,-0.05000000000000426,-0.05000000000000426,39.15,39.2,39.15,39.2,162.0,246.0,1946.0,421.0,False,False
2303,2022-11-02 09:23:27.959375,-0.0012755102040817867,-0.0012755102040817867,-0.05000000000000426,-0.05000000000000426,39.15,39.2,39.15,39.2,162.0,246.0,1946.0,421.0,False,False
2303,2022-11-02 09:23:28.192175,-0.0012755102040817867,-0.0012755102040817867,-0.05000000000000426,-0.05000000000000426,39.15,39.2,39.15,39.2,162.0,246.0,1946.0,421.0,False,False
2303,2022-11-02 09:23:29.400987,-0.0012755102040817867,-0.0012755102040817867,-0.05000000000000426,-0.05000000000000426,39.15,39.2,39.15,39.2,162.0,247.0,1946.0,421.0,False,False
2303,2022-11-02 09:23:29.437387,-0.0012755102040817867,-0.0012755102040817867,-0.05000000000000426,-0.05000000000000426,39.15,39.2,39.15,39.2,170.0,247.0,1946.0,421.0,False,False
2303,2022-11-02 09:23:30.470600,-0.0012755102040817867,-0.0012755102040817867,-0.05000000000000426,-0.05000000000000426,39.15,39.2,39.15,39.2,170.0,248.0,1946.0,421.0,False,False
2303,2022-11-02 09:23:30.616734,-0.0012755102040817867,-0.0012755102040817867,-0.05000000000000426,-0.05000000000000426,39.15,39.2,39.15,39.2,170.0,248.0,1946.0,421.0,False,False
2303,2022-11-02 09:23:31.448804,-0.0012755102040817867,-0.0012755102040817867,-0.05000000000000426,-0.05000000000000426,39.15,39.2,39.15,39.2,168.0,248.0,1946.0,421.0,False,False
2303,2022-11-02 09:23:32.687353,-0.0012755102040817867,-0.0012755102040817867,-0.05000000000000426,-0.05000000000000426,39.15,39.2,39.15,39.2,168.0,248.0,1946.0,421.0,False,False
2303,2022-11-02 09:23:33.035617,-0.0012755102040817867,-0.0012755102040817867,-0.05000000000000426,-0.05000000000000426,39.15,39.2,39.15,39.2,168.0,245.0,1946.0,421.0,False,False
2303,2022-11-02 09:23:33.036927,-0.0012755102040817867,-0.0012755102040817867,-0.05000000000000426,-0.05000000000000426,39.15,39.2,39.15,39.2,165.0,245.0,1946.0,421.0,False,False
2303,2022-11-02 09:23:33.129759,-0.0012755102040817867,-0.0012755102040817867,-0.05000000000000426,-0.05000000000000426,39.15,39.2,39.15,39.2,165.0,175.0,1946.0,421.0,False,False
2303,2022-11-02 09:23:33.624712,-0.0012755102040817867,-0.0012755102040817867,-0.05000000000000426,-0.05000000000000426,39.15,39.2,39.15,39.2,165.0,175.0,1946.0,421.0,False,False
2303,2022-11-02 09:23:34.540469,-0.0012755102040817867,-0.0012755102040817867,-0.05000000000000426,-0.05000000000000426,39.15,39.2,39.15,39.2,165.0,178.0,1946.0,421.0,False,False
2303,2022-11-02 09:23:35.202019,-0.0012755102040817867,-0.0012755102040817867,-0.05000000000000426,-0.05000000000000426,39.15,39.2,39.15,39.2,165.0,178.0,1946.0,421.0,False,False
2303,2022-11-02 09:23:36.675376,-0.0012755102040817867,-0.0012755102040817867,-0.05000000000000426,-0.05000000000000426,39.15,39.2,39.15,39.2,165.0,179.0,1946.0,421.0,False,False
2303,2022-11-02 09:23:36.941111,-0.0012755102040817867,-0.0012755102040817867,-0.05000000000000426,-0.05000000000000426,39.15,39.2,39.15,39.2,165.0,179.0,1946.0,421.0,False,False
2303,2022-11-02 09:23:37.478556,-0.0012755102040817867,-0.0012755102040817867,-0.05000000000000426,-0.05000000000000426,39.15,39.2,39.15,39.2,165.0,179.0,1946.0,421.0,False,False
2303,2022-11-02 09:23:37.519523,-0.0012755102040817867,-0.0012755102040817867,-0.05000000000000426,-0.05000000000000426,39.15,39.2,39.15,39.2,155.0,179.0,1946.0,421.0,False,False
2303,2022-11-02 09:23:38.566072,-0.0012755102040817867,-0.0012755102040817867,-0.05000000000000426,-0.05000000000000426,39.15,39.2,39.15,39.2,155.0,179.0,1946.0,421.0,False,False
2303,2022-11-02 09:23:40.039196,-0.0012755102040817867,-0.0012755102040817867,-0.05000000000000426,-0.05000000000000426,39.15,39.2,39.15,39.2,155.0,176.0,1946.0,421.0,False,False
2303,2022-11-02 09:23:40.040510,-0.0012755102040817867,-0.0012755102040817867,-0.05000000000000426,-0.05000000000000426,39.15,39.2,39.15,39.2,152.0,176.0,1946.0,421.0,False,False
2303,2022-11-02 09:23:40.124583,-0.0012755102040817867,-0.0012755102040817867,-0.05000000000000426,-0.05000000000000426,39.15,39.2,39.15,39.2,153.0,176.0,1946.0,421.0,False,False
2303,2022-11-02 09:23:41.212136,-0.0012755102040817867,-0.0012755102040817867,-0.05000000000000426,-0.05000000000000426,39.15,39.2,39.15,39.2,152.0,176.0,1946.0,421.0,False,False
2303,2022-11-02 09:23:41.378561,-0.0012755102040817867,-0.0012755102040817867,-0.05000000000000426,-0.05000000000000426,39.15,39.2,39.15,39.2,152.0,176.0,1946.0,421.0,False,False
2303,2022-11-02 09:23:42.027964,-0.0012755102040817867,-0.0012755102040817867,-0.05000000000000426,-0.05000000000000426,39.15,39.2,39.15,39.2,152.0,176.0,1946.0,221.0,True,True
2303,2022-11-02 09:23:44.475243,-0.0012755102040817867,-0.0012755102040817867,-0.05000000000000426,-0.05000000000000426,39.15,39.2,39.15,39.2,153.0,176.0,1946.0,221.0,False,False
2303,2022-11-02 09:23:45.129315,-0.0012755102040817867,-0.0012755102040817867,-0.05000000000000426,-0.05000000000000426,39.15,39.2,39.15,39.2,152.0,176.0,1946.0,221.0,False,False
2303,2022-11-02 09:23:45.268073,-0.0012755102040817867,-0.0012755102040817867,-0.05000000000000426,-0.05000000000000426,39.15,39.2,39.15,39.2,152.0,177.0,1946.0,221.0,False,False
2303,2022-11-02 09:23:45.422183,-0.0012755102040817867,-0.0012755102040817867,-0.05000000000000426,-0.05000000000000426,39.15,39.2,39.15,39.2,152.0,177.0,1946.0,221.0,False,False
2303,2022-11-02 09:23:45.929506,-0.0012755102040817867,-0.0012755102040817867,-0.05000000000000426,-0.05000000000000426,39.15,39.2,39.15,39.2,152.0,177.0,1946.0,221.0,False,False
2303,2022-11-02 09:23:46.297799,-0.0012755102040817867,-0.0012755102040817867,-0.05000000000000426,-0.05000000000000426,39.15,39.2,39.15,39.2,152.0,177.0,1946.0,221.0,False,False
2303,2022-11-02 09:23:49.044462,-0.0012755102040817867,-0.0012755102040817867,-0.05000000000000426,-0.05000000000000426,39.15,39.2,39.15,39.2,152.0,174.0,1946.0,221.0,False,False
2303,2022-11-02 09:23:49.045738,-0.0012755102040817867,-0.0012755102040817867,-0.05000000000000426,-0.05000000000000426,39.15,39.2,39.15,39.2,150.0,174.0,1946.0,221.0,False,False
2303,2022-11-02 09:23:49.047244,-0.0012755102040817867,-0.0012755102040817867,-0.05000000000000426,-0.05000000000000426,39.15,39.2,39.15,39.2,149.0,174.0,1946.0,221.0,False,False
2303,2022-11-02 09:23:49.117816,-0.0012755102040817867,-0.0012755102040817867,-0.05000000000000426,-0.05000000000000426,39.15,39.2,39.15,39.2,149.0,174.0,1946.0,221.0,False,False
2303,2022-11-02 09:23:50.070033,-0.0012755102040817867,-0.0012755102040817867,-0.05000000000000426,-0.05000000000000426,39.15,39.2,39.15,39.2,149.0,174.0,1946.0,221.0,False,False
2303,2022-11-02 09:23:50.177065,-0.0012755102040817867,-0.0012755102040817867,-0.05000000000000426,-0.05000000000000426,39.15,39.2,39.15,39.2,149.0,174.0,1946.0,221.0,False,False
2303,2022-11-02 09:23:51.045106,-0.0012755102040817867,-0.0012755102040817867,-0.05000000000000426,-0.05000000000000426,39.15,39.2,39.15,39.2,158.0,174.0,1946.0,221.0,False,False
2303,2022-11-02 09:23:51.124349,-0.0012755102040817867,-0.0012755102040817867,-0.05000000000000426,-0.05000000000000426,39.15,39.2,39.15,39.2,158.0,174.0,1946.0,221.0,False,False
2303,2022-11-02 09:23:51.340018,-0.0012755102040817867,-0.0012755102040817867,-0.05000000000000426,-0.05000000000000426,39.15,39.2,39.15,39.2,158.0,174.0,1946.0,221.0,False,False
2303,2022-11-02 09:23:51.364624,-0.0012755102040817867,-0.0012755102040817867,-0.05000000000000426,-0.05000000000000426,39.15,39.2,39.15,39.2,158.0,174.0,1946.0,221.0,False,False
2303,2022-11-02 09:23:53.596177,-0.0012755102040817867,-0.0012755102040817867,-0.05000000000000426,-0.05000000000000426,39.15,39.2,39.15,39.2,158.0,175.0,1946.0,221.0,False,False
2303,2022-11-02 09:23:54.373408,-0.0012755102040817867,-0.0012755102040817867,-0.05000000000000426,-0.05000000000000426,39.15,39.2,39.15,39.2,158.0,174.0,1946.0,221.0,False,False
2303,2022-11-02 09:23:54.405041,-0.0012755102040817867,-0.0012755102040817867,-0.05000000000000426,-0.05000000000000426,39.15,39.2,39.15,39.2,158.0,171.0,1946.0,221.0,False,False
2303,2022-11-02 09:23:54.406397,-0.0012755102040817867,-0.0012755102040817867,-0.05000000000000426,-0.05000000000000426,39.15,39.2,39.15,39.2,155.0,171.0,1946.0,221.0,False,False
2303,2022-11-02 09:23:54.903493,-0.0012755102040817867,-0.0012755102040817867,-0.05000000000000426,-0.05000000000000426,39.15,39.2,39.15,39.2,155.0,171.0,1946.0,221.0,False,False
2303,2022-11-02 09:23:56.905205,-0.0012755102040817867,-0.0012755102040817867,-0.05000000000000426,-0.05000000000000426,39.15,39.2,39.15,39.2,155.0,171.0,1946.0,221.0,False,False
2303,2022-11-02 09:23:57.187444,-0.0012755102040817867,-0.0012755102040817867,-0.05000000000000426,-0.05000000000000426,39.15,39.2,39.15,39.2,155.0,171.0,1946.0,221.0,False,False
2303,2022-11-02 09:23:57.216112,-0.0012755102040817867,-0.0012755102040817867,-0.05000000000000426,-0.05000000000000426,39.15,39.2,39.15,39.2,155.0,187.0,1946.0,221.0,False,False
2303,2022-11-02 09:23:57.978762,-0.0012755102040817867,-0.0012755102040817867,-0.05000000000000426,-0.05000000000000426,39.15,39.2,39.15,39.2,155.0,187.0,1946.0,221.0,False,False
2303,2022-11-02 09:23:58.804340,-0.0012755102040817867,-0.0012755102040817867,-0.05000000000000426,-0.05000000000000426,39.15,39.2,39.15,39.2,155.0,187.0,1946.0,221.0,False,False
2303,2022-11-02 09:23:59.070837,-0.0012755102040817867,-0.0012755102040817867,-0.05000000000000426,-0.05000000000000426,39.15,39.2,39.15,39.2,155.0,187.0,1946.0,221.0,False,False
2303,2022-11-02 09:24:02.051378,-0.0012755102040817867,-0.0012755102040817867,-0.05000000000000426,-0.05000000000000426,39.15,39.2,39.15,39.2,155.0,184.0,1946.0,221.0,False,False
2303,2022-11-02 09:24:02.052782,-0.0012755102040817867,-0.0012755102040817867,-0.05000000000000426,-0.05000000000000426,39.15,39.2,39.15,39.2,152.0,184.0,1946.0,221.0,False,False
2303,2022-11-02 09:24:02.105190,-0.0012755102040817867,-0.0012755102040817867,-0.05000000000000426,-0.05000000000000426,39.15,39.2,39.15,39.2,152.0,184.0,1946.0,950.0,True,True
2303,2022-11-02 09:24:02.152418,-0.0012755102040817867,-0.0012755102040817867,-0.05000000000000426,-0.05000000000000426,39.15,39.2,39.15,39.2,152.0,184.0,1946.0,950.0,False,False
2303,2022-11-02 09:24:02.239264,-0.0012755102040817867,-0.0012755102040817867,-0.05000000000000426,-0.05000000000000426,39.15,39.2,39.15,39.2,151.0,184.0,1946.0,950.0,False,False
2303,2022-11-02 09:24:03.946951,-0.0012755102040817867,-0.0012755102040817867,-0.05000000000000426,-0.05000000000000426,39.15,39.2,39.15,39.2,151.0,178.0,1946.0,950.0,False,False
2303,2022-11-02 09:24:06.991617,-0.0012755102040817867,-0.0012755102040817867,-0.05000000000000426,-0.05000000000000426,39.15,39.2,39.15,39.2,151.0,179.0,1946.0,950.0,False,False
2303,2022-11-02 09:24:07.837120,-0.0012755102040817867,-0.0012755102040817867,-0.05000000000000426,-0.05000000000000426,39.15,39.2,39.15,39.2,151.0,179.0,1946.0,950.0,False,False
2303,2022-11-02 09:24:08.493063,-0.0012755102040817867,-0.0012755102040817867,-0.05000000000000426,-0.05000000000000426,39.15,39.2,39.15,39.2,151.0,182.0,1946.0,950.0,False,False
2303,2022-11-02 09:24:08.651350,-0.0012755102040817867,-0.0012755102040817867,-0.05000000000000426,-0.05000000000000426,39.15,39.2,39.15,39.2,151.0,183.0,1946.0,950.0,False,False
2303,2022-11-02 09:24:09.445233,-0.0012755102040817867,-0.0012755102040817867,-0.05000000000000426,-0.05000000000000426,39.15,39.2,39.15,39.2,150.0,183.0,1946.0,950.0,False,False
2303,2022-11-02 09:24:10.749996,-0.0012755102040817867,-0.0012755102040817867,-0.05000000000000426,-0.05000000000000426,39.15,39.2,39.15,39.2,149.0,183.0,1946.0,950.0,False,False
2303,2022-11-02 09:24:11.014494,-0.0012755102040817867,-0.0012755102040817867,-0.05000000000000426,-0.05000000000000426,39.15,39.2,39.15,39.2,149.0,183.0,1946.0,950.0,False,False
2303,2022-11-02 09:24:11.079114,-0.0012755102040817867,-0.0012755102040817867,-0.05000000000000426,-0.05000000000000426,39.15,39.2,39.15,39.2,149.0,183.0,1946.0,950.0,False,False
2303,2022-11-02 09:24:11.764561,-0.0012755102040817867,-0.0012755102040817867,-0.05000000000000426,-0.05000000000000426,39.15,39.2,39.15,39.2,149.0,183.0,1946.0,950.0,False,False
2303,2022-11-02 09:24:11.856515,-0.0012755102040817867,-0.0012755102040817867,-0.05000000000000426,-0.05000000000000426,39.15,39.2,39.15,39.2,149.0,183.0,1946.0,950.0,False,False
2303,2022-11-02 09:24:12.144293,-0.0012755102040817867,-0.0012755102040817867,-0.05000000000000426,-0.05000000000000426,39.15,39.2,39.15,39.2,149.0,183.0,1946.0,1250.0,True,True
2303,2022-11-02 09:24:12.692884,-0.0012755102040817867,-0.0012755102040817867,-0.05000000000000426,-0.05000000000000426,39.15,39.2,39.15,39.2,149.0,183.0,1946.0,1250.0,False,False
2303,2022-11-02 09:24:13.813904,-0.0012755102040817867,-0.0012755102040817867,-0.05000000000000426,-0.05000000000000426,39.15,39.2,39.15,39.2,149.0,183.0,1946.0,1250.0,False,False
2303,2022-11-02 09:24:14.056858,-0.0012755102040817867,-0.0012755102040817867,-0.05000000000000426,-0.05000000000000426,39.15,39.2,39.15,39.2,157.0,183.0,1946.0,1250.0,False,False
2303,2022-11-02 09:24:16.472226,-0.0012755102040817867,-0.0012755102040817867,-0.05000000000000426,-0.05000000000000426,39.15,39.2,39.15,39.2,157.0,183.0,1946.0,1250.0,False,False
2303,2022-11-02 09:24:17.071653,-0.0012755102040817867,-0.0012755102040817867,-0.05000000000000426,-0.05000000000000426,39.15,39.2,39.15,39.2,157.0,183.0,1946.0,1250.0,False,False
2303,2022-11-02 09:24:17.290483,-0.0012755102040817867,-0.0012755102040817867,-0.05000000000000426,-0.05000000000000426,39.15,39.2,39.15,39.2,158.0,183.0,1946.0,1250.0,False,False
2303,2022-11-02 09:24:17.555475,-0.0012755102040817867,-0.0012755102040817867,-0.05000000000000426,-0.05000000000000426,39.15,39.2,39.15,39.2,158.0,183.0,1946.0,1250.0,False,False
2303,2022-11-02 09:24:17.580989,-0.0012755102040817867,-0.0012755102040817867,-0.05000000000000426,-0.05000000000000426,39.15,39.2,39.15,39.2,158.0,183.0,1946.0,1250.0,False,False
2303,2022-11-02 09:24:17.608699,-0.0012755102040817867,-0.0012755102040817867,-0.05000000000000426,-0.05000000000000426,39.15,39.2,39.15,39.2,158.0,183.0,1946.0,1250.0,False,False
2303,2022-11-02 09:24:17.994458,-0.0012755102040817867,-0.0012755102040817867,-0.05000000000000426,-0.05000000000000426,39.15,39.2,39.15,39.2,158.0,183.0,1946.0,1250.0,False,False
2303,2022-11-02 09:24:18.058645,-0.0012755102040817867,-0.0012755102040817867,-0.05000000000000426,-0.05000000000000426,39.15,39.2,39.15,39.2,158.0,178.0,1946.0,1250.0,False,False
2303,2022-11-02 09:24:18.060298,-0.0012755102040817867,-0.0012755102040817867,-0.05000000000000426,-0.05000000000000426,39.15,39.2,39.15,39.2,153.0,178.0,1946.0,1250.0,False,False
2303,2022-11-02 09:24:18.110119,-0.0012755102040817867,-0.0012755102040817867,-0.05000000000000426,-0.05000000000000426,39.15,39.2,39.15,39.2,153.0,178.0,1946.0,1250.0,False,False
2303,2022-11-02 09:24:19.211126,-0.0012755102040817867,-0.0012755102040817867,-0.05000000000000426,-0.05000000000000426,39.15,39.2,39.15,39.2,153.0,178.0,1946.0,1250.0,False,False
2303,2022-11-02 09:24:19.636275,-0.0012755102040817867,-0.0012755102040817867,-0.05000000000000426,-0.05000000000000426,39.15,39.2,39.15,39.2,153.0,178.0,1946.0,1250.0,False,False
2303,2022-11-02 09:24:20.257602,-0.0012755102040817867,-0.0012755102040817867,-0.05000000000000426,-0.05000000000000426,39.15,39.2,39.15,39.2,153.0,178.0,1946.0,1250.0,False,False
2303,2022-11-02 09:24:22.180839,-0.0012755102040817867,-0.0012755102040817867,-0.05000000000000426,-0.05000000000000426,39.15,39.2,39.15,39.2,153.0,178.0,1946.0,1650.0,True,True
2303,2022-11-02 09:24:22.266416,-0.0012755102040817867,-0.0012755102040817867,-0.05000000000000426,-0.05000000000000426,39.15,39.2,39.15,39.2,152.0,178.0,1946.0,1650.0,False,False
2303,2022-11-02 09:24:22.871691,-0.0012755102040817867,-0.0012755102040817867,-0.05000000000000426,-0.05000000000000426,39.15,39.2,39.15,39.2,151.0,178.0,1946.0,1650.0,False,False
2303,2022-11-02 09:24:23.108475,-0.0012755102040817867,-0.0012755102040817867,-0.05000000000000426,-0.05000000000000426,39.15,39.2,39.15,39.2,151.0,178.0,1946.0,1650.0,False,False
2303,2022-11-02 09:24:23.510594,-0.0012755102040817867,-0.0012755102040817867,-0.05000000000000426,-0.05000000000000426,39.15,39.2,39.15,39.2,151.0,178.0,1946.0,1650.0,False,False
2303,2022-11-02 09:24:23.603741,-0.0012755102040817867,-0.0012755102040817867,-0.05000000000000426,-0.05000000000000426,39.15,39.2,39.15,39.2,151.0,178.0,1946.0,1650.0,False,False
2303,2022-11-02 09:24:24.891231,-0.0012755102040817867,-0.0012755102040817867,-0.05000000000000426,-0.05000000000000426,39.15,39.2,39.15,39.2,151.0,179.0,1946.0,1650.0,False,False
2303,2022-11-02 09:24:26.117842,-0.0012755102040817867,-0.0012755102040817867,-0.05000000000000426,-0.05000000000000426,39.15,39.2,39.15,39.2,151.0,179.0,1946.0,1650.0,False,False
2303,2022-11-02 09:24:27.063699,-0.0012755102040817867,-0.0012755102040817867,-0.05000000000000426,-0.05000000000000426,39.15,39.2,39.15,39.2,151.0,176.0,1946.0,1650.0,False,False
2303,2022-11-02 09:24:27.064626,-0.0012755102040817867,-0.0012755102040817867,-0.05000000000000426,-0.05000000000000426,39.15,39.2,39.15,39.2,148.0,176.0,1946.0,1650.0,False,False
2303,2022-11-02 09:24:27.432627,-0.0012755102040817867,-0.0012755102040817867,-0.05000000000000426,-0.05000000000000426,39.15,39.2,39.15,39.2,148.0,179.0,1946.0,1650.0,False,False
2303,2022-11-02 09:24:27.959319,-0.0012755102040817867,-0.0012755102040817867,-0.05000000000000426,-0.05000000000000426,39.15,39.2,39.15,39.2,148.0,179.0,1946.0,1650.0,False,False
2303,2022-11-02 09:24:28.941757,-0.0012755102040817867,-0.0012755102040817867,-0.05000000000000426,-0.05000000000000426,39.15,39.2,39.15,39.2,148.0,179.0,1946.0,1650.0,False,False
2303,2022-11-02 09:24:29.261472,-0.0012755102040817867,-0.0012755102040817867,-0.05000000000000426,-0.05000000000000426,39.15,39.2,39.15,39.2,148.0,179.0,1946.0,1650.0,False,False
2303,2022-11-02 09:24:30.329310,-0.0012755102040817867,-0.0012755102040817867,-0.05000000000000426,-0.05000000000000426,39.15,39.2,39.15,39.2,148.0,179.0,1946.0,1650.0,False,False
2303,2022-11-02 09:24:31.605432,-0.0012755102040817867,-0.0012755102040817867,-0.05000000000000426,-0.05000000000000426,39.15,39.2,39.15,39.2,148.0,179.0,1946.0,1650.0,False,False
2303,2022-11-02 09:24:32.220887,-0.0012755102040817867,-0.0012755102040817867,-0.05000000000000426,-0.05000000000000426,39.15,39.2,39.15,39.2,148.0,179.0,1946.0,1700.0,True,True
2303,2022-11-02 09:24:33.326465,-0.0012755102040817867,-0.0012755102040817867,-0.05000000000000426,-0.05000000000000426,39.15,39.2,39.15,39.2,148.0,178.0,1946.0,1700.0,False,False
2303,2022-11-02 09:24:33.704697,-0.0012755102040817867,-0.0012755102040817867,-0.05000000000000426,-0.05000000000000426,39.15,39.2,39.15,39.2,148.0,178.0,1946.0,1700.0,False,False
2303,2022-11-02 09:24:33.736938,-0.0012755102040817867,-0.0012755102040817867,-0.05000000000000426,-0.05000000000000426,39.15,39.2,39.15,39.2,148.0,178.0,1946.0,1700.0,False,False
2303,2022-11-02 09:24:34.507951,-0.0012755102040817867,-0.0012755102040817867,-0.05000000000000426,-0.05000000000000426,39.15,39.2,39.15,39.2,148.0,179.0,1946.0,1700.0,False,False
2303,2022-11-02 09:24:36.446391,-0.0012755102040817867,-0.0012755102040817867,-0.05000000000000426,-0.05000000000000426,39.15,39.2,39.15,39.2,148.0,179.0,1946.0,1700.0,False,False
2303,2022-11-02 09:24:36.712135,-0.0012755102040817867,-0.0012755102040817867,-0.05000000000000426,-0.05000000000000426,39.15,39.2,39.15,39.2,148.0,179.0,1946.0,1700.0,False,False
2303,2022-11-02 09:24:37.068368,-0.0012755102040817867,-0.0012755102040817867,-0.05000000000000426,-0.05000000000000426,39.15,39.2,39.15,39.2,148.0,176.0,1946.0,1700.0,False,False
2303,2022-11-02 09:24:37.069611,-0.0012755102040817867,-0.0012755102040817867,-0.05000000000000426,-0.05000000000000426,39.15,39.2,39.15,39.2,145.0,176.0,1946.0,1700.0,False,False
2303,2022-11-02 09:24:38.068572,-0.0012755102040817867,-0.0012755102040817867,-0.05000000000000426,-0.05000000000000426,39.15,39.2,39.15,39.2,153.0,176.0,1946.0,1700.0,False,False
2303,2022-11-02 09:24:39.186163,-0.0012755102040817867,-0.0012755102040817867,-0.05000000000000426,-0.05000000000000426,39.15,39.2,39.15,39.2,153.0,177.0,1946.0,1700.0,False,False
