symbol,datetime,NaOb_r,NbOa_r,NaOb_s,NbOa_s,bid1,ask1,odd_bid1,odd_ask1,bidQty1,askQty1,odd_bidQty1,odd_askQty1,simulate,triggerbyOdd
2317,2022-11-02 09:19:51.121636,-0.0049261083743842304,-0.0049261083743842304,-0.5,-0.5,101.0,101.5,101.0,101.5,5145.0,3346.0,121020.0,7309.0,True,True
2317,2022-11-02 09:19:51.289107,-0.0049261083743842304,-0.0049261083743842304,-0.5,-0.5,101.0,101.5,101.0,101.5,5146.0,3346.0,121020.0,7309.0,False,False
2317,2022-11-02 09:19:51.527297,-0.0049261083743842304,-0.0049261083743842304,-0.5,-0.5,101.0,101.5,101.0,101.5,5146.0,3346.0,121020.0,7309.0,False,False
2317,2022-11-02 09:19:52.066599,-0.0049261083743842304,-0.0049261083743842304,-0.5,-0.5,101.0,101.5,101.0,101.5,5146.0,3346.0,121020.0,7309.0,False,False
2317,2022-11-02 09:19:52.239969,-0.0049261083743842304,-0.0049261083743842304,-0.5,-0.5,101.0,101.5,101.0,101.5,5146.0,3346.0,121020.0,7309.0,False,False
2317,2022-11-02 09:19:52.529809,-0.0049261083743842304,-0.0049261083743842304,-0.5,-0.5,101.0,101.5,101.0,101.5,5146.0,3346.0,121020.0,7309.0,False,False
2317,2022-11-02 09:19:52.811934,-0.0049261083743842304,-0.0049261083743842304,-0.5,-0.5,101.0,101.5,101.0,101.5,5146.0,3345.0,121020.0,7309.0,False,False
2317,2022-11-02 09:19:53.122660,-0.0049261083743842304,-0.0049261083743842304,-0.5,-0.5,101.0,101.5,101.0,101.5,5146.0,3329.0,121020.0,7309.0,False,False
2317,2022-11-02 09:19:53.861132,-0.0049261083743842304,-0.0049261083743842304,-0.5,-0.5,101.0,101.5,101.0,101.5,5147.0,3329.0,121020.0,7309.0,False,False
2317,2022-11-02 09:19:54.934955,-0.0049261083743842304,-0.0049261083743842304,-0.5,-0.5,101.0,101.5,101.0,101.5,5147.0,3329.0,121020.0,7309.0,False,False
2317,2022-11-02 09:19:54.943791,-0.0049261083743842304,-0.0049261083743842304,-0.5,-0.5,101.0,101.5,101.0,101.5,5146.0,3329.0,121020.0,7309.0,False,False
2317,2022-11-02 09:19:55.172112,-0.0049261083743842304,-0.0049261083743842304,-0.5,-0.5,101.0,101.5,101.0,101.5,5146.0,3329.0,121020.0,7309.0,False,False
2317,2022-11-02 09:19:55.315017,-0.0049261083743842304,-0.0049261083743842304,-0.5,-0.5,101.0,101.5,101.0,101.5,5146.0,3329.0,121020.0,7309.0,False,False
2317,2022-11-02 09:19:55.470912,-0.0049261083743842304,-0.0049261083743842304,-0.5,-0.5,101.0,101.5,101.0,101.5,5147.0,3329.0,121020.0,7309.0,False,False
2317,2022-11-02 09:19:55.511663,-0.0049261083743842304,-0.0049261083743842304,-0.5,-0.5,101.0,101.5,101.0,101.5,5147.0,3329.0,121020.0,7309.0,False,False
2317,2022-11-02 09:19:55.651343,-0.0049261083743842304,-0.0049261083743842304,-0.5,-0.5,101.0,101.5,101.0,101.5,5147.0,3326.0,121020.0,7309.0,False,False
2317,2022-11-02 09:19:55.729013,-0.0049261083743842304,-0.0049261083743842304,-0.5,-0.5,101.0,101.5,101.0,101.5,5148.0,3326.0,121020.0,7309.0,False,False
2317,2022-11-02 09:19:55.965689,-0.0049261083743842304,-0.0049261083743842304,-0.5,-0.5,101.0,101.5,101.0,101.5,5148.0,3326.0,121020.0,7309.0,False,False
2317,2022-11-02 09:19:56.027359,-0.0049261083743842304,-0.0049261083743842304,-0.5,-0.5,101.0,101.5,101.0,101.5,5148.0,3304.0,121020.0,7309.0,False,False
2317,2022-11-02 09:19:56.095523,-0.0049261083743842304,-0.0049261083743842304,-0.5,-0.5,101.0,101.5,101.0,101.5,5148.0,3243.0,121020.0,7309.0,False,False
2317,2022-11-02 09:19:56.320888,-0.0049261083743842304,-0.0049261083743842304,-0.5,-0.5,101.0,101.5,101.0,101.5,5148.0,3243.0,121020.0,7309.0,False,False
2317,2022-11-02 09:19:56.853070,-0.0049261083743842304,-0.0049261083743842304,-0.5,-0.5,101.0,101.5,101.0,101.5,5148.0,3242.0,121020.0,7309.0,False,False
2317,2022-11-02 09:19:57.137351,-0.0049261083743842304,-0.0049261083743842304,-0.5,-0.5,101.0,101.5,101.0,101.5,5148.0,3242.0,121020.0,7309.0,False,False
2317,2022-11-02 09:19:57.341759,-0.0049261083743842304,-0.0049261083743842304,-0.5,-0.5,101.0,101.5,101.0,101.5,5148.0,3242.0,121020.0,7309.0,False,False
2317,2022-11-02 09:19:57.378488,-0.0049261083743842304,-0.0049261083743842304,-0.5,-0.5,101.0,101.5,101.0,101.5,5148.0,3235.0,121020.0,7309.0,False,False
2317,2022-11-02 09:19:57.430140,-0.0049261083743842304,-0.0049261083743842304,-0.5,-0.5,101.0,101.5,101.0,101.5,5141.0,3235.0,121020.0,7309.0,False,False
2317,2022-11-02 09:19:57.458968,-0.0049261083743842304,-0.0049261083743842304,-0.5,-0.5,101.0,101.5,101.0,101.5,5141.0,3235.0,121020.0,7309.0,False,False
2317,2022-11-02 09:19:58.006934,-0.0049261083743842304,-0.0049261083743842304,-0.5,-0.5,101.0,101.5,101.0,101.5,5141.0,3234.0,121020.0,7309.0,False,False
2317,2022-11-02 09:19:58.222023,-0.0049261083743842304,-0.0049261083743842304,-0.5,-0.5,101.0,101.5,101.0,101.5,5141.0,3234.0,121020.0,7309.0,False,False
2317,2022-11-02 09:19:58.322857,-0.0049261083743842304,-0.0049261083743842304,-0.5,-0.5,101.0,101.5,101.0,101.5,5141.0,3234.0,121020.0,7309.0,False,False
2317,2022-11-02 09:19:58.566563,-0.0049261083743842304,-0.0049261083743842304,-0.5,-0.5,101.0,101.5,101.0,101.5,5146.0,3234.0,121020.0,7309.0,False,False
2317,2022-11-02 09:19:58.948054,-0.0049261083743842304,-0.0049261083743842304,-0.5,-0.5,101.0,101.5,101.0,101.5,5146.0,3234.0,121020.0,7309.0,False,False
2317,2022-11-02 09:19:59.201388,-0.0049261083743842304,-0.0049261083743842304,-0.5,-0.5,101.0,101.5,101.0,101.5,5148.0,3234.0,121020.0,7309.0,False,False
2317,2022-11-02 09:19:59.244437,-0.0049261083743842304,-0.0049261083743842304,-0.5,-0.5,101.0,101.5,101.0,101.5,5148.0,3233.0,121020.0,7309.0,False,False
2317,2022-11-02 09:20:00.211003,-0.0049261083743842304,-0.0049261083743842304,-0.5,-0.5,101.0,101.5,101.0,101.5,5149.0,3233.0,121020.0,7309.0,False,False
2317,2022-11-02 09:20:00.397778,-0.0049261083743842304,-0.0049261083743842304,-0.5,-0.5,101.0,101.5,101.0,101.5,5149.0,3218.0,121020.0,7309.0,False,False
2317,2022-11-02 09:20:00.454022,-0.0049261083743842304,-0.0049261083743842304,-0.5,-0.5,101.0,101.5,101.0,101.5,5134.0,3218.0,121020.0,7309.0,False,False
2317,2022-11-02 09:20:00.568216,-0.0049261083743842304,-0.0049261083743842304,-0.5,-0.5,101.0,101.5,101.0,101.5,5134.0,3218.0,121020.0,7309.0,False,False
2317,2022-11-02 09:20:00.637893,-0.0049261083743842304,-0.0049261083743842304,-0.5,-0.5,101.0,101.5,101.0,101.5,5134.0,3218.0,121020.0,7309.0,False,False
2317,2022-11-02 09:20:01.165092,-0.0049261083743842304,-0.0049261083743842304,-0.5,-0.5,101.0,101.5,101.0,101.5,5134.0,3218.0,121640.0,6804.0,True,True
2317,2022-11-02 09:20:01.461662,-0.0049261083743842304,-0.0049261083743842304,-0.5,-0.5,101.0,101.5,101.0,101.5,5135.0,3218.0,121640.0,6804.0,False,False
2317,2022-11-02 09:20:01.605449,-0.0049261083743842304,-0.0049261083743842304,-0.5,-0.5,101.0,101.5,101.0,101.5,5135.0,3218.0,121640.0,6804.0,False,False
2317,2022-11-02 09:20:01.741096,-0.0049261083743842304,-0.0049261083743842304,-0.5,-0.5,101.0,101.5,101.0,101.5,5136.0,3218.0,121640.0,6804.0,False,False
2317,2022-11-02 09:20:01.776640,-0.0049261083743842304,-0.0049261083743842304,-0.5,-0.5,101.0,101.5,101.0,101.5,5136.0,3218.0,121640.0,6804.0,False,False
2317,2022-11-02 09:20:02.080744,-0.0049261083743842304,-0.0049261083743842304,-0.5,-0.5,101.0,101.5,101.0,101.5,5136.0,3218.0,121640.0,6804.0,False,False
2317,2022-11-02 09:20:02.687180,-0.0049261083743842304,-0.0049261083743842304,-0.5,-0.5,101.0,101.5,101.0,101.5,5137.0,3218.0,121640.0,6804.0,False,False
2317,2022-11-02 09:20:02.902609,-0.0049261083743842304,-0.0049261083743842304,-0.5,-0.5,101.0,101.5,101.0,101.5,5138.0,3218.0,121640.0,6804.0,False,False
2317,2022-11-02 09:20:03.193470,-0.0049261083743842304,-0.0049261083743842304,-0.5,-0.5,101.0,101.5,101.0,101.5,5138.0,3218.0,121640.0,6804.0,False,False
2317,2022-11-02 09:20:03.281448,-0.0049261083743842304,-0.0049261083743842304,-0.5,-0.5,101.0,101.5,101.0,101.5,5138.0,3218.0,121640.0,6804.0,False,False
2317,2022-11-02 09:20:03.388702,-0.0049261083743842304,-0.0049261083743842304,-0.5,-0.5,101.0,101.5,101.0,101.5,5138.0,3218.0,121640.0,6804.0,False,False
2317,2022-11-02 09:20:03.536826,-0.0049261083743842304,-0.0049261083743842304,-0.5,-0.5,101.0,101.5,101.0,101.5,5138.0,3218.0,121640.0,6804.0,False,False
2317,2022-11-02 09:20:03.784491,-0.0049261083743842304,-0.0049261083743842304,-0.5,-0.5,101.0,101.5,101.0,101.5,5138.0,3218.0,121640.0,6804.0,False,False
2317,2022-11-02 09:20:03.799425,-0.0049261083743842304,-0.0049261083743842304,-0.5,-0.5,101.0,101.5,101.0,101.5,5153.0,3218.0,121640.0,6804.0,False,False
2317,2022-11-02 09:20:03.810829,-0.0049261083743842304,-0.0049261083743842304,-0.5,-0.5,101.0,101.5,101.0,101.5,5153.0,3218.0,121640.0,6804.0,False,False
2317,2022-11-02 09:20:03.973044,-0.0049261083743842304,-0.0049261083743842304,-0.5,-0.5,101.0,101.5,101.0,101.5,5153.0,3217.0,121640.0,6804.0,False,False
2317,2022-11-02 09:20:04.923794,-0.0049261083743842304,-0.0049261083743842304,-0.5,-0.5,101.0,101.5,101.0,101.5,5153.0,3217.0,121640.0,6804.0,False,False
2317,2022-11-02 09:20:05.152410,-0.0049261083743842304,-0.0049261083743842304,-0.5,-0.5,101.0,101.5,101.0,101.5,5173.0,3217.0,121640.0,6804.0,False,False
2317,2022-11-02 09:20:05.216875,-0.0049261083743842304,-0.0049261083743842304,-0.5,-0.5,101.0,101.5,101.0,101.5,5173.0,3217.0,121640.0,6804.0,False,False
2317,2022-11-02 09:20:05.452443,-0.0049261083743842304,-0.0049261083743842304,-0.5,-0.5,101.0,101.5,101.0,101.5,5173.0,3217.0,121640.0,6804.0,False,False
2317,2022-11-02 09:20:05.597209,-0.0049261083743842304,-0.0049261083743842304,-0.5,-0.5,101.0,101.5,101.0,101.5,5172.0,3216.0,121640.0,6804.0,False,False
2317,2022-11-02 09:20:06.405416,-0.0049261083743842304,-0.0049261083743842304,-0.5,-0.5,101.0,101.5,101.0,101.5,5172.0,3216.0,121640.0,6804.0,False,False
2317,2022-11-02 09:20:06.695202,-0.0049261083743842304,-0.0049261083743842304,-0.5,-0.5,101.0,101.5,101.0,101.5,5172.0,3216.0,121640.0,6804.0,False,False
2317,2022-11-02 09:20:07.294798,-0.0049261083743842304,-0.0049261083743842304,-0.5,-0.5,101.0,101.5,101.0,101.5,5172.0,3216.0,121640.0,6804.0,False,False
2317,2022-11-02 09:20:07.382364,-0.0049261083743842304,-0.0049261083743842304,-0.5,-0.5,101.0,101.5,101.0,101.5,5173.0,3216.0,121640.0,6804.0,False,False
2317,2022-11-02 09:20:07.467560,-0.0049261083743842304,-0.0049261083743842304,-0.5,-0.5,101.0,101.5,101.0,101.5,5173.0,3213.0,121640.0,6804.0,False,False
2317,2022-11-02 09:20:07.539880,-0.0049261083743842304,-0.0049261083743842304,-0.5,-0.5,101.0,101.5,101.0,101.5,5170.0,3213.0,121640.0,6804.0,False,False
2317,2022-11-02 09:20:07.607802,-0.0049261083743842304,-0.0049261083743842304,-0.5,-0.5,101.0,101.5,101.0,101.5,5171.0,3213.0,121640.0,6804.0,False,False
2317,2022-11-02 09:20:07.702821,-0.0049261083743842304,-0.0049261083743842304,-0.5,-0.5,101.0,101.5,101.0,101.5,5171.0,3213.0,121640.0,6804.0,False,False
2317,2022-11-02 09:20:08.090120,-0.0049261083743842304,-0.0049261083743842304,-0.5,-0.5,101.0,101.5,101.0,101.5,5171.0,3213.0,121640.0,6804.0,False,False
2317,2022-11-02 09:20:08.236025,-0.0049261083743842304,-0.0049261083743842304,-0.5,-0.5,101.0,101.5,101.0,101.5,5172.0,3213.0,121640.0,6804.0,False,False
2317,2022-11-02 09:20:08.559066,-0.0049261083743842304,-0.0049261083743842304,-0.5,-0.5,101.0,101.5,101.0,101.5,5173.0,3213.0,121640.0,6804.0,False,False
2317,2022-11-02 09:20:08.655155,-0.0049261083743842304,-0.0049261083743842304,-0.5,-0.5,101.0,101.5,101.0,101.5,5175.0,3213.0,121640.0,6804.0,False,False
2317,2022-11-02 09:20:08.746392,-0.0049261083743842304,-0.0049261083743842304,-0.5,-0.5,101.0,101.5,101.0,101.5,5175.0,3338.0,121640.0,6804.0,False,False
2317,2022-11-02 09:20:08.974591,-0.0049261083743842304,-0.0049261083743842304,-0.5,-0.5,101.0,101.5,101.0,101.5,5175.0,3338.0,121640.0,6804.0,False,False
2317,2022-11-02 09:20:08.998181,-0.0049261083743842304,-0.0049261083743842304,-0.5,-0.5,101.0,101.5,101.0,101.5,5175.0,3270.0,121640.0,6804.0,False,False
2317,2022-11-02 09:20:09.103531,-0.0049261083743842304,-0.0049261083743842304,-0.5,-0.5,101.0,101.5,101.0,101.5,5175.0,3270.0,121640.0,6804.0,False,False
2317,2022-11-02 09:20:09.426904,-0.0049261083743842304,-0.0049261083743842304,-0.5,-0.5,101.0,101.5,101.0,101.5,5175.0,3270.0,121640.0,6804.0,False,False
2317,2022-11-02 09:20:09.659882,-0.0049261083743842304,-0.0049261083743842304,-0.5,-0.5,101.0,101.5,101.0,101.5,5176.0,3270.0,121640.0,6804.0,False,False
2317,2022-11-02 09:20:09.801314,-0.0049261083743842304,-0.0049261083743842304,-0.5,-0.5,101.0,101.5,101.0,101.5,5177.0,3270.0,121640.0,6804.0,False,False
2317,2022-11-02 09:20:09.891584,-0.0049261083743842304,-0.0049261083743842304,-0.5,-0.5,101.0,101.5,101.0,101.5,5178.0,3270.0,121640.0,6804.0,False,False
2317,2022-11-02 09:20:10.229500,-0.0049261083743842304,-0.0049261083743842304,-0.5,-0.5,101.0,101.5,101.0,101.5,5178.0,3270.0,121640.0,6804.0,False,False
2317,2022-11-02 09:20:10.439578,-0.0049261083743842304,-0.0049261083743842304,-0.5,-0.5,101.0,101.5,101.0,101.5,5179.0,3270.0,121640.0,6804.0,False,False
2317,2022-11-02 09:20:10.627943,-0.0049261083743842304,-0.0049261083743842304,-0.5,-0.5,101.0,101.5,101.0,101.5,5180.0,3270.0,121640.0,6804.0,False,False
2317,2022-11-02 09:20:10.738386,-0.0049261083743842304,-0.0049261083743842304,-0.5,-0.5,101.0,101.5,101.0,101.5,5179.0,3270.0,121640.0,6804.0,False,False
2317,2022-11-02 09:20:11.074872,-0.0049261083743842304,-0.0049261083743842304,-0.5,-0.5,101.0,101.5,101.0,101.5,5179.0,3270.0,121640.0,6804.0,False,False
2317,2022-11-02 09:20:11.263719,-0.0049261083743842304,-0.0049261083743842304,-0.5,-0.5,101.0,101.5,101.0,101.5,5179.0,3270.0,121580.0,5974.0,True,True
2317,2022-11-02 09:20:11.403137,-0.0049261083743842304,-0.0049261083743842304,-0.5,-0.5,101.0,101.5,101.0,101.5,5179.0,3271.0,121580.0,5974.0,False,False
2317,2022-11-02 09:20:11.859219,-0.0049261083743842304,-0.0049261083743842304,-0.5,-0.5,101.0,101.5,101.0,101.5,5179.0,3271.0,121580.0,5974.0,False,False
2317,2022-11-02 09:20:12.231976,-0.0049261083743842304,-0.0049261083743842304,-0.5,-0.5,101.0,101.5,101.0,101.5,5179.0,3271.0,121580.0,5974.0,False,False
2317,2022-11-02 09:20:13.362983,-0.0049261083743842304,-0.0049261083743842304,-0.5,-0.5,101.0,101.5,101.0,101.5,5179.0,3271.0,121580.0,5974.0,False,False
2317,2022-11-02 09:20:13.620406,-0.0049261083743842304,-0.0049261083743842304,-0.5,-0.5,101.0,101.5,101.0,101.5,5180.0,3271.0,121580.0,5974.0,False,False
2317,2022-11-02 09:20:13.740557,-0.0049261083743842304,-0.0049261083743842304,-0.5,-0.5,101.0,101.5,101.0,101.5,5181.0,3271.0,121580.0,5974.0,False,False
2317,2022-11-02 09:20:14.347588,-0.0049261083743842304,-0.0049261083743842304,-0.5,-0.5,101.0,101.5,101.0,101.5,5181.0,3271.0,121580.0,5974.0,False,False
2317,2022-11-02 09:20:14.971561,-0.0049261083743842304,-0.0049261083743842304,-0.5,-0.5,101.0,101.5,101.0,101.5,5181.0,3267.0,121580.0,5974.0,False,False
2317,2022-11-02 09:20:15.134260,-0.0049261083743842304,-0.0049261083743842304,-0.5,-0.5,101.0,101.5,101.0,101.5,5181.0,3267.0,121580.0,5974.0,False,False
2317,2022-11-02 09:20:15.461403,-0.0049261083743842304,-0.0049261083743842304,-0.5,-0.5,101.0,101.5,101.0,101.5,5181.0,3267.0,121580.0,5974.0,False,False
2317,2022-11-02 09:20:15.470424,-0.0049261083743842304,-0.0049261083743842304,-0.5,-0.5,101.0,101.5,101.0,101.5,5181.0,3267.0,121580.0,5974.0,False,False
2317,2022-11-02 09:20:15.660647,-0.0049261083743842304,-0.0049261083743842304,-0.5,-0.5,101.0,101.5,101.0,101.5,5181.0,3267.0,121580.0,5974.0,False,False
2317,2022-11-02 09:20:15.731354,-0.0049261083743842304,-0.0049261083743842304,-0.5,-0.5,101.0,101.5,101.0,101.5,5182.0,3267.0,121580.0,5974.0,False,False
2317,2022-11-02 09:20:15.781978,-0.0049261083743842304,-0.0049261083743842304,-0.5,-0.5,101.0,101.5,101.0,101.5,5181.0,3267.0,121580.0,5974.0,False,False
2317,2022-11-02 09:20:15.876997,-0.0049261083743842304,-0.0049261083743842304,-0.5,-0.5,101.0,101.5,101.0,101.5,5181.0,3267.0,121580.0,5974.0,False,False
2317,2022-11-02 09:20:16.045323,-0.0049261083743842304,-0.0049261083743842304,-0.5,-0.5,101.0,101.5,101.0,101.5,5183.0,3267.0,121580.0,5974.0,False,False
2317,2022-11-02 09:20:16.536906,-0.0049261083743842304,-0.0049261083743842304,-0.5,-0.5,101.0,101.5,101.0,101.5,5183.0,3267.0,121580.0,5974.0,False,False
2317,2022-11-02 09:20:16.606630,-0.0049261083743842304,-0.0049261083743842304,-0.5,-0.5,101.0,101.5,101.0,101.5,5184.0,3267.0,121580.0,5974.0,False,False
2317,2022-11-02 09:20:16.756529,-0.0049261083743842304,-0.0049261083743842304,-0.5,-0.5,101.0,101.5,101.0,101.5,5185.0,3266.0,121580.0,5974.0,False,False
2317,2022-11-02 09:20:17.023775,-0.0049261083743842304,-0.0049261083743842304,-0.5,-0.5,101.0,101.5,101.0,101.5,5186.0,3266.0,121580.0,5974.0,False,False
2317,2022-11-02 09:20:17.254779,-0.0049261083743842304,-0.0049261083743842304,-0.5,-0.5,101.0,101.5,101.0,101.5,5186.0,3274.0,121580.0,5974.0,False,False
2317,2022-11-02 09:20:17.781347,-0.0049261083743842304,-0.0049261083743842304,-0.5,-0.5,101.0,101.5,101.0,101.5,5161.0,3274.0,121580.0,5974.0,False,False
2317,2022-11-02 09:20:17.886921,-0.0049261083743842304,-0.0049261083743842304,-0.5,-0.5,101.0,101.5,101.0,101.5,5160.0,3274.0,121580.0,5974.0,False,False
2317,2022-11-02 09:20:17.904378,-0.0049261083743842304,-0.0049261083743842304,-0.5,-0.5,101.0,101.5,101.0,101.5,5160.0,3274.0,121580.0,5974.0,False,False
2317,2022-11-02 09:20:17.951425,-0.0049261083743842304,-0.0049261083743842304,-0.5,-0.5,101.0,101.5,101.0,101.5,5160.0,3274.0,121580.0,5974.0,False,False
2317,2022-11-02 09:20:18.216353,-0.0049261083743842304,-0.0049261083743842304,-0.5,-0.5,101.0,101.5,101.0,101.5,5160.0,3274.0,121580.0,5974.0,False,False
2317,2022-11-02 09:20:18.375857,-0.0049261083743842304,-0.0049261083743842304,-0.5,-0.5,101.0,101.5,101.0,101.5,5160.0,3274.0,121580.0,5974.0,False,False
2317,2022-11-02 09:20:18.389254,-0.0049261083743842304,-0.0049261083743842304,-0.5,-0.5,101.0,101.5,101.0,101.5,5163.0,3274.0,121580.0,5974.0,False,False
2317,2022-11-02 09:20:18.900839,-0.0049261083743842304,-0.0049261083743842304,-0.5,-0.5,101.0,101.5,101.0,101.5,5162.0,3274.0,121580.0,5974.0,False,False
2317,2022-11-02 09:20:19.049605,-0.0049261083743842304,-0.0049261083743842304,-0.5,-0.5,101.0,101.5,101.0,101.5,5163.0,3274.0,121580.0,5974.0,False,False
2317,2022-11-02 09:20:19.357121,-0.0049261083743842304,-0.0049261083743842304,-0.5,-0.5,101.0,101.5,101.0,101.5,5163.0,3274.0,121580.0,5974.0,False,False
2317,2022-11-02 09:20:19.712872,-0.0049261083743842304,-0.0049261083743842304,-0.5,-0.5,101.0,101.5,101.0,101.5,5163.0,3274.0,121580.0,5974.0,False,False
2317,2022-11-02 09:20:19.915954,-0.0049261083743842304,-0.0049261083743842304,-0.5,-0.5,101.0,101.5,101.0,101.5,5163.0,3274.0,121580.0,5974.0,False,False
2317,2022-11-02 09:20:20.415422,-0.0049261083743842304,-0.0049261083743842304,-0.5,-0.5,101.0,101.5,101.0,101.5,5191.0,3274.0,121580.0,5974.0,False,False
2317,2022-11-02 09:20:20.675982,-0.0049261083743842304,-0.0049261083743842304,-0.5,-0.5,101.0,101.5,101.0,101.5,5191.0,3284.0,121580.0,5974.0,False,False
2317,2022-11-02 09:20:20.753607,-0.0049261083743842304,-0.0049261083743842304,-0.5,-0.5,101.0,101.5,101.0,101.5,5193.0,3284.0,121580.0,5974.0,False,False
2317,2022-11-02 09:20:20.985660,-0.0049261083743842304,-0.0049261083743842304,-0.5,-0.5,101.0,101.5,101.0,101.5,5196.0,3284.0,121580.0,5974.0,False,False
2317,2022-11-02 09:20:20.996802,-0.0049261083743842304,-0.0049261083743842304,-0.5,-0.5,101.0,101.5,101.0,101.5,5196.0,3284.0,121580.0,5974.0,False,False
2317,2022-11-02 09:20:21.081145,-0.0049261083743842304,-0.0049261083743842304,-0.5,-0.5,101.0,101.5,101.0,101.5,5196.0,3284.0,121580.0,5974.0,False,False
2317,2022-11-02 09:20:21.234039,-0.0049261083743842304,-0.0049261083743842304,-0.5,-0.5,101.0,101.5,101.0,101.5,5216.0,3284.0,121580.0,5974.0,False,False
2317,2022-11-02 09:20:21.348274,-0.0049261083743842304,-0.0049261083743842304,-0.5,-0.5,101.0,101.5,101.0,101.5,5216.0,3284.0,121559.0,5932.0,True,True
2317,2022-11-02 09:20:21.777557,-0.0049261083743842304,-0.0049261083743842304,-0.5,-0.5,101.0,101.5,101.0,101.5,5216.0,3284.0,121559.0,5932.0,False,False
2317,2022-11-02 09:20:22.107613,-0.0049261083743842304,-0.0049261083743842304,-0.5,-0.5,101.0,101.5,101.0,101.5,5216.0,3284.0,121559.0,5932.0,False,False
2317,2022-11-02 09:20:22.165188,-0.0049261083743842304,-0.0049261083743842304,-0.5,-0.5,101.0,101.5,101.0,101.5,5216.0,3285.0,121559.0,5932.0,False,False
2317,2022-11-02 09:20:22.262684,-0.0049261083743842304,-0.0049261083743842304,-0.5,-0.5,101.0,101.5,101.0,101.5,5218.0,3277.0,121559.0,5932.0,False,False
2317,2022-11-02 09:20:22.856860,-0.0049261083743842304,-0.0049261083743842304,-0.5,-0.5,101.0,101.5,101.0,101.5,5215.0,3277.0,121559.0,5932.0,False,False
2317,2022-11-02 09:20:22.892381,-0.0049261083743842304,-0.0049261083743842304,-0.5,-0.5,101.0,101.5,101.0,101.5,5220.0,3277.0,121559.0,5932.0,False,False
2317,2022-11-02 09:20:23.322374,-0.0049261083743842304,-0.0049261083743842304,-0.5,-0.5,101.0,101.5,101.0,101.5,5220.0,3277.0,121559.0,5932.0,False,False
2317,2022-11-02 09:20:23.407605,-0.0049261083743842304,-0.0049261083743842304,-0.5,-0.5,101.0,101.5,101.0,101.5,5240.0,3277.0,121559.0,5932.0,False,False
2317,2022-11-02 09:20:23.699398,-0.0049261083743842304,-0.0049261083743842304,-0.5,-0.5,101.0,101.5,101.0,101.5,5240.0,3277.0,121559.0,5932.0,False,False
2317,2022-11-02 09:20:24.001731,-0.0049261083743842304,-0.0049261083743842304,-0.5,-0.5,101.0,101.5,101.0,101.5,5241.0,3277.0,121559.0,5932.0,False,False
2317,2022-11-02 09:20:24.325154,-0.0049261083743842304,-0.0049261083743842304,-0.5,-0.5,101.0,101.5,101.0,101.5,5241.0,3277.0,121559.0,5932.0,False,False
2317,2022-11-02 09:20:24.412856,-0.0049261083743842304,-0.0049261083743842304,-0.5,-0.5,101.0,101.5,101.0,101.5,5241.0,3277.0,121559.0,5932.0,False,False
2317,2022-11-02 09:20:24.528593,-0.0049261083743842304,-0.0049261083743842304,-0.5,-0.5,101.0,101.5,101.0,101.5,5242.0,3277.0,121559.0,5932.0,False,False
2317,2022-11-02 09:20:24.743124,-0.0049261083743842304,-0.0049261083743842304,-0.5,-0.5,101.0,101.5,101.0,101.5,5243.0,3277.0,121559.0,5932.0,False,False
2317,2022-11-02 09:20:24.871514,-0.0049261083743842304,-0.0049261083743842304,-0.5,-0.5,101.0,101.5,101.0,101.5,5243.0,3277.0,121559.0,5932.0,False,False
2317,2022-11-02 09:20:25.005993,-0.0049261083743842304,-0.0049261083743842304,-0.5,-0.5,101.0,101.5,101.0,101.5,5244.0,3277.0,121559.0,5932.0,False,False
2317,2022-11-02 09:20:25.828877,-0.0049261083743842304,-0.0049261083743842304,-0.5,-0.5,101.0,101.5,101.0,101.5,5244.0,3277.0,121559.0,5932.0,False,False
2317,2022-11-02 09:20:25.966934,-0.0049261083743842304,-0.0049261083743842304,-0.5,-0.5,101.0,101.5,101.0,101.5,5244.0,3277.0,121559.0,5932.0,False,False
2317,2022-11-02 09:20:26.101045,-0.0049261083743842304,-0.0049261083743842304,-0.5,-0.5,101.0,101.5,101.0,101.5,5244.0,3277.0,121559.0,5932.0,False,False
2317,2022-11-02 09:20:26.576504,-0.0049261083743842304,-0.0049261083743842304,-0.5,-0.5,101.0,101.5,101.0,101.5,5244.0,3277.0,121559.0,5932.0,False,False
2317,2022-11-02 09:20:26.829108,-0.0049261083743842304,-0.0049261083743842304,-0.5,-0.5,101.0,101.5,101.0,101.5,5244.0,3281.0,121559.0,5932.0,False,False
2317,2022-11-02 09:20:27.052730,-0.0049261083743842304,-0.0049261083743842304,-0.5,-0.5,101.0,101.5,101.0,101.5,5244.0,3281.0,121559.0,5932.0,False,False
2317,2022-11-02 09:20:27.305431,-0.0049261083743842304,-0.0049261083743842304,-0.5,-0.5,101.0,101.5,101.0,101.5,5252.0,3281.0,121559.0,5932.0,False,False
2317,2022-11-02 09:20:27.564272,-0.0049261083743842304,-0.0049261083743842304,-0.5,-0.5,101.0,101.5,101.0,101.5,5254.0,3281.0,121559.0,5932.0,False,False
2317,2022-11-02 09:20:27.837273,-0.0049261083743842304,-0.0049261083743842304,-0.5,-0.5,101.0,101.5,101.0,101.5,5254.0,3281.0,121559.0,5932.0,False,False
2317,2022-11-02 09:20:27.926925,-0.0049261083743842304,-0.0049261083743842304,-0.5,-0.5,101.0,101.5,101.0,101.5,5253.0,3281.0,121559.0,5932.0,False,False
2317,2022-11-02 09:20:27.941882,-0.0049261083743842304,-0.0049261083743842304,-0.5,-0.5,101.0,101.5,101.0,101.5,5253.0,3281.0,121559.0,5932.0,False,False
2317,2022-11-02 09:20:28.324979,-0.0049261083743842304,-0.0049261083743842304,-0.5,-0.5,101.0,101.5,101.0,101.5,5253.0,3281.0,121559.0,5932.0,False,False
2317,2022-11-02 09:20:28.411439,-0.0049261083743842304,-0.0049261083743842304,-0.5,-0.5,101.0,101.5,101.0,101.5,5253.0,3280.0,121559.0,5932.0,False,False
2317,2022-11-02 09:20:28.569035,-0.0049261083743842304,-0.0049261083743842304,-0.5,-0.5,101.0,101.5,101.0,101.5,5254.0,3280.0,121559.0,5932.0,False,False
2317,2022-11-02 09:20:28.962933,-0.0049261083743842304,-0.0049261083743842304,-0.5,-0.5,101.0,101.5,101.0,101.5,5256.0,3280.0,121559.0,5932.0,False,False
2317,2022-11-02 09:20:29.121209,-0.0049261083743842304,-0.0049261083743842304,-0.5,-0.5,101.0,101.5,101.0,101.5,5256.0,3280.0,121559.0,5932.0,False,False
2317,2022-11-02 09:20:30.258899,-0.0049261083743842304,-0.0049261083743842304,-0.5,-0.5,101.0,101.5,101.0,101.5,5256.0,3280.0,121559.0,5932.0,False,False
2317,2022-11-02 09:20:30.270262,-0.0049261083743842304,-0.0049261083743842304,-0.5,-0.5,101.0,101.5,101.0,101.5,5257.0,3280.0,121559.0,5932.0,False,False
2317,2022-11-02 09:20:30.354605,-0.0049261083743842304,-0.0049261083743842304,-0.5,-0.5,101.0,101.5,101.0,101.5,5257.0,3280.0,121559.0,5932.0,False,False
2317,2022-11-02 09:20:30.546660,-0.0049261083743842304,-0.0049261083743842304,-0.5,-0.5,101.0,101.5,101.0,101.5,5257.0,3280.0,121559.0,5932.0,False,False
2317,2022-11-02 09:20:30.688231,-0.0049261083743842304,-0.0049261083743842304,-0.5,-0.5,101.0,101.5,101.0,101.5,5259.0,3280.0,121559.0,5932.0,False,False
2317,2022-11-02 09:20:30.924403,-0.0049261083743842304,-0.0049261083743842304,-0.5,-0.5,101.0,101.5,101.0,101.5,5259.0,3280.0,121559.0,5932.0,False,False
2317,2022-11-02 09:20:31.408024,-0.0049261083743842304,-0.0049261083743842304,-0.5,-0.5,101.0,101.5,101.0,101.5,5259.0,3280.0,121818.0,5379.0,True,True
2317,2022-11-02 09:20:31.582576,-0.0049261083743842304,-0.0049261083743842304,-0.5,-0.5,101.0,101.5,101.0,101.5,5258.0,3280.0,121818.0,5379.0,False,False
2317,2022-11-02 09:20:31.750110,-0.0049261083743842304,-0.0049261083743842304,-0.5,-0.5,101.0,101.5,101.0,101.5,5260.0,3280.0,121818.0,5379.0,False,False
2317,2022-11-02 09:20:32.240827,-0.0049261083743842304,-0.0049261083743842304,-0.5,-0.5,101.0,101.5,101.0,101.5,5260.0,3280.0,121818.0,5379.0,False,False
2317,2022-11-02 09:20:32.551188,-0.0049261083743842304,-0.0049261083743842304,-0.5,-0.5,101.0,101.5,101.0,101.5,5260.0,3280.0,121818.0,5379.0,False,False
2317,2022-11-02 09:20:32.716389,-0.0049261083743842304,-0.0049261083743842304,-0.5,-0.5,101.0,101.5,101.0,101.5,5261.0,3280.0,121818.0,5379.0,False,False
2317,2022-11-02 09:20:32.743359,-0.0049261083743842304,-0.0049261083743842304,-0.5,-0.5,101.0,101.5,101.0,101.5,5261.0,3280.0,121818.0,5379.0,False,False
2317,2022-11-02 09:20:33.577691,-0.0049261083743842304,-0.0049261083743842304,-0.5,-0.5,101.0,101.5,101.0,101.5,5262.0,3280.0,121818.0,5379.0,False,False
2317,2022-11-02 09:20:33.597458,-0.0049261083743842304,-0.0049261083743842304,-0.5,-0.5,101.0,101.5,101.0,101.5,5262.0,3280.0,121818.0,5379.0,False,False
2317,2022-11-02 09:20:33.996842,-0.0049261083743842304,-0.0049261083743842304,-0.5,-0.5,101.0,101.5,101.0,101.5,5262.0,3280.0,121818.0,5379.0,False,False
2317,2022-11-02 09:20:34.094359,-0.0049261083743842304,-0.0049261083743842304,-0.5,-0.5,101.0,101.5,101.0,101.5,5264.0,3280.0,121818.0,5379.0,False,False
2317,2022-11-02 09:20:34.261893,-0.0049261083743842304,-0.0049261083743842304,-0.5,-0.5,101.0,101.5,101.0,101.5,5264.0,3280.0,121818.0,5379.0,False,False
2317,2022-11-02 09:20:34.443468,-0.0049261083743842304,-0.0049261083743842304,-0.5,-0.5,101.0,101.5,101.0,101.5,5264.0,3280.0,121818.0,5379.0,False,False
2317,2022-11-02 09:20:34.521154,-0.0049261083743842304,-0.0049261083743842304,-0.5,-0.5,101.0,101.5,101.0,101.5,5269.0,3280.0,121818.0,5379.0,False,False
2317,2022-11-02 09:20:34.854340,-0.0049261083743842304,-0.0049261083743842304,-0.5,-0.5,101.0,101.5,101.0,101.5,5270.0,3280.0,121818.0,5379.0,False,False
2317,2022-11-02 09:20:35.380305,-0.0049261083743842304,-0.0049261083743842304,-0.5,-0.5,101.0,101.5,101.0,101.5,5270.0,3280.0,121818.0,5379.0,False,False
2317,2022-11-02 09:20:35.628810,-0.0049261083743842304,-0.0049261083743842304,-0.5,-0.5,101.0,101.5,101.0,101.5,5274.0,3280.0,121818.0,5379.0,False,False
2317,2022-11-02 09:20:35.730435,-0.0049261083743842304,-0.0049261083743842304,-0.5,-0.5,101.0,101.5,101.0,101.5,5274.0,3280.0,121818.0,5379.0,False,False
2317,2022-11-02 09:20:35.879619,-0.0049261083743842304,-0.0049261083743842304,-0.5,-0.5,101.0,101.5,101.0,101.5,5276.0,3280.0,121818.0,5379.0,False,False
2317,2022-11-02 09:20:36.031139,-0.0049261083743842304,-0.0049261083743842304,-0.5,-0.5,101.0,101.5,101.0,101.5,5276.0,3280.0,121818.0,5379.0,False,False
2317,2022-11-02 09:20:36.797405,-0.0049261083743842304,-0.0049261083743842304,-0.5,-0.5,101.0,101.5,101.0,101.5,5276.0,3280.0,121818.0,5379.0,False,False
2317,2022-11-02 09:20:36.922756,-0.0049261083743842304,-0.0049261083743842304,-0.5,-0.5,101.0,101.5,101.0,101.5,5278.0,3280.0,121818.0,5379.0,False,False
2317,2022-11-02 09:20:37.439736,-0.0049261083743842304,-0.0049261083743842304,-0.5,-0.5,101.0,101.5,101.0,101.5,5278.0,3281.0,121818.0,5379.0,False,False
2317,2022-11-02 09:20:37.465931,-0.0049261083743842304,-0.0049261083743842304,-0.5,-0.5,101.0,101.5,101.0,101.5,5279.0,3281.0,121818.0,5379.0,False,False
2317,2022-11-02 09:20:37.802638,-0.0049261083743842304,-0.0049261083743842304,-0.5,-0.5,101.0,101.5,101.0,101.5,5279.0,3281.0,121818.0,5379.0,False,False
2317,2022-11-02 09:20:37.873018,-0.0049261083743842304,-0.0049261083743842304,-0.5,-0.5,101.0,101.5,101.0,101.5,5279.0,3281.0,121818.0,5379.0,False,False
2317,2022-11-02 09:20:38.350234,-0.0049261083743842304,-0.0049261083743842304,-0.5,-0.5,101.0,101.5,101.0,101.5,5278.0,3281.0,121818.0,5379.0,False,False
2317,2022-11-02 09:20:38.561206,-0.0049261083743842304,-0.0049261083743842304,-0.5,-0.5,101.0,101.5,101.0,101.5,5278.0,3281.0,121818.0,5379.0,False,False
2317,2022-11-02 09:20:39.250858,-0.0049261083743842304,-0.0049261083743842304,-0.5,-0.5,101.0,101.5,101.0,101.5,5278.0,3281.0,121818.0,5379.0,False,False
2317,2022-11-02 09:20:39.279868,-0.0049261083743842304,-0.0049261083743842304,-0.5,-0.5,101.0,101.5,101.0,101.5,5278.0,3281.0,121818.0,5379.0,False,False
2317,2022-11-02 09:20:40.439910,-0.0049261083743842304,-0.0049261083743842304,-0.5,-0.5,101.0,101.5,101.0,101.5,5278.0,3281.0,121818.0,5379.0,False,False
2317,2022-11-02 09:20:40.681692,-0.0049261083743842304,-0.0049261083743842304,-0.5,-0.5,101.0,101.5,101.0,101.5,5278.0,3281.0,121818.0,5379.0,False,False
2317,2022-11-02 09:20:40.836921,-0.0049261083743842304,-0.0049261083743842304,-0.5,-0.5,101.0,101.5,101.0,101.5,5278.0,3281.0,121818.0,5379.0,False,False
2317,2022-11-02 09:20:41.166403,-0.0049261083743842304,-0.0049261083743842304,-0.5,-0.5,101.0,101.5,101.0,101.5,5279.0,3281.0,121818.0,5379.0,False,False
2317,2022-11-02 09:20:41.388610,-0.0049261083743842304,-0.0049261083743842304,-0.5,-0.5,101.0,101.5,101.0,101.5,5280.0,3281.0,121818.0,5379.0,False,False
2317,2022-11-02 09:20:41.461443,-0.0049261083743842304,-0.0049261083743842304,-0.5,-0.5,101.0,101.5,101.0,101.5,5280.0,3281.0,121518.0,5075.0,True,True
2317,2022-11-02 09:20:41.627148,-0.0049261083743842304,-0.0049261083743842304,-0.5,-0.5,101.0,101.5,101.0,101.5,5282.0,3281.0,121518.0,5075.0,False,False
2317,2022-11-02 09:20:41.659100,-0.0049261083743842304,-0.0049261083743842304,-0.5,-0.5,101.0,101.5,101.0,101.5,5281.0,3280.0,121518.0,5075.0,False,False
2317,2022-11-02 09:20:41.681275,-0.0049261083743842304,-0.0049261083743842304,-0.5,-0.5,101.0,101.5,101.0,101.5,5281.0,3280.0,121518.0,5075.0,False,False
2317,2022-11-02 09:20:41.822049,-0.0049261083743842304,-0.0049261083743842304,-0.5,-0.5,101.0,101.5,101.0,101.5,5282.0,3280.0,121518.0,5075.0,False,False
2317,2022-11-02 09:20:42.009583,-0.0049261083743842304,-0.0049261083743842304,-0.5,-0.5,101.0,101.5,101.0,101.5,5282.0,3279.0,121518.0,5075.0,False,False
2317,2022-11-02 09:20:42.107091,-0.0049261083743842304,-0.0049261083743842304,-0.5,-0.5,101.0,101.5,101.0,101.5,5282.0,3279.0,121518.0,5075.0,False,False
2317,2022-11-02 09:20:42.213905,-0.0049261083743842304,-0.0049261083743842304,-0.5,-0.5,101.0,101.5,101.0,101.5,5283.0,3279.0,121518.0,5075.0,False,False
2317,2022-11-02 09:20:42.327134,-0.0049261083743842304,-0.0049261083743842304,-0.5,-0.5,101.0,101.5,101.0,101.5,5284.0,3279.0,121518.0,5075.0,False,False
2317,2022-11-02 09:20:43.243595,-0.0049261083743842304,-0.0049261083743842304,-0.5,-0.5,101.0,101.5,101.0,101.5,5284.0,3279.0,121518.0,5075.0,False,False
2317,2022-11-02 09:20:44.220587,-0.0049261083743842304,-0.0049261083743842304,-0.5,-0.5,101.0,101.5,101.0,101.5,5286.0,3279.0,121518.0,5075.0,False,False
2317,2022-11-02 09:20:44.997320,-0.0049261083743842304,-0.0049261083743842304,-0.5,-0.5,101.0,101.5,101.0,101.5,5289.0,3279.0,121518.0,5075.0,False,False
2317,2022-11-02 09:20:45.367532,-0.0049261083743842304,-0.0049261083743842304,-0.5,-0.5,101.0,101.5,101.0,101.5,5289.0,3279.0,121518.0,5075.0,False,False
2317,2022-11-02 09:20:45.631163,-0.0049261083743842304,-0.0049261083743842304,-0.5,-0.5,101.0,101.5,101.0,101.5,5290.0,3279.0,121518.0,5075.0,False,False
2317,2022-11-02 09:20:45.692959,-0.0049261083743842304,-0.0049261083743842304,-0.5,-0.5,101.0,101.5,101.0,101.5,5291.0,3279.0,121518.0,5075.0,False,False
2317,2022-11-02 09:20:45.827130,-0.0049261083743842304,-0.0049261083743842304,-0.5,-0.5,101.0,101.5,101.0,101.5,5292.0,3279.0,121518.0,5075.0,False,False
2317,2022-11-02 09:20:45.848000,-0.0049261083743842304,-0.0049261083743842304,-0.5,-0.5,101.0,101.5,101.0,101.5,5297.0,3279.0,121518.0,5075.0,False,False
2317,2022-11-02 09:20:46.084707,-0.0049261083743842304,-0.0049261083743842304,-0.5,-0.5,101.0,101.5,101.0,101.5,5300.0,3279.0,121518.0,5075.0,False,False
2317,2022-11-02 09:20:46.381665,-0.0049261083743842304,-0.0049261083743842304,-0.5,-0.5,101.0,101.5,101.0,101.5,5300.0,3279.0,121518.0,5075.0,False,False
2317,2022-11-02 09:20:46.415294,-0.0049261083743842304,-0.0049261083743842304,-0.5,-0.5,101.0,101.5,101.0,101.5,5350.0,3279.0,121518.0,5075.0,False,False
2317,2022-11-02 09:20:46.574749,-0.0049261083743842304,-0.0049261083743842304,-0.5,-0.5,101.0,101.5,101.0,101.5,5351.0,3279.0,121518.0,5075.0,False,False
2317,2022-11-02 09:20:46.641070,-0.0049261083743842304,-0.0049261083743842304,-0.5,-0.5,101.0,101.5,101.0,101.5,5351.0,3279.0,121518.0,5075.0,False,False
2317,2022-11-02 09:20:46.926344,-0.0049261083743842304,-0.0049261083743842304,-0.5,-0.5,101.0,101.5,101.0,101.5,5351.0,3279.0,121518.0,5075.0,False,False
2317,2022-11-02 09:20:47.119636,-0.0049261083743842304,-0.0049261083743842304,-0.5,-0.5,101.0,101.5,101.0,101.5,5352.0,3279.0,121518.0,5075.0,False,False
2317,2022-11-02 09:20:47.246333,-0.0049261083743842304,-0.0049261083743842304,-0.5,-0.5,101.0,101.5,101.0,101.5,5352.0,3279.0,121518.0,5075.0,False,False
2317,2022-11-02 09:20:47.557875,-0.0049261083743842304,-0.0049261083743842304,-0.5,-0.5,101.0,101.5,101.0,101.5,5352.0,3279.0,121518.0,5075.0,False,False
2317,2022-11-02 09:20:48.100990,-0.0049261083743842304,-0.0049261083743842304,-0.5,-0.5,101.0,101.5,101.0,101.5,5352.0,3279.0,121518.0,5075.0,False,False
2317,2022-11-02 09:20:48.609262,-0.0049261083743842304,-0.0049261083743842304,-0.5,-0.5,101.0,101.5,101.0,101.5,5348.0,3279.0,121518.0,5075.0,False,False
2317,2022-11-02 09:20:48.829530,-0.0049261083743842304,-0.0049261083743842304,-0.5,-0.5,101.0,101.5,101.0,101.5,5351.0,3279.0,121518.0,5075.0,False,False
2317,2022-11-02 09:20:49.100717,-0.0049261083743842304,-0.0049261083743842304,-0.5,-0.5,101.0,101.5,101.0,101.5,5351.0,3279.0,121518.0,5075.0,False,False
2317,2022-11-02 09:20:49.203026,-0.0049261083743842304,-0.0049261083743842304,-0.5,-0.5,101.0,101.5,101.0,101.5,5352.0,3279.0,121518.0,5075.0,False,False
2317,2022-11-02 09:20:49.223137,-0.0049261083743842304,-0.0049261083743842304,-0.5,-0.5,101.0,101.5,101.0,101.5,5352.0,3279.0,121518.0,5075.0,False,False
2317,2022-11-02 09:20:49.536763,-0.0049261083743842304,-0.0049261083743842304,-0.5,-0.5,101.0,101.5,101.0,101.5,5353.0,3279.0,121518.0,5075.0,False,False
2317,2022-11-02 09:20:49.898190,-0.0049261083743842304,-0.0049261083743842304,-0.5,-0.5,101.0,101.5,101.0,101.5,5353.0,3279.0,121518.0,5075.0,False,False
2317,2022-11-02 09:20:51.101696,-0.0049261083743842304,-0.0049261083743842304,-0.5,-0.5,101.0,101.5,101.0,101.5,5353.0,3279.0,121518.0,5075.0,False,False
2317,2022-11-02 09:20:51.175209,-0.0049261083743842304,-0.0049261083743842304,-0.5,-0.5,101.0,101.5,101.0,101.5,5354.0,3279.0,121518.0,5075.0,False,False
2317,2022-11-02 09:20:51.512538,-0.0049261083743842304,-0.0049261083743842304,-0.5,-0.5,101.0,101.5,101.0,101.5,5354.0,3279.0,121949.0,4522.0,True,True
2317,2022-11-02 09:20:51.578379,-0.0049261083743842304,-0.0049261083743842304,-0.5,-0.5,101.0,101.5,101.0,101.5,5354.0,3279.0,121949.0,4522.0,False,False
2317,2022-11-02 09:20:51.663777,-0.0049261083743842304,-0.0049261083743842304,-0.5,-0.5,101.0,101.5,101.0,101.5,5355.0,3279.0,121949.0,4522.0,False,False
2317,2022-11-02 09:20:51.684310,-0.0049261083743842304,-0.0049261083743842304,-0.5,-0.5,101.0,101.5,101.0,101.5,5356.0,3279.0,121949.0,4522.0,False,False
2317,2022-11-02 09:20:52.074139,-0.0049261083743842304,-0.0049261083743842304,-0.5,-0.5,101.0,101.5,101.0,101.5,5356.0,3279.0,121949.0,4522.0,False,False
2317,2022-11-02 09:20:52.081456,-0.0049261083743842304,-0.0049261083743842304,-0.5,-0.5,101.0,101.5,101.0,101.5,5358.0,3279.0,121949.0,4522.0,False,False
2317,2022-11-02 09:20:52.170813,-0.0049261083743842304,-0.0049261083743842304,-0.5,-0.5,101.0,101.5,101.0,101.5,5358.0,3279.0,121949.0,4522.0,False,False
2317,2022-11-02 09:20:52.470835,-0.0049261083743842304,-0.0049261083743842304,-0.5,-0.5,101.0,101.5,101.0,101.5,5358.0,3280.0,121949.0,4522.0,False,False
2317,2022-11-02 09:20:52.499381,-0.0049261083743842304,-0.0049261083743842304,-0.5,-0.5,101.0,101.5,101.0,101.5,5358.0,3280.0,121949.0,4522.0,False,False
2317,2022-11-02 09:20:52.607276,-0.0049261083743842304,-0.0049261083743842304,-0.5,-0.5,101.0,101.5,101.0,101.5,5357.0,3280.0,121949.0,4522.0,False,False
2317,2022-11-02 09:20:53.004612,-0.0049261083743842304,-0.0049261083743842304,-0.5,-0.5,101.0,101.5,101.0,101.5,5357.0,3280.0,121949.0,4522.0,False,False
2317,2022-11-02 09:20:53.058246,-0.0049261083743842304,-0.0049261083743842304,-0.5,-0.5,101.0,101.5,101.0,101.5,5357.0,3280.0,121949.0,4522.0,False,False
2317,2022-11-02 09:20:53.431833,-0.0049261083743842304,-0.0049261083743842304,-0.5,-0.5,101.0,101.5,101.0,101.5,5357.0,3280.0,121949.0,4522.0,False,False
2317,2022-11-02 09:20:54.051453,-0.0049261083743842304,-0.0049261083743842304,-0.5,-0.5,101.0,101.5,101.0,101.5,5359.0,3280.0,121949.0,4522.0,False,False
2317,2022-11-02 09:20:54.159837,-0.0049261083743842304,-0.0049261083743842304,-0.5,-0.5,101.0,101.5,101.0,101.5,5359.0,3280.0,121949.0,4522.0,False,False
2317,2022-11-02 09:20:54.461781,-0.0049261083743842304,-0.0049261083743842304,-0.5,-0.5,101.0,101.5,101.0,101.5,5359.0,3279.0,121949.0,4522.0,False,False
2317,2022-11-02 09:20:55.094044,-0.0049261083743842304,-0.0049261083743842304,-0.5,-0.5,101.0,101.5,101.0,101.5,5359.0,3279.0,121949.0,4522.0,False,False
2317,2022-11-02 09:20:55.170202,-0.0049261083743842304,-0.0049261083743842304,-0.5,-0.5,101.0,101.5,101.0,101.5,5359.0,3279.0,121949.0,4522.0,False,False
2317,2022-11-02 09:20:55.234815,-0.0049261083743842304,-0.0049261083743842304,-0.5,-0.5,101.0,101.5,101.0,101.5,5359.0,3279.0,121949.0,4522.0,False,False
2317,2022-11-02 09:20:55.602468,-0.0049261083743842304,-0.0049261083743842304,-0.5,-0.5,101.0,101.5,101.0,101.5,5359.0,3279.0,121949.0,4522.0,False,False
2317,2022-11-02 09:20:55.746776,-0.0049261083743842304,-0.0049261083743842304,-0.5,-0.5,101.0,101.5,101.0,101.5,5360.0,3279.0,121949.0,4522.0,False,False
2317,2022-11-02 09:20:56.173197,-0.0049261083743842304,-0.0049261083743842304,-0.5,-0.5,101.0,101.5,101.0,101.5,5360.0,3279.0,121949.0,4522.0,False,False
2317,2022-11-02 09:20:56.359880,-0.0049261083743842304,-0.0049261083743842304,-0.5,-0.5,101.0,101.5,101.0,101.5,5361.0,3279.0,121949.0,4522.0,False,False
2317,2022-11-02 09:20:56.798645,-0.0049261083743842304,-0.0049261083743842304,-0.5,-0.5,101.0,101.5,101.0,101.5,5361.0,3279.0,121949.0,4522.0,False,False
2317,2022-11-02 09:20:57.235316,-0.0049261083743842304,-0.0049261083743842304,-0.5,-0.5,101.0,101.5,101.0,101.5,5362.0,3279.0,121949.0,4522.0,False,False
2317,2022-11-02 09:20:57.361695,-0.0049261083743842304,-0.0049261083743842304,-0.5,-0.5,101.0,101.5,101.0,101.5,5362.0,3279.0,121949.0,4522.0,False,False
2317,2022-11-02 09:20:57.694265,-0.0049261083743842304,-0.0049261083743842304,-0.5,-0.5,101.0,101.5,101.0,101.5,5362.0,3279.0,121949.0,4522.0,False,False
2317,2022-11-02 09:20:57.725282,-0.0049261083743842304,-0.0049261083743842304,-0.5,-0.5,101.0,101.5,101.0,101.5,5364.0,3279.0,121949.0,4522.0,False,False
2317,2022-11-02 09:20:57.727550,-0.0049261083743842304,-0.0049261083743842304,-0.5,-0.5,101.0,101.5,101.0,101.5,5365.0,3279.0,121949.0,4522.0,False,False
2317,2022-11-02 09:20:58.120362,-0.0049261083743842304,-0.0049261083743842304,-0.5,-0.5,101.0,101.5,101.0,101.5,5365.0,3279.0,121949.0,4522.0,False,False
2317,2022-11-02 09:20:58.133628,-0.0049261083743842304,-0.0049261083743842304,-0.5,-0.5,101.0,101.5,101.0,101.5,5365.0,3279.0,121949.0,4522.0,False,False
2317,2022-11-02 09:20:58.500878,-0.0049261083743842304,-0.0049261083743842304,-0.5,-0.5,101.0,101.5,101.0,101.5,5365.0,3279.0,121949.0,4522.0,False,False
2317,2022-11-02 09:20:58.542210,-0.0049261083743842304,-0.0049261083743842304,-0.5,-0.5,101.0,101.5,101.0,101.5,5365.0,3279.0,121949.0,4522.0,False,False
2317,2022-11-02 09:20:58.786782,-0.0049261083743842304,-0.0049261083743842304,-0.5,-0.5,101.0,101.5,101.0,101.5,5365.0,3279.0,121949.0,4522.0,False,False
2317,2022-11-02 09:20:58.905815,-0.0049261083743842304,-0.0049261083743842304,-0.5,-0.5,101.0,101.5,101.0,101.5,5365.0,3278.0,121949.0,4522.0,False,False
2317,2022-11-02 09:20:59.271319,-0.0049261083743842304,-0.0049261083743842304,-0.5,-0.5,101.0,101.5,101.0,101.5,5365.0,3278.0,121949.0,4522.0,False,False
2317,2022-11-02 09:20:59.608986,-0.0049261083743842304,-0.0049261083743842304,-0.5,-0.5,101.0,101.5,101.0,101.5,5365.0,3278.0,121949.0,4522.0,False,False
2317,2022-11-02 09:20:59.762921,-0.0049261083743842304,-0.0049261083743842304,-0.5,-0.5,101.0,101.5,101.0,101.5,5365.0,3278.0,121949.0,4522.0,False,False
2317,2022-11-02 09:21:00.460108,-0.0049261083743842304,-0.0049261083743842304,-0.5,-0.5,101.0,101.5,101.0,101.5,5365.0,3288.0,121949.0,4522.0,False,False
2317,2022-11-02 09:21:00.579131,-0.0049261083743842304,-0.0049261083743842304,-0.5,-0.5,101.0,101.5,101.0,101.5,5363.0,3288.0,121949.0,4522.0,False,False
2317,2022-11-02 09:21:00.785986,-0.0049261083743842304,-0.0049261083743842304,-0.5,-0.5,101.0,101.5,101.0,101.5,5364.0,3288.0,121949.0,4522.0,False,False
2317,2022-11-02 09:21:00.922715,-0.0049261083743842304,-0.0049261083743842304,-0.5,-0.5,101.0,101.5,101.0,101.5,5354.0,3288.0,121949.0,4522.0,False,False
2317,2022-11-02 09:21:01.047896,-0.0049261083743842304,-0.0049261083743842304,-0.5,-0.5,101.0,101.5,101.0,101.5,5352.0,3288.0,121949.0,4522.0,False,False
2317,2022-11-02 09:21:01.299640,-0.0049261083743842304,-0.0049261083743842304,-0.5,-0.5,101.0,101.5,101.0,101.5,5352.0,3288.0,121949.0,4522.0,False,False
2317,2022-11-02 09:21:01.452223,-0.0049261083743842304,-0.0049261083743842304,-0.5,-0.5,101.0,101.5,101.0,101.5,5352.0,3288.0,121949.0,4522.0,False,False
2317,2022-11-02 09:21:01.555319,-0.0049261083743842304,-0.0049261083743842304,-0.5,-0.5,101.0,101.5,101.0,101.5,5352.0,3288.0,122788.0,4183.0,True,True
2317,2022-11-02 09:21:01.736169,-0.0049261083743842304,-0.0049261083743842304,-0.5,-0.5,101.0,101.5,101.0,101.5,5352.0,3288.0,122788.0,4183.0,False,False
2317,2022-11-02 09:21:02.186882,-0.0049261083743842304,-0.0049261083743842304,-0.5,-0.5,101.0,101.5,101.0,101.5,5352.0,3288.0,122788.0,4183.0,False,False
2317,2022-11-02 09:21:02.325923,-0.0049261083743842304,-0.0049261083743842304,-0.5,-0.5,101.0,101.5,101.0,101.5,5352.0,3288.0,122788.0,4183.0,False,False
2317,2022-11-02 09:21:02.464360,-0.0049261083743842304,-0.0049261083743842304,-0.5,-0.5,101.0,101.5,101.0,101.5,5352.0,3288.0,122788.0,4183.0,False,False
2317,2022-11-02 09:21:02.968905,-0.0049261083743842304,-0.0049261083743842304,-0.5,-0.5,101.0,101.5,101.0,101.5,5352.0,3288.0,122788.0,4183.0,False,False
2317,2022-11-02 09:21:03.233006,-0.0049261083743842304,-0.0049261083743842304,-0.5,-0.5,101.0,101.5,101.0,101.5,5355.0,3288.0,122788.0,4183.0,False,False
2317,2022-11-02 09:21:03.259398,-0.0049261083743842304,-0.0049261083743842304,-0.5,-0.5,101.0,101.5,101.0,101.5,5355.0,3288.0,122788.0,4183.0,False,False
2317,2022-11-02 09:21:03.573781,-0.0049261083743842304,-0.0049261083743842304,-0.5,-0.5,101.0,101.5,101.0,101.5,5356.0,3288.0,122788.0,4183.0,False,False
2317,2022-11-02 09:21:03.839395,-0.0049261083743842304,-0.0049261083743842304,-0.5,-0.5,101.0,101.5,101.0,101.5,5356.0,3296.0,122788.0,4183.0,False,False
2317,2022-11-02 09:21:03.957214,-0.0049261083743842304,-0.0049261083743842304,-0.5,-0.5,101.0,101.5,101.0,101.5,5356.0,3295.0,122788.0,4183.0,False,False
2317,2022-11-02 09:21:04.048677,-0.0049261083743842304,-0.0049261083743842304,-0.5,-0.5,101.0,101.5,101.0,101.5,5357.0,3295.0,122788.0,4183.0,False,False
2317,2022-11-02 09:21:04.615465,-0.0049261083743842304,-0.0049261083743842304,-0.5,-0.5,101.0,101.5,101.0,101.5,5358.0,3295.0,122788.0,4183.0,False,False
2317,2022-11-02 09:21:04.999049,-0.0049261083743842304,-0.0049261083743842304,-0.5,-0.5,101.0,101.5,101.0,101.5,5359.0,3295.0,122788.0,4183.0,False,False
2317,2022-11-02 09:21:05.066664,-0.0049261083743842304,-0.0049261083743842304,-0.5,-0.5,101.0,101.5,101.0,101.5,5359.0,3295.0,122788.0,4183.0,False,False
2317,2022-11-02 09:21:05.281577,-0.0049261083743842304,-0.0049261083743842304,-0.5,-0.5,101.0,101.5,101.0,101.5,5358.0,3295.0,122788.0,4183.0,False,False
2317,2022-11-02 09:21:05.711794,-0.0049261083743842304,-0.0049261083743842304,-0.5,-0.5,101.0,101.5,101.0,101.5,5354.0,3295.0,122788.0,4183.0,False,False
2317,2022-11-02 09:21:05.738280,-0.0049261083743842304,-0.0049261083743842304,-0.5,-0.5,101.0,101.5,101.0,101.5,5354.0,3297.0,122788.0,4183.0,False,False
2317,2022-11-02 09:21:06.068401,-0.0049261083743842304,-0.0049261083743842304,-0.5,-0.5,101.0,101.5,101.0,101.5,5353.0,3297.0,122788.0,4183.0,False,False
2317,2022-11-02 09:21:06.213346,-0.0049261083743842304,-0.0049261083743842304,-0.5,-0.5,101.0,101.5,101.0,101.5,5353.0,3297.0,122788.0,4183.0,False,False
2317,2022-11-02 09:21:06.793819,-0.0049261083743842304,-0.0049261083743842304,-0.5,-0.5,101.0,101.5,101.0,101.5,5353.0,3297.0,122788.0,4183.0,False,False
2317,2022-11-02 09:21:06.874599,-0.0049261083743842304,-0.0049261083743842304,-0.5,-0.5,101.0,101.5,101.0,101.5,5353.0,3299.0,122788.0,4183.0,False,False
2317,2022-11-02 09:21:07.219769,-0.0049261083743842304,-0.0049261083743842304,-0.5,-0.5,101.0,101.5,101.0,101.5,5353.0,3299.0,122788.0,4183.0,False,False
2317,2022-11-02 09:21:07.368543,-0.0049261083743842304,-0.0049261083743842304,-0.5,-0.5,101.0,101.5,101.0,101.5,5353.0,3299.0,122788.0,4183.0,False,False
2317,2022-11-02 09:21:07.647672,-0.0049261083743842304,-0.0049261083743842304,-0.5,-0.5,101.0,101.5,101.0,101.5,5353.0,3299.0,122788.0,4183.0,False,False
2317,2022-11-02 09:21:07.757684,-0.0049261083743842304,-0.0049261083743842304,-0.5,-0.5,101.0,101.5,101.0,101.5,5353.0,3299.0,122788.0,4183.0,False,False
2317,2022-11-02 09:21:07.789776,-0.0049261083743842304,-0.0049261083743842304,-0.5,-0.5,101.0,101.5,101.0,101.5,5353.0,3299.0,122788.0,4183.0,False,False
2317,2022-11-02 09:21:07.953943,-0.0049261083743842304,-0.0049261083743842304,-0.5,-0.5,101.0,101.5,101.0,101.5,5353.0,3299.0,122788.0,4183.0,False,False
2317,2022-11-02 09:21:08.260226,-0.0049261083743842304,-0.0049261083743842304,-0.5,-0.5,101.0,101.5,101.0,101.5,5353.0,3304.0,122788.0,4183.0,False,False
2317,2022-11-02 09:21:08.664005,-0.0049261083743842304,-0.0049261083743842304,-0.5,-0.5,101.0,101.5,101.0,101.5,5353.0,3304.0,122788.0,4183.0,False,False
2317,2022-11-02 09:21:08.713562,-0.0049261083743842304,-0.0049261083743842304,-0.5,-0.5,101.0,101.5,101.0,101.5,5354.0,3304.0,122788.0,4183.0,False,False
2317,2022-11-02 09:21:08.811365,-0.0049261083743842304,-0.0049261083743842304,-0.5,-0.5,101.0,101.5,101.0,101.5,5354.0,3296.0,122788.0,4183.0,False,False
2317,2022-11-02 09:21:09.132389,-0.0049261083743842304,-0.0049261083743842304,-0.5,-0.5,101.0,101.5,101.0,101.5,5355.0,3296.0,122788.0,4183.0,False,False
2317,2022-11-02 09:21:09.216718,-0.0049261083743842304,-0.0049261083743842304,-0.5,-0.5,101.0,101.5,101.0,101.5,5355.0,3296.0,122788.0,4183.0,False,False
2317,2022-11-02 09:21:09.370997,-0.0049261083743842304,-0.0049261083743842304,-0.5,-0.5,101.0,101.5,101.0,101.5,5355.0,3296.0,122788.0,4183.0,False,False
2317,2022-11-02 09:21:09.430442,-0.0049261083743842304,-0.0049261083743842304,-0.5,-0.5,101.0,101.5,101.0,101.5,5355.0,3296.0,122788.0,4183.0,False,False
2317,2022-11-02 09:21:09.599456,-0.0049261083743842304,-0.0049261083743842304,-0.5,-0.5,101.0,101.5,101.0,101.5,5731.0,3296.0,122788.0,4183.0,False,False
2317,2022-11-02 09:21:09.615203,-0.0049261083743842304,-0.0049261083743842304,-0.5,-0.5,101.0,101.5,101.0,101.5,5731.0,3296.0,122788.0,4183.0,False,False
2317,2022-11-02 09:21:10.394072,-0.0049261083743842304,-0.0049261083743842304,-0.5,-0.5,101.0,101.5,101.0,101.5,5732.0,3296.0,122788.0,4183.0,False,False
2317,2022-11-02 09:21:10.416773,-0.0049261083743842304,-0.0049261083743842304,-0.5,-0.5,101.0,101.5,101.0,101.5,5733.0,3296.0,122788.0,4183.0,False,False
2317,2022-11-02 09:21:10.908445,-0.0049261083743842304,-0.0049261083743842304,-0.5,-0.5,101.0,101.5,101.0,101.5,5733.0,3296.0,122788.0,4183.0,False,False
2317,2022-11-02 09:21:10.944941,-0.0049261083743842304,-0.0049261083743842304,-0.5,-0.5,101.0,101.5,101.0,101.5,5733.0,3296.0,122788.0,4183.0,False,False
2317,2022-11-02 09:21:11.307454,-0.0049261083743842304,-0.0049261083743842304,-0.5,-0.5,101.0,101.5,101.0,101.5,5733.0,3295.0,122788.0,4183.0,False,False
2317,2022-11-02 09:21:11.316554,-0.0049261083743842304,-0.0049261083743842304,-0.5,-0.5,101.0,101.5,101.0,101.5,5733.0,3295.0,122788.0,4183.0,False,False
2317,2022-11-02 09:21:11.390397,-0.0049261083743842304,-0.0049261083743842304,-0.5,-0.5,101.0,101.5,101.0,101.5,5734.0,3295.0,122788.0,4183.0,False,False
2317,2022-11-02 09:21:11.464853,-0.0049261083743842304,-0.0049261083743842304,-0.5,-0.5,101.0,101.5,101.0,101.5,5734.0,3294.0,122788.0,4183.0,False,False
2317,2022-11-02 09:21:11.613123,-0.0049261083743842304,-0.0049261083743842304,-0.5,-0.5,101.0,101.5,101.0,101.5,5734.0,3294.0,123063.0,4075.0,True,True
2317,2022-11-02 09:21:12.638280,-0.0049261083743842304,-0.0049261083743842304,-0.5,-0.5,101.0,101.5,101.0,101.5,5734.0,3294.0,123063.0,4075.0,False,False
2317,2022-11-02 09:21:12.900340,-0.0049261083743842304,-0.0049261083743842304,-0.5,-0.5,101.0,101.5,101.0,101.5,5736.0,3294.0,123063.0,4075.0,False,False
2317,2022-11-02 09:21:13.548993,-0.0049261083743842304,-0.0049261083743842304,-0.5,-0.5,101.0,101.5,101.0,101.5,5736.0,3294.0,123063.0,4075.0,False,False
2317,2022-11-02 09:21:13.804370,-0.0049261083743842304,-0.0049261083743842304,-0.5,-0.5,101.0,101.5,101.0,101.5,5737.0,3294.0,123063.0,4075.0,False,False
2317,2022-11-02 09:21:14.058466,-0.0049261083743842304,-0.0049261083743842304,-0.5,-0.5,101.0,101.5,101.0,101.5,5737.0,3294.0,123063.0,4075.0,False,False
2317,2022-11-02 09:21:14.147736,-0.0049261083743842304,-0.0049261083743842304,-0.5,-0.5,101.0,101.5,101.0,101.5,5738.0,3294.0,123063.0,4075.0,False,False
2317,2022-11-02 09:21:14.232106,-0.0049261083743842304,-0.0049261083743842304,-0.5,-0.5,101.0,101.5,101.0,101.5,5738.0,3294.0,123063.0,4075.0,False,False
2317,2022-11-02 09:21:14.616989,-0.0049261083743842304,-0.0049261083743842304,-0.5,-0.5,101.0,101.5,101.0,101.5,5738.0,3294.0,123063.0,4075.0,False,False
2317,2022-11-02 09:21:14.620054,-0.0049261083743842304,-0.0049261083743842304,-0.5,-0.5,101.0,101.5,101.0,101.5,5739.0,3294.0,123063.0,4075.0,False,False
2317,2022-11-02 09:21:15.414317,-0.0049261083743842304,-0.0049261083743842304,-0.5,-0.5,101.0,101.5,101.0,101.5,5739.0,3294.0,123063.0,4075.0,False,False
2317,2022-11-02 09:21:15.832331,-0.0049261083743842304,-0.0049261083743842304,-0.5,-0.5,101.0,101.5,101.0,101.5,5738.0,3294.0,123063.0,4075.0,False,False
2317,2022-11-02 09:21:16.164443,-0.0049261083743842304,-0.0049261083743842304,-0.5,-0.5,101.0,101.5,101.0,101.5,5738.0,3293.0,123063.0,4075.0,False,False
2317,2022-11-02 09:21:16.416721,-0.0049261083743842304,-0.0049261083743842304,-0.5,-0.5,101.0,101.5,101.0,101.5,5738.0,3294.0,123063.0,4075.0,False,False
2317,2022-11-02 09:21:16.560096,-0.0049261083743842304,-0.0049261083743842304,-0.5,-0.5,101.0,101.5,101.0,101.5,5738.0,3294.0,123063.0,4075.0,False,False
2317,2022-11-02 09:21:16.613125,-0.0049261083743842304,-0.0049261083743842304,-0.5,-0.5,101.0,101.5,101.0,101.5,5738.0,3294.0,123063.0,4075.0,False,False
2317,2022-11-02 09:21:16.906313,-0.0049261083743842304,-0.0049261083743842304,-0.5,-0.5,101.0,101.5,101.0,101.5,5738.0,3294.0,123063.0,4075.0,False,False
2317,2022-11-02 09:21:17.424175,-0.0049261083743842304,-0.0049261083743842304,-0.5,-0.5,101.0,101.5,101.0,101.5,5738.0,3294.0,123063.0,4075.0,False,False
2317,2022-11-02 09:21:17.426192,-0.0049261083743842304,-0.0049261083743842304,-0.5,-0.5,101.0,101.5,101.0,101.5,5738.0,3294.0,123063.0,4075.0,False,False
2317,2022-11-02 09:21:17.525066,-0.0049261083743842304,-0.0049261083743842304,-0.5,-0.5,101.0,101.5,101.0,101.5,5740.0,3294.0,123063.0,4075.0,False,False
2317,2022-11-02 09:21:18.869190,-0.0049261083743842304,-0.0049261083743842304,-0.5,-0.5,101.0,101.5,101.0,101.5,5741.0,3294.0,123063.0,4075.0,False,False
2317,2022-11-02 09:21:19.382996,-0.0049261083743842304,-0.0049261083743842304,-0.5,-0.5,101.0,101.5,101.0,101.5,5741.0,3294.0,123063.0,4075.0,False,False
2317,2022-11-02 09:21:19.430824,-0.0049261083743842304,-0.0049261083743842304,-0.5,-0.5,101.0,101.5,101.0,101.5,5741.0,3294.0,123063.0,4075.0,False,False
2317,2022-11-02 09:21:19.640143,-0.0049261083743842304,-0.0049261083743842304,-0.5,-0.5,101.0,101.5,101.0,101.5,5741.0,3294.0,123063.0,4075.0,False,False
2317,2022-11-02 09:21:19.877892,-0.0049261083743842304,-0.0049261083743842304,-0.5,-0.5,101.0,101.5,101.0,101.5,5742.0,3294.0,123063.0,4075.0,False,False
2317,2022-11-02 09:21:19.972847,-0.0049261083743842304,-0.0049261083743842304,-0.5,-0.5,101.0,101.5,101.0,101.5,5742.0,3294.0,123063.0,4075.0,False,False
2317,2022-11-02 09:21:20.465991,-0.0049261083743842304,-0.0049261083743842304,-0.5,-0.5,101.0,101.5,101.0,101.5,5742.0,3294.0,123063.0,4075.0,False,False
2317,2022-11-02 09:21:20.717743,-0.0049261083743842304,-0.0049261083743842304,-0.5,-0.5,101.0,101.5,101.0,101.5,5742.0,3294.0,123063.0,4075.0,False,False
2317,2022-11-02 09:21:20.837085,-0.0049261083743842304,-0.0049261083743842304,-0.5,-0.5,101.0,101.5,101.0,101.5,5743.0,3294.0,123063.0,4075.0,False,False
2317,2022-11-02 09:21:20.881287,-0.0049261083743842304,-0.0049261083743842304,-0.5,-0.5,101.0,101.5,101.0,101.5,5743.0,3294.0,123063.0,4075.0,False,False
2317,2022-11-02 09:21:21.037537,-0.0049261083743842304,-0.0049261083743842304,-0.5,-0.5,101.0,101.5,101.0,101.5,5743.0,3294.0,123063.0,4075.0,False,False
2317,2022-11-02 09:21:21.173509,-0.0049261083743842304,-0.0049261083743842304,-0.5,-0.5,101.0,101.5,101.0,101.5,5743.0,3294.0,123063.0,4075.0,False,False
2317,2022-11-02 09:21:21.648016,-0.0049261083743842304,-0.0049261083743842304,-0.5,-0.5,101.0,101.5,101.0,101.5,5743.0,3294.0,123300.0,3846.0,True,True
2317,2022-11-02 09:21:21.719199,-0.0049261083743842304,-0.0049261083743842304,-0.5,-0.5,101.0,101.5,101.0,101.5,5743.0,3294.0,123300.0,3846.0,False,False
2317,2022-11-02 09:21:22.993540,-0.0049261083743842304,-0.0049261083743842304,-0.5,-0.5,101.0,101.5,101.0,101.5,5743.0,3294.0,123300.0,3846.0,False,False
2317,2022-11-02 09:21:23.086095,-0.0049261083743842304,-0.0049261083743842304,-0.5,-0.5,101.0,101.5,101.0,101.5,5743.0,3294.0,123300.0,3846.0,False,False
2317,2022-11-02 09:21:23.325453,-0.0049261083743842304,-0.0049261083743842304,-0.5,-0.5,101.0,101.5,101.0,101.5,5745.0,3294.0,123300.0,3846.0,False,False
2317,2022-11-02 09:21:24.134795,-0.0049261083743842304,-0.0049261083743842304,-0.5,-0.5,101.0,101.5,101.0,101.5,5745.0,3294.0,123300.0,3846.0,False,False
2317,2022-11-02 09:21:24.279884,-0.0049261083743842304,-0.0049261083743842304,-0.5,-0.5,101.0,101.5,101.0,101.5,5746.0,3294.0,123300.0,3846.0,False,False
2317,2022-11-02 09:21:24.421623,-0.0049261083743842304,-0.0049261083743842304,-0.5,-0.5,101.0,101.5,101.0,101.5,5745.0,3294.0,123300.0,3846.0,False,False
2317,2022-11-02 09:21:24.667439,-0.0049261083743842304,-0.0049261083743842304,-0.5,-0.5,101.0,101.5,101.0,101.5,5745.0,3294.0,123300.0,3846.0,False,False
2317,2022-11-02 09:21:25.055390,-0.0049261083743842304,-0.0049261083743842304,-0.5,-0.5,101.0,101.5,101.0,101.5,5745.0,3294.0,123300.0,3846.0,False,False
2317,2022-11-02 09:21:25.413204,-0.0049261083743842304,-0.0049261083743842304,-0.5,-0.5,101.0,101.5,101.0,101.5,5746.0,3294.0,123300.0,3846.0,False,False
2317,2022-11-02 09:21:25.557562,-0.0049261083743842304,-0.0049261083743842304,-0.5,-0.5,101.0,101.5,101.0,101.5,5746.0,3294.0,123300.0,3846.0,False,False
2317,2022-11-02 09:21:25.572414,-0.0049261083743842304,-0.0049261083743842304,-0.5,-0.5,101.0,101.5,101.0,101.5,5747.0,3294.0,123300.0,3846.0,False,False
2317,2022-11-02 09:21:26.235069,-0.0049261083743842304,-0.0049261083743842304,-0.5,-0.5,101.0,101.5,101.0,101.5,5748.0,3294.0,123300.0,3846.0,False,False
2317,2022-11-02 09:21:26.721817,-0.0049261083743842304,-0.0049261083743842304,-0.5,-0.5,101.0,101.5,101.0,101.5,5748.0,3294.0,123300.0,3846.0,False,False
2317,2022-11-02 09:21:26.755222,-0.0049261083743842304,-0.0049261083743842304,-0.5,-0.5,101.0,101.5,101.0,101.5,5748.0,3302.0,123300.0,3846.0,False,False
2317,2022-11-02 09:21:26.900012,-0.0049261083743842304,-0.0049261083743842304,-0.5,-0.5,101.0,101.5,101.0,101.5,5754.0,3302.0,123300.0,3846.0,False,False
2317,2022-11-02 09:21:27.251529,-0.0049261083743842304,-0.0049261083743842304,-0.5,-0.5,101.0,101.5,101.0,101.5,5754.0,3302.0,123300.0,3846.0,False,False
2317,2022-11-02 09:21:27.252744,-0.0049261083743842304,-0.0049261083743842304,-0.5,-0.5,101.0,101.5,101.0,101.5,5755.0,3302.0,123300.0,3846.0,False,False
2317,2022-11-02 09:21:27.460389,-0.0049261083743842304,-0.0049261083743842304,-0.5,-0.5,101.0,101.5,101.0,101.5,5755.0,3302.0,123300.0,3846.0,False,False
2317,2022-11-02 09:21:27.786876,-0.0049261083743842304,-0.0049261083743842304,-0.5,-0.5,101.0,101.5,101.0,101.5,5755.0,3303.0,123300.0,3846.0,False,False
2317,2022-11-02 09:21:28.141720,-0.0049261083743842304,-0.0049261083743842304,-0.5,-0.5,101.0,101.5,101.0,101.5,5756.0,3303.0,123300.0,3846.0,False,False
2317,2022-11-02 09:21:28.288158,-0.0049261083743842304,-0.0049261083743842304,-0.5,-0.5,101.0,101.5,101.0,101.5,5757.0,3303.0,123300.0,3846.0,False,False
2317,2022-11-02 09:21:28.422014,-0.0049261083743842304,-0.0049261083743842304,-0.5,-0.5,101.0,101.5,101.0,101.5,5757.0,3303.0,123300.0,3846.0,False,False
2317,2022-11-02 09:21:28.535560,-0.0049261083743842304,-0.0049261083743842304,-0.5,-0.5,101.0,101.5,101.0,101.5,5758.0,3303.0,123300.0,3846.0,False,False
2317,2022-11-02 09:21:28.795443,-0.0049261083743842304,-0.0049261083743842304,-0.5,-0.5,101.0,101.5,101.0,101.5,5763.0,3303.0,123300.0,3846.0,False,False
2317,2022-11-02 09:21:29.032397,-0.0049261083743842304,-0.0049261083743842304,-0.5,-0.5,101.0,101.5,101.0,101.5,5764.0,3303.0,123300.0,3846.0,False,False
2317,2022-11-02 09:21:29.202104,-0.0049261083743842304,-0.0049261083743842304,-0.5,-0.5,101.0,101.5,101.0,101.5,5764.0,3303.0,123300.0,3846.0,False,False
2317,2022-11-02 09:21:29.397922,-0.0049261083743842304,-0.0049261083743842304,-0.5,-0.5,101.0,101.5,101.0,101.5,5767.0,3303.0,123300.0,3846.0,False,False
2317,2022-11-02 09:21:29.510978,-0.0049261083743842304,-0.0049261083743842304,-0.5,-0.5,101.0,101.5,101.0,101.5,5765.0,3303.0,123300.0,3846.0,False,False
2317,2022-11-02 09:21:29.802644,-0.0049261083743842304,-0.0049261083743842304,-0.5,-0.5,101.0,101.5,101.0,101.5,5766.0,3303.0,123300.0,3846.0,False,False
2317,2022-11-02 09:21:29.915754,-0.0049261083743842304,-0.0049261083743842304,-0.5,-0.5,101.0,101.5,101.0,101.5,5766.0,3303.0,123300.0,3846.0,False,False
2317,2022-11-02 09:21:30.315692,-0.0049261083743842304,-0.0049261083743842304,-0.5,-0.5,101.0,101.5,101.0,101.5,5766.0,3295.0,123300.0,3846.0,False,False
2317,2022-11-02 09:21:30.326110,-0.0049261083743842304,-0.0049261083743842304,-0.5,-0.5,101.0,101.5,101.0,101.5,5766.0,3295.0,123300.0,3846.0,False,False
2317,2022-11-02 09:21:30.720258,-0.0049261083743842304,-0.0049261083743842304,-0.5,-0.5,101.0,101.5,101.0,101.5,5771.0,3295.0,123300.0,3846.0,False,False
2317,2022-11-02 09:21:30.781979,-0.0049261083743842304,-0.0049261083743842304,-0.5,-0.5,101.0,101.5,101.0,101.5,5764.0,3295.0,123300.0,3846.0,False,False
2317,2022-11-02 09:21:30.875705,-0.0049261083743842304,-0.0049261083743842304,-0.5,-0.5,101.0,101.5,101.0,101.5,5764.0,3295.0,123300.0,3846.0,False,False
2317,2022-11-02 09:21:31.007372,-0.0049261083743842304,-0.0049261083743842304,-0.5,-0.5,101.0,101.5,101.0,101.5,5764.0,3295.0,123300.0,3846.0,False,False
2317,2022-11-02 09:21:31.013668,-0.0049261083743842304,-0.0049261083743842304,-0.5,-0.5,101.0,101.5,101.0,101.5,5764.0,3300.0,123300.0,3846.0,False,False
2317,2022-11-02 09:21:31.196379,-0.0049261083743842304,-0.0049261083743842304,-0.5,-0.5,101.0,101.5,101.0,101.5,5765.0,3300.0,123300.0,3846.0,False,False
2317,2022-11-02 09:21:31.684571,-0.0049261083743842304,-0.0049261083743842304,-0.5,-0.5,101.0,101.5,101.0,101.5,5765.0,3300.0,123610.0,3736.0,True,True
2317,2022-11-02 09:21:32.268617,-0.0049261083743842304,-0.0049261083743842304,-0.5,-0.5,101.0,101.5,101.0,101.5,5765.0,3299.0,123610.0,3736.0,False,False
2317,2022-11-02 09:21:32.702422,-0.0049261083743842304,-0.0049261083743842304,-0.5,-0.5,101.0,101.5,101.0,101.5,5765.0,3299.0,123610.0,3736.0,False,False
2317,2022-11-02 09:21:32.794890,-0.0049261083743842304,-0.0049261083743842304,-0.5,-0.5,101.0,101.5,101.0,101.5,5766.0,3299.0,123610.0,3736.0,False,False
2317,2022-11-02 09:21:33.653781,-0.0049261083743842304,-0.0049261083743842304,-0.5,-0.5,101.0,101.5,101.0,101.5,5767.0,3299.0,123610.0,3736.0,False,False
2317,2022-11-02 09:21:33.736100,-0.0049261083743842304,-0.0049261083743842304,-0.5,-0.5,101.0,101.5,101.0,101.5,5769.0,3299.0,123610.0,3736.0,False,False
2317,2022-11-02 09:21:33.899732,-0.0049261083743842304,-0.0049261083743842304,-0.5,-0.5,101.0,101.5,101.0,101.5,5774.0,3299.0,123610.0,3736.0,False,False
2317,2022-11-02 09:21:34.197645,-0.0049261083743842304,-0.0049261083743842304,-0.5,-0.5,101.0,101.5,101.0,101.5,5775.0,3299.0,123610.0,3736.0,False,False
2317,2022-11-02 09:21:34.620480,-0.0049261083743842304,-0.0049261083743842304,-0.5,-0.5,101.0,101.5,101.0,101.5,5778.0,3299.0,123610.0,3736.0,False,False
2317,2022-11-02 09:21:34.865503,-0.0049261083743842304,-0.0049261083743842304,-0.5,-0.5,101.0,101.5,101.0,101.5,5778.0,3299.0,123610.0,3736.0,False,False
2317,2022-11-02 09:21:35.136983,-0.0049261083743842304,-0.0049261083743842304,-0.5,-0.5,101.0,101.5,101.0,101.5,5778.0,3299.0,123610.0,3736.0,False,False
2317,2022-11-02 09:21:35.280910,-0.0049261083743842304,-0.0049261083743842304,-0.5,-0.5,101.0,101.5,101.0,101.5,5778.0,3299.0,123610.0,3736.0,False,False
2317,2022-11-02 09:21:35.548639,-0.0049261083743842304,-0.0049261083743842304,-0.5,-0.5,101.0,101.5,101.0,101.5,5778.0,3299.0,123610.0,3736.0,False,False
2317,2022-11-02 09:21:35.883762,-0.0049261083743842304,-0.0049261083743842304,-0.5,-0.5,101.0,101.5,101.0,101.5,5779.0,3299.0,123610.0,3736.0,False,False
2317,2022-11-02 09:21:36.405500,-0.0049261083743842304,-0.0049261083743842304,-0.5,-0.5,101.0,101.5,101.0,101.5,5780.0,3299.0,123610.0,3736.0,False,False
2317,2022-11-02 09:21:36.450273,-0.0049261083743842304,-0.0049261083743842304,-0.5,-0.5,101.0,101.5,101.0,101.5,5780.0,3299.0,123610.0,3736.0,False,False
2317,2022-11-02 09:21:36.649481,-0.0049261083743842304,-0.0049261083743842304,-0.5,-0.5,101.0,101.5,101.0,101.5,5780.0,3301.0,123610.0,3736.0,False,False
2317,2022-11-02 09:21:36.751593,-0.0049261083743842304,-0.0049261083743842304,-0.5,-0.5,101.0,101.5,101.0,101.5,5780.0,3301.0,123610.0,3736.0,False,False
2317,2022-11-02 09:21:36.894992,-0.0049261083743842304,-0.0049261083743842304,-0.5,-0.5,101.0,101.5,101.0,101.5,5780.0,3300.0,123610.0,3736.0,False,False
2317,2022-11-02 09:21:37.852609,-0.0049261083743842304,-0.0049261083743842304,-0.5,-0.5,101.0,101.5,101.0,101.5,5781.0,3300.0,123610.0,3736.0,False,False
2317,2022-11-02 09:21:38.323479,-0.0049261083743842304,-0.0049261083743842304,-0.5,-0.5,101.0,101.5,101.0,101.5,5781.0,3300.0,123610.0,3736.0,False,False
2317,2022-11-02 09:21:38.890035,-0.0049261083743842304,-0.0049261083743842304,-0.5,-0.5,101.0,101.5,101.0,101.5,5781.0,3300.0,123610.0,3736.0,False,False
2317,2022-11-02 09:21:38.944177,-0.0049261083743842304,-0.0049261083743842304,-0.5,-0.5,101.0,101.5,101.0,101.5,5783.0,3300.0,123610.0,3736.0,False,False
2317,2022-11-02 09:21:39.223013,-0.0049261083743842304,-0.0049261083743842304,-0.5,-0.5,101.0,101.5,101.0,101.5,5783.0,3300.0,123610.0,3736.0,False,False
2317,2022-11-02 09:21:39.320760,-0.0049261083743842304,-0.0049261083743842304,-0.5,-0.5,101.0,101.5,101.0,101.5,5785.0,3300.0,123610.0,3736.0,False,False
2317,2022-11-02 09:21:39.573003,-0.0049261083743842304,-0.0049261083743842304,-0.5,-0.5,101.0,101.5,101.0,101.5,5786.0,3300.0,123610.0,3736.0,False,False
2317,2022-11-02 09:21:40.252382,-0.0049261083743842304,-0.0049261083743842304,-0.5,-0.5,101.0,101.5,101.0,101.5,5786.0,3297.0,123610.0,3736.0,False,False
2317,2022-11-02 09:21:40.287304,-0.0049261083743842304,-0.0049261083743842304,-0.5,-0.5,101.0,101.5,101.0,101.5,5787.0,3297.0,123610.0,3736.0,False,False
2317,2022-11-02 09:21:40.653268,-0.0049261083743842304,-0.0049261083743842304,-0.5,-0.5,101.0,101.5,101.0,101.5,5787.0,3297.0,123610.0,3736.0,False,False
2317,2022-11-02 09:21:41.412208,-0.0049261083743842304,-0.0049261083743842304,-0.5,-0.5,101.0,101.5,101.0,101.5,5788.0,3297.0,123610.0,3736.0,False,False
2317,2022-11-02 09:21:41.566708,-0.0049261083743842304,-0.0049261083743842304,-0.5,-0.5,101.0,101.5,101.0,101.5,5788.0,3297.0,123610.0,3736.0,False,False
2317,2022-11-02 09:21:41.587182,-0.0049261083743842304,-0.0049261083743842304,-0.5,-0.5,101.0,101.5,101.0,101.5,5788.0,3297.0,123610.0,3736.0,False,False
2317,2022-11-02 09:21:41.721904,-0.0049261083743842304,-0.0049261083743842304,-0.5,-0.5,101.0,101.5,101.0,101.5,5788.0,3297.0,123900.0,3246.0,True,True
2317,2022-11-02 09:21:41.888669,-0.0049261083743842304,-0.0049261083743842304,-0.5,-0.5,101.0,101.5,101.0,101.5,5789.0,3297.0,123900.0,3246.0,False,False
2317,2022-11-02 09:21:42.470477,-0.0049261083743842304,-0.0049261083743842304,-0.5,-0.5,101.0,101.5,101.0,101.5,5789.0,3297.0,123900.0,3246.0,False,False
2317,2022-11-02 09:21:42.471699,-0.0049261083743842304,-0.0049261083743842304,-0.5,-0.5,101.0,101.5,101.0,101.5,5789.0,3297.0,123900.0,3246.0,False,False
2317,2022-11-02 09:21:42.741041,-0.0049261083743842304,-0.0049261083743842304,-0.5,-0.5,101.0,101.5,101.0,101.5,5789.0,3297.0,123900.0,3246.0,False,False
2317,2022-11-02 09:21:42.790899,-0.0049261083743842304,-0.0049261083743842304,-0.5,-0.5,101.0,101.5,101.0,101.5,5791.0,3297.0,123900.0,3246.0,False,False
2317,2022-11-02 09:21:42.931652,-0.0049261083743842304,-0.0049261083743842304,-0.5,-0.5,101.0,101.5,101.0,101.5,5791.0,3297.0,123900.0,3246.0,False,False
2317,2022-11-02 09:21:42.949044,-0.0049261083743842304,-0.0049261083743842304,-0.5,-0.5,101.0,101.5,101.0,101.5,5789.0,3295.0,123900.0,3246.0,False,False
2317,2022-11-02 09:21:44.026630,-0.0049261083743842304,-0.0049261083743842304,-0.5,-0.5,101.0,101.5,101.0,101.5,5790.0,3295.0,123900.0,3246.0,False,False
2317,2022-11-02 09:21:44.081227,-0.0049261083743842304,-0.0049261083743842304,-0.5,-0.5,101.0,101.5,101.0,101.5,5792.0,3295.0,123900.0,3246.0,False,False
2317,2022-11-02 09:21:44.272946,-0.0049261083743842304,-0.0049261083743842304,-0.5,-0.5,101.0,101.5,101.0,101.5,5792.0,3295.0,123900.0,3246.0,False,False
2317,2022-11-02 09:21:44.425712,-0.0049261083743842304,-0.0049261083743842304,-0.5,-0.5,101.0,101.5,101.0,101.5,5795.0,3295.0,123900.0,3246.0,False,False
2317,2022-11-02 09:21:44.513823,-0.0049261083743842304,-0.0049261083743842304,-0.5,-0.5,101.0,101.5,101.0,101.5,5795.0,3295.0,123900.0,3246.0,False,False
2317,2022-11-02 09:21:44.813948,-0.0049261083743842304,-0.0049261083743842304,-0.5,-0.5,101.0,101.5,101.0,101.5,5796.0,3295.0,123900.0,3246.0,False,False
2317,2022-11-02 09:21:45.155726,-0.0049261083743842304,-0.0049261083743842304,-0.5,-0.5,101.0,101.5,101.0,101.5,5796.0,3295.0,123900.0,3246.0,False,False
2317,2022-11-02 09:21:45.256178,-0.0049261083743842304,-0.0049261083743842304,-0.5,-0.5,101.0,101.5,101.0,101.5,5796.0,3295.0,123900.0,3246.0,False,False
2317,2022-11-02 09:21:45.870492,-0.0049261083743842304,-0.0049261083743842304,-0.5,-0.5,101.0,101.5,101.0,101.5,5796.0,3301.0,123900.0,3246.0,False,False
2317,2022-11-02 09:21:46.101958,-0.0049261083743842304,-0.0049261083743842304,-0.5,-0.5,101.0,101.5,101.0,101.5,5796.0,3301.0,123900.0,3246.0,False,False
2317,2022-11-02 09:21:46.151228,-0.0049261083743842304,-0.0049261083743842304,-0.5,-0.5,101.0,101.5,101.0,101.5,5796.0,3301.0,123900.0,3246.0,False,False
2317,2022-11-02 09:21:46.321273,-0.0049261083743842304,-0.0049261083743842304,-0.5,-0.5,101.0,101.5,101.0,101.5,5797.0,3301.0,123900.0,3246.0,False,False
2317,2022-11-02 09:21:46.434713,-0.0049261083743842304,-0.0049261083743842304,-0.5,-0.5,101.0,101.5,101.0,101.5,5798.0,3301.0,123900.0,3246.0,False,False
2317,2022-11-02 09:21:46.560902,-0.0049261083743842304,-0.0049261083743842304,-0.5,-0.5,101.0,101.5,101.0,101.5,5798.0,3301.0,123900.0,3246.0,False,False
2317,2022-11-02 09:21:46.572240,-0.0049261083743842304,-0.0049261083743842304,-0.5,-0.5,101.0,101.5,101.0,101.5,5798.0,3301.0,123900.0,3246.0,False,False
2317,2022-11-02 09:21:47.000365,-0.0049261083743842304,-0.0049261083743842304,-0.5,-0.5,101.0,101.5,101.0,101.5,5798.0,3300.0,123900.0,3246.0,False,False
2317,2022-11-02 09:21:47.061313,-0.0049261083743842304,-0.0049261083743842304,-0.5,-0.5,101.0,101.5,101.0,101.5,5797.0,3300.0,123900.0,3246.0,False,False
2317,2022-11-02 09:21:47.221332,-0.0049261083743842304,-0.0049261083743842304,-0.5,-0.5,101.0,101.5,101.0,101.5,5798.0,3300.0,123900.0,3246.0,False,False
2317,2022-11-02 09:21:47.491125,-0.0049261083743842304,-0.0049261083743842304,-0.5,-0.5,101.0,101.5,101.0,101.5,5798.0,3301.0,123900.0,3246.0,False,False
2317,2022-11-02 09:21:47.711190,-0.0049261083743842304,-0.0049261083743842304,-0.5,-0.5,101.0,101.5,101.0,101.5,5790.0,3301.0,123900.0,3246.0,False,False
2317,2022-11-02 09:21:47.905458,-0.0049261083743842304,-0.0049261083743842304,-0.5,-0.5,101.0,101.5,101.0,101.5,5787.0,3301.0,123900.0,3246.0,False,False
2317,2022-11-02 09:21:48.039998,-0.0049261083743842304,-0.0049261083743842304,-0.5,-0.5,101.0,101.5,101.0,101.5,5786.0,3301.0,123900.0,3246.0,False,False
2317,2022-11-02 09:21:48.403242,-0.0049261083743842304,-0.0049261083743842304,-0.5,-0.5,101.0,101.5,101.0,101.5,5787.0,3301.0,123900.0,3246.0,False,False
2317,2022-11-02 09:21:48.452114,-0.0049261083743842304,-0.0049261083743842304,-0.5,-0.5,101.0,101.5,101.0,101.5,5787.0,3301.0,123900.0,3246.0,False,False
2317,2022-11-02 09:21:48.583157,-0.0049261083743842304,-0.0049261083743842304,-0.5,-0.5,101.0,101.5,101.0,101.5,5788.0,3301.0,123900.0,3246.0,False,False
2317,2022-11-02 09:21:48.886392,-0.0049261083743842304,-0.0049261083743842304,-0.5,-0.5,101.0,101.5,101.0,101.5,5789.0,3301.0,123900.0,3246.0,False,False
2317,2022-11-02 09:21:48.941724,-0.0049261083743842304,-0.0049261083743842304,-0.5,-0.5,101.0,101.5,101.0,101.5,5789.0,3301.0,123900.0,3246.0,False,False
2317,2022-11-02 09:21:49.023777,-0.0049261083743842304,-0.0049261083743842304,-0.5,-0.5,101.0,101.5,101.0,101.5,5790.0,3301.0,123900.0,3246.0,False,False
2317,2022-11-02 09:21:49.281623,-0.0049261083743842304,-0.0049261083743842304,-0.5,-0.5,101.0,101.5,101.0,101.5,5790.0,3301.0,123900.0,3246.0,False,False
2317,2022-11-02 09:21:49.355327,-0.0049261083743842304,-0.0049261083743842304,-0.5,-0.5,101.0,101.5,101.0,101.5,5790.0,3301.0,123900.0,3246.0,False,False
2317,2022-11-02 09:21:49.507474,-0.0049261083743842304,-0.0049261083743842304,-0.5,-0.5,101.0,101.5,101.0,101.5,5790.0,3306.0,123900.0,3246.0,False,False
2317,2022-11-02 09:21:49.789533,-0.0049261083743842304,-0.0049261083743842304,-0.5,-0.5,101.0,101.5,101.0,101.5,5791.0,3306.0,123900.0,3246.0,False,False
2317,2022-11-02 09:21:49.929689,-0.0049261083743842304,-0.0049261083743842304,-0.5,-0.5,101.0,101.5,101.0,101.5,5791.0,3306.0,123900.0,3246.0,False,False
2317,2022-11-02 09:21:50.241639,-0.0049261083743842304,-0.0049261083743842304,-0.5,-0.5,101.0,101.5,101.0,101.5,5791.0,3306.0,123900.0,3246.0,False,False
2317,2022-11-02 09:21:50.637100,-0.0049261083743842304,-0.0049261083743842304,-0.5,-0.5,101.0,101.5,101.0,101.5,5793.0,3306.0,123900.0,3246.0,False,False
2317,2022-11-02 09:21:51.142972,-0.0049261083743842304,-0.0049261083743842304,-0.5,-0.5,101.0,101.5,101.0,101.5,5793.0,3356.0,123900.0,3246.0,False,False
2317,2022-11-02 09:21:51.389559,-0.0049261083743842304,-0.0049261083743842304,-0.5,-0.5,101.0,101.5,101.0,101.5,5796.0,3356.0,123900.0,3246.0,False,False
2317,2022-11-02 09:21:51.471201,-0.0049261083743842304,-0.0049261083743842304,-0.5,-0.5,101.0,101.5,101.0,101.5,5797.0,3356.0,123900.0,3246.0,False,False
2317,2022-11-02 09:21:51.778574,-0.0049261083743842304,-0.0049261083743842304,-0.5,-0.5,101.0,101.5,101.0,101.5,5797.0,3356.0,124220.0,2985.0,True,True
2317,2022-11-02 09:21:51.797837,-0.0049261083743842304,-0.0049261083743842304,-0.5,-0.5,101.0,101.5,101.0,101.5,5797.0,3356.0,124220.0,2985.0,False,False
2317,2022-11-02 09:21:52.036215,-0.0049261083743842304,-0.0049261083743842304,-0.5,-0.5,101.0,101.5,101.0,101.5,5797.0,3356.0,124220.0,2985.0,False,False
2317,2022-11-02 09:21:52.104022,-0.0049261083743842304,-0.0049261083743842304,-0.5,-0.5,101.0,101.5,101.0,101.5,5796.0,3355.0,124220.0,2985.0,False,False
2317,2022-11-02 09:21:52.066581,-0.0049261083743842304,-0.0049261083743842304,-0.5,-0.5,101.0,101.5,101.0,101.5,5796.0,3356.0,124220.0,2985.0,False,False
2317,2022-11-02 09:21:52.172338,-0.0049261083743842304,-0.0049261083743842304,-0.5,-0.5,101.0,101.5,101.0,101.5,5796.0,3357.0,124220.0,2985.0,False,False
2317,2022-11-02 09:21:52.427308,-0.0049261083743842304,-0.0049261083743842304,-0.5,-0.5,101.0,101.5,101.0,101.5,5795.0,3357.0,124220.0,2985.0,False,False
2317,2022-11-02 09:21:52.493357,-0.0049261083743842304,-0.0049261083743842304,-0.5,-0.5,101.0,101.5,101.0,101.5,5638.0,3357.0,124220.0,2985.0,False,False
2317,2022-11-02 09:21:52.607233,-0.0049261083743842304,-0.0049261083743842304,-0.5,-0.5,101.0,101.5,101.0,101.5,5639.0,3357.0,124220.0,2985.0,False,False
2317,2022-11-02 09:21:53.238775,-0.0049261083743842304,-0.0049261083743842304,-0.5,-0.5,101.0,101.5,101.0,101.5,5639.0,3357.0,124220.0,2985.0,False,False
2317,2022-11-02 09:21:53.276028,-0.0049261083743842304,-0.0049261083743842304,-0.5,-0.5,101.0,101.5,101.0,101.5,5640.0,3357.0,124220.0,2985.0,False,False
2317,2022-11-02 09:21:53.828735,-0.0049261083743842304,-0.0049261083743842304,-0.5,-0.5,101.0,101.5,101.0,101.5,5641.0,3357.0,124220.0,2985.0,False,False
2317,2022-11-02 09:21:53.833743,-0.0049261083743842304,-0.0049261083743842304,-0.5,-0.5,101.0,101.5,101.0,101.5,5642.0,3357.0,124220.0,2985.0,False,False
2317,2022-11-02 09:21:53.915681,-0.0049261083743842304,-0.0049261083743842304,-0.5,-0.5,101.0,101.5,101.0,101.5,5642.0,3357.0,124220.0,2985.0,False,False
2317,2022-11-02 09:21:54.103713,-0.0049261083743842304,-0.0049261083743842304,-0.5,-0.5,101.0,101.5,101.0,101.5,5644.0,3357.0,124220.0,2985.0,False,False
2317,2022-11-02 09:21:54.346216,-0.0049261083743842304,-0.0049261083743842304,-0.5,-0.5,101.0,101.5,101.0,101.5,5644.0,3357.0,124220.0,2985.0,False,False
2317,2022-11-02 09:21:54.379844,-0.0049261083743842304,-0.0049261083743842304,-0.5,-0.5,101.0,101.5,101.0,101.5,5645.0,3357.0,124220.0,2985.0,False,False
2317,2022-11-02 09:21:54.856451,-0.0049261083743842304,-0.0049261083743842304,-0.5,-0.5,101.0,101.5,101.0,101.5,5646.0,3357.0,124220.0,2985.0,False,False
2317,2022-11-02 09:21:55.094018,-0.0049261083743842304,-0.0049261083743842304,-0.5,-0.5,101.0,101.5,101.0,101.5,5647.0,3357.0,124220.0,2985.0,False,False
2317,2022-11-02 09:21:55.295495,-0.0049261083743842304,-0.0049261083743842304,-0.5,-0.5,101.0,101.5,101.0,101.5,5647.0,3357.0,124220.0,2985.0,False,False
2317,2022-11-02 09:21:55.396298,-0.0049261083743842304,-0.0049261083743842304,-0.5,-0.5,101.0,101.5,101.0,101.5,5647.0,3357.0,124220.0,2985.0,False,False
2317,2022-11-02 09:21:55.454334,-0.0049261083743842304,-0.0049261083743842304,-0.5,-0.5,101.0,101.5,101.0,101.5,5649.0,3357.0,124220.0,2985.0,False,False
2317,2022-11-02 09:21:55.744748,-0.0049261083743842304,-0.0049261083743842304,-0.5,-0.5,101.0,101.5,101.0,101.5,5649.0,3357.0,124220.0,2985.0,False,False
2317,2022-11-02 09:21:56.057973,-0.0049261083743842304,-0.0049261083743842304,-0.5,-0.5,101.0,101.5,101.0,101.5,5649.0,3357.0,124220.0,2985.0,False,False
2317,2022-11-02 09:21:56.185098,-0.0049261083743842304,-0.0049261083743842304,-0.5,-0.5,101.0,101.5,101.0,101.5,5649.0,3357.0,124220.0,2985.0,False,False
2317,2022-11-02 09:21:56.202019,-0.0049261083743842304,-0.0049261083743842304,-0.5,-0.5,101.0,101.5,101.0,101.5,5649.0,3359.0,124220.0,2985.0,False,False
2317,2022-11-02 09:21:56.335746,-0.0049261083743842304,-0.0049261083743842304,-0.5,-0.5,101.0,101.5,101.0,101.5,5649.0,3359.0,124220.0,2985.0,False,False
2317,2022-11-02 09:21:56.401182,-0.0049261083743842304,-0.0049261083743842304,-0.5,-0.5,101.0,101.5,101.0,101.5,5650.0,3359.0,124220.0,2985.0,False,False
2317,2022-11-02 09:21:56.510115,-0.0049261083743842304,-0.0049261083743842304,-0.5,-0.5,101.0,101.5,101.0,101.5,5651.0,3359.0,124220.0,2985.0,False,False
2317,2022-11-02 09:21:56.655004,-0.0049261083743842304,-0.0049261083743842304,-0.5,-0.5,101.0,101.5,101.0,101.5,5656.0,3359.0,124220.0,2985.0,False,False
2317,2022-11-02 09:21:56.808999,-0.0049261083743842304,-0.0049261083743842304,-0.5,-0.5,101.0,101.5,101.0,101.5,5657.0,3359.0,124220.0,2985.0,False,False
2317,2022-11-02 09:21:57.035256,-0.0049261083743842304,-0.0049261083743842304,-0.5,-0.5,101.0,101.5,101.0,101.5,5657.0,3359.0,124220.0,2985.0,False,False
2317,2022-11-02 09:21:57.183630,-0.0049261083743842304,-0.0049261083743842304,-0.5,-0.5,101.0,101.5,101.0,101.5,5657.0,3359.0,124220.0,2985.0,False,False
2317,2022-11-02 09:21:57.265416,-0.0049261083743842304,-0.0049261083743842304,-0.5,-0.5,101.0,101.5,101.0,101.5,5657.0,3359.0,124220.0,2985.0,False,False
2317,2022-11-02 09:21:57.409417,-0.0049261083743842304,-0.0049261083743842304,-0.5,-0.5,101.0,101.5,101.0,101.5,5657.0,3359.0,124220.0,2985.0,False,False
2317,2022-11-02 09:21:57.557606,-0.0049261083743842304,-0.0049261083743842304,-0.5,-0.5,101.0,101.5,101.0,101.5,5656.0,3359.0,124220.0,2985.0,False,False
2317,2022-11-02 09:21:57.916704,-0.0049261083743842304,-0.0049261083743842304,-0.5,-0.5,101.0,101.5,101.0,101.5,5656.0,3359.0,124220.0,2985.0,False,False
2317,2022-11-02 09:21:58.929968,-0.0049261083743842304,-0.0049261083743842304,-0.5,-0.5,101.0,101.5,101.0,101.5,5656.0,3359.0,124220.0,2985.0,False,False
2317,2022-11-02 09:21:59.245445,-0.0049261083743842304,-0.0049261083743842304,-0.5,-0.5,101.0,101.5,101.0,101.5,5657.0,3359.0,124220.0,2985.0,False,False
2317,2022-11-02 09:21:59.574567,-0.0049261083743842304,-0.0049261083743842304,-0.5,-0.5,101.0,101.5,101.0,101.5,5657.0,3359.0,124220.0,2985.0,False,False
2317,2022-11-02 09:21:59.775190,-0.0049261083743842304,-0.0049261083743842304,-0.5,-0.5,101.0,101.5,101.0,101.5,5657.0,3359.0,124220.0,2985.0,False,False
2317,2022-11-02 09:21:59.990739,-0.0049261083743842304,-0.0049261083743842304,-0.5,-0.5,101.0,101.5,101.0,101.5,5657.0,3359.0,124220.0,2985.0,False,False
2317,2022-11-02 09:21:59.998497,-0.0049261083743842304,-0.0049261083743842304,-0.5,-0.5,101.0,101.5,101.0,101.5,5657.0,3359.0,124220.0,2985.0,False,False
2317,2022-11-02 09:22:00.417519,-0.0049261083743842304,-0.0049261083743842304,-0.5,-0.5,101.0,101.5,101.0,101.5,5657.0,3358.0,124220.0,2985.0,False,False
2317,2022-11-02 09:22:00.430179,-0.0049261083743842304,-0.0049261083743842304,-0.5,-0.5,101.0,101.5,101.0,101.5,5657.0,3358.0,124220.0,2985.0,False,False
2317,2022-11-02 09:22:00.652656,-0.0049261083743842304,-0.0049261083743842304,-0.5,-0.5,101.0,101.5,101.0,101.5,5657.0,3358.0,124220.0,2985.0,False,False
2317,2022-11-02 09:22:00.884850,-0.0049261083743842304,-0.0049261083743842304,-0.5,-0.5,101.0,101.5,101.0,101.5,5677.0,3358.0,124220.0,2985.0,False,False
2317,2022-11-02 09:22:00.977291,-0.0049261083743842304,-0.0049261083743842304,-0.5,-0.5,101.0,101.5,101.0,101.5,5667.0,3358.0,124220.0,2985.0,False,False
2317,2022-11-02 09:22:01.016808,0.0,-0.009803921568627416,0.0,-1.0,101.0,101.5,101.5,102.0,5667.0,3358.0,6970.0,31567.0,False,True
2317,2022-11-02 09:22:01.142419,0.0,-0.009803921568627416,0.0,-1.0,101.0,101.5,101.5,102.0,5667.0,3358.0,6970.0,31567.0,False,False
2317,2022-11-02 09:22:01.182858,0.0,-0.009803921568627416,0.0,-1.0,101.0,101.5,101.5,102.0,5667.0,3360.0,6970.0,31567.0,False,False
2317,2022-11-02 09:22:01.302226,0.0,-0.009803921568627416,0.0,-1.0,101.0,101.5,101.5,102.0,5667.0,3360.0,6970.0,31567.0,False,False
2317,2022-11-02 09:22:01.657129,0.0,-0.009803921568627416,0.0,-1.0,101.0,101.5,101.5,102.0,5667.0,3360.0,6970.0,31567.0,False,False
2317,2022-11-02 09:22:01.868440,0.0,-0.009803921568627416,0.0,-1.0,101.0,101.5,101.5,102.0,5667.0,3368.0,6970.0,31567.0,False,False
2317,2022-11-02 09:22:01.938871,0.0,-0.009803921568627416,0.0,-1.0,101.0,101.5,101.5,102.0,5667.0,3367.0,6970.0,31567.0,False,False
2317,2022-11-02 09:22:01.971334,0.0,-0.009803921568627416,0.0,-1.0,101.0,101.5,101.5,102.0,5667.0,3367.0,6970.0,31567.0,False,False
2317,2022-11-02 09:22:02.007244,0.0,-0.009803921568627416,0.0,-1.0,101.0,101.5,101.5,102.0,5667.0,3367.0,6970.0,31567.0,False,False
2317,2022-11-02 09:22:02.335012,0.0,-0.009803921568627416,0.0,-1.0,101.0,101.5,101.5,102.0,5667.0,3367.0,6970.0,31567.0,False,False
2317,2022-11-02 09:22:02.467603,0.0,-0.009803921568627416,0.0,-1.0,101.0,101.5,101.5,102.0,5667.0,3367.0,6970.0,31567.0,False,False
2317,2022-11-02 09:22:02.478850,0.0,-0.009803921568627416,0.0,-1.0,101.0,101.5,101.5,102.0,5669.0,3367.0,6970.0,31567.0,False,False
2317,2022-11-02 09:22:03.049450,0.0,-0.009803921568627416,0.0,-1.0,101.0,101.5,101.5,102.0,5669.0,3368.0,6970.0,31567.0,False,False
2317,2022-11-02 09:22:03.200710,0.0,-0.009803921568627416,0.0,-1.0,101.0,101.5,101.5,102.0,5670.0,3368.0,6970.0,31567.0,False,False
2317,2022-11-02 09:22:03.444378,0.0,-0.009803921568627416,0.0,-1.0,101.0,101.5,101.5,102.0,5670.0,3363.0,6970.0,31567.0,False,False
2317,2022-11-02 09:22:03.574302,0.0,-0.009803921568627416,0.0,-1.0,101.0,101.5,101.5,102.0,5670.0,3363.0,6970.0,31567.0,False,False
2317,2022-11-02 09:22:03.579684,0.0,-0.009803921568627416,0.0,-1.0,101.0,101.5,101.5,102.0,5669.0,3363.0,6970.0,31567.0,False,False
2317,2022-11-02 09:22:03.656633,0.0,-0.009803921568627416,0.0,-1.0,101.0,101.5,101.5,102.0,5669.0,3369.0,6970.0,31567.0,False,False
2317,2022-11-02 09:22:04.184306,0.0,-0.009803921568627416,0.0,-1.0,101.0,101.5,101.5,102.0,5671.0,3369.0,6970.0,31567.0,False,False
2317,2022-11-02 09:22:04.794337,0.0,-0.009803921568627416,0.0,-1.0,101.0,101.5,101.5,102.0,5671.0,3369.0,6970.0,31567.0,False,False
2317,2022-11-02 09:22:04.868630,0.0,-0.009803921568627416,0.0,-1.0,101.0,101.5,101.5,102.0,5671.0,3370.0,6970.0,31567.0,False,False
2317,2022-11-02 09:22:05.066188,0.0,-0.009803921568627416,0.0,-1.0,101.0,101.5,101.5,102.0,5671.0,3370.0,6970.0,31567.0,False,False
2317,2022-11-02 09:22:05.171434,0.0,-0.009803921568627416,0.0,-1.0,101.0,101.5,101.5,102.0,5671.0,3370.0,6970.0,31567.0,False,False
2317,2022-11-02 09:22:05.176796,0.0,-0.009803921568627416,0.0,-1.0,101.0,101.5,101.5,102.0,5671.0,3370.0,6970.0,31567.0,False,False
2317,2022-11-02 09:22:05.331690,0.0,-0.009803921568627416,0.0,-1.0,101.0,101.5,101.5,102.0,5671.0,3370.0,6970.0,31567.0,False,False
2317,2022-11-02 09:22:05.535070,0.0,-0.009803921568627416,0.0,-1.0,101.0,101.5,101.5,102.0,5671.0,3376.0,6970.0,31567.0,False,False
2317,2022-11-02 09:22:05.561133,0.0,-0.009803921568627416,0.0,-1.0,101.0,101.5,101.5,102.0,5672.0,3376.0,6970.0,31567.0,False,False
2317,2022-11-02 09:22:06.194219,0.0,-0.009803921568627416,0.0,-1.0,101.0,101.5,101.5,102.0,5672.0,3376.0,6970.0,31567.0,False,False
2317,2022-11-02 09:22:06.591769,0.0,-0.009803921568627416,0.0,-1.0,101.0,101.5,101.5,102.0,5672.0,3376.0,6970.0,31567.0,False,False
2317,2022-11-02 09:22:06.968344,0.0,-0.009803921568627416,0.0,-1.0,101.0,101.5,101.5,102.0,5672.0,3376.0,6970.0,31567.0,False,False
2317,2022-11-02 09:22:07.005334,0.0,-0.009803921568627416,0.0,-1.0,101.0,101.5,101.5,102.0,5673.0,3376.0,6970.0,31567.0,False,False
2317,2022-11-02 09:22:07.149911,0.0,-0.009803921568627416,0.0,-1.0,101.0,101.5,101.5,102.0,5674.0,3376.0,6970.0,31567.0,False,False
2317,2022-11-02 09:22:07.224164,0.0,-0.009803921568627416,0.0,-1.0,101.0,101.5,101.5,102.0,5675.0,3376.0,6970.0,31567.0,False,False
2317,2022-11-02 09:22:07.336123,0.0,-0.009803921568627416,0.0,-1.0,101.0,101.5,101.5,102.0,5675.0,3368.0,6970.0,31567.0,False,False
2317,2022-11-02 09:22:07.517186,0.0,-0.009803921568627416,0.0,-1.0,101.0,101.5,101.5,102.0,5674.0,3368.0,6970.0,31567.0,False,False
2317,2022-11-02 09:22:08.037194,0.0,-0.009803921568627416,0.0,-1.0,101.0,101.5,101.5,102.0,5679.0,3368.0,6970.0,31567.0,False,False
2317,2022-11-02 09:22:08.518152,0.0,-0.009803921568627416,0.0,-1.0,101.0,101.5,101.5,102.0,5679.0,3369.0,6970.0,31567.0,False,False
2317,2022-11-02 09:22:08.534696,0.0,-0.009803921568627416,0.0,-1.0,101.0,101.5,101.5,102.0,5678.0,3369.0,6970.0,31567.0,False,False
2317,2022-11-02 09:22:08.878921,0.0,-0.009803921568627416,0.0,-1.0,101.0,101.5,101.5,102.0,5678.0,3354.0,6970.0,31567.0,False,False
2317,2022-11-02 09:22:09.945664,0.0,-0.009803921568627416,0.0,-1.0,101.0,101.5,101.5,102.0,5678.0,3354.0,6970.0,31567.0,False,False
2317,2022-11-02 09:22:10.202603,0.0,-0.009803921568627416,0.0,-1.0,101.0,101.5,101.5,102.0,5678.0,3354.0,6970.0,31567.0,False,False
2317,2022-11-02 09:22:10.613257,0.0,-0.009803921568627416,0.0,-1.0,101.0,101.5,101.5,102.0,5678.0,3354.0,6970.0,31567.0,False,False
2317,2022-11-02 09:22:10.643009,0.0,-0.009803921568627416,0.0,-1.0,101.0,101.5,101.5,102.0,5678.0,3354.0,6970.0,31567.0,False,False
2317,2022-11-02 09:22:10.851056,0.0,-0.009803921568627416,0.0,-1.0,101.0,101.5,101.5,102.0,5678.0,3354.0,6970.0,31567.0,False,False
2317,2022-11-02 09:22:11.059914,-0.0049261083743842304,-0.0049261083743842304,-0.5,-0.5,101.0,101.5,101.0,101.5,5678.0,3354.0,124553.0,2980.0,True,True
2317,2022-11-02 09:22:11.194369,-0.0049261083743842304,-0.0049261083743842304,-0.5,-0.5,101.0,101.5,101.0,101.5,5678.0,3354.0,124553.0,2980.0,False,False
2317,2022-11-02 09:22:11.309790,-0.0049261083743842304,-0.0049261083743842304,-0.5,-0.5,101.0,101.5,101.0,101.5,5678.0,3354.0,124553.0,2980.0,False,False
2317,2022-11-02 09:22:11.473365,-0.0049261083743842304,-0.0049261083743842304,-0.5,-0.5,101.0,101.5,101.0,101.5,5678.0,3354.0,124553.0,2980.0,False,False
2317,2022-11-02 09:22:11.546249,-0.0049261083743842304,-0.0049261083743842304,-0.5,-0.5,101.0,101.5,101.0,101.5,5678.0,3353.0,124553.0,2980.0,False,False
2317,2022-11-02 09:22:11.628154,-0.0049261083743842304,-0.0049261083743842304,-0.5,-0.5,101.0,101.5,101.0,101.5,5679.0,3353.0,124553.0,2980.0,False,False
2317,2022-11-02 09:22:11.702455,-0.0049261083743842304,-0.0049261083743842304,-0.5,-0.5,101.0,101.5,101.0,101.5,5679.0,3353.0,124553.0,2980.0,False,False
2317,2022-11-02 09:22:12.506124,-0.0049261083743842304,-0.0049261083743842304,-0.5,-0.5,101.0,101.5,101.0,101.5,5680.0,3353.0,124553.0,2980.0,False,False
2317,2022-11-02 09:22:12.527309,-0.0049261083743842304,-0.0049261083743842304,-0.5,-0.5,101.0,101.5,101.0,101.5,5683.0,3353.0,124553.0,2980.0,False,False
2317,2022-11-02 09:22:12.597829,-0.0049261083743842304,-0.0049261083743842304,-0.5,-0.5,101.0,101.5,101.0,101.5,5684.0,3353.0,124553.0,2980.0,False,False
2317,2022-11-02 09:22:13.431192,-0.0049261083743842304,-0.0049261083743842304,-0.5,-0.5,101.0,101.5,101.0,101.5,5684.0,3353.0,124553.0,2980.0,False,False
2317,2022-11-02 09:22:13.829406,-0.0049261083743842304,-0.0049261083743842304,-0.5,-0.5,101.0,101.5,101.0,101.5,5684.0,3353.0,124553.0,2980.0,False,False
2317,2022-11-02 09:22:13.993519,-0.0049261083743842304,-0.0049261083743842304,-0.5,-0.5,101.0,101.5,101.0,101.5,5694.0,3353.0,124553.0,2980.0,False,False
2317,2022-11-02 09:22:15.001069,-0.0049261083743842304,-0.0049261083743842304,-0.5,-0.5,101.0,101.5,101.0,101.5,5694.0,3353.0,124553.0,2980.0,False,False
2317,2022-11-02 09:22:15.009733,-0.0049261083743842304,-0.0049261083743842304,-0.5,-0.5,101.0,101.5,101.0,101.5,5694.0,3353.0,124553.0,2980.0,False,False
2317,2022-11-02 09:22:15.335853,-0.0049261083743842304,-0.0049261083743842304,-0.5,-0.5,101.0,101.5,101.0,101.5,5694.0,3353.0,124553.0,2980.0,False,False
2317,2022-11-02 09:22:16.013664,-0.0049261083743842304,-0.0049261083743842304,-0.5,-0.5,101.0,101.5,101.0,101.5,5693.0,3353.0,124553.0,2980.0,False,False
2317,2022-11-02 09:22:16.074623,-0.0049261083743842304,-0.0049261083743842304,-0.5,-0.5,101.0,101.5,101.0,101.5,5693.0,3353.0,124553.0,2980.0,False,False
2317,2022-11-02 09:22:16.954171,-0.0049261083743842304,-0.0049261083743842304,-0.5,-0.5,101.0,101.5,101.0,101.5,5694.0,3353.0,124553.0,2980.0,False,False
2317,2022-11-02 09:22:16.972517,-0.0049261083743842304,-0.0049261083743842304,-0.5,-0.5,101.0,101.5,101.0,101.5,5694.0,3353.0,124553.0,2980.0,False,False
2317,2022-11-02 09:22:17.135433,-0.0049261083743842304,-0.0049261083743842304,-0.5,-0.5,101.0,101.5,101.0,101.5,5695.0,3353.0,124553.0,2980.0,False,False
2317,2022-11-02 09:22:17.406468,-0.0049261083743842304,-0.0049261083743842304,-0.5,-0.5,101.0,101.5,101.0,101.5,5695.0,3353.0,124553.0,2980.0,False,False
2317,2022-11-02 09:22:17.673583,-0.0049261083743842304,-0.0049261083743842304,-0.5,-0.5,101.0,101.5,101.0,101.5,5696.0,3353.0,124553.0,2980.0,False,False
2317,2022-11-02 09:22:17.979113,-0.0049261083743842304,-0.0049261083743842304,-0.5,-0.5,101.0,101.5,101.0,101.5,5696.0,3351.0,124553.0,2980.0,False,False
2317,2022-11-02 09:22:18.059819,-0.0049261083743842304,-0.0049261083743842304,-0.5,-0.5,101.0,101.5,101.0,101.5,5696.0,3351.0,124553.0,2980.0,False,False
2317,2022-11-02 09:22:18.108986,-0.0049261083743842304,-0.0049261083743842304,-0.5,-0.5,101.0,101.5,101.0,101.5,5696.0,3351.0,124553.0,2980.0,False,False
2317,2022-11-02 09:22:18.587861,-0.0049261083743842304,-0.0049261083743842304,-0.5,-0.5,101.0,101.5,101.0,101.5,5697.0,3351.0,124553.0,2980.0,False,False
2317,2022-11-02 09:22:18.653383,-0.0049261083743842304,-0.0049261083743842304,-0.5,-0.5,101.0,101.5,101.0,101.5,5698.0,3351.0,124553.0,2980.0,False,False
2317,2022-11-02 09:22:19.058105,-0.0049261083743842304,-0.0049261083743842304,-0.5,-0.5,101.0,101.5,101.0,101.5,5703.0,3351.0,124553.0,2980.0,False,False
2317,2022-11-02 09:22:19.236670,-0.0049261083743842304,-0.0049261083743842304,-0.5,-0.5,101.0,101.5,101.0,101.5,5703.0,3351.0,124553.0,2980.0,False,False
2317,2022-11-02 09:22:19.254673,-0.0049261083743842304,-0.0049261083743842304,-0.5,-0.5,101.0,101.5,101.0,101.5,5703.0,3345.0,124553.0,2980.0,False,False
2317,2022-11-02 09:22:19.410793,-0.0049261083743842304,-0.0049261083743842304,-0.5,-0.5,101.0,101.5,101.0,101.5,5703.0,3345.0,124553.0,2980.0,False,False
2317,2022-11-02 09:22:19.545357,-0.0049261083743842304,-0.0049261083743842304,-0.5,-0.5,101.0,101.5,101.0,101.5,5705.0,3345.0,124553.0,2980.0,False,False
2317,2022-11-02 09:22:19.771517,-0.0049261083743842304,-0.0049261083743842304,-0.5,-0.5,101.0,101.5,101.0,101.5,5705.0,3345.0,124553.0,2980.0,False,False
2317,2022-11-02 09:22:19.800277,-0.0049261083743842304,-0.0049261083743842304,-0.5,-0.5,101.0,101.5,101.0,101.5,5705.0,3345.0,124553.0,2980.0,False,False
2317,2022-11-02 09:22:19.830354,-0.0049261083743842304,-0.0049261083743842304,-0.5,-0.5,101.0,101.5,101.0,101.5,5705.0,3345.0,124553.0,2980.0,False,False
2317,2022-11-02 09:22:20.124777,-0.0049261083743842304,-0.0049261083743842304,-0.5,-0.5,101.0,101.5,101.0,101.5,5705.0,3351.0,124553.0,2980.0,False,False
2317,2022-11-02 09:22:20.384720,-0.0049261083743842304,-0.0049261083743842304,-0.5,-0.5,101.0,101.5,101.0,101.5,5702.0,3351.0,124553.0,2980.0,False,False
2317,2022-11-02 09:22:20.768477,-0.0049261083743842304,-0.0049261083743842304,-0.5,-0.5,101.0,101.5,101.0,101.5,5702.0,3351.0,124553.0,2980.0,False,False
2317,2022-11-02 09:22:20.968534,-0.0049261083743842304,-0.0049261083743842304,-0.5,-0.5,101.0,101.5,101.0,101.5,5702.0,3351.0,124553.0,2980.0,False,False
2317,2022-11-02 09:22:21.095353,-0.0049261083743842304,-0.0049261083743842304,-0.5,-0.5,101.0,101.5,101.0,101.5,5702.0,3351.0,124523.0,2522.0,True,True
2317,2022-11-02 09:22:21.510127,-0.0049261083743842304,-0.0049261083743842304,-0.5,-0.5,101.0,101.5,101.0,101.5,5702.0,3356.0,124523.0,2522.0,False,False
2317,2022-11-02 09:22:21.573430,-0.0049261083743842304,-0.0049261083743842304,-0.5,-0.5,101.0,101.5,101.0,101.5,5702.0,3386.0,124523.0,2522.0,False,False
2317,2022-11-02 09:22:21.612963,-0.0049261083743842304,-0.0049261083743842304,-0.5,-0.5,101.0,101.5,101.0,101.5,5703.0,3386.0,124523.0,2522.0,False,False
2317,2022-11-02 09:22:21.669512,-0.0049261083743842304,-0.0049261083743842304,-0.5,-0.5,101.0,101.5,101.0,101.5,5704.0,3386.0,124523.0,2522.0,False,False
2317,2022-11-02 09:22:21.901007,-0.0049261083743842304,-0.0049261083743842304,-0.5,-0.5,101.0,101.5,101.0,101.5,5705.0,3386.0,124523.0,2522.0,False,False
2317,2022-11-02 09:22:21.962513,-0.0049261083743842304,-0.0049261083743842304,-0.5,-0.5,101.0,101.5,101.0,101.5,5705.0,3386.0,124523.0,2522.0,False,False
2317,2022-11-02 09:22:22.805074,-0.0049261083743842304,-0.0049261083743842304,-0.5,-0.5,101.0,101.5,101.0,101.5,5705.0,3386.0,124523.0,2522.0,False,False
2317,2022-11-02 09:22:22.840275,-0.0049261083743842304,-0.0049261083743842304,-0.5,-0.5,101.0,101.5,101.0,101.5,5705.0,3385.0,124523.0,2522.0,False,False
2317,2022-11-02 09:22:22.973759,-0.0049261083743842304,-0.0049261083743842304,-0.5,-0.5,101.0,101.5,101.0,101.5,5705.0,3385.0,124523.0,2522.0,False,False
2317,2022-11-02 09:22:23.048291,-0.0049261083743842304,-0.0049261083743842304,-0.5,-0.5,101.0,101.5,101.0,101.5,5705.0,3385.0,124523.0,2522.0,False,False
2317,2022-11-02 09:22:23.090558,-0.0049261083743842304,-0.0049261083743842304,-0.5,-0.5,101.0,101.5,101.0,101.5,5710.0,3385.0,124523.0,2522.0,False,False
2317,2022-11-02 09:22:23.430507,-0.0049261083743842304,-0.0049261083743842304,-0.5,-0.5,101.0,101.5,101.0,101.5,5712.0,3385.0,124523.0,2522.0,False,False
2317,2022-11-02 09:22:23.685770,-0.0049261083743842304,-0.0049261083743842304,-0.5,-0.5,101.0,101.5,101.0,101.5,5712.0,3385.0,124523.0,2522.0,False,False
2317,2022-11-02 09:22:23.840962,-0.0049261083743842304,-0.0049261083743842304,-0.5,-0.5,101.0,101.5,101.0,101.5,5712.0,3385.0,124523.0,2522.0,False,False
2317,2022-11-02 09:22:24.105474,-0.0049261083743842304,-0.0049261083743842304,-0.5,-0.5,101.0,101.5,101.0,101.5,5721.0,3385.0,124523.0,2522.0,False,False
2317,2022-11-02 09:22:24.200542,-0.0049261083743842304,-0.0049261083743842304,-0.5,-0.5,101.0,101.5,101.0,101.5,5722.0,3385.0,124523.0,2522.0,False,False
2317,2022-11-02 09:22:24.440701,-0.0049261083743842304,-0.0049261083743842304,-0.5,-0.5,101.0,101.5,101.0,101.5,5722.0,3385.0,124523.0,2522.0,False,False
2317,2022-11-02 09:22:24.660296,-0.0049261083743842304,-0.0049261083743842304,-0.5,-0.5,101.0,101.5,101.0,101.5,5722.0,3385.0,124523.0,2522.0,False,False
2317,2022-11-02 09:22:24.673666,-0.0049261083743842304,-0.0049261083743842304,-0.5,-0.5,101.0,101.5,101.0,101.5,5723.0,3385.0,124523.0,2522.0,False,False
2317,2022-11-02 09:22:24.949872,-0.0049261083743842304,-0.0049261083743842304,-0.5,-0.5,101.0,101.5,101.0,101.5,5723.0,3385.0,124523.0,2522.0,False,False
2317,2022-11-02 09:22:25.256512,-0.0049261083743842304,-0.0049261083743842304,-0.5,-0.5,101.0,101.5,101.0,101.5,5723.0,3385.0,124523.0,2522.0,False,False
2317,2022-11-02 09:22:25.361371,-0.0049261083743842304,-0.0049261083743842304,-0.5,-0.5,101.0,101.5,101.0,101.5,5723.0,3385.0,124523.0,2522.0,False,False
2317,2022-11-02 09:22:25.611450,-0.0049261083743842304,-0.0049261083743842304,-0.5,-0.5,101.0,101.5,101.0,101.5,5723.0,3396.0,124523.0,2522.0,False,False
2317,2022-11-02 09:22:25.645004,-0.0049261083743842304,-0.0049261083743842304,-0.5,-0.5,101.0,101.5,101.0,101.5,5723.0,3396.0,124523.0,2522.0,False,False
2317,2022-11-02 09:22:26.258392,-0.0049261083743842304,-0.0049261083743842304,-0.5,-0.5,101.0,101.5,101.0,101.5,5724.0,3396.0,124523.0,2522.0,False,False
2317,2022-11-02 09:22:26.516432,-0.0049261083743842304,-0.0049261083743842304,-0.5,-0.5,101.0,101.5,101.0,101.5,5725.0,3396.0,124523.0,2522.0,False,False
2317,2022-11-02 09:22:26.677305,-0.0049261083743842304,-0.0049261083743842304,-0.5,-0.5,101.0,101.5,101.0,101.5,5725.0,3396.0,124523.0,2522.0,False,False
2317,2022-11-02 09:22:27.240796,-0.0049261083743842304,-0.0049261083743842304,-0.5,-0.5,101.0,101.5,101.0,101.5,5725.0,3396.0,124523.0,2522.0,False,False
2317,2022-11-02 09:22:27.344481,-0.0049261083743842304,-0.0049261083743842304,-0.5,-0.5,101.0,101.5,101.0,101.5,5725.0,3396.0,124523.0,2522.0,False,False
2317,2022-11-02 09:22:28.263381,-0.0049261083743842304,-0.0049261083743842304,-0.5,-0.5,101.0,101.5,101.0,101.5,5725.0,3396.0,124523.0,2522.0,False,False
2317,2022-11-02 09:22:28.852723,-0.0049261083743842304,-0.0049261083743842304,-0.5,-0.5,101.0,101.5,101.0,101.5,5725.0,3366.0,124523.0,2522.0,False,False
2317,2022-11-02 09:22:28.956780,-0.0049261083743842304,-0.0049261083743842304,-0.5,-0.5,101.0,101.5,101.0,101.5,5725.0,3365.0,124523.0,2522.0,False,False
2317,2022-11-02 09:22:28.998463,-0.0049261083743842304,-0.0049261083743842304,-0.5,-0.5,101.0,101.5,101.0,101.5,5725.0,3365.0,124523.0,2522.0,False,False
2317,2022-11-02 09:22:29.283907,-0.0049261083743842304,-0.0049261083743842304,-0.5,-0.5,101.0,101.5,101.0,101.5,5725.0,3365.0,124523.0,2522.0,False,False
2317,2022-11-02 09:22:29.502215,-0.0049261083743842304,-0.0049261083743842304,-0.5,-0.5,101.0,101.5,101.0,101.5,5725.0,3365.0,124523.0,2522.0,False,False
2317,2022-11-02 09:22:29.544266,-0.0049261083743842304,-0.0049261083743842304,-0.5,-0.5,101.0,101.5,101.0,101.5,5725.0,3364.0,124523.0,2522.0,False,False
2317,2022-11-02 09:22:30.101411,-0.0049261083743842304,-0.0049261083743842304,-0.5,-0.5,101.0,101.5,101.0,101.5,5725.0,3364.0,124523.0,2522.0,False,False
2317,2022-11-02 09:22:30.147095,-0.0049261083743842304,-0.0049261083743842304,-0.5,-0.5,101.0,101.5,101.0,101.5,5726.0,3364.0,124523.0,2522.0,False,False
2317,2022-11-02 09:22:30.170879,-0.0049261083743842304,-0.0049261083743842304,-0.5,-0.5,101.0,101.5,101.0,101.5,5726.0,3359.0,124523.0,2522.0,False,False
2317,2022-11-02 09:22:30.302316,-0.0049261083743842304,-0.0049261083743842304,-0.5,-0.5,101.0,101.5,101.0,101.5,5726.0,3359.0,124523.0,2522.0,False,False
2317,2022-11-02 09:22:30.544040,-0.0049261083743842304,-0.0049261083743842304,-0.5,-0.5,101.0,101.5,101.0,101.5,5727.0,3359.0,124523.0,2522.0,False,False
2317,2022-11-02 09:22:30.978025,-0.0049261083743842304,-0.0049261083743842304,-0.5,-0.5,101.0,101.5,101.0,101.5,5727.0,3359.0,124523.0,2522.0,False,False
2317,2022-11-02 09:22:31.136187,-0.0049261083743842304,-0.0049261083743842304,-0.5,-0.5,101.0,101.5,101.0,101.5,5727.0,3359.0,124795.0,2862.0,True,True
2317,2022-11-02 09:22:31.150079,-0.0049261083743842304,-0.0049261083743842304,-0.5,-0.5,101.0,101.5,101.0,101.5,5726.0,3358.0,124795.0,2862.0,False,False
