symbol,datetime,NaOb_r,NbOa_r,NaOb_s,NbOa_s,bid1,ask1,odd_bid1,odd_ask1,bidQty1,askQty1,odd_bidQty1,odd_askQty1,simulate,triggerbyOdd
2330,2022-11-02 09:19:52.124640,-0.0012771392081737387,-0.0012771392081737387,-0.5,-0.5,391.0,391.5,391.0,391.5,119.0,49.0,2260.0,5533.0,True,True
2330,2022-11-02 09:19:53.085510,-0.0012771392081737387,-0.0012771392081737387,-0.5,-0.5,391.0,391.5,391.0,391.5,119.0,49.0,2260.0,5533.0,False,False
2330,2022-11-02 09:19:53.618343,-0.0012771392081737387,-0.0012771392081737387,-0.5,-0.5,391.0,391.5,391.0,391.5,119.0,49.0,2260.0,5533.0,False,False
2330,2022-11-02 09:19:53.698573,-0.0012771392081737387,-0.0012771392081737387,-0.5,-0.5,391.0,391.5,391.0,391.5,119.0,48.0,2260.0,5533.0,False,False
2330,2022-11-02 09:19:53.969112,-0.0012771392081737387,-0.0012771392081737387,-0.5,-0.5,391.0,391.5,391.0,391.5,119.0,47.0,2260.0,5533.0,False,False
2330,2022-11-02 09:19:54.413143,-0.0012771392081737387,-0.0012771392081737387,-0.5,-0.5,391.0,391.5,391.0,391.5,118.0,47.0,2260.0,5533.0,False,False
2330,2022-11-02 09:19:54.786400,-0.0012771392081737387,-0.0012771392081737387,-0.5,-0.5,391.0,391.5,391.0,391.5,118.0,46.0,2260.0,5533.0,False,False
2330,2022-11-02 09:19:56.691252,-0.0012771392081737387,-0.0012771392081737387,-0.5,-0.5,391.0,391.5,391.0,391.5,118.0,46.0,2260.0,5533.0,False,False
2330,2022-11-02 09:19:57.414730,-0.0012771392081737387,-0.0012771392081737387,-0.5,-0.5,391.0,391.5,391.0,391.5,118.0,46.0,2260.0,5533.0,False,False
2330,2022-11-02 09:19:57.526091,-0.0012771392081737387,-0.0012771392081737387,-0.5,-0.5,391.0,391.5,391.0,391.5,119.0,46.0,2260.0,5533.0,False,False
2330,2022-11-02 09:19:57.671716,-0.0012771392081737387,-0.0012771392081737387,-0.5,-0.5,391.0,391.5,391.0,391.5,119.0,49.0,2260.0,5533.0,False,False
2330,2022-11-02 09:20:00.007441,-0.0012771392081737387,-0.0012771392081737387,-0.5,-0.5,391.0,391.5,391.0,391.5,119.0,49.0,2260.0,5533.0,False,False
2330,2022-11-02 09:20:01.199523,-0.0012771392081737387,-0.0012771392081737387,-0.5,-0.5,391.0,391.5,391.0,391.5,124.0,49.0,2260.0,5533.0,False,False
2330,2022-11-02 09:20:01.207018,-0.0012771392081737387,-0.0012771392081737387,-0.5,-0.5,391.0,391.5,391.0,391.5,125.0,49.0,2260.0,5533.0,False,False
2330,2022-11-02 09:20:01.327163,-0.0012771392081737387,-0.0012771392081737387,-0.5,-0.5,391.0,391.5,391.0,391.5,126.0,49.0,2260.0,5533.0,False,False
2330,2022-11-02 09:20:01.444211,-0.0012771392081737387,-0.0012771392081737387,-0.5,-0.5,391.0,391.5,391.0,391.5,126.0,49.0,2260.0,5533.0,False,False
2330,2022-11-02 09:20:02.168095,-0.0012771392081737387,-0.0012771392081737387,-0.5,-0.5,391.0,391.5,391.0,391.5,126.0,49.0,2418.0,5542.0,True,True
2330,2022-11-02 09:20:02.463538,-0.0012771392081737387,-0.0012771392081737387,-0.5,-0.5,391.0,391.5,391.0,391.5,126.0,49.0,2418.0,5542.0,False,False
2330,2022-11-02 09:20:02.543280,-0.0012771392081737387,-0.0012771392081737387,-0.5,-0.5,391.0,391.5,391.0,391.5,126.0,49.0,2418.0,5542.0,False,False
2330,2022-11-02 09:20:02.615145,-0.0012771392081737387,-0.0012771392081737387,-0.5,-0.5,391.0,391.5,391.0,391.5,126.0,49.0,2418.0,5542.0,False,False
2330,2022-11-02 09:20:02.757800,-0.0012771392081737387,-0.0012771392081737387,-0.5,-0.5,391.0,391.5,391.0,391.5,126.0,49.0,2418.0,5542.0,False,False
2330,2022-11-02 09:20:02.841069,-0.0012771392081737387,-0.0012771392081737387,-0.5,-0.5,391.0,391.5,391.0,391.5,126.0,49.0,2418.0,5542.0,False,False
2330,2022-11-02 09:20:03.851885,-0.0012771392081737387,-0.0012771392081737387,-0.5,-0.5,391.0,391.5,391.0,391.5,126.0,49.0,2418.0,5542.0,False,False
2330,2022-11-02 09:20:05.158924,-0.0012771392081737387,-0.0012771392081737387,-0.5,-0.5,391.0,391.5,391.0,391.5,126.0,49.0,2418.0,5542.0,False,False
2330,2022-11-02 09:20:05.394703,-0.0012771392081737387,-0.0012771392081737387,-0.5,-0.5,391.0,391.5,391.0,391.5,126.0,48.0,2418.0,5542.0,False,False
2330,2022-11-02 09:20:06.155591,-0.0012771392081737387,-0.0012771392081737387,-0.5,-0.5,391.0,391.5,391.0,391.5,126.0,48.0,2418.0,5542.0,False,False
2330,2022-11-02 09:20:07.733331,-0.0012771392081737387,-0.0012771392081737387,-0.5,-0.5,391.0,391.5,391.0,391.5,126.0,47.0,2418.0,5542.0,False,False
2330,2022-11-02 09:20:08.046168,-0.0012771392081737387,-0.0012771392081737387,-0.5,-0.5,391.0,391.5,391.0,391.5,126.0,47.0,2418.0,5542.0,False,False
2330,2022-11-02 09:20:08.131012,-0.0012771392081737387,-0.0012771392081737387,-0.5,-0.5,391.0,391.5,391.0,391.5,131.0,47.0,2418.0,5542.0,False,False
2330,2022-11-02 09:20:10.126226,-0.0012771392081737387,-0.0012771392081737387,-0.5,-0.5,391.0,391.5,391.0,391.5,131.0,47.0,2418.0,5542.0,False,False
2330,2022-11-02 09:20:10.805045,-0.0012771392081737387,-0.0012771392081737387,-0.5,-0.5,391.0,391.5,391.0,391.5,132.0,47.0,2418.0,5542.0,False,False
2330,2022-11-02 09:20:11.811610,-0.0012771392081737387,-0.0012771392081737387,-0.5,-0.5,391.0,391.5,391.0,391.5,132.0,47.0,2418.0,5542.0,False,False
2330,2022-11-02 09:20:12.027867,-0.0012771392081737387,-0.0012771392081737387,-0.5,-0.5,391.0,391.5,391.0,391.5,132.0,47.0,2418.0,5542.0,False,False
2330,2022-11-02 09:20:12.053036,-0.0012771392081737387,-0.0012771392081737387,-0.5,-0.5,391.0,391.5,391.0,391.5,132.0,47.0,2418.0,5542.0,False,False
2330,2022-11-02 09:20:12.129735,-0.0012771392081737387,-0.0012771392081737387,-0.5,-0.5,391.0,391.5,391.0,391.5,132.0,47.0,2418.0,5542.0,False,False
2330,2022-11-02 09:20:12.273470,-0.0012771392081737387,-0.0012771392081737387,-0.5,-0.5,391.0,391.5,391.0,391.5,132.0,47.0,2580.0,5527.0,True,True
2330,2022-11-02 09:20:12.778419,-0.0012771392081737387,-0.0012771392081737387,-0.5,-0.5,391.0,391.5,391.0,391.5,133.0,47.0,2580.0,5527.0,False,False
2330,2022-11-02 09:20:12.971258,-0.0012771392081737387,-0.0012771392081737387,-0.5,-0.5,391.0,391.5,391.0,391.5,133.0,47.0,2580.0,5527.0,False,False
2330,2022-11-02 09:20:14.454388,-0.0012771392081737387,-0.0012771392081737387,-0.5,-0.5,391.0,391.5,391.0,391.5,136.0,47.0,2580.0,5527.0,False,False
2330,2022-11-02 09:20:14.586824,-0.0012771392081737387,-0.0012771392081737387,-0.5,-0.5,391.0,391.5,391.0,391.5,137.0,47.0,2580.0,5527.0,False,False
2330,2022-11-02 09:20:15.564791,-0.0012771392081737387,-0.0012771392081737387,-0.5,-0.5,391.0,391.5,391.0,391.5,137.0,47.0,2580.0,5527.0,False,False
2330,2022-11-02 09:20:15.670386,-0.0012771392081737387,-0.0012771392081737387,-0.5,-0.5,391.0,391.5,391.0,391.5,137.0,47.0,2580.0,5527.0,False,False
2330,2022-11-02 09:20:15.837789,-0.0012771392081737387,-0.0012771392081737387,-0.5,-0.5,391.0,391.5,391.0,391.5,137.0,47.0,2580.0,5527.0,False,False
2330,2022-11-02 09:20:16.428258,-0.0012771392081737387,-0.0012771392081737387,-0.5,-0.5,391.0,391.5,391.0,391.5,137.0,47.0,2580.0,5527.0,False,False
2330,2022-11-02 09:20:16.633220,-0.0012771392081737387,-0.0012771392081737387,-0.5,-0.5,391.0,391.5,391.0,391.5,137.0,47.0,2580.0,5527.0,False,False
2330,2022-11-02 09:20:16.976414,-0.0012771392081737387,-0.0012771392081737387,-0.5,-0.5,391.0,391.5,391.0,391.5,137.0,47.0,2580.0,5527.0,False,False
2330,2022-11-02 09:20:17.305823,-0.0012771392081737387,-0.0012771392081737387,-0.5,-0.5,391.0,391.5,391.0,391.5,137.0,47.0,2580.0,5527.0,False,False
2330,2022-11-02 09:20:17.330635,-0.0012771392081737387,-0.0012771392081737387,-0.5,-0.5,391.0,391.5,391.0,391.5,136.0,47.0,2580.0,5527.0,False,False
2330,2022-11-02 09:20:17.580858,-0.0012771392081737387,-0.0012771392081737387,-0.5,-0.5,391.0,391.5,391.0,391.5,136.0,47.0,2580.0,5527.0,False,False
2330,2022-11-02 09:20:18.003182,-0.0012771392081737387,-0.0012771392081737387,-0.5,-0.5,391.0,391.5,391.0,391.5,136.0,47.0,2580.0,5527.0,False,False
2330,2022-11-02 09:20:18.153357,-0.0012771392081737387,-0.0012771392081737387,-0.5,-0.5,391.0,391.5,391.0,391.5,136.0,47.0,2580.0,5527.0,False,False
2330,2022-11-02 09:20:19.454147,-0.0012771392081737387,-0.0012771392081737387,-0.5,-0.5,391.0,391.5,391.0,391.5,136.0,47.0,2580.0,5527.0,False,False
2330,2022-11-02 09:20:19.845783,-0.0012771392081737387,-0.0012771392081737387,-0.5,-0.5,391.0,391.5,391.0,391.5,136.0,47.0,2580.0,5527.0,False,False
2330,2022-11-02 09:20:19.895971,-0.0012771392081737387,-0.0012771392081737387,-0.5,-0.5,391.0,391.5,391.0,391.5,152.0,47.0,2580.0,5527.0,False,False
2330,2022-11-02 09:20:20.044090,-0.0012771392081737387,-0.0012771392081737387,-0.5,-0.5,391.0,391.5,391.0,391.5,152.0,47.0,2580.0,5527.0,False,False
2330,2022-11-02 09:20:20.883571,-0.0012771392081737387,-0.0012771392081737387,-0.5,-0.5,391.0,391.5,391.0,391.5,152.0,47.0,2580.0,5527.0,False,False
2330,2022-11-02 09:20:22.114769,-0.0012771392081737387,-0.0012771392081737387,-0.5,-0.5,391.0,391.5,391.0,391.5,150.0,47.0,2580.0,5527.0,False,False
2330,2022-11-02 09:20:22.127826,-0.0012771392081737387,-0.0012771392081737387,-0.5,-0.5,391.0,391.5,391.0,391.5,150.0,46.0,2580.0,5527.0,False,False
2330,2022-11-02 09:20:22.183029,-0.0012771392081737387,-0.0012771392081737387,-0.5,-0.5,391.0,391.5,391.0,391.5,150.0,46.0,2580.0,5527.0,False,False
2330,2022-11-02 09:20:22.317995,-0.0012771392081737387,-0.0012771392081737387,-0.5,-0.5,391.0,391.5,391.0,391.5,150.0,46.0,2580.0,5527.0,False,False
2330,2022-11-02 09:20:22.354246,-0.0012771392081737387,-0.0012771392081737387,-0.5,-0.5,391.0,391.5,391.0,391.5,150.0,46.0,2945.0,5388.0,True,True
2330,2022-11-02 09:20:22.735172,-0.0012771392081737387,-0.0012771392081737387,-0.5,-0.5,391.0,391.5,391.0,391.5,151.0,46.0,2945.0,5388.0,False,False
2330,2022-11-02 09:20:23.205002,-0.0012771392081737387,-0.0012771392081737387,-0.5,-0.5,391.0,391.5,391.0,391.5,151.0,46.0,2945.0,5388.0,False,False
2330,2022-11-02 09:20:23.976436,-0.0012771392081737387,-0.0012771392081737387,-0.5,-0.5,391.0,391.5,391.0,391.5,152.0,46.0,2945.0,5388.0,False,False
2330,2022-11-02 09:20:24.236954,-0.0012771392081737387,-0.0012771392081737387,-0.5,-0.5,391.0,391.5,391.0,391.5,151.0,46.0,2945.0,5388.0,False,False
2330,2022-11-02 09:20:24.430385,-0.0012771392081737387,-0.0012771392081737387,-0.5,-0.5,391.0,391.5,391.0,391.5,151.0,46.0,2945.0,5388.0,False,False
2330,2022-11-02 09:20:25.654140,-0.0012771392081737387,-0.0012771392081737387,-0.5,-0.5,391.0,391.5,391.0,391.5,150.0,46.0,2945.0,5388.0,False,False
2330,2022-11-02 09:20:26.579444,-0.0012771392081737387,-0.0012771392081737387,-0.5,-0.5,391.0,391.5,391.0,391.5,151.0,46.0,2945.0,5388.0,False,False
2330,2022-11-02 09:20:27.100590,-0.0012771392081737387,-0.0012771392081737387,-0.5,-0.5,391.0,391.5,391.0,391.5,151.0,45.0,2945.0,5388.0,False,False
2330,2022-11-02 09:20:27.915724,-0.0012771392081737387,-0.0012771392081737387,-0.5,-0.5,391.0,391.5,391.0,391.5,151.0,45.0,2945.0,5388.0,False,False
2330,2022-11-02 09:20:28.153586,-0.0012771392081737387,-0.0012771392081737387,-0.5,-0.5,391.0,391.5,391.0,391.5,152.0,45.0,2945.0,5388.0,False,False
2330,2022-11-02 09:20:28.406113,-0.0012771392081737387,-0.0012771392081737387,-0.5,-0.5,391.0,391.5,391.0,391.5,152.0,45.0,2945.0,5388.0,False,False
2330,2022-11-02 09:20:29.656944,-0.0012771392081737387,-0.0012771392081737387,-0.5,-0.5,391.0,391.5,391.0,391.5,152.0,44.0,2945.0,5388.0,False,False
2330,2022-11-02 09:20:29.906642,-0.0012771392081737387,-0.0012771392081737387,-0.5,-0.5,391.0,391.5,391.0,391.5,152.0,44.0,2945.0,5388.0,False,False
2330,2022-11-02 09:20:30.017058,-0.0012771392081737387,-0.0012771392081737387,-0.5,-0.5,391.0,391.5,391.0,391.5,152.0,44.0,2945.0,5388.0,False,False
2330,2022-11-02 09:20:30.566863,-0.0012771392081737387,-0.0012771392081737387,-0.5,-0.5,391.0,391.5,391.0,391.5,152.0,43.0,2945.0,5388.0,False,False
2330,2022-11-02 09:20:30.572225,-0.0012771392081737387,-0.0012771392081737387,-0.5,-0.5,391.0,391.5,391.0,391.5,152.0,43.0,2945.0,5388.0,False,False
2330,2022-11-02 09:20:31.936069,-0.0012771392081737387,-0.0012771392081737387,-0.5,-0.5,391.0,391.5,391.0,391.5,152.0,43.0,2945.0,5388.0,False,False
2330,2022-11-02 09:20:32.152063,-0.0012771392081737387,-0.0012771392081737387,-0.5,-0.5,391.0,391.5,391.0,391.5,152.0,43.0,2945.0,5388.0,False,False
2330,2022-11-02 09:20:32.413570,-0.0012771392081737387,-0.0012771392081737387,-0.5,-0.5,391.0,391.5,391.0,391.5,152.0,43.0,3197.0,5385.0,True,True
2330,2022-11-02 09:20:33.221899,-0.0012771392081737387,-0.0012771392081737387,-0.5,-0.5,391.0,391.5,391.0,391.5,152.0,43.0,3197.0,5385.0,False,False
2330,2022-11-02 09:20:33.964573,-0.0012771392081737387,-0.0012771392081737387,-0.5,-0.5,391.0,391.5,391.0,391.5,153.0,43.0,3197.0,5385.0,False,False
2330,2022-11-02 09:20:34.427285,-0.0012771392081737387,-0.0012771392081737387,-0.5,-0.5,391.0,391.5,391.0,391.5,154.0,43.0,3197.0,5385.0,False,False
2330,2022-11-02 09:20:35.786818,-0.0012771392081737387,-0.0012771392081737387,-0.5,-0.5,391.0,391.5,391.0,391.5,152.0,43.0,3197.0,5385.0,False,False
2330,2022-11-02 09:20:35.884019,-0.0012771392081737387,-0.0012771392081737387,-0.5,-0.5,391.0,391.5,391.0,391.5,152.0,43.0,3197.0,5385.0,False,False
2330,2022-11-02 09:20:36.245444,-0.0012771392081737387,-0.0012771392081737387,-0.5,-0.5,391.0,391.5,391.0,391.5,152.0,42.0,3197.0,5385.0,False,False
2330,2022-11-02 09:20:36.497004,-0.0012771392081737387,-0.0012771392081737387,-0.5,-0.5,391.0,391.5,391.0,391.5,152.0,41.0,3197.0,5385.0,False,False
2330,2022-11-02 09:20:37.077962,-0.0012771392081737387,-0.0012771392081737387,-0.5,-0.5,391.0,391.5,391.0,391.5,152.0,41.0,3197.0,5385.0,False,False
2330,2022-11-02 09:20:37.228291,-0.0012771392081737387,-0.0012771392081737387,-0.5,-0.5,391.0,391.5,391.0,391.5,152.0,41.0,3197.0,5385.0,False,False
2330,2022-11-02 09:20:37.733992,-0.0012771392081737387,-0.0012771392081737387,-0.5,-0.5,391.0,391.5,391.0,391.5,152.0,41.0,3197.0,5385.0,False,False
2330,2022-11-02 09:20:37.874079,-0.0012771392081737387,-0.0012771392081737387,-0.5,-0.5,391.0,391.5,391.0,391.5,152.0,41.0,3197.0,5385.0,False,False
2330,2022-11-02 09:20:38.098103,-0.0012771392081737387,-0.0012771392081737387,-0.5,-0.5,391.0,391.5,391.0,391.5,152.0,43.0,3197.0,5385.0,False,False
2330,2022-11-02 09:20:39.566003,-0.0012771392081737387,-0.0012771392081737387,-0.5,-0.5,391.0,391.5,391.0,391.5,152.0,43.0,3197.0,5385.0,False,False
2330,2022-11-02 09:20:40.208308,-0.0012771392081737387,-0.0012771392081737387,-0.5,-0.5,391.0,391.5,391.0,391.5,152.0,43.0,3197.0,5385.0,False,False
2330,2022-11-02 09:20:40.380527,-0.0012771392081737387,-0.0012771392081737387,-0.5,-0.5,391.0,391.5,391.0,391.5,152.0,44.0,3197.0,5385.0,False,False
2330,2022-11-02 09:20:41.042914,-0.0012771392081737387,-0.0012771392081737387,-0.5,-0.5,391.0,391.5,391.0,391.5,152.0,44.0,3197.0,5385.0,False,False
2330,2022-11-02 09:20:41.096421,-0.0012771392081737387,-0.0012771392081737387,-0.5,-0.5,391.0,391.5,391.0,391.5,152.0,44.0,3197.0,5385.0,False,False
2330,2022-11-02 09:20:42.283442,-0.0012771392081737387,-0.0012771392081737387,-0.5,-0.5,391.0,391.5,391.0,391.5,152.0,44.0,3197.0,5385.0,False,False
2330,2022-11-02 09:20:42.464829,-0.0012771392081737387,-0.0012771392081737387,-0.5,-0.5,391.0,391.5,391.0,391.5,152.0,44.0,3225.0,5467.0,True,True
2330,2022-11-02 09:20:44.502550,-0.0012771392081737387,-0.0012771392081737387,-0.5,-0.5,391.0,391.5,391.0,391.5,147.0,44.0,3225.0,5467.0,False,False
2330,2022-11-02 09:20:44.538350,-0.0012771392081737387,-0.0012771392081737387,-0.5,-0.5,391.0,391.5,391.0,391.5,147.0,44.0,3225.0,5467.0,False,False
2330,2022-11-02 09:20:44.562371,-0.0012771392081737387,-0.0012771392081737387,-0.5,-0.5,391.0,391.5,391.0,391.5,147.0,44.0,3225.0,5467.0,False,False
2330,2022-11-02 09:20:44.679243,-0.0012771392081737387,-0.0012771392081737387,-0.5,-0.5,391.0,391.5,391.0,391.5,147.0,44.0,3225.0,5467.0,False,False
2330,2022-11-02 09:20:44.775740,-0.0012771392081737387,-0.0012771392081737387,-0.5,-0.5,391.0,391.5,391.0,391.5,147.0,44.0,3225.0,5467.0,False,False
2330,2022-11-02 09:20:44.930227,-0.0012771392081737387,-0.0012771392081737387,-0.5,-0.5,391.0,391.5,391.0,391.5,147.0,44.0,3225.0,5467.0,False,False
2330,2022-11-02 09:20:45.430496,-0.0012771392081737387,-0.0012771392081737387,-0.5,-0.5,391.0,391.5,391.0,391.5,147.0,44.0,3225.0,5467.0,False,False
2330,2022-11-02 09:20:45.838834,-0.0012771392081737387,-0.0012771392081737387,-0.5,-0.5,391.0,391.5,391.0,391.5,150.0,44.0,3225.0,5467.0,False,False
2330,2022-11-02 09:20:48.827470,-0.0012771392081737387,-0.0012771392081737387,-0.5,-0.5,391.0,391.5,391.0,391.5,149.0,44.0,3225.0,5467.0,False,False
2330,2022-11-02 09:20:48.990447,-0.0012771392081737387,-0.0012771392081737387,-0.5,-0.5,391.0,391.5,391.0,391.5,149.0,44.0,3225.0,5467.0,False,False
2330,2022-11-02 09:20:49.870831,-0.0012771392081737387,-0.0012771392081737387,-0.5,-0.5,391.0,391.5,391.0,391.5,149.0,44.0,3225.0,5467.0,False,False
2330,2022-11-02 09:20:50.095433,-0.0012771392081737387,-0.0012771392081737387,-0.5,-0.5,391.0,391.5,391.0,391.5,150.0,44.0,3225.0,5467.0,False,False
2330,2022-11-02 09:20:50.603540,-0.0012771392081737387,-0.0012771392081737387,-0.5,-0.5,391.0,391.5,391.0,391.5,150.0,44.0,3225.0,5467.0,False,False
2330,2022-11-02 09:20:50.626995,-0.0012771392081737387,-0.0012771392081737387,-0.5,-0.5,391.0,391.5,391.0,391.5,150.0,45.0,3225.0,5467.0,False,False
2330,2022-11-02 09:20:51.163317,-0.0012771392081737387,-0.0012771392081737387,-0.5,-0.5,391.0,391.5,391.0,391.5,150.0,45.0,3225.0,5467.0,False,False
2330,2022-11-02 09:20:51.279314,-0.0012771392081737387,-0.0012771392081737387,-0.5,-0.5,391.0,391.5,391.0,391.5,149.0,45.0,3225.0,5467.0,False,False
2330,2022-11-02 09:20:52.519142,-0.0012771392081737387,-0.0012771392081737387,-0.5,-0.5,391.0,391.5,391.0,391.5,149.0,45.0,3255.0,5470.0,True,True
2330,2022-11-02 09:20:54.703429,-0.0012771392081737387,-0.0012771392081737387,-0.5,-0.5,391.0,391.5,391.0,391.5,149.0,47.0,3255.0,5470.0,False,False
2330,2022-11-02 09:20:54.733292,-0.0012771392081737387,-0.0012771392081737387,-0.5,-0.5,391.0,391.5,391.0,391.5,150.0,47.0,3255.0,5470.0,False,False
2330,2022-11-02 09:20:55.014162,-0.0012771392081737387,-0.0012771392081737387,-0.5,-0.5,391.0,391.5,391.0,391.5,151.0,47.0,3255.0,5470.0,False,False
2330,2022-11-02 09:20:55.272098,-0.0012771392081737387,-0.0012771392081737387,-0.5,-0.5,391.0,391.5,391.0,391.5,151.0,47.0,3255.0,5470.0,False,False
2330,2022-11-02 09:20:55.946061,-0.0012771392081737387,-0.0012771392081737387,-0.5,-0.5,391.0,391.5,391.0,391.5,151.0,49.0,3255.0,5470.0,False,False
2330,2022-11-02 09:20:55.954382,-0.0012771392081737387,-0.0012771392081737387,-0.5,-0.5,391.0,391.5,391.0,391.5,151.0,49.0,3255.0,5470.0,False,False
2330,2022-11-02 09:20:57.116843,-0.0012771392081737387,-0.0012771392081737387,-0.5,-0.5,391.0,391.5,391.0,391.5,151.0,49.0,3255.0,5470.0,False,False
2330,2022-11-02 09:20:57.203509,-0.0012771392081737387,-0.0012771392081737387,-0.5,-0.5,391.0,391.5,391.0,391.5,151.0,49.0,3255.0,5470.0,False,False
2330,2022-11-02 09:20:58.047321,-0.0012771392081737387,-0.0012771392081737387,-0.5,-0.5,391.0,391.5,391.0,391.5,151.0,75.0,3255.0,5470.0,False,False
2330,2022-11-02 09:21:00.149754,-0.0012771392081737387,-0.0012771392081737387,-0.5,-0.5,391.0,391.5,391.0,391.5,151.0,74.0,3255.0,5470.0,False,False
2330,2022-11-02 09:21:00.792690,-0.0012771392081737387,-0.0012771392081737387,-0.5,-0.5,391.0,391.5,391.0,391.5,151.0,75.0,3255.0,5470.0,False,False
2330,2022-11-02 09:21:02.573453,-0.0012771392081737387,-0.0012771392081737387,-0.5,-0.5,391.0,391.5,391.0,391.5,151.0,75.0,3261.0,5140.0,True,True
2330,2022-11-02 09:21:02.701901,-0.0012771392081737387,-0.0012771392081737387,-0.5,-0.5,391.0,391.5,391.0,391.5,151.0,75.0,3261.0,5140.0,False,False
2330,2022-11-02 09:21:03.799003,-0.0012771392081737387,-0.0012771392081737387,-0.5,-0.5,391.0,391.5,391.0,391.5,152.0,75.0,3261.0,5140.0,False,False
2330,2022-11-02 09:21:04.265756,-0.0012771392081737387,-0.0012771392081737387,-0.5,-0.5,391.0,391.5,391.0,391.5,152.0,75.0,3261.0,5140.0,False,False
2330,2022-11-02 09:21:04.886725,-0.0012771392081737387,-0.0012771392081737387,-0.5,-0.5,391.0,391.5,391.0,391.5,152.0,75.0,3261.0,5140.0,False,False
2330,2022-11-02 09:21:05.048265,-0.0012771392081737387,-0.0012771392081737387,-0.5,-0.5,391.0,391.5,391.0,391.5,152.0,75.0,3261.0,5140.0,False,False
2330,2022-11-02 09:21:05.729295,-0.0012771392081737387,-0.0012771392081737387,-0.5,-0.5,391.0,391.5,391.0,391.5,152.0,76.0,3261.0,5140.0,False,False
2330,2022-11-02 09:21:06.501978,-0.0012771392081737387,-0.0012771392081737387,-0.5,-0.5,391.0,391.5,391.0,391.5,151.0,76.0,3261.0,5140.0,False,False
2330,2022-11-02 09:21:07.289804,-0.0012771392081737387,-0.0012771392081737387,-0.5,-0.5,391.0,391.5,391.0,391.5,151.0,77.0,3261.0,5140.0,False,False
2330,2022-11-02 09:21:07.777629,-0.0012771392081737387,-0.0012771392081737387,-0.5,-0.5,391.0,391.5,391.0,391.5,151.0,77.0,3261.0,5140.0,False,False
2330,2022-11-02 09:21:08.702281,-0.0012771392081737387,-0.0012771392081737387,-0.5,-0.5,391.0,391.5,391.0,391.5,151.0,83.0,3261.0,5140.0,False,False
2330,2022-11-02 09:21:08.784820,-0.0012771392081737387,-0.0012771392081737387,-0.5,-0.5,391.0,391.5,391.0,391.5,151.0,84.0,3261.0,5140.0,False,False
2330,2022-11-02 09:21:08.787948,-0.0012771392081737387,-0.0012771392081737387,-0.5,-0.5,391.0,391.5,391.0,391.5,150.0,84.0,3261.0,5140.0,False,False
2330,2022-11-02 09:21:08.865627,-0.0012771392081737387,-0.0012771392081737387,-0.5,-0.5,391.0,391.5,391.0,391.5,151.0,84.0,3261.0,5140.0,False,False
2330,2022-11-02 09:21:09.483838,-0.0012771392081737387,-0.0012771392081737387,-0.5,-0.5,391.0,391.5,391.0,391.5,151.0,84.0,3261.0,5140.0,False,False
2330,2022-11-02 09:21:10.463149,-0.0012771392081737387,-0.0012771392081737387,-0.5,-0.5,391.0,391.5,391.0,391.5,151.0,84.0,3261.0,5140.0,False,False
2330,2022-11-02 09:21:11.950688,-0.0012771392081737387,-0.0012771392081737387,-0.5,-0.5,391.0,391.5,391.0,391.5,151.0,84.0,3261.0,5140.0,False,False
2330,2022-11-02 09:21:12.194835,-0.0012771392081737387,-0.0012771392081737387,-0.5,-0.5,391.0,391.5,391.0,391.5,152.0,84.0,3261.0,5140.0,False,False
2330,2022-11-02 09:21:12.391753,-0.0012771392081737387,-0.0012771392081737387,-0.5,-0.5,391.0,391.5,391.0,391.5,152.0,85.0,3261.0,5140.0,False,False
2330,2022-11-02 09:21:12.617280,-0.0012771392081737387,-0.0012771392081737387,-0.5,-0.5,391.0,391.5,391.0,391.5,152.0,85.0,3367.0,4574.0,True,True
2330,2022-11-02 09:21:13.799744,-0.0012771392081737387,-0.0012771392081737387,-0.5,-0.5,391.0,391.5,391.0,391.5,152.0,85.0,3367.0,4574.0,False,False
2330,2022-11-02 09:21:13.869508,-0.0012771392081737387,-0.0012771392081737387,-0.5,-0.5,391.0,391.5,391.0,391.5,151.0,84.0,3367.0,4574.0,False,False
2330,2022-11-02 09:21:14.231973,-0.0012771392081737387,-0.0012771392081737387,-0.5,-0.5,391.0,391.5,391.0,391.5,151.0,84.0,3367.0,4574.0,False,False
2330,2022-11-02 09:21:14.619498,-0.0012771392081737387,-0.0012771392081737387,-0.5,-0.5,391.0,391.5,391.0,391.5,151.0,85.0,3367.0,4574.0,False,False
2330,2022-11-02 09:21:14.833721,-0.0012771392081737387,-0.0012771392081737387,-0.5,-0.5,391.0,391.5,391.0,391.5,151.0,86.0,3367.0,4574.0,False,False
2330,2022-11-02 09:21:14.902824,-0.0012771392081737387,-0.0012771392081737387,-0.5,-0.5,391.0,391.5,391.0,391.5,151.0,86.0,3367.0,4574.0,False,False
2330,2022-11-02 09:21:15.136164,-0.0012771392081737387,-0.0012771392081737387,-0.5,-0.5,391.0,391.5,391.0,391.5,151.0,85.0,3367.0,4574.0,False,False
2330,2022-11-02 09:21:15.166923,-0.0012771392081737387,-0.0012771392081737387,-0.5,-0.5,391.0,391.5,391.0,391.5,150.0,85.0,3367.0,4574.0,False,False
2330,2022-11-02 09:21:15.854089,-0.0012771392081737387,-0.0012771392081737387,-0.5,-0.5,391.0,391.5,391.0,391.5,150.0,86.0,3367.0,4574.0,False,False
2330,2022-11-02 09:21:16.254155,-0.0012771392081737387,-0.0012771392081737387,-0.5,-0.5,391.0,391.5,391.0,391.5,151.0,86.0,3367.0,4574.0,False,False
2330,2022-11-02 09:21:16.801008,-0.0012771392081737387,-0.0012771392081737387,-0.5,-0.5,391.0,391.5,391.0,391.5,151.0,88.0,3367.0,4574.0,False,False
2330,2022-11-02 09:21:18.173209,-0.0012771392081737387,-0.0012771392081737387,-0.5,-0.5,391.0,391.5,391.0,391.5,151.0,88.0,3367.0,4574.0,False,False
2330,2022-11-02 09:21:18.215952,-0.0012771392081737387,-0.0012771392081737387,-0.5,-0.5,391.0,391.5,391.0,391.5,151.0,88.0,3367.0,4574.0,False,False
2330,2022-11-02 09:21:18.967362,-0.0012771392081737387,-0.0012771392081737387,-0.5,-0.5,391.0,391.5,391.0,391.5,151.0,87.0,3367.0,4574.0,False,False
2330,2022-11-02 09:21:19.762129,-0.0012771392081737387,-0.0012771392081737387,-0.5,-0.5,391.0,391.5,391.0,391.5,151.0,87.0,3367.0,4574.0,False,False
2330,2022-11-02 09:21:19.915863,-0.0012771392081737387,-0.0012771392081737387,-0.5,-0.5,391.0,391.5,391.0,391.5,151.0,87.0,3367.0,4574.0,False,False
2330,2022-11-02 09:21:19.964162,-0.0012771392081737387,-0.0012771392081737387,-0.5,-0.5,391.0,391.5,391.0,391.5,152.0,87.0,3367.0,4574.0,False,False
2330,2022-11-02 09:21:20.137444,-0.0012771392081737387,-0.0012771392081737387,-0.5,-0.5,391.0,391.5,391.0,391.5,153.0,87.0,3367.0,4574.0,False,False
2330,2022-11-02 09:21:20.165320,-0.0012771392081737387,-0.0012771392081737387,-0.5,-0.5,391.0,391.5,391.0,391.5,153.0,87.0,3367.0,4574.0,False,False
2330,2022-11-02 09:21:20.542993,-0.0012771392081737387,-0.0012771392081737387,-0.5,-0.5,391.0,391.5,391.0,391.5,153.0,87.0,3367.0,4574.0,False,False
2330,2022-11-02 09:21:21.784700,-0.0012771392081737387,-0.0012771392081737387,-0.5,-0.5,391.0,391.5,391.0,391.5,153.0,87.0,3367.0,4574.0,False,False
2330,2022-11-02 09:21:22.104741,-0.0012771392081737387,-0.0012771392081737387,-0.5,-0.5,391.0,391.5,391.0,391.5,153.0,90.0,3367.0,4574.0,False,False
2330,2022-11-02 09:21:22.149850,-0.0012771392081737387,-0.0012771392081737387,-0.5,-0.5,391.0,391.5,391.0,391.5,153.0,90.0,3367.0,4574.0,False,False
2330,2022-11-02 09:21:22.651071,-0.0012771392081737387,-0.0012771392081737387,-0.5,-0.5,391.0,391.5,391.0,391.5,153.0,90.0,3420.0,4561.0,True,True
2330,2022-11-02 09:21:22.975562,-0.0012771392081737387,-0.0012771392081737387,-0.5,-0.5,391.0,391.5,391.0,391.5,153.0,91.0,3420.0,4561.0,False,False
2330,2022-11-02 09:21:23.148775,-0.0012771392081737387,-0.0012771392081737387,-0.5,-0.5,391.0,391.5,391.0,391.5,153.0,91.0,3420.0,4561.0,False,False
2330,2022-11-02 09:21:23.762019,-0.0012771392081737387,-0.0012771392081737387,-0.5,-0.5,391.0,391.5,391.0,391.5,153.0,91.0,3420.0,4561.0,False,False
2330,2022-11-02 09:21:23.794231,-0.0012771392081737387,-0.0012771392081737387,-0.5,-0.5,391.0,391.5,391.0,391.5,153.0,91.0,3420.0,4561.0,False,False
2330,2022-11-02 09:21:24.001207,-0.0012771392081737387,-0.0012771392081737387,-0.5,-0.5,391.0,391.5,391.0,391.5,153.0,91.0,3420.0,4561.0,False,False
2330,2022-11-02 09:21:24.273795,-0.0012771392081737387,-0.0012771392081737387,-0.5,-0.5,391.0,391.5,391.0,391.5,153.0,90.0,3420.0,4561.0,False,False
2330,2022-11-02 09:21:24.366677,-0.0012771392081737387,-0.0012771392081737387,-0.5,-0.5,391.0,391.5,391.0,391.5,154.0,90.0,3420.0,4561.0,False,False
2330,2022-11-02 09:21:25.499105,-0.0012771392081737387,-0.0012771392081737387,-0.5,-0.5,391.0,391.5,391.0,391.5,154.0,91.0,3420.0,4561.0,False,False
2330,2022-11-02 09:21:25.805566,-0.0012771392081737387,-0.0012771392081737387,-0.5,-0.5,391.0,391.5,391.0,391.5,155.0,91.0,3420.0,4561.0,False,False
2330,2022-11-02 09:21:26.115002,-0.0012771392081737387,-0.0012771392081737387,-0.5,-0.5,391.0,391.5,391.0,391.5,155.0,91.0,3420.0,4561.0,False,False
2330,2022-11-02 09:21:26.713466,-0.0012771392081737387,-0.0012771392081737387,-0.5,-0.5,391.0,391.5,391.0,391.5,155.0,91.0,3420.0,4561.0,False,False
2330,2022-11-02 09:21:26.808643,-0.0012771392081737387,-0.0012771392081737387,-0.5,-0.5,391.0,391.5,391.0,391.5,156.0,91.0,3420.0,4561.0,False,False
2330,2022-11-02 09:21:26.953738,-0.0012771392081737387,-0.0012771392081737387,-0.5,-0.5,391.0,391.5,391.0,391.5,156.0,91.0,3420.0,4561.0,False,False
2330,2022-11-02 09:21:27.975701,-0.0012771392081737387,-0.0012771392081737387,-0.5,-0.5,391.0,391.5,391.0,391.5,156.0,91.0,3420.0,4561.0,False,False
2330,2022-11-02 09:21:28.026812,-0.0012771392081737387,-0.0012771392081737387,-0.5,-0.5,391.0,391.5,391.0,391.5,156.0,93.0,3420.0,4561.0,False,False
2330,2022-11-02 09:21:29.281673,-0.0012771392081737387,-0.0012771392081737387,-0.5,-0.5,391.0,391.5,391.0,391.5,156.0,95.0,3420.0,4561.0,False,False
2330,2022-11-02 09:21:29.747085,-0.0012771392081737387,-0.0012771392081737387,-0.5,-0.5,391.0,391.5,391.0,391.5,156.0,95.0,3420.0,4561.0,False,False
2330,2022-11-02 09:21:31.326662,-0.0012771392081737387,-0.0012771392081737387,-0.5,-0.5,391.0,391.5,391.0,391.5,157.0,95.0,3420.0,4561.0,False,False
2330,2022-11-02 09:21:31.406696,-0.0012771392081737387,-0.0012771392081737387,-0.5,-0.5,391.0,391.5,391.0,391.5,157.0,95.0,3420.0,4561.0,False,False
2330,2022-11-02 09:21:32.161341,-0.0012771392081737387,-0.0012771392081737387,-0.5,-0.5,391.0,391.5,391.0,391.5,157.0,95.0,3420.0,4561.0,False,False
2330,2022-11-02 09:21:32.687583,-0.0012771392081737387,-0.0012771392081737387,-0.5,-0.5,391.0,391.5,391.0,391.5,157.0,95.0,3802.0,5371.0,True,True
2330,2022-11-02 09:21:32.769944,-0.0012771392081737387,-0.0012771392081737387,-0.5,-0.5,391.0,391.5,391.0,391.5,158.0,95.0,3802.0,5371.0,False,False
2330,2022-11-02 09:21:33.169689,-0.0012771392081737387,-0.0012771392081737387,-0.5,-0.5,391.0,391.5,391.0,391.5,158.0,94.0,3802.0,5371.0,False,False
2330,2022-11-02 09:21:33.618517,-0.0012771392081737387,-0.0012771392081737387,-0.5,-0.5,391.0,391.5,391.0,391.5,158.0,95.0,3802.0,5371.0,False,False
2330,2022-11-02 09:21:35.463845,-0.0012771392081737387,-0.0012771392081737387,-0.5,-0.5,391.0,391.5,391.0,391.5,158.0,96.0,3802.0,5371.0,False,False
2330,2022-11-02 09:21:39.076754,-0.0012771392081737387,-0.0012771392081737387,-0.5,-0.5,391.0,391.5,391.0,391.5,159.0,96.0,3802.0,5371.0,False,False
2330,2022-11-02 09:21:39.132212,-0.0012771392081737387,-0.0012771392081737387,-0.5,-0.5,391.0,391.5,391.0,391.5,159.0,96.0,3802.0,5371.0,False,False
2330,2022-11-02 09:21:39.960360,-0.0012771392081737387,-0.0012771392081737387,-0.5,-0.5,391.0,391.5,391.0,391.5,159.0,95.0,3802.0,5371.0,False,False
2330,2022-11-02 09:21:40.007950,-0.0012771392081737387,-0.0012771392081737387,-0.5,-0.5,391.0,391.5,391.0,391.5,159.0,113.0,3802.0,5371.0,False,False
2330,2022-11-02 09:21:40.023997,-0.0012771392081737387,-0.0012771392081737387,-0.5,-0.5,391.0,391.5,391.0,391.5,159.0,113.0,3802.0,5371.0,False,False
2330,2022-11-02 09:21:42.540804,-0.0012771392081737387,-0.0012771392081737387,-0.5,-0.5,391.0,391.5,391.0,391.5,159.0,112.0,3802.0,5371.0,False,False
2330,2022-11-02 09:21:42.580911,-0.0012771392081737387,-0.0012771392081737387,-0.5,-0.5,391.0,391.5,391.0,391.5,159.0,111.0,3802.0,5371.0,False,False
2330,2022-11-02 09:21:42.724897,-0.0012771392081737387,-0.0012771392081737387,-0.5,-0.5,391.0,391.5,391.0,391.5,159.0,111.0,3895.0,5204.0,True,True
2330,2022-11-02 09:21:42.916350,-0.0012771392081737387,-0.0012771392081737387,-0.5,-0.5,391.0,391.5,391.0,391.5,159.0,111.0,3895.0,5204.0,False,False
2330,2022-11-02 09:21:43.908910,-0.0012771392081737387,-0.0012771392081737387,-0.5,-0.5,391.0,391.5,391.0,391.5,159.0,111.0,3895.0,5204.0,False,False
2330,2022-11-02 09:21:44.057872,-0.0012771392081737387,-0.0012771392081737387,-0.5,-0.5,391.0,391.5,391.0,391.5,159.0,111.0,3895.0,5204.0,False,False
2330,2022-11-02 09:21:45.299160,-0.0012771392081737387,-0.0012771392081737387,-0.5,-0.5,391.0,391.5,391.0,391.5,159.0,111.0,3895.0,5204.0,False,False
2330,2022-11-02 09:21:45.309859,-0.0012771392081737387,-0.0012771392081737387,-0.5,-0.5,391.0,391.5,391.0,391.5,159.0,110.0,3895.0,5204.0,False,False
2330,2022-11-02 09:21:45.632639,-0.0012771392081737387,-0.0012771392081737387,-0.5,-0.5,391.0,391.5,391.0,391.5,159.0,110.0,3895.0,5204.0,False,False
2330,2022-11-02 09:21:45.761525,-0.0012771392081737387,-0.0012771392081737387,-0.5,-0.5,391.0,391.5,391.0,391.5,160.0,110.0,3895.0,5204.0,False,False
2330,2022-11-02 09:21:47.382297,-0.0012771392081737387,-0.0012771392081737387,-0.5,-0.5,391.0,391.5,391.0,391.5,160.0,109.0,3895.0,5204.0,False,False
2330,2022-11-02 09:21:48.017886,-0.0012771392081737387,-0.0012771392081737387,-0.5,-0.5,391.0,391.5,391.0,391.5,160.0,109.0,3895.0,5204.0,False,False
2330,2022-11-02 09:21:48.629898,-0.0012771392081737387,-0.0012771392081737387,-0.5,-0.5,391.0,391.5,391.0,391.5,160.0,109.0,3895.0,5204.0,False,False
2330,2022-11-02 09:21:49.442375,-0.0012771392081737387,-0.0012771392081737387,-0.5,-0.5,391.0,391.5,391.0,391.5,160.0,109.0,3895.0,5204.0,False,False
2330,2022-11-02 09:21:50.252974,-0.0012771392081737387,-0.0012771392081737387,-0.5,-0.5,391.0,391.5,391.0,391.5,160.0,109.0,3895.0,5204.0,False,False
2330,2022-11-02 09:21:51.025362,-0.0012771392081737387,-0.0012771392081737387,-0.5,-0.5,391.0,391.5,391.0,391.5,161.0,109.0,3895.0,5204.0,False,False
2330,2022-11-02 09:21:51.830870,-0.0012771392081737387,-0.0012771392081737387,-0.5,-0.5,391.0,391.5,391.0,391.5,162.0,109.0,3895.0,5204.0,False,False
2330,2022-11-02 09:21:52.452409,-0.0012771392081737387,-0.0012771392081737387,-0.5,-0.5,391.0,391.5,391.0,391.5,162.0,109.0,3895.0,5204.0,False,False
2330,2022-11-02 09:21:52.556261,-0.0012771392081737387,-0.0012771392081737387,-0.5,-0.5,391.0,391.5,391.0,391.5,162.0,110.0,3895.0,5204.0,False,False
2330,2022-11-02 09:21:52.782611,-0.0012771392081737387,-0.0012771392081737387,-0.5,-0.5,391.0,391.5,391.0,391.5,162.0,110.0,3945.0,5116.0,True,True
2330,2022-11-02 09:21:54.269850,-0.0012771392081737387,-0.0012771392081737387,-0.5,-0.5,391.0,391.5,391.0,391.5,162.0,110.0,3945.0,5116.0,False,False
2330,2022-11-02 09:21:54.378875,-0.0012771392081737387,-0.0012771392081737387,-0.5,-0.5,391.0,391.5,391.0,391.5,162.0,112.0,3945.0,5116.0,False,False
2330,2022-11-02 09:21:54.669780,-0.0012771392081737387,-0.0012771392081737387,-0.5,-0.5,391.0,391.5,391.0,391.5,162.0,113.0,3945.0,5116.0,False,False
2330,2022-11-02 09:21:55.058975,-0.0012771392081737387,-0.0012771392081737387,-0.5,-0.5,391.0,391.5,391.0,391.5,161.0,113.0,3945.0,5116.0,False,False
2330,2022-11-02 09:21:55.838542,-0.0012771392081737387,-0.0012771392081737387,-0.5,-0.5,391.0,391.5,391.0,391.5,161.0,114.0,3945.0,5116.0,False,False
2330,2022-11-02 09:21:57.080760,-0.0012771392081737387,-0.0012771392081737387,-0.5,-0.5,391.0,391.5,391.0,391.5,161.0,117.0,3945.0,5116.0,False,False
2330,2022-11-02 09:21:58.557493,-0.0012771392081737387,-0.0012771392081737387,-0.5,-0.5,391.0,391.5,391.0,391.5,162.0,117.0,3945.0,5116.0,False,False
2330,2022-11-02 09:21:58.693570,-0.0012771392081737387,-0.0012771392081737387,-0.5,-0.5,391.0,391.5,391.0,391.5,162.0,117.0,3945.0,5116.0,False,False
2330,2022-11-02 09:21:58.742373,-0.0012771392081737387,-0.0012771392081737387,-0.5,-0.5,391.0,391.5,391.0,391.5,170.0,117.0,3945.0,5116.0,False,False
2330,2022-11-02 09:21:58.794018,-0.0012771392081737387,-0.0012771392081737387,-0.5,-0.5,391.0,391.5,391.0,391.5,170.0,117.0,3945.0,5116.0,False,False
2330,2022-11-02 09:22:01.042531,-0.0012771392081737387,-0.0012771392081737387,-0.5,-0.5,391.0,391.5,391.0,391.5,170.0,117.0,3945.0,5116.0,False,False
2330,2022-11-02 09:22:01.512398,-0.0012771392081737387,-0.0012771392081737387,-0.5,-0.5,391.0,391.5,391.0,391.5,170.0,118.0,3945.0,5116.0,False,False
2330,2022-11-02 09:22:01.733499,-0.0012771392081737387,-0.0012771392081737387,-0.5,-0.5,391.0,391.5,391.0,391.5,170.0,122.0,3945.0,5116.0,False,False
2330,2022-11-02 09:22:01.883705,-0.0012771392081737387,-0.0012771392081737387,-0.5,-0.5,391.0,391.5,391.0,391.5,173.0,122.0,3945.0,5116.0,False,False
2330,2022-11-02 09:22:02.024216,-0.0012771392081737387,-0.0012771392081737387,-0.5,-0.5,391.0,391.5,391.0,391.5,173.0,122.0,3266.0,5007.0,False,True
2330,2022-11-02 09:22:05.867811,-0.0012771392081737387,-0.0012771392081737387,-0.5,-0.5,391.0,391.5,391.0,391.5,173.0,122.0,3266.0,5007.0,False,False
2330,2022-11-02 09:22:07.460914,-0.0012771392081737387,-0.0012771392081737387,-0.5,-0.5,391.0,391.5,391.0,391.5,173.0,122.0,3266.0,5007.0,False,False
2330,2022-11-02 09:22:07.798956,-0.0012771392081737387,-0.0012771392081737387,-0.5,-0.5,391.0,391.5,391.0,391.5,173.0,122.0,3266.0,5007.0,False,False
2330,2022-11-02 09:22:08.006827,-0.0012771392081737387,-0.0012771392081737387,-0.5,-0.5,391.0,391.5,391.0,391.5,173.0,122.0,3266.0,5007.0,False,False
2330,2022-11-02 09:22:08.745994,-0.0012771392081737387,-0.0012771392081737387,-0.5,-0.5,391.0,391.5,391.0,391.5,173.0,122.0,3266.0,5007.0,False,False
2330,2022-11-02 09:22:09.424542,-0.0012771392081737387,-0.0012771392081737387,-0.5,-0.5,391.0,391.5,391.0,391.5,173.0,122.0,3266.0,5007.0,False,False
2330,2022-11-02 09:22:11.169824,-0.0012771392081737387,-0.0012771392081737387,-0.5,-0.5,391.0,391.5,391.0,391.5,174.0,122.0,3266.0,5007.0,False,False
2330,2022-11-02 09:22:11.829216,-0.0012771392081737387,-0.0012771392081737387,-0.5,-0.5,391.0,391.5,391.0,391.5,173.0,122.0,3266.0,5007.0,False,False
2330,2022-11-02 09:22:11.928068,-0.0012771392081737387,-0.0012771392081737387,-0.5,-0.5,391.0,391.5,391.0,391.5,174.0,122.0,3266.0,5007.0,False,False
2330,2022-11-02 09:22:12.053627,-0.0012771392081737387,-0.0012771392081737387,-0.5,-0.5,391.0,391.5,391.0,391.5,173.0,122.0,3266.0,5007.0,False,False
2330,2022-11-02 09:22:12.063898,-0.0012771392081737387,-0.0012771392081737387,-0.5,-0.5,391.0,391.5,391.0,391.5,173.0,122.0,4580.0,5782.0,True,True
2330,2022-11-02 09:22:12.102313,-0.0012771392081737387,-0.0012771392081737387,-0.5,-0.5,391.0,391.5,391.0,391.5,175.0,122.0,4580.0,5782.0,False,False
2330,2022-11-02 09:22:12.227556,-0.0012771392081737387,-0.0012771392081737387,-0.5,-0.5,391.0,391.5,391.0,391.5,175.0,121.0,4580.0,5782.0,False,False
2330,2022-11-02 09:22:15.612411,-0.0012771392081737387,-0.0012771392081737387,-0.5,-0.5,391.0,391.5,391.0,391.5,174.0,121.0,4580.0,5782.0,False,False
2330,2022-11-02 09:22:16.276400,-0.0012771392081737387,-0.0012771392081737387,-0.5,-0.5,391.0,391.5,391.0,391.5,174.0,120.0,4580.0,5782.0,False,False
2330,2022-11-02 09:22:16.373995,-0.0012771392081737387,-0.0012771392081737387,-0.5,-0.5,391.0,391.5,391.0,391.5,123.0,118.0,4580.0,5782.0,False,False
2330,2022-11-02 09:22:16.280361,-0.0012771392081737387,-0.0012771392081737387,-0.5,-0.5,391.0,391.5,391.0,391.5,174.0,118.0,4580.0,5782.0,False,False
2330,2022-11-02 09:22:16.417486,-0.0012771392081737387,-0.0012771392081737387,-0.5,-0.5,391.0,391.5,391.0,391.5,122.0,118.0,4580.0,5782.0,False,False
2330,2022-11-02 09:22:16.469388,-0.0012771392081737387,-0.0012771392081737387,-0.5,-0.5,391.0,391.5,391.0,391.5,115.0,118.0,4580.0,5782.0,False,False
2330,2022-11-02 09:22:16.492300,-0.0012771392081737387,-0.0012771392081737387,-0.5,-0.5,391.0,391.5,391.0,391.5,115.0,118.0,4580.0,5782.0,False,False
2330,2022-11-02 09:22:16.596110,-0.0012771392081737387,-0.0012771392081737387,-0.5,-0.5,391.0,391.5,391.0,391.5,139.0,118.0,4580.0,5782.0,False,False
2330,2022-11-02 09:22:16.728145,-0.0012771392081737387,-0.0012771392081737387,-0.5,-0.5,391.0,391.5,391.0,391.5,138.0,118.0,4580.0,5782.0,False,False
2330,2022-11-02 09:22:16.738810,-0.0012771392081737387,-0.0012771392081737387,-0.5,-0.5,391.0,391.5,391.0,391.5,138.0,119.0,4580.0,5782.0,False,False
2330,2022-11-02 09:22:16.791157,-0.0012771392081737387,-0.0012771392081737387,-0.5,-0.5,391.0,391.5,391.0,391.5,138.0,120.0,4580.0,5782.0,False,False
2330,2022-11-02 09:22:16.970761,-0.0012771392081737387,-0.0012771392081737387,-0.5,-0.5,391.0,391.5,391.0,391.5,138.0,119.0,4580.0,5782.0,False,False
2330,2022-11-02 09:22:17.095845,-0.0012771392081737387,-0.0012771392081737387,-0.5,-0.5,391.0,391.5,391.0,391.5,138.0,119.0,4580.0,5782.0,False,False
2330,2022-11-02 09:22:17.356304,-0.0012771392081737387,-0.0012771392081737387,-0.5,-0.5,391.0,391.5,391.0,391.5,136.0,119.0,4580.0,5782.0,False,False
2330,2022-11-02 09:22:18.290841,0.0,-0.0025542784163473664,0.0,-1.0,390.5,391.0,391.0,391.5,382.0,6.0,4580.0,5782.0,False,False
2330,2022-11-02 09:22:18.314830,0.0,-0.0025542784163473664,0.0,-1.0,390.5,391.0,391.0,391.5,382.0,6.0,4580.0,5782.0,False,False
2330,2022-11-02 09:22:18.364297,0.0,-0.0025542784163473664,0.0,-1.0,390.5,391.0,391.0,391.5,382.0,25.0,4580.0,5782.0,False,False
2330,2022-11-02 09:22:18.406589,0.0,-0.0025542784163473664,0.0,-1.0,390.5,391.0,391.0,391.5,382.0,25.0,4580.0,5782.0,False,False
2330,2022-11-02 09:22:18.522669,0.0,-0.0025542784163473664,0.0,-1.0,390.5,391.0,391.0,391.5,383.0,25.0,4580.0,5782.0,False,False
2330,2022-11-02 09:22:18.619315,0.0,-0.0025542784163473664,0.0,-1.0,390.5,391.0,391.0,391.5,383.0,25.0,4580.0,5782.0,False,False
2330,2022-11-02 09:22:18.749641,0.0,-0.0025542784163473664,0.0,-1.0,390.5,391.0,391.0,391.5,383.0,30.0,4580.0,5782.0,False,False
2330,2022-11-02 09:22:18.769955,0.0,-0.0025542784163473664,0.0,-1.0,390.5,391.0,391.0,391.5,383.0,30.0,4580.0,5782.0,False,False
2330,2022-11-02 09:22:19.118918,0.0,-0.0025542784163473664,0.0,-1.0,390.5,391.0,391.0,391.5,383.0,30.0,4580.0,5782.0,False,False
2330,2022-11-02 09:22:19.137989,0.0,-0.0025542784163473664,0.0,-1.0,390.5,391.0,391.0,391.5,383.0,30.0,4580.0,5782.0,False,False
2330,2022-11-02 09:22:19.187186,0.0,-0.0025542784163473664,0.0,-1.0,390.5,391.0,391.0,391.5,383.0,38.0,4580.0,5782.0,False,False
2330,2022-11-02 09:22:19.271216,0.0,-0.0025542784163473664,0.0,-1.0,390.5,391.0,391.0,391.5,391.0,48.0,4580.0,5782.0,False,False
2330,2022-11-02 09:22:19.335370,0.0,-0.0025542784163473664,0.0,-1.0,390.5,391.0,391.0,391.5,391.0,51.0,4580.0,5782.0,False,False
2330,2022-11-02 09:22:19.835938,0.0,-0.0025542784163473664,0.0,-1.0,390.5,391.0,391.0,391.5,391.0,51.0,4580.0,5782.0,False,False
2330,2022-11-02 09:22:19.891816,0.0,-0.0025542784163473664,0.0,-1.0,390.5,391.0,391.0,391.5,391.0,51.0,4580.0,5782.0,False,False
2330,2022-11-02 09:22:20.003593,0.0,-0.0025542784163473664,0.0,-1.0,390.5,391.0,391.0,391.5,80.0,69.0,4580.0,5782.0,False,False
2330,2022-11-02 09:22:20.089288,0.0,-0.0025542784163473664,0.0,-1.0,390.5,391.0,391.0,391.5,80.0,69.0,4580.0,5782.0,False,False
2330,2022-11-02 09:22:20.273522,0.0,-0.0025542784163473664,0.0,-1.0,390.5,391.0,391.0,391.5,70.0,69.0,4580.0,5782.0,False,False
2330,2022-11-02 09:22:20.309759,0.0,-0.0025542784163473664,0.0,-1.0,390.5,391.0,391.0,391.5,70.0,61.0,4580.0,5782.0,False,False
2330,2022-11-02 09:22:20.711110,0.0,-0.0025542784163473664,0.0,-1.0,390.5,391.0,391.0,391.5,70.0,63.0,4580.0,5782.0,False,False
2330,2022-11-02 09:22:22.098514,0.0,-0.0025542784163473664,0.0,-1.0,390.5,391.0,391.0,391.5,70.0,63.0,4042.0,7806.0,True,True
2330,2022-11-02 09:22:22.802430,0.0,-0.0025542784163473664,0.0,-1.0,390.5,391.0,391.0,391.5,71.0,63.0,4042.0,7806.0,False,False
2330,2022-11-02 09:22:22.931168,0.0,-0.0025542784163473664,0.0,-1.0,390.5,391.0,391.0,391.5,71.0,63.0,4042.0,7806.0,False,False
2330,2022-11-02 09:22:23.018282,0.0,-0.0025542784163473664,0.0,-1.0,390.5,391.0,391.0,391.5,71.0,63.0,4042.0,7806.0,False,False
2330,2022-11-02 09:22:23.097762,0.0,-0.0025542784163473664,0.0,-1.0,390.5,391.0,391.0,391.5,59.0,63.0,4042.0,7806.0,False,False
2330,2022-11-02 09:22:23.257128,0.0,-0.0025542784163473664,0.0,-1.0,390.5,391.0,391.0,391.5,59.0,63.0,4042.0,7806.0,False,False
2330,2022-11-02 09:22:23.407597,0.0,-0.0025542784163473664,0.0,-1.0,390.5,391.0,391.0,391.5,59.0,63.0,4042.0,7806.0,False,False
2330,2022-11-02 09:22:23.495117,0.0,-0.0025542784163473664,0.0,-1.0,390.5,391.0,391.0,391.5,59.0,64.0,4042.0,7806.0,False,False
2330,2022-11-02 09:22:23.903976,0.0,-0.0025542784163473664,0.0,-1.0,390.5,391.0,391.0,391.5,59.0,63.0,4042.0,7806.0,False,False
2330,2022-11-02 09:22:24.355442,0.0,-0.0025542784163473664,0.0,-1.0,390.5,391.0,391.0,391.5,59.0,63.0,4042.0,7806.0,False,False
2330,2022-11-02 09:22:24.809049,0.0,-0.0025542784163473664,0.0,-1.0,390.5,391.0,391.0,391.5,59.0,63.0,4042.0,7806.0,False,False
2330,2022-11-02 09:22:25.254188,0.0,-0.0025542784163473664,0.0,-1.0,390.5,391.0,391.0,391.5,59.0,63.0,4042.0,7806.0,False,False
2330,2022-11-02 09:22:25.276706,0.0,-0.0025542784163473664,0.0,-1.0,390.5,391.0,391.0,391.5,59.0,63.0,4042.0,7806.0,False,False
2330,2022-11-02 09:22:26.944703,0.0,-0.0025542784163473664,0.0,-1.0,390.5,391.0,391.0,391.5,59.0,64.0,4042.0,7806.0,False,False
2330,2022-11-02 09:22:27.343943,0.0,-0.0025542784163473664,0.0,-1.0,390.5,391.0,391.0,391.5,74.0,64.0,4042.0,7806.0,False,False
2330,2022-11-02 09:22:27.437012,0.0,-0.0025542784163473664,0.0,-1.0,390.5,391.0,391.0,391.5,73.0,64.0,4042.0,7806.0,False,False
2330,2022-11-02 09:22:28.130929,0.0,-0.0025542784163473664,0.0,-1.0,390.5,391.0,391.0,391.5,73.0,62.0,4042.0,7806.0,False,False
2330,2022-11-02 09:22:28.735114,0.0,-0.0025542784163473664,0.0,-1.0,390.5,391.0,391.0,391.5,73.0,62.0,4042.0,7806.0,False,False
2330,2022-11-02 09:22:28.849567,0.0,-0.0025542784163473664,0.0,-1.0,390.5,391.0,391.0,391.5,73.0,62.0,4042.0,7806.0,False,False
2330,2022-11-02 09:22:28.884795,0.0,-0.0025542784163473664,0.0,-1.0,390.5,391.0,391.0,391.5,49.0,62.0,4042.0,7806.0,False,False
2330,2022-11-02 09:22:28.850018,0.0,-0.0025542784163473664,0.0,-1.0,390.5,391.0,391.0,391.5,73.0,62.0,4042.0,7806.0,False,False
2330,2022-11-02 09:22:28.928609,0.0,-0.0025542784163473664,0.0,-1.0,390.5,391.0,391.0,391.5,47.0,62.0,4042.0,7806.0,False,False
2330,2022-11-02 09:22:28.929413,0.0,-0.0025542784163473664,0.0,-1.0,390.5,391.0,391.0,391.5,23.0,62.0,4042.0,7806.0,False,False
2330,2022-11-02 09:22:29.014225,0.0,-0.0025542784163473664,0.0,-1.0,390.5,391.0,391.0,391.5,22.0,140.0,4042.0,7806.0,False,False
2330,2022-11-02 09:22:28.981308,0.0,-0.0025542784163473664,0.0,-1.0,390.5,391.0,391.0,391.5,23.0,140.0,4042.0,7806.0,False,False
2330,2022-11-02 09:22:29.240770,0.0,-0.0025542784163473664,0.0,-1.0,390.5,391.0,391.0,391.5,22.0,140.0,4042.0,7806.0,False,False
2330,2022-11-02 09:22:29.279110,0.0,-0.0025542784163473664,0.0,-1.0,390.5,391.0,391.0,391.5,22.0,140.0,4042.0,7806.0,False,False
2330,2022-11-02 09:22:29.516682,0.0,-0.0025542784163473664,0.0,-1.0,390.5,391.0,391.0,391.5,22.0,140.0,4042.0,7806.0,False,False
2330,2022-11-02 09:22:29.711233,0.0,-0.0025542784163473664,0.0,-1.0,390.5,391.0,391.0,391.5,22.0,137.0,4042.0,7806.0,False,False
2330,2022-11-02 09:22:30.113052,0.001280409731113874,-0.003831417624521105,0.5,-1.5,390.0,390.5,391.0,391.5,234.0,4.0,4042.0,7806.0,False,False
2330,2022-11-02 09:22:30.183488,0.001280409731113874,-0.003831417624521105,0.5,-1.5,390.0,390.5,391.0,391.5,234.0,4.0,4042.0,7806.0,False,False
2330,2022-11-02 09:22:30.197070,0.001280409731113874,-0.003831417624521105,0.5,-1.5,390.0,390.5,391.0,391.5,234.0,4.0,4042.0,7806.0,False,False
2330,2022-11-02 09:22:30.385328,0.001280409731113874,-0.003831417624521105,0.5,-1.5,390.0,390.5,391.0,391.5,234.0,4.0,4042.0,7806.0,False,False
2330,2022-11-02 09:22:30.401701,0.001280409731113874,-0.003831417624521105,0.5,-1.5,390.0,390.5,391.0,391.5,227.0,4.0,4042.0,7806.0,False,False
2330,2022-11-02 09:22:30.627261,0.001280409731113874,-0.003831417624521105,0.5,-1.5,390.0,390.5,391.0,391.5,227.0,7.0,4042.0,7806.0,False,False
2330,2022-11-02 09:22:30.751232,0.001280409731113874,-0.003831417624521105,0.5,-1.5,390.0,390.5,391.0,391.5,226.0,7.0,4042.0,7806.0,False,False
2330,2022-11-02 09:22:30.847005,0.001280409731113874,-0.003831417624521105,0.5,-1.5,390.0,390.5,391.0,391.5,226.0,7.0,4042.0,7806.0,False,False
2330,2022-11-02 09:22:30.992110,0.001280409731113874,-0.003831417624521105,0.5,-1.5,390.0,390.5,391.0,391.5,226.0,7.0,4042.0,7806.0,False,False
2330,2022-11-02 09:22:31.117961,0.001280409731113874,-0.003831417624521105,0.5,-1.5,390.0,390.5,391.0,391.5,226.0,7.0,4042.0,7806.0,False,False
2330,2022-11-02 09:22:31.489032,0.001280409731113874,-0.003831417624521105,0.5,-1.5,390.0,390.5,391.0,391.5,226.0,7.0,4042.0,7806.0,False,False
2330,2022-11-02 09:22:31.504475,0.001280409731113874,-0.003831417624521105,0.5,-1.5,390.0,390.5,391.0,391.5,226.0,9.0,4042.0,7806.0,False,False
2330,2022-11-02 09:22:31.617457,0.001280409731113874,-0.003831417624521105,0.5,-1.5,390.0,390.5,391.0,391.5,226.0,9.0,4042.0,7806.0,False,False
2330,2022-11-02 09:22:32.015561,0.001280409731113874,-0.003831417624521105,0.5,-1.5,390.0,390.5,391.0,391.5,226.0,9.0,4042.0,7806.0,False,False
2330,2022-11-02 09:22:32.042705,0.001280409731113874,-0.003831417624521105,0.5,-1.5,390.0,390.5,391.0,391.5,226.0,9.0,4042.0,7806.0,False,False
2330,2022-11-02 09:22:32.140149,0.001280409731113874,-0.003831417624521105,0.5,-1.5,390.0,390.5,391.0,391.5,226.0,9.0,3117.0,8156.0,True,True
2330,2022-11-02 09:22:32.077933,0.001280409731113874,-0.003831417624521105,0.5,-1.5,390.0,390.5,391.0,391.5,226.0,22.0,3117.0,8156.0,False,False
2330,2022-11-02 09:22:32.962316,0.001280409731113874,-0.003831417624521105,0.5,-1.5,390.0,390.5,391.0,391.5,226.0,22.0,3117.0,8156.0,False,False
2330,2022-11-02 09:22:33.005840,0.001280409731113874,-0.003831417624521105,0.5,-1.5,390.0,390.5,391.0,391.5,226.0,22.0,3117.0,8156.0,False,False
2330,2022-11-02 09:22:34.020991,0.001280409731113874,-0.003831417624521105,0.5,-1.5,390.0,390.5,391.0,391.5,226.0,22.0,3117.0,8156.0,False,False
2330,2022-11-02 09:22:34.159995,0.001280409731113874,-0.003831417624521105,0.5,-1.5,390.0,390.5,391.0,391.5,226.0,22.0,3117.0,8156.0,False,False
2330,2022-11-02 09:22:34.184888,0.001280409731113874,-0.003831417624521105,0.5,-1.5,390.0,390.5,391.0,391.5,226.0,31.0,3117.0,8156.0,False,False
2330,2022-11-02 09:22:34.359468,0.001280409731113874,-0.003831417624521105,0.5,-1.5,390.0,390.5,391.0,391.5,226.0,31.0,3117.0,8156.0,False,False
2330,2022-11-02 09:22:34.658648,0.001280409731113874,-0.003831417624521105,0.5,-1.5,390.0,390.5,391.0,391.5,226.0,34.0,3117.0,8156.0,False,False
2330,2022-11-02 09:22:34.672881,0.001280409731113874,-0.003831417624521105,0.5,-1.5,390.0,390.5,391.0,391.5,226.0,33.0,3117.0,8156.0,False,False
2330,2022-11-02 09:22:34.759598,0.001280409731113874,-0.003831417624521105,0.5,-1.5,390.0,390.5,391.0,391.5,226.0,33.0,3117.0,8156.0,False,False
2330,2022-11-02 09:22:35.448555,0.001280409731113874,-0.003831417624521105,0.5,-1.5,390.0,390.5,391.0,391.5,225.0,33.0,3117.0,8156.0,False,False
2330,2022-11-02 09:22:36.455638,0.001280409731113874,-0.003831417624521105,0.5,-1.5,390.0,390.5,391.0,391.5,225.0,33.0,3117.0,8156.0,False,False
2330,2022-11-02 09:22:37.822299,0.001280409731113874,-0.003831417624521105,0.5,-1.5,390.0,390.5,391.0,391.5,223.0,33.0,3117.0,8156.0,False,False
2330,2022-11-02 09:22:37.900638,0.001280409731113874,-0.003831417624521105,0.5,-1.5,390.0,390.5,391.0,391.5,223.0,50.0,3117.0,8156.0,False,False
2330,2022-11-02 09:22:37.978045,0.001280409731113874,-0.003831417624521105,0.5,-1.5,390.0,390.5,391.0,391.5,223.0,50.0,3117.0,8156.0,False,False
2330,2022-11-02 09:22:38.922528,0.001280409731113874,-0.003831417624521105,0.5,-1.5,390.0,390.5,391.0,391.5,223.0,50.0,3117.0,8156.0,False,False
2330,2022-11-02 09:22:39.010696,0.001280409731113874,-0.003831417624521105,0.5,-1.5,390.0,390.5,391.0,391.5,223.0,50.0,3117.0,8156.0,False,False
2330,2022-11-02 09:22:39.079655,0.001280409731113874,-0.003831417624521105,0.5,-1.5,390.0,390.5,391.0,391.5,223.0,50.0,3117.0,8156.0,False,False
2330,2022-11-02 09:22:39.858979,0.001280409731113874,-0.003831417624521105,0.5,-1.5,390.0,390.5,391.0,391.5,223.0,50.0,3117.0,8156.0,False,False
2330,2022-11-02 09:22:39.914631,0.001280409731113874,-0.003831417624521105,0.5,-1.5,390.0,390.5,391.0,391.5,223.0,50.0,3117.0,8156.0,False,False
2330,2022-11-02 09:22:39.923722,0.001280409731113874,-0.003831417624521105,0.5,-1.5,390.0,390.5,391.0,391.5,223.0,50.0,3117.0,8156.0,False,False
2330,2022-11-02 09:22:40.187907,0.001280409731113874,-0.003831417624521105,0.5,-1.5,390.0,390.5,391.0,391.5,222.0,50.0,3117.0,8156.0,False,False
2330,2022-11-02 09:22:40.333508,0.001280409731113874,-0.003831417624521105,0.5,-1.5,390.0,390.5,391.0,391.5,222.0,50.0,3117.0,8156.0,False,False
2330,2022-11-02 09:22:40.377450,0.001280409731113874,-0.003831417624521105,0.5,-1.5,390.0,390.5,391.0,391.5,222.0,50.0,3117.0,8156.0,False,False
2330,2022-11-02 09:22:41.522300,0.001280409731113874,-0.003831417624521105,0.5,-1.5,390.0,390.5,391.0,391.5,222.0,50.0,3117.0,8156.0,False,False
2330,2022-11-02 09:22:42.179361,0.001280409731113874,-0.003831417624521105,0.5,-1.5,390.0,390.5,391.0,391.5,222.0,50.0,639.0,8249.0,True,True
2330,2022-11-02 09:22:42.179676,0.001280409731113874,-0.003831417624521105,0.5,-1.5,390.0,390.5,391.0,391.5,222.0,50.0,639.0,8249.0,False,False
2330,2022-11-02 09:22:43.345371,0.001280409731113874,-0.003831417624521105,0.5,-1.5,390.0,390.5,391.0,391.5,223.0,50.0,639.0,8249.0,False,False
2330,2022-11-02 09:22:44.297942,0.001280409731113874,-0.003831417624521105,0.5,-1.5,390.0,390.5,391.0,391.5,223.0,50.0,639.0,8249.0,False,False
2330,2022-11-02 09:22:44.312365,0.001280409731113874,-0.003831417624521105,0.5,-1.5,390.0,390.5,391.0,391.5,223.0,50.0,639.0,8249.0,False,False
2330,2022-11-02 09:22:44.720341,0.001280409731113874,-0.003831417624521105,0.5,-1.5,390.0,390.5,391.0,391.5,223.0,53.0,639.0,8249.0,False,False
2330,2022-11-02 09:22:44.806025,0.001280409731113874,-0.003831417624521105,0.5,-1.5,390.0,390.5,391.0,391.5,223.0,53.0,639.0,8249.0,False,False
2330,2022-11-02 09:22:44.892706,0.001280409731113874,-0.003831417624521105,0.5,-1.5,390.0,390.5,391.0,391.5,223.0,53.0,639.0,8249.0,False,False
2330,2022-11-02 09:22:45.017885,0.001280409731113874,-0.003831417624521105,0.5,-1.5,390.0,390.5,391.0,391.5,223.0,53.0,639.0,8249.0,False,False
2330,2022-11-02 09:22:45.122252,0.001280409731113874,-0.003831417624521105,0.5,-1.5,390.0,390.5,391.0,391.5,223.0,53.0,639.0,8249.0,False,False
2330,2022-11-02 09:22:45.244558,0.001280409731113874,-0.003831417624521105,0.5,-1.5,390.0,390.5,391.0,391.5,223.0,53.0,639.0,8249.0,False,False
2330,2022-11-02 09:22:45.407700,0.001280409731113874,-0.003831417624521105,0.5,-1.5,390.0,390.5,391.0,391.5,223.0,53.0,639.0,8249.0,False,False
2330,2022-11-02 09:22:45.470127,0.001280409731113874,-0.003831417624521105,0.5,-1.5,390.0,390.5,391.0,391.5,223.0,53.0,639.0,8249.0,False,False
2330,2022-11-02 09:22:45.709406,0.001280409731113874,-0.003831417624521105,0.5,-1.5,390.0,390.5,391.0,391.5,223.0,53.0,639.0,8249.0,False,False
2330,2022-11-02 09:22:45.764618,0.001280409731113874,-0.003831417624521105,0.5,-1.5,390.0,390.5,391.0,391.5,223.0,53.0,639.0,8249.0,False,False
2330,2022-11-02 09:22:45.874804,0.001280409731113874,-0.003831417624521105,0.5,-1.5,390.0,390.5,391.0,391.5,223.0,53.0,639.0,8249.0,False,False
2330,2022-11-02 09:22:46.021686,0.001280409731113874,-0.003831417624521105,0.5,-1.5,390.0,390.5,391.0,391.5,223.0,53.0,639.0,8249.0,False,False
2330,2022-11-02 09:22:46.033677,0.001280409731113874,-0.003831417624521105,0.5,-1.5,390.0,390.5,391.0,391.5,223.0,53.0,639.0,8249.0,False,False
2330,2022-11-02 09:22:46.677463,0.001280409731113874,-0.003831417624521105,0.5,-1.5,390.0,390.5,391.0,391.5,223.0,53.0,639.0,8249.0,False,False
2330,2022-11-02 09:22:46.749786,0.001280409731113874,-0.003831417624521105,0.5,-1.5,390.0,390.5,391.0,391.5,223.0,53.0,639.0,8249.0,False,False
2330,2022-11-02 09:22:46.863428,0.001280409731113874,-0.003831417624521105,0.5,-1.5,390.0,390.5,391.0,391.5,223.0,53.0,639.0,8249.0,False,False
2330,2022-11-02 09:22:47.061752,0.001280409731113874,-0.003831417624521105,0.5,-1.5,390.0,390.5,391.0,391.5,223.0,53.0,639.0,8249.0,False,False
2330,2022-11-02 09:22:47.065251,0.001280409731113874,-0.003831417624521105,0.5,-1.5,390.0,390.5,391.0,391.5,223.0,53.0,639.0,8249.0,False,False
2330,2022-11-02 09:22:47.618844,0.001280409731113874,-0.003831417624521105,0.5,-1.5,390.0,390.5,391.0,391.5,220.0,53.0,639.0,8249.0,False,False
2330,2022-11-02 09:22:47.683611,0.001280409731113874,-0.003831417624521105,0.5,-1.5,390.0,390.5,391.0,391.5,220.0,53.0,639.0,8249.0,False,False
2330,2022-11-02 09:22:47.851889,0.001280409731113874,-0.003831417624521105,0.5,-1.5,390.0,390.5,391.0,391.5,233.0,53.0,639.0,8249.0,False,False
2330,2022-11-02 09:22:48.811732,0.001280409731113874,-0.003831417624521105,0.5,-1.5,390.0,390.5,391.0,391.5,233.0,53.0,639.0,8249.0,False,False
2330,2022-11-02 09:22:48.953833,0.001280409731113874,-0.003831417624521105,0.5,-1.5,390.0,390.5,391.0,391.5,233.0,53.0,639.0,8249.0,False,False
2330,2022-11-02 09:22:49.028373,0.001280409731113874,-0.003831417624521105,0.5,-1.5,390.0,390.5,391.0,391.5,233.0,53.0,639.0,8249.0,False,False
2330,2022-11-02 09:22:49.065052,0.001280409731113874,-0.003831417624521105,0.5,-1.5,390.0,390.5,391.0,391.5,233.0,53.0,639.0,8249.0,False,False
2330,2022-11-02 09:22:49.173612,0.001280409731113874,-0.003831417624521105,0.5,-1.5,390.0,390.5,391.0,391.5,233.0,53.0,639.0,8249.0,False,False
2330,2022-11-02 09:22:49.641031,0.001280409731113874,-0.003831417624521105,0.5,-1.5,390.0,390.5,391.0,391.5,233.0,53.0,639.0,8249.0,False,False
2330,2022-11-02 09:22:49.730311,0.001280409731113874,-0.003831417624521105,0.5,-1.5,390.0,390.5,391.0,391.5,233.0,53.0,639.0,8249.0,False,False
2330,2022-11-02 09:22:49.771459,0.001280409731113874,-0.003831417624521105,0.5,-1.5,390.0,390.5,391.0,391.5,233.0,53.0,639.0,8249.0,False,False
2330,2022-11-02 09:22:49.850954,0.001280409731113874,-0.003831417624521105,0.5,-1.5,390.0,390.5,391.0,391.5,234.0,53.0,639.0,8249.0,False,False
2330,2022-11-02 09:22:50.224468,0.001280409731113874,-0.003831417624521105,0.5,-1.5,390.0,390.5,391.0,391.5,234.0,53.0,639.0,8249.0,False,False
2330,2022-11-02 09:22:50.225125,0.001280409731113874,-0.003831417624521105,0.5,-1.5,390.0,390.5,391.0,391.5,234.0,53.0,639.0,8249.0,False,False
2330,2022-11-02 09:22:50.346934,0.001280409731113874,-0.003831417624521105,0.5,-1.5,390.0,390.5,391.0,391.5,234.0,53.0,639.0,8249.0,False,False
2330,2022-11-02 09:22:50.754153,0.001280409731113874,-0.003831417624521105,0.5,-1.5,390.0,390.5,391.0,391.5,234.0,53.0,639.0,8249.0,False,False
2330,2022-11-02 09:22:50.939270,0.001280409731113874,-0.003831417624521105,0.5,-1.5,390.0,390.5,391.0,391.5,234.0,50.0,639.0,8249.0,False,False
2330,2022-11-02 09:22:51.031178,0.001280409731113874,-0.003831417624521105,0.5,-1.5,390.0,390.5,391.0,391.5,237.0,50.0,639.0,8249.0,False,False
2330,2022-11-02 09:22:51.134826,0.001280409731113874,-0.003831417624521105,0.5,-1.5,390.0,390.5,391.0,391.5,237.0,50.0,639.0,8249.0,False,False
2330,2022-11-02 09:22:51.273659,0.001280409731113874,-0.003831417624521105,0.5,-1.5,390.0,390.5,391.0,391.5,237.0,50.0,639.0,8249.0,False,False
2330,2022-11-02 09:22:51.388490,0.001280409731113874,-0.003831417624521105,0.5,-1.5,390.0,390.5,391.0,391.5,237.0,50.0,639.0,8249.0,False,False
2330,2022-11-02 09:22:51.515018,0.001280409731113874,-0.003831417624521105,0.5,-1.5,390.0,390.5,391.0,391.5,237.0,50.0,639.0,8249.0,False,False
2330,2022-11-02 09:22:51.659621,0.001280409731113874,-0.003831417624521105,0.5,-1.5,390.0,390.5,391.0,391.5,237.0,50.0,639.0,8249.0,False,False
2330,2022-11-02 09:22:52.216383,0.001280409731113874,-0.003831417624521105,0.5,-1.5,390.0,390.5,391.0,391.5,237.0,50.0,773.0,8409.0,True,True
2330,2022-11-02 09:22:52.325629,0.001280409731113874,-0.003831417624521105,0.5,-1.5,390.0,390.5,391.0,391.5,237.0,50.0,773.0,8409.0,False,False
2330,2022-11-02 09:22:52.713998,0.001280409731113874,-0.003831417624521105,0.5,-1.5,390.0,390.5,391.0,391.5,237.0,50.0,773.0,8409.0,False,False
2330,2022-11-02 09:22:52.829269,0.001280409731113874,-0.003831417624521105,0.5,-1.5,390.0,390.5,391.0,391.5,237.0,49.0,773.0,8409.0,False,False
2330,2022-11-02 09:22:52.907567,0.001280409731113874,-0.003831417624521105,0.5,-1.5,390.0,390.5,391.0,391.5,237.0,49.0,773.0,8409.0,False,False
2330,2022-11-02 09:22:52.920556,0.001280409731113874,-0.003831417624521105,0.5,-1.5,390.0,390.5,391.0,391.5,239.0,49.0,773.0,8409.0,False,False
2330,2022-11-02 09:22:53.256328,0.001280409731113874,-0.003831417624521105,0.5,-1.5,390.0,390.5,391.0,391.5,239.0,49.0,773.0,8409.0,False,False
2330,2022-11-02 09:22:53.448241,0.001280409731113874,-0.003831417624521105,0.5,-1.5,390.0,390.5,391.0,391.5,239.0,50.0,773.0,8409.0,False,False
2330,2022-11-02 09:22:53.742203,0.001280409731113874,-0.003831417624521105,0.5,-1.5,390.0,390.5,391.0,391.5,239.0,50.0,773.0,8409.0,False,False
2330,2022-11-02 09:22:53.816883,0.001280409731113874,-0.003831417624521105,0.5,-1.5,390.0,390.5,391.0,391.5,239.0,50.0,773.0,8409.0,False,False
2330,2022-11-02 09:22:54.060426,0.001280409731113874,-0.003831417624521105,0.5,-1.5,390.0,390.5,391.0,391.5,239.0,50.0,773.0,8409.0,False,False
2330,2022-11-02 09:22:56.894090,0.001280409731113874,-0.003831417624521105,0.5,-1.5,390.0,390.5,391.0,391.5,239.0,50.0,773.0,8409.0,False,False
2330,2022-11-02 09:22:57.720026,0.001280409731113874,-0.003831417624521105,0.5,-1.5,390.0,390.5,391.0,391.5,239.0,50.0,773.0,8409.0,False,False
2330,2022-11-02 09:22:58.411608,0.001280409731113874,-0.003831417624521105,0.5,-1.5,390.0,390.5,391.0,391.5,239.0,50.0,773.0,8409.0,False,False
2330,2022-11-02 09:22:58.612048,0.001280409731113874,-0.003831417624521105,0.5,-1.5,390.0,390.5,391.0,391.5,239.0,50.0,773.0,8409.0,False,False
2330,2022-11-02 09:22:58.614608,0.001280409731113874,-0.003831417624521105,0.5,-1.5,390.0,390.5,391.0,391.5,239.0,50.0,773.0,8409.0,False,False
2330,2022-11-02 09:22:59.167891,0.001280409731113874,-0.003831417624521105,0.5,-1.5,390.0,390.5,391.0,391.5,239.0,50.0,773.0,8409.0,False,False
2330,2022-11-02 09:22:59.354582,0.001280409731113874,-0.003831417624521105,0.5,-1.5,390.0,390.5,391.0,391.5,238.0,50.0,773.0,8409.0,False,False
2330,2022-11-02 09:22:59.442177,0.001280409731113874,-0.003831417624521105,0.5,-1.5,390.0,390.5,391.0,391.5,238.0,55.0,773.0,8409.0,False,False
2330,2022-11-02 09:22:59.473687,0.001280409731113874,-0.003831417624521105,0.5,-1.5,390.0,390.5,391.0,391.5,238.0,55.0,773.0,8409.0,False,False
2330,2022-11-02 09:23:00.636717,0.001280409731113874,-0.003831417624521105,0.5,-1.5,390.0,390.5,391.0,391.5,238.0,61.0,773.0,8409.0,False,False
2330,2022-11-02 09:23:00.647548,0.001280409731113874,-0.003831417624521105,0.5,-1.5,390.0,390.5,391.0,391.5,239.0,61.0,773.0,8409.0,False,False
2330,2022-11-02 09:23:00.917687,0.001280409731113874,-0.003831417624521105,0.5,-1.5,390.0,390.5,391.0,391.5,239.0,60.0,773.0,8409.0,False,False
2330,2022-11-02 09:23:01.124247,0.001280409731113874,-0.003831417624521105,0.5,-1.5,390.0,390.5,391.0,391.5,239.0,60.0,773.0,8409.0,False,False
2330,2022-11-02 09:23:01.688850,0.001280409731113874,-0.003831417624521105,0.5,-1.5,390.0,390.5,391.0,391.5,239.0,62.0,773.0,8409.0,False,False
2330,2022-11-02 09:23:02.256589,0.001280409731113874,-0.003831417624521105,0.5,-1.5,390.0,390.5,391.0,391.5,239.0,62.0,992.0,8509.0,True,True
2330,2022-11-02 09:23:02.268438,0.001280409731113874,-0.003831417624521105,0.5,-1.5,390.0,390.5,391.0,391.5,241.0,62.0,992.0,8509.0,False,False
2330,2022-11-02 09:23:04.034457,0.001280409731113874,-0.003831417624521105,0.5,-1.5,390.0,390.5,391.0,391.5,242.0,62.0,992.0,8509.0,False,False
2330,2022-11-02 09:23:04.244905,0.001280409731113874,-0.003831417624521105,0.5,-1.5,390.0,390.5,391.0,391.5,243.0,62.0,992.0,8509.0,False,False
2330,2022-11-02 09:23:04.461394,0.001280409731113874,-0.003831417624521105,0.5,-1.5,390.0,390.5,391.0,391.5,288.0,62.0,992.0,8509.0,False,False
2330,2022-11-02 09:23:04.521728,0.001280409731113874,-0.003831417624521105,0.5,-1.5,390.0,390.5,391.0,391.5,288.0,62.0,992.0,8509.0,False,False
2330,2022-11-02 09:23:04.579773,0.001280409731113874,-0.003831417624521105,0.5,-1.5,390.0,390.5,391.0,391.5,291.0,62.0,992.0,8509.0,False,False
2330,2022-11-02 09:23:04.980775,0.001280409731113874,-0.003831417624521105,0.5,-1.5,390.0,390.5,391.0,391.5,290.0,62.0,992.0,8509.0,False,False
2330,2022-11-02 09:23:05.245161,0.001280409731113874,-0.003831417624521105,0.5,-1.5,390.0,390.5,391.0,391.5,290.0,62.0,992.0,8509.0,False,False
2330,2022-11-02 09:23:06.939928,0.001280409731113874,-0.003831417624521105,0.5,-1.5,390.0,390.5,391.0,391.5,290.0,62.0,992.0,8509.0,False,False
2330,2022-11-02 09:23:08.007384,0.001280409731113874,-0.003831417624521105,0.5,-1.5,390.0,390.5,391.0,391.5,290.0,62.0,992.0,8509.0,False,False
2330,2022-11-02 09:23:09.316442,0.001280409731113874,-0.003831417624521105,0.5,-1.5,390.0,390.5,391.0,391.5,290.0,62.0,992.0,8509.0,False,False
2330,2022-11-02 09:23:09.556864,0.001280409731113874,-0.003831417624521105,0.5,-1.5,390.0,390.5,391.0,391.5,290.0,62.0,992.0,8509.0,False,False
2330,2022-11-02 09:23:10.269209,0.001280409731113874,-0.003831417624521105,0.5,-1.5,390.0,390.5,391.0,391.5,290.0,63.0,992.0,8509.0,False,False
2330,2022-11-02 09:23:10.443737,0.001280409731113874,-0.003831417624521105,0.5,-1.5,390.0,390.5,391.0,391.5,290.0,63.0,992.0,8509.0,False,False
2330,2022-11-02 09:23:10.496879,0.001280409731113874,-0.003831417624521105,0.5,-1.5,390.0,390.5,391.0,391.5,290.0,63.0,992.0,8509.0,False,False
2330,2022-11-02 09:23:11.787081,0.001280409731113874,-0.003831417624521105,0.5,-1.5,390.0,390.5,391.0,391.5,290.0,63.0,992.0,8509.0,False,False
2330,2022-11-02 09:23:12.042077,0.001280409731113874,-0.003831417624521105,0.5,-1.5,390.0,390.5,391.0,391.5,290.0,63.0,992.0,8509.0,False,False
2330,2022-11-02 09:23:12.296729,0.001280409731113874,-0.003831417624521105,0.5,-1.5,390.0,390.5,391.0,391.5,290.0,63.0,937.0,8659.0,True,True
2330,2022-11-02 09:23:12.568957,0.001280409731113874,-0.003831417624521105,0.5,-1.5,390.0,390.5,391.0,391.5,290.0,62.0,937.0,8659.0,False,False
2330,2022-11-02 09:23:12.616594,0.001280409731113874,-0.003831417624521105,0.5,-1.5,390.0,390.5,391.0,391.5,289.0,62.0,937.0,8659.0,False,False
2330,2022-11-02 09:23:13.267163,0.001280409731113874,-0.003831417624521105,0.5,-1.5,390.0,390.5,391.0,391.5,289.0,62.0,937.0,8659.0,False,False
2330,2022-11-02 09:23:13.377363,0.001280409731113874,-0.003831417624521105,0.5,-1.5,390.0,390.5,391.0,391.5,289.0,64.0,937.0,8659.0,False,False
2330,2022-11-02 09:23:14.131923,0.001280409731113874,-0.003831417624521105,0.5,-1.5,390.0,390.5,391.0,391.5,289.0,64.0,937.0,8659.0,False,False
2330,2022-11-02 09:23:14.149506,0.001280409731113874,-0.003831417624521105,0.5,-1.5,390.0,390.5,391.0,391.5,289.0,64.0,937.0,8659.0,False,False
2330,2022-11-02 09:23:15.224819,0.001280409731113874,-0.003831417624521105,0.5,-1.5,390.0,390.5,391.0,391.5,289.0,65.0,937.0,8659.0,False,False
2330,2022-11-02 09:23:15.499802,0.001280409731113874,-0.003831417624521105,0.5,-1.5,390.0,390.5,391.0,391.5,289.0,70.0,937.0,8659.0,False,False
2330,2022-11-02 09:23:15.726434,0.001280409731113874,-0.003831417624521105,0.5,-1.5,390.0,390.5,391.0,391.5,289.0,70.0,937.0,8659.0,False,False
2330,2022-11-02 09:23:16.690967,0.001280409731113874,-0.003831417624521105,0.5,-1.5,390.0,390.5,391.0,391.5,289.0,71.0,937.0,8659.0,False,False
2330,2022-11-02 09:23:17.124412,0.001280409731113874,-0.003831417624521105,0.5,-1.5,390.0,390.5,391.0,391.5,289.0,71.0,937.0,8659.0,False,False
2330,2022-11-02 09:23:17.354870,0.001280409731113874,-0.003831417624521105,0.5,-1.5,390.0,390.5,391.0,391.5,290.0,71.0,937.0,8659.0,False,False
2330,2022-11-02 09:23:18.290185,0.001280409731113874,-0.003831417624521105,0.5,-1.5,390.0,390.5,391.0,391.5,290.0,71.0,937.0,8659.0,False,False
2330,2022-11-02 09:23:18.870077,0.001280409731113874,-0.003831417624521105,0.5,-1.5,390.0,390.5,391.0,391.5,290.0,73.0,937.0,8659.0,False,False
2330,2022-11-02 09:23:19.244360,0.001280409731113874,-0.003831417624521105,0.5,-1.5,390.0,390.5,391.0,391.5,290.0,73.0,937.0,8659.0,False,False
2330,2022-11-02 09:23:20.228128,0.001280409731113874,-0.003831417624521105,0.5,-1.5,390.0,390.5,391.0,391.5,292.0,73.0,937.0,8659.0,False,False
2330,2022-11-02 09:23:21.794840,0.001280409731113874,-0.003831417624521105,0.5,-1.5,390.0,390.5,391.0,391.5,292.0,73.0,937.0,8659.0,False,False
2330,2022-11-02 09:23:22.331763,0.001280409731113874,-0.003831417624521105,0.5,-1.5,390.0,390.5,391.0,391.5,292.0,73.0,760.0,8659.0,True,True
2330,2022-11-02 09:23:23.320718,0.001280409731113874,-0.003831417624521105,0.5,-1.5,390.0,390.5,391.0,391.5,290.0,73.0,760.0,8659.0,False,False
2330,2022-11-02 09:23:23.937986,0.001280409731113874,-0.003831417624521105,0.5,-1.5,390.0,390.5,391.0,391.5,285.0,73.0,760.0,8659.0,False,False
2330,2022-11-02 09:23:24.006232,0.001280409731113874,-0.003831417624521105,0.5,-1.5,390.0,390.5,391.0,391.5,285.0,73.0,760.0,8659.0,False,False
2330,2022-11-02 09:23:24.191726,0.001280409731113874,-0.003831417624521105,0.5,-1.5,390.0,390.5,391.0,391.5,285.0,73.0,760.0,8659.0,False,False
2330,2022-11-02 09:23:24.317207,0.001280409731113874,-0.003831417624521105,0.5,-1.5,390.0,390.5,391.0,391.5,285.0,73.0,760.0,8659.0,False,False
2330,2022-11-02 09:23:24.449260,0.001280409731113874,-0.003831417624521105,0.5,-1.5,390.0,390.5,391.0,391.5,285.0,73.0,760.0,8659.0,False,False
2330,2022-11-02 09:23:24.630945,0.001280409731113874,-0.003831417624521105,0.5,-1.5,390.0,390.5,391.0,391.5,284.0,73.0,760.0,8659.0,False,False
2330,2022-11-02 09:23:25.261181,0.001280409731113874,-0.003831417624521105,0.5,-1.5,390.0,390.5,391.0,391.5,284.0,76.0,760.0,8659.0,False,False
2330,2022-11-02 09:23:25.634833,0.001280409731113874,-0.003831417624521105,0.5,-1.5,390.0,390.5,391.0,391.5,284.0,76.0,760.0,8659.0,False,False
2330,2022-11-02 09:23:26.225721,0.001280409731113874,-0.003831417624521105,0.5,-1.5,390.0,390.5,391.0,391.5,285.0,76.0,760.0,8659.0,False,False
2330,2022-11-02 09:23:26.961615,0.001280409731113874,-0.003831417624521105,0.5,-1.5,390.0,390.5,391.0,391.5,285.0,76.0,760.0,8659.0,False,False
2330,2022-11-02 09:23:27.333357,0.001280409731113874,-0.003831417624521105,0.5,-1.5,390.0,390.5,391.0,391.5,285.0,76.0,760.0,8659.0,False,False
2330,2022-11-02 09:23:27.870610,0.001280409731113874,-0.003831417624521105,0.5,-1.5,390.0,390.5,391.0,391.5,286.0,76.0,760.0,8659.0,False,False
2330,2022-11-02 09:23:28.619565,0.001280409731113874,-0.003831417624521105,0.5,-1.5,390.0,390.5,391.0,391.5,287.0,76.0,760.0,8659.0,False,False
2330,2022-11-02 09:23:28.648592,0.001280409731113874,-0.003831417624521105,0.5,-1.5,390.0,390.5,391.0,391.5,288.0,77.0,760.0,8659.0,False,False
2330,2022-11-02 09:23:29.284493,0.001280409731113874,-0.003831417624521105,0.5,-1.5,390.0,390.5,391.0,391.5,288.0,81.0,760.0,8659.0,False,False
2330,2022-11-02 09:23:29.754440,0.001280409731113874,-0.003831417624521105,0.5,-1.5,390.0,390.5,391.0,391.5,287.0,81.0,760.0,8659.0,False,False
2330,2022-11-02 09:23:30.255235,0.001280409731113874,-0.003831417624521105,0.5,-1.5,390.0,390.5,391.0,391.5,288.0,81.0,760.0,8659.0,False,False
2330,2022-11-02 09:23:30.395849,0.001280409731113874,-0.003831417624521105,0.5,-1.5,390.0,390.5,391.0,391.5,289.0,81.0,760.0,8659.0,False,False
2330,2022-11-02 09:23:30.683379,0.001280409731113874,-0.003831417624521105,0.5,-1.5,390.0,390.5,391.0,391.5,289.0,81.0,760.0,8659.0,False,False
2330,2022-11-02 09:23:30.817939,0.001280409731113874,-0.003831417624521105,0.5,-1.5,390.0,390.5,391.0,391.5,289.0,81.0,760.0,8659.0,False,False
2330,2022-11-02 09:23:31.325112,0.001280409731113874,-0.003831417624521105,0.5,-1.5,390.0,390.5,391.0,391.5,289.0,81.0,760.0,8659.0,False,False
2330,2022-11-02 09:23:31.328641,0.001280409731113874,-0.003831417624521105,0.5,-1.5,390.0,390.5,391.0,391.5,299.0,81.0,760.0,8659.0,False,False
2330,2022-11-02 09:23:31.691167,0.001280409731113874,-0.003831417624521105,0.5,-1.5,390.0,390.5,391.0,391.5,299.0,87.0,760.0,8659.0,False,False
2330,2022-11-02 09:23:31.701432,0.001280409731113874,-0.003831417624521105,0.5,-1.5,390.0,390.5,391.0,391.5,299.0,87.0,760.0,8659.0,False,False
2330,2022-11-02 09:23:31.957864,0.001280409731113874,-0.003831417624521105,0.5,-1.5,390.0,390.5,391.0,391.5,299.0,87.0,760.0,8659.0,False,False
2330,2022-11-02 09:23:32.369893,0.001280409731113874,-0.003831417624521105,0.5,-1.5,390.0,390.5,391.0,391.5,299.0,87.0,837.0,8684.0,True,True
2330,2022-11-02 09:23:32.635898,0.001280409731113874,-0.003831417624521105,0.5,-1.5,390.0,390.5,391.0,391.5,299.0,87.0,837.0,8684.0,False,False
2330,2022-11-02 09:23:32.653655,0.001280409731113874,-0.003831417624521105,0.5,-1.5,390.0,390.5,391.0,391.5,298.0,86.0,837.0,8684.0,False,False
2330,2022-11-02 09:23:32.822135,0.001280409731113874,-0.003831417624521105,0.5,-1.5,390.0,390.5,391.0,391.5,299.0,86.0,837.0,8684.0,False,False
2330,2022-11-02 09:23:32.967877,0.001280409731113874,-0.003831417624521105,0.5,-1.5,390.0,390.5,391.0,391.5,298.0,86.0,837.0,8684.0,False,False
2330,2022-11-02 09:23:33.423511,0.001280409731113874,-0.003831417624521105,0.5,-1.5,390.0,390.5,391.0,391.5,298.0,87.0,837.0,8684.0,False,False
2330,2022-11-02 09:23:33.589744,0.001280409731113874,-0.003831417624521105,0.5,-1.5,390.0,390.5,391.0,391.5,298.0,87.0,837.0,8684.0,False,False
2330,2022-11-02 09:23:34.460168,0.001280409731113874,-0.003831417624521105,0.5,-1.5,390.0,390.5,391.0,391.5,298.0,87.0,837.0,8684.0,False,False
2330,2022-11-02 09:23:34.700063,0.001280409731113874,-0.003831417624521105,0.5,-1.5,390.0,390.5,391.0,391.5,298.0,87.0,837.0,8684.0,False,False
2330,2022-11-02 09:23:34.929102,0.001280409731113874,-0.003831417624521105,0.5,-1.5,390.0,390.5,391.0,391.5,298.0,88.0,837.0,8684.0,False,False
2330,2022-11-02 09:23:35.010077,0.001280409731113874,-0.003831417624521105,0.5,-1.5,390.0,390.5,391.0,391.5,298.0,88.0,837.0,8684.0,False,False
2330,2022-11-02 09:23:36.061956,0.001280409731113874,-0.003831417624521105,0.5,-1.5,390.0,390.5,391.0,391.5,298.0,88.0,837.0,8684.0,False,False
2330,2022-11-02 09:23:36.341574,0.001280409731113874,-0.003831417624521105,0.5,-1.5,390.0,390.5,391.0,391.5,299.0,88.0,837.0,8684.0,False,False
2330,2022-11-02 09:23:39.829421,0.001280409731113874,-0.003831417624521105,0.5,-1.5,390.0,390.5,391.0,391.5,299.0,88.0,837.0,8684.0,False,False
2330,2022-11-02 09:23:41.409737,0.001280409731113874,-0.003831417624521105,0.5,-1.5,390.0,390.5,391.0,391.5,300.0,88.0,837.0,8684.0,False,False
2330,2022-11-02 09:23:41.797534,0.001280409731113874,-0.003831417624521105,0.5,-1.5,390.0,390.5,391.0,391.5,300.0,89.0,837.0,8684.0,False,False
2330,2022-11-02 09:23:42.429497,0.001280409731113874,-0.003831417624521105,0.5,-1.5,390.0,390.5,391.0,391.5,300.0,89.0,702.0,8684.0,True,True
2330,2022-11-02 09:23:43.399980,0.001280409731113874,-0.003831417624521105,0.5,-1.5,390.0,390.5,391.0,391.5,299.0,89.0,702.0,8684.0,False,False
2330,2022-11-02 09:23:43.446114,0.001280409731113874,-0.003831417624521105,0.5,-1.5,390.0,390.5,391.0,391.5,299.0,89.0,702.0,8684.0,False,False
2330,2022-11-02 09:23:46.043354,0.001280409731113874,-0.003831417624521105,0.5,-1.5,390.0,390.5,391.0,391.5,299.0,89.0,702.0,8684.0,False,False
2330,2022-11-02 09:23:47.578237,0.001280409731113874,-0.003831417624521105,0.5,-1.5,390.0,390.5,391.0,391.5,299.0,89.0,702.0,8684.0,False,False
2330,2022-11-02 09:23:47.623340,0.001280409731113874,-0.003831417624521105,0.5,-1.5,390.0,390.5,391.0,391.5,298.0,89.0,702.0,8684.0,False,False
2330,2022-11-02 09:23:48.454138,0.001280409731113874,-0.003831417624521105,0.5,-1.5,390.0,390.5,391.0,391.5,298.0,89.0,702.0,8684.0,False,False
2330,2022-11-02 09:23:48.567091,0.001280409731113874,-0.003831417624521105,0.5,-1.5,390.0,390.5,391.0,391.5,298.0,89.0,702.0,8684.0,False,False
2330,2022-11-02 09:23:48.808600,0.001280409731113874,-0.003831417624521105,0.5,-1.5,390.0,390.5,391.0,391.5,298.0,89.0,702.0,8684.0,False,False
2330,2022-11-02 09:23:50.680095,0.001280409731113874,-0.003831417624521105,0.5,-1.5,390.0,390.5,391.0,391.5,297.0,89.0,702.0,8684.0,False,False
2330,2022-11-02 09:23:52.467619,0.001280409731113874,-0.003831417624521105,0.5,-1.5,390.0,390.5,391.0,391.5,297.0,89.0,904.0,8608.0,True,True
2330,2022-11-02 09:23:52.726022,0.001280409731113874,-0.003831417624521105,0.5,-1.5,390.0,390.5,391.0,391.5,297.0,89.0,904.0,8608.0,False,False
2330,2022-11-02 09:23:54.195048,0.001280409731113874,-0.003831417624521105,0.5,-1.5,390.0,390.5,391.0,391.5,296.0,89.0,904.0,8608.0,False,False
2330,2022-11-02 09:23:55.760001,0.001280409731113874,-0.003831417624521105,0.5,-1.5,390.0,390.5,391.0,391.5,296.0,89.0,904.0,8608.0,False,False
2330,2022-11-02 09:23:56.803647,0.001280409731113874,-0.003831417624521105,0.5,-1.5,390.0,390.5,391.0,391.5,296.0,89.0,904.0,8608.0,False,False
2330,2022-11-02 09:23:59.453155,0.001280409731113874,-0.003831417624521105,0.5,-1.5,390.0,390.5,391.0,391.5,296.0,89.0,904.0,8608.0,False,False
2330,2022-11-02 09:23:59.470580,0.001280409731113874,-0.003831417624521105,0.5,-1.5,390.0,390.5,391.0,391.5,295.0,89.0,904.0,8608.0,False,False
2330,2022-11-02 09:24:00.984157,0.001280409731113874,-0.003831417624521105,0.5,-1.5,390.0,390.5,391.0,391.5,295.0,89.0,904.0,8608.0,False,False
2330,2022-11-02 09:24:01.607130,0.001280409731113874,-0.003831417624521105,0.5,-1.5,390.0,390.5,391.0,391.5,295.0,89.0,904.0,8608.0,False,False
2330,2022-11-02 09:24:02.506754,0.001280409731113874,-0.003831417624521105,0.5,-1.5,390.0,390.5,391.0,391.5,295.0,89.0,105.0,8583.0,True,True
2330,2022-11-02 09:24:03.053254,0.001280409731113874,-0.003831417624521105,0.5,-1.5,390.0,390.5,391.0,391.5,296.0,89.0,105.0,8583.0,False,False
2330,2022-11-02 09:24:04.776231,0.001280409731113874,-0.003831417624521105,0.5,-1.5,390.0,390.5,391.0,391.5,301.0,89.0,105.0,8583.0,False,False
2330,2022-11-02 09:24:05.792398,0.001280409731113874,-0.003831417624521105,0.5,-1.5,390.0,390.5,391.0,391.5,301.0,89.0,105.0,8583.0,False,False
2330,2022-11-02 09:24:06.890602,0.001280409731113874,-0.003831417624521105,0.5,-1.5,390.0,390.5,391.0,391.5,302.0,89.0,105.0,8583.0,False,False
2330,2022-11-02 09:24:07.339897,0.001280409731113874,-0.003831417624521105,0.5,-1.5,390.0,390.5,391.0,391.5,303.0,89.0,105.0,8583.0,False,False
2330,2022-11-02 09:24:07.611665,0.001280409731113874,-0.003831417624521105,0.5,-1.5,390.0,390.5,391.0,391.5,303.0,89.0,105.0,8583.0,False,False
2330,2022-11-02 09:24:08.145731,0.001280409731113874,-0.003831417624521105,0.5,-1.5,390.0,390.5,391.0,391.5,303.0,89.0,105.0,8583.0,False,False
2330,2022-11-02 09:24:08.595441,0.001280409731113874,-0.003831417624521105,0.5,-1.5,390.0,390.5,391.0,391.5,303.0,89.0,105.0,8583.0,False,False
2330,2022-11-02 09:24:10.109358,0.001280409731113874,-0.003831417624521105,0.5,-1.5,390.0,390.5,391.0,391.5,303.0,84.0,105.0,8583.0,False,False
2330,2022-11-02 09:24:10.288142,0.001280409731113874,-0.003831417624521105,0.5,-1.5,390.0,390.5,391.0,391.5,303.0,84.0,105.0,8583.0,False,False
2330,2022-11-02 09:24:11.537284,0.001280409731113874,-0.003831417624521105,0.5,-1.5,390.0,390.5,391.0,391.5,303.0,85.0,105.0,8583.0,False,False
2330,2022-11-02 09:24:11.668926,0.001280409731113874,-0.003831417624521105,0.5,-1.5,390.0,390.5,391.0,391.5,303.0,85.0,105.0,8583.0,False,False
2330,2022-11-02 09:24:11.793481,0.001280409731113874,-0.003831417624521105,0.5,-1.5,390.0,390.5,391.0,391.5,303.0,85.0,105.0,8583.0,False,False
2330,2022-11-02 09:24:12.545890,0.001280409731113874,-0.003831417624521105,0.5,-1.5,390.0,390.5,391.0,391.5,303.0,85.0,468.0,8805.0,True,True
2330,2022-11-02 09:24:13.052693,0.001280409731113874,-0.003831417624521105,0.5,-1.5,390.0,390.5,391.0,391.5,304.0,85.0,468.0,8805.0,False,False
2330,2022-11-02 09:24:14.122431,0.001280409731113874,-0.003831417624521105,0.5,-1.5,390.0,390.5,391.0,391.5,304.0,84.0,468.0,8805.0,False,False
2330,2022-11-02 09:24:16.046512,0.001280409731113874,-0.003831417624521105,0.5,-1.5,390.0,390.5,391.0,391.5,300.0,80.0,468.0,8805.0,False,False
2330,2022-11-02 09:24:16.252511,0.001280409731113874,-0.003831417624521105,0.5,-1.5,390.0,390.5,391.0,391.5,300.0,80.0,468.0,8805.0,False,False
2330,2022-11-02 09:24:16.513302,0.001280409731113874,-0.003831417624521105,0.5,-1.5,390.0,390.5,391.0,391.5,300.0,80.0,468.0,8805.0,False,False
2330,2022-11-02 09:24:16.845463,0.001280409731113874,-0.003831417624521105,0.5,-1.5,390.0,390.5,391.0,391.5,300.0,79.0,468.0,8805.0,False,False
2330,2022-11-02 09:24:16.845480,0.001280409731113874,-0.003831417624521105,0.5,-1.5,390.0,390.5,391.0,391.5,297.0,79.0,468.0,8805.0,False,False
2330,2022-11-02 09:24:17.042435,0.001280409731113874,-0.003831417624521105,0.5,-1.5,390.0,390.5,391.0,391.5,297.0,79.0,468.0,8805.0,False,False
2330,2022-11-02 09:24:17.885323,0.001280409731113874,-0.003831417624521105,0.5,-1.5,390.0,390.5,391.0,391.5,297.0,80.0,468.0,8805.0,False,False
2330,2022-11-02 09:24:20.749109,0.001280409731113874,-0.003831417624521105,0.5,-1.5,390.0,390.5,391.0,391.5,297.0,80.0,468.0,8805.0,False,False
2330,2022-11-02 09:24:22.164278,0.001280409731113874,-0.003831417624521105,0.5,-1.5,390.0,390.5,391.0,391.5,297.0,80.0,468.0,8805.0,False,False
2330,2022-11-02 09:24:22.581954,0.001280409731113874,-0.003831417624521105,0.5,-1.5,390.0,390.5,391.0,391.5,297.0,80.0,618.0,8805.0,True,True
2330,2022-11-02 09:24:22.592555,0.001280409731113874,-0.003831417624521105,0.5,-1.5,390.0,390.5,391.0,391.5,297.0,80.0,618.0,8805.0,False,False
2330,2022-11-02 09:24:25.794488,0.001280409731113874,-0.003831417624521105,0.5,-1.5,390.0,390.5,391.0,391.5,287.0,80.0,618.0,8805.0,False,False
2330,2022-11-02 09:24:25.891214,0.001280409731113874,-0.003831417624521105,0.5,-1.5,390.0,390.5,391.0,391.5,287.0,80.0,618.0,8805.0,False,False
2330,2022-11-02 09:24:28.683703,0.001280409731113874,-0.003831417624521105,0.5,-1.5,390.0,390.5,391.0,391.5,287.0,80.0,618.0,8805.0,False,False
2330,2022-11-02 09:24:28.720291,0.001280409731113874,-0.003831417624521105,0.5,-1.5,390.0,390.5,391.0,391.5,287.0,80.0,618.0,8805.0,False,False
2330,2022-11-02 09:24:28.784522,0.001280409731113874,-0.003831417624521105,0.5,-1.5,390.0,390.5,391.0,391.5,288.0,80.0,618.0,8805.0,False,False
2330,2022-11-02 09:24:29.526333,0.001280409731113874,-0.003831417624521105,0.5,-1.5,390.0,390.5,391.0,391.5,288.0,80.0,618.0,8805.0,False,False
2330,2022-11-02 09:24:29.553823,0.001280409731113874,-0.003831417624521105,0.5,-1.5,390.0,390.5,391.0,391.5,288.0,80.0,618.0,8805.0,False,False
2330,2022-11-02 09:24:29.741671,0.001280409731113874,-0.003831417624521105,0.5,-1.5,390.0,390.5,391.0,391.5,288.0,80.0,618.0,8805.0,False,False
2330,2022-11-02 09:24:30.287123,0.001280409731113874,-0.003831417624521105,0.5,-1.5,390.0,390.5,391.0,391.5,288.0,80.0,618.0,8805.0,False,False
2330,2022-11-02 09:24:30.634724,0.001280409731113874,-0.003831417624521105,0.5,-1.5,390.0,390.5,391.0,391.5,288.0,80.0,618.0,8805.0,False,False
2330,2022-11-02 09:24:30.759209,0.001280409731113874,-0.003831417624521105,0.5,-1.5,390.0,390.5,391.0,391.5,289.0,80.0,618.0,8805.0,False,False
2330,2022-11-02 09:24:30.853520,0.001280409731113874,-0.003831417624521105,0.5,-1.5,390.0,390.5,391.0,391.5,290.0,80.0,618.0,8805.0,False,False
2330,2022-11-02 09:24:30.870755,0.001280409731113874,-0.003831417624521105,0.5,-1.5,390.0,390.5,391.0,391.5,290.0,79.0,618.0,8805.0,False,False
2330,2022-11-02 09:24:31.373924,0.001280409731113874,-0.003831417624521105,0.5,-1.5,390.0,390.5,391.0,391.5,290.0,79.0,618.0,8805.0,False,False
2330,2022-11-02 09:24:31.636521,0.001280409731113874,-0.003831417624521105,0.5,-1.5,390.0,390.5,391.0,391.5,290.0,79.0,618.0,8805.0,False,False
2330,2022-11-02 09:24:31.701547,0.001280409731113874,-0.003831417624521105,0.5,-1.5,390.0,390.5,391.0,391.5,290.0,79.0,618.0,8805.0,False,False
2330,2022-11-02 09:24:32.622128,0.001280409731113874,-0.003831417624521105,0.5,-1.5,390.0,390.5,391.0,391.5,290.0,79.0,863.0,9005.0,True,True
2330,2022-11-02 09:24:33.578668,0.001280409731113874,-0.003831417624521105,0.5,-1.5,390.0,390.5,391.0,391.5,289.0,79.0,863.0,9005.0,False,False
2330,2022-11-02 09:24:33.673735,0.001280409731113874,-0.003831417624521105,0.5,-1.5,390.0,390.5,391.0,391.5,289.0,80.0,863.0,9005.0,False,False
2330,2022-11-02 09:24:34.371999,0.001280409731113874,-0.003831417624521105,0.5,-1.5,390.0,390.5,391.0,391.5,290.0,80.0,863.0,9005.0,False,False
2330,2022-11-02 09:24:34.825760,0.001280409731113874,-0.003831417624521105,0.5,-1.5,390.0,390.5,391.0,391.5,290.0,80.0,863.0,9005.0,False,False
2330,2022-11-02 09:24:35.118355,0.001280409731113874,-0.003831417624521105,0.5,-1.5,390.0,390.5,391.0,391.5,290.0,80.0,863.0,9005.0,False,False
2330,2022-11-02 09:24:36.826639,0.001280409731113874,-0.003831417624521105,0.5,-1.5,390.0,390.5,391.0,391.5,289.0,80.0,863.0,9005.0,False,False
2330,2022-11-02 09:24:37.107220,0.001280409731113874,-0.003831417624521105,0.5,-1.5,390.0,390.5,391.0,391.5,289.0,80.0,863.0,9005.0,False,False
2330,2022-11-02 09:24:37.424244,0.001280409731113874,-0.003831417624521105,0.5,-1.5,390.0,390.5,391.0,391.5,289.0,80.0,863.0,9005.0,False,False
2330,2022-11-02 09:24:37.562872,0.001280409731113874,-0.003831417624521105,0.5,-1.5,390.0,390.5,391.0,391.5,289.0,80.0,863.0,9005.0,False,False
2330,2022-11-02 09:24:38.040581,0.001280409731113874,-0.003831417624521105,0.5,-1.5,390.0,390.5,391.0,391.5,288.0,80.0,863.0,9005.0,False,False
2330,2022-11-02 09:24:38.478891,0.001280409731113874,-0.003831417624521105,0.5,-1.5,390.0,390.5,391.0,391.5,289.0,80.0,863.0,9005.0,False,False
2330,2022-11-02 09:24:38.964481,0.001280409731113874,-0.003831417624521105,0.5,-1.5,390.0,390.5,391.0,391.5,289.0,80.0,863.0,9005.0,False,False
2330,2022-11-02 09:24:39.533415,0.001280409731113874,-0.003831417624521105,0.5,-1.5,390.0,390.5,391.0,391.5,290.0,80.0,863.0,9005.0,False,False
2330,2022-11-02 09:24:42.525203,0.001280409731113874,-0.003831417624521105,0.5,-1.5,390.0,390.5,391.0,391.5,290.0,80.0,863.0,9005.0,False,False
2330,2022-11-02 09:24:42.661294,0.001280409731113874,-0.003831417624521105,0.5,-1.5,390.0,390.5,391.0,391.5,290.0,80.0,453.0,9105.0,True,True
2330,2022-11-02 09:24:42.745560,0.001280409731113874,-0.003831417624521105,0.5,-1.5,390.0,390.5,391.0,391.5,290.0,80.0,453.0,9105.0,False,False
2330,2022-11-02 09:24:42.856267,0.001280409731113874,-0.003831417624521105,0.5,-1.5,390.0,390.5,391.0,391.5,290.0,80.0,453.0,9105.0,False,False
2330,2022-11-02 09:24:42.963109,0.001280409731113874,-0.003831417624521105,0.5,-1.5,390.0,390.5,391.0,391.5,290.0,380.0,453.0,9105.0,False,False
2330,2022-11-02 09:24:43.090817,0.001280409731113874,-0.003831417624521105,0.5,-1.5,390.0,390.5,391.0,391.5,317.0,380.0,453.0,9105.0,False,False
2330,2022-11-02 09:24:43.216590,0.001280409731113874,-0.003831417624521105,0.5,-1.5,390.0,390.5,391.0,391.5,317.0,380.0,453.0,9105.0,False,False
2330,2022-11-02 09:24:43.318695,0.001280409731113874,-0.003831417624521105,0.5,-1.5,390.0,390.5,391.0,391.5,316.0,380.0,453.0,9105.0,False,False
2330,2022-11-02 09:24:43.392979,0.001280409731113874,-0.003831417624521105,0.5,-1.5,390.0,390.5,391.0,391.5,316.0,380.0,453.0,9105.0,False,False
2330,2022-11-02 09:24:43.584692,0.001280409731113874,-0.003831417624521105,0.5,-1.5,390.0,390.5,391.0,391.5,316.0,380.0,453.0,9105.0,False,False
2330,2022-11-02 09:24:43.609352,0.001280409731113874,-0.003831417624521105,0.5,-1.5,390.0,390.5,391.0,391.5,166.0,380.0,453.0,9105.0,False,False
2330,2022-11-02 09:24:43.619314,0.001280409731113874,-0.003831417624521105,0.5,-1.5,390.0,390.5,391.0,391.5,166.0,379.0,453.0,9105.0,False,False
2330,2022-11-02 09:24:43.637110,0.001280409731113874,-0.003831417624521105,0.5,-1.5,390.0,390.5,391.0,391.5,162.0,379.0,453.0,9105.0,False,False
2330,2022-11-02 09:24:43.677024,0.001280409731113874,-0.003831417624521105,0.5,-1.5,390.0,390.5,391.0,391.5,155.0,379.0,453.0,9105.0,False,False
2330,2022-11-02 09:24:44.170395,0.001280409731113874,-0.003831417624521105,0.5,-1.5,390.0,390.5,391.0,391.5,155.0,381.0,453.0,9105.0,False,False
2330,2022-11-02 09:24:44.283021,0.001280409731113874,-0.003831417624521105,0.5,-1.5,390.0,390.5,391.0,391.5,155.0,383.0,453.0,9105.0,False,False
2330,2022-11-02 09:24:44.658080,0.001280409731113874,-0.003831417624521105,0.5,-1.5,390.0,390.5,391.0,391.5,155.0,384.0,453.0,9105.0,False,False
2330,2022-11-02 09:24:44.724889,0.001280409731113874,-0.003831417624521105,0.5,-1.5,390.0,390.5,391.0,391.5,155.0,389.0,453.0,9105.0,False,False
2330,2022-11-02 09:24:46.105649,0.001280409731113874,-0.003831417624521105,0.5,-1.5,390.0,390.5,391.0,391.5,155.0,389.0,453.0,9105.0,False,False
2330,2022-11-02 09:24:46.558305,0.001280409731113874,-0.003831417624521105,0.5,-1.5,390.0,390.5,391.0,391.5,156.0,389.0,453.0,9105.0,False,False
2330,2022-11-02 09:24:47.167655,0.001280409731113874,-0.003831417624521105,0.5,-1.5,390.0,390.5,391.0,391.5,156.0,389.0,453.0,9105.0,False,False
2330,2022-11-02 09:24:48.199499,0.001280409731113874,-0.003831417624521105,0.5,-1.5,390.0,390.5,391.0,391.5,156.0,388.0,453.0,9105.0,False,False
2330,2022-11-02 09:24:48.604603,0.001280409731113874,-0.003831417624521105,0.5,-1.5,390.0,390.5,391.0,391.5,6.0,388.0,453.0,9105.0,False,False
2330,2022-11-02 09:24:48.637623,0.001280409731113874,-0.003831417624521105,0.5,-1.5,390.0,390.5,391.0,391.5,3.0,388.0,453.0,9105.0,False,False
2330,2022-11-02 09:24:48.637791,0.001280409731113874,-0.005108556832694733,0.5,-2.0,389.5,390.5,391.0,391.5,67.0,388.0,453.0,9105.0,False,False
2330,2022-11-02 09:24:48.644919,0.001280409731113874,-0.005108556832694733,0.5,-2.0,389.5,390.5,391.0,391.5,66.0,388.0,453.0,9105.0,False,False
2330,2022-11-02 09:24:48.678751,0.001280409731113874,-0.005108556832694733,0.5,-2.0,389.5,390.5,391.0,391.5,66.0,390.0,453.0,9105.0,False,False
2330,2022-11-02 09:24:48.717225,0.002564102564102555,-0.005108556832694733,1.0,-2.0,389.5,390.0,391.0,391.5,66.0,1.0,453.0,9105.0,False,False
2330,2022-11-02 09:24:48.786771,0.002564102564102555,-0.005108556832694733,1.0,-2.0,389.5,390.0,391.0,391.5,66.0,3.0,453.0,9105.0,False,False
2330,2022-11-02 09:24:48.965771,0.002564102564102555,-0.005108556832694733,1.0,-2.0,389.5,390.0,391.0,391.5,66.0,5.0,453.0,9105.0,False,False
2330,2022-11-02 09:24:49.481939,0.002564102564102555,-0.005108556832694733,1.0,-2.0,389.5,390.0,391.0,391.5,66.0,5.0,453.0,9105.0,False,False
2330,2022-11-02 09:24:49.587317,0.002564102564102555,-0.005108556832694733,1.0,-2.0,389.5,390.0,391.0,391.5,66.0,6.0,453.0,9105.0,False,False
2330,2022-11-02 09:24:49.687432,0.002564102564102555,-0.005108556832694733,1.0,-2.0,389.5,390.0,391.0,391.5,66.0,8.0,453.0,9105.0,False,False
2330,2022-11-02 09:24:49.869544,0.002564102564102555,-0.005108556832694733,1.0,-2.0,389.5,390.0,391.0,391.5,66.0,7.0,453.0,9105.0,False,False
2330,2022-11-02 09:24:49.888045,0.002564102564102555,-0.005108556832694733,1.0,-2.0,389.5,390.0,391.0,391.5,65.0,7.0,453.0,9105.0,False,False
2330,2022-11-02 09:24:49.869569,0.002564102564102555,-0.005108556832694733,1.0,-2.0,389.5,390.0,391.0,391.5,66.0,7.0,453.0,9105.0,False,False
2330,2022-11-02 09:24:50.335725,0.002564102564102555,-0.005108556832694733,1.0,-2.0,389.5,390.0,391.0,391.5,64.0,7.0,453.0,9105.0,False,False
2330,2022-11-02 09:24:50.614960,0.002564102564102555,-0.005108556832694733,1.0,-2.0,389.5,390.0,391.0,391.5,64.0,7.0,453.0,9105.0,False,False
2330,2022-11-02 09:24:50.941948,0.002564102564102555,-0.005108556832694733,1.0,-2.0,389.5,390.0,391.0,391.5,64.0,7.0,453.0,9105.0,False,False
2330,2022-11-02 09:24:50.997982,0.002564102564102555,-0.005108556832694733,1.0,-2.0,389.5,390.0,391.0,391.5,64.0,7.0,453.0,9105.0,False,False
2330,2022-11-02 09:24:51.070886,0.002564102564102555,-0.005108556832694733,1.0,-2.0,389.5,390.0,391.0,391.5,64.0,12.0,453.0,9105.0,False,False
2330,2022-11-02 09:24:51.746446,0.002564102564102555,-0.005108556832694733,1.0,-2.0,389.5,390.0,391.0,391.5,64.0,12.0,453.0,9105.0,False,False
2330,2022-11-02 09:24:51.851552,0.002564102564102555,-0.005108556832694733,1.0,-2.0,389.5,390.0,391.0,391.5,64.0,46.0,453.0,9105.0,False,False
2330,2022-11-02 09:24:51.945999,0.002564102564102555,-0.005108556832694733,1.0,-2.0,389.5,390.0,391.0,391.5,64.0,46.0,453.0,9105.0,False,False
2330,2022-11-02 09:24:52.205703,0.002564102564102555,-0.005108556832694733,1.0,-2.0,389.5,390.0,391.0,391.5,64.0,46.0,453.0,9105.0,False,False
2330,2022-11-02 09:24:52.699443,0.0012820512820512775,-0.0038363171355498826,0.5,-1.5,389.5,390.0,390.5,391.0,64.0,46.0,10010.0,12325.0,True,True
2330,2022-11-02 09:24:52.754139,0.0012820512820512775,-0.0038363171355498826,0.5,-1.5,389.5,390.0,390.5,391.0,64.0,46.0,10010.0,12325.0,False,False
2330,2022-11-02 09:24:52.910175,0.0012820512820512775,-0.0038363171355498826,0.5,-1.5,389.5,390.0,390.5,391.0,64.0,47.0,10010.0,12325.0,False,False
2330,2022-11-02 09:24:53.348775,0.0012820512820512775,-0.0038363171355498826,0.5,-1.5,389.5,390.0,390.5,391.0,64.0,47.0,10010.0,12325.0,False,False
2330,2022-11-02 09:24:53.478994,0.0012820512820512775,-0.0038363171355498826,0.5,-1.5,389.5,390.0,390.5,391.0,64.0,48.0,10010.0,12325.0,False,False
2330,2022-11-02 09:24:54.636463,0.0012820512820512775,-0.0038363171355498826,0.5,-1.5,389.5,390.0,390.5,391.0,64.0,49.0,10010.0,12325.0,False,False
2330,2022-11-02 09:24:55.465566,0.0012820512820512775,-0.0038363171355498826,0.5,-1.5,389.5,390.0,390.5,391.0,64.0,49.0,10010.0,12325.0,False,False
2330,2022-11-02 09:24:55.518530,0.0012820512820512775,-0.0038363171355498826,0.5,-1.5,389.5,390.0,390.5,391.0,64.0,49.0,10010.0,12325.0,False,False
2330,2022-11-02 09:24:55.545282,0.0012820512820512775,-0.0038363171355498826,0.5,-1.5,389.5,390.0,390.5,391.0,64.0,62.0,10010.0,12325.0,False,False
2330,2022-11-02 09:24:56.624456,0.0012820512820512775,-0.0038363171355498826,0.5,-1.5,389.5,390.0,390.5,391.0,63.0,62.0,10010.0,12325.0,False,False
2330,2022-11-02 09:24:56.933924,0.0012820512820512775,-0.0038363171355498826,0.5,-1.5,389.5,390.0,390.5,391.0,64.0,62.0,10010.0,12325.0,False,False
2330,2022-11-02 09:24:57.071058,0.0012820512820512775,-0.0038363171355498826,0.5,-1.5,389.5,390.0,390.5,391.0,64.0,62.0,10010.0,12325.0,False,False
2330,2022-11-02 09:24:57.289427,0.0012820512820512775,-0.0038363171355498826,0.5,-1.5,389.5,390.0,390.5,391.0,63.0,62.0,10010.0,12325.0,False,False
2330,2022-11-02 09:24:57.687356,0.0012820512820512775,-0.0038363171355498826,0.5,-1.5,389.5,390.0,390.5,391.0,63.0,62.0,10010.0,12325.0,False,False
2330,2022-11-02 09:24:57.944559,0.0012820512820512775,-0.0038363171355498826,0.5,-1.5,389.5,390.0,390.5,391.0,63.0,63.0,10010.0,12325.0,False,False
2330,2022-11-02 09:24:59.421135,0.0012820512820512775,-0.0038363171355498826,0.5,-1.5,389.5,390.0,390.5,391.0,62.0,63.0,10010.0,12325.0,False,False
2330,2022-11-02 09:24:59.561752,0.0012820512820512775,-0.0038363171355498826,0.5,-1.5,389.5,390.0,390.5,391.0,62.0,63.0,10010.0,12325.0,False,False
2330,2022-11-02 09:24:59.642818,0.0012820512820512775,-0.0038363171355498826,0.5,-1.5,389.5,390.0,390.5,391.0,62.0,63.0,10010.0,12325.0,False,False
2330,2022-11-02 09:25:01.173610,0.0012820512820512775,-0.0038363171355498826,0.5,-1.5,389.5,390.0,390.5,391.0,66.0,63.0,10010.0,12325.0,False,False
2330,2022-11-02 09:25:01.917815,0.0012820512820512775,-0.0038363171355498826,0.5,-1.5,389.5,390.0,390.5,391.0,67.0,63.0,10010.0,12325.0,False,False
2330,2022-11-02 09:25:02.141316,0.0012820512820512775,-0.0038363171355498826,0.5,-1.5,389.5,390.0,390.5,391.0,67.0,64.0,10010.0,12325.0,False,False
2330,2022-11-02 09:25:02.142352,0.0012820512820512775,-0.0038363171355498826,0.5,-1.5,389.5,390.0,390.5,391.0,67.0,64.0,9046.0,12919.0,False,True
2330,2022-11-02 09:25:02.149352,0.0012820512820512775,-0.0038363171355498826,0.5,-1.5,389.5,390.0,390.5,391.0,67.0,83.0,9046.0,12919.0,False,False
2330,2022-11-02 09:25:02.441271,0.0012820512820512775,-0.0038363171355498826,0.5,-1.5,389.5,390.0,390.5,391.0,67.0,83.0,9046.0,12919.0,False,False
2330,2022-11-02 09:25:02.829659,0.0012820512820512775,-0.0038363171355498826,0.5,-1.5,389.5,390.0,390.5,391.0,68.0,83.0,9046.0,12919.0,False,False
2330,2022-11-02 09:25:03.512352,0.0012820512820512775,-0.0038363171355498826,0.5,-1.5,389.5,390.0,390.5,391.0,68.0,83.0,9046.0,12919.0,False,False
2330,2022-11-02 09:25:04.023180,0.0012820512820512775,-0.0038363171355498826,0.5,-1.5,389.5,390.0,390.5,391.0,68.0,83.0,9046.0,12919.0,False,False
2330,2022-11-02 09:25:05.604093,0.0012820512820512775,-0.0038363171355498826,0.5,-1.5,389.5,390.0,390.5,391.0,68.0,82.0,9046.0,12919.0,False,False
2330,2022-11-02 09:25:05.681165,0.0012820512820512775,-0.0038363171355498826,0.5,-1.5,389.5,390.0,390.5,391.0,67.0,82.0,9046.0,12919.0,False,False
2330,2022-11-02 09:25:05.708473,0.0012820512820512775,-0.0038363171355498826,0.5,-1.5,389.5,390.0,390.5,391.0,64.0,82.0,9046.0,12919.0,False,False
2330,2022-11-02 09:25:05.993495,0.0012820512820512775,-0.0038363171355498826,0.5,-1.5,389.5,390.0,390.5,391.0,64.0,82.0,9046.0,12919.0,False,False
2330,2022-11-02 09:25:06.092949,0.0012820512820512775,-0.0038363171355498826,0.5,-1.5,389.5,390.0,390.5,391.0,64.0,82.0,9046.0,12919.0,False,False
2330,2022-11-02 09:25:06.178643,0.0012820512820512775,-0.0038363171355498826,0.5,-1.5,389.5,390.0,390.5,391.0,65.0,82.0,9046.0,12919.0,False,False
2330,2022-11-02 09:25:06.209252,0.0012820512820512775,-0.0038363171355498826,0.5,-1.5,389.5,390.0,390.5,391.0,65.0,82.0,9046.0,12919.0,False,False
2330,2022-11-02 09:25:06.440960,0.0012820512820512775,-0.0038363171355498826,0.5,-1.5,389.5,390.0,390.5,391.0,65.0,82.0,9046.0,12919.0,False,False
2330,2022-11-02 09:25:06.590092,0.0012820512820512775,-0.0038363171355498826,0.5,-1.5,389.5,390.0,390.5,391.0,65.0,82.0,9046.0,12919.0,False,False
2330,2022-11-02 09:25:06.689443,0.0012820512820512775,-0.0038363171355498826,0.5,-1.5,389.5,390.0,390.5,391.0,65.0,82.0,9046.0,12919.0,False,False
2330,2022-11-02 09:25:06.838504,0.0012820512820512775,-0.0038363171355498826,0.5,-1.5,389.5,390.0,390.5,391.0,65.0,82.0,9046.0,12919.0,False,False
2330,2022-11-02 09:25:07.146289,0.0012820512820512775,-0.0038363171355498826,0.5,-1.5,389.5,390.0,390.5,391.0,65.0,82.0,9046.0,12919.0,False,False
2330,2022-11-02 09:25:07.236897,0.0012820512820512775,-0.0038363171355498826,0.5,-1.5,389.5,390.0,390.5,391.0,65.0,83.0,9046.0,12919.0,False,False
2330,2022-11-02 09:25:07.344657,0.0012820512820512775,-0.0038363171355498826,0.5,-1.5,389.5,390.0,390.5,391.0,65.0,83.0,9046.0,12919.0,False,False
2330,2022-11-02 09:25:07.821318,0.0012820512820512775,-0.0038363171355498826,0.5,-1.5,389.5,390.0,390.5,391.0,76.0,83.0,9046.0,12919.0,False,False
2330,2022-11-02 09:25:07.839956,0.0012820512820512775,-0.0038363171355498826,0.5,-1.5,389.5,390.0,390.5,391.0,76.0,84.0,9046.0,12919.0,False,False
2330,2022-11-02 09:25:08.547201,0.0012820512820512775,-0.0038363171355498826,0.5,-1.5,389.5,390.0,390.5,391.0,76.0,84.0,9046.0,12919.0,False,False
2330,2022-11-02 09:25:09.524532,0.0012820512820512775,-0.0038363171355498826,0.5,-1.5,389.5,390.0,390.5,391.0,76.0,84.0,9046.0,12919.0,False,False
2330,2022-11-02 09:25:09.673727,0.0012820512820512775,-0.0038363171355498826,0.5,-1.5,389.5,390.0,390.5,391.0,76.0,84.0,9046.0,12919.0,False,False
2330,2022-11-02 09:25:10.999590,0.0012820512820512775,-0.0038363171355498826,0.5,-1.5,389.5,390.0,390.5,391.0,76.0,84.0,9046.0,12919.0,False,False
2330,2022-11-02 09:25:11.867937,0.0012820512820512775,-0.0038363171355498826,0.5,-1.5,389.5,390.0,390.5,391.0,76.0,83.0,9046.0,12919.0,False,False
2330,2022-11-02 09:25:12.305483,0.0012820512820512775,-0.0038363171355498826,0.5,-1.5,389.5,390.0,390.5,391.0,76.0,83.0,7872.0,13019.0,True,True
2330,2022-11-02 09:25:12.698987,0.0012820512820512775,-0.0038363171355498826,0.5,-1.5,389.5,390.0,390.5,391.0,76.0,85.0,7872.0,13019.0,False,False
2330,2022-11-02 09:25:12.900725,0.0012820512820512775,-0.0038363171355498826,0.5,-1.5,389.5,390.0,390.5,391.0,76.0,86.0,7872.0,13019.0,False,False
2330,2022-11-02 09:25:13.426386,0.0012820512820512775,-0.0038363171355498826,0.5,-1.5,389.5,390.0,390.5,391.0,76.0,86.0,7872.0,13019.0,False,False
2330,2022-11-02 09:25:13.674560,0.0012820512820512775,-0.0038363171355498826,0.5,-1.5,389.5,390.0,390.5,391.0,76.0,86.0,7872.0,13019.0,False,False
2330,2022-11-02 09:25:13.746280,0.0012820512820512775,-0.0038363171355498826,0.5,-1.5,389.5,390.0,390.5,391.0,76.0,86.0,7872.0,13019.0,False,False
2330,2022-11-02 09:25:13.869683,0.0012820512820512775,-0.0038363171355498826,0.5,-1.5,389.5,390.0,390.5,391.0,76.0,85.0,7872.0,13019.0,False,False
2330,2022-11-02 09:25:14.407730,0.0012820512820512775,-0.0038363171355498826,0.5,-1.5,389.5,390.0,390.5,391.0,76.0,85.0,7872.0,13019.0,False,False
2330,2022-11-02 09:25:14.954675,0.0012820512820512775,-0.0038363171355498826,0.5,-1.5,389.5,390.0,390.5,391.0,76.0,84.0,7872.0,13019.0,False,False
2330,2022-11-02 09:25:15.218237,0.0012820512820512775,-0.0038363171355498826,0.5,-1.5,389.5,390.0,390.5,391.0,76.0,84.0,7872.0,13019.0,False,False
2330,2022-11-02 09:25:16.190126,0.0012820512820512775,-0.0038363171355498826,0.5,-1.5,389.5,390.0,390.5,391.0,76.0,84.0,7872.0,13019.0,False,False
2330,2022-11-02 09:25:16.408915,0.0012820512820512775,-0.0038363171355498826,0.5,-1.5,389.5,390.0,390.5,391.0,76.0,86.0,7872.0,13019.0,False,False
2330,2022-11-02 09:25:17.565037,0.0012820512820512775,-0.0038363171355498826,0.5,-1.5,389.5,390.0,390.5,391.0,76.0,86.0,7872.0,13019.0,False,False
2330,2022-11-02 09:25:18.501506,0.0012820512820512775,-0.0038363171355498826,0.5,-1.5,389.5,390.0,390.5,391.0,75.0,86.0,7872.0,13019.0,False,False
2330,2022-11-02 09:25:18.831594,0.0012820512820512775,-0.0038363171355498826,0.5,-1.5,389.5,390.0,390.5,391.0,75.0,86.0,7872.0,13019.0,False,False
