symbol,datetime,NaOb_r,NbOa_r,NaOb_s,NbOa_s,bid1,ask1,odd_bid1,odd_ask1,bidQty1,askQty1,odd_bidQty1,odd_askQty1,simulate,triggerbyOdd
2409,2022-11-02 09:20:37.446400,-0.005698005698005826,0.0,-0.10000000000000142,0.0,17.5,17.55,17.45,17.5,456.0,88.0,3336.0,5490.0,True,True
2409,2022-11-02 09:20:38.829618,-0.005698005698005826,0.0,-0.10000000000000142,0.0,17.5,17.55,17.45,17.5,456.0,98.0,3336.0,5490.0,False,False
2409,2022-11-02 09:20:39.045955,-0.005698005698005826,0.0,-0.10000000000000142,0.0,17.5,17.55,17.45,17.5,456.0,98.0,3336.0,5490.0,False,False
2409,2022-11-02 09:20:41.255676,-0.005698005698005826,0.0,-0.10000000000000142,0.0,17.5,17.55,17.45,17.5,456.0,97.0,3336.0,5490.0,False,False
2409,2022-11-02 09:20:43.925904,-0.005698005698005826,0.0,-0.10000000000000142,0.0,17.5,17.55,17.45,17.5,456.0,97.0,3336.0,5490.0,False,False
2409,2022-11-02 09:20:43.954867,-0.005698005698005826,0.0,-0.10000000000000142,0.0,17.5,17.55,17.45,17.5,456.0,102.0,3336.0,5490.0,False,False
2409,2022-11-02 09:20:44.018540,-0.005698005698005826,0.0,-0.10000000000000142,0.0,17.5,17.55,17.45,17.5,447.0,111.0,3336.0,5490.0,False,False
2409,2022-11-02 09:20:44.667282,-0.005698005698005826,0.0,-0.10000000000000142,0.0,17.5,17.55,17.45,17.5,447.0,111.0,3336.0,5490.0,False,False
2409,2022-11-02 09:20:45.292187,-0.005698005698005826,0.0,-0.10000000000000142,0.0,17.5,17.55,17.45,17.5,447.0,111.0,3336.0,5490.0,False,False
2409,2022-11-02 09:20:46.350146,-0.005698005698005826,0.0,-0.10000000000000142,0.0,17.5,17.55,17.45,17.5,447.0,116.0,3336.0,5490.0,False,False
2409,2022-11-02 09:20:46.676183,-0.005698005698005826,0.0,-0.10000000000000142,0.0,17.5,17.55,17.45,17.5,447.0,91.0,3336.0,5490.0,False,False
2409,2022-11-02 09:20:46.781379,-0.005698005698005826,0.0,-0.10000000000000142,0.0,17.5,17.55,17.45,17.5,448.0,91.0,3336.0,5490.0,False,False
2409,2022-11-02 09:20:49.288216,-0.005698005698005826,0.0,-0.10000000000000142,0.0,17.5,17.55,17.45,17.5,448.0,91.0,3336.0,5490.0,False,False
2409,2022-11-02 09:20:49.799251,-0.005698005698005826,0.0,-0.10000000000000142,0.0,17.5,17.55,17.45,17.5,448.0,89.0,3336.0,5490.0,False,False
2409,2022-11-02 09:20:49.883837,-0.005698005698005826,0.0,-0.10000000000000142,0.0,17.5,17.55,17.45,17.5,448.0,88.0,3336.0,5490.0,False,False
2409,2022-11-02 09:20:53.962199,-0.005698005698005826,0.0,-0.10000000000000142,0.0,17.5,17.55,17.45,17.5,449.0,88.0,3336.0,5490.0,False,False
2409,2022-11-02 09:20:55.547462,-0.005698005698005826,0.0,-0.10000000000000142,0.0,17.5,17.55,17.45,17.5,449.0,146.0,3336.0,5490.0,False,False
2409,2022-11-02 09:20:57.536897,-0.005698005698005826,0.0,-0.10000000000000142,0.0,17.5,17.55,17.45,17.5,449.0,146.0,3336.0,5290.0,True,True
2409,2022-11-02 09:20:59.655738,-0.005698005698005826,0.0,-0.10000000000000142,0.0,17.5,17.55,17.45,17.5,449.0,146.0,3336.0,5290.0,False,False
2409,2022-11-02 09:20:59.715492,-0.005698005698005826,0.0,-0.10000000000000142,0.0,17.5,17.55,17.45,17.5,449.0,146.0,3336.0,5290.0,False,False
2409,2022-11-02 09:21:02.788474,-0.005698005698005826,0.0,-0.10000000000000142,0.0,17.5,17.55,17.45,17.5,449.0,145.0,3336.0,5290.0,False,False
2409,2022-11-02 09:21:03.831925,-0.005698005698005826,0.0,-0.10000000000000142,0.0,17.5,17.55,17.45,17.5,444.0,140.0,3336.0,5290.0,False,False
2409,2022-11-02 09:21:05.107992,-0.005698005698005826,0.0,-0.10000000000000142,0.0,17.5,17.55,17.45,17.5,445.0,140.0,3336.0,5290.0,False,False
2409,2022-11-02 09:21:05.137932,-0.005698005698005826,0.0,-0.10000000000000142,0.0,17.5,17.55,17.45,17.5,445.0,140.0,3336.0,5290.0,False,False
2409,2022-11-02 09:21:05.501779,-0.005698005698005826,0.0,-0.10000000000000142,0.0,17.5,17.55,17.45,17.5,445.0,140.0,3336.0,5290.0,False,False
2409,2022-11-02 09:21:05.529339,-0.005698005698005826,0.0,-0.10000000000000142,0.0,17.5,17.55,17.45,17.5,445.0,135.0,3336.0,5290.0,False,False
2409,2022-11-02 09:21:06.429440,-0.005698005698005826,0.0,-0.10000000000000142,0.0,17.5,17.55,17.45,17.5,445.0,135.0,3336.0,5290.0,False,False
2409,2022-11-02 09:21:07.480211,-0.005698005698005826,0.0,-0.10000000000000142,0.0,17.5,17.55,17.45,17.5,445.0,135.0,3336.0,5290.0,False,False
2409,2022-11-02 09:21:08.006200,-0.005698005698005826,0.0,-0.10000000000000142,0.0,17.5,17.55,17.45,17.5,445.0,136.0,3336.0,5290.0,False,False
2409,2022-11-02 09:21:08.094739,-0.005698005698005826,0.0,-0.10000000000000142,0.0,17.5,17.55,17.45,17.5,445.0,136.0,3336.0,5290.0,False,False
2409,2022-11-02 09:21:11.014234,-0.005698005698005826,0.0,-0.10000000000000142,0.0,17.5,17.55,17.45,17.5,446.0,136.0,3336.0,5290.0,False,False
2409,2022-11-02 09:21:11.937043,-0.005698005698005826,0.0,-0.10000000000000142,0.0,17.5,17.55,17.45,17.5,446.0,136.0,3336.0,5290.0,False,False
2409,2022-11-02 09:21:13.492532,-0.005698005698005826,0.0,-0.10000000000000142,0.0,17.5,17.55,17.45,17.5,446.0,136.0,3336.0,5290.0,False,False
2409,2022-11-02 09:21:16.096047,-0.005698005698005826,0.0,-0.10000000000000142,0.0,17.5,17.55,17.45,17.5,446.0,130.0,3336.0,5290.0,False,False
2409,2022-11-02 09:21:17.379545,-0.005698005698005826,0.0,-0.10000000000000142,0.0,17.5,17.55,17.45,17.5,446.0,131.0,3336.0,5290.0,False,False
2409,2022-11-02 09:21:18.617901,-0.005698005698005826,0.0,-0.10000000000000142,0.0,17.5,17.55,17.45,17.5,446.0,133.0,3336.0,5290.0,False,False
2409,2022-11-02 09:21:19.089413,-0.005698005698005826,0.0,-0.10000000000000142,0.0,17.5,17.55,17.45,17.5,446.0,133.0,3336.0,5290.0,False,False
2409,2022-11-02 09:21:19.332100,-0.005698005698005826,0.0,-0.10000000000000142,0.0,17.5,17.55,17.45,17.5,446.0,133.0,3336.0,5290.0,False,False
2409,2022-11-02 09:21:20.793322,-0.005698005698005826,0.0,-0.10000000000000142,0.0,17.5,17.55,17.45,17.5,446.0,133.0,3336.0,5290.0,False,False
2409,2022-11-02 09:21:20.921132,-0.005698005698005826,0.0,-0.10000000000000142,0.0,17.5,17.55,17.45,17.5,446.0,133.0,3336.0,5290.0,False,False
2409,2022-11-02 09:21:24.511572,-0.005698005698005826,0.0,-0.10000000000000142,0.0,17.5,17.55,17.45,17.5,446.0,143.0,3336.0,5290.0,False,False
2409,2022-11-02 09:21:24.654442,-0.005698005698005826,0.0,-0.10000000000000142,0.0,17.5,17.55,17.45,17.5,446.0,148.0,3336.0,5290.0,False,False
2409,2022-11-02 09:21:25.568827,-0.005698005698005826,0.0,-0.10000000000000142,0.0,17.5,17.55,17.45,17.5,446.0,163.0,3336.0,5290.0,False,False
2409,2022-11-02 09:21:25.648058,-0.005698005698005826,0.0,-0.10000000000000142,0.0,17.5,17.55,17.45,17.5,447.0,163.0,3336.0,5290.0,False,False
2409,2022-11-02 09:21:25.649514,-0.005698005698005826,0.0,-0.10000000000000142,0.0,17.5,17.55,17.45,17.5,447.0,160.0,3336.0,5290.0,False,False
2409,2022-11-02 09:21:25.648392,-0.005698005698005826,0.0,-0.10000000000000142,0.0,17.5,17.55,17.45,17.5,447.0,163.0,3336.0,5290.0,False,False
2409,2022-11-02 09:21:26.194317,-0.005698005698005826,0.0,-0.10000000000000142,0.0,17.5,17.55,17.45,17.5,447.0,156.0,3336.0,5290.0,False,False
2409,2022-11-02 09:21:27.686891,-0.005698005698005826,0.0,-0.10000000000000142,0.0,17.5,17.55,17.45,17.5,447.0,156.0,3336.0,5170.0,True,True
2409,2022-11-02 09:21:28.032357,-0.005698005698005826,0.0,-0.10000000000000142,0.0,17.5,17.55,17.45,17.5,447.0,156.0,3336.0,5170.0,False,False
2409,2022-11-02 09:21:29.801819,-0.005698005698005826,0.0,-0.10000000000000142,0.0,17.5,17.55,17.45,17.5,447.0,156.0,3336.0,5170.0,False,False
2409,2022-11-02 09:21:34.651580,-0.005698005698005826,0.0,-0.10000000000000142,0.0,17.5,17.55,17.45,17.5,450.0,156.0,3336.0,5170.0,False,False
2409,2022-11-02 09:21:37.531729,-0.005698005698005826,0.0,-0.10000000000000142,0.0,17.5,17.55,17.45,17.5,450.0,156.0,3336.0,5170.0,False,False
2409,2022-11-02 09:21:37.958506,-0.005698005698005826,0.0,-0.10000000000000142,0.0,17.5,17.55,17.45,17.5,450.0,153.0,3336.0,5170.0,False,False
2409,2022-11-02 09:21:37.966347,-0.005698005698005826,0.0,-0.10000000000000142,0.0,17.5,17.55,17.45,17.5,446.0,153.0,3336.0,5170.0,False,False
2409,2022-11-02 09:21:38.374585,-0.005698005698005826,0.0,-0.10000000000000142,0.0,17.5,17.55,17.45,17.5,445.0,153.0,3336.0,5170.0,False,False
2409,2022-11-02 09:21:39.523331,-0.005698005698005826,0.0,-0.10000000000000142,0.0,17.5,17.55,17.45,17.5,445.0,143.0,3336.0,5170.0,False,False
2409,2022-11-02 09:21:39.605314,-0.005698005698005826,0.0,-0.10000000000000142,0.0,17.5,17.55,17.45,17.5,449.0,143.0,3336.0,5170.0,False,False
2409,2022-11-02 09:21:39.977373,-0.005698005698005826,0.0,-0.10000000000000142,0.0,17.5,17.55,17.45,17.5,449.0,143.0,3336.0,5170.0,False,False
2409,2022-11-02 09:21:40.003110,-0.005698005698005826,0.0,-0.10000000000000142,0.0,17.5,17.55,17.45,17.5,449.0,143.0,3336.0,5170.0,False,False
2409,2022-11-02 09:21:41.210999,-0.005698005698005826,0.0,-0.10000000000000142,0.0,17.5,17.55,17.45,17.5,449.0,145.0,3336.0,5170.0,False,False
2409,2022-11-02 09:21:47.773822,-0.005698005698005826,0.0,-0.10000000000000142,0.0,17.5,17.55,17.45,17.5,449.0,145.0,3136.0,5170.0,True,True
2409,2022-11-02 09:21:50.317631,-0.005698005698005826,0.0,-0.10000000000000142,0.0,17.5,17.55,17.45,17.5,449.0,146.0,3136.0,5170.0,False,False
2409,2022-11-02 09:21:51.908975,-0.005698005698005826,0.0,-0.10000000000000142,0.0,17.5,17.55,17.45,17.5,449.0,146.0,3136.0,5170.0,False,False
2409,2022-11-02 09:21:52.644368,-0.005698005698005826,0.0,-0.10000000000000142,0.0,17.5,17.55,17.45,17.5,449.0,146.0,3136.0,5170.0,False,False
2409,2022-11-02 09:21:55.763675,-0.005698005698005826,0.0,-0.10000000000000142,0.0,17.5,17.55,17.45,17.5,449.0,147.0,3136.0,5170.0,False,False
2409,2022-11-02 09:21:57.491859,-0.005698005698005826,0.0,-0.10000000000000142,0.0,17.5,17.55,17.45,17.5,449.0,149.0,3136.0,5170.0,False,False
2409,2022-11-02 09:21:57.914746,-0.005698005698005826,0.0,-0.10000000000000142,0.0,17.5,17.55,17.45,17.5,449.0,149.0,3136.0,5170.0,True,True
2409,2022-11-02 09:21:57.951273,-0.005698005698005826,0.0,-0.10000000000000142,0.0,17.5,17.55,17.45,17.5,449.0,148.0,3136.0,5170.0,False,False
2409,2022-11-02 09:21:57.954370,-0.005698005698005826,0.0,-0.10000000000000142,0.0,17.5,17.55,17.45,17.5,449.0,146.0,3136.0,5170.0,False,False
2409,2022-11-02 09:21:58.141161,-0.005698005698005826,0.0,-0.10000000000000142,0.0,17.5,17.55,17.45,17.5,454.0,146.0,3136.0,5170.0,False,False
2409,2022-11-02 09:21:58.606683,-0.005698005698005826,0.0,-0.10000000000000142,0.0,17.5,17.55,17.45,17.5,454.0,146.0,3136.0,5170.0,False,False
2409,2022-11-02 09:21:59.860929,-0.005698005698005826,0.0,-0.10000000000000142,0.0,17.5,17.55,17.45,17.5,464.0,146.0,3136.0,5170.0,False,False
2409,2022-11-02 09:22:00.045975,-0.005698005698005826,0.0,-0.10000000000000142,0.0,17.5,17.55,17.45,17.5,464.0,149.0,3136.0,5170.0,False,False
2409,2022-11-02 09:22:00.749080,-0.005698005698005826,0.0,-0.10000000000000142,0.0,17.5,17.55,17.45,17.5,465.0,149.0,3136.0,5170.0,False,False
2409,2022-11-02 09:22:05.211750,-0.005698005698005826,0.0,-0.10000000000000142,0.0,17.5,17.55,17.45,17.5,475.0,149.0,3136.0,5170.0,False,False
2409,2022-11-02 09:22:05.613299,-0.005698005698005826,0.0,-0.10000000000000142,0.0,17.5,17.55,17.45,17.5,475.0,149.0,3136.0,5170.0,False,False
2409,2022-11-02 09:22:06.835464,-0.005698005698005826,0.0,-0.10000000000000142,0.0,17.5,17.55,17.45,17.5,474.0,148.0,3136.0,5170.0,False,False
2409,2022-11-02 09:22:06.949703,-0.005698005698005826,0.0,-0.10000000000000142,0.0,17.5,17.55,17.45,17.5,474.0,150.0,3136.0,5170.0,False,False
2409,2022-11-02 09:22:07.125337,-0.005698005698005826,0.0,-0.10000000000000142,0.0,17.5,17.55,17.45,17.5,474.0,150.0,3136.0,5170.0,False,False
2409,2022-11-02 09:22:07.152508,-0.005698005698005826,0.0,-0.10000000000000142,0.0,17.5,17.55,17.45,17.5,474.0,150.0,3136.0,4970.0,False,True
2409,2022-11-02 09:22:08.081858,-0.005698005698005826,0.0,-0.10000000000000142,0.0,17.5,17.55,17.45,17.5,474.0,150.0,3136.0,4970.0,False,False
2409,2022-11-02 09:22:08.638861,-0.005698005698005826,0.0,-0.10000000000000142,0.0,17.5,17.55,17.45,17.5,475.0,150.0,3136.0,4970.0,False,False
2409,2022-11-02 09:22:10.401460,-0.005698005698005826,0.0,-0.10000000000000142,0.0,17.5,17.55,17.45,17.5,475.0,150.0,3136.0,4970.0,False,False
2409,2022-11-02 09:22:12.031674,-0.005698005698005826,0.0,-0.10000000000000142,0.0,17.5,17.55,17.45,17.5,475.0,150.0,3136.0,4970.0,False,False
2409,2022-11-02 09:22:12.152878,-0.005698005698005826,0.0,-0.10000000000000142,0.0,17.5,17.55,17.45,17.5,475.0,150.0,3136.0,4970.0,False,False
2409,2022-11-02 09:22:14.919576,-0.005698005698005826,0.0,-0.10000000000000142,0.0,17.5,17.55,17.45,17.5,475.0,150.0,3136.0,4970.0,False,False
2409,2022-11-02 09:22:17.192707,-0.005698005698005826,0.0,-0.10000000000000142,0.0,17.5,17.55,17.45,17.5,475.0,150.0,3136.0,4290.0,True,True
2409,2022-11-02 09:22:17.891556,-0.005698005698005826,0.0,-0.10000000000000142,0.0,17.5,17.55,17.45,17.5,475.0,150.0,3136.0,4290.0,False,False
2409,2022-11-02 09:22:17.955445,-0.005698005698005826,0.0,-0.10000000000000142,0.0,17.5,17.55,17.45,17.5,475.0,149.0,3136.0,4290.0,False,False
2409,2022-11-02 09:22:18.490371,-0.005698005698005826,0.0,-0.10000000000000142,0.0,17.5,17.55,17.45,17.5,475.0,141.0,3136.0,4290.0,False,False
2409,2022-11-02 09:22:20.897483,-0.005698005698005826,0.0,-0.10000000000000142,0.0,17.5,17.55,17.45,17.5,475.0,141.0,3136.0,4290.0,False,False
2409,2022-11-02 09:22:22.833158,-0.005698005698005826,0.0,-0.10000000000000142,0.0,17.5,17.55,17.45,17.5,475.0,140.0,3136.0,4290.0,False,False
2409,2022-11-02 09:22:24.612128,-0.005698005698005826,0.0,-0.10000000000000142,0.0,17.5,17.55,17.45,17.5,469.0,140.0,3136.0,4290.0,False,False
2409,2022-11-02 09:22:26.227521,-0.005698005698005826,0.0,-0.10000000000000142,0.0,17.5,17.55,17.45,17.5,469.0,136.0,3136.0,4290.0,False,False
2409,2022-11-02 09:22:26.926789,-0.005698005698005826,0.0,-0.10000000000000142,0.0,17.5,17.55,17.45,17.5,469.0,136.0,3136.0,4290.0,False,False
2409,2022-11-02 09:22:27.247044,-0.005698005698005826,0.0,-0.10000000000000142,0.0,17.5,17.55,17.45,17.5,468.0,136.0,3136.0,4290.0,False,False
2409,2022-11-02 09:22:27.238005,-0.005698005698005826,0.0,-0.10000000000000142,0.0,17.5,17.55,17.45,17.5,468.0,136.0,3636.0,4284.0,True,True
2409,2022-11-02 09:22:29.481445,-0.005698005698005826,0.0,-0.10000000000000142,0.0,17.5,17.55,17.45,17.5,468.0,137.0,3636.0,4284.0,False,False
2409,2022-11-02 09:22:30.074098,-0.005698005698005826,0.0,-0.10000000000000142,0.0,17.5,17.55,17.45,17.5,468.0,137.0,3636.0,4284.0,False,False
2409,2022-11-02 09:22:30.633925,-0.005698005698005826,0.0,-0.10000000000000142,0.0,17.5,17.55,17.45,17.5,468.0,138.0,3636.0,4284.0,False,False
2409,2022-11-02 09:22:30.943680,-0.005698005698005826,0.0,-0.10000000000000142,0.0,17.5,17.55,17.45,17.5,467.0,138.0,3636.0,4284.0,False,False
2409,2022-11-02 09:22:31.544203,-0.005698005698005826,0.0,-0.10000000000000142,0.0,17.5,17.55,17.45,17.5,467.0,128.0,3636.0,4284.0,False,False
2409,2022-11-02 09:22:32.774464,-0.005698005698005826,0.0,-0.10000000000000142,0.0,17.5,17.55,17.45,17.5,467.0,128.0,3636.0,4284.0,False,False
2409,2022-11-02 09:22:33.355652,-0.005698005698005826,0.0,-0.10000000000000142,0.0,17.5,17.55,17.45,17.5,477.0,128.0,3636.0,4284.0,False,False
2409,2022-11-02 09:22:33.819472,-0.005698005698005826,0.0,-0.10000000000000142,0.0,17.5,17.55,17.45,17.5,477.0,70.0,3636.0,4284.0,False,False
2409,2022-11-02 09:22:33.898098,-0.005698005698005826,0.0,-0.10000000000000142,0.0,17.5,17.55,17.45,17.5,484.0,70.0,3636.0,4284.0,False,False
2409,2022-11-02 09:22:37.297554,-0.005698005698005826,0.0,-0.10000000000000142,0.0,17.5,17.55,17.45,17.5,484.0,71.0,3636.0,4284.0,False,False
2409,2022-11-02 09:22:37.905640,-0.005698005698005826,0.0,-0.10000000000000142,0.0,17.5,17.55,17.45,17.5,484.0,71.0,3636.0,4284.0,False,False
2409,2022-11-02 09:22:42.165453,-0.005698005698005826,0.0,-0.10000000000000142,0.0,17.5,17.55,17.45,17.5,484.0,71.0,3636.0,4284.0,False,False
2409,2022-11-02 09:22:44.097117,-0.005698005698005826,0.0,-0.10000000000000142,0.0,17.5,17.55,17.45,17.5,484.0,71.0,3636.0,4284.0,False,False
2409,2022-11-02 09:22:46.183825,-0.005698005698005826,0.0,-0.10000000000000142,0.0,17.5,17.55,17.45,17.5,484.0,69.0,3636.0,4284.0,False,False
2409,2022-11-02 09:22:46.849702,-0.005698005698005826,0.0,-0.10000000000000142,0.0,17.5,17.55,17.45,17.5,484.0,69.0,3636.0,4284.0,False,False
2409,2022-11-02 09:22:47.329619,-0.005698005698005826,0.0,-0.10000000000000142,0.0,17.5,17.55,17.45,17.5,484.0,69.0,3636.0,4284.0,True,True
2409,2022-11-02 09:22:47.447141,-0.005698005698005826,0.0,-0.10000000000000142,0.0,17.5,17.55,17.45,17.5,484.0,69.0,3636.0,4284.0,False,False
2409,2022-11-02 09:22:47.684980,-0.005698005698005826,0.0,-0.10000000000000142,0.0,17.5,17.55,17.45,17.5,483.0,69.0,3636.0,4284.0,False,False
2409,2022-11-02 09:22:48.346590,-0.005698005698005826,0.0,-0.10000000000000142,0.0,17.5,17.55,17.45,17.5,483.0,71.0,3636.0,4284.0,False,False
2409,2022-11-02 09:22:48.398654,-0.005698005698005826,0.0,-0.10000000000000142,0.0,17.5,17.55,17.45,17.5,483.0,71.0,3636.0,4284.0,False,False
2409,2022-11-02 09:22:48.579911,-0.005698005698005826,0.0,-0.10000000000000142,0.0,17.5,17.55,17.45,17.5,483.0,69.0,3636.0,4284.0,False,False
2409,2022-11-02 09:22:50.179975,-0.005698005698005826,0.0,-0.10000000000000142,0.0,17.5,17.55,17.45,17.5,483.0,62.0,3636.0,4284.0,False,False
2409,2022-11-02 09:22:50.617325,-0.005698005698005826,0.0,-0.10000000000000142,0.0,17.5,17.55,17.45,17.5,478.0,62.0,3636.0,4284.0,False,False
2409,2022-11-02 09:22:51.077788,-0.005698005698005826,0.0,-0.10000000000000142,0.0,17.5,17.55,17.45,17.5,477.0,62.0,3636.0,4284.0,False,False
2409,2022-11-02 09:22:51.360690,-0.005698005698005826,0.0,-0.10000000000000142,0.0,17.5,17.55,17.45,17.5,477.0,62.0,3636.0,4284.0,False,False
2409,2022-11-02 09:22:52.054743,-0.005698005698005826,0.0,-0.10000000000000142,0.0,17.5,17.55,17.45,17.5,477.0,59.0,3636.0,4284.0,False,False
2409,2022-11-02 09:22:52.730107,-0.005698005698005826,0.0,-0.10000000000000142,0.0,17.5,17.55,17.45,17.5,477.0,59.0,3636.0,4284.0,False,False
2409,2022-11-02 09:22:55.874596,-0.005698005698005826,0.0,-0.10000000000000142,0.0,17.5,17.55,17.45,17.5,487.0,59.0,3636.0,4284.0,False,False
2409,2022-11-02 09:22:57.084394,-0.005698005698005826,0.0,-0.10000000000000142,0.0,17.5,17.55,17.45,17.5,487.0,59.0,3636.0,4284.0,False,False
2409,2022-11-02 09:22:57.108752,-0.005698005698005826,0.0,-0.10000000000000142,0.0,17.5,17.55,17.45,17.5,487.0,59.0,3636.0,4284.0,False,False
2409,2022-11-02 09:22:59.132080,-0.005698005698005826,0.0,-0.10000000000000142,0.0,17.5,17.55,17.45,17.5,487.0,57.0,3636.0,4284.0,False,False
2409,2022-11-02 09:22:59.431862,-0.005698005698005826,0.0,-0.10000000000000142,0.0,17.5,17.55,17.45,17.5,487.0,57.0,3636.0,4284.0,False,False
2409,2022-11-02 09:22:59.443166,-0.005698005698005826,0.0,-0.10000000000000142,0.0,17.5,17.55,17.45,17.5,488.0,57.0,3636.0,4284.0,False,False
2409,2022-11-02 09:23:01.102460,-0.005698005698005826,0.0,-0.10000000000000142,0.0,17.5,17.55,17.45,17.5,487.0,57.0,3636.0,4284.0,False,False
2409,2022-11-02 09:23:01.201388,-0.005698005698005826,0.0,-0.10000000000000142,0.0,17.5,17.55,17.45,17.5,487.0,43.0,3636.0,4284.0,False,False
2409,2022-11-02 09:23:01.226598,-0.005698005698005826,0.0,-0.10000000000000142,0.0,17.5,17.55,17.45,17.5,498.0,43.0,3636.0,4284.0,False,False
2409,2022-11-02 09:23:01.466345,-0.005698005698005826,0.0,-0.10000000000000142,0.0,17.5,17.55,17.45,17.5,498.0,43.0,3636.0,4284.0,False,False
2409,2022-11-02 09:23:02.967240,-0.005698005698005826,0.0,-0.10000000000000142,0.0,17.5,17.55,17.45,17.5,498.0,43.0,3636.0,4284.0,False,False
2409,2022-11-02 09:23:03.576262,-0.005698005698005826,0.0,-0.10000000000000142,0.0,17.5,17.55,17.45,17.5,498.0,36.0,3636.0,4284.0,False,False
2409,2022-11-02 09:23:04.661070,-0.005698005698005826,0.0,-0.10000000000000142,0.0,17.5,17.55,17.45,17.5,496.0,36.0,3636.0,4284.0,False,False
2409,2022-11-02 09:23:04.677720,-0.005698005698005826,0.0,-0.10000000000000142,0.0,17.5,17.55,17.45,17.5,496.0,26.0,3636.0,4284.0,False,False
2409,2022-11-02 09:23:04.753556,-0.005698005698005826,0.0,-0.10000000000000142,0.0,17.5,17.55,17.45,17.5,496.0,24.0,3636.0,4284.0,False,False
2409,2022-11-02 09:23:04.753737,-0.005698005698005826,0.0,-0.10000000000000142,0.0,17.5,17.55,17.45,17.5,494.0,24.0,3636.0,4284.0,False,False
2409,2022-11-02 09:23:04.755040,-0.005698005698005826,0.0,-0.10000000000000142,0.0,17.5,17.55,17.45,17.5,494.0,19.0,3636.0,4284.0,False,False
2409,2022-11-02 09:23:04.756625,-0.005698005698005826,0.0,-0.10000000000000142,0.0,17.5,17.55,17.45,17.5,494.0,18.0,3636.0,4284.0,False,False
2409,2022-11-02 09:23:06.667084,-0.005698005698005826,0.0,-0.10000000000000142,0.0,17.5,17.55,17.45,17.5,494.0,19.0,3636.0,4284.0,False,False
2409,2022-11-02 09:23:06.740430,-0.005698005698005826,0.0,-0.10000000000000142,0.0,17.5,17.55,17.45,17.5,504.0,19.0,3636.0,4284.0,False,False
2409,2022-11-02 09:23:07.408874,-0.005698005698005826,0.0,-0.10000000000000142,0.0,17.5,17.55,17.45,17.5,504.0,19.0,3686.0,3484.0,True,True
2409,2022-11-02 09:23:07.960451,-0.005698005698005826,0.0,-0.10000000000000142,0.0,17.5,17.55,17.45,17.5,504.0,19.0,3686.0,3484.0,False,False
2409,2022-11-02 09:23:08.254477,-0.005698005698005826,0.0,-0.10000000000000142,0.0,17.5,17.55,17.45,17.5,514.0,19.0,3686.0,3484.0,False,False
2409,2022-11-02 09:23:09.135452,-0.005698005698005826,0.0,-0.10000000000000142,0.0,17.5,17.55,17.45,17.5,514.0,29.0,3686.0,3484.0,False,False
2409,2022-11-02 09:23:09.681533,-0.005698005698005826,0.0,-0.10000000000000142,0.0,17.5,17.55,17.45,17.5,514.0,29.0,3686.0,3484.0,False,False
2409,2022-11-02 09:23:10.775823,-0.005698005698005826,0.0,-0.10000000000000142,0.0,17.5,17.55,17.45,17.5,514.0,29.0,3686.0,3484.0,False,False
2409,2022-11-02 09:23:13.130520,-0.005698005698005826,0.0,-0.10000000000000142,0.0,17.5,17.55,17.45,17.5,514.0,30.0,3686.0,3484.0,False,False
2409,2022-11-02 09:23:15.326771,-0.005698005698005826,0.0,-0.10000000000000142,0.0,17.5,17.55,17.45,17.5,515.0,30.0,3686.0,3484.0,False,False
2409,2022-11-02 09:23:16.598725,-0.005698005698005826,0.0,-0.10000000000000142,0.0,17.5,17.55,17.45,17.5,525.0,30.0,3686.0,3484.0,False,False
2409,2022-11-02 09:23:17.451055,-0.005698005698005826,0.0,-0.10000000000000142,0.0,17.5,17.55,17.45,17.5,525.0,30.0,3686.0,3484.0,True,True
2409,2022-11-02 09:23:17.726210,-0.005698005698005826,0.0,-0.10000000000000142,0.0,17.5,17.55,17.45,17.5,541.0,30.0,3686.0,3484.0,False,False
2409,2022-11-02 09:23:17.989622,-0.005698005698005826,0.0,-0.10000000000000142,0.0,17.5,17.55,17.45,17.5,541.0,30.0,3686.0,3484.0,False,False
2409,2022-11-02 09:23:18.045819,-0.005698005698005826,0.0,-0.10000000000000142,0.0,17.5,17.55,17.45,17.5,541.0,37.0,3686.0,3484.0,False,False
2409,2022-11-02 09:23:18.470354,-0.005698005698005826,0.0,-0.10000000000000142,0.0,17.5,17.55,17.45,17.5,541.0,38.0,3686.0,3484.0,False,False
2409,2022-11-02 09:23:18.511370,-0.005698005698005826,0.0,-0.10000000000000142,0.0,17.5,17.55,17.45,17.5,541.0,38.0,3686.0,3484.0,False,False
2409,2022-11-02 09:23:18.726172,-0.005698005698005826,0.0,-0.10000000000000142,0.0,17.5,17.55,17.45,17.5,541.0,29.0,3686.0,3484.0,False,False
2409,2022-11-02 09:23:19.261838,-0.005698005698005826,0.0,-0.10000000000000142,0.0,17.5,17.55,17.45,17.5,541.0,15.0,3686.0,3484.0,False,False
2409,2022-11-02 09:23:19.388732,-0.005698005698005826,0.0,-0.10000000000000142,0.0,17.5,17.55,17.45,17.5,542.0,15.0,3686.0,3484.0,False,False
2409,2022-11-02 09:23:19.603430,-0.005698005698005826,0.0,-0.10000000000000142,0.0,17.5,17.55,17.45,17.5,537.0,15.0,3686.0,3484.0,False,False
2409,2022-11-02 09:23:20.647537,-0.005698005698005826,0.0,-0.10000000000000142,0.0,17.5,17.55,17.45,17.5,537.0,15.0,3686.0,3484.0,False,False
2409,2022-11-02 09:23:21.151468,-0.005698005698005826,0.0,-0.10000000000000142,0.0,17.5,17.55,17.45,17.5,537.0,15.0,3686.0,3484.0,False,False
2409,2022-11-02 09:23:22.365451,-0.005698005698005826,0.0,-0.10000000000000142,0.0,17.5,17.55,17.45,17.5,537.0,10.0,3686.0,3484.0,False,False
2409,2022-11-02 09:23:22.465583,-0.005698005698005826,0.0,-0.10000000000000142,0.0,17.5,17.55,17.45,17.5,537.0,9.0,3686.0,3484.0,False,False
2409,2022-11-02 09:23:22.495830,-0.005698005698005826,0.0,-0.10000000000000142,0.0,17.5,17.55,17.45,17.5,537.0,9.0,3686.0,3484.0,False,False
2409,2022-11-02 09:23:22.516755,-0.005698005698005826,0.0,-0.10000000000000142,0.0,17.5,17.55,17.45,17.5,537.0,8.0,3686.0,3484.0,False,False
2409,2022-11-02 09:23:22.505191,-0.005698005698005826,0.0,-0.10000000000000142,0.0,17.5,17.55,17.45,17.5,537.0,12.0,3686.0,3484.0,False,False
2409,2022-11-02 09:23:23.211999,-0.005698005698005826,0.0,-0.10000000000000142,0.0,17.5,17.55,17.45,17.5,537.0,9.0,3686.0,3484.0,False,False
2409,2022-11-02 09:23:23.840330,-0.005698005698005826,0.0,-0.10000000000000142,0.0,17.5,17.55,17.45,17.5,537.0,9.0,3686.0,3484.0,False,False
2409,2022-11-02 09:23:25.197029,-0.005698005698005826,0.0,-0.10000000000000142,0.0,17.5,17.55,17.45,17.5,538.0,9.0,3686.0,3484.0,False,False
2409,2022-11-02 09:23:25.234064,-0.005698005698005826,0.0,-0.10000000000000142,0.0,17.5,17.55,17.45,17.5,538.0,8.0,3686.0,3484.0,False,False
2409,2022-11-02 09:23:26.300494,-0.005698005698005826,0.0,-0.10000000000000142,0.0,17.5,17.55,17.45,17.5,538.0,9.0,3686.0,3484.0,False,False
2409,2022-11-02 09:23:26.307477,-0.005698005698005826,0.0,-0.10000000000000142,0.0,17.5,17.55,17.45,17.5,538.0,9.0,3686.0,3484.0,False,False
2409,2022-11-02 09:23:26.449005,-0.005698005698005826,0.0,-0.10000000000000142,0.0,17.5,17.55,17.45,17.5,538.0,9.0,3686.0,3484.0,False,False
2409,2022-11-02 09:23:26.553748,-0.005698005698005826,0.0,-0.10000000000000142,0.0,17.5,17.55,17.45,17.5,537.0,9.0,3686.0,3484.0,False,False
2409,2022-11-02 09:23:26.654105,-0.005698005698005826,0.0,-0.10000000000000142,0.0,17.5,17.55,17.45,17.5,537.0,10.0,3686.0,3484.0,False,False
2409,2022-11-02 09:23:27.322937,-0.005698005698005826,0.0,-0.10000000000000142,0.0,17.5,17.55,17.45,17.5,537.0,10.0,3686.0,3484.0,False,False
2409,2022-11-02 09:23:27.496380,-0.005698005698005826,0.0,-0.10000000000000142,0.0,17.5,17.55,17.45,17.5,537.0,10.0,3686.0,3534.0,True,True
2409,2022-11-02 09:23:29.474017,-0.005698005698005826,0.0,-0.10000000000000142,0.0,17.5,17.55,17.45,17.5,537.0,9.0,3686.0,3534.0,False,False
2409,2022-11-02 09:23:29.605302,-0.005698005698005826,0.0,-0.10000000000000142,0.0,17.5,17.55,17.45,17.5,537.0,8.0,3686.0,3534.0,False,False
2409,2022-11-02 09:23:29.746403,-0.005698005698005826,0.0,-0.10000000000000142,0.0,17.5,17.55,17.45,17.5,537.0,8.0,3686.0,3534.0,False,False
2409,2022-11-02 09:23:30.695568,-0.005698005698005826,0.0,-0.10000000000000142,0.0,17.5,17.55,17.45,17.5,537.0,8.0,3686.0,3534.0,False,False
2409,2022-11-02 09:23:32.314889,-0.005698005698005826,0.0,-0.10000000000000142,0.0,17.5,17.55,17.45,17.5,547.0,8.0,3686.0,3534.0,False,False
2409,2022-11-02 09:23:32.873594,-0.005698005698005826,0.0,-0.10000000000000142,0.0,17.5,17.55,17.45,17.5,548.0,8.0,3686.0,3534.0,False,False
2409,2022-11-02 09:23:33.113519,-0.005698005698005826,0.0,-0.10000000000000142,0.0,17.5,17.55,17.45,17.5,545.0,8.0,3686.0,3534.0,False,False
2409,2022-11-02 09:23:33.145475,-0.005698005698005826,0.0,-0.10000000000000142,0.0,17.5,17.55,17.45,17.5,545.0,13.0,3686.0,3534.0,False,False
2409,2022-11-02 09:23:33.614795,-0.005698005698005826,0.0,-0.10000000000000142,0.0,17.5,17.55,17.45,17.5,545.0,12.0,3686.0,3534.0,False,False
2409,2022-11-02 09:23:33.807270,-0.005698005698005826,0.0,-0.10000000000000142,0.0,17.5,17.55,17.45,17.5,545.0,12.0,3686.0,3534.0,False,False
2409,2022-11-02 09:23:34.833800,-0.005698005698005826,0.0,-0.10000000000000142,0.0,17.5,17.55,17.45,17.5,545.0,13.0,3686.0,3534.0,False,False
2409,2022-11-02 09:23:36.843070,-0.005698005698005826,0.0,-0.10000000000000142,0.0,17.5,17.55,17.45,17.5,545.0,13.0,3686.0,3534.0,False,False
2409,2022-11-02 09:23:37.542990,-0.005698005698005826,0.0,-0.10000000000000142,0.0,17.5,17.55,17.45,17.5,545.0,13.0,3686.0,3534.0,True,True
2409,2022-11-02 09:23:38.384212,-0.005698005698005826,0.0,-0.10000000000000142,0.0,17.5,17.55,17.45,17.5,545.0,13.0,3686.0,3534.0,False,False
2409,2022-11-02 09:23:39.281034,-0.005698005698005826,0.0,-0.10000000000000142,0.0,17.5,17.55,17.45,17.5,545.0,14.0,3686.0,3534.0,False,False
2409,2022-11-02 09:23:39.508600,-0.005698005698005826,0.0,-0.10000000000000142,0.0,17.5,17.55,17.45,17.5,545.0,15.0,3686.0,3534.0,False,False
2409,2022-11-02 09:23:42.673644,-0.005698005698005826,0.0,-0.10000000000000142,0.0,17.5,17.55,17.45,17.5,545.0,14.0,3686.0,3534.0,False,False
2409,2022-11-02 09:23:46.924241,-0.005698005698005826,0.0,-0.10000000000000142,0.0,17.5,17.55,17.45,17.5,544.0,14.0,3686.0,3534.0,False,False
2409,2022-11-02 09:23:49.282023,-0.005698005698005826,0.0,-0.10000000000000142,0.0,17.5,17.55,17.45,17.5,545.0,14.0,3686.0,3534.0,False,False
2409,2022-11-02 09:23:50.950310,-0.005698005698005826,0.0,-0.10000000000000142,0.0,17.5,17.55,17.45,17.5,545.0,14.0,3686.0,3534.0,False,False
2409,2022-11-02 09:23:54.124964,-0.005698005698005826,0.0,-0.10000000000000142,0.0,17.5,17.55,17.45,17.5,545.0,15.0,3686.0,3534.0,False,False
2409,2022-11-02 09:23:55.402411,-0.005698005698005826,0.0,-0.10000000000000142,0.0,17.5,17.55,17.45,17.5,545.0,7.0,3686.0,3534.0,False,False
2409,2022-11-02 09:23:55.544546,-0.005698005698005826,0.0,-0.10000000000000142,0.0,17.5,17.55,17.45,17.5,545.0,8.0,3686.0,3534.0,False,False
2409,2022-11-02 09:23:55.554426,-0.005698005698005826,0.0,-0.10000000000000142,0.0,17.5,17.55,17.45,17.5,545.0,10.0,3686.0,3534.0,False,False
2409,2022-11-02 09:23:55.887291,-0.005698005698005826,0.0,-0.10000000000000142,0.0,17.5,17.55,17.45,17.5,544.0,10.0,3686.0,3534.0,False,False
2409,2022-11-02 09:23:57.618862,-0.005698005698005826,0.0,-0.10000000000000142,0.0,17.5,17.55,17.45,17.5,544.0,10.0,3686.0,3484.0,True,True
2409,2022-11-02 09:24:00.326003,-0.005698005698005826,0.0,-0.10000000000000142,0.0,17.5,17.55,17.45,17.5,544.0,10.0,3686.0,3484.0,False,False
2409,2022-11-02 09:24:00.354425,-0.005698005698005826,0.0,-0.10000000000000142,0.0,17.5,17.55,17.45,17.5,544.0,11.0,3686.0,3484.0,False,False
2409,2022-11-02 09:24:00.483038,-0.005698005698005826,0.0,-0.10000000000000142,0.0,17.5,17.55,17.45,17.5,544.0,11.0,3686.0,3484.0,False,False
2409,2022-11-02 09:24:02.232803,-0.005698005698005826,0.0,-0.10000000000000142,0.0,17.5,17.55,17.45,17.5,544.0,11.0,3686.0,3484.0,False,False
2409,2022-11-02 09:24:04.311467,-0.005698005698005826,0.0,-0.10000000000000142,0.0,17.5,17.55,17.45,17.5,544.0,6.0,3686.0,3484.0,False,False
2409,2022-11-02 09:24:07.657107,-0.005698005698005826,0.0,-0.10000000000000142,0.0,17.5,17.55,17.45,17.5,544.0,6.0,3686.0,3484.0,True,True
2409,2022-11-02 09:24:15.226267,-0.005698005698005826,0.0,-0.10000000000000142,0.0,17.5,17.55,17.45,17.5,544.0,5.0,3686.0,3484.0,False,False
2409,2022-11-02 09:24:15.365915,-0.005698005698005826,0.0,-0.10000000000000142,0.0,17.5,17.55,17.45,17.5,544.0,6.0,3686.0,3484.0,False,False
2409,2022-11-02 09:24:15.785801,-0.005698005698005826,0.0,-0.10000000000000142,0.0,17.5,17.55,17.45,17.5,544.0,6.0,3686.0,3484.0,False,False
2409,2022-11-02 09:24:16.596068,-0.005698005698005826,0.0,-0.10000000000000142,0.0,17.5,17.55,17.45,17.5,544.0,4.0,3686.0,3484.0,False,False
2409,2022-11-02 09:24:17.525350,-0.005698005698005826,0.0,-0.10000000000000142,0.0,17.5,17.55,17.45,17.5,544.0,7.0,3686.0,3484.0,False,False
2409,2022-11-02 09:24:17.699170,-0.005698005698005826,0.0,-0.10000000000000142,0.0,17.5,17.55,17.45,17.5,544.0,7.0,3686.0,4084.0,True,True
2409,2022-11-02 09:24:21.135772,-0.005698005698005826,0.0,-0.10000000000000142,0.0,17.5,17.55,17.45,17.5,544.0,9.0,3686.0,4084.0,False,False
2409,2022-11-02 09:24:21.226591,-0.005698005698005826,0.0,-0.10000000000000142,0.0,17.5,17.55,17.45,17.5,544.0,10.0,3686.0,4084.0,False,False
2409,2022-11-02 09:24:21.288462,-0.005698005698005826,0.0,-0.10000000000000142,0.0,17.5,17.55,17.45,17.5,544.0,6.0,3686.0,4084.0,False,False
2409,2022-11-02 09:24:24.404540,-0.005698005698005826,0.0,-0.10000000000000142,0.0,17.5,17.55,17.45,17.5,544.0,6.0,3686.0,4084.0,False,False
2409,2022-11-02 09:24:27.747536,-0.005698005698005826,0.0,-0.10000000000000142,0.0,17.5,17.55,17.45,17.5,544.0,6.0,3686.0,4084.0,True,True
2409,2022-11-02 09:24:28.539998,-0.005698005698005826,0.0,-0.10000000000000142,0.0,17.5,17.55,17.45,17.5,544.0,6.0,3686.0,4084.0,False,False
2409,2022-11-02 09:24:28.793379,-0.008522727272727404,0.0,-0.15000000000000213,0.0,17.5,17.6,17.45,17.5,544.0,334.0,3686.0,4084.0,False,False
2409,2022-11-02 09:24:28.819988,-0.008522727272727404,0.0,-0.15000000000000213,0.0,17.5,17.6,17.45,17.5,544.0,334.0,3686.0,4084.0,False,False
2409,2022-11-02 09:24:28.838320,-0.005698005698005826,0.0,-0.10000000000000142,0.0,17.5,17.55,17.45,17.5,544.0,11.0,3686.0,4084.0,False,False
2409,2022-11-02 09:24:28.923127,-0.005698005698005826,0.0,-0.10000000000000142,0.0,17.5,17.55,17.45,17.5,544.0,10.0,3686.0,4084.0,False,False
2409,2022-11-02 09:24:28.928434,-0.005698005698005826,0.0,-0.10000000000000142,0.0,17.5,17.55,17.45,17.5,544.0,10.0,3686.0,4084.0,False,False
2409,2022-11-02 09:24:29.008737,-0.005698005698005826,0.0,-0.10000000000000142,0.0,17.5,17.55,17.45,17.5,544.0,8.0,3686.0,4084.0,False,False
2409,2022-11-02 09:24:30.177767,-0.005698005698005826,0.0,-0.10000000000000142,0.0,17.5,17.55,17.45,17.5,544.0,8.0,3686.0,4084.0,False,False
2409,2022-11-02 09:24:30.910812,-0.005698005698005826,0.0,-0.10000000000000142,0.0,17.5,17.55,17.45,17.5,544.0,9.0,3686.0,4084.0,False,False
2409,2022-11-02 09:24:32.378166,-0.005698005698005826,0.0,-0.10000000000000142,0.0,17.5,17.55,17.45,17.5,544.0,9.0,3686.0,4084.0,False,False
2409,2022-11-02 09:24:32.768115,-0.005698005698005826,0.0,-0.10000000000000142,0.0,17.5,17.55,17.45,17.5,544.0,9.0,3686.0,4084.0,False,False
2409,2022-11-02 09:24:34.755653,-0.005698005698005826,0.0,-0.10000000000000142,0.0,17.5,17.55,17.45,17.5,544.0,11.0,3686.0,4084.0,False,False
2409,2022-11-02 09:24:35.808633,-0.005698005698005826,0.0,-0.10000000000000142,0.0,17.5,17.55,17.45,17.5,544.0,11.0,3686.0,4084.0,False,False
2409,2022-11-02 09:24:36.121059,-0.005698005698005826,0.0,-0.10000000000000142,0.0,17.5,17.55,17.45,17.5,544.0,11.0,3686.0,4084.0,False,False
2409,2022-11-02 09:24:36.353779,-0.005698005698005826,0.0,-0.10000000000000142,0.0,17.5,17.55,17.45,17.5,544.0,11.0,3686.0,4084.0,False,False
2409,2022-11-02 09:24:36.464305,-0.005698005698005826,0.0,-0.10000000000000142,0.0,17.5,17.55,17.45,17.5,544.0,11.0,3686.0,4084.0,False,False
2409,2022-11-02 09:24:37.703360,-0.005698005698005826,0.0,-0.10000000000000142,0.0,17.5,17.55,17.45,17.5,544.0,16.0,3686.0,4084.0,False,False
2409,2022-11-02 09:24:37.787681,-0.005698005698005826,0.0,-0.10000000000000142,0.0,17.5,17.55,17.45,17.5,544.0,16.0,3686.0,4084.0,True,True
2409,2022-11-02 09:24:40.253859,-0.005698005698005826,0.0,-0.10000000000000142,0.0,17.5,17.55,17.45,17.5,544.0,16.0,3686.0,4084.0,False,False
2409,2022-11-02 09:24:44.801606,-0.005698005698005826,0.0,-0.10000000000000142,0.0,17.5,17.55,17.45,17.5,544.0,10.0,3686.0,4084.0,False,False
2409,2022-11-02 09:24:45.032201,-0.005698005698005826,0.0,-0.10000000000000142,0.0,17.5,17.55,17.45,17.5,544.0,8.0,3686.0,4084.0,False,False
2409,2022-11-02 09:24:45.670633,-0.005698005698005826,0.0,-0.10000000000000142,0.0,17.5,17.55,17.45,17.5,544.0,8.0,3686.0,4084.0,False,False
2409,2022-11-02 09:24:46.308148,-0.005698005698005826,0.0,-0.10000000000000142,0.0,17.5,17.55,17.45,17.5,544.0,8.0,3686.0,4084.0,False,False
2409,2022-11-02 09:24:46.655623,-0.005698005698005826,0.0,-0.10000000000000142,0.0,17.5,17.55,17.45,17.5,544.0,19.0,3686.0,4084.0,False,False
2409,2022-11-02 09:24:48.186646,-0.005698005698005826,0.0,-0.10000000000000142,0.0,17.5,17.55,17.45,17.5,544.0,29.0,3686.0,4084.0,False,False
2409,2022-11-02 09:24:48.626674,-0.005698005698005826,0.0,-0.10000000000000142,0.0,17.5,17.55,17.45,17.5,544.0,29.0,3686.0,4084.0,False,False
2409,2022-11-02 09:24:49.561075,-0.005698005698005826,0.0,-0.10000000000000142,0.0,17.5,17.55,17.45,17.5,544.0,29.0,3686.0,4084.0,False,False
2409,2022-11-02 09:24:50.233874,-0.005698005698005826,0.0,-0.10000000000000142,0.0,17.5,17.55,17.45,17.5,544.0,35.0,3686.0,4084.0,False,False
2409,2022-11-02 09:24:50.382688,-0.005698005698005826,0.0,-0.10000000000000142,0.0,17.5,17.55,17.45,17.5,544.0,35.0,3686.0,4084.0,False,False
2409,2022-11-02 09:24:50.852267,-0.005698005698005826,0.0,-0.10000000000000142,0.0,17.5,17.55,17.45,17.5,544.0,34.0,3686.0,4084.0,False,False
2409,2022-11-02 09:24:52.253889,-0.005698005698005826,0.0,-0.10000000000000142,0.0,17.5,17.55,17.45,17.5,544.0,34.0,3686.0,4084.0,False,False
2409,2022-11-02 09:24:52.412355,-0.005698005698005826,0.0,-0.10000000000000142,0.0,17.5,17.55,17.45,17.5,544.0,34.0,3686.0,4084.0,False,False
2409,2022-11-02 09:24:54.133708,-0.005698005698005826,0.0,-0.10000000000000142,0.0,17.5,17.55,17.45,17.5,544.0,30.0,3686.0,4084.0,False,False
2409,2022-11-02 09:24:54.759744,-0.005698005698005826,0.0,-0.10000000000000142,0.0,17.5,17.55,17.45,17.5,544.0,31.0,3686.0,4084.0,False,False
2409,2022-11-02 09:24:55.846006,-0.005698005698005826,0.0,-0.10000000000000142,0.0,17.5,17.55,17.45,17.5,544.0,29.0,3686.0,4084.0,False,False
2409,2022-11-02 09:24:56.138453,-0.005698005698005826,0.0,-0.10000000000000142,0.0,17.5,17.55,17.45,17.5,544.0,29.0,3686.0,4084.0,False,False
2409,2022-11-02 09:24:59.642159,-0.005698005698005826,0.0,-0.10000000000000142,0.0,17.5,17.55,17.45,17.5,544.0,39.0,3686.0,4084.0,False,False
2409,2022-11-02 09:25:01.323739,-0.005698005698005826,0.0,-0.10000000000000142,0.0,17.5,17.55,17.45,17.5,544.0,39.0,3686.0,4084.0,False,False
2409,2022-11-02 09:25:03.384636,-0.005698005698005826,0.0,-0.10000000000000142,0.0,17.5,17.55,17.45,17.5,544.0,43.0,3686.0,4084.0,False,False
2409,2022-11-02 09:25:06.356075,-0.005698005698005826,0.0,-0.10000000000000142,0.0,17.5,17.55,17.45,17.5,544.0,43.0,3686.0,4084.0,False,False
2409,2022-11-02 09:25:07.272998,-0.005698005698005826,0.0,-0.10000000000000142,0.0,17.5,17.55,17.45,17.5,544.0,43.0,3686.0,4084.0,False,True
2409,2022-11-02 09:25:10.043767,-0.005698005698005826,0.0,-0.10000000000000142,0.0,17.5,17.55,17.45,17.5,544.0,43.0,3686.0,4084.0,False,False
2409,2022-11-02 09:25:10.287111,-0.005698005698005826,0.0,-0.10000000000000142,0.0,17.5,17.55,17.45,17.5,544.0,45.0,3686.0,4084.0,False,False
2409,2022-11-02 09:25:11.023204,-0.005698005698005826,0.0,-0.10000000000000142,0.0,17.5,17.55,17.45,17.5,544.0,34.0,3686.0,4084.0,False,False
2409,2022-11-02 09:25:11.703491,-0.005698005698005826,0.0,-0.10000000000000142,0.0,17.5,17.55,17.45,17.5,544.0,34.0,3686.0,4084.0,False,False
2409,2022-11-02 09:25:13.028595,-0.005698005698005826,0.0,-0.10000000000000142,0.0,17.5,17.55,17.45,17.5,544.0,39.0,3686.0,4084.0,False,False
2409,2022-11-02 09:25:14.137559,-0.005698005698005826,0.0,-0.10000000000000142,0.0,17.5,17.55,17.45,17.5,544.0,39.0,3686.0,4084.0,False,False
2409,2022-11-02 09:25:14.692597,-0.005698005698005826,0.0,-0.10000000000000142,0.0,17.5,17.55,17.45,17.5,544.0,39.0,3686.0,4084.0,False,False
2409,2022-11-02 09:25:14.871126,-0.005698005698005826,0.0,-0.10000000000000142,0.0,17.5,17.55,17.45,17.5,544.0,40.0,3686.0,4084.0,False,False
2409,2022-11-02 09:25:15.207084,-0.005698005698005826,0.0,-0.10000000000000142,0.0,17.5,17.55,17.45,17.5,544.0,26.0,3686.0,4084.0,False,False
2409,2022-11-02 09:25:15.647840,-0.005698005698005826,0.0,-0.10000000000000142,0.0,17.5,17.55,17.45,17.5,544.0,37.0,3686.0,4084.0,False,False
2409,2022-11-02 09:25:16.508813,-0.005698005698005826,0.0,-0.10000000000000142,0.0,17.5,17.55,17.45,17.5,544.0,37.0,3686.0,4084.0,False,False
2409,2022-11-02 09:25:16.844873,-0.005698005698005826,0.0,-0.10000000000000142,0.0,17.5,17.55,17.45,17.5,543.0,37.0,3686.0,4084.0,False,False
2409,2022-11-02 09:25:16.847075,-0.005698005698005826,0.0,-0.10000000000000142,0.0,17.5,17.55,17.45,17.5,543.0,37.0,3686.0,4084.0,False,False
2409,2022-11-02 09:25:17.461652,-0.005698005698005826,0.0,-0.10000000000000142,0.0,17.5,17.55,17.45,17.5,543.0,37.0,2886.0,4084.0,True,True
2409,2022-11-02 09:25:17.618548,-0.005698005698005826,0.0,-0.10000000000000142,0.0,17.5,17.55,17.45,17.5,543.0,40.0,2886.0,4084.0,False,False
2409,2022-11-02 09:25:18.389983,-0.005698005698005826,0.0,-0.10000000000000142,0.0,17.5,17.55,17.45,17.5,543.0,40.0,2886.0,4084.0,False,False
2409,2022-11-02 09:25:19.899979,-0.005698005698005826,0.0,-0.10000000000000142,0.0,17.5,17.55,17.45,17.5,543.0,40.0,2886.0,4084.0,False,False
2409,2022-11-02 09:25:20.032354,-0.005698005698005826,0.0,-0.10000000000000142,0.0,17.5,17.55,17.45,17.5,543.0,40.0,2886.0,4084.0,False,False
2409,2022-11-02 09:25:20.136605,-0.005698005698005826,0.0,-0.10000000000000142,0.0,17.5,17.55,17.45,17.5,543.0,40.0,2886.0,4084.0,False,False
2409,2022-11-02 09:25:20.920587,-0.005698005698005826,0.0,-0.10000000000000142,0.0,17.5,17.55,17.45,17.5,543.0,40.0,2886.0,4084.0,False,False
2409,2022-11-02 09:25:20.922099,-0.005698005698005826,0.0,-0.10000000000000142,0.0,17.5,17.55,17.45,17.5,543.0,38.0,2886.0,4084.0,False,False
2409,2022-11-02 09:25:20.928292,-0.005698005698005826,0.0,-0.10000000000000142,0.0,17.5,17.55,17.45,17.5,540.0,38.0,2886.0,4084.0,False,False
2409,2022-11-02 09:25:21.278772,-0.005698005698005826,0.0,-0.10000000000000142,0.0,17.5,17.55,17.45,17.5,540.0,34.0,2886.0,4084.0,False,False
2409,2022-11-02 09:25:24.703923,-0.005698005698005826,0.0,-0.10000000000000142,0.0,17.5,17.55,17.45,17.5,539.0,34.0,2886.0,4084.0,False,False
2409,2022-11-02 09:25:24.791067,-0.005698005698005826,0.0,-0.10000000000000142,0.0,17.5,17.55,17.45,17.5,539.0,31.0,2886.0,4084.0,False,False
2409,2022-11-02 09:25:25.963725,-0.005698005698005826,0.0,-0.10000000000000142,0.0,17.5,17.55,17.45,17.5,539.0,31.0,2886.0,4084.0,False,False
2409,2022-11-02 09:25:25.967242,-0.005698005698005826,0.0,-0.10000000000000142,0.0,17.5,17.55,17.45,17.5,539.0,32.0,2886.0,4084.0,False,False
2409,2022-11-02 09:25:27.466708,-0.005698005698005826,0.0,-0.10000000000000142,0.0,17.5,17.55,17.45,17.5,539.0,32.0,2886.0,4484.0,True,True
2409,2022-11-02 09:25:27.651443,-0.005698005698005826,0.0,-0.10000000000000142,0.0,17.5,17.55,17.45,17.5,539.0,32.0,2886.0,4484.0,False,False
2409,2022-11-02 09:25:30.040395,-0.005698005698005826,0.0,-0.10000000000000142,0.0,17.5,17.55,17.45,17.5,539.0,32.0,2886.0,4484.0,False,False
2409,2022-11-02 09:25:32.724766,-0.005698005698005826,0.0,-0.10000000000000142,0.0,17.5,17.55,17.45,17.5,539.0,32.0,2886.0,4484.0,False,False
2409,2022-11-02 09:25:36.613121,-0.005698005698005826,0.0,-0.10000000000000142,0.0,17.5,17.55,17.45,17.5,539.0,32.0,2886.0,4484.0,False,False
2409,2022-11-02 09:25:38.039409,-0.005698005698005826,0.0,-0.10000000000000142,0.0,17.5,17.55,17.45,17.5,539.0,32.0,2886.0,4484.0,False,False
2409,2022-11-02 09:25:41.942794,-0.005698005698005826,0.0,-0.10000000000000142,0.0,17.5,17.55,17.45,17.5,539.0,37.0,2886.0,4484.0,False,False
2409,2022-11-02 09:25:42.136977,-0.005698005698005826,0.0,-0.10000000000000142,0.0,17.5,17.55,17.45,17.5,539.0,38.0,2886.0,4484.0,False,False
2409,2022-11-02 09:25:48.969296,-0.005698005698005826,0.0,-0.10000000000000142,0.0,17.5,17.55,17.45,17.5,539.0,38.0,2886.0,4484.0,False,False
2409,2022-11-02 09:25:50.826099,-0.005698005698005826,0.0,-0.10000000000000142,0.0,17.5,17.55,17.45,17.5,539.0,37.0,2886.0,4484.0,False,False
2409,2022-11-02 09:25:52.081104,-0.005698005698005826,0.0,-0.10000000000000142,0.0,17.5,17.55,17.45,17.5,539.0,37.0,2886.0,4484.0,False,False
2409,2022-11-02 09:25:53.657921,-0.005698005698005826,0.0,-0.10000000000000142,0.0,17.5,17.55,17.45,17.5,539.0,37.0,2886.0,4484.0,False,False
2409,2022-11-02 09:25:55.328509,-0.005698005698005826,0.0,-0.10000000000000142,0.0,17.5,17.55,17.45,17.5,539.0,17.0,2886.0,4484.0,False,False
2409,2022-11-02 09:25:55.429297,-0.005698005698005826,0.0,-0.10000000000000142,0.0,17.5,17.55,17.45,17.5,539.0,16.0,2886.0,4484.0,False,False
2409,2022-11-02 09:25:56.979158,-0.005698005698005826,0.0,-0.10000000000000142,0.0,17.5,17.55,17.45,17.5,539.0,12.0,2886.0,4484.0,False,False
2409,2022-11-02 09:25:57.236957,-0.005698005698005826,0.0,-0.10000000000000142,0.0,17.5,17.55,17.45,17.5,539.0,9.0,2886.0,4484.0,False,False
2409,2022-11-02 09:25:57.407559,-0.005698005698005826,0.0,-0.10000000000000142,0.0,17.5,17.55,17.45,17.5,539.0,11.0,2886.0,4484.0,False,False
2409,2022-11-02 09:25:59.467400,-0.005698005698005826,0.0,-0.10000000000000142,0.0,17.5,17.55,17.45,17.5,543.0,11.0,2886.0,4484.0,False,False
2409,2022-11-02 09:26:00.312930,-0.005698005698005826,0.0,-0.10000000000000142,0.0,17.5,17.55,17.45,17.5,543.0,11.0,2886.0,4484.0,False,False
2409,2022-11-02 09:26:02.013789,-0.005698005698005826,0.0,-0.10000000000000142,0.0,17.5,17.55,17.45,17.5,543.0,11.0,2886.0,4484.0,False,False
2409,2022-11-02 09:26:03.782326,-0.005698005698005826,0.0,-0.10000000000000142,0.0,17.5,17.55,17.45,17.5,549.0,11.0,2886.0,4484.0,False,False
2409,2022-11-02 09:26:04.424704,-0.005698005698005826,0.0,-0.10000000000000142,0.0,17.5,17.55,17.45,17.5,549.0,11.0,2886.0,4484.0,False,False
2409,2022-11-02 09:26:05.216086,-0.005698005698005826,0.0,-0.10000000000000142,0.0,17.5,17.55,17.45,17.5,549.0,11.0,2886.0,4484.0,False,False
2409,2022-11-02 09:26:05.622896,-0.005698005698005826,0.0,-0.10000000000000142,0.0,17.5,17.55,17.45,17.5,549.0,11.0,2886.0,4484.0,False,False
2409,2022-11-02 09:26:07.571847,-0.005698005698005826,0.0,-0.10000000000000142,0.0,17.5,17.55,17.45,17.5,549.0,11.0,3086.0,4484.0,True,True
2409,2022-11-02 09:26:09.106305,-0.005698005698005826,0.0,-0.10000000000000142,0.0,17.5,17.55,17.45,17.5,549.0,9.0,3086.0,4484.0,False,False
2409,2022-11-02 09:26:10.613681,-0.005698005698005826,0.0,-0.10000000000000142,0.0,17.5,17.55,17.45,17.5,549.0,8.0,3086.0,4484.0,False,False
2409,2022-11-02 09:26:11.533448,-0.005698005698005826,0.0,-0.10000000000000142,0.0,17.5,17.55,17.45,17.5,549.0,8.0,3086.0,4484.0,False,False
2409,2022-11-02 09:26:13.820605,-0.008522727272727404,0.0,-0.15000000000000213,0.0,17.5,17.6,17.45,17.5,549.0,342.0,3086.0,4484.0,False,False
2409,2022-11-02 09:26:13.846337,-0.005698005698005826,0.0,-0.10000000000000142,0.0,17.5,17.55,17.45,17.5,549.0,11.0,3086.0,4484.0,False,False
2409,2022-11-02 09:26:13.909570,-0.008522727272727404,0.0,-0.15000000000000213,0.0,17.5,17.6,17.45,17.5,549.0,342.0,3086.0,4484.0,False,False
2409,2022-11-02 09:26:14.055099,-0.005698005698005826,0.0,-0.10000000000000142,0.0,17.5,17.55,17.45,17.5,549.0,11.0,3086.0,4484.0,False,False
2409,2022-11-02 09:26:14.543953,-0.005698005698005826,0.0,-0.10000000000000142,0.0,17.5,17.55,17.45,17.5,549.0,15.0,3086.0,4484.0,False,False
2409,2022-11-02 09:26:15.015486,-0.005698005698005826,0.0,-0.10000000000000142,0.0,17.5,17.55,17.45,17.5,549.0,15.0,3086.0,4484.0,False,False
2409,2022-11-02 09:26:17.518660,-0.005698005698005826,0.0,-0.10000000000000142,0.0,17.5,17.55,17.45,17.5,549.0,21.0,3086.0,4484.0,False,False
2409,2022-11-02 09:26:17.597874,-0.005698005698005826,0.0,-0.10000000000000142,0.0,17.5,17.55,17.45,17.5,549.0,21.0,3086.0,4084.0,True,True
2409,2022-11-02 09:26:20.055633,-0.005698005698005826,0.0,-0.10000000000000142,0.0,17.5,17.55,17.45,17.5,549.0,21.0,3086.0,4084.0,False,False
2409,2022-11-02 09:26:23.738386,-0.005698005698005826,0.0,-0.10000000000000142,0.0,17.5,17.55,17.45,17.5,549.0,21.0,3086.0,4084.0,False,False
2409,2022-11-02 09:26:27.878391,-0.005698005698005826,0.0,-0.10000000000000142,0.0,17.5,17.55,17.45,17.5,549.0,22.0,3086.0,4084.0,False,False
2409,2022-11-02 09:26:33.357787,-0.005698005698005826,0.0,-0.10000000000000142,0.0,17.5,17.55,17.45,17.5,549.0,18.0,3086.0,4084.0,False,False
2409,2022-11-02 09:26:35.920077,-0.005698005698005826,0.0,-0.10000000000000142,0.0,17.5,17.55,17.45,17.5,550.0,18.0,3086.0,4084.0,False,False
2409,2022-11-02 09:26:36.618948,-0.005698005698005826,0.0,-0.10000000000000142,0.0,17.5,17.55,17.45,17.5,550.0,38.0,3086.0,4084.0,False,False
2409,2022-11-02 09:26:37.654163,-0.005698005698005826,0.0,-0.10000000000000142,0.0,17.5,17.55,17.45,17.5,550.0,38.0,3092.0,4084.0,True,True
2409,2022-11-02 09:26:39.117750,-0.005698005698005826,0.0,-0.10000000000000142,0.0,17.5,17.55,17.45,17.5,550.0,38.0,3092.0,4084.0,False,False
2409,2022-11-02 09:26:40.441012,-0.005698005698005826,0.0,-0.10000000000000142,0.0,17.5,17.55,17.45,17.5,550.0,38.0,3092.0,4084.0,False,False
2409,2022-11-02 09:26:41.906088,-0.005698005698005826,0.0,-0.10000000000000142,0.0,17.5,17.55,17.45,17.5,550.0,39.0,3092.0,4084.0,False,False
2409,2022-11-02 09:26:42.495400,-0.005698005698005826,0.0,-0.10000000000000142,0.0,17.5,17.55,17.45,17.5,551.0,39.0,3092.0,4084.0,False,False
2409,2022-11-02 09:26:42.694304,-0.005698005698005826,0.0,-0.10000000000000142,0.0,17.5,17.55,17.45,17.5,551.0,39.0,3092.0,4084.0,False,False
2409,2022-11-02 09:26:45.524083,-0.005698005698005826,0.0,-0.10000000000000142,0.0,17.5,17.55,17.45,17.5,551.0,39.0,3092.0,4084.0,False,False
2409,2022-11-02 09:26:48.752599,-0.005698005698005826,0.0,-0.10000000000000142,0.0,17.5,17.55,17.45,17.5,551.0,34.0,3092.0,4084.0,False,False
2409,2022-11-02 09:26:51.876675,-0.005698005698005826,0.0,-0.10000000000000142,0.0,17.5,17.55,17.45,17.5,551.0,34.0,3092.0,4084.0,False,False
2409,2022-11-02 09:26:53.317381,-0.005698005698005826,0.0,-0.10000000000000142,0.0,17.5,17.55,17.45,17.5,552.0,34.0,3092.0,4084.0,False,False
2409,2022-11-02 09:26:54.682372,-0.005698005698005826,0.0,-0.10000000000000142,0.0,17.5,17.55,17.45,17.5,552.0,32.0,3092.0,4084.0,False,False
2409,2022-11-02 09:26:55.124227,-0.005698005698005826,0.0,-0.10000000000000142,0.0,17.5,17.55,17.45,17.5,552.0,34.0,3092.0,4084.0,False,False
2409,2022-11-02 09:26:56.265901,-0.005698005698005826,0.0,-0.10000000000000142,0.0,17.5,17.55,17.45,17.5,552.0,35.0,3092.0,4084.0,False,False
2409,2022-11-02 09:26:58.098968,-0.005698005698005826,0.0,-0.10000000000000142,0.0,17.5,17.55,17.45,17.5,552.0,36.0,3092.0,4084.0,False,False
2409,2022-11-02 09:26:58.428690,-0.005698005698005826,0.0,-0.10000000000000142,0.0,17.5,17.55,17.45,17.5,552.0,37.0,3092.0,4084.0,False,False
2409,2022-11-02 09:26:58.753951,-0.005698005698005826,0.0,-0.10000000000000142,0.0,17.5,17.55,17.45,17.5,552.0,17.0,3092.0,4084.0,False,False
2409,2022-11-02 09:26:59.334301,-0.005698005698005826,0.0,-0.10000000000000142,0.0,17.5,17.55,17.45,17.5,552.0,15.0,3092.0,4084.0,False,False
2409,2022-11-02 09:27:00.300840,-0.005698005698005826,0.0,-0.10000000000000142,0.0,17.5,17.55,17.45,17.5,552.0,15.0,3092.0,4084.0,False,False
2409,2022-11-02 09:27:00.452067,-0.005698005698005826,0.0,-0.10000000000000142,0.0,17.5,17.55,17.45,17.5,552.0,15.0,3092.0,4084.0,False,False
2409,2022-11-02 09:27:00.748158,-0.005698005698005826,0.0,-0.10000000000000142,0.0,17.5,17.55,17.45,17.5,552.0,25.0,3092.0,4084.0,False,False
2409,2022-11-02 09:27:03.838249,-0.005698005698005826,0.0,-0.10000000000000142,0.0,17.5,17.55,17.45,17.5,552.0,23.0,3092.0,4084.0,False,False
2409,2022-11-02 09:27:10.746937,-0.005698005698005826,0.0,-0.10000000000000142,0.0,17.5,17.55,17.45,17.5,552.0,14.0,3092.0,4084.0,False,False
2409,2022-11-02 09:27:12.767094,-0.005698005698005826,0.0,-0.10000000000000142,0.0,17.5,17.55,17.45,17.5,552.0,16.0,3092.0,4084.0,False,False
2409,2022-11-02 09:27:17.775387,-0.005698005698005826,0.0,-0.10000000000000142,0.0,17.5,17.55,17.45,17.5,552.0,16.0,3092.0,4084.0,True,True
2409,2022-11-02 09:27:19.166978,-0.005698005698005826,0.0,-0.10000000000000142,0.0,17.5,17.55,17.45,17.5,551.0,16.0,3092.0,4084.0,False,False
2409,2022-11-02 09:27:19.709261,-0.005698005698005826,0.0,-0.10000000000000142,0.0,17.5,17.55,17.45,17.5,551.0,26.0,3092.0,4084.0,False,False
2409,2022-11-02 09:27:20.785878,-0.005698005698005826,0.0,-0.10000000000000142,0.0,17.5,17.55,17.45,17.5,551.0,26.0,3092.0,4084.0,False,False
2409,2022-11-02 09:27:22.460472,-0.005698005698005826,0.0,-0.10000000000000142,0.0,17.5,17.55,17.45,17.5,551.0,27.0,3092.0,4084.0,False,False
2409,2022-11-02 09:27:22.690404,-0.005698005698005826,0.0,-0.10000000000000142,0.0,17.5,17.55,17.45,17.5,551.0,26.0,3092.0,4084.0,False,False
2409,2022-11-02 09:27:23.593461,-0.005698005698005826,0.0,-0.10000000000000142,0.0,17.5,17.55,17.45,17.5,550.0,26.0,3092.0,4084.0,False,False
2409,2022-11-02 09:27:25.900814,-0.005698005698005826,0.0,-0.10000000000000142,0.0,17.5,17.55,17.45,17.5,550.0,26.0,3092.0,4084.0,False,False
2409,2022-11-02 09:27:26.991202,-0.005698005698005826,0.0,-0.10000000000000142,0.0,17.5,17.55,17.45,17.5,550.0,12.0,3092.0,4084.0,False,False
2409,2022-11-02 09:27:27.280474,-0.005698005698005826,0.0,-0.10000000000000142,0.0,17.5,17.55,17.45,17.5,550.0,7.0,3092.0,4084.0,False,False
2409,2022-11-02 09:27:27.307658,-0.008522727272727404,0.0,-0.15000000000000213,0.0,17.5,17.6,17.45,17.5,550.0,340.0,3092.0,4084.0,False,False
2409,2022-11-02 09:27:27.338434,-0.008522727272727404,0.0,-0.15000000000000213,0.0,17.5,17.6,17.45,17.5,550.0,340.0,3092.0,4084.0,False,False
2409,2022-11-02 09:27:27.371264,-0.008522727272727404,0.0,-0.15000000000000213,0.0,17.5,17.6,17.45,17.5,550.0,340.0,3092.0,4084.0,False,False
2409,2022-11-02 09:27:27.446038,-0.008522727272727404,0.0,-0.15000000000000213,0.0,17.5,17.6,17.45,17.5,550.0,338.0,3092.0,4084.0,False,False
2409,2022-11-02 09:27:27.576954,-0.008522727272727404,0.0,-0.15000000000000213,0.0,17.5,17.6,17.45,17.5,550.0,318.0,3092.0,4084.0,False,False
2409,2022-11-02 09:27:27.755202,-0.008522727272727404,0.0028571428571428914,-0.15000000000000213,0.05000000000000071,17.55,17.6,17.45,17.5,48.0,260.0,3092.0,4084.0,False,False
2409,2022-11-02 09:27:27.803432,-0.008522727272727404,0.0028571428571428914,-0.15000000000000213,0.05000000000000071,17.55,17.6,17.45,17.5,48.0,260.0,60635.0,4084.0,True,True
2409,2022-11-02 09:27:27.836180,-0.008522727272727404,0.0028571428571428914,-0.15000000000000213,0.05000000000000071,17.55,17.6,17.45,17.5,55.0,260.0,60635.0,4084.0,False,False
2409,2022-11-02 09:27:27.967048,-0.008522727272727404,0.0028571428571428914,-0.15000000000000213,0.05000000000000071,17.55,17.6,17.45,17.5,55.0,260.0,60635.0,4084.0,False,False
2409,2022-11-02 09:27:28.250600,-0.008522727272727404,0.0028571428571428914,-0.15000000000000213,0.05000000000000071,17.55,17.6,17.45,17.5,55.0,260.0,60635.0,4084.0,False,False
2409,2022-11-02 09:27:28.257830,-0.008522727272727404,0.0028571428571428914,-0.15000000000000213,0.05000000000000071,17.55,17.6,17.45,17.5,136.0,260.0,60635.0,4084.0,False,False
2409,2022-11-02 09:27:28.262244,-0.008522727272727404,0.0028571428571428914,-0.15000000000000213,0.05000000000000071,17.55,17.6,17.45,17.5,136.0,260.0,60635.0,4084.0,False,False
2409,2022-11-02 09:27:28.466025,-0.008522727272727404,0.0028571428571428914,-0.15000000000000213,0.05000000000000071,17.55,17.6,17.45,17.5,136.0,260.0,60635.0,4084.0,False,False
2409,2022-11-02 09:27:28.973058,-0.008522727272727404,0.0028571428571428914,-0.15000000000000213,0.05000000000000071,17.55,17.6,17.45,17.5,136.0,260.0,60635.0,4084.0,False,False
2409,2022-11-02 09:27:29.075493,-0.008522727272727404,0.0028571428571428914,-0.15000000000000213,0.05000000000000071,17.55,17.6,17.45,17.5,136.0,260.0,60635.0,4084.0,False,False
2409,2022-11-02 09:27:29.170051,-0.008522727272727404,0.0028571428571428914,-0.15000000000000213,0.05000000000000071,17.55,17.6,17.45,17.5,136.0,260.0,60635.0,4084.0,False,False
2409,2022-11-02 09:27:32.849542,-0.008522727272727404,0.0028571428571428914,-0.15000000000000213,0.05000000000000071,17.55,17.6,17.45,17.5,135.0,259.0,60635.0,4084.0,False,False
2409,2022-11-02 09:27:35.246186,-0.008522727272727404,0.0028571428571428914,-0.15000000000000213,0.05000000000000071,17.55,17.6,17.45,17.5,135.0,260.0,60635.0,4084.0,False,False
2409,2022-11-02 09:27:37.834536,-0.008522727272727404,0.0028571428571428914,-0.15000000000000213,0.05000000000000071,17.55,17.6,17.45,17.5,135.0,260.0,74621.0,4084.0,True,True
2409,2022-11-02 09:27:38.041145,-0.008522727272727404,0.0028571428571428914,-0.15000000000000213,0.05000000000000071,17.55,17.6,17.45,17.5,135.0,258.0,74621.0,4084.0,False,False
2409,2022-11-02 09:27:38.099988,-0.008522727272727404,0.0028571428571428914,-0.15000000000000213,0.05000000000000071,17.55,17.6,17.45,17.5,351.0,258.0,74621.0,4084.0,False,False
2409,2022-11-02 09:27:38.131672,-0.008522727272727404,0.0028571428571428914,-0.15000000000000213,0.05000000000000071,17.55,17.6,17.45,17.5,362.0,258.0,74621.0,4084.0,False,False
2409,2022-11-02 09:27:38.216906,-0.008522727272727404,0.0028571428571428914,-0.15000000000000213,0.05000000000000071,17.55,17.6,17.45,17.5,369.0,258.0,74621.0,4084.0,False,False
2409,2022-11-02 09:27:38.447021,-0.008522727272727404,0.0028571428571428914,-0.15000000000000213,0.05000000000000071,17.55,17.6,17.45,17.5,369.0,258.0,74621.0,4084.0,False,False
2409,2022-11-02 09:27:38.653194,-0.008522727272727404,0.0028571428571428914,-0.15000000000000213,0.05000000000000071,17.55,17.6,17.45,17.5,385.0,258.0,74621.0,4084.0,False,False
2409,2022-11-02 09:27:39.436393,-0.008522727272727404,0.0028571428571428914,-0.15000000000000213,0.05000000000000071,17.55,17.6,17.45,17.5,390.0,258.0,74621.0,4084.0,False,False
2409,2022-11-02 09:27:40.060921,-0.008522727272727404,0.0028571428571428914,-0.15000000000000213,0.05000000000000071,17.55,17.6,17.45,17.5,390.0,249.0,74621.0,4084.0,False,False
2409,2022-11-02 09:27:40.067591,-0.008522727272727404,0.0028571428571428914,-0.15000000000000213,0.05000000000000071,17.55,17.6,17.45,17.5,390.0,249.0,74621.0,4084.0,False,False
2409,2022-11-02 09:27:40.647347,-0.008522727272727404,0.0028571428571428914,-0.15000000000000213,0.05000000000000071,17.55,17.6,17.45,17.5,372.0,249.0,74621.0,4084.0,False,False
2409,2022-11-02 09:27:41.507581,-0.008522727272727404,0.0028571428571428914,-0.15000000000000213,0.05000000000000071,17.55,17.6,17.45,17.5,372.0,249.0,74621.0,4084.0,False,False
2409,2022-11-02 09:27:41.541456,-0.008522727272727404,0.0028571428571428914,-0.15000000000000213,0.05000000000000071,17.55,17.6,17.45,17.5,372.0,249.0,74621.0,4084.0,False,False
2409,2022-11-02 09:27:42.282140,-0.008522727272727404,0.0028571428571428914,-0.15000000000000213,0.05000000000000071,17.55,17.6,17.45,17.5,372.0,249.0,74621.0,4084.0,False,False
2409,2022-11-02 09:27:42.307401,-0.008522727272727404,0.0028571428571428914,-0.15000000000000213,0.05000000000000071,17.55,17.6,17.45,17.5,372.0,249.0,74621.0,4084.0,False,False
2409,2022-11-02 09:27:43.311183,-0.008522727272727404,0.0028571428571428914,-0.15000000000000213,0.05000000000000071,17.55,17.6,17.45,17.5,372.0,249.0,74621.0,4084.0,False,False
2409,2022-11-02 09:27:43.852140,-0.008522727272727404,0.0028571428571428914,-0.15000000000000213,0.05000000000000071,17.55,17.6,17.45,17.5,372.0,249.0,74621.0,4084.0,False,False
2409,2022-11-02 09:27:47.862565,-0.008522727272727404,0.0028571428571428914,-0.15000000000000213,0.05000000000000071,17.55,17.6,17.45,17.5,372.0,249.0,74821.0,4668.0,True,True
2409,2022-11-02 09:27:48.843936,-0.008522727272727404,0.0028571428571428914,-0.15000000000000213,0.05000000000000071,17.55,17.6,17.45,17.5,372.0,250.0,74821.0,4668.0,False,False
2409,2022-11-02 09:27:49.444769,-0.008522727272727404,0.0028571428571428914,-0.15000000000000213,0.05000000000000071,17.55,17.6,17.45,17.5,372.0,244.0,74821.0,4668.0,False,False
2409,2022-11-02 09:27:49.856045,-0.008522727272727404,0.0028571428571428914,-0.15000000000000213,0.05000000000000071,17.55,17.6,17.45,17.5,372.0,244.0,74821.0,4668.0,False,False
2409,2022-11-02 09:27:52.405581,-0.008522727272727404,0.0028571428571428914,-0.15000000000000213,0.05000000000000071,17.55,17.6,17.45,17.5,372.0,244.0,74821.0,4668.0,False,False
2409,2022-11-02 09:27:52.571879,-0.008522727272727404,0.0028571428571428914,-0.15000000000000213,0.05000000000000071,17.55,17.6,17.45,17.5,372.0,244.0,74821.0,4668.0,False,False
2409,2022-11-02 09:27:53.726936,-0.008522727272727404,0.0028571428571428914,-0.15000000000000213,0.05000000000000071,17.55,17.6,17.45,17.5,373.0,244.0,74821.0,4668.0,False,False
2409,2022-11-02 09:27:55.375959,-0.008522727272727404,0.0028571428571428914,-0.15000000000000213,0.05000000000000071,17.55,17.6,17.45,17.5,373.0,244.0,74821.0,4668.0,False,False
2409,2022-11-02 09:27:57.895606,-0.008522727272727404,0.0028571428571428914,-0.15000000000000213,0.05000000000000071,17.55,17.6,17.45,17.5,373.0,244.0,75117.0,4668.0,True,True
2409,2022-11-02 09:27:58.193114,-0.008522727272727404,0.0028571428571428914,-0.15000000000000213,0.05000000000000071,17.55,17.6,17.45,17.5,373.0,245.0,75117.0,4668.0,False,False
2409,2022-11-02 09:27:58.604796,-0.008522727272727404,0.0028571428571428914,-0.15000000000000213,0.05000000000000071,17.55,17.6,17.45,17.5,373.0,245.0,75117.0,4668.0,False,False
2409,2022-11-02 09:28:02.891343,-0.008522727272727404,0.0028571428571428914,-0.15000000000000213,0.05000000000000071,17.55,17.6,17.45,17.5,373.0,244.0,75117.0,4668.0,False,False
2409,2022-11-02 09:28:03.180460,-0.008522727272727404,0.0028571428571428914,-0.15000000000000213,0.05000000000000071,17.55,17.6,17.45,17.5,373.0,243.0,75117.0,4668.0,False,False
2409,2022-11-02 09:28:04.207766,-0.008522727272727404,0.0028571428571428914,-0.15000000000000213,0.05000000000000071,17.55,17.6,17.45,17.5,373.0,243.0,75117.0,4668.0,False,False
2409,2022-11-02 09:28:04.216388,-0.008522727272727404,0.0028571428571428914,-0.15000000000000213,0.05000000000000071,17.55,17.6,17.45,17.5,373.0,241.0,75117.0,4668.0,False,False
2409,2022-11-02 09:28:04.735364,-0.008522727272727404,0.0028571428571428914,-0.15000000000000213,0.05000000000000071,17.55,17.6,17.45,17.5,373.0,241.0,75117.0,4668.0,False,False
2409,2022-11-02 09:28:07.325101,-0.008522727272727404,0.0028571428571428914,-0.15000000000000213,0.05000000000000071,17.55,17.6,17.45,17.5,373.0,241.0,76451.0,4253.0,False,True
2409,2022-11-02 09:28:08.004852,-0.008522727272727404,0.0028571428571428914,-0.15000000000000213,0.05000000000000071,17.55,17.6,17.45,17.5,373.0,241.0,76451.0,4253.0,False,False
2409,2022-11-02 09:28:09.534632,-0.008522727272727404,0.0028571428571428914,-0.15000000000000213,0.05000000000000071,17.55,17.6,17.45,17.5,373.0,243.0,76451.0,4253.0,False,False
2409,2022-11-02 09:28:09.660026,-0.008522727272727404,0.0028571428571428914,-0.15000000000000213,0.05000000000000071,17.55,17.6,17.45,17.5,374.0,243.0,76451.0,4253.0,False,False
2409,2022-11-02 09:28:11.732760,-0.008522727272727404,0.0028571428571428914,-0.15000000000000213,0.05000000000000071,17.55,17.6,17.45,17.5,374.0,243.0,76451.0,4253.0,False,False
2409,2022-11-02 09:28:11.889662,-0.008522727272727404,0.0028571428571428914,-0.15000000000000213,0.05000000000000071,17.55,17.6,17.45,17.5,374.0,243.0,76451.0,4253.0,False,False
2409,2022-11-02 09:28:12.072807,-0.008522727272727404,0.0028571428571428914,-0.15000000000000213,0.05000000000000071,17.55,17.6,17.45,17.5,374.0,241.0,76451.0,4253.0,False,False
2409,2022-11-02 09:28:13.311351,-0.008522727272727404,0.0028571428571428914,-0.15000000000000213,0.05000000000000071,17.55,17.6,17.45,17.5,374.0,237.0,76451.0,4253.0,False,False
2409,2022-11-02 09:28:14.785054,-0.008522727272727404,0.0028571428571428914,-0.15000000000000213,0.05000000000000071,17.55,17.6,17.45,17.5,374.0,229.0,76451.0,4253.0,False,False
2409,2022-11-02 09:28:15.148868,-0.008522727272727404,0.0028571428571428914,-0.15000000000000213,0.05000000000000071,17.55,17.6,17.45,17.5,374.0,227.0,76451.0,4253.0,False,False
2409,2022-11-02 09:28:16.259826,-0.008522727272727404,0.0028571428571428914,-0.15000000000000213,0.05000000000000071,17.55,17.6,17.45,17.5,374.0,228.0,76451.0,4253.0,False,False
2409,2022-11-02 09:28:17.361488,-0.008522727272727404,0.0028571428571428914,-0.15000000000000213,0.05000000000000071,17.55,17.6,17.45,17.5,374.0,228.0,76451.0,4181.0,True,True
2409,2022-11-02 09:28:17.420011,-0.008522727272727404,0.0028571428571428914,-0.15000000000000213,0.05000000000000071,17.55,17.6,17.45,17.5,374.0,228.0,76451.0,4181.0,False,False
2409,2022-11-02 09:28:17.838339,-0.008522727272727404,0.0028571428571428914,-0.15000000000000213,0.05000000000000071,17.55,17.6,17.45,17.5,374.0,229.0,76451.0,4181.0,False,False
2409,2022-11-02 09:28:18.846167,-0.008522727272727404,0.0028571428571428914,-0.15000000000000213,0.05000000000000071,17.55,17.6,17.45,17.5,374.0,235.0,76451.0,4181.0,False,False
2409,2022-11-02 09:28:19.649618,-0.008522727272727404,0.0028571428571428914,-0.15000000000000213,0.05000000000000071,17.55,17.6,17.45,17.5,374.0,235.0,76451.0,4181.0,False,False
2409,2022-11-02 09:28:20.803250,-0.008522727272727404,0.0028571428571428914,-0.15000000000000213,0.05000000000000071,17.55,17.6,17.45,17.5,374.0,232.0,76451.0,4181.0,False,False
2409,2022-11-02 09:28:21.743930,-0.008522727272727404,0.0028571428571428914,-0.15000000000000213,0.05000000000000071,17.55,17.6,17.45,17.5,374.0,232.0,76451.0,4181.0,False,False
2409,2022-11-02 09:28:22.660174,-0.008522727272727404,0.0028571428571428914,-0.15000000000000213,0.05000000000000071,17.55,17.6,17.45,17.5,374.0,232.0,76451.0,4181.0,False,False
2409,2022-11-02 09:28:23.800584,-0.008522727272727404,0.0028571428571428914,-0.15000000000000213,0.05000000000000071,17.55,17.6,17.45,17.5,376.0,232.0,76451.0,4181.0,False,False
2409,2022-11-02 09:28:25.506998,-0.008522727272727404,0.0028571428571428914,-0.15000000000000213,0.05000000000000071,17.55,17.6,17.45,17.5,376.0,232.0,76451.0,4181.0,False,False
2409,2022-11-02 09:28:27.392570,-0.008522727272727404,0.0028571428571428914,-0.15000000000000213,0.05000000000000071,17.55,17.6,17.45,17.5,376.0,232.0,76451.0,4131.0,True,True
2409,2022-11-02 09:28:27.936900,-0.008522727272727404,0.0028571428571428914,-0.15000000000000213,0.05000000000000071,17.55,17.6,17.45,17.5,376.0,233.0,76451.0,4131.0,False,False
2409,2022-11-02 09:28:28.046423,-0.008522727272727404,0.0028571428571428914,-0.15000000000000213,0.05000000000000071,17.55,17.6,17.45,17.5,376.0,230.0,76451.0,4131.0,False,False
2409,2022-11-02 09:28:28.123520,-0.008522727272727404,0.0028571428571428914,-0.15000000000000213,0.05000000000000071,17.55,17.6,17.45,17.5,376.0,233.0,76451.0,4131.0,False,False
2409,2022-11-02 09:28:28.427235,-0.008522727272727404,0.0028571428571428914,-0.15000000000000213,0.05000000000000071,17.55,17.6,17.45,17.5,376.0,233.0,76451.0,4131.0,False,False
2409,2022-11-02 09:28:28.626823,-0.008522727272727404,0.0028571428571428914,-0.15000000000000213,0.05000000000000071,17.55,17.6,17.45,17.5,376.0,233.0,76451.0,4131.0,False,False
2409,2022-11-02 09:28:30.719512,-0.008522727272727404,0.0028571428571428914,-0.15000000000000213,0.05000000000000071,17.55,17.6,17.45,17.5,376.0,248.0,76451.0,4131.0,False,False
2409,2022-11-02 09:28:36.509979,-0.008522727272727404,0.0028571428571428914,-0.15000000000000213,0.05000000000000071,17.55,17.6,17.45,17.5,376.0,248.0,76451.0,4131.0,False,False
2409,2022-11-02 09:28:37.091697,-0.008522727272727404,0.0028571428571428914,-0.15000000000000213,0.05000000000000071,17.55,17.6,17.45,17.5,376.0,248.0,76451.0,4131.0,False,False
2409,2022-11-02 09:28:37.421694,-0.008522727272727404,0.0028571428571428914,-0.15000000000000213,0.05000000000000071,17.55,17.6,17.45,17.5,376.0,248.0,76451.0,4128.0,True,True
2409,2022-11-02 09:28:38.651241,-0.008522727272727404,0.0028571428571428914,-0.15000000000000213,0.05000000000000071,17.55,17.6,17.45,17.5,376.0,248.0,76451.0,4128.0,False,False
2409,2022-11-02 09:28:39.539709,-0.008522727272727404,0.0028571428571428914,-0.15000000000000213,0.05000000000000071,17.55,17.6,17.45,17.5,376.0,247.0,76451.0,4128.0,False,False
2409,2022-11-02 09:28:42.152916,-0.008522727272727404,0.0028571428571428914,-0.15000000000000213,0.05000000000000071,17.55,17.6,17.45,17.5,376.0,243.0,76451.0,4128.0,False,False
2409,2022-11-02 09:28:45.081468,-0.008522727272727404,0.0028571428571428914,-0.15000000000000213,0.05000000000000071,17.55,17.6,17.45,17.5,376.0,243.0,76451.0,4128.0,False,False
2409,2022-11-02 09:28:45.219981,-0.008522727272727404,0.0028571428571428914,-0.15000000000000213,0.05000000000000071,17.55,17.6,17.45,17.5,376.0,243.0,76451.0,4128.0,False,False
2409,2022-11-02 09:28:45.385343,-0.008522727272727404,0.0028571428571428914,-0.15000000000000213,0.05000000000000071,17.55,17.6,17.45,17.5,376.0,243.0,76451.0,4128.0,False,False
2409,2022-11-02 09:28:48.740315,-0.008522727272727404,0.0028571428571428914,-0.15000000000000213,0.05000000000000071,17.55,17.6,17.45,17.5,376.0,243.0,76451.0,4128.0,False,False
2409,2022-11-02 09:28:49.032382,-0.008522727272727404,0.0028571428571428914,-0.15000000000000213,0.05000000000000071,17.55,17.6,17.45,17.5,376.0,243.0,76451.0,4128.0,False,False
2409,2022-11-02 09:28:51.190481,-0.008522727272727404,0.0028571428571428914,-0.15000000000000213,0.05000000000000071,17.55,17.6,17.45,17.5,376.0,236.0,76451.0,4128.0,False,False
2409,2022-11-02 09:28:52.257841,-0.008522727272727404,0.0028571428571428914,-0.15000000000000213,0.05000000000000071,17.55,17.6,17.45,17.5,376.0,236.0,76451.0,4128.0,False,False
2409,2022-11-02 09:28:53.080843,-0.008522727272727404,0.0028571428571428914,-0.15000000000000213,0.05000000000000071,17.55,17.6,17.45,17.5,376.0,236.0,76451.0,4128.0,False,False
2409,2022-11-02 09:28:56.790200,-0.008522727272727404,0.0028571428571428914,-0.15000000000000213,0.05000000000000071,17.55,17.6,17.45,17.5,376.0,235.0,76451.0,4128.0,False,False
2409,2022-11-02 09:28:57.203470,-0.008522727272727404,0.0028571428571428914,-0.15000000000000213,0.05000000000000071,17.55,17.6,17.45,17.5,376.0,235.0,76451.0,4128.0,False,False
2409,2022-11-02 09:28:57.499339,-0.008522727272727404,0.0028571428571428914,-0.15000000000000213,0.05000000000000071,17.55,17.6,17.45,17.5,376.0,235.0,76451.0,4028.0,True,True
2409,2022-11-02 09:28:57.649554,-0.008522727272727404,0.0028571428571428914,-0.15000000000000213,0.05000000000000071,17.55,17.6,17.45,17.5,376.0,235.0,76451.0,4028.0,False,False
2409,2022-11-02 09:28:58.947000,-0.008522727272727404,0.0028571428571428914,-0.15000000000000213,0.05000000000000071,17.55,17.6,17.45,17.5,376.0,236.0,76451.0,4028.0,False,False
2409,2022-11-02 09:29:00.235291,-0.008522727272727404,0.0028571428571428914,-0.15000000000000213,0.05000000000000071,17.55,17.6,17.45,17.5,376.0,236.0,76451.0,4028.0,False,False
2409,2022-11-02 09:29:00.493769,-0.008522727272727404,0.0028571428571428914,-0.15000000000000213,0.05000000000000071,17.55,17.6,17.45,17.5,376.0,236.0,76451.0,4028.0,False,False
2409,2022-11-02 09:29:01.016529,-0.008522727272727404,0.0028571428571428914,-0.15000000000000213,0.05000000000000071,17.55,17.6,17.45,17.5,376.0,235.0,76451.0,4028.0,False,False
2409,2022-11-02 09:29:02.641461,-0.008522727272727404,0.0028571428571428914,-0.15000000000000213,0.05000000000000071,17.55,17.6,17.45,17.5,377.0,235.0,76451.0,4028.0,False,False
2409,2022-11-02 09:29:02.837472,-0.008522727272727404,0.0028571428571428914,-0.15000000000000213,0.05000000000000071,17.55,17.6,17.45,17.5,377.0,235.0,76451.0,4028.0,False,False
2409,2022-11-02 09:29:06.831386,-0.008522727272727404,0.0028571428571428914,-0.15000000000000213,0.05000000000000071,17.55,17.6,17.45,17.5,377.0,235.0,76451.0,4028.0,False,False
2409,2022-11-02 09:29:06.843158,-0.008522727272727404,0.0028571428571428914,-0.15000000000000213,0.05000000000000071,17.55,17.6,17.45,17.5,378.0,235.0,76451.0,4028.0,False,False
2409,2022-11-02 09:29:07.530381,-0.008522727272727404,0.0028571428571428914,-0.15000000000000213,0.05000000000000071,17.55,17.6,17.45,17.5,378.0,235.0,76451.0,4028.0,True,True
2409,2022-11-02 09:29:07.796200,-0.008522727272727404,0.0028571428571428914,-0.15000000000000213,0.05000000000000071,17.55,17.6,17.45,17.5,379.0,235.0,76451.0,4028.0,False,False
2409,2022-11-02 09:29:09.156669,-0.008522727272727404,0.0028571428571428914,-0.15000000000000213,0.05000000000000071,17.55,17.6,17.45,17.5,379.0,235.0,76451.0,4028.0,False,False
2409,2022-11-02 09:29:13.132783,-0.008522727272727404,0.0028571428571428914,-0.15000000000000213,0.05000000000000071,17.55,17.6,17.45,17.5,379.0,235.0,76451.0,4028.0,False,False
2409,2022-11-02 09:29:15.112017,-0.008522727272727404,0.0028571428571428914,-0.15000000000000213,0.05000000000000071,17.55,17.6,17.45,17.5,379.0,235.0,76451.0,4028.0,False,False
2409,2022-11-02 09:29:16.045060,-0.008522727272727404,0.0028571428571428914,-0.15000000000000213,0.05000000000000071,17.55,17.6,17.45,17.5,379.0,235.0,76451.0,4028.0,False,False
2409,2022-11-02 09:29:17.203102,-0.008522727272727404,0.0028571428571428914,-0.15000000000000213,0.05000000000000071,17.55,17.6,17.45,17.5,379.0,235.0,76451.0,4028.0,False,False
2409,2022-11-02 09:29:17.685417,-0.008522727272727404,0.0028571428571428914,-0.15000000000000213,0.05000000000000071,17.55,17.6,17.45,17.5,379.0,235.0,76451.0,4028.0,False,False
2409,2022-11-02 09:29:17.836663,-0.008522727272727404,0.0028571428571428914,-0.15000000000000213,0.05000000000000071,17.55,17.6,17.45,17.5,379.0,235.0,76451.0,4028.0,False,False
2409,2022-11-02 09:29:18.018109,-0.008522727272727404,0.0028571428571428914,-0.15000000000000213,0.05000000000000071,17.55,17.6,17.45,17.5,379.0,235.0,76451.0,4028.0,False,False
2409,2022-11-02 09:29:21.898661,-0.008522727272727404,0.0028571428571428914,-0.15000000000000213,0.05000000000000071,17.55,17.6,17.45,17.5,379.0,226.0,76451.0,4028.0,False,False
2409,2022-11-02 09:29:22.022425,-0.008522727272727404,0.0028571428571428914,-0.15000000000000213,0.05000000000000071,17.55,17.6,17.45,17.5,379.0,227.0,76451.0,4028.0,False,False
2409,2022-11-02 09:29:22.635881,-0.008522727272727404,0.0028571428571428914,-0.15000000000000213,0.05000000000000071,17.55,17.6,17.45,17.5,379.0,226.0,76451.0,4028.0,False,False
2409,2022-11-02 09:29:23.036740,-0.008522727272727404,0.0028571428571428914,-0.15000000000000213,0.05000000000000071,17.55,17.6,17.45,17.5,379.0,216.0,76451.0,4028.0,False,False
2409,2022-11-02 09:29:23.067533,-0.008522727272727404,0.0028571428571428914,-0.15000000000000213,0.05000000000000071,17.55,17.6,17.45,17.5,379.0,216.0,76451.0,4028.0,False,False
2409,2022-11-02 09:29:23.345720,-0.008522727272727404,0.0028571428571428914,-0.15000000000000213,0.05000000000000071,17.55,17.6,17.45,17.5,379.0,216.0,76451.0,4028.0,False,False
2409,2022-11-02 09:29:24.250853,-0.008522727272727404,0.0028571428571428914,-0.15000000000000213,0.05000000000000071,17.55,17.6,17.45,17.5,379.0,216.0,76451.0,4028.0,False,False
2409,2022-11-02 09:29:26.094176,-0.008522727272727404,0.0028571428571428914,-0.15000000000000213,0.05000000000000071,17.55,17.6,17.45,17.5,379.0,212.0,76451.0,4028.0,False,False
2409,2022-11-02 09:29:26.969298,-0.008522727272727404,0.0028571428571428914,-0.15000000000000213,0.05000000000000071,17.55,17.6,17.45,17.5,379.0,211.0,76451.0,4028.0,False,False
2409,2022-11-02 09:29:27.091268,-0.008522727272727404,0.0028571428571428914,-0.15000000000000213,0.05000000000000071,17.55,17.6,17.45,17.5,379.0,211.0,76451.0,4028.0,False,False
2409,2022-11-02 09:29:28.717787,-0.008522727272727404,0.0028571428571428914,-0.15000000000000213,0.05000000000000071,17.55,17.6,17.45,17.5,380.0,211.0,76451.0,4028.0,False,False
2409,2022-11-02 09:29:29.079087,-0.008522727272727404,0.0028571428571428914,-0.15000000000000213,0.05000000000000071,17.55,17.6,17.45,17.5,380.0,211.0,76451.0,4028.0,False,False
2409,2022-11-02 09:29:30.346752,-0.008522727272727404,0.0028571428571428914,-0.15000000000000213,0.05000000000000071,17.55,17.6,17.45,17.5,380.0,210.0,76451.0,4028.0,False,False
2409,2022-11-02 09:29:30.354470,-0.008522727272727404,0.0028571428571428914,-0.15000000000000213,0.05000000000000071,17.55,17.6,17.45,17.5,376.0,210.0,76451.0,4028.0,False,False
2409,2022-11-02 09:29:30.418375,-0.008522727272727404,0.0028571428571428914,-0.15000000000000213,0.05000000000000071,17.55,17.6,17.45,17.5,377.0,210.0,76451.0,4028.0,False,False
2409,2022-11-02 09:29:31.333383,-0.008522727272727404,0.0028571428571428914,-0.15000000000000213,0.05000000000000071,17.55,17.6,17.45,17.5,377.0,209.0,76451.0,4028.0,False,False
2409,2022-11-02 09:29:31.960602,-0.008522727272727404,0.0028571428571428914,-0.15000000000000213,0.05000000000000071,17.55,17.6,17.45,17.5,377.0,210.0,76451.0,4028.0,False,False
2409,2022-11-02 09:29:32.138709,-0.008522727272727404,0.0028571428571428914,-0.15000000000000213,0.05000000000000071,17.55,17.6,17.45,17.5,377.0,210.0,76451.0,4028.0,False,False
2409,2022-11-02 09:29:32.313200,-0.008522727272727404,0.0028571428571428914,-0.15000000000000213,0.05000000000000071,17.55,17.6,17.45,17.5,377.0,210.0,76451.0,4028.0,False,False
2409,2022-11-02 09:29:32.315126,-0.008522727272727404,0.0028571428571428914,-0.15000000000000213,0.05000000000000071,17.55,17.6,17.45,17.5,377.0,210.0,76451.0,4028.0,False,False
2409,2022-11-02 09:29:34.383635,-0.008522727272727404,0.0028571428571428914,-0.15000000000000213,0.05000000000000071,17.55,17.6,17.45,17.5,377.0,210.0,76451.0,4028.0,False,False
2409,2022-11-02 09:29:34.411705,-0.008522727272727404,0.0028571428571428914,-0.15000000000000213,0.05000000000000071,17.55,17.6,17.45,17.5,377.0,209.0,76451.0,4028.0,False,False
2409,2022-11-02 09:29:34.512138,-0.008522727272727404,0.0028571428571428914,-0.15000000000000213,0.05000000000000071,17.55,17.6,17.45,17.5,377.0,210.0,76451.0,4028.0,False,False
2409,2022-11-02 09:29:35.102517,-0.008522727272727404,0.0028571428571428914,-0.15000000000000213,0.05000000000000071,17.55,17.6,17.45,17.5,377.0,210.0,76451.0,4028.0,False,False
2409,2022-11-02 09:29:36.967407,-0.008522727272727404,0.0028571428571428914,-0.15000000000000213,0.05000000000000071,17.55,17.6,17.45,17.5,377.0,211.0,76451.0,4028.0,False,False
2409,2022-11-02 09:29:37.619767,-0.008522727272727404,0.0028571428571428914,-0.15000000000000213,0.05000000000000071,17.55,17.6,17.45,17.5,377.0,211.0,76451.0,3828.0,True,True
2409,2022-11-02 09:29:38.077216,-0.008522727272727404,0.0028571428571428914,-0.15000000000000213,0.05000000000000071,17.55,17.6,17.45,17.5,377.0,210.0,76451.0,3828.0,False,False
2409,2022-11-02 09:29:39.149204,-0.008522727272727404,0.0028571428571428914,-0.15000000000000213,0.05000000000000071,17.55,17.6,17.45,17.5,377.0,210.0,76451.0,3828.0,False,False
2409,2022-11-02 09:29:39.188890,-0.008522727272727404,0.0028571428571428914,-0.15000000000000213,0.05000000000000071,17.55,17.6,17.45,17.5,377.0,210.0,76451.0,3828.0,False,False
2409,2022-11-02 09:29:39.385686,-0.008522727272727404,0.0028571428571428914,-0.15000000000000213,0.05000000000000071,17.55,17.6,17.45,17.5,377.0,196.0,76451.0,3828.0,False,False
2409,2022-11-02 09:29:41.883624,-0.008522727272727404,0.0028571428571428914,-0.15000000000000213,0.05000000000000071,17.55,17.6,17.45,17.5,377.0,196.0,76451.0,3828.0,False,False
2409,2022-11-02 09:29:42.690743,-0.008522727272727404,0.0028571428571428914,-0.15000000000000213,0.05000000000000071,17.55,17.6,17.45,17.5,377.0,196.0,76451.0,3828.0,False,False
2409,2022-11-02 09:29:44.355414,-0.008522727272727404,0.0028571428571428914,-0.15000000000000213,0.05000000000000071,17.55,17.6,17.45,17.5,377.0,196.0,76451.0,3828.0,False,False
2409,2022-11-02 09:29:44.972634,-0.008522727272727404,0.0028571428571428914,-0.15000000000000213,0.05000000000000071,17.55,17.6,17.45,17.5,377.0,194.0,76451.0,3828.0,False,False
2409,2022-11-02 09:29:45.306333,-0.008522727272727404,0.0028571428571428914,-0.15000000000000213,0.05000000000000071,17.55,17.6,17.45,17.5,377.0,194.0,76451.0,3828.0,False,False
2409,2022-11-02 09:29:46.276415,-0.008522727272727404,0.0028571428571428914,-0.15000000000000213,0.05000000000000071,17.55,17.6,17.45,17.5,377.0,194.0,76451.0,3828.0,False,False
2409,2022-11-02 09:29:47.648862,-0.008522727272727404,0.0028571428571428914,-0.15000000000000213,0.05000000000000071,17.55,17.6,17.45,17.5,377.0,194.0,76451.0,3840.0,True,True
2409,2022-11-02 09:29:49.829860,-0.008522727272727404,0.0028571428571428914,-0.15000000000000213,0.05000000000000071,17.55,17.6,17.45,17.5,377.0,194.0,76451.0,3840.0,False,False
2409,2022-11-02 09:29:50.319753,-0.008522727272727404,0.0028571428571428914,-0.15000000000000213,0.05000000000000071,17.55,17.6,17.45,17.5,377.0,193.0,76451.0,3840.0,False,False
2409,2022-11-02 09:29:51.332863,-0.008522727272727404,0.0028571428571428914,-0.15000000000000213,0.05000000000000071,17.55,17.6,17.45,17.5,377.0,191.0,76451.0,3840.0,False,False
2409,2022-11-02 09:29:51.826418,-0.008522727272727404,0.0028571428571428914,-0.15000000000000213,0.05000000000000071,17.55,17.6,17.45,17.5,377.0,191.0,76451.0,3840.0,False,False
2409,2022-11-02 09:29:53.151395,-0.008522727272727404,0.0028571428571428914,-0.15000000000000213,0.05000000000000071,17.55,17.6,17.45,17.5,377.0,191.0,76451.0,3840.0,False,False
2409,2022-11-02 09:29:53.272206,-0.008522727272727404,0.0028571428571428914,-0.15000000000000213,0.05000000000000071,17.55,17.6,17.45,17.5,377.0,191.0,76451.0,3840.0,False,False
2409,2022-11-02 09:29:54.347969,-0.008522727272727404,0.0028571428571428914,-0.15000000000000213,0.05000000000000071,17.55,17.6,17.45,17.5,377.0,192.0,76451.0,3840.0,False,False
2409,2022-11-02 09:29:54.417066,-0.008522727272727404,0.0028571428571428914,-0.15000000000000213,0.05000000000000071,17.55,17.6,17.45,17.5,377.0,191.0,76451.0,3840.0,False,False
2409,2022-11-02 09:29:54.672300,-0.008522727272727404,0.0028571428571428914,-0.15000000000000213,0.05000000000000071,17.55,17.6,17.45,17.5,377.0,193.0,76451.0,3840.0,False,False
2409,2022-11-02 09:29:55.605743,-0.008522727272727404,0.0028571428571428914,-0.15000000000000213,0.05000000000000071,17.55,17.6,17.45,17.5,377.0,193.0,76451.0,3840.0,False,False
2409,2022-11-02 09:29:57.136209,-0.008522727272727404,0.0028571428571428914,-0.15000000000000213,0.05000000000000071,17.55,17.6,17.45,17.5,377.0,193.0,76451.0,3840.0,False,False
2409,2022-11-02 09:29:58.982837,-0.008522727272727404,0.0028571428571428914,-0.15000000000000213,0.05000000000000071,17.55,17.6,17.45,17.5,377.0,195.0,76451.0,3840.0,False,False
2409,2022-11-02 09:30:00.438179,-0.008522727272727404,0.0028571428571428914,-0.15000000000000213,0.05000000000000071,17.55,17.6,17.45,17.5,377.0,206.0,76451.0,3840.0,False,False
2409,2022-11-02 09:30:00.480822,-0.008522727272727404,0.0028571428571428914,-0.15000000000000213,0.05000000000000071,17.55,17.6,17.45,17.5,377.0,201.0,76451.0,3840.0,False,False
2409,2022-11-02 09:30:00.536197,-0.008522727272727404,0.0028571428571428914,-0.15000000000000213,0.05000000000000071,17.55,17.6,17.45,17.5,149.0,201.0,76451.0,3840.0,False,False
2409,2022-11-02 09:30:00.528431,-0.008522727272727404,0.0028571428571428914,-0.15000000000000213,0.05000000000000071,17.55,17.6,17.45,17.5,150.0,201.0,76451.0,3840.0,False,False
2409,2022-11-02 09:30:00.893819,-0.008522727272727404,0.0028571428571428914,-0.15000000000000213,0.05000000000000071,17.55,17.6,17.45,17.5,151.0,201.0,76451.0,3840.0,False,False
2409,2022-11-02 09:30:01.480764,-0.008522727272727404,0.0028571428571428914,-0.15000000000000213,0.05000000000000071,17.55,17.6,17.45,17.5,135.0,201.0,76451.0,3840.0,False,False
2409,2022-11-02 09:30:01.894420,-0.008522727272727404,0.0028571428571428914,-0.15000000000000213,0.05000000000000071,17.55,17.6,17.45,17.5,135.0,201.0,76451.0,3840.0,False,False
2409,2022-11-02 09:30:02.596486,-0.008522727272727404,0.0028571428571428914,-0.15000000000000213,0.05000000000000071,17.55,17.6,17.45,17.5,135.0,201.0,76451.0,3840.0,False,False
2409,2022-11-02 09:30:05.733820,-0.008522727272727404,0.0028571428571428914,-0.15000000000000213,0.05000000000000071,17.55,17.6,17.45,17.5,135.0,201.0,76451.0,3840.0,False,False
2409,2022-11-02 09:30:06.261249,-0.005698005698005826,0.0,-0.10000000000000142,0.0,17.5,17.55,17.45,17.5,485.0,115.0,76451.0,3840.0,False,False
2409,2022-11-02 09:30:06.285457,-0.005698005698005826,0.0,-0.10000000000000142,0.0,17.5,17.55,17.45,17.5,485.0,115.0,76451.0,3840.0,False,False
2409,2022-11-02 09:30:06.285767,-0.005698005698005826,0.0,-0.10000000000000142,0.0,17.5,17.55,17.45,17.5,481.0,115.0,76451.0,3840.0,False,False
2409,2022-11-02 09:30:06.285869,-0.005698005698005826,0.0,-0.10000000000000142,0.0,17.5,17.55,17.45,17.5,477.0,115.0,76451.0,3840.0,False,False
2409,2022-11-02 09:30:06.318070,-0.005698005698005826,0.0,-0.10000000000000142,0.0,17.5,17.55,17.45,17.5,475.0,119.0,76451.0,3840.0,False,False
2409,2022-11-02 09:30:06.423536,-0.005698005698005826,0.0,-0.10000000000000142,0.0,17.5,17.55,17.45,17.5,475.0,119.0,76451.0,3840.0,False,False
2409,2022-11-02 09:30:06.486291,-0.005698005698005826,0.0,-0.10000000000000142,0.0,17.5,17.55,17.45,17.5,475.0,114.0,76451.0,3840.0,False,False
2409,2022-11-02 09:30:06.554901,-0.005698005698005826,0.0,-0.10000000000000142,0.0,17.5,17.55,17.45,17.5,475.0,114.0,76451.0,3840.0,False,False
2409,2022-11-02 09:30:06.609214,-0.005698005698005826,0.0,-0.10000000000000142,0.0,17.5,17.55,17.45,17.5,475.0,114.0,76451.0,3840.0,False,False
2409,2022-11-02 09:30:06.927476,-0.005698005698005826,0.0,-0.10000000000000142,0.0,17.5,17.55,17.45,17.5,475.0,114.0,76451.0,3840.0,False,False
2409,2022-11-02 09:30:07.763756,-0.005698005698005826,0.0,-0.10000000000000142,0.0,17.5,17.55,17.45,17.5,475.0,114.0,76451.0,3840.0,True,True
2409,2022-11-02 09:30:07.935328,-0.005698005698005826,0.0,-0.10000000000000142,0.0,17.5,17.55,17.45,17.5,475.0,114.0,76451.0,3840.0,False,False
2409,2022-11-02 09:30:10.018502,-0.005698005698005826,0.0,-0.10000000000000142,0.0,17.5,17.55,17.45,17.5,475.0,114.0,76451.0,3840.0,False,False
2409,2022-11-02 09:30:11.418241,-0.005698005698005826,0.0,-0.10000000000000142,0.0,17.5,17.55,17.45,17.5,473.0,114.0,76451.0,3840.0,False,False
2409,2022-11-02 09:30:11.577671,-0.005698005698005826,0.0,-0.10000000000000142,0.0,17.5,17.55,17.45,17.5,473.0,114.0,76451.0,3840.0,False,False
2409,2022-11-02 09:30:12.153861,-0.005698005698005826,0.0,-0.10000000000000142,0.0,17.5,17.55,17.45,17.5,473.0,114.0,76451.0,3840.0,False,False
2409,2022-11-02 09:30:14.880702,-0.005698005698005826,0.0,-0.10000000000000142,0.0,17.5,17.55,17.45,17.5,473.0,114.0,76451.0,3840.0,False,False
2409,2022-11-02 09:30:15.013628,-0.005698005698005826,0.0,-0.10000000000000142,0.0,17.5,17.55,17.45,17.5,473.0,115.0,76451.0,3840.0,False,False
2409,2022-11-02 09:30:15.292685,-0.005698005698005826,0.0,-0.10000000000000142,0.0,17.5,17.55,17.45,17.5,473.0,113.0,76451.0,3840.0,False,False
2409,2022-11-02 09:30:17.402044,-0.005698005698005826,0.0,-0.10000000000000142,0.0,17.5,17.55,17.45,17.5,473.0,113.0,76451.0,3840.0,False,False
2409,2022-11-02 09:30:17.531402,-0.005698005698005826,0.0,-0.10000000000000142,0.0,17.5,17.55,17.45,17.5,473.0,116.0,76451.0,3840.0,False,False
2409,2022-11-02 09:30:18.460355,-0.005698005698005826,0.0,-0.10000000000000142,0.0,17.5,17.55,17.45,17.5,473.0,116.0,76451.0,3840.0,False,False
2409,2022-11-02 09:30:19.129388,-0.005698005698005826,0.0,-0.10000000000000142,0.0,17.5,17.55,17.45,17.5,472.0,116.0,76451.0,3840.0,False,False
2409,2022-11-02 09:30:21.539570,-0.005698005698005826,0.0,-0.10000000000000142,0.0,17.5,17.55,17.45,17.5,471.0,116.0,76451.0,3840.0,False,False
2409,2022-11-02 09:30:21.541191,-0.005698005698005826,0.0,-0.10000000000000142,0.0,17.5,17.55,17.45,17.5,471.0,113.0,76451.0,3840.0,False,False
2409,2022-11-02 09:30:21.542087,-0.005698005698005826,0.0,-0.10000000000000142,0.0,17.5,17.55,17.45,17.5,471.0,113.0,76451.0,3840.0,False,False
2409,2022-11-02 09:30:23.707775,-0.005698005698005826,0.0,-0.10000000000000142,0.0,17.5,17.55,17.45,17.5,471.0,114.0,76451.0,3840.0,False,False
2409,2022-11-02 09:30:24.154516,-0.005698005698005826,0.0,-0.10000000000000142,0.0,17.5,17.55,17.45,17.5,471.0,114.0,76451.0,3840.0,False,False
2409,2022-11-02 09:30:24.156509,-0.005698005698005826,0.0,-0.10000000000000142,0.0,17.5,17.55,17.45,17.5,471.0,113.0,76451.0,3840.0,False,False
2409,2022-11-02 09:30:24.541041,-0.005698005698005826,0.0,-0.10000000000000142,0.0,17.5,17.55,17.45,17.5,471.0,113.0,76451.0,3840.0,False,False
2409,2022-11-02 09:30:24.541970,-0.005698005698005826,0.0,-0.10000000000000142,0.0,17.5,17.55,17.45,17.5,471.0,112.0,76451.0,3840.0,False,False
2409,2022-11-02 09:30:24.738372,-0.005698005698005826,0.0,-0.10000000000000142,0.0,17.5,17.55,17.45,17.5,471.0,108.0,76451.0,3840.0,False,False
2409,2022-11-02 09:30:24.739566,-0.005698005698005826,0.0,-0.10000000000000142,0.0,17.5,17.55,17.45,17.5,471.0,108.0,76451.0,3840.0,False,False
2409,2022-11-02 09:30:24.934400,-0.005698005698005826,0.0,-0.10000000000000142,0.0,17.5,17.55,17.45,17.5,471.0,108.0,76451.0,3840.0,False,False
2409,2022-11-02 09:30:25.125198,-0.005698005698005826,0.0,-0.10000000000000142,0.0,17.5,17.55,17.45,17.5,471.0,108.0,76451.0,3840.0,False,False
2409,2022-11-02 09:30:25.128921,-0.005698005698005826,0.0,-0.10000000000000142,0.0,17.5,17.55,17.45,17.5,471.0,108.0,76451.0,3840.0,False,False
2409,2022-11-02 09:30:26.836665,-0.005698005698005826,0.0,-0.10000000000000142,0.0,17.5,17.55,17.45,17.5,471.0,108.0,76451.0,3840.0,False,False
2409,2022-11-02 09:30:27.937839,-0.005698005698005826,0.0,-0.10000000000000142,0.0,17.5,17.55,17.45,17.5,471.0,108.0,77051.0,3840.0,True,True
2409,2022-11-02 09:30:28.730512,-0.005698005698005826,0.0,-0.10000000000000142,0.0,17.5,17.55,17.45,17.5,471.0,107.0,77051.0,3840.0,False,False
2409,2022-11-02 09:30:30.241604,-0.005698005698005826,0.0,-0.10000000000000142,0.0,17.5,17.55,17.45,17.5,471.0,107.0,77051.0,3840.0,False,False
2409,2022-11-02 09:30:30.462595,-0.005698005698005826,0.0,-0.10000000000000142,0.0,17.5,17.55,17.45,17.5,471.0,107.0,77051.0,3840.0,False,False
2409,2022-11-02 09:30:30.468814,-0.005698005698005826,0.0,-0.10000000000000142,0.0,17.5,17.55,17.45,17.5,471.0,108.0,77051.0,3840.0,False,False
2409,2022-11-02 09:30:30.687819,-0.005698005698005826,0.0,-0.10000000000000142,0.0,17.5,17.55,17.45,17.5,471.0,110.0,77051.0,3840.0,False,False
2409,2022-11-02 09:30:30.875570,-0.005698005698005826,0.0,-0.10000000000000142,0.0,17.5,17.55,17.45,17.5,471.0,110.0,77051.0,3840.0,False,False
2409,2022-11-02 09:30:31.439051,-0.005698005698005826,0.0,-0.10000000000000142,0.0,17.5,17.55,17.45,17.5,471.0,110.0,77051.0,3840.0,False,False
2409,2022-11-02 09:30:32.016290,-0.005698005698005826,0.0,-0.10000000000000142,0.0,17.5,17.55,17.45,17.5,471.0,111.0,77051.0,3840.0,False,False
2409,2022-11-02 09:30:33.963010,-0.005698005698005826,0.0,-0.10000000000000142,0.0,17.5,17.55,17.45,17.5,471.0,117.0,77051.0,3840.0,False,False
2409,2022-11-02 09:30:34.473542,-0.005698005698005826,0.0,-0.10000000000000142,0.0,17.5,17.55,17.45,17.5,471.0,117.0,77051.0,3840.0,False,False
2409,2022-11-02 09:30:35.157311,-0.005698005698005826,0.0,-0.10000000000000142,0.0,17.5,17.55,17.45,17.5,461.0,117.0,77051.0,3840.0,False,False
2409,2022-11-02 09:30:36.391985,-0.005698005698005826,0.0,-0.10000000000000142,0.0,17.5,17.55,17.45,17.5,461.0,117.0,77051.0,3840.0,False,False
2409,2022-11-02 09:30:36.528448,-0.005698005698005826,0.0,-0.10000000000000142,0.0,17.5,17.55,17.45,17.5,461.0,117.0,77051.0,3840.0,False,False
2409,2022-11-02 09:30:36.732104,-0.005698005698005826,0.0,-0.10000000000000142,0.0,17.5,17.55,17.45,17.5,461.0,117.0,77051.0,3840.0,False,False
2409,2022-11-02 09:30:36.766818,-0.005698005698005826,0.0,-0.10000000000000142,0.0,17.5,17.55,17.45,17.5,461.0,122.0,77051.0,3840.0,False,False
2409,2022-11-02 09:30:37.993448,-0.005698005698005826,0.0,-0.10000000000000142,0.0,17.5,17.55,17.45,17.5,461.0,122.0,77051.0,4640.0,True,True
2409,2022-11-02 09:30:38.304752,-0.005698005698005826,0.0,-0.10000000000000142,0.0,17.5,17.55,17.45,17.5,461.0,122.0,77051.0,4640.0,False,False
2409,2022-11-02 09:30:38.695007,-0.005698005698005826,0.0,-0.10000000000000142,0.0,17.5,17.55,17.45,17.5,461.0,122.0,77051.0,4640.0,False,False
2409,2022-11-02 09:30:41.774554,-0.005698005698005826,0.0,-0.10000000000000142,0.0,17.5,17.55,17.45,17.5,461.0,122.0,77051.0,4640.0,False,False
2409,2022-11-02 09:30:42.794289,-0.005698005698005826,0.0,-0.10000000000000142,0.0,17.5,17.55,17.45,17.5,461.0,122.0,77051.0,4640.0,False,False
2409,2022-11-02 09:30:43.931796,-0.005698005698005826,0.0,-0.10000000000000142,0.0,17.5,17.55,17.45,17.5,461.0,122.0,77051.0,4640.0,False,False
2409,2022-11-02 09:30:45.480593,-0.005698005698005826,0.0,-0.10000000000000142,0.0,17.5,17.55,17.45,17.5,461.0,122.0,77051.0,4640.0,False,False
2409,2022-11-02 09:30:45.907302,-0.005698005698005826,0.0,-0.10000000000000142,0.0,17.5,17.55,17.45,17.5,461.0,121.0,77051.0,4640.0,False,False
2409,2022-11-02 09:30:46.463267,-0.005698005698005826,0.0,-0.10000000000000142,0.0,17.5,17.55,17.45,17.5,461.0,144.0,77051.0,4640.0,False,False
2409,2022-11-02 09:30:46.495904,-0.005698005698005826,0.0,-0.10000000000000142,0.0,17.5,17.55,17.45,17.5,461.0,144.0,77051.0,4640.0,False,False
2409,2022-11-02 09:30:46.498635,-0.005698005698005826,0.0,-0.10000000000000142,0.0,17.5,17.55,17.45,17.5,461.0,155.0,77051.0,4640.0,False,False
2409,2022-11-02 09:30:48.943221,-0.005698005698005826,0.0,-0.10000000000000142,0.0,17.5,17.55,17.45,17.5,461.0,155.0,77051.0,4640.0,False,False
2409,2022-11-02 09:30:49.026595,-0.005698005698005826,0.0,-0.10000000000000142,0.0,17.5,17.55,17.45,17.5,461.0,155.0,77051.0,4640.0,False,False
2409,2022-11-02 09:30:50.491906,-0.005698005698005826,0.0,-0.10000000000000142,0.0,17.5,17.55,17.45,17.5,461.0,155.0,77051.0,4640.0,False,False
2409,2022-11-02 09:30:50.496847,-0.005698005698005826,0.0,-0.10000000000000142,0.0,17.5,17.55,17.45,17.5,461.0,156.0,77051.0,4640.0,False,False
2409,2022-11-02 09:30:52.743344,-0.005698005698005826,0.0,-0.10000000000000142,0.0,17.5,17.55,17.45,17.5,461.0,156.0,77051.0,4640.0,False,False
2409,2022-11-02 09:30:53.200266,-0.005698005698005826,0.0,-0.10000000000000142,0.0,17.5,17.55,17.45,17.5,461.0,156.0,77051.0,4640.0,False,False
2409,2022-11-02 09:30:53.376464,-0.005698005698005826,0.0,-0.10000000000000142,0.0,17.5,17.55,17.45,17.5,461.0,156.0,77051.0,4640.0,False,False
2409,2022-11-02 09:30:57.411040,-0.005698005698005826,0.0,-0.10000000000000142,0.0,17.5,17.55,17.45,17.5,461.0,156.0,77051.0,4640.0,False,False
2409,2022-11-02 09:30:57.886552,-0.005698005698005826,0.0,-0.10000000000000142,0.0,17.5,17.55,17.45,17.5,461.0,156.0,77051.0,4640.0,False,False
2409,2022-11-02 09:30:58.092062,-0.005698005698005826,0.0,-0.10000000000000142,0.0,17.5,17.55,17.45,17.5,461.0,156.0,77051.0,4665.0,True,True
2409,2022-11-02 09:30:59.532598,-0.005698005698005826,0.0,-0.10000000000000142,0.0,17.5,17.55,17.45,17.5,461.0,156.0,77051.0,4665.0,False,False
2409,2022-11-02 09:31:00.396059,-0.005698005698005826,0.0,-0.10000000000000142,0.0,17.5,17.55,17.45,17.5,461.0,156.0,77051.0,4665.0,False,False
2409,2022-11-02 09:31:07.363904,-0.005698005698005826,0.0,-0.10000000000000142,0.0,17.5,17.55,17.45,17.5,461.0,156.0,6122.0,5274.0,False,True
2409,2022-11-02 09:31:07.418655,-0.005698005698005826,0.0,-0.10000000000000142,0.0,17.5,17.55,17.45,17.5,462.0,156.0,6122.0,5274.0,False,False
2409,2022-11-02 09:31:08.191978,-0.005698005698005826,0.0,-0.10000000000000142,0.0,17.5,17.55,17.45,17.5,462.0,145.0,6122.0,5274.0,False,False
2409,2022-11-02 09:31:09.817614,-0.005698005698005826,0.0,-0.10000000000000142,0.0,17.5,17.55,17.45,17.5,462.0,145.0,6122.0,5274.0,False,False
2409,2022-11-02 09:31:11.160207,-0.005698005698005826,0.0,-0.10000000000000142,0.0,17.5,17.55,17.45,17.5,462.0,156.0,6122.0,5274.0,False,False
2409,2022-11-02 09:31:11.527608,-0.005698005698005826,0.0,-0.10000000000000142,0.0,17.5,17.55,17.45,17.5,462.0,156.0,6122.0,5274.0,False,False
2409,2022-11-02 09:31:12.271583,-0.005698005698005826,0.0,-0.10000000000000142,0.0,17.5,17.55,17.45,17.5,462.0,156.0,6122.0,5274.0,False,False
2409,2022-11-02 09:31:15.033929,-0.005698005698005826,0.0,-0.10000000000000142,0.0,17.5,17.55,17.45,17.5,461.0,156.0,6122.0,5274.0,False,False
2409,2022-11-02 09:31:17.539633,-0.005698005698005826,0.0,-0.10000000000000142,0.0,17.5,17.55,17.45,17.5,460.0,156.0,6122.0,5274.0,False,False
2409,2022-11-02 09:31:17.779878,-0.005698005698005826,0.0,-0.10000000000000142,0.0,17.5,17.55,17.45,17.5,460.0,156.0,6122.0,5274.0,False,False
2409,2022-11-02 09:31:18.090813,-0.005698005698005826,0.0,-0.10000000000000142,0.0,17.5,17.55,17.45,17.5,460.0,156.0,6122.0,5274.0,False,False
2409,2022-11-02 09:31:19.203891,-0.005698005698005826,0.0,-0.10000000000000142,0.0,17.5,17.55,17.45,17.5,479.0,156.0,6122.0,5274.0,False,False
2409,2022-11-02 09:31:19.701028,-0.005698005698005826,0.0,-0.10000000000000142,0.0,17.5,17.55,17.45,17.5,479.0,156.0,6122.0,5274.0,False,False
2409,2022-11-02 09:31:19.725843,-0.005698005698005826,0.0,-0.10000000000000142,0.0,17.5,17.55,17.45,17.5,479.0,145.0,6122.0,5274.0,False,False
2409,2022-11-02 09:31:20.635433,-0.005698005698005826,0.0,-0.10000000000000142,0.0,17.5,17.55,17.45,17.5,494.0,145.0,6122.0,5274.0,False,False
2409,2022-11-02 09:31:23.606026,-0.005698005698005826,0.0,-0.10000000000000142,0.0,17.5,17.55,17.45,17.5,494.0,145.0,6122.0,5274.0,False,False
2409,2022-11-02 09:31:24.950380,-0.005698005698005826,0.0,-0.10000000000000142,0.0,17.5,17.55,17.45,17.5,494.0,145.0,6122.0,5274.0,False,False
2409,2022-11-02 09:31:25.605221,-0.005698005698005826,0.0,-0.10000000000000142,0.0,17.5,17.55,17.45,17.5,494.0,145.0,6122.0,5274.0,False,False
2409,2022-11-02 09:31:27.460293,-0.005698005698005826,0.0,-0.10000000000000142,0.0,17.5,17.55,17.45,17.5,494.0,145.0,6122.0,4754.0,True,True
2409,2022-11-02 09:31:28.077188,-0.005698005698005826,0.0,-0.10000000000000142,0.0,17.5,17.55,17.45,17.5,494.0,145.0,6122.0,4754.0,False,False
2409,2022-11-02 09:31:28.078760,-0.005698005698005826,0.0,-0.10000000000000142,0.0,17.5,17.55,17.45,17.5,475.0,145.0,6122.0,4754.0,False,False
2409,2022-11-02 09:31:28.296144,-0.005698005698005826,0.0,-0.10000000000000142,0.0,17.5,17.55,17.45,17.5,496.0,145.0,6122.0,4754.0,False,False
2409,2022-11-02 09:31:28.797392,-0.005698005698005826,0.0,-0.10000000000000142,0.0,17.5,17.55,17.45,17.5,496.0,145.0,6122.0,4754.0,False,False
2409,2022-11-02 09:31:29.927496,-0.005698005698005826,0.0,-0.10000000000000142,0.0,17.5,17.55,17.45,17.5,498.0,145.0,6122.0,4754.0,False,False
2409,2022-11-02 09:31:30.525871,-0.005698005698005826,0.0,-0.10000000000000142,0.0,17.5,17.55,17.45,17.5,498.0,146.0,6122.0,4754.0,False,False
2409,2022-11-02 09:31:31.418074,-0.005698005698005826,0.0,-0.10000000000000142,0.0,17.5,17.55,17.45,17.5,498.0,146.0,6122.0,4754.0,False,False
2409,2022-11-02 09:31:32.661300,-0.005698005698005826,0.0,-0.10000000000000142,0.0,17.5,17.55,17.45,17.5,498.0,147.0,6122.0,4754.0,False,False
2409,2022-11-02 09:31:33.567805,-0.005698005698005826,0.0,-0.10000000000000142,0.0,17.5,17.55,17.45,17.5,498.0,147.0,6122.0,4754.0,False,False
2409,2022-11-02 09:31:34.503391,-0.005698005698005826,0.0,-0.10000000000000142,0.0,17.5,17.55,17.45,17.5,498.0,151.0,6122.0,4754.0,False,False
2409,2022-11-02 09:31:34.592830,-0.005698005698005826,0.0,-0.10000000000000142,0.0,17.5,17.55,17.45,17.5,498.0,150.0,6122.0,4754.0,False,False
2409,2022-11-02 09:31:37.503760,-0.005698005698005826,0.0,-0.10000000000000142,0.0,17.5,17.55,17.45,17.5,498.0,150.0,5622.0,4754.0,True,True
2409,2022-11-02 09:31:43.508118,-0.005698005698005826,0.0,-0.10000000000000142,0.0,17.5,17.55,17.45,17.5,498.0,151.0,5622.0,4754.0,False,False
2409,2022-11-02 09:31:43.644566,-0.005698005698005826,0.0,-0.10000000000000142,0.0,17.5,17.55,17.45,17.5,498.0,151.0,5622.0,4754.0,False,False
2409,2022-11-02 09:31:45.851733,-0.005698005698005826,0.0,-0.10000000000000142,0.0,17.5,17.55,17.45,17.5,487.0,151.0,5622.0,4754.0,False,False
2409,2022-11-02 09:31:46.112648,-0.005698005698005826,0.0,-0.10000000000000142,0.0,17.5,17.55,17.45,17.5,476.0,151.0,5622.0,4754.0,False,False
2409,2022-11-02 09:31:46.222260,-0.005698005698005826,0.0,-0.10000000000000142,0.0,17.5,17.55,17.45,17.5,476.0,152.0,5622.0,4754.0,False,False
2409,2022-11-02 09:31:46.420479,-0.005698005698005826,0.0,-0.10000000000000142,0.0,17.5,17.55,17.45,17.5,465.0,152.0,5622.0,4754.0,False,False
2409,2022-11-02 09:31:46.444418,-0.005698005698005826,0.0,-0.10000000000000142,0.0,17.5,17.55,17.45,17.5,465.0,166.0,5622.0,4754.0,False,False
2409,2022-11-02 09:31:47.556410,-0.005698005698005826,0.0,-0.10000000000000142,0.0,17.5,17.55,17.45,17.5,465.0,166.0,5622.0,5078.0,True,True
2409,2022-11-02 09:31:48.427066,-0.005698005698005826,0.0,-0.10000000000000142,0.0,17.5,17.55,17.45,17.5,465.0,166.0,5622.0,5078.0,False,False
2409,2022-11-02 09:31:48.514658,-0.005698005698005826,0.0,-0.10000000000000142,0.0,17.5,17.55,17.45,17.5,465.0,166.0,5622.0,5078.0,False,False
2409,2022-11-02 09:31:48.603059,-0.005698005698005826,0.0,-0.10000000000000142,0.0,17.5,17.55,17.45,17.5,465.0,166.0,5622.0,5078.0,False,False
2409,2022-11-02 09:31:51.542705,-0.005698005698005826,0.0,-0.10000000000000142,0.0,17.5,17.55,17.45,17.5,467.0,166.0,5622.0,5078.0,False,False
