symbol,datetime,NaOb_r,NbOa_r,NaOb_s,NbOa_s,bid1,ask1,odd_bid1,odd_ask1,bidQty1,askQty1,odd_bidQty1,odd_askQty1,simulate,triggerbyOdd
2603,2022-11-02 09:19:54.324328,-0.003597122302158251,-0.003597122302158251,-0.5,-0.5,138.5,139.0,138.5,139.0,830.0,4.0,29882.0,24189.0,True,True
2603,2022-11-02 09:19:54.313392,-0.003597122302158251,-0.003597122302158251,-0.5,-0.5,138.5,139.0,138.5,139.0,830.0,4.0,29882.0,24189.0,False,False
2603,2022-11-02 09:19:54.536493,-0.003597122302158251,-0.003597122302158251,-0.5,-0.5,138.5,139.0,138.5,139.0,830.0,4.0,29882.0,24189.0,False,False
2603,2022-11-02 09:19:54.607219,-0.003597122302158251,-0.003597122302158251,-0.5,-0.5,138.5,139.0,138.5,139.0,830.0,4.0,29882.0,24189.0,False,False
2603,2022-11-02 09:19:54.963012,-0.003597122302158251,-0.003597122302158251,-0.5,-0.5,138.5,139.0,138.5,139.0,831.0,4.0,29882.0,24189.0,False,False
2603,2022-11-02 09:19:55.468417,-0.007168458781361964,0.0,-1.0,0.0,139.0,139.5,138.5,139.0,1.0,916.0,29882.0,24189.0,False,False
2603,2022-11-02 09:19:55.487580,-0.007168458781361964,0.0,-1.0,0.0,139.0,139.5,138.5,139.0,1.0,916.0,29882.0,24189.0,False,False
2603,2022-11-02 09:19:55.509369,-0.007168458781361964,0.0,-1.0,0.0,139.0,139.5,138.5,139.0,1.0,936.0,29882.0,24189.0,False,False
2603,2022-11-02 09:19:56.028088,-0.007168458781361964,0.0,-1.0,0.0,139.0,139.5,138.5,139.0,1.0,936.0,29882.0,24189.0,False,False
2603,2022-11-02 09:19:56.311456,-0.007168458781361964,0.0,-1.0,0.0,139.0,139.5,138.5,139.0,1.0,936.0,29882.0,24189.0,False,False
2603,2022-11-02 09:19:57.322708,-0.007168458781361964,0.0,-1.0,0.0,139.0,139.5,138.5,139.0,2.0,936.0,29882.0,24189.0,False,False
2603,2022-11-02 09:19:58.272446,-0.007168458781361964,0.0,-1.0,0.0,139.0,139.5,138.5,139.0,2.0,936.0,29882.0,24189.0,False,False
2603,2022-11-02 09:19:58.385951,-0.007168458781361964,0.0,-1.0,0.0,139.0,139.5,138.5,139.0,12.0,936.0,29882.0,24189.0,False,False
2603,2022-11-02 09:19:58.778570,-0.007168458781361964,0.0,-1.0,0.0,139.0,139.5,138.5,139.0,12.0,936.0,29882.0,24189.0,False,False
2603,2022-11-02 09:19:58.882144,-0.007168458781361964,0.0,-1.0,0.0,139.0,139.5,138.5,139.0,14.0,936.0,29882.0,24189.0,False,False
2603,2022-11-02 09:20:01.128010,-0.007168458781361964,0.0,-1.0,0.0,139.0,139.5,138.5,139.0,14.0,936.0,29882.0,24189.0,False,False
2603,2022-11-02 09:20:01.393070,-0.007168458781361964,0.0,-1.0,0.0,139.0,139.5,138.5,139.0,14.0,936.0,29882.0,24189.0,False,False
2603,2022-11-02 09:20:01.601439,-0.007168458781361964,0.0,-1.0,0.0,139.0,139.5,138.5,139.0,14.0,936.0,29882.0,24189.0,False,False
2603,2022-11-02 09:20:01.683458,-0.007168458781361964,0.0,-1.0,0.0,139.0,139.5,138.5,139.0,14.0,936.0,29882.0,24189.0,False,False
2603,2022-11-02 09:20:02.259987,-0.007168458781361964,0.0,-1.0,0.0,139.0,139.5,138.5,139.0,14.0,936.0,29882.0,24189.0,False,False
2603,2022-11-02 09:20:02.359106,-0.007168458781361964,0.0,-1.0,0.0,139.0,139.5,138.5,139.0,11.0,936.0,29882.0,24189.0,False,False
2603,2022-11-02 09:20:02.399366,-0.007168458781361964,0.0,-1.0,0.0,139.0,139.5,138.5,139.0,11.0,936.0,29882.0,24189.0,False,False
2603,2022-11-02 09:20:02.523016,-0.007168458781361964,0.0,-1.0,0.0,139.0,139.5,138.5,139.0,11.0,936.0,29882.0,24189.0,False,False
2603,2022-11-02 09:20:02.639795,-0.007168458781361964,0.0,-1.0,0.0,139.0,139.5,138.5,139.0,11.0,936.0,29882.0,24189.0,False,False
2603,2022-11-02 09:20:03.481520,-0.007168458781361964,0.0,-1.0,0.0,139.0,139.5,138.5,139.0,11.0,936.0,29882.0,24189.0,False,False
2603,2022-11-02 09:20:03.562491,-0.007168458781361964,0.0,-1.0,0.0,139.0,139.5,138.5,139.0,31.0,936.0,29882.0,24189.0,False,False
2603,2022-11-02 09:20:04.059025,-0.007168458781361964,0.0,-1.0,0.0,139.0,139.5,138.5,139.0,30.0,936.0,29882.0,24189.0,False,False
2603,2022-11-02 09:20:04.368563,-0.007168458781361964,0.0,-1.0,0.0,139.0,139.5,138.5,139.0,30.0,936.0,29882.0,14185.0,True,True
2603,2022-11-02 09:20:04.556111,-0.007168458781361964,0.0,-1.0,0.0,139.0,139.5,138.5,139.0,31.0,936.0,29882.0,14185.0,False,False
2603,2022-11-02 09:20:04.633525,-0.007168458781361964,0.0,-1.0,0.0,139.0,139.5,138.5,139.0,31.0,936.0,29882.0,14185.0,False,False
2603,2022-11-02 09:20:05.285739,-0.007168458781361964,0.0,-1.0,0.0,139.0,139.5,138.5,139.0,32.0,936.0,29882.0,14185.0,False,False
2603,2022-11-02 09:20:05.672393,-0.007168458781361964,0.0,-1.0,0.0,139.0,139.5,138.5,139.0,33.0,936.0,29882.0,14185.0,False,False
2603,2022-11-02 09:20:05.694318,-0.007168458781361964,0.0,-1.0,0.0,139.0,139.5,138.5,139.0,33.0,934.0,29882.0,14185.0,False,False
2603,2022-11-02 09:20:05.995153,-0.007168458781361964,0.0,-1.0,0.0,139.0,139.5,138.5,139.0,34.0,934.0,29882.0,14185.0,False,False
2603,2022-11-02 09:20:07.094705,-0.007168458781361964,0.0,-1.0,0.0,139.0,139.5,138.5,139.0,34.0,934.0,29882.0,14185.0,False,False
2603,2022-11-02 09:20:07.742505,-0.007168458781361964,0.0,-1.0,0.0,139.0,139.5,138.5,139.0,34.0,934.0,29882.0,14185.0,False,False
2603,2022-11-02 09:20:08.054653,-0.007168458781361964,0.0,-1.0,0.0,139.0,139.5,138.5,139.0,34.0,934.0,29882.0,14185.0,False,False
2603,2022-11-02 09:20:08.123832,-0.007168458781361964,0.0,-1.0,0.0,139.0,139.5,138.5,139.0,34.0,934.0,29882.0,14185.0,False,False
2603,2022-11-02 09:20:08.202562,-0.007168458781361964,0.0,-1.0,0.0,139.0,139.5,138.5,139.0,34.0,934.0,29882.0,14185.0,False,False
2603,2022-11-02 09:20:08.430241,-0.007168458781361964,0.0,-1.0,0.0,139.0,139.5,138.5,139.0,34.0,934.0,29882.0,14185.0,False,False
2603,2022-11-02 09:20:09.596803,-0.007168458781361964,0.0,-1.0,0.0,139.0,139.5,138.5,139.0,34.0,934.0,29882.0,14185.0,False,False
2603,2022-11-02 09:20:09.623603,-0.007168458781361964,0.0,-1.0,0.0,139.0,139.5,138.5,139.0,34.0,934.0,29882.0,14185.0,False,False
2603,2022-11-02 09:20:10.059648,-0.007168458781361964,0.0,-1.0,0.0,139.0,139.5,138.5,139.0,34.0,934.0,29882.0,14185.0,False,False
2603,2022-11-02 09:20:10.292340,-0.007168458781361964,0.0,-1.0,0.0,139.0,139.5,138.5,139.0,34.0,933.0,29882.0,14185.0,False,False
2603,2022-11-02 09:20:10.373291,-0.007168458781361964,0.0,-1.0,0.0,139.0,139.5,138.5,139.0,34.0,935.0,29882.0,14185.0,False,False
2603,2022-11-02 09:20:11.515790,-0.007168458781361964,0.0,-1.0,0.0,139.0,139.5,138.5,139.0,34.0,935.0,29882.0,14185.0,False,False
2603,2022-11-02 09:20:12.000734,-0.007168458781361964,0.0,-1.0,0.0,139.0,139.5,138.5,139.0,34.0,935.0,29882.0,14185.0,False,False
2603,2022-11-02 09:20:12.210081,-0.007168458781361964,0.0,-1.0,0.0,139.0,139.5,138.5,139.0,34.0,935.0,29882.0,14185.0,False,False
2603,2022-11-02 09:20:12.286535,-0.007168458781361964,0.0,-1.0,0.0,139.0,139.5,138.5,139.0,34.0,935.0,29882.0,14185.0,False,False
2603,2022-11-02 09:20:12.363018,-0.007168458781361964,0.0,-1.0,0.0,139.0,139.5,138.5,139.0,34.0,935.0,29882.0,14185.0,False,False
2603,2022-11-02 09:20:12.640860,-0.007168458781361964,0.0,-1.0,0.0,139.0,139.5,138.5,139.0,34.0,935.0,29882.0,14185.0,False,False
2603,2022-11-02 09:20:13.271025,-0.007168458781361964,0.0,-1.0,0.0,139.0,139.5,138.5,139.0,34.0,940.0,29882.0,14185.0,False,False
2603,2022-11-02 09:20:13.386440,-0.007168458781361964,0.0,-1.0,0.0,139.0,139.5,138.5,139.0,33.0,940.0,29882.0,14185.0,False,False
2603,2022-11-02 09:20:13.633974,-0.007168458781361964,0.0,-1.0,0.0,139.0,139.5,138.5,139.0,35.0,940.0,29882.0,14185.0,False,False
2603,2022-11-02 09:20:13.779005,-0.007168458781361964,0.0,-1.0,0.0,139.0,139.5,138.5,139.0,34.0,940.0,29882.0,14185.0,False,False
2603,2022-11-02 09:20:14.291314,-0.007168458781361964,0.0,-1.0,0.0,139.0,139.5,138.5,139.0,34.0,940.0,29882.0,14185.0,False,False
2603,2022-11-02 09:20:14.478372,-0.007168458781361964,0.0,-1.0,0.0,139.0,139.5,138.5,139.0,34.0,940.0,29882.0,13875.0,True,True
2603,2022-11-02 09:20:15.057058,-0.007168458781361964,0.0,-1.0,0.0,139.0,139.5,138.5,139.0,36.0,940.0,29882.0,13875.0,False,False
2603,2022-11-02 09:20:15.161868,-0.007168458781361964,0.0,-1.0,0.0,139.0,139.5,138.5,139.0,36.0,940.0,29882.0,13875.0,False,False
2603,2022-11-02 09:20:15.284865,-0.007168458781361964,0.0,-1.0,0.0,139.0,139.5,138.5,139.0,36.0,940.0,29882.0,13875.0,False,False
2603,2022-11-02 09:20:15.768772,-0.007168458781361964,0.0,-1.0,0.0,139.0,139.5,138.5,139.0,36.0,940.0,29882.0,13875.0,False,False
2603,2022-11-02 09:20:16.070651,-0.007168458781361964,0.0,-1.0,0.0,139.0,139.5,138.5,139.0,36.0,940.0,29882.0,13875.0,False,False
2603,2022-11-02 09:20:16.130977,-0.007168458781361964,0.0,-1.0,0.0,139.0,139.5,138.5,139.0,36.0,940.0,29882.0,13875.0,False,False
2603,2022-11-02 09:20:16.520558,-0.007168458781361964,0.0,-1.0,0.0,139.0,139.5,138.5,139.0,35.0,940.0,29882.0,13875.0,False,False
2603,2022-11-02 09:20:17.814339,-0.007168458781361964,0.0,-1.0,0.0,139.0,139.5,138.5,139.0,34.0,940.0,29882.0,13875.0,False,False
2603,2022-11-02 09:20:17.835880,-0.007168458781361964,0.0,-1.0,0.0,139.0,139.5,138.5,139.0,34.0,945.0,29882.0,13875.0,False,False
2603,2022-11-02 09:20:17.994790,-0.007168458781361964,0.0,-1.0,0.0,139.0,139.5,138.5,139.0,35.0,945.0,29882.0,13875.0,False,False
2603,2022-11-02 09:20:18.210127,-0.007168458781361964,0.0,-1.0,0.0,139.0,139.5,138.5,139.0,35.0,945.0,29882.0,13875.0,False,False
2603,2022-11-02 09:20:18.411857,-0.007168458781361964,0.0,-1.0,0.0,139.0,139.5,138.5,139.0,34.0,945.0,29882.0,13875.0,False,False
2603,2022-11-02 09:20:18.711779,-0.007168458781361964,0.0,-1.0,0.0,139.0,139.5,138.5,139.0,42.0,945.0,29882.0,13875.0,False,False
2603,2022-11-02 09:20:19.131421,-0.007168458781361964,0.0,-1.0,0.0,139.0,139.5,138.5,139.0,42.0,945.0,29882.0,13875.0,False,False
2603,2022-11-02 09:20:19.145886,-0.007168458781361964,0.0,-1.0,0.0,139.0,139.5,138.5,139.0,42.0,945.0,29882.0,13875.0,False,False
2603,2022-11-02 09:20:19.379961,-0.007168458781361964,0.0,-1.0,0.0,139.0,139.5,138.5,139.0,42.0,945.0,29882.0,13875.0,False,False
2603,2022-11-02 09:20:19.542829,-0.007168458781361964,0.0,-1.0,0.0,139.0,139.5,138.5,139.0,42.0,945.0,29882.0,13875.0,False,False
2603,2022-11-02 09:20:20.695640,-0.007168458781361964,0.0,-1.0,0.0,139.0,139.5,138.5,139.0,42.0,945.0,29882.0,13875.0,False,False
2603,2022-11-02 09:20:21.118705,-0.007168458781361964,0.0,-1.0,0.0,139.0,139.5,138.5,139.0,41.0,945.0,29882.0,13875.0,False,False
2603,2022-11-02 09:20:21.134491,-0.007168458781361964,0.0,-1.0,0.0,139.0,139.5,138.5,139.0,41.0,945.0,29882.0,13875.0,False,False
2603,2022-11-02 09:20:21.531871,-0.007168458781361964,0.0,-1.0,0.0,139.0,139.5,138.5,139.0,41.0,945.0,29882.0,13875.0,False,False
2603,2022-11-02 09:20:21.714535,-0.007168458781361964,0.0,-1.0,0.0,139.0,139.5,138.5,139.0,41.0,945.0,29882.0,13875.0,False,False
2603,2022-11-02 09:20:21.724047,-0.007168458781361964,0.0,-1.0,0.0,139.0,139.5,138.5,139.0,42.0,945.0,29882.0,13875.0,False,False
2603,2022-11-02 09:20:22.105222,-0.007168458781361964,0.0,-1.0,0.0,139.0,139.5,138.5,139.0,42.0,945.0,29882.0,13875.0,False,False
2603,2022-11-02 09:20:22.716664,-0.007168458781361964,0.0,-1.0,0.0,139.0,139.5,138.5,139.0,41.0,945.0,29882.0,13875.0,False,False
2603,2022-11-02 09:20:22.900837,-0.007168458781361964,0.0,-1.0,0.0,139.0,139.5,138.5,139.0,41.0,945.0,29882.0,13875.0,False,False
2603,2022-11-02 09:20:23.193495,-0.007168458781361964,0.0,-1.0,0.0,139.0,139.5,138.5,139.0,42.0,945.0,29882.0,13875.0,False,False
2603,2022-11-02 09:20:24.567102,-0.007168458781361964,0.0,-1.0,0.0,139.0,139.5,138.5,139.0,42.0,945.0,29882.0,14065.0,True,True
2603,2022-11-02 09:20:25.291272,-0.007168458781361964,0.0,-1.0,0.0,139.0,139.5,138.5,139.0,41.0,945.0,29882.0,14065.0,False,False
2603,2022-11-02 09:20:25.339847,-0.007168458781361964,0.0,-1.0,0.0,139.0,139.5,138.5,139.0,41.0,945.0,29882.0,14065.0,False,False
2603,2022-11-02 09:20:26.052208,-0.007168458781361964,0.0,-1.0,0.0,139.0,139.5,138.5,139.0,41.0,945.0,29882.0,14065.0,False,False
2603,2022-11-02 09:20:26.437097,-0.007168458781361964,0.0,-1.0,0.0,139.0,139.5,138.5,139.0,42.0,945.0,29882.0,14065.0,False,False
2603,2022-11-02 09:20:27.383950,-0.007168458781361964,0.0,-1.0,0.0,139.0,139.5,138.5,139.0,44.0,945.0,29882.0,14065.0,False,False
2603,2022-11-02 09:20:27.393357,-0.007168458781361964,0.0,-1.0,0.0,139.0,139.5,138.5,139.0,45.0,945.0,29882.0,14065.0,False,False
2603,2022-11-02 09:20:27.855609,-0.007168458781361964,0.0,-1.0,0.0,139.0,139.5,138.5,139.0,45.0,945.0,29882.0,14065.0,False,False
2603,2022-11-02 09:20:28.051526,-0.007168458781361964,0.0,-1.0,0.0,139.0,139.5,138.5,139.0,45.0,945.0,29882.0,14065.0,False,False
2603,2022-11-02 09:20:28.226244,-0.007168458781361964,0.0,-1.0,0.0,139.0,139.5,138.5,139.0,50.0,945.0,29882.0,14065.0,False,False
2603,2022-11-02 09:20:28.243972,-0.007168458781361964,0.0,-1.0,0.0,139.0,139.5,138.5,139.0,50.0,945.0,29882.0,14065.0,False,False
2603,2022-11-02 09:20:29.002659,-0.007168458781361964,0.0,-1.0,0.0,139.0,139.5,138.5,139.0,50.0,945.0,29882.0,14065.0,False,False
2603,2022-11-02 09:20:29.298283,-0.007168458781361964,0.0,-1.0,0.0,139.0,139.5,138.5,139.0,50.0,945.0,29882.0,14065.0,False,False
2603,2022-11-02 09:20:29.574868,-0.007168458781361964,0.0,-1.0,0.0,139.0,139.5,138.5,139.0,50.0,946.0,29882.0,14065.0,False,False
2603,2022-11-02 09:20:29.878883,-0.007168458781361964,0.0,-1.0,0.0,139.0,139.5,138.5,139.0,50.0,946.0,29882.0,14065.0,False,False
2603,2022-11-02 09:20:29.909151,-0.007168458781361964,0.0,-1.0,0.0,139.0,139.5,138.5,139.0,50.0,946.0,29882.0,14065.0,False,False
2603,2022-11-02 09:20:30.335874,-0.007168458781361964,0.0,-1.0,0.0,139.0,139.5,138.5,139.0,50.0,946.0,29882.0,14065.0,False,False
2603,2022-11-02 09:20:30.394805,-0.007168458781361964,0.0,-1.0,0.0,139.0,139.5,138.5,139.0,49.0,946.0,29882.0,14065.0,False,False
2603,2022-11-02 09:20:30.638537,-0.007168458781361964,0.0,-1.0,0.0,139.0,139.5,138.5,139.0,49.0,946.0,29882.0,14065.0,False,False
2603,2022-11-02 09:20:31.231290,-0.007168458781361964,0.0,-1.0,0.0,139.0,139.5,138.5,139.0,49.0,946.0,29882.0,14065.0,False,False
2603,2022-11-02 09:20:31.612775,-0.007168458781361964,0.0,-1.0,0.0,139.0,139.5,138.5,139.0,49.0,947.0,29882.0,14065.0,False,False
2603,2022-11-02 09:20:31.836376,-0.007168458781361964,0.0,-1.0,0.0,139.0,139.5,138.5,139.0,69.0,947.0,29882.0,14065.0,False,False
2603,2022-11-02 09:20:32.142506,-0.007168458781361964,0.0,-1.0,0.0,139.0,139.5,138.5,139.0,69.0,947.0,29882.0,14065.0,False,False
2603,2022-11-02 09:20:32.156159,-0.007168458781361964,0.0,-1.0,0.0,139.0,139.5,138.5,139.0,69.0,947.0,29882.0,14065.0,False,False
2603,2022-11-02 09:20:32.357884,-0.007168458781361964,0.0,-1.0,0.0,139.0,139.5,138.5,139.0,59.0,947.0,29882.0,14065.0,False,False
2603,2022-11-02 09:20:32.396375,-0.007168458781361964,0.0,-1.0,0.0,139.0,139.5,138.5,139.0,57.0,947.0,29882.0,14065.0,False,False
2603,2022-11-02 09:20:32.689435,-0.007168458781361964,0.0,-1.0,0.0,139.0,139.5,138.5,139.0,97.0,947.0,29882.0,14065.0,False,False
2603,2022-11-02 09:20:33.079545,-0.007168458781361964,0.0,-1.0,0.0,139.0,139.5,138.5,139.0,97.0,947.0,29882.0,14065.0,False,False
2603,2022-11-02 09:20:33.230227,-0.007168458781361964,0.0,-1.0,0.0,139.0,139.5,138.5,139.0,137.0,947.0,29882.0,14065.0,False,False
2603,2022-11-02 09:20:34.599768,-0.007168458781361964,0.0,-1.0,0.0,139.0,139.5,138.5,139.0,97.0,947.0,29882.0,14065.0,False,False
2603,2022-11-02 09:20:34.630106,-0.007168458781361964,0.0,-1.0,0.0,139.0,139.5,138.5,139.0,97.0,947.0,29882.0,14175.0,True,True
2603,2022-11-02 09:20:34.603110,-0.007168458781361964,0.0,-1.0,0.0,139.0,139.5,138.5,139.0,57.0,947.0,29882.0,14175.0,False,False
2603,2022-11-02 09:20:34.760453,-0.007168458781361964,0.0,-1.0,0.0,139.0,139.5,138.5,139.0,57.0,947.0,29882.0,14175.0,False,False
2603,2022-11-02 09:20:35.267231,-0.007168458781361964,0.0,-1.0,0.0,139.0,139.5,138.5,139.0,57.0,947.0,29882.0,14175.0,False,False
2603,2022-11-02 09:20:35.662704,-0.007168458781361964,0.0,-1.0,0.0,139.0,139.5,138.5,139.0,58.0,947.0,29882.0,14175.0,False,False
2603,2022-11-02 09:20:35.683972,-0.007168458781361964,0.0,-1.0,0.0,139.0,139.5,138.5,139.0,58.0,940.0,29882.0,14175.0,False,False
2603,2022-11-02 09:20:35.862226,-0.007168458781361964,0.0,-1.0,0.0,139.0,139.5,138.5,139.0,58.0,940.0,29882.0,14175.0,False,False
2603,2022-11-02 09:20:35.955652,-0.007168458781361964,0.0,-1.0,0.0,139.0,139.5,138.5,139.0,59.0,940.0,29882.0,14175.0,False,False
2603,2022-11-02 09:20:36.342306,-0.007168458781361964,0.0,-1.0,0.0,139.0,139.5,138.5,139.0,59.0,940.0,29882.0,14175.0,False,False
2603,2022-11-02 09:20:36.625747,-0.007168458781361964,0.0,-1.0,0.0,139.0,139.5,138.5,139.0,60.0,940.0,29882.0,14175.0,False,False
2603,2022-11-02 09:20:36.661392,-0.007168458781361964,0.0,-1.0,0.0,139.0,139.5,138.5,139.0,71.0,938.0,29882.0,14175.0,False,False
2603,2022-11-02 09:20:36.748030,-0.007168458781361964,0.0,-1.0,0.0,139.0,139.5,138.5,139.0,71.0,936.0,29882.0,14175.0,False,False
2603,2022-11-02 09:20:36.946398,-0.007168458781361964,0.0,-1.0,0.0,139.0,139.5,138.5,139.0,71.0,936.0,29882.0,14175.0,False,False
2603,2022-11-02 09:20:37.129292,-0.007168458781361964,0.0,-1.0,0.0,139.0,139.5,138.5,139.0,75.0,936.0,29882.0,14175.0,False,False
2603,2022-11-02 09:20:37.139900,-0.007168458781361964,0.0,-1.0,0.0,139.0,139.5,138.5,139.0,75.0,932.0,29882.0,14175.0,False,False
2603,2022-11-02 09:20:37.343059,-0.007168458781361964,0.0,-1.0,0.0,139.0,139.5,138.5,139.0,85.0,932.0,29882.0,14175.0,False,False
2603,2022-11-02 09:20:37.525358,-0.007168458781361964,0.0,-1.0,0.0,139.0,139.5,138.5,139.0,85.0,932.0,29882.0,14175.0,False,False
2603,2022-11-02 09:20:37.554287,-0.007168458781361964,0.0,-1.0,0.0,139.0,139.5,138.5,139.0,82.0,932.0,29882.0,14175.0,False,False
2603,2022-11-02 09:20:37.669736,-0.007168458781361964,0.0,-1.0,0.0,139.0,139.5,138.5,139.0,82.0,932.0,29882.0,14175.0,False,False
2603,2022-11-02 09:20:38.011738,-0.007168458781361964,0.0,-1.0,0.0,139.0,139.5,138.5,139.0,82.0,932.0,29882.0,14175.0,False,False
2603,2022-11-02 09:20:38.262049,-0.007168458781361964,0.0,-1.0,0.0,139.0,139.5,138.5,139.0,82.0,932.0,29882.0,14175.0,False,False
2603,2022-11-02 09:20:38.426456,-0.007168458781361964,0.0,-1.0,0.0,139.0,139.5,138.5,139.0,122.0,932.0,29882.0,14175.0,False,False
2603,2022-11-02 09:20:38.458300,-0.007168458781361964,0.0,-1.0,0.0,139.0,139.5,138.5,139.0,122.0,933.0,29882.0,14175.0,False,False
2603,2022-11-02 09:20:38.470910,-0.007168458781361964,0.0,-1.0,0.0,139.0,139.5,138.5,139.0,120.0,933.0,29882.0,14175.0,False,False
2603,2022-11-02 09:20:38.947513,-0.007168458781361964,0.0,-1.0,0.0,139.0,139.5,138.5,139.0,120.0,933.0,29882.0,14175.0,False,False
2603,2022-11-02 09:20:39.180070,-0.007168458781361964,0.0,-1.0,0.0,139.0,139.5,138.5,139.0,130.0,933.0,29882.0,14175.0,False,False
2603,2022-11-02 09:20:39.183036,-0.007168458781361964,0.0,-1.0,0.0,139.0,139.5,138.5,139.0,130.0,933.0,29882.0,14175.0,False,False
2603,2022-11-02 09:20:39.299794,-0.007168458781361964,0.0,-1.0,0.0,139.0,139.5,138.5,139.0,130.0,933.0,29882.0,14175.0,False,False
2603,2022-11-02 09:20:39.490523,-0.007168458781361964,0.0,-1.0,0.0,139.0,139.5,138.5,139.0,130.0,933.0,29882.0,14175.0,False,False
2603,2022-11-02 09:20:39.803807,-0.007168458781361964,0.0,-1.0,0.0,139.0,139.5,138.5,139.0,130.0,933.0,29882.0,14175.0,False,False
2603,2022-11-02 09:20:39.940342,-0.007168458781361964,0.0,-1.0,0.0,139.0,139.5,138.5,139.0,180.0,933.0,29882.0,14175.0,False,False
2603,2022-11-02 09:20:40.537769,-0.007168458781361964,0.0,-1.0,0.0,139.0,139.5,138.5,139.0,181.0,933.0,29882.0,14175.0,False,False
2603,2022-11-02 09:20:40.632803,-0.007168458781361964,0.0,-1.0,0.0,139.0,139.5,138.5,139.0,181.0,935.0,29882.0,14175.0,False,False
2603,2022-11-02 09:20:41.428599,-0.007168458781361964,0.0,-1.0,0.0,139.0,139.5,138.5,139.0,131.0,935.0,29882.0,14175.0,False,False
2603,2022-11-02 09:20:41.449848,-0.007168458781361964,0.0,-1.0,0.0,139.0,139.5,138.5,139.0,126.0,935.0,29882.0,14175.0,False,False
2603,2022-11-02 09:20:41.455165,-0.007168458781361964,0.0,-1.0,0.0,139.0,139.5,138.5,139.0,126.0,937.0,29882.0,14175.0,False,False
2603,2022-11-02 09:20:41.569475,-0.007168458781361964,0.0,-1.0,0.0,139.0,139.5,138.5,139.0,120.0,937.0,29882.0,14175.0,False,False
2603,2022-11-02 09:20:41.720235,-0.007168458781361964,0.0,-1.0,0.0,139.0,139.5,138.5,139.0,120.0,937.0,29882.0,14175.0,False,False
2603,2022-11-02 09:20:41.794692,-0.007168458781361964,0.0,-1.0,0.0,139.0,139.5,138.5,139.0,116.0,939.0,29882.0,14175.0,False,False
2603,2022-11-02 09:20:41.936262,-0.007168458781361964,0.0,-1.0,0.0,139.0,139.5,138.5,139.0,116.0,939.0,29882.0,14175.0,False,False
2603,2022-11-02 09:20:42.166989,-0.007168458781361964,0.0,-1.0,0.0,139.0,139.5,138.5,139.0,106.0,939.0,29882.0,14175.0,False,False
2603,2022-11-02 09:20:42.194461,-0.007168458781361964,0.0,-1.0,0.0,139.0,139.5,138.5,139.0,106.0,943.0,29882.0,14175.0,False,False
2603,2022-11-02 09:20:42.383297,-0.007168458781361964,0.0,-1.0,0.0,139.0,139.5,138.5,139.0,108.0,943.0,29882.0,14175.0,False,False
2603,2022-11-02 09:20:43.130779,-0.007168458781361964,0.0,-1.0,0.0,139.0,139.5,138.5,139.0,108.0,943.0,29882.0,14175.0,False,False
2603,2022-11-02 09:20:43.256067,-0.007168458781361964,0.0,-1.0,0.0,139.0,139.5,138.5,139.0,109.0,943.0,29882.0,14175.0,False,False
2603,2022-11-02 09:20:43.295867,-0.007168458781361964,0.0,-1.0,0.0,139.0,139.5,138.5,139.0,110.0,943.0,29882.0,14175.0,False,False
2603,2022-11-02 09:20:43.516660,-0.007168458781361964,0.0,-1.0,0.0,139.0,139.5,138.5,139.0,110.0,943.0,29882.0,14175.0,False,False
2603,2022-11-02 09:20:43.550294,-0.007168458781361964,0.0,-1.0,0.0,139.0,139.5,138.5,139.0,110.0,943.0,29882.0,14175.0,False,False
2603,2022-11-02 09:20:43.671691,-0.007168458781361964,0.0,-1.0,0.0,139.0,139.5,138.5,139.0,100.0,943.0,29882.0,14175.0,False,False
2603,2022-11-02 09:20:43.827913,-0.007168458781361964,0.0,-1.0,0.0,139.0,139.5,138.5,139.0,109.0,943.0,29882.0,14175.0,False,False
2603,2022-11-02 09:20:44.080850,-0.007168458781361964,0.0,-1.0,0.0,139.0,139.5,138.5,139.0,108.0,943.0,29882.0,14175.0,False,False
2603,2022-11-02 09:20:44.409939,-0.007168458781361964,0.0,-1.0,0.0,139.0,139.5,138.5,139.0,108.0,943.0,29882.0,14175.0,False,False
2603,2022-11-02 09:20:44.454315,-0.007168458781361964,0.0,-1.0,0.0,139.0,139.5,138.5,139.0,68.0,943.0,29882.0,14175.0,False,False
2603,2022-11-02 09:20:44.534881,-0.007168458781361964,0.0,-1.0,0.0,139.0,139.5,138.5,139.0,68.0,940.0,29882.0,14175.0,False,False
2603,2022-11-02 09:20:44.681569,-0.007168458781361964,0.0,-1.0,0.0,139.0,139.5,138.5,139.0,68.0,940.0,29882.0,15125.0,True,True
2603,2022-11-02 09:20:44.914847,-0.007168458781361964,0.0,-1.0,0.0,139.0,139.5,138.5,139.0,68.0,940.0,29882.0,15125.0,False,False
2603,2022-11-02 09:20:44.950668,-0.007168458781361964,0.0,-1.0,0.0,139.0,139.5,138.5,139.0,68.0,940.0,29882.0,15125.0,False,False
2603,2022-11-02 09:20:45.168557,-0.007168458781361964,0.0,-1.0,0.0,139.0,139.5,138.5,139.0,68.0,940.0,29882.0,15125.0,False,False
2603,2022-11-02 09:20:45.510507,-0.007168458781361964,0.0,-1.0,0.0,139.0,139.5,138.5,139.0,68.0,940.0,29882.0,15125.0,False,False
2603,2022-11-02 09:20:45.998719,-0.007168458781361964,0.0,-1.0,0.0,139.0,139.5,138.5,139.0,68.0,940.0,29882.0,15125.0,False,False
2603,2022-11-02 09:20:46.301527,-0.007168458781361964,0.0,-1.0,0.0,139.0,139.5,138.5,139.0,68.0,940.0,29882.0,15125.0,False,False
2603,2022-11-02 09:20:46.499798,-0.007168458781361964,0.0,-1.0,0.0,139.0,139.5,138.5,139.0,67.0,940.0,29882.0,15125.0,False,False
2603,2022-11-02 09:20:46.533230,-0.007168458781361964,0.0,-1.0,0.0,139.0,139.5,138.5,139.0,70.0,940.0,29882.0,15125.0,False,False
2603,2022-11-02 09:20:46.579101,-0.007168458781361964,0.0,-1.0,0.0,139.0,139.5,138.5,139.0,70.0,955.0,29882.0,15125.0,False,False
2603,2022-11-02 09:20:47.003053,-0.007168458781361964,0.0,-1.0,0.0,139.0,139.5,138.5,139.0,60.0,955.0,29882.0,15125.0,False,False
2603,2022-11-02 09:20:47.037527,-0.007168458781361964,0.0,-1.0,0.0,139.0,139.5,138.5,139.0,59.0,955.0,29882.0,15125.0,False,False
2603,2022-11-02 09:20:47.545613,-0.007168458781361964,0.0,-1.0,0.0,139.0,139.5,138.5,139.0,60.0,955.0,29882.0,15125.0,False,False
2603,2022-11-02 09:20:48.313508,-0.007168458781361964,0.0,-1.0,0.0,139.0,139.5,138.5,139.0,60.0,954.0,29882.0,15125.0,False,False
2603,2022-11-02 09:20:48.844148,-0.007168458781361964,0.0,-1.0,0.0,139.0,139.5,138.5,139.0,60.0,954.0,29882.0,15125.0,False,False
2603,2022-11-02 09:20:49.577560,-0.007168458781361964,0.0,-1.0,0.0,139.0,139.5,138.5,139.0,60.0,954.0,29882.0,15125.0,False,False
2603,2022-11-02 09:20:49.667028,-0.007168458781361964,0.0,-1.0,0.0,139.0,139.5,138.5,139.0,60.0,954.0,29882.0,15125.0,False,False
2603,2022-11-02 09:20:50.146549,-0.007168458781361964,0.0,-1.0,0.0,139.0,139.5,138.5,139.0,60.0,954.0,29882.0,15125.0,False,False
2603,2022-11-02 09:20:50.681548,-0.007168458781361964,0.0,-1.0,0.0,139.0,139.5,138.5,139.0,60.0,954.0,29882.0,15125.0,False,False
2603,2022-11-02 09:20:50.735643,-0.007168458781361964,0.0,-1.0,0.0,139.0,139.5,138.5,139.0,60.0,954.0,29882.0,15125.0,False,False
2603,2022-11-02 09:20:50.830727,-0.007168458781361964,0.0,-1.0,0.0,139.0,139.5,138.5,139.0,59.0,954.0,29882.0,15125.0,False,False
2603,2022-11-02 09:20:51.084454,-0.007168458781361964,0.0,-1.0,0.0,139.0,139.5,138.5,139.0,60.0,954.0,29882.0,15125.0,False,False
2603,2022-11-02 09:20:52.643577,-0.007168458781361964,0.0,-1.0,0.0,139.0,139.5,138.5,139.0,60.0,954.0,29882.0,15125.0,False,False
2603,2022-11-02 09:20:52.774565,-0.007168458781361964,0.0,-1.0,0.0,139.0,139.5,138.5,139.0,59.0,954.0,29882.0,15125.0,False,False
2603,2022-11-02 09:20:52.800197,-0.007168458781361964,0.0,-1.0,0.0,139.0,139.5,138.5,139.0,59.0,954.0,29882.0,15125.0,False,False
2603,2022-11-02 09:20:52.879040,-0.007168458781361964,0.0,-1.0,0.0,139.0,139.5,138.5,139.0,59.0,953.0,29882.0,15125.0,False,False
2603,2022-11-02 09:20:52.884557,-0.007168458781361964,0.0,-1.0,0.0,139.0,139.5,138.5,139.0,59.0,953.0,29882.0,15125.0,False,False
2603,2022-11-02 09:20:53.753117,-0.007168458781361964,0.0,-1.0,0.0,139.0,139.5,138.5,139.0,59.0,956.0,29882.0,15125.0,False,False
2603,2022-11-02 09:20:54.206075,-0.007168458781361964,0.0,-1.0,0.0,139.0,139.5,138.5,139.0,58.0,956.0,29882.0,15125.0,False,False
2603,2022-11-02 09:20:54.370472,-0.007168458781361964,0.0,-1.0,0.0,139.0,139.5,138.5,139.0,58.0,956.0,29882.0,15125.0,False,False
2603,2022-11-02 09:20:54.488637,-0.007168458781361964,0.0,-1.0,0.0,139.0,139.5,138.5,139.0,48.0,956.0,29882.0,15125.0,False,False
2603,2022-11-02 09:20:54.502037,-0.007168458781361964,0.0,-1.0,0.0,139.0,139.5,138.5,139.0,48.0,955.0,29882.0,15125.0,False,False
2603,2022-11-02 09:20:54.520076,-0.007168458781361964,0.0,-1.0,0.0,139.0,139.5,138.5,139.0,46.0,955.0,29882.0,15125.0,False,False
2603,2022-11-02 09:20:54.723769,-0.007168458781361964,0.0,-1.0,0.0,139.0,139.5,138.5,139.0,46.0,955.0,29882.0,15925.0,True,True
2603,2022-11-02 09:20:54.962758,-0.007168458781361964,0.0,-1.0,0.0,139.0,139.5,138.5,139.0,45.0,955.0,29882.0,15925.0,False,False
2603,2022-11-02 09:20:55.760392,-0.007168458781361964,0.0,-1.0,0.0,139.0,139.5,138.5,139.0,35.0,955.0,29882.0,15925.0,False,False
2603,2022-11-02 09:20:55.795401,-0.007168458781361964,-0.003597122302158251,-1.0,-0.5,138.5,139.5,138.5,139.0,829.0,955.0,29882.0,15925.0,False,False
2603,2022-11-02 09:20:55.827831,-0.007168458781361964,-0.003597122302158251,-1.0,-0.5,138.5,139.5,138.5,139.0,829.0,955.0,29882.0,15925.0,False,False
2603,2022-11-02 09:20:55.835310,-0.007168458781361964,-0.003597122302158251,-1.0,-0.5,138.5,139.5,138.5,139.0,1021.0,1147.0,29882.0,15925.0,False,False
2603,2022-11-02 09:20:55.885262,-0.007168458781361964,-0.003597122302158251,-1.0,-0.5,138.5,139.5,138.5,139.0,1021.0,1149.0,29882.0,15925.0,False,False
2603,2022-11-02 09:20:56.075151,-0.003597122302158251,-0.003597122302158251,-0.5,-0.5,138.5,139.0,138.5,139.0,729.0,5.0,29882.0,15925.0,False,False
2603,2022-11-02 09:20:56.091691,-0.003597122302158251,-0.003597122302158251,-0.5,-0.5,138.5,139.0,138.5,139.0,729.0,6.0,29882.0,15925.0,False,False
2603,2022-11-02 09:20:56.096982,-0.003597122302158251,-0.003597122302158251,-0.5,-0.5,138.5,139.0,138.5,139.0,729.0,8.0,29882.0,15925.0,False,False
2603,2022-11-02 09:20:56.098220,-0.003597122302158251,-0.003597122302158251,-0.5,-0.5,138.5,139.0,138.5,139.0,729.0,10.0,29882.0,15925.0,False,False
2603,2022-11-02 09:20:56.240800,-0.003597122302158251,-0.003597122302158251,-0.5,-0.5,138.5,139.0,138.5,139.0,729.0,10.0,29882.0,15925.0,False,False
2603,2022-11-02 09:20:56.478410,-0.003597122302158251,-0.003597122302158251,-0.5,-0.5,138.5,139.0,138.5,139.0,729.0,10.0,29882.0,15925.0,False,False
2603,2022-11-02 09:20:57.051628,-0.003597122302158251,-0.003597122302158251,-0.5,-0.5,138.5,139.0,138.5,139.0,729.0,10.0,29882.0,15925.0,False,False
2603,2022-11-02 09:20:57.250438,-0.003597122302158251,-0.003597122302158251,-0.5,-0.5,138.5,139.0,138.5,139.0,729.0,10.0,29882.0,15925.0,False,False
2603,2022-11-02 09:20:57.821769,-0.003597122302158251,-0.003597122302158251,-0.5,-0.5,138.5,139.0,138.5,139.0,729.0,10.0,29882.0,15925.0,False,False
2603,2022-11-02 09:20:57.851897,-0.003597122302158251,-0.003597122302158251,-0.5,-0.5,138.5,139.0,138.5,139.0,729.0,10.0,29882.0,15925.0,False,False
2603,2022-11-02 09:20:57.989479,-0.003597122302158251,-0.003597122302158251,-0.5,-0.5,138.5,139.0,138.5,139.0,729.0,10.0,29882.0,15925.0,False,False
2603,2022-11-02 09:20:58.910120,-0.003597122302158251,-0.003597122302158251,-0.5,-0.5,138.5,139.0,138.5,139.0,729.0,10.0,29882.0,15925.0,False,False
2603,2022-11-02 09:20:58.915448,-0.003597122302158251,-0.003597122302158251,-0.5,-0.5,138.5,139.0,138.5,139.0,729.0,11.0,29882.0,15925.0,False,False
2603,2022-11-02 09:20:59.035618,-0.003597122302158251,-0.003597122302158251,-0.5,-0.5,138.5,139.0,138.5,139.0,729.0,11.0,29882.0,15925.0,False,False
2603,2022-11-02 09:20:59.094718,-0.003597122302158251,-0.003597122302158251,-0.5,-0.5,138.5,139.0,138.5,139.0,728.0,11.0,29882.0,15925.0,False,False
2603,2022-11-02 09:20:59.401079,-0.003597122302158251,-0.003597122302158251,-0.5,-0.5,138.5,139.0,138.5,139.0,727.0,11.0,29882.0,15925.0,False,False
2603,2022-11-02 09:20:59.405303,-0.003597122302158251,-0.003597122302158251,-0.5,-0.5,138.5,139.0,138.5,139.0,726.0,11.0,29882.0,15925.0,False,False
2603,2022-11-02 09:20:59.426395,-0.003597122302158251,-0.003597122302158251,-0.5,-0.5,138.5,139.0,138.5,139.0,725.0,11.0,29882.0,15925.0,False,False
2603,2022-11-02 09:20:59.463993,-0.003597122302158251,-0.003597122302158251,-0.5,-0.5,138.5,139.0,138.5,139.0,724.0,11.0,29882.0,15925.0,False,False
2603,2022-11-02 09:21:00.591070,-0.003597122302158251,-0.003597122302158251,-0.5,-0.5,138.5,139.0,138.5,139.0,724.0,11.0,29882.0,15925.0,False,False
2603,2022-11-02 09:21:00.597343,-0.003597122302158251,-0.003597122302158251,-0.5,-0.5,138.5,139.0,138.5,139.0,724.0,11.0,29882.0,15925.0,False,False
2603,2022-11-02 09:21:00.687344,-0.003597122302158251,-0.003597122302158251,-0.5,-0.5,138.5,139.0,138.5,139.0,724.0,13.0,29882.0,15925.0,False,False
2603,2022-11-02 09:21:00.782707,-0.003597122302158251,-0.003597122302158251,-0.5,-0.5,138.5,139.0,138.5,139.0,724.0,14.0,29882.0,15925.0,False,False
2603,2022-11-02 09:21:01.050880,-0.003597122302158251,-0.003597122302158251,-0.5,-0.5,138.5,139.0,138.5,139.0,724.0,15.0,29882.0,15925.0,False,False
2603,2022-11-02 09:21:01.364501,-0.003597122302158251,-0.003597122302158251,-0.5,-0.5,138.5,139.0,138.5,139.0,724.0,15.0,29882.0,15925.0,False,False
2603,2022-11-02 09:21:02.040292,-0.003597122302158251,-0.003597122302158251,-0.5,-0.5,138.5,139.0,138.5,139.0,724.0,15.0,29882.0,15925.0,False,False
2603,2022-11-02 09:21:02.096741,-0.003597122302158251,-0.003597122302158251,-0.5,-0.5,138.5,139.0,138.5,139.0,724.0,15.0,29882.0,15925.0,False,False
2603,2022-11-02 09:21:02.315441,-0.003597122302158251,-0.003597122302158251,-0.5,-0.5,138.5,139.0,138.5,139.0,724.0,15.0,29882.0,15925.0,False,False
2603,2022-11-02 09:21:02.513954,-0.003597122302158251,-0.003597122302158251,-0.5,-0.5,138.5,139.0,138.5,139.0,724.0,19.0,29882.0,15925.0,False,False
2603,2022-11-02 09:21:02.564625,-0.003597122302158251,-0.003597122302158251,-0.5,-0.5,138.5,139.0,138.5,139.0,724.0,19.0,29882.0,15925.0,False,False
2603,2022-11-02 09:21:03.729179,-0.003597122302158251,-0.003597122302158251,-0.5,-0.5,138.5,139.0,138.5,139.0,724.0,21.0,29882.0,15925.0,False,False
2603,2022-11-02 09:21:03.913145,-0.003597122302158251,-0.003597122302158251,-0.5,-0.5,138.5,139.0,138.5,139.0,727.0,21.0,29882.0,15925.0,False,False
2603,2022-11-02 09:21:03.955407,-0.003597122302158251,-0.003597122302158251,-0.5,-0.5,138.5,139.0,138.5,139.0,727.0,22.0,29882.0,15925.0,False,False
2603,2022-11-02 09:21:04.607546,-0.003597122302158251,-0.003597122302158251,-0.5,-0.5,138.5,139.0,138.5,139.0,727.0,22.0,29882.0,15925.0,False,False
2603,2022-11-02 09:21:04.690550,-0.003597122302158251,-0.003597122302158251,-0.5,-0.5,138.5,139.0,138.5,139.0,727.0,22.0,29882.0,15925.0,False,False
2603,2022-11-02 09:21:04.718212,-0.003597122302158251,-0.003597122302158251,-0.5,-0.5,138.5,139.0,138.5,139.0,728.0,22.0,29882.0,15925.0,False,False
2603,2022-11-02 09:21:04.784365,-0.003597122302158251,-0.003597122302158251,-0.5,-0.5,138.5,139.0,138.5,139.0,728.0,22.0,29882.0,15925.0,True,True
2603,2022-11-02 09:21:05.005953,-0.003597122302158251,-0.003597122302158251,-0.5,-0.5,138.5,139.0,138.5,139.0,728.0,22.0,29882.0,15925.0,False,False
2603,2022-11-02 09:21:05.095785,-0.003597122302158251,-0.003597122302158251,-0.5,-0.5,138.5,139.0,138.5,139.0,728.0,22.0,29882.0,15925.0,False,False
2603,2022-11-02 09:21:05.662500,-0.003597122302158251,-0.003597122302158251,-0.5,-0.5,138.5,139.0,138.5,139.0,728.0,22.0,29882.0,15925.0,False,False
2603,2022-11-02 09:21:05.830975,-0.003597122302158251,-0.003597122302158251,-0.5,-0.5,138.5,139.0,138.5,139.0,728.0,33.0,29882.0,15925.0,False,False
2603,2022-11-02 09:21:06.126089,-0.003597122302158251,-0.003597122302158251,-0.5,-0.5,138.5,139.0,138.5,139.0,728.0,33.0,29882.0,15925.0,False,False
2603,2022-11-02 09:21:06.204504,-0.003597122302158251,-0.003597122302158251,-0.5,-0.5,138.5,139.0,138.5,139.0,728.0,43.0,29882.0,15925.0,False,False
2603,2022-11-02 09:21:06.901201,-0.003597122302158251,-0.003597122302158251,-0.5,-0.5,138.5,139.0,138.5,139.0,728.0,43.0,29882.0,15925.0,False,False
2603,2022-11-02 09:21:07.145724,-0.003597122302158251,-0.003597122302158251,-0.5,-0.5,138.5,139.0,138.5,139.0,738.0,43.0,29882.0,15925.0,False,False
2603,2022-11-02 09:21:07.209008,-0.003597122302158251,-0.003597122302158251,-0.5,-0.5,138.5,139.0,138.5,139.0,738.0,64.0,29882.0,15925.0,False,False
2603,2022-11-02 09:21:07.770637,-0.003597122302158251,-0.003597122302158251,-0.5,-0.5,138.5,139.0,138.5,139.0,739.0,64.0,29882.0,15925.0,False,False
2603,2022-11-02 09:21:07.842511,-0.003597122302158251,-0.003597122302158251,-0.5,-0.5,138.5,139.0,138.5,139.0,739.0,65.0,29882.0,15925.0,False,False
2603,2022-11-02 09:21:08.466999,-0.003597122302158251,-0.003597122302158251,-0.5,-0.5,138.5,139.0,138.5,139.0,738.0,65.0,29882.0,15925.0,False,False
2603,2022-11-02 09:21:08.749671,-0.003597122302158251,-0.003597122302158251,-0.5,-0.5,138.5,139.0,138.5,139.0,738.0,66.0,29882.0,15925.0,False,False
2603,2022-11-02 09:21:08.855148,-0.003597122302158251,-0.003597122302158251,-0.5,-0.5,138.5,139.0,138.5,139.0,738.0,66.0,29882.0,15925.0,False,False
2603,2022-11-02 09:21:08.957701,-0.003597122302158251,-0.003597122302158251,-0.5,-0.5,138.5,139.0,138.5,139.0,738.0,66.0,29882.0,15925.0,False,False
2603,2022-11-02 09:21:09.070644,-0.003597122302158251,-0.003597122302158251,-0.5,-0.5,138.5,139.0,138.5,139.0,738.0,66.0,29882.0,15925.0,False,False
2603,2022-11-02 09:21:09.135233,-0.003597122302158251,-0.003597122302158251,-0.5,-0.5,138.5,139.0,138.5,139.0,738.0,67.0,29882.0,15925.0,False,False
2603,2022-11-02 09:21:10.159994,-0.003597122302158251,-0.003597122302158251,-0.5,-0.5,138.5,139.0,138.5,139.0,738.0,69.0,29882.0,15925.0,False,False
2603,2022-11-02 09:21:10.435623,-0.003597122302158251,-0.003597122302158251,-0.5,-0.5,138.5,139.0,138.5,139.0,738.0,70.0,29882.0,15925.0,False,False
2603,2022-11-02 09:21:10.467567,-0.003597122302158251,-0.003597122302158251,-0.5,-0.5,138.5,139.0,138.5,139.0,738.0,70.0,29882.0,15925.0,False,False
2603,2022-11-02 09:21:10.845417,-0.003597122302158251,-0.003597122302158251,-0.5,-0.5,138.5,139.0,138.5,139.0,743.0,70.0,29882.0,15925.0,False,False
2603,2022-11-02 09:21:10.908011,-0.003597122302158251,-0.003597122302158251,-0.5,-0.5,138.5,139.0,138.5,139.0,743.0,71.0,29882.0,15925.0,False,False
2603,2022-11-02 09:21:11.125262,-0.003597122302158251,-0.003597122302158251,-0.5,-0.5,138.5,139.0,138.5,139.0,743.0,71.0,29882.0,15925.0,False,False
2603,2022-11-02 09:21:11.364646,-0.003597122302158251,-0.003597122302158251,-0.5,-0.5,138.5,139.0,138.5,139.0,743.0,72.0,29882.0,15925.0,False,False
2603,2022-11-02 09:21:11.389705,-0.003597122302158251,-0.003597122302158251,-0.5,-0.5,138.5,139.0,138.5,139.0,743.0,75.0,29882.0,15925.0,False,False
2603,2022-11-02 09:21:11.458867,-0.003597122302158251,-0.003597122302158251,-0.5,-0.5,138.5,139.0,138.5,139.0,743.0,107.0,29882.0,15925.0,False,False
2603,2022-11-02 09:21:11.559551,-0.003597122302158251,-0.003597122302158251,-0.5,-0.5,138.5,139.0,138.5,139.0,745.0,107.0,29882.0,15925.0,False,False
2603,2022-11-02 09:21:11.824866,-0.003597122302158251,-0.003597122302158251,-0.5,-0.5,138.5,139.0,138.5,139.0,745.0,107.0,29882.0,15925.0,False,False
2603,2022-11-02 09:21:12.015202,-0.003597122302158251,-0.003597122302158251,-0.5,-0.5,138.5,139.0,138.5,139.0,745.0,108.0,29882.0,15925.0,False,False
2603,2022-11-02 09:21:12.151522,-0.003597122302158251,-0.003597122302158251,-0.5,-0.5,138.5,139.0,138.5,139.0,745.0,109.0,29882.0,15925.0,False,False
2603,2022-11-02 09:21:12.499314,-0.003597122302158251,-0.003597122302158251,-0.5,-0.5,138.5,139.0,138.5,139.0,745.0,109.0,29882.0,15925.0,False,False
2603,2022-11-02 09:21:12.653835,-0.003597122302158251,-0.003597122302158251,-0.5,-0.5,138.5,139.0,138.5,139.0,745.0,109.0,29882.0,15925.0,False,False
2603,2022-11-02 09:21:12.724963,-0.003597122302158251,-0.003597122302158251,-0.5,-0.5,138.5,139.0,138.5,139.0,739.0,120.0,29882.0,15925.0,False,False
2603,2022-11-02 09:21:12.856997,-0.003597122302158251,-0.003597122302158251,-0.5,-0.5,138.5,139.0,138.5,139.0,735.0,122.0,29882.0,15925.0,False,False
2603,2022-11-02 09:21:12.978342,-0.003597122302158251,-0.003597122302158251,-0.5,-0.5,138.5,139.0,138.5,139.0,735.0,122.0,29882.0,15925.0,False,False
2603,2022-11-02 09:21:13.060929,-0.003597122302158251,-0.003597122302158251,-0.5,-0.5,138.5,139.0,138.5,139.0,735.0,122.0,29882.0,15925.0,False,False
2603,2022-11-02 09:21:13.214164,-0.003597122302158251,-0.003597122302158251,-0.5,-0.5,138.5,139.0,138.5,139.0,735.0,143.0,29882.0,15925.0,False,False
2603,2022-11-02 09:21:13.265997,-0.003597122302158251,-0.003597122302158251,-0.5,-0.5,138.5,139.0,138.5,139.0,735.0,147.0,29882.0,15925.0,False,False
2603,2022-11-02 09:21:13.505040,-0.003597122302158251,-0.003597122302158251,-0.5,-0.5,138.5,139.0,138.5,139.0,735.0,147.0,29882.0,15925.0,False,False
2603,2022-11-02 09:21:13.573589,-0.003597122302158251,-0.003597122302158251,-0.5,-0.5,138.5,139.0,138.5,139.0,735.0,151.0,29882.0,15925.0,False,False
2603,2022-11-02 09:21:13.731845,-0.003597122302158251,-0.003597122302158251,-0.5,-0.5,138.5,139.0,138.5,139.0,735.0,195.0,29882.0,15925.0,False,False
2603,2022-11-02 09:21:14.029977,-0.003597122302158251,-0.003597122302158251,-0.5,-0.5,138.5,139.0,138.5,139.0,735.0,195.0,29882.0,15925.0,False,False
2603,2022-11-02 09:21:14.109049,-0.003597122302158251,-0.003597122302158251,-0.5,-0.5,138.5,139.0,138.5,139.0,735.0,196.0,29882.0,15925.0,False,False
2603,2022-11-02 09:21:14.122986,-0.003597122302158251,-0.003597122302158251,-0.5,-0.5,138.5,139.0,138.5,139.0,735.0,197.0,29882.0,15925.0,False,False
2603,2022-11-02 09:21:14.396648,-0.003597122302158251,-0.003597122302158251,-0.5,-0.5,138.5,139.0,138.5,139.0,735.0,199.0,29882.0,15925.0,False,False
2603,2022-11-02 09:21:14.442907,-0.003597122302158251,-0.003597122302158251,-0.5,-0.5,138.5,139.0,138.5,139.0,735.0,199.0,29882.0,15925.0,False,False
2603,2022-11-02 09:21:14.495770,-0.003597122302158251,-0.003597122302158251,-0.5,-0.5,138.5,139.0,138.5,139.0,735.0,199.0,29882.0,15925.0,False,False
2603,2022-11-02 09:21:14.802125,-0.003597122302158251,-0.003597122302158251,-0.5,-0.5,138.5,139.0,138.5,139.0,735.0,199.0,29882.0,15925.0,False,False
2603,2022-11-02 09:21:14.829527,-0.003597122302158251,-0.003597122302158251,-0.5,-0.5,138.5,139.0,138.5,139.0,735.0,199.0,27882.0,15925.0,True,True
2603,2022-11-02 09:21:15.041005,-0.003597122302158251,-0.003597122302158251,-0.5,-0.5,138.5,139.0,138.5,139.0,735.0,209.0,27882.0,15925.0,False,False
2603,2022-11-02 09:21:15.125696,-0.003597122302158251,-0.003597122302158251,-0.5,-0.5,138.5,139.0,138.5,139.0,735.0,209.0,27882.0,15925.0,False,False
2603,2022-11-02 09:21:15.311955,-0.003597122302158251,-0.003597122302158251,-0.5,-0.5,138.5,139.0,138.5,139.0,735.0,217.0,27882.0,15925.0,False,False
2603,2022-11-02 09:21:15.539495,-0.003597122302158251,-0.003597122302158251,-0.5,-0.5,138.5,139.0,138.5,139.0,735.0,218.0,27882.0,15925.0,False,False
2603,2022-11-02 09:21:15.758697,-0.003597122302158251,-0.003597122302158251,-0.5,-0.5,138.5,139.0,138.5,139.0,735.0,220.0,27882.0,15925.0,False,False
2603,2022-11-02 09:21:15.770350,-0.003597122302158251,-0.003597122302158251,-0.5,-0.5,138.5,139.0,138.5,139.0,735.0,220.0,27882.0,15925.0,False,False
2603,2022-11-02 09:21:15.908129,-0.003597122302158251,-0.003597122302158251,-0.5,-0.5,138.5,139.0,138.5,139.0,735.0,220.0,27882.0,15925.0,False,False
2603,2022-11-02 09:21:16.058446,-0.003597122302158251,-0.003597122302158251,-0.5,-0.5,138.5,139.0,138.5,139.0,735.0,241.0,27882.0,15925.0,False,False
2603,2022-11-02 09:21:16.208665,-0.003597122302158251,-0.003597122302158251,-0.5,-0.5,138.5,139.0,138.5,139.0,735.0,242.0,27882.0,15925.0,False,False
2603,2022-11-02 09:21:16.257385,-0.003597122302158251,-0.003597122302158251,-0.5,-0.5,138.5,139.0,138.5,139.0,735.0,232.0,27882.0,15925.0,False,False
2603,2022-11-02 09:21:16.413522,-0.003597122302158251,-0.003597122302158251,-0.5,-0.5,138.5,139.0,138.5,139.0,735.0,232.0,27882.0,15925.0,False,False
2603,2022-11-02 09:21:16.807301,-0.003597122302158251,-0.003597122302158251,-0.5,-0.5,138.5,139.0,138.5,139.0,735.0,232.0,27882.0,15925.0,False,False
2603,2022-11-02 09:21:16.883181,-0.003597122302158251,-0.003597122302158251,-0.5,-0.5,138.5,139.0,138.5,139.0,734.0,232.0,27882.0,15925.0,False,False
2603,2022-11-02 09:21:16.948268,-0.003597122302158251,-0.003597122302158251,-0.5,-0.5,138.5,139.0,138.5,139.0,734.0,232.0,27882.0,15925.0,False,False
2603,2022-11-02 09:21:17.283315,-0.003597122302158251,-0.003597122302158251,-0.5,-0.5,138.5,139.0,138.5,139.0,735.0,232.0,27882.0,15925.0,False,False
2603,2022-11-02 09:21:17.352019,-0.003597122302158251,-0.003597122302158251,-0.5,-0.5,138.5,139.0,138.5,139.0,735.0,232.0,27882.0,15925.0,False,False
2603,2022-11-02 09:21:17.620307,-0.003597122302158251,-0.003597122302158251,-0.5,-0.5,138.5,139.0,138.5,139.0,735.0,233.0,27882.0,15925.0,False,False
2603,2022-11-02 09:21:18.043910,-0.003597122302158251,-0.003597122302158251,-0.5,-0.5,138.5,139.0,138.5,139.0,735.0,233.0,27882.0,15925.0,False,False
2603,2022-11-02 09:21:18.252565,-0.003597122302158251,-0.003597122302158251,-0.5,-0.5,138.5,139.0,138.5,139.0,735.0,238.0,27882.0,15925.0,False,False
2603,2022-11-02 09:21:18.429224,-0.003597122302158251,-0.003597122302158251,-0.5,-0.5,138.5,139.0,138.5,139.0,735.0,238.0,27882.0,15925.0,False,False
2603,2022-11-02 09:21:18.895747,-0.003597122302158251,-0.003597122302158251,-0.5,-0.5,138.5,139.0,138.5,139.0,736.0,238.0,27882.0,15925.0,False,False
2603,2022-11-02 09:21:19.209753,-0.003597122302158251,-0.003597122302158251,-0.5,-0.5,138.5,139.0,138.5,139.0,736.0,238.0,27882.0,15925.0,False,False
2603,2022-11-02 09:21:19.654815,-0.003597122302158251,-0.003597122302158251,-0.5,-0.5,138.5,139.0,138.5,139.0,736.0,238.0,27882.0,15925.0,False,False
2603,2022-11-02 09:21:20.273739,-0.003597122302158251,-0.003597122302158251,-0.5,-0.5,138.5,139.0,138.5,139.0,736.0,239.0,27882.0,15925.0,False,False
2603,2022-11-02 09:21:20.529031,-0.003597122302158251,-0.003597122302158251,-0.5,-0.5,138.5,139.0,138.5,139.0,736.0,239.0,27882.0,15925.0,False,False
2603,2022-11-02 09:21:20.804445,-0.003597122302158251,-0.003597122302158251,-0.5,-0.5,138.5,139.0,138.5,139.0,735.0,239.0,27882.0,15925.0,False,False
2603,2022-11-02 09:21:20.832762,-0.003597122302158251,-0.003597122302158251,-0.5,-0.5,138.5,139.0,138.5,139.0,703.0,239.0,27882.0,15925.0,False,False
2603,2022-11-02 09:21:20.869797,-0.003597122302158251,-0.003597122302158251,-0.5,-0.5,138.5,139.0,138.5,139.0,703.0,239.0,27882.0,15925.0,False,False
2603,2022-11-02 09:21:20.875669,-0.003597122302158251,-0.003597122302158251,-0.5,-0.5,138.5,139.0,138.5,139.0,683.0,239.0,27882.0,15925.0,False,False
2603,2022-11-02 09:21:20.938211,-0.003597122302158251,-0.003597122302158251,-0.5,-0.5,138.5,139.0,138.5,139.0,683.0,240.0,27882.0,15925.0,False,False
2603,2022-11-02 09:21:21.133294,-0.003597122302158251,-0.003597122302158251,-0.5,-0.5,138.5,139.0,138.5,139.0,683.0,240.0,27882.0,15925.0,False,False
2603,2022-11-02 09:21:21.147412,-0.003597122302158251,-0.003597122302158251,-0.5,-0.5,138.5,139.0,138.5,139.0,683.0,240.0,27882.0,15925.0,False,False
2603,2022-11-02 09:21:21.649360,-0.003597122302158251,-0.003597122302158251,-0.5,-0.5,138.5,139.0,138.5,139.0,683.0,240.0,27882.0,15925.0,False,False
2603,2022-11-02 09:21:22.253107,-0.003597122302158251,-0.003597122302158251,-0.5,-0.5,138.5,139.0,138.5,139.0,683.0,240.0,27882.0,15925.0,False,False
2603,2022-11-02 09:21:22.472242,-0.003597122302158251,-0.003597122302158251,-0.5,-0.5,138.5,139.0,138.5,139.0,683.0,243.0,27882.0,15925.0,False,False
2603,2022-11-02 09:21:22.965401,-0.003597122302158251,-0.003597122302158251,-0.5,-0.5,138.5,139.0,138.5,139.0,683.0,244.0,27882.0,15925.0,False,False
2603,2022-11-02 09:21:22.969964,-0.003597122302158251,-0.003597122302158251,-0.5,-0.5,138.5,139.0,138.5,139.0,683.0,244.0,27882.0,15925.0,False,False
2603,2022-11-02 09:21:23.059214,-0.003597122302158251,-0.003597122302158251,-0.5,-0.5,138.5,139.0,138.5,139.0,683.0,244.0,27882.0,15925.0,False,False
2603,2022-11-02 09:21:23.692568,-0.003597122302158251,-0.003597122302158251,-0.5,-0.5,138.5,139.0,138.5,139.0,683.0,244.0,27882.0,15925.0,False,False
2603,2022-11-02 09:21:24.344186,-0.003597122302158251,-0.003597122302158251,-0.5,-0.5,138.5,139.0,138.5,139.0,683.0,245.0,27882.0,15925.0,False,False
2603,2022-11-02 09:21:24.484706,-0.003597122302158251,-0.003597122302158251,-0.5,-0.5,138.5,139.0,138.5,139.0,683.0,245.0,27882.0,15925.0,False,False
2603,2022-11-02 09:21:24.874526,-0.003597122302158251,-0.003597122302158251,-0.5,-0.5,138.5,139.0,138.5,139.0,683.0,245.0,27882.0,15925.0,True,True
2603,2022-11-02 09:21:25.800031,-0.003597122302158251,-0.003597122302158251,-0.5,-0.5,138.5,139.0,138.5,139.0,683.0,250.0,27882.0,15925.0,False,False
2603,2022-11-02 09:21:26.142215,-0.003597122302158251,-0.003597122302158251,-0.5,-0.5,138.5,139.0,138.5,139.0,683.0,265.0,27882.0,15925.0,False,False
2603,2022-11-02 09:21:26.313117,-0.003597122302158251,-0.003597122302158251,-0.5,-0.5,138.5,139.0,138.5,139.0,683.0,264.0,27882.0,15925.0,False,False
2603,2022-11-02 09:21:26.417856,-0.003597122302158251,-0.003597122302158251,-0.5,-0.5,138.5,139.0,138.5,139.0,683.0,264.0,27882.0,15925.0,False,False
2603,2022-11-02 09:21:26.783160,-0.003597122302158251,-0.003597122302158251,-0.5,-0.5,138.5,139.0,138.5,139.0,683.0,264.0,27882.0,15925.0,False,False
2603,2022-11-02 09:21:27.491900,-0.003597122302158251,-0.003597122302158251,-0.5,-0.5,138.5,139.0,138.5,139.0,682.0,264.0,27882.0,15925.0,False,False
2603,2022-11-02 09:21:27.655622,-0.003597122302158251,-0.003597122302158251,-0.5,-0.5,138.5,139.0,138.5,139.0,682.0,264.0,27882.0,15925.0,False,False
2603,2022-11-02 09:21:27.861065,-0.003597122302158251,-0.003597122302158251,-0.5,-0.5,138.5,139.0,138.5,139.0,682.0,265.0,27882.0,15925.0,False,False
2603,2022-11-02 09:21:28.663933,-0.003597122302158251,-0.003597122302158251,-0.5,-0.5,138.5,139.0,138.5,139.0,682.0,265.0,27882.0,15925.0,False,False
2603,2022-11-02 09:21:29.114558,-0.003597122302158251,-0.003597122302158251,-0.5,-0.5,138.5,139.0,138.5,139.0,682.0,265.0,27882.0,15925.0,False,False
2603,2022-11-02 09:21:29.119195,-0.003597122302158251,-0.003597122302158251,-0.5,-0.5,138.5,139.0,138.5,139.0,682.0,266.0,27882.0,15925.0,False,False
2603,2022-11-02 09:21:29.330436,-0.003597122302158251,-0.003597122302158251,-0.5,-0.5,138.5,139.0,138.5,139.0,682.0,268.0,27882.0,15925.0,False,False
2603,2022-11-02 09:21:29.659543,-0.003597122302158251,-0.003597122302158251,-0.5,-0.5,138.5,139.0,138.5,139.0,682.0,298.0,27882.0,15925.0,False,False
2603,2022-11-02 09:21:29.694934,-0.003597122302158251,-0.003597122302158251,-0.5,-0.5,138.5,139.0,138.5,139.0,682.0,299.0,27882.0,15925.0,False,False
2603,2022-11-02 09:21:29.997612,-0.003597122302158251,-0.003597122302158251,-0.5,-0.5,138.5,139.0,138.5,139.0,682.0,300.0,27882.0,15925.0,False,False
2603,2022-11-02 09:21:30.090323,-0.003597122302158251,-0.003597122302158251,-0.5,-0.5,138.5,139.0,138.5,139.0,682.0,300.0,27882.0,15925.0,False,False
2603,2022-11-02 09:21:30.401532,-0.003597122302158251,-0.003597122302158251,-0.5,-0.5,138.5,139.0,138.5,139.0,682.0,300.0,27882.0,15925.0,False,False
2603,2022-11-02 09:21:30.773385,-0.003597122302158251,-0.003597122302158251,-0.5,-0.5,138.5,139.0,138.5,139.0,682.0,300.0,27882.0,15925.0,False,False
2603,2022-11-02 09:21:30.805887,-0.003597122302158251,-0.003597122302158251,-0.5,-0.5,138.5,139.0,138.5,139.0,667.0,300.0,27882.0,15925.0,False,False
2603,2022-11-02 09:21:31.533501,-0.003597122302158251,-0.003597122302158251,-0.5,-0.5,138.5,139.0,138.5,139.0,667.0,300.0,27882.0,15925.0,False,False
2603,2022-11-02 09:21:31.597007,-0.003597122302158251,-0.003597122302158251,-0.5,-0.5,138.5,139.0,138.5,139.0,667.0,300.0,27882.0,15925.0,False,False
2603,2022-11-02 09:21:31.819479,-0.003597122302158251,-0.003597122302158251,-0.5,-0.5,138.5,139.0,138.5,139.0,667.0,301.0,27882.0,15925.0,False,False
2603,2022-11-02 09:21:32.338337,-0.003597122302158251,-0.003597122302158251,-0.5,-0.5,138.5,139.0,138.5,139.0,667.0,302.0,27882.0,15925.0,False,False
2603,2022-11-02 09:21:32.406709,-0.003597122302158251,-0.003597122302158251,-0.5,-0.5,138.5,139.0,138.5,139.0,667.0,307.0,27882.0,15925.0,False,False
2603,2022-11-02 09:21:32.537914,-0.003597122302158251,-0.003597122302158251,-0.5,-0.5,138.5,139.0,138.5,139.0,667.0,377.0,27882.0,15925.0,False,False
2603,2022-11-02 09:21:32.616540,-0.003597122302158251,-0.003597122302158251,-0.5,-0.5,138.5,139.0,138.5,139.0,666.0,379.0,27882.0,15925.0,False,False
2603,2022-11-02 09:21:32.565072,-0.003597122302158251,-0.003597122302158251,-0.5,-0.5,138.5,139.0,138.5,139.0,667.0,379.0,27882.0,15925.0,False,False
2603,2022-11-02 09:21:32.840146,-0.003597122302158251,-0.003597122302158251,-0.5,-0.5,138.5,139.0,138.5,139.0,667.0,379.0,27882.0,15925.0,False,False
2603,2022-11-02 09:21:32.913629,-0.003597122302158251,-0.003597122302158251,-0.5,-0.5,138.5,139.0,138.5,139.0,647.0,379.0,27882.0,15925.0,False,False
2603,2022-11-02 09:21:32.941823,-0.003597122302158251,-0.003597122302158251,-0.5,-0.5,138.5,139.0,138.5,139.0,647.0,385.0,27882.0,15925.0,False,False
2603,2022-11-02 09:21:33.030378,-0.003597122302158251,-0.003597122302158251,-0.5,-0.5,138.5,139.0,138.5,139.0,646.0,385.0,27882.0,15925.0,False,False
2603,2022-11-02 09:21:33.194135,-0.003597122302158251,-0.003597122302158251,-0.5,-0.5,138.5,139.0,138.5,139.0,646.0,385.0,27882.0,15925.0,False,False
2603,2022-11-02 09:21:33.398323,-0.003597122302158251,-0.003597122302158251,-0.5,-0.5,138.5,139.0,138.5,139.0,647.0,385.0,27882.0,15925.0,False,False
2603,2022-11-02 09:21:33.672307,-0.003597122302158251,-0.003597122302158251,-0.5,-0.5,138.5,139.0,138.5,139.0,647.0,385.0,27882.0,15925.0,False,False
2603,2022-11-02 09:21:33.834292,-0.003597122302158251,-0.003597122302158251,-0.5,-0.5,138.5,139.0,138.5,139.0,647.0,386.0,27882.0,15925.0,False,False
2603,2022-11-02 09:21:34.218036,-0.003597122302158251,-0.003597122302158251,-0.5,-0.5,138.5,139.0,138.5,139.0,646.0,386.0,27882.0,15925.0,False,False
2603,2022-11-02 09:21:34.737349,-0.003597122302158251,-0.003597122302158251,-0.5,-0.5,138.5,139.0,138.5,139.0,645.0,386.0,27882.0,15925.0,False,False
2603,2022-11-02 09:21:34.779291,-0.003597122302158251,-0.003597122302158251,-0.5,-0.5,138.5,139.0,138.5,139.0,640.0,381.0,27882.0,15925.0,False,False
2603,2022-11-02 09:21:34.869806,-0.003597122302158251,-0.003597122302158251,-0.5,-0.5,138.5,139.0,138.5,139.0,640.0,381.0,27882.0,15925.0,False,False
2603,2022-11-02 09:21:34.922854,-0.003597122302158251,-0.003597122302158251,-0.5,-0.5,138.5,139.0,138.5,139.0,640.0,381.0,27882.0,16435.0,True,True
2603,2022-11-02 09:21:35.194963,-0.003597122302158251,-0.003597122302158251,-0.5,-0.5,138.5,139.0,138.5,139.0,640.0,381.0,27882.0,16435.0,False,False
2603,2022-11-02 09:21:36.382200,-0.003597122302158251,-0.003597122302158251,-0.5,-0.5,138.5,139.0,138.5,139.0,640.0,381.0,27882.0,16435.0,False,False
2603,2022-11-02 09:21:36.410400,-0.003597122302158251,-0.003597122302158251,-0.5,-0.5,138.5,139.0,138.5,139.0,638.0,381.0,27882.0,16435.0,False,False
2603,2022-11-02 09:21:36.491515,-0.003597122302158251,-0.003597122302158251,-0.5,-0.5,138.5,139.0,138.5,139.0,638.0,381.0,27882.0,16435.0,False,False
2603,2022-11-02 09:21:36.630157,-0.003597122302158251,-0.003597122302158251,-0.5,-0.5,138.5,139.0,138.5,139.0,639.0,381.0,27882.0,16435.0,False,False
2603,2022-11-02 09:21:36.973141,-0.003597122302158251,-0.003597122302158251,-0.5,-0.5,138.5,139.0,138.5,139.0,639.0,381.0,27882.0,16435.0,False,False
2603,2022-11-02 09:21:37.052786,-0.003597122302158251,-0.003597122302158251,-0.5,-0.5,138.5,139.0,138.5,139.0,639.0,381.0,27882.0,16435.0,False,False
2603,2022-11-02 09:21:37.226191,-0.003597122302158251,-0.003597122302158251,-0.5,-0.5,138.5,139.0,138.5,139.0,639.0,381.0,27882.0,16435.0,False,False
2603,2022-11-02 09:21:37.822984,-0.003597122302158251,-0.003597122302158251,-0.5,-0.5,138.5,139.0,138.5,139.0,639.0,382.0,27882.0,16435.0,False,False
2603,2022-11-02 09:21:38.772934,-0.003597122302158251,-0.003597122302158251,-0.5,-0.5,138.5,139.0,138.5,139.0,639.0,382.0,27882.0,16435.0,False,False
2603,2022-11-02 09:21:38.781262,-0.003597122302158251,-0.003597122302158251,-0.5,-0.5,138.5,139.0,138.5,139.0,639.0,382.0,27882.0,16435.0,False,False
2603,2022-11-02 09:21:38.973022,-0.003597122302158251,-0.003597122302158251,-0.5,-0.5,138.5,139.0,138.5,139.0,639.0,382.0,27882.0,16435.0,False,False
2603,2022-11-02 09:21:39.184609,-0.003597122302158251,-0.003597122302158251,-0.5,-0.5,138.5,139.0,138.5,139.0,639.0,387.0,27882.0,16435.0,False,False
2603,2022-11-02 09:21:39.410812,-0.003597122302158251,-0.003597122302158251,-0.5,-0.5,138.5,139.0,138.5,139.0,639.0,387.0,27882.0,16435.0,False,False
2603,2022-11-02 09:21:39.418695,-0.003597122302158251,-0.003597122302158251,-0.5,-0.5,138.5,139.0,138.5,139.0,640.0,387.0,27882.0,16435.0,False,False
2603,2022-11-02 09:21:39.650760,-0.003597122302158251,-0.003597122302158251,-0.5,-0.5,138.5,139.0,138.5,139.0,640.0,388.0,27882.0,16435.0,False,False
2603,2022-11-02 09:21:39.753360,-0.003597122302158251,-0.003597122302158251,-0.5,-0.5,138.5,139.0,138.5,139.0,640.0,388.0,27882.0,16435.0,False,False
2603,2022-11-02 09:21:39.894174,-0.003597122302158251,-0.003597122302158251,-0.5,-0.5,138.5,139.0,138.5,139.0,640.0,389.0,27882.0,16435.0,False,False
2603,2022-11-02 09:21:39.919684,-0.003597122302158251,-0.003597122302158251,-0.5,-0.5,138.5,139.0,138.5,139.0,640.0,397.0,27882.0,16435.0,False,False
2603,2022-11-02 09:21:40.246552,-0.003597122302158251,-0.003597122302158251,-0.5,-0.5,138.5,139.0,138.5,139.0,640.0,399.0,27882.0,16435.0,False,False
2603,2022-11-02 09:21:40.300526,-0.003597122302158251,-0.003597122302158251,-0.5,-0.5,138.5,139.0,138.5,139.0,640.0,399.0,27882.0,16435.0,False,False
2603,2022-11-02 09:21:40.456675,-0.003597122302158251,-0.003597122302158251,-0.5,-0.5,138.5,139.0,138.5,139.0,640.0,400.0,27882.0,16435.0,False,False
2603,2022-11-02 09:21:40.697015,-0.003597122302158251,-0.003597122302158251,-0.5,-0.5,138.5,139.0,138.5,139.0,640.0,412.0,27882.0,16435.0,False,False
2603,2022-11-02 09:21:40.861036,-0.003597122302158251,-0.003597122302158251,-0.5,-0.5,138.5,139.0,138.5,139.0,640.0,412.0,27882.0,16435.0,False,False
2603,2022-11-02 09:21:41.097811,-0.003597122302158251,-0.003597122302158251,-0.5,-0.5,138.5,139.0,138.5,139.0,640.0,412.0,27882.0,16435.0,False,False
2603,2022-11-02 09:21:41.180002,-0.003597122302158251,-0.003597122302158251,-0.5,-0.5,138.5,139.0,138.5,139.0,640.0,412.0,27882.0,16435.0,False,False
2603,2022-11-02 09:21:41.257810,-0.003597122302158251,-0.003597122302158251,-0.5,-0.5,138.5,139.0,138.5,139.0,640.0,412.0,27882.0,16435.0,False,False
2603,2022-11-02 09:21:41.602360,-0.003597122302158251,-0.003597122302158251,-0.5,-0.5,138.5,139.0,138.5,139.0,640.0,412.0,27882.0,16435.0,False,False
2603,2022-11-02 09:21:41.748897,-0.003597122302158251,-0.003597122302158251,-0.5,-0.5,138.5,139.0,138.5,139.0,640.0,413.0,27882.0,16435.0,False,False
2603,2022-11-02 09:21:42.384461,-0.003597122302158251,-0.003597122302158251,-0.5,-0.5,138.5,139.0,138.5,139.0,640.0,414.0,27882.0,16435.0,False,False
2603,2022-11-02 09:21:42.463266,-0.003597122302158251,-0.003597122302158251,-0.5,-0.5,138.5,139.0,138.5,139.0,640.0,414.0,27882.0,16435.0,False,False
2603,2022-11-02 09:21:42.775628,-0.003597122302158251,-0.003597122302158251,-0.5,-0.5,138.5,139.0,138.5,139.0,640.0,414.0,27882.0,16435.0,False,False
2603,2022-11-02 09:21:42.864609,-0.003597122302158251,-0.003597122302158251,-0.5,-0.5,138.5,139.0,138.5,139.0,640.0,414.0,27882.0,16435.0,False,False
2603,2022-11-02 09:21:42.881677,-0.003597122302158251,-0.003597122302158251,-0.5,-0.5,138.5,139.0,138.5,139.0,640.0,415.0,27882.0,16435.0,False,False
2603,2022-11-02 09:21:43.282881,-0.003597122302158251,-0.003597122302158251,-0.5,-0.5,138.5,139.0,138.5,139.0,639.0,415.0,27882.0,16435.0,False,False
2603,2022-11-02 09:21:43.471695,-0.003597122302158251,-0.003597122302158251,-0.5,-0.5,138.5,139.0,138.5,139.0,639.0,415.0,27882.0,16435.0,False,False
2603,2022-11-02 09:21:43.622087,-0.003597122302158251,-0.003597122302158251,-0.5,-0.5,138.5,139.0,138.5,139.0,639.0,416.0,27882.0,16435.0,False,False
2603,2022-11-02 09:21:43.681025,-0.003597122302158251,-0.003597122302158251,-0.5,-0.5,138.5,139.0,138.5,139.0,638.0,416.0,27882.0,16435.0,False,False
2603,2022-11-02 09:21:43.689932,-0.003597122302158251,-0.003597122302158251,-0.5,-0.5,138.5,139.0,138.5,139.0,638.0,417.0,27882.0,16435.0,False,False
2603,2022-11-02 09:21:43.946128,-0.003597122302158251,-0.003597122302158251,-0.5,-0.5,138.5,139.0,138.5,139.0,638.0,417.0,27882.0,16435.0,False,False
2603,2022-11-02 09:21:44.070888,-0.003597122302158251,-0.003597122302158251,-0.5,-0.5,138.5,139.0,138.5,139.0,638.0,427.0,27882.0,16435.0,False,False
2603,2022-11-02 09:21:44.121739,-0.003597122302158251,-0.003597122302158251,-0.5,-0.5,138.5,139.0,138.5,139.0,638.0,428.0,27882.0,16435.0,False,False
2603,2022-11-02 09:21:44.130775,-0.003597122302158251,-0.003597122302158251,-0.5,-0.5,138.5,139.0,138.5,139.0,637.0,428.0,27882.0,16435.0,False,False
2603,2022-11-02 09:21:44.193459,-0.003597122302158251,-0.003597122302158251,-0.5,-0.5,138.5,139.0,138.5,139.0,637.0,428.0,27882.0,16435.0,False,False
2603,2022-11-02 09:21:44.318863,-0.003597122302158251,-0.003597122302158251,-0.5,-0.5,138.5,139.0,138.5,139.0,616.0,428.0,27882.0,16435.0,False,False
2603,2022-11-02 09:21:44.286931,-0.003597122302158251,-0.003597122302158251,-0.5,-0.5,138.5,139.0,138.5,139.0,641.0,428.0,27882.0,16435.0,False,False
2603,2022-11-02 09:21:44.705347,-0.003597122302158251,-0.003597122302158251,-0.5,-0.5,138.5,139.0,138.5,139.0,616.0,428.0,27882.0,16435.0,False,False
2603,2022-11-02 09:21:44.839114,-0.003597122302158251,-0.003597122302158251,-0.5,-0.5,138.5,139.0,138.5,139.0,616.0,430.0,27882.0,16435.0,False,False
2603,2022-11-02 09:21:44.848549,-0.003597122302158251,-0.003597122302158251,-0.5,-0.5,138.5,139.0,138.5,139.0,616.0,430.0,27882.0,16435.0,False,False
2603,2022-11-02 09:21:44.962565,-0.003597122302158251,-0.003597122302158251,-0.5,-0.5,138.5,139.0,138.5,139.0,616.0,430.0,27882.0,17365.0,True,True
2603,2022-11-02 09:21:45.045275,-0.003597122302158251,-0.003597122302158251,-0.5,-0.5,138.5,139.0,138.5,139.0,616.0,431.0,27882.0,17365.0,False,False
2603,2022-11-02 09:21:45.583795,-0.003597122302158251,-0.003597122302158251,-0.5,-0.5,138.5,139.0,138.5,139.0,615.0,431.0,27882.0,17365.0,False,False
2603,2022-11-02 09:21:45.610334,-0.003597122302158251,-0.003597122302158251,-0.5,-0.5,138.5,139.0,138.5,139.0,615.0,436.0,27882.0,17365.0,False,False
2603,2022-11-02 09:21:45.942195,-0.003597122302158251,-0.003597122302158251,-0.5,-0.5,138.5,139.0,138.5,139.0,615.0,436.0,27882.0,17365.0,False,False
2603,2022-11-02 09:21:45.965962,-0.003597122302158251,-0.003597122302158251,-0.5,-0.5,138.5,139.0,138.5,139.0,615.0,437.0,27882.0,17365.0,False,False
2603,2022-11-02 09:21:46.910010,-0.003597122302158251,-0.003597122302158251,-0.5,-0.5,138.5,139.0,138.5,139.0,615.0,437.0,27882.0,17365.0,False,False
2603,2022-11-02 09:21:47.287132,-0.003597122302158251,-0.003597122302158251,-0.5,-0.5,138.5,139.0,138.5,139.0,615.0,437.0,27882.0,17365.0,False,False
2603,2022-11-02 09:21:47.394238,-0.003597122302158251,-0.003597122302158251,-0.5,-0.5,138.5,139.0,138.5,139.0,615.0,437.0,27882.0,17365.0,False,False
2603,2022-11-02 09:21:47.483739,-0.003597122302158251,-0.003597122302158251,-0.5,-0.5,138.5,139.0,138.5,139.0,618.0,437.0,27882.0,17365.0,False,False
2603,2022-11-02 09:21:47.826473,-0.003597122302158251,-0.003597122302158251,-0.5,-0.5,138.5,139.0,138.5,139.0,598.0,437.0,27882.0,17365.0,False,False
2603,2022-11-02 09:21:47.861268,-0.003597122302158251,-0.003597122302158251,-0.5,-0.5,138.5,139.0,138.5,139.0,597.0,437.0,27882.0,17365.0,False,False
2603,2022-11-02 09:21:47.923662,-0.003597122302158251,-0.003597122302158251,-0.5,-0.5,138.5,139.0,138.5,139.0,598.0,437.0,27882.0,17365.0,False,False
2603,2022-11-02 09:21:48.022691,-0.003597122302158251,-0.003597122302158251,-0.5,-0.5,138.5,139.0,138.5,139.0,598.0,438.0,27882.0,17365.0,False,False
2603,2022-11-02 09:21:48.057437,-0.003597122302158251,-0.003597122302158251,-0.5,-0.5,138.5,139.0,138.5,139.0,578.0,438.0,27882.0,17365.0,False,False
2603,2022-11-02 09:21:48.105452,-0.003597122302158251,-0.003597122302158251,-0.5,-0.5,138.5,139.0,138.5,139.0,578.0,440.0,27882.0,17365.0,False,False
2603,2022-11-02 09:21:48.212358,-0.003597122302158251,-0.003597122302158251,-0.5,-0.5,138.5,139.0,138.5,139.0,578.0,443.0,27882.0,17365.0,False,False
2603,2022-11-02 09:21:48.461144,-0.003597122302158251,-0.003597122302158251,-0.5,-0.5,138.5,139.0,138.5,139.0,576.0,443.0,27882.0,17365.0,False,False
2603,2022-11-02 09:21:48.763331,-0.003597122302158251,-0.003597122302158251,-0.5,-0.5,138.5,139.0,138.5,139.0,576.0,443.0,27882.0,17365.0,False,False
2603,2022-11-02 09:21:48.924297,-0.003597122302158251,-0.003597122302158251,-0.5,-0.5,138.5,139.0,138.5,139.0,576.0,443.0,27882.0,17365.0,False,False
2603,2022-11-02 09:21:49.257675,-0.003597122302158251,-0.003597122302158251,-0.5,-0.5,138.5,139.0,138.5,139.0,575.0,443.0,27882.0,17365.0,False,False
2603,2022-11-02 09:21:49.436542,-0.003597122302158251,-0.003597122302158251,-0.5,-0.5,138.5,139.0,138.5,139.0,575.0,444.0,27882.0,17365.0,False,False
2603,2022-11-02 09:21:49.480844,-0.003597122302158251,-0.003597122302158251,-0.5,-0.5,138.5,139.0,138.5,139.0,575.0,442.0,27882.0,17365.0,False,False
2603,2022-11-02 09:21:49.778725,-0.003597122302158251,-0.003597122302158251,-0.5,-0.5,138.5,139.0,138.5,139.0,574.0,442.0,27882.0,17365.0,False,False
2603,2022-11-02 09:21:49.964692,-0.003597122302158251,-0.003597122302158251,-0.5,-0.5,138.5,139.0,138.5,139.0,574.0,443.0,27882.0,17365.0,False,False
2603,2022-11-02 09:21:50.179084,-0.003597122302158251,-0.003597122302158251,-0.5,-0.5,138.5,139.0,138.5,139.0,572.0,443.0,27882.0,17365.0,False,False
2603,2022-11-02 09:21:50.335074,-0.003597122302158251,-0.003597122302158251,-0.5,-0.5,138.5,139.0,138.5,139.0,572.0,443.0,27882.0,17365.0,False,False
2603,2022-11-02 09:21:50.481572,-0.003597122302158251,-0.003597122302158251,-0.5,-0.5,138.5,139.0,138.5,139.0,571.0,443.0,27882.0,17365.0,False,False
2603,2022-11-02 09:21:50.546845,-0.003597122302158251,-0.003597122302158251,-0.5,-0.5,138.5,139.0,138.5,139.0,570.0,443.0,27882.0,17365.0,False,False
2603,2022-11-02 09:21:50.589081,-0.003597122302158251,-0.003597122302158251,-0.5,-0.5,138.5,139.0,138.5,139.0,570.0,443.0,27882.0,17365.0,False,False
2603,2022-11-02 09:21:50.716857,-0.003597122302158251,-0.003597122302158251,-0.5,-0.5,138.5,139.0,138.5,139.0,570.0,443.0,27882.0,17365.0,False,False
2603,2022-11-02 09:21:50.786012,-0.003597122302158251,-0.003597122302158251,-0.5,-0.5,138.5,139.0,138.5,139.0,570.0,443.0,27882.0,17365.0,False,False
2603,2022-11-02 09:21:50.806324,-0.003597122302158251,-0.003597122302158251,-0.5,-0.5,138.5,139.0,138.5,139.0,570.0,444.0,27882.0,17365.0,False,False
2603,2022-11-02 09:21:50.884177,-0.003597122302158251,-0.003597122302158251,-0.5,-0.5,138.5,139.0,138.5,139.0,570.0,444.0,27882.0,17365.0,False,False
2603,2022-11-02 09:21:51.191910,-0.003597122302158251,-0.003597122302158251,-0.5,-0.5,138.5,139.0,138.5,139.0,570.0,444.0,27882.0,17365.0,False,False
2603,2022-11-02 09:21:51.694311,-0.003597122302158251,-0.003597122302158251,-0.5,-0.5,138.5,139.0,138.5,139.0,570.0,444.0,27882.0,17365.0,False,False
2603,2022-11-02 09:21:51.724631,-0.003597122302158251,-0.003597122302158251,-0.5,-0.5,138.5,139.0,138.5,139.0,570.0,444.0,27882.0,17365.0,False,False
2603,2022-11-02 09:21:51.837145,-0.003597122302158251,-0.003597122302158251,-0.5,-0.5,138.5,139.0,138.5,139.0,569.0,453.0,27882.0,17365.0,False,False
2603,2022-11-02 09:21:51.816049,-0.003597122302158251,-0.003597122302158251,-0.5,-0.5,138.5,139.0,138.5,139.0,570.0,453.0,27882.0,17365.0,False,False
2603,2022-11-02 09:21:51.915859,-0.003597122302158251,-0.003597122302158251,-0.5,-0.5,138.5,139.0,138.5,139.0,569.0,454.0,27882.0,17365.0,False,False
2603,2022-11-02 09:21:52.276789,-0.003597122302158251,-0.003597122302158251,-0.5,-0.5,138.5,139.0,138.5,139.0,569.0,454.0,27882.0,17365.0,False,False
2603,2022-11-02 09:21:52.750976,-0.003597122302158251,-0.003597122302158251,-0.5,-0.5,138.5,139.0,138.5,139.0,569.0,454.0,27882.0,17365.0,False,False
2603,2022-11-02 09:21:53.134893,-0.003597122302158251,-0.003597122302158251,-0.5,-0.5,138.5,139.0,138.5,139.0,569.0,454.0,27882.0,17365.0,False,False
2603,2022-11-02 09:21:53.557482,-0.003597122302158251,-0.003597122302158251,-0.5,-0.5,138.5,139.0,138.5,139.0,567.0,454.0,27882.0,17365.0,False,False
2603,2022-11-02 09:21:53.757676,-0.003597122302158251,-0.003597122302158251,-0.5,-0.5,138.5,139.0,138.5,139.0,567.0,454.0,27882.0,17365.0,False,False
2603,2022-11-02 09:21:53.826998,-0.003597122302158251,-0.003597122302158251,-0.5,-0.5,138.5,139.0,138.5,139.0,567.0,454.0,27882.0,17365.0,False,False
2603,2022-11-02 09:21:53.961165,-0.003597122302158251,-0.003597122302158251,-0.5,-0.5,138.5,139.0,138.5,139.0,566.0,454.0,27882.0,17365.0,False,False
2603,2022-11-02 09:21:54.683936,-0.003597122302158251,-0.003597122302158251,-0.5,-0.5,138.5,139.0,138.5,139.0,565.0,454.0,27882.0,17365.0,False,False
2603,2022-11-02 09:21:54.967089,-0.003597122302158251,-0.003597122302158251,-0.5,-0.5,138.5,139.0,138.5,139.0,565.0,454.0,27882.0,17365.0,False,False
2603,2022-11-02 09:21:55.104250,-0.003597122302158251,-0.003597122302158251,-0.5,-0.5,138.5,139.0,138.5,139.0,565.0,454.0,27882.0,17600.0,True,True
2603,2022-11-02 09:21:55.990783,-0.003597122302158251,-0.003597122302158251,-0.5,-0.5,138.5,139.0,138.5,139.0,565.0,454.0,27882.0,17600.0,False,False
2603,2022-11-02 09:21:56.071616,-0.003597122302158251,-0.003597122302158251,-0.5,-0.5,138.5,139.0,138.5,139.0,565.0,454.0,27882.0,17600.0,False,False
2603,2022-11-02 09:21:56.125512,-0.003597122302158251,-0.003597122302158251,-0.5,-0.5,138.5,139.0,138.5,139.0,565.0,454.0,27882.0,17600.0,False,False
2603,2022-11-02 09:21:57.053808,-0.003597122302158251,-0.003597122302158251,-0.5,-0.5,138.5,139.0,138.5,139.0,565.0,455.0,27882.0,17600.0,False,False
2603,2022-11-02 09:21:57.288606,-0.003597122302158251,-0.003597122302158251,-0.5,-0.5,138.5,139.0,138.5,139.0,565.0,455.0,27882.0,17600.0,False,False
2603,2022-11-02 09:21:57.437763,-0.003597122302158251,-0.003597122302158251,-0.5,-0.5,138.5,139.0,138.5,139.0,565.0,455.0,27882.0,17600.0,False,False
2603,2022-11-02 09:21:57.661818,-0.003597122302158251,-0.003597122302158251,-0.5,-0.5,138.5,139.0,138.5,139.0,565.0,457.0,27882.0,17600.0,False,False
2603,2022-11-02 09:21:58.000310,-0.003597122302158251,-0.003597122302158251,-0.5,-0.5,138.5,139.0,138.5,139.0,565.0,458.0,27882.0,17600.0,False,False
2603,2022-11-02 09:21:58.046614,-0.003597122302158251,-0.003597122302158251,-0.5,-0.5,138.5,139.0,138.5,139.0,565.0,459.0,27882.0,17600.0,False,False
2603,2022-11-02 09:21:58.195271,-0.003597122302158251,-0.003597122302158251,-0.5,-0.5,138.5,139.0,138.5,139.0,565.0,460.0,27882.0,17600.0,False,False
2603,2022-11-02 09:21:58.359589,-0.003597122302158251,-0.003597122302158251,-0.5,-0.5,138.5,139.0,138.5,139.0,565.0,460.0,27882.0,17600.0,False,False
2603,2022-11-02 09:21:59.064718,-0.003597122302158251,-0.003597122302158251,-0.5,-0.5,138.5,139.0,138.5,139.0,565.0,460.0,27882.0,17600.0,False,False
2603,2022-11-02 09:21:59.128867,-0.003597122302158251,-0.003597122302158251,-0.5,-0.5,138.5,139.0,138.5,139.0,564.0,460.0,27882.0,17600.0,False,False
2603,2022-11-02 09:21:59.290190,-0.003597122302158251,-0.003597122302158251,-0.5,-0.5,138.5,139.0,138.5,139.0,564.0,465.0,27882.0,17600.0,False,False
2603,2022-11-02 09:21:59.578007,-0.003597122302158251,-0.003597122302158251,-0.5,-0.5,138.5,139.0,138.5,139.0,564.0,465.0,27882.0,17600.0,False,False
2603,2022-11-02 09:22:00.143149,-0.003597122302158251,-0.003597122302158251,-0.5,-0.5,138.5,139.0,138.5,139.0,564.0,465.0,27882.0,17600.0,False,False
2603,2022-11-02 09:22:00.358679,-0.003597122302158251,-0.003597122302158251,-0.5,-0.5,138.5,139.0,138.5,139.0,565.0,465.0,27882.0,17600.0,False,False
2603,2022-11-02 09:22:01.208078,-0.003597122302158251,-0.003597122302158251,-0.5,-0.5,138.5,139.0,138.5,139.0,565.0,475.0,27882.0,17600.0,False,False
2603,2022-11-02 09:22:01.244310,-0.003597122302158251,-0.003597122302158251,-0.5,-0.5,138.5,139.0,138.5,139.0,565.0,476.0,27882.0,17600.0,False,False
2603,2022-11-02 09:22:01.576801,-0.003597122302158251,-0.003597122302158251,-0.5,-0.5,138.5,139.0,138.5,139.0,565.0,476.0,27882.0,17600.0,False,False
2603,2022-11-02 09:22:01.816899,-0.003597122302158251,-0.003597122302158251,-0.5,-0.5,138.5,139.0,138.5,139.0,565.0,476.0,27882.0,17600.0,False,False
2603,2022-11-02 09:22:01.917516,-0.003597122302158251,-0.003597122302158251,-0.5,-0.5,138.5,139.0,138.5,139.0,565.0,476.0,27882.0,17600.0,False,False
2603,2022-11-02 09:22:02.553661,-0.003597122302158251,-0.003597122302158251,-0.5,-0.5,138.5,139.0,138.5,139.0,564.0,476.0,27882.0,17600.0,False,False
2603,2022-11-02 09:22:02.626843,-0.003597122302158251,-0.003597122302158251,-0.5,-0.5,138.5,139.0,138.5,139.0,564.0,476.0,27882.0,17600.0,False,False
2603,2022-11-02 09:22:02.719114,-0.003597122302158251,-0.003597122302158251,-0.5,-0.5,138.5,139.0,138.5,139.0,565.0,476.0,27882.0,17600.0,False,False
2603,2022-11-02 09:22:02.994666,-0.003597122302158251,-0.003597122302158251,-0.5,-0.5,138.5,139.0,138.5,139.0,565.0,476.0,27882.0,17600.0,False,False
2603,2022-11-02 09:22:03.554246,-0.003597122302158251,-0.003597122302158251,-0.5,-0.5,138.5,139.0,138.5,139.0,565.0,476.0,27882.0,17600.0,False,False
2603,2022-11-02 09:22:03.667990,-0.003597122302158251,-0.003597122302158251,-0.5,-0.5,138.5,139.0,138.5,139.0,566.0,476.0,27882.0,17600.0,False,False
2603,2022-11-02 09:22:04.218769,-0.003597122302158251,-0.003597122302158251,-0.5,-0.5,138.5,139.0,138.5,139.0,566.0,476.0,27882.0,17600.0,False,False
2603,2022-11-02 09:22:04.340261,-0.003597122302158251,-0.003597122302158251,-0.5,-0.5,138.5,139.0,138.5,139.0,566.0,476.0,6934.0,17351.0,False,True
2603,2022-11-02 09:22:05.086122,-0.003597122302158251,-0.003597122302158251,-0.5,-0.5,138.5,139.0,138.5,139.0,566.0,477.0,6934.0,17351.0,False,False
2603,2022-11-02 09:22:05.091215,-0.003597122302158251,-0.003597122302158251,-0.5,-0.5,138.5,139.0,138.5,139.0,564.0,477.0,6934.0,17351.0,False,False
2603,2022-11-02 09:22:05.850001,-0.003597122302158251,-0.003597122302158251,-0.5,-0.5,138.5,139.0,138.5,139.0,564.0,477.0,6934.0,17351.0,False,False
2603,2022-11-02 09:22:06.112353,-0.003597122302158251,-0.003597122302158251,-0.5,-0.5,138.5,139.0,138.5,139.0,564.0,477.0,6934.0,17351.0,False,False
2603,2022-11-02 09:22:07.036310,-0.003597122302158251,-0.003597122302158251,-0.5,-0.5,138.5,139.0,138.5,139.0,564.0,477.0,6934.0,17351.0,False,False
2603,2022-11-02 09:22:07.611860,-0.003597122302158251,-0.003597122302158251,-0.5,-0.5,138.5,139.0,138.5,139.0,564.0,477.0,6934.0,17351.0,False,False
2603,2022-11-02 09:22:07.834642,-0.003597122302158251,-0.003597122302158251,-0.5,-0.5,138.5,139.0,138.5,139.0,565.0,477.0,6934.0,17351.0,False,False
2603,2022-11-02 09:22:08.213285,-0.003597122302158251,-0.003597122302158251,-0.5,-0.5,138.5,139.0,138.5,139.0,565.0,478.0,6934.0,17351.0,False,False
2603,2022-11-02 09:22:08.483624,-0.003597122302158251,-0.003597122302158251,-0.5,-0.5,138.5,139.0,138.5,139.0,565.0,478.0,6934.0,17351.0,False,False
2603,2022-11-02 09:22:09.444955,-0.003597122302158251,-0.003597122302158251,-0.5,-0.5,138.5,139.0,138.5,139.0,565.0,478.0,6934.0,17351.0,False,False
2603,2022-11-02 09:22:09.837757,-0.003597122302158251,-0.003597122302158251,-0.5,-0.5,138.5,139.0,138.5,139.0,565.0,478.0,6934.0,17351.0,False,False
2603,2022-11-02 09:22:10.000611,-0.003597122302158251,-0.003597122302158251,-0.5,-0.5,138.5,139.0,138.5,139.0,565.0,478.0,6934.0,17351.0,False,False
2603,2022-11-02 09:22:10.063567,-0.003597122302158251,-0.003597122302158251,-0.5,-0.5,138.5,139.0,138.5,139.0,565.0,478.0,6934.0,17351.0,False,False
2603,2022-11-02 09:22:10.251923,-0.003597122302158251,-0.003597122302158251,-0.5,-0.5,138.5,139.0,138.5,139.0,565.0,478.0,6934.0,17351.0,False,False
2603,2022-11-02 09:22:11.729396,-0.003597122302158251,-0.003597122302158251,-0.5,-0.5,138.5,139.0,138.5,139.0,565.0,477.0,6934.0,17351.0,False,False
2603,2022-11-02 09:22:11.807591,-0.003597122302158251,-0.003597122302158251,-0.5,-0.5,138.5,139.0,138.5,139.0,565.0,477.0,6934.0,17351.0,False,False
2603,2022-11-02 09:22:12.253301,-0.003597122302158251,-0.003597122302158251,-0.5,-0.5,138.5,139.0,138.5,139.0,565.0,477.0,6934.0,17351.0,False,False
2603,2022-11-02 09:22:12.500664,-0.003597122302158251,-0.003597122302158251,-0.5,-0.5,138.5,139.0,138.5,139.0,565.0,477.0,6934.0,17351.0,False,False
2603,2022-11-02 09:22:13.177751,-0.003597122302158251,-0.003597122302158251,-0.5,-0.5,138.5,139.0,138.5,139.0,565.0,477.0,6934.0,17351.0,False,False
2603,2022-11-02 09:22:13.515091,-0.003597122302158251,-0.003597122302158251,-0.5,-0.5,138.5,139.0,138.5,139.0,565.0,477.0,6934.0,17351.0,False,False
2603,2022-11-02 09:22:14.120262,-0.003597122302158251,-0.003597122302158251,-0.5,-0.5,138.5,139.0,138.5,139.0,565.0,477.0,6934.0,17351.0,False,False
2603,2022-11-02 09:22:14.335244,-0.003597122302158251,-0.003597122302158251,-0.5,-0.5,138.5,139.0,138.5,139.0,565.0,477.0,6934.0,17351.0,False,False
2603,2022-11-02 09:22:14.380428,-0.003597122302158251,-0.003597122302158251,-0.5,-0.5,138.5,139.0,138.5,139.0,565.0,477.0,26860.0,37141.0,True,True
2603,2022-11-02 09:22:14.841364,-0.003597122302158251,-0.003597122302158251,-0.5,-0.5,138.5,139.0,138.5,139.0,565.0,478.0,26860.0,37141.0,False,False
2603,2022-11-02 09:22:15.201836,-0.003597122302158251,-0.003597122302158251,-0.5,-0.5,138.5,139.0,138.5,139.0,565.0,478.0,26860.0,37141.0,False,False
2603,2022-11-02 09:22:15.930599,-0.003597122302158251,-0.003597122302158251,-0.5,-0.5,138.5,139.0,138.5,139.0,566.0,478.0,26860.0,37141.0,False,False
2603,2022-11-02 09:22:16.142980,-0.003597122302158251,-0.003597122302158251,-0.5,-0.5,138.5,139.0,138.5,139.0,566.0,480.0,26860.0,37141.0,False,False
2603,2022-11-02 09:22:16.672745,-0.003597122302158251,-0.003597122302158251,-0.5,-0.5,138.5,139.0,138.5,139.0,567.0,480.0,26860.0,37141.0,False,False
2603,2022-11-02 09:22:17.518021,-0.003597122302158251,-0.003597122302158251,-0.5,-0.5,138.5,139.0,138.5,139.0,567.0,480.0,26860.0,37141.0,False,False
2603,2022-11-02 09:22:17.689330,-0.003597122302158251,-0.003597122302158251,-0.5,-0.5,138.5,139.0,138.5,139.0,567.0,480.0,26860.0,37141.0,False,False
2603,2022-11-02 09:22:17.952422,-0.003597122302158251,-0.003597122302158251,-0.5,-0.5,138.5,139.0,138.5,139.0,567.0,480.0,26860.0,37141.0,False,False
2603,2022-11-02 09:22:18.052145,-0.003597122302158251,-0.003597122302158251,-0.5,-0.5,138.5,139.0,138.5,139.0,567.0,481.0,26860.0,37141.0,False,False
2603,2022-11-02 09:22:18.538329,-0.003597122302158251,-0.003597122302158251,-0.5,-0.5,138.5,139.0,138.5,139.0,567.0,481.0,26860.0,37141.0,False,False
2603,2022-11-02 09:22:18.615034,-0.003597122302158251,-0.003597122302158251,-0.5,-0.5,138.5,139.0,138.5,139.0,567.0,481.0,26860.0,37141.0,False,False
2603,2022-11-02 09:22:18.683798,-0.003597122302158251,-0.003597122302158251,-0.5,-0.5,138.5,139.0,138.5,139.0,567.0,481.0,26860.0,37141.0,False,False
2603,2022-11-02 09:22:18.796371,-0.003597122302158251,-0.003597122302158251,-0.5,-0.5,138.5,139.0,138.5,139.0,567.0,481.0,26860.0,37141.0,False,False
2603,2022-11-02 09:22:18.950008,-0.003597122302158251,-0.003597122302158251,-0.5,-0.5,138.5,139.0,138.5,139.0,567.0,480.0,26860.0,37141.0,False,False
2603,2022-11-02 09:22:19.083933,-0.003597122302158251,-0.003597122302158251,-0.5,-0.5,138.5,139.0,138.5,139.0,567.0,470.0,26860.0,37141.0,False,False
2603,2022-11-02 09:22:19.454219,-0.003597122302158251,-0.003597122302158251,-0.5,-0.5,138.5,139.0,138.5,139.0,567.0,470.0,26860.0,37141.0,False,False
2603,2022-11-02 09:22:20.027506,-0.003597122302158251,-0.003597122302158251,-0.5,-0.5,138.5,139.0,138.5,139.0,567.0,470.0,26860.0,37141.0,False,False
2603,2022-11-02 09:22:20.304796,-0.003597122302158251,-0.003597122302158251,-0.5,-0.5,138.5,139.0,138.5,139.0,567.0,469.0,26860.0,37141.0,False,False
2603,2022-11-02 09:22:20.415579,-0.003597122302158251,-0.003597122302158251,-0.5,-0.5,138.5,139.0,138.5,139.0,567.0,470.0,26860.0,37141.0,False,False
2603,2022-11-02 09:22:20.814061,-0.003597122302158251,-0.003597122302158251,-0.5,-0.5,138.5,139.0,138.5,139.0,567.0,470.0,26860.0,37141.0,False,False
2603,2022-11-02 09:22:21.009970,-0.003597122302158251,-0.003597122302158251,-0.5,-0.5,138.5,139.0,138.5,139.0,567.0,470.0,26860.0,37141.0,False,False
2603,2022-11-02 09:22:21.072157,-0.003597122302158251,-0.003597122302158251,-0.5,-0.5,138.5,139.0,138.5,139.0,567.0,470.0,26860.0,37141.0,False,False
2603,2022-11-02 09:22:21.337204,-0.003597122302158251,-0.003597122302158251,-0.5,-0.5,138.5,139.0,138.5,139.0,566.0,470.0,26860.0,37141.0,False,False
2603,2022-11-02 09:22:22.224478,-0.003597122302158251,-0.003597122302158251,-0.5,-0.5,138.5,139.0,138.5,139.0,566.0,469.0,26860.0,37141.0,False,False
2603,2022-11-02 09:22:22.513536,-0.003597122302158251,-0.003597122302158251,-0.5,-0.5,138.5,139.0,138.5,139.0,566.0,469.0,26860.0,37141.0,False,False
2603,2022-11-02 09:22:23.619722,-0.003597122302158251,-0.003597122302158251,-0.5,-0.5,138.5,139.0,138.5,139.0,566.0,469.0,26860.0,37141.0,False,False
2603,2022-11-02 09:22:23.806563,-0.003597122302158251,-0.003597122302158251,-0.5,-0.5,138.5,139.0,138.5,139.0,567.0,469.0,26860.0,37141.0,False,False
2603,2022-11-02 09:22:23.833691,-0.003597122302158251,-0.003597122302158251,-0.5,-0.5,138.5,139.0,138.5,139.0,567.0,469.0,26860.0,37141.0,False,False
2603,2022-11-02 09:22:24.132859,-0.003597122302158251,-0.003597122302158251,-0.5,-0.5,138.5,139.0,138.5,139.0,566.0,469.0,26860.0,37141.0,False,False
2603,2022-11-02 09:22:24.415945,-0.003597122302158251,-0.003597122302158251,-0.5,-0.5,138.5,139.0,138.5,139.0,566.0,469.0,26860.0,37141.0,False,False
2603,2022-11-02 09:22:24.421598,-0.003597122302158251,-0.003597122302158251,-0.5,-0.5,138.5,139.0,138.5,139.0,566.0,469.0,26561.0,37141.0,True,True
2603,2022-11-02 09:22:24.818117,-0.003597122302158251,-0.003597122302158251,-0.5,-0.5,138.5,139.0,138.5,139.0,568.0,469.0,26561.0,37141.0,False,False
2603,2022-11-02 09:22:24.916739,-0.003597122302158251,-0.003597122302158251,-0.5,-0.5,138.5,139.0,138.5,139.0,567.0,469.0,26561.0,37141.0,False,False
2603,2022-11-02 09:22:25.342763,-0.003597122302158251,-0.003597122302158251,-0.5,-0.5,138.5,139.0,138.5,139.0,567.0,469.0,26561.0,37141.0,False,False
2603,2022-11-02 09:22:25.545573,-0.003597122302158251,-0.003597122302158251,-0.5,-0.5,138.5,139.0,138.5,139.0,568.0,469.0,26561.0,37141.0,False,False
2603,2022-11-02 09:22:25.576323,-0.003597122302158251,-0.003597122302158251,-0.5,-0.5,138.5,139.0,138.5,139.0,568.0,469.0,26561.0,37141.0,False,False
2603,2022-11-02 09:22:25.885659,-0.003597122302158251,-0.003597122302158251,-0.5,-0.5,138.5,139.0,138.5,139.0,568.0,470.0,26561.0,37141.0,False,False
2603,2022-11-02 09:22:26.284995,-0.003597122302158251,-0.003597122302158251,-0.5,-0.5,138.5,139.0,138.5,139.0,578.0,470.0,26561.0,37141.0,False,False
2603,2022-11-02 09:22:26.404746,-0.003597122302158251,-0.003597122302158251,-0.5,-0.5,138.5,139.0,138.5,139.0,577.0,470.0,26561.0,37141.0,False,False
2603,2022-11-02 09:22:26.429708,-0.003597122302158251,-0.003597122302158251,-0.5,-0.5,138.5,139.0,138.5,139.0,577.0,478.0,26561.0,37141.0,False,False
2603,2022-11-02 09:22:26.533814,-0.003597122302158251,-0.003597122302158251,-0.5,-0.5,138.5,139.0,138.5,139.0,578.0,478.0,26561.0,37141.0,False,False
2603,2022-11-02 09:22:26.970952,-0.003597122302158251,-0.003597122302158251,-0.5,-0.5,138.5,139.0,138.5,139.0,577.0,478.0,26561.0,37141.0,False,False
2603,2022-11-02 09:22:27.136281,-0.003597122302158251,-0.003597122302158251,-0.5,-0.5,138.5,139.0,138.5,139.0,576.0,478.0,26561.0,37141.0,False,False
2603,2022-11-02 09:22:28.132781,-0.003597122302158251,-0.003597122302158251,-0.5,-0.5,138.5,139.0,138.5,139.0,575.0,478.0,26561.0,37141.0,False,False
2603,2022-11-02 09:22:28.594406,-0.003597122302158251,-0.003597122302158251,-0.5,-0.5,138.5,139.0,138.5,139.0,575.0,478.0,26561.0,37141.0,False,False
2603,2022-11-02 09:22:29.324310,-0.003597122302158251,-0.003597122302158251,-0.5,-0.5,138.5,139.0,138.5,139.0,575.0,478.0,26561.0,37141.0,False,False
2603,2022-11-02 09:22:29.451022,-0.003597122302158251,-0.003597122302158251,-0.5,-0.5,138.5,139.0,138.5,139.0,575.0,479.0,26561.0,37141.0,False,False
2603,2022-11-02 09:22:29.775321,-0.003597122302158251,-0.003597122302158251,-0.5,-0.5,138.5,139.0,138.5,139.0,575.0,479.0,26561.0,37141.0,False,False
2603,2022-11-02 09:22:30.181886,-0.003597122302158251,-0.003597122302158251,-0.5,-0.5,138.5,139.0,138.5,139.0,575.0,478.0,26561.0,37141.0,False,False
2603,2022-11-02 09:22:30.258541,-0.003597122302158251,-0.003597122302158251,-0.5,-0.5,138.5,139.0,138.5,139.0,575.0,472.0,26561.0,37141.0,False,False
2603,2022-11-02 09:22:30.668045,-0.003597122302158251,-0.003597122302158251,-0.5,-0.5,138.5,139.0,138.5,139.0,575.0,472.0,26561.0,37141.0,False,False
2603,2022-11-02 09:22:31.369638,-0.003597122302158251,-0.003597122302158251,-0.5,-0.5,138.5,139.0,138.5,139.0,576.0,472.0,26561.0,37141.0,False,False
2603,2022-11-02 09:22:32.270985,-0.003597122302158251,-0.003597122302158251,-0.5,-0.5,138.5,139.0,138.5,139.0,575.0,472.0,26561.0,37141.0,False,False
2603,2022-11-02 09:22:32.416147,-0.003597122302158251,-0.003597122302158251,-0.5,-0.5,138.5,139.0,138.5,139.0,575.0,472.0,26561.0,37141.0,False,False
2603,2022-11-02 09:22:32.522192,-0.003597122302158251,-0.003597122302158251,-0.5,-0.5,138.5,139.0,138.5,139.0,575.0,472.0,26561.0,37141.0,False,False
2603,2022-11-02 09:22:32.635352,-0.003597122302158251,-0.003597122302158251,-0.5,-0.5,138.5,139.0,138.5,139.0,575.0,472.0,26561.0,37141.0,False,False
2603,2022-11-02 09:22:33.712247,-0.003597122302158251,-0.003597122302158251,-0.5,-0.5,138.5,139.0,138.5,139.0,576.0,472.0,26561.0,37141.0,False,False
2603,2022-11-02 09:22:34.472110,-0.003597122302158251,-0.003597122302158251,-0.5,-0.5,138.5,139.0,138.5,139.0,576.0,472.0,26436.0,36651.0,True,True
2603,2022-11-02 09:22:34.749233,-0.003597122302158251,-0.003597122302158251,-0.5,-0.5,138.5,139.0,138.5,139.0,576.0,472.0,26436.0,36651.0,False,False
2603,2022-11-02 09:22:35.210624,-0.003597122302158251,-0.003597122302158251,-0.5,-0.5,138.5,139.0,138.5,139.0,576.0,472.0,26436.0,36651.0,False,False
2603,2022-11-02 09:22:35.741366,-0.003597122302158251,-0.003597122302158251,-0.5,-0.5,138.5,139.0,138.5,139.0,576.0,473.0,26436.0,36651.0,False,False
2603,2022-11-02 09:22:36.939179,-0.003597122302158251,-0.003597122302158251,-0.5,-0.5,138.5,139.0,138.5,139.0,576.0,482.0,26436.0,36651.0,False,False
2603,2022-11-02 09:22:37.017016,-0.003597122302158251,-0.003597122302158251,-0.5,-0.5,138.5,139.0,138.5,139.0,576.0,483.0,26436.0,36651.0,False,False
2603,2022-11-02 09:22:37.134534,-0.003597122302158251,-0.003597122302158251,-0.5,-0.5,138.5,139.0,138.5,139.0,576.0,483.0,26436.0,36651.0,False,False
2603,2022-11-02 09:22:37.267136,-0.003597122302158251,-0.003597122302158251,-0.5,-0.5,138.5,139.0,138.5,139.0,577.0,483.0,26436.0,36651.0,False,False
2603,2022-11-02 09:22:37.573280,-0.003597122302158251,-0.003597122302158251,-0.5,-0.5,138.5,139.0,138.5,139.0,577.0,473.0,26436.0,36651.0,False,False
2603,2022-11-02 09:22:37.580807,-0.003597122302158251,-0.003597122302158251,-0.5,-0.5,138.5,139.0,138.5,139.0,577.0,473.0,26436.0,36651.0,False,False
2603,2022-11-02 09:22:37.762367,-0.003597122302158251,-0.003597122302158251,-0.5,-0.5,138.5,139.0,138.5,139.0,578.0,473.0,26436.0,36651.0,False,False
2603,2022-11-02 09:22:38.079359,-0.003597122302158251,-0.003597122302158251,-0.5,-0.5,138.5,139.0,138.5,139.0,577.0,473.0,26436.0,36651.0,False,False
2603,2022-11-02 09:22:38.211306,-0.003597122302158251,-0.003597122302158251,-0.5,-0.5,138.5,139.0,138.5,139.0,577.0,472.0,26436.0,36651.0,False,False
2603,2022-11-02 09:22:38.458459,-0.003597122302158251,-0.003597122302158251,-0.5,-0.5,138.5,139.0,138.5,139.0,577.0,473.0,26436.0,36651.0,False,False
2603,2022-11-02 09:22:38.459154,-0.003597122302158251,-0.003597122302158251,-0.5,-0.5,138.5,139.0,138.5,139.0,577.0,473.0,26436.0,36651.0,False,False
2603,2022-11-02 09:22:38.737966,-0.003597122302158251,-0.003597122302158251,-0.5,-0.5,138.5,139.0,138.5,139.0,577.0,473.0,26436.0,36651.0,False,False
2603,2022-11-02 09:22:39.101251,-0.003597122302158251,-0.003597122302158251,-0.5,-0.5,138.5,139.0,138.5,139.0,577.0,473.0,26436.0,36651.0,False,False
2603,2022-11-02 09:22:39.362148,-0.003597122302158251,-0.003597122302158251,-0.5,-0.5,138.5,139.0,138.5,139.0,577.0,474.0,26436.0,36651.0,False,False
2603,2022-11-02 09:22:39.603250,-0.003597122302158251,-0.003597122302158251,-0.5,-0.5,138.5,139.0,138.5,139.0,578.0,474.0,26436.0,36651.0,False,False
2603,2022-11-02 09:22:39.936329,-0.003597122302158251,-0.003597122302158251,-0.5,-0.5,138.5,139.0,138.5,139.0,578.0,474.0,26436.0,36651.0,False,False
2603,2022-11-02 09:22:40.174313,-0.003597122302158251,-0.003597122302158251,-0.5,-0.5,138.5,139.0,138.5,139.0,578.0,474.0,26436.0,36651.0,False,False
2603,2022-11-02 09:22:40.554859,-0.003597122302158251,-0.003597122302158251,-0.5,-0.5,138.5,139.0,138.5,139.0,578.0,474.0,26436.0,36651.0,False,False
2603,2022-11-02 09:22:40.851203,-0.003597122302158251,-0.003597122302158251,-0.5,-0.5,138.5,139.0,138.5,139.0,576.0,474.0,26436.0,36651.0,False,False
2603,2022-11-02 09:22:40.970133,-0.003597122302158251,-0.003597122302158251,-0.5,-0.5,138.5,139.0,138.5,139.0,576.0,474.0,26436.0,36651.0,False,False
2603,2022-11-02 09:22:41.578843,-0.003597122302158251,-0.003597122302158251,-0.5,-0.5,138.5,139.0,138.5,139.0,576.0,474.0,26436.0,36651.0,False,False
2603,2022-11-02 09:22:41.797739,-0.003597122302158251,-0.003597122302158251,-0.5,-0.5,138.5,139.0,138.5,139.0,576.0,474.0,26436.0,36651.0,False,False
2603,2022-11-02 09:22:43.161619,-0.003597122302158251,-0.003597122302158251,-0.5,-0.5,138.5,139.0,138.5,139.0,577.0,474.0,26436.0,36651.0,False,False
2603,2022-11-02 09:22:43.439482,-0.003597122302158251,-0.003597122302158251,-0.5,-0.5,138.5,139.0,138.5,139.0,577.0,474.0,26436.0,36651.0,False,False
2603,2022-11-02 09:22:43.628005,-0.003597122302158251,-0.003597122302158251,-0.5,-0.5,138.5,139.0,138.5,139.0,577.0,475.0,26436.0,36651.0,False,False
2603,2022-11-02 09:22:43.973126,-0.003597122302158251,-0.003597122302158251,-0.5,-0.5,138.5,139.0,138.5,139.0,577.0,475.0,26436.0,36651.0,False,False
2603,2022-11-02 09:22:44.088635,-0.003597122302158251,-0.003597122302158251,-0.5,-0.5,138.5,139.0,138.5,139.0,577.0,475.0,26436.0,36651.0,False,False
2603,2022-11-02 09:22:44.517398,-0.003597122302158251,-0.003597122302158251,-0.5,-0.5,138.5,139.0,138.5,139.0,577.0,475.0,26436.0,36101.0,True,True
2603,2022-11-02 09:22:44.574055,-0.003597122302158251,-0.003597122302158251,-0.5,-0.5,138.5,139.0,138.5,139.0,577.0,475.0,26436.0,36101.0,False,False
2603,2022-11-02 09:22:45.413644,-0.003597122302158251,-0.003597122302158251,-0.5,-0.5,138.5,139.0,138.5,139.0,576.0,475.0,26436.0,36101.0,False,False
2603,2022-11-02 09:22:45.607967,-0.003597122302158251,-0.003597122302158251,-0.5,-0.5,138.5,139.0,138.5,139.0,576.0,476.0,26436.0,36101.0,False,False
2603,2022-11-02 09:22:45.914868,-0.003597122302158251,-0.003597122302158251,-0.5,-0.5,138.5,139.0,138.5,139.0,576.0,476.0,26436.0,36101.0,False,False
2603,2022-11-02 09:22:46.512287,-0.003597122302158251,-0.003597122302158251,-0.5,-0.5,138.5,139.0,138.5,139.0,576.0,476.0,26436.0,36101.0,False,False
2603,2022-11-02 09:22:46.577351,-0.003597122302158251,-0.003597122302158251,-0.5,-0.5,138.5,139.0,138.5,139.0,576.0,476.0,26436.0,36101.0,False,False
2603,2022-11-02 09:22:46.584760,-0.003597122302158251,-0.003597122302158251,-0.5,-0.5,138.5,139.0,138.5,139.0,572.0,476.0,26436.0,36101.0,False,False
2603,2022-11-02 09:22:47.497048,-0.003597122302158251,-0.003597122302158251,-0.5,-0.5,138.5,139.0,138.5,139.0,572.0,476.0,26436.0,36101.0,False,False
2603,2022-11-02 09:22:48.483299,-0.003597122302158251,-0.003597122302158251,-0.5,-0.5,138.5,139.0,138.5,139.0,572.0,477.0,26436.0,36101.0,False,False
2603,2022-11-02 09:22:48.561614,-0.003597122302158251,-0.003597122302158251,-0.5,-0.5,138.5,139.0,138.5,139.0,572.0,477.0,26436.0,36101.0,False,False
2603,2022-11-02 09:22:48.730668,-0.003597122302158251,-0.003597122302158251,-0.5,-0.5,138.5,139.0,138.5,139.0,572.0,477.0,26436.0,36101.0,False,False
2603,2022-11-02 09:22:48.992207,-0.003597122302158251,-0.003597122302158251,-0.5,-0.5,138.5,139.0,138.5,139.0,572.0,477.0,26436.0,36101.0,False,False
2603,2022-11-02 09:22:49.717219,-0.003597122302158251,-0.003597122302158251,-0.5,-0.5,138.5,139.0,138.5,139.0,574.0,477.0,26436.0,36101.0,False,False
2603,2022-11-02 09:22:49.835685,-0.003597122302158251,-0.003597122302158251,-0.5,-0.5,138.5,139.0,138.5,139.0,574.0,477.0,26436.0,36101.0,False,False
2603,2022-11-02 09:22:49.896368,-0.003597122302158251,-0.003597122302158251,-0.5,-0.5,138.5,139.0,138.5,139.0,574.0,476.0,26436.0,36101.0,False,False
2603,2022-11-02 09:22:50.002041,-0.003597122302158251,-0.003597122302158251,-0.5,-0.5,138.5,139.0,138.5,139.0,574.0,476.0,26436.0,36101.0,False,False
2603,2022-11-02 09:22:50.192009,-0.003597122302158251,-0.003597122302158251,-0.5,-0.5,138.5,139.0,138.5,139.0,574.0,476.0,26436.0,36101.0,False,False
2603,2022-11-02 09:22:50.211183,-0.003597122302158251,-0.003597122302158251,-0.5,-0.5,138.5,139.0,138.5,139.0,575.0,476.0,26436.0,36101.0,False,False
2603,2022-11-02 09:22:50.358085,-0.003597122302158251,-0.003597122302158251,-0.5,-0.5,138.5,139.0,138.5,139.0,575.0,476.0,26436.0,36101.0,False,False
2603,2022-11-02 09:22:50.586293,-0.003597122302158251,-0.003597122302158251,-0.5,-0.5,138.5,139.0,138.5,139.0,575.0,476.0,26436.0,36101.0,False,False
2603,2022-11-02 09:22:50.689976,-0.003597122302158251,-0.003597122302158251,-0.5,-0.5,138.5,139.0,138.5,139.0,575.0,476.0,26436.0,36101.0,False,False
2603,2022-11-02 09:22:51.081281,-0.003597122302158251,-0.003597122302158251,-0.5,-0.5,138.5,139.0,138.5,139.0,576.0,476.0,26436.0,36101.0,False,False
2603,2022-11-02 09:22:51.279425,-0.003597122302158251,-0.003597122302158251,-0.5,-0.5,138.5,139.0,138.5,139.0,576.0,477.0,26436.0,36101.0,False,False
2603,2022-11-02 09:22:51.286110,-0.003597122302158251,-0.003597122302158251,-0.5,-0.5,138.5,139.0,138.5,139.0,576.0,477.0,26436.0,36101.0,False,False
2603,2022-11-02 09:22:51.516364,-0.003597122302158251,-0.003597122302158251,-0.5,-0.5,138.5,139.0,138.5,139.0,576.0,477.0,26436.0,36101.0,False,False
2603,2022-11-02 09:22:51.641429,-0.003597122302158251,-0.003597122302158251,-0.5,-0.5,138.5,139.0,138.5,139.0,576.0,477.0,26436.0,36101.0,False,False
2603,2022-11-02 09:22:52.570247,-0.003597122302158251,-0.003597122302158251,-0.5,-0.5,138.5,139.0,138.5,139.0,576.0,477.0,26436.0,36101.0,False,False
2603,2022-11-02 09:22:52.648965,-0.003597122302158251,-0.003597122302158251,-0.5,-0.5,138.5,139.0,138.5,139.0,575.0,477.0,26436.0,36101.0,False,False
2603,2022-11-02 09:22:52.839578,-0.003597122302158251,-0.003597122302158251,-0.5,-0.5,138.5,139.0,138.5,139.0,575.0,477.0,26436.0,36101.0,False,False
2603,2022-11-02 09:22:53.133050,-0.003597122302158251,-0.003597122302158251,-0.5,-0.5,138.5,139.0,138.5,139.0,575.0,477.0,26436.0,36101.0,False,False
2603,2022-11-02 09:22:53.446428,-0.003597122302158251,-0.003597122302158251,-0.5,-0.5,138.5,139.0,138.5,139.0,575.0,477.0,26436.0,36101.0,False,False
2603,2022-11-02 09:22:53.685117,-0.003597122302158251,-0.003597122302158251,-0.5,-0.5,138.5,139.0,138.5,139.0,576.0,477.0,26436.0,36101.0,False,False
2603,2022-11-02 09:22:53.792529,-0.003597122302158251,-0.003597122302158251,-0.5,-0.5,138.5,139.0,138.5,139.0,576.0,477.0,26436.0,36101.0,False,False
2603,2022-11-02 09:22:54.558558,-0.003597122302158251,-0.003597122302158251,-0.5,-0.5,138.5,139.0,138.5,139.0,576.0,477.0,26036.0,35831.0,True,True
2603,2022-11-02 09:22:54.696626,-0.003597122302158251,-0.003597122302158251,-0.5,-0.5,138.5,139.0,138.5,139.0,576.0,476.0,26036.0,35831.0,False,False
2603,2022-11-02 09:22:55.192084,-0.003597122302158251,-0.003597122302158251,-0.5,-0.5,138.5,139.0,138.5,139.0,577.0,476.0,26036.0,35831.0,False,False
2603,2022-11-02 09:22:55.436299,-0.003597122302158251,-0.003597122302158251,-0.5,-0.5,138.5,139.0,138.5,139.0,577.0,476.0,26036.0,35831.0,False,False
2603,2022-11-02 09:22:55.537412,-0.003597122302158251,-0.003597122302158251,-0.5,-0.5,138.5,139.0,138.5,139.0,577.0,476.0,26036.0,35831.0,False,False
2603,2022-11-02 09:22:55.810655,-0.003597122302158251,-0.003597122302158251,-0.5,-0.5,138.5,139.0,138.5,139.0,578.0,476.0,26036.0,35831.0,False,False
2603,2022-11-02 09:22:57.025896,-0.003597122302158251,-0.003597122302158251,-0.5,-0.5,138.5,139.0,138.5,139.0,578.0,478.0,26036.0,35831.0,False,False
2603,2022-11-02 09:22:57.082446,-0.003597122302158251,-0.003597122302158251,-0.5,-0.5,138.5,139.0,138.5,139.0,578.0,478.0,26036.0,35831.0,False,False
2603,2022-11-02 09:22:57.679841,-0.003597122302158251,-0.003597122302158251,-0.5,-0.5,138.5,139.0,138.5,139.0,578.0,478.0,26036.0,35831.0,False,False
2603,2022-11-02 09:22:58.422862,-0.003597122302158251,-0.003597122302158251,-0.5,-0.5,138.5,139.0,138.5,139.0,578.0,478.0,26036.0,35831.0,False,False
2603,2022-11-02 09:22:58.438095,-0.003597122302158251,-0.003597122302158251,-0.5,-0.5,138.5,139.0,138.5,139.0,578.0,478.0,26036.0,35831.0,False,False
2603,2022-11-02 09:22:58.686505,-0.003597122302158251,-0.003597122302158251,-0.5,-0.5,138.5,139.0,138.5,139.0,578.0,478.0,26036.0,35831.0,False,False
2603,2022-11-02 09:22:59.073966,-0.003597122302158251,-0.003597122302158251,-0.5,-0.5,138.5,139.0,138.5,139.0,578.0,478.0,26036.0,35831.0,False,False
2603,2022-11-02 09:22:59.133441,-0.003597122302158251,-0.003597122302158251,-0.5,-0.5,138.5,139.0,138.5,139.0,579.0,478.0,26036.0,35831.0,False,False
2603,2022-11-02 09:22:59.253958,-0.003597122302158251,-0.003597122302158251,-0.5,-0.5,138.5,139.0,138.5,139.0,579.0,478.0,26036.0,35831.0,False,False
2603,2022-11-02 09:22:59.411609,-0.003597122302158251,-0.003597122302158251,-0.5,-0.5,138.5,139.0,138.5,139.0,579.0,478.0,26036.0,35831.0,False,False
2603,2022-11-02 09:22:59.443996,-0.003597122302158251,-0.003597122302158251,-0.5,-0.5,138.5,139.0,138.5,139.0,579.0,478.0,26036.0,35831.0,False,False
2603,2022-11-02 09:22:59.824700,-0.003597122302158251,-0.003597122302158251,-0.5,-0.5,138.5,139.0,138.5,139.0,579.0,478.0,26036.0,35831.0,False,False
2603,2022-11-02 09:23:00.346296,-0.003597122302158251,-0.003597122302158251,-0.5,-0.5,138.5,139.0,138.5,139.0,581.0,478.0,26036.0,35831.0,False,False
2603,2022-11-02 09:23:00.575056,-0.003597122302158251,-0.003597122302158251,-0.5,-0.5,138.5,139.0,138.5,139.0,581.0,479.0,26036.0,35831.0,False,False
2603,2022-11-02 09:23:00.581538,-0.003597122302158251,-0.003597122302158251,-0.5,-0.5,138.5,139.0,138.5,139.0,581.0,484.0,26036.0,35831.0,False,False
2603,2022-11-02 09:23:01.582939,-0.003597122302158251,-0.003597122302158251,-0.5,-0.5,138.5,139.0,138.5,139.0,581.0,484.0,26036.0,35831.0,False,False
2603,2022-11-02 09:23:01.887656,-0.003597122302158251,-0.003597122302158251,-0.5,-0.5,138.5,139.0,138.5,139.0,581.0,484.0,26036.0,35831.0,False,False
2603,2022-11-02 09:23:01.917044,-0.003597122302158251,-0.003597122302158251,-0.5,-0.5,138.5,139.0,138.5,139.0,581.0,490.0,26036.0,35831.0,False,False
2603,2022-11-02 09:23:02.181952,-0.003597122302158251,-0.003597122302158251,-0.5,-0.5,138.5,139.0,138.5,139.0,581.0,480.0,26036.0,35831.0,False,False
2603,2022-11-02 09:23:02.569768,-0.003597122302158251,-0.003597122302158251,-0.5,-0.5,138.5,139.0,138.5,139.0,582.0,480.0,26036.0,35831.0,False,False
2603,2022-11-02 09:23:02.617310,-0.003597122302158251,-0.003597122302158251,-0.5,-0.5,138.5,139.0,138.5,139.0,580.0,480.0,26036.0,35831.0,False,False
2603,2022-11-02 09:23:02.745676,-0.003597122302158251,-0.003597122302158251,-0.5,-0.5,138.5,139.0,138.5,139.0,580.0,480.0,26036.0,35831.0,False,False
2603,2022-11-02 09:23:03.389655,-0.003597122302158251,-0.003597122302158251,-0.5,-0.5,138.5,139.0,138.5,139.0,579.0,480.0,26036.0,35831.0,False,False
2603,2022-11-02 09:23:03.420088,-0.003597122302158251,-0.003597122302158251,-0.5,-0.5,138.5,139.0,138.5,139.0,580.0,480.0,26036.0,35831.0,False,False
2603,2022-11-02 09:23:04.039761,-0.003597122302158251,-0.003597122302158251,-0.5,-0.5,138.5,139.0,138.5,139.0,582.0,480.0,26036.0,35831.0,False,False
2603,2022-11-02 09:23:04.295658,-0.003597122302158251,-0.003597122302158251,-0.5,-0.5,138.5,139.0,138.5,139.0,582.0,481.0,26036.0,35831.0,False,False
2603,2022-11-02 09:23:04.511932,-0.003597122302158251,-0.003597122302158251,-0.5,-0.5,138.5,139.0,138.5,139.0,582.0,485.0,26036.0,35831.0,False,False
2603,2022-11-02 09:23:04.540024,-0.003597122302158251,-0.003597122302158251,-0.5,-0.5,138.5,139.0,138.5,139.0,583.0,485.0,26036.0,35831.0,False,False
2603,2022-11-02 09:23:04.597628,-0.003597122302158251,-0.003597122302158251,-0.5,-0.5,138.5,139.0,138.5,139.0,583.0,485.0,24946.0,36451.0,True,True
2603,2022-11-02 09:23:05.094628,-0.003597122302158251,-0.003597122302158251,-0.5,-0.5,138.5,139.0,138.5,139.0,583.0,485.0,24946.0,36451.0,False,False
2603,2022-11-02 09:23:05.841987,-0.003597122302158251,-0.003597122302158251,-0.5,-0.5,138.5,139.0,138.5,139.0,583.0,485.0,24946.0,36451.0,False,False
2603,2022-11-02 09:23:07.463238,-0.003597122302158251,-0.003597122302158251,-0.5,-0.5,138.5,139.0,138.5,139.0,583.0,487.0,24946.0,36451.0,False,False
2603,2022-11-02 09:23:07.629066,-0.003597122302158251,-0.003597122302158251,-0.5,-0.5,138.5,139.0,138.5,139.0,583.0,487.0,24946.0,36451.0,False,False
2603,2022-11-02 09:23:07.879185,-0.003597122302158251,-0.003597122302158251,-0.5,-0.5,138.5,139.0,138.5,139.0,583.0,488.0,24946.0,36451.0,False,False
2603,2022-11-02 09:23:08.112389,-0.003597122302158251,-0.003597122302158251,-0.5,-0.5,138.5,139.0,138.5,139.0,584.0,488.0,24946.0,36451.0,False,False
2603,2022-11-02 09:23:08.186338,-0.003597122302158251,-0.003597122302158251,-0.5,-0.5,138.5,139.0,138.5,139.0,584.0,480.0,24946.0,36451.0,False,False
2603,2022-11-02 09:23:08.807373,-0.003597122302158251,-0.003597122302158251,-0.5,-0.5,138.5,139.0,138.5,139.0,584.0,481.0,24946.0,36451.0,False,False
