symbol,datetime,NaOb_r,NbOa_r,NaOb_s,NbOa_s,bid1,ask1,odd_bid1,odd_ask1,bidQty1,askQty1,odd_bidQty1,odd_askQty1,simulate,triggerbyOdd
2615,2022-11-02 09:19:56.729463,-0.002945508100147265,0.0,-0.20000000000000284,0.0,67.8,67.9,67.7,67.8,77.0,60.0,9990.0,325.0,True,True
2615,2022-11-02 09:19:59.447315,-0.002945508100147265,0.0,-0.20000000000000284,0.0,67.8,67.9,67.7,67.8,77.0,60.0,9990.0,325.0,False,False
2615,2022-11-02 09:19:59.479640,-0.002945508100147265,0.0,-0.20000000000000284,0.0,67.8,67.9,67.7,67.8,76.0,60.0,9990.0,325.0,False,False
2615,2022-11-02 09:20:05.244739,-0.002945508100147265,0.0,-0.20000000000000284,0.0,67.8,67.9,67.7,67.8,77.0,60.0,9990.0,325.0,False,False
2615,2022-11-02 09:20:05.599240,-0.002945508100147265,0.0,-0.20000000000000284,0.0,67.8,67.9,67.7,67.8,77.0,63.0,9990.0,325.0,False,False
2615,2022-11-02 09:20:06.797573,-0.002945508100147265,0.0,-0.20000000000000284,0.0,67.8,67.9,67.7,67.8,77.0,63.0,9990.0,325.0,True,True
2615,2022-11-02 09:20:07.127734,-0.002945508100147265,0.0,-0.20000000000000284,0.0,67.8,67.9,67.7,67.8,76.0,63.0,9990.0,325.0,False,False
2615,2022-11-02 09:20:08.201709,-0.002945508100147265,0.0,-0.20000000000000284,0.0,67.8,67.9,67.7,67.8,81.0,63.0,9990.0,325.0,False,False
2615,2022-11-02 09:20:08.701656,-0.002945508100147265,0.0,-0.20000000000000284,0.0,67.8,67.9,67.7,67.8,81.0,65.0,9990.0,325.0,False,False
2615,2022-11-02 09:20:10.143355,-0.002945508100147265,0.0,-0.20000000000000284,0.0,67.8,67.9,67.7,67.8,81.0,66.0,9990.0,325.0,False,False
2615,2022-11-02 09:20:10.358236,-0.002945508100147265,0.0,-0.20000000000000284,0.0,67.8,67.9,67.7,67.8,80.0,66.0,9990.0,325.0,False,False
2615,2022-11-02 09:20:13.786950,-0.002945508100147265,0.0,-0.20000000000000284,0.0,67.8,67.9,67.7,67.8,81.0,66.0,9990.0,325.0,False,False
2615,2022-11-02 09:20:15.533193,-0.002945508100147265,0.0,-0.20000000000000284,0.0,67.8,67.9,67.7,67.8,81.0,61.0,9990.0,325.0,False,False
2615,2022-11-02 09:20:16.413546,-0.002945508100147265,0.0,-0.20000000000000284,0.0,67.8,67.9,67.7,67.8,81.0,61.0,9990.0,325.0,False,False
2615,2022-11-02 09:20:16.449287,-0.002945508100147265,0.0,-0.20000000000000284,0.0,67.8,67.9,67.7,67.8,81.0,61.0,9990.0,325.0,False,False
2615,2022-11-02 09:20:16.630817,-0.002945508100147265,0.0,-0.20000000000000284,0.0,67.8,67.9,67.7,67.8,81.0,61.0,9990.0,325.0,False,False
2615,2022-11-02 09:20:16.908155,-0.002945508100147265,0.0,-0.20000000000000284,0.0,67.8,67.9,67.7,67.8,81.0,61.0,9990.0,325.0,True,True
2615,2022-11-02 09:20:18.213636,-0.002945508100147265,0.0,-0.20000000000000284,0.0,67.8,67.9,67.7,67.8,81.0,62.0,9990.0,325.0,False,False
2615,2022-11-02 09:20:18.374496,-0.002945508100147265,0.0,-0.20000000000000284,0.0,67.8,67.9,67.7,67.8,61.0,62.0,9990.0,325.0,False,False
2615,2022-11-02 09:20:22.794135,-0.002945508100147265,0.0,-0.20000000000000284,0.0,67.8,67.9,67.7,67.8,61.0,66.0,9990.0,325.0,False,False
2615,2022-11-02 09:20:23.667842,-0.002945508100147265,0.0,-0.20000000000000284,0.0,67.8,67.9,67.7,67.8,62.0,66.0,9990.0,325.0,False,False
2615,2022-11-02 09:20:24.244041,-0.002945508100147265,0.0,-0.20000000000000284,0.0,67.8,67.9,67.7,67.8,61.0,66.0,9990.0,325.0,False,False
2615,2022-11-02 09:20:24.299967,-0.002945508100147265,0.0,-0.20000000000000284,0.0,67.8,67.9,67.7,67.8,60.0,66.0,9990.0,325.0,False,False
2615,2022-11-02 09:20:24.433222,-0.002945508100147265,0.0,-0.20000000000000284,0.0,67.8,67.9,67.7,67.8,60.0,66.0,9990.0,325.0,False,False
2615,2022-11-02 09:20:25.140198,-0.002945508100147265,0.0,-0.20000000000000284,0.0,67.8,67.9,67.7,67.8,60.0,66.0,9990.0,325.0,False,False
2615,2022-11-02 09:20:25.172465,-0.002945508100147265,0.0,-0.20000000000000284,0.0,67.8,67.9,67.7,67.8,61.0,66.0,9990.0,325.0,False,False
2615,2022-11-02 09:20:25.192323,-0.002945508100147265,0.0,-0.20000000000000284,0.0,67.8,67.9,67.7,67.8,60.0,66.0,9990.0,325.0,False,False
2615,2022-11-02 09:20:25.413710,-0.002945508100147265,0.0,-0.20000000000000284,0.0,67.8,67.9,67.7,67.8,60.0,66.0,9990.0,325.0,False,False
2615,2022-11-02 09:20:26.128744,-0.002945508100147265,0.0,-0.20000000000000284,0.0,67.8,67.9,67.7,67.8,60.0,66.0,9990.0,325.0,False,False
2615,2022-11-02 09:20:26.225753,-0.002945508100147265,0.0,-0.20000000000000284,0.0,67.8,67.9,67.7,67.8,61.0,66.0,9990.0,325.0,False,False
2615,2022-11-02 09:20:26.280009,-0.002945508100147265,0.0,-0.20000000000000284,0.0,67.8,67.9,67.7,67.8,61.0,66.0,9990.0,325.0,False,False
2615,2022-11-02 09:20:26.987403,-0.002945508100147265,0.0,-0.20000000000000284,0.0,67.8,67.9,67.7,67.8,61.0,66.0,9990.0,325.0,True,True
2615,2022-11-02 09:20:27.042382,-0.002945508100147265,0.0,-0.20000000000000284,0.0,67.8,67.9,67.7,67.8,61.0,67.0,9990.0,325.0,False,False
2615,2022-11-02 09:20:27.573133,-0.002945508100147265,0.0,-0.20000000000000284,0.0,67.8,67.9,67.7,67.8,62.0,67.0,9990.0,325.0,False,False
2615,2022-11-02 09:20:27.642079,-0.002945508100147265,0.0,-0.20000000000000284,0.0,67.8,67.9,67.7,67.8,62.0,67.0,9990.0,325.0,False,False
2615,2022-11-02 09:20:28.938175,-0.002945508100147265,0.0,-0.20000000000000284,0.0,67.8,67.9,67.7,67.8,62.0,67.0,9990.0,325.0,False,False
2615,2022-11-02 09:20:28.961686,-0.002945508100147265,0.0,-0.20000000000000284,0.0,67.8,67.9,67.7,67.8,63.0,67.0,9990.0,325.0,False,False
2615,2022-11-02 09:20:28.991863,-0.002945508100147265,0.0,-0.20000000000000284,0.0,67.8,67.9,67.7,67.8,62.0,67.0,9990.0,325.0,False,False
2615,2022-11-02 09:20:29.654932,-0.002945508100147265,0.0,-0.20000000000000284,0.0,67.8,67.9,67.7,67.8,62.0,67.0,9990.0,325.0,False,False
2615,2022-11-02 09:20:29.691258,-0.002945508100147265,0.0,-0.20000000000000284,0.0,67.8,67.9,67.7,67.8,63.0,67.0,9990.0,325.0,False,False
2615,2022-11-02 09:20:29.719476,-0.002945508100147265,0.0,-0.20000000000000284,0.0,67.8,67.9,67.7,67.8,62.0,67.0,9990.0,325.0,False,False
2615,2022-11-02 09:20:30.432072,-0.002945508100147265,0.0,-0.20000000000000284,0.0,67.8,67.9,67.7,67.8,62.0,66.0,9990.0,325.0,False,False
2615,2022-11-02 09:20:30.470780,-0.002945508100147265,0.0,-0.20000000000000284,0.0,67.8,67.9,67.7,67.8,63.0,66.0,9990.0,325.0,False,False
2615,2022-11-02 09:20:30.510841,-0.002945508100147265,0.0,-0.20000000000000284,0.0,67.8,67.9,67.7,67.8,64.0,66.0,9990.0,325.0,False,False
2615,2022-11-02 09:20:31.127370,-0.002945508100147265,0.0,-0.20000000000000284,0.0,67.8,67.9,67.7,67.8,64.0,66.0,9990.0,325.0,False,False
2615,2022-11-02 09:20:32.184476,-0.002945508100147265,0.0,-0.20000000000000284,0.0,67.8,67.9,67.7,67.8,63.0,66.0,9990.0,325.0,False,False
2615,2022-11-02 09:20:34.350089,-0.002945508100147265,0.0,-0.20000000000000284,0.0,67.8,67.9,67.7,67.8,63.0,66.0,9990.0,325.0,False,False
2615,2022-11-02 09:20:34.361357,-0.002945508100147265,0.0,-0.20000000000000284,0.0,67.8,67.9,67.7,67.8,63.0,66.0,9990.0,325.0,False,False
2615,2022-11-02 09:20:34.470956,-0.002945508100147265,0.0,-0.20000000000000284,0.0,67.8,67.9,67.7,67.8,63.0,66.0,9990.0,325.0,False,False
2615,2022-11-02 09:20:34.611682,-0.002945508100147265,0.0,-0.20000000000000284,0.0,67.8,67.9,67.7,67.8,63.0,66.0,9990.0,325.0,False,False
2615,2022-11-02 09:20:34.794759,-0.002945508100147265,0.0,-0.20000000000000284,0.0,67.8,67.9,67.7,67.8,63.0,67.0,9990.0,325.0,False,False
2615,2022-11-02 09:20:35.828651,-0.002945508100147265,0.0,-0.20000000000000284,0.0,67.8,67.9,67.7,67.8,63.0,67.0,9990.0,325.0,False,False
2615,2022-11-02 09:20:35.850912,-0.002945508100147265,0.0,-0.20000000000000284,0.0,67.8,67.9,67.7,67.8,63.0,69.0,9990.0,325.0,False,False
2615,2022-11-02 09:20:36.672429,-0.002945508100147265,0.0,-0.20000000000000284,0.0,67.8,67.9,67.7,67.8,63.0,68.0,9990.0,325.0,False,False
2615,2022-11-02 09:20:37.044411,-0.002945508100147265,0.0,-0.20000000000000284,0.0,67.8,67.9,67.7,67.8,63.0,68.0,9990.0,325.0,True,True
2615,2022-11-02 09:20:37.135681,-0.002945508100147265,0.0,-0.20000000000000284,0.0,67.8,67.9,67.7,67.8,63.0,69.0,9990.0,325.0,False,False
2615,2022-11-02 09:20:37.753907,-0.002945508100147265,0.0,-0.20000000000000284,0.0,67.8,67.9,67.7,67.8,63.0,68.0,9990.0,325.0,False,False
2615,2022-11-02 09:20:38.817417,-0.002945508100147265,0.0,-0.20000000000000284,0.0,67.8,67.9,67.7,67.8,63.0,68.0,9990.0,325.0,False,False
2615,2022-11-02 09:20:39.874325,-0.002945508100147265,0.0,-0.20000000000000284,0.0,67.8,67.9,67.7,67.8,63.0,68.0,9990.0,325.0,False,False
2615,2022-11-02 09:20:41.132181,-0.002945508100147265,0.0,-0.20000000000000284,0.0,67.8,67.9,67.7,67.8,68.0,68.0,9990.0,325.0,False,False
2615,2022-11-02 09:20:41.450480,-0.002945508100147265,0.0,-0.20000000000000284,0.0,67.8,67.9,67.7,67.8,67.0,68.0,9990.0,325.0,False,False
2615,2022-11-02 09:20:41.452860,-0.002945508100147265,0.0,-0.20000000000000284,0.0,67.8,67.9,67.7,67.8,67.0,68.0,9990.0,325.0,False,False
2615,2022-11-02 09:20:41.545411,-0.002945508100147265,0.0,-0.20000000000000284,0.0,67.8,67.9,67.7,67.8,67.0,68.0,9990.0,325.0,False,False
2615,2022-11-02 09:20:41.611047,-0.002945508100147265,0.0,-0.20000000000000284,0.0,67.8,67.9,67.7,67.8,67.0,68.0,9990.0,325.0,False,False
2615,2022-11-02 09:20:41.767636,-0.002945508100147265,0.0,-0.20000000000000284,0.0,67.8,67.9,67.7,67.8,67.0,68.0,9990.0,325.0,False,False
2615,2022-11-02 09:20:42.352627,-0.002945508100147265,0.0,-0.20000000000000284,0.0,67.8,67.9,67.7,67.8,67.0,68.0,9990.0,325.0,False,False
2615,2022-11-02 09:20:45.530077,-0.002945508100147265,0.0,-0.20000000000000284,0.0,67.8,67.9,67.7,67.8,68.0,68.0,9990.0,325.0,False,False
2615,2022-11-02 09:20:45.889927,-0.002945508100147265,0.0,-0.20000000000000284,0.0,67.8,67.9,67.7,67.8,68.0,67.0,9990.0,325.0,False,False
2615,2022-11-02 09:20:45.911517,-0.002945508100147265,0.0,-0.20000000000000284,0.0,67.8,67.9,67.7,67.8,68.0,67.0,9990.0,325.0,False,False
2615,2022-11-02 09:20:47.091717,-0.002945508100147265,0.0,-0.20000000000000284,0.0,67.8,67.9,67.7,67.8,68.0,67.0,10190.0,325.0,True,True
2615,2022-11-02 09:20:47.334903,-0.002945508100147265,0.0,-0.20000000000000284,0.0,67.8,67.9,67.7,67.8,68.0,69.0,10190.0,325.0,False,False
2615,2022-11-02 09:20:48.839163,-0.002945508100147265,0.0,-0.20000000000000284,0.0,67.8,67.9,67.7,67.8,68.0,67.0,10190.0,325.0,False,False
2615,2022-11-02 09:20:51.211110,-0.002945508100147265,0.0,-0.20000000000000284,0.0,67.8,67.9,67.7,67.8,69.0,67.0,10190.0,325.0,False,False
2615,2022-11-02 09:20:52.334342,-0.002945508100147265,0.0,-0.20000000000000284,0.0,67.8,67.9,67.7,67.8,49.0,67.0,10190.0,325.0,False,False
2615,2022-11-02 09:20:52.364236,-0.002945508100147265,0.0,-0.20000000000000284,0.0,67.8,67.9,67.7,67.8,49.0,68.0,10190.0,325.0,False,False
2615,2022-11-02 09:20:52.394420,-0.002945508100147265,0.0,-0.20000000000000284,0.0,67.8,67.9,67.7,67.8,49.0,67.0,10190.0,325.0,False,False
2615,2022-11-02 09:20:55.110648,-0.002945508100147265,0.0,-0.20000000000000284,0.0,67.8,67.9,67.7,67.8,49.0,67.0,10190.0,325.0,False,False
2615,2022-11-02 09:20:55.185742,-0.002945508100147265,0.0,-0.20000000000000284,0.0,67.8,67.9,67.7,67.8,48.0,68.0,10190.0,325.0,False,False
2615,2022-11-02 09:20:55.152581,-0.002945508100147265,0.0,-0.20000000000000284,0.0,67.8,67.9,67.7,67.8,49.0,68.0,10190.0,325.0,False,False
2615,2022-11-02 09:20:55.366086,-0.002945508100147265,0.0,-0.20000000000000284,0.0,67.8,67.9,67.7,67.8,48.0,67.0,10190.0,325.0,False,False
2615,2022-11-02 09:20:57.135291,-0.002945508100147265,0.0,-0.20000000000000284,0.0,67.8,67.9,67.7,67.8,48.0,67.0,10190.0,325.0,True,True
2615,2022-11-02 09:20:57.159426,-0.002945508100147265,0.0,-0.20000000000000284,0.0,67.8,67.9,67.7,67.8,63.0,67.0,10190.0,325.0,False,False
2615,2022-11-02 09:20:57.207357,-0.002945508100147265,0.0,-0.20000000000000284,0.0,67.8,67.9,67.7,67.8,62.0,66.0,10190.0,325.0,False,False
2615,2022-11-02 09:20:57.192885,-0.002945508100147265,0.0,-0.20000000000000284,0.0,67.8,67.9,67.7,67.8,63.0,66.0,10190.0,325.0,False,False
2615,2022-11-02 09:20:57.245564,-0.002945508100147265,0.0,-0.20000000000000284,0.0,67.8,67.9,67.7,67.8,62.0,67.0,10190.0,325.0,False,False
2615,2022-11-02 09:20:59.665723,-0.002945508100147265,0.0,-0.20000000000000284,0.0,67.8,67.9,67.7,67.8,61.0,67.0,10190.0,325.0,False,False
2615,2022-11-02 09:20:59.690303,-0.002945508100147265,0.0,-0.20000000000000284,0.0,67.8,67.9,67.7,67.8,61.0,66.0,10190.0,325.0,False,False
2615,2022-11-02 09:21:00.016515,-0.002945508100147265,0.0,-0.20000000000000284,0.0,67.8,67.9,67.7,67.8,61.0,66.0,10190.0,325.0,False,False
2615,2022-11-02 09:21:00.092999,-0.002945508100147265,0.0,-0.20000000000000284,0.0,67.8,67.9,67.7,67.8,61.0,66.0,10190.0,325.0,False,False
2615,2022-11-02 09:21:01.260492,-0.002945508100147265,0.0,-0.20000000000000284,0.0,67.8,67.9,67.7,67.8,61.0,66.0,10190.0,325.0,False,False
2615,2022-11-02 09:21:02.464693,-0.002945508100147265,0.0,-0.20000000000000284,0.0,67.8,67.9,67.7,67.8,61.0,66.0,10190.0,325.0,False,False
2615,2022-11-02 09:21:02.495289,-0.002945508100147265,0.0,-0.20000000000000284,0.0,67.8,67.9,67.7,67.8,61.0,67.0,10190.0,325.0,False,False
2615,2022-11-02 09:21:02.529980,-0.002945508100147265,0.0,-0.20000000000000284,0.0,67.8,67.9,67.7,67.8,61.0,66.0,10190.0,325.0,False,False
2615,2022-11-02 09:21:03.627520,-0.002945508100147265,0.0,-0.20000000000000284,0.0,67.8,67.9,67.7,67.8,61.0,66.0,10190.0,325.0,False,False
2615,2022-11-02 09:21:05.018613,-0.002945508100147265,0.0,-0.20000000000000284,0.0,67.8,67.9,67.7,67.8,61.0,66.0,10190.0,325.0,False,False
2615,2022-11-02 09:21:05.274537,-0.002945508100147265,0.0,-0.20000000000000284,0.0,67.8,67.9,67.7,67.8,61.0,66.0,10190.0,325.0,False,False
2615,2022-11-02 09:21:05.373703,-0.002945508100147265,0.0,-0.20000000000000284,0.0,67.8,67.9,67.7,67.8,61.0,67.0,10190.0,325.0,False,False
2615,2022-11-02 09:21:05.651916,-0.002945508100147265,0.0,-0.20000000000000284,0.0,67.8,67.9,67.7,67.8,61.0,67.0,10190.0,325.0,False,False
2615,2022-11-02 09:21:06.560868,-0.002945508100147265,0.0,-0.20000000000000284,0.0,67.8,67.9,67.7,67.8,60.0,67.0,10190.0,325.0,False,False
2615,2022-11-02 09:21:07.194970,-0.002945508100147265,0.0,-0.20000000000000284,0.0,67.8,67.9,67.7,67.8,60.0,67.0,9990.0,361.0,True,True
2615,2022-11-02 09:21:07.922845,-0.002945508100147265,0.0,-0.20000000000000284,0.0,67.8,67.9,67.7,67.8,60.0,70.0,9990.0,361.0,False,False
2615,2022-11-02 09:21:07.994119,-0.002945508100147265,0.0,-0.20000000000000284,0.0,67.8,67.9,67.7,67.8,60.0,71.0,9990.0,361.0,False,False
2615,2022-11-02 09:21:10.603392,-0.002945508100147265,0.0,-0.20000000000000284,0.0,67.8,67.9,67.7,67.8,60.0,70.0,9990.0,361.0,False,False
2615,2022-11-02 09:21:10.878712,-0.002945508100147265,0.0,-0.20000000000000284,0.0,67.8,67.9,67.7,67.8,60.0,70.0,9990.0,361.0,False,False
2615,2022-11-02 09:21:11.468059,-0.002945508100147265,0.0,-0.20000000000000284,0.0,67.8,67.9,67.7,67.8,60.0,70.0,9990.0,361.0,False,False
2615,2022-11-02 09:21:12.730982,-0.002945508100147265,0.0,-0.20000000000000284,0.0,67.8,67.9,67.7,67.8,14.0,70.0,9990.0,361.0,False,False
2615,2022-11-02 09:21:12.761443,-0.002945508100147265,0.0,-0.20000000000000284,0.0,67.8,67.9,67.7,67.8,14.0,71.0,9990.0,361.0,False,False
2615,2022-11-02 09:21:12.761463,-0.002945508100147265,0.0,-0.20000000000000284,0.0,67.8,67.9,67.7,67.8,10.0,71.0,9990.0,361.0,False,False
2615,2022-11-02 09:21:12.762104,-0.002945508100147265,0.0,-0.20000000000000284,0.0,67.8,67.9,67.7,67.8,8.0,85.0,9990.0,361.0,False,False
2615,2022-11-02 09:21:12.762175,-0.002945508100147265,0.0,-0.20000000000000284,0.0,67.8,67.9,67.7,67.8,5.0,85.0,9990.0,361.0,False,False
2615,2022-11-02 09:21:12.794591,-0.002945508100147265,-0.001474926253687281,-0.20000000000000284,-0.09999999999999432,67.7,67.9,67.7,67.8,33.0,85.0,9990.0,361.0,False,False
2615,2022-11-02 09:21:12.852932,-0.001474926253687281,-0.001474926253687281,-0.09999999999999432,-0.09999999999999432,67.7,67.8,67.7,67.8,33.0,12.0,9990.0,361.0,False,False
2615,2022-11-02 09:21:12.948546,-0.001474926253687281,-0.001474926253687281,-0.09999999999999432,-0.09999999999999432,67.7,67.8,67.7,67.8,33.0,27.0,9990.0,361.0,False,False
2615,2022-11-02 09:21:13.042249,-0.001474926253687281,-0.001474926253687281,-0.09999999999999432,-0.09999999999999432,67.7,67.8,67.7,67.8,33.0,27.0,9990.0,361.0,False,False
2615,2022-11-02 09:21:13.210392,-0.001474926253687281,-0.001474926253687281,-0.09999999999999432,-0.09999999999999432,67.7,67.8,67.7,67.8,33.0,27.0,9990.0,361.0,False,False
2615,2022-11-02 09:21:13.391144,-0.001474926253687281,-0.001474926253687281,-0.09999999999999432,-0.09999999999999432,67.7,67.8,67.7,67.8,35.0,27.0,9990.0,361.0,False,False
2615,2022-11-02 09:21:13.893248,-0.001474926253687281,-0.001474926253687281,-0.09999999999999432,-0.09999999999999432,67.7,67.8,67.7,67.8,35.0,22.0,9990.0,361.0,False,False
2615,2022-11-02 09:21:14.855851,-0.001474926253687281,-0.001474926253687281,-0.09999999999999432,-0.09999999999999432,67.7,67.8,67.7,67.8,35.0,23.0,9990.0,361.0,False,False
2615,2022-11-02 09:21:14.857912,-0.001474926253687281,-0.001474926253687281,-0.09999999999999432,-0.09999999999999432,67.7,67.8,67.7,67.8,35.0,22.0,9990.0,361.0,False,False
2615,2022-11-02 09:21:16.931989,-0.001474926253687281,-0.001474926253687281,-0.09999999999999432,-0.09999999999999432,67.7,67.8,67.7,67.8,35.0,23.0,9990.0,361.0,False,False
2615,2022-11-02 09:21:16.945525,-0.001474926253687281,-0.001474926253687281,-0.09999999999999432,-0.09999999999999432,67.7,67.8,67.7,67.8,35.0,23.0,9990.0,361.0,False,False
2615,2022-11-02 09:21:17.240401,-0.001474926253687281,-0.001474926253687281,-0.09999999999999432,-0.09999999999999432,67.7,67.8,67.7,67.8,35.0,23.0,9990.0,361.0,True,True
2615,2022-11-02 09:21:17.452521,-0.001474926253687281,-0.001474926253687281,-0.09999999999999432,-0.09999999999999432,67.7,67.8,67.7,67.8,35.0,23.0,9990.0,361.0,False,False
2615,2022-11-02 09:21:18.461789,-0.001474926253687281,-0.001474926253687281,-0.09999999999999432,-0.09999999999999432,67.7,67.8,67.7,67.8,35.0,21.0,9990.0,361.0,False,False
2615,2022-11-02 09:21:18.487707,-0.001474926253687281,-0.001474926253687281,-0.09999999999999432,-0.09999999999999432,67.7,67.8,67.7,67.8,35.0,28.0,9990.0,361.0,False,False
2615,2022-11-02 09:21:18.751379,-0.001474926253687281,-0.001474926253687281,-0.09999999999999432,-0.09999999999999432,67.7,67.8,67.7,67.8,35.0,27.0,9990.0,361.0,False,False
2615,2022-11-02 09:21:18.762936,-0.001474926253687281,-0.001474926253687281,-0.09999999999999432,-0.09999999999999432,67.7,67.8,67.7,67.8,35.0,20.0,9990.0,361.0,False,False
2615,2022-11-02 09:21:19.795403,-0.001474926253687281,-0.001474926253687281,-0.09999999999999432,-0.09999999999999432,67.7,67.8,67.7,67.8,35.0,21.0,9990.0,361.0,False,False
2615,2022-11-02 09:21:20.981216,-0.001474926253687281,-0.001474926253687281,-0.09999999999999432,-0.09999999999999432,67.7,67.8,67.7,67.8,35.0,17.0,9990.0,361.0,False,False
2615,2022-11-02 09:21:21.148309,-0.001474926253687281,-0.001474926253687281,-0.09999999999999432,-0.09999999999999432,67.7,67.8,67.7,67.8,33.0,17.0,9990.0,361.0,False,False
2615,2022-11-02 09:21:21.189122,-0.001474926253687281,-0.001474926253687281,-0.09999999999999432,-0.09999999999999432,67.7,67.8,67.7,67.8,31.0,17.0,9990.0,361.0,False,False
2615,2022-11-02 09:21:21.208734,-0.001474926253687281,-0.001474926253687281,-0.09999999999999432,-0.09999999999999432,67.7,67.8,67.7,67.8,31.0,17.0,9990.0,361.0,False,False
2615,2022-11-02 09:21:21.213311,-0.001474926253687281,-0.001474926253687281,-0.09999999999999432,-0.09999999999999432,67.7,67.8,67.7,67.8,30.0,17.0,9990.0,361.0,False,False
2615,2022-11-02 09:21:21.230947,-0.001474926253687281,-0.001474926253687281,-0.09999999999999432,-0.09999999999999432,67.7,67.8,67.7,67.8,30.0,17.0,9990.0,361.0,False,False
2615,2022-11-02 09:21:21.354933,-0.001474926253687281,-0.001474926253687281,-0.09999999999999432,-0.09999999999999432,67.7,67.8,67.7,67.8,30.0,17.0,9990.0,361.0,False,False
2615,2022-11-02 09:21:21.476365,-0.001474926253687281,-0.001474926253687281,-0.09999999999999432,-0.09999999999999432,67.7,67.8,67.7,67.8,30.0,30.0,9990.0,361.0,False,False
2615,2022-11-02 09:21:21.602889,-0.001474926253687281,-0.001474926253687281,-0.09999999999999432,-0.09999999999999432,67.7,67.8,67.7,67.8,30.0,30.0,9990.0,361.0,False,False
2615,2022-11-02 09:21:22.762232,-0.001474926253687281,-0.001474926253687281,-0.09999999999999432,-0.09999999999999432,67.7,67.8,67.7,67.8,31.0,30.0,9990.0,361.0,False,False
2615,2022-11-02 09:21:22.996516,-0.001474926253687281,-0.001474926253687281,-0.09999999999999432,-0.09999999999999432,67.7,67.8,67.7,67.8,32.0,30.0,9990.0,361.0,False,False
2615,2022-11-02 09:21:23.604120,-0.001474926253687281,-0.001474926253687281,-0.09999999999999432,-0.09999999999999432,67.7,67.8,67.7,67.8,32.0,30.0,9990.0,361.0,False,False
2615,2022-11-02 09:21:23.610519,-0.001474926253687281,-0.001474926253687281,-0.09999999999999432,-0.09999999999999432,67.7,67.8,67.7,67.8,32.0,20.0,9990.0,361.0,False,False
2615,2022-11-02 09:21:23.633127,-0.001474926253687281,-0.001474926253687281,-0.09999999999999432,-0.09999999999999432,67.7,67.8,67.7,67.8,32.0,20.0,9990.0,361.0,False,False
2615,2022-11-02 09:21:23.742440,-0.001474926253687281,-0.001474926253687281,-0.09999999999999432,-0.09999999999999432,67.7,67.8,67.7,67.8,32.0,20.0,9990.0,361.0,False,False
2615,2022-11-02 09:21:23.839189,-0.001474926253687281,-0.001474926253687281,-0.09999999999999432,-0.09999999999999432,67.7,67.8,67.7,67.8,33.0,22.0,9990.0,361.0,False,False
2615,2022-11-02 09:21:24.028155,-0.001474926253687281,-0.001474926253687281,-0.09999999999999432,-0.09999999999999432,67.7,67.8,67.7,67.8,33.0,24.0,9990.0,361.0,False,False
2615,2022-11-02 09:21:25.446554,-0.001474926253687281,-0.001474926253687281,-0.09999999999999432,-0.09999999999999432,67.7,67.8,67.7,67.8,33.0,24.0,9990.0,361.0,False,False
2615,2022-11-02 09:21:25.580495,-0.001474926253687281,-0.001474926253687281,-0.09999999999999432,-0.09999999999999432,67.7,67.8,67.7,67.8,33.0,24.0,9990.0,361.0,False,False
2615,2022-11-02 09:21:25.604089,-0.001474926253687281,-0.001474926253687281,-0.09999999999999432,-0.09999999999999432,67.7,67.8,67.7,67.8,34.0,24.0,9990.0,361.0,False,False
2615,2022-11-02 09:21:26.701014,-0.001474926253687281,-0.001474926253687281,-0.09999999999999432,-0.09999999999999432,67.7,67.8,67.7,67.8,33.0,24.0,9990.0,361.0,False,False
2615,2022-11-02 09:21:26.736429,-0.001474926253687281,-0.001474926253687281,-0.09999999999999432,-0.09999999999999432,67.7,67.8,67.7,67.8,32.0,24.0,9990.0,361.0,False,False
2615,2022-11-02 09:21:27.014333,-0.001474926253687281,-0.001474926253687281,-0.09999999999999432,-0.09999999999999432,67.7,67.8,67.7,67.8,22.0,24.0,9990.0,361.0,False,False
2615,2022-11-02 09:21:27.017770,-0.001474926253687281,-0.001474926253687281,-0.09999999999999432,-0.09999999999999432,67.7,67.8,67.7,67.8,22.0,24.0,9990.0,361.0,False,False
2615,2022-11-02 09:21:27.050771,-0.001474926253687281,-0.001474926253687281,-0.09999999999999432,-0.09999999999999432,67.7,67.8,67.7,67.8,22.0,24.0,9990.0,361.0,False,False
2615,2022-11-02 09:21:27.138081,-0.001474926253687281,-0.001474926253687281,-0.09999999999999432,-0.09999999999999432,67.7,67.8,67.7,67.8,22.0,24.0,9990.0,361.0,False,False
2615,2022-11-02 09:21:27.285279,-0.001474926253687281,-0.001474926253687281,-0.09999999999999432,-0.09999999999999432,67.7,67.8,67.7,67.8,22.0,24.0,9990.0,341.0,True,True
2615,2022-11-02 09:21:27.943750,-0.001474926253687281,-0.001474926253687281,-0.09999999999999432,-0.09999999999999432,67.7,67.8,67.7,67.8,22.0,25.0,9990.0,341.0,False,False
2615,2022-11-02 09:21:28.202413,-0.001474926253687281,-0.001474926253687281,-0.09999999999999432,-0.09999999999999432,67.7,67.8,67.7,67.8,21.0,25.0,9990.0,341.0,False,False
2615,2022-11-02 09:21:29.260607,-0.001474926253687281,-0.001474926253687281,-0.09999999999999432,-0.09999999999999432,67.7,67.8,67.7,67.8,19.0,25.0,9990.0,341.0,False,False
2615,2022-11-02 09:21:29.301864,-0.001474926253687281,-0.001474926253687281,-0.09999999999999432,-0.09999999999999432,67.7,67.8,67.7,67.8,19.0,26.0,9990.0,341.0,False,False
2615,2022-11-02 09:21:29.392698,-0.001474926253687281,-0.001474926253687281,-0.09999999999999432,-0.09999999999999432,67.7,67.8,67.7,67.8,20.0,26.0,9990.0,341.0,False,False
2615,2022-11-02 09:21:29.418784,-0.001474926253687281,-0.001474926253687281,-0.09999999999999432,-0.09999999999999432,67.7,67.8,67.7,67.8,18.0,26.0,9990.0,341.0,False,False
2615,2022-11-02 09:21:29.472491,-0.001474926253687281,-0.001474926253687281,-0.09999999999999432,-0.09999999999999432,67.7,67.8,67.7,67.8,18.0,26.0,9990.0,341.0,False,False
2615,2022-11-02 09:21:29.510672,-0.001474926253687281,-0.001474926253687281,-0.09999999999999432,-0.09999999999999432,67.7,67.8,67.7,67.8,18.0,26.0,9990.0,341.0,False,False
2615,2022-11-02 09:21:29.740765,-0.001474926253687281,-0.001474926253687281,-0.09999999999999432,-0.09999999999999432,67.7,67.8,67.7,67.8,18.0,26.0,9990.0,341.0,False,False
2615,2022-11-02 09:21:29.854398,-0.001474926253687281,-0.001474926253687281,-0.09999999999999432,-0.09999999999999432,67.7,67.8,67.7,67.8,19.0,26.0,9990.0,341.0,False,False
2615,2022-11-02 09:21:29.911670,-0.001474926253687281,-0.001474926253687281,-0.09999999999999432,-0.09999999999999432,67.7,67.8,67.7,67.8,19.0,26.0,9990.0,341.0,False,False
2615,2022-11-02 09:21:30.137118,-0.001474926253687281,-0.001474926253687281,-0.09999999999999432,-0.09999999999999432,67.7,67.8,67.7,67.8,21.0,26.0,9990.0,341.0,False,False
2615,2022-11-02 09:21:30.162334,-0.001474926253687281,-0.001474926253687281,-0.09999999999999432,-0.09999999999999432,67.7,67.8,67.7,67.8,21.0,26.0,9990.0,341.0,False,False
2615,2022-11-02 09:21:30.903487,-0.001474926253687281,-0.001474926253687281,-0.09999999999999432,-0.09999999999999432,67.7,67.8,67.7,67.8,21.0,26.0,9990.0,341.0,False,False
2615,2022-11-02 09:21:31.613558,-0.001474926253687281,-0.001474926253687281,-0.09999999999999432,-0.09999999999999432,67.7,67.8,67.7,67.8,21.0,27.0,9990.0,341.0,False,False
2615,2022-11-02 09:21:32.571138,-0.001474926253687281,-0.001474926253687281,-0.09999999999999432,-0.09999999999999432,67.7,67.8,67.7,67.8,19.0,27.0,9990.0,341.0,False,False
2615,2022-11-02 09:21:33.214635,-0.001474926253687281,-0.001474926253687281,-0.09999999999999432,-0.09999999999999432,67.7,67.8,67.7,67.8,9.0,27.0,9990.0,341.0,False,False
2615,2022-11-02 09:21:33.496358,-0.001474926253687281,-0.001474926253687281,-0.09999999999999432,-0.09999999999999432,67.7,67.8,67.7,67.8,10.0,27.0,9990.0,341.0,False,False
2615,2022-11-02 09:21:33.790527,-0.001474926253687281,-0.001474926253687281,-0.09999999999999432,-0.09999999999999432,67.7,67.8,67.7,67.8,10.0,27.0,9990.0,341.0,False,False
2615,2022-11-02 09:21:33.948060,-0.001474926253687281,-0.001474926253687281,-0.09999999999999432,-0.09999999999999432,67.7,67.8,67.7,67.8,10.0,27.0,9990.0,341.0,False,False
2615,2022-11-02 09:21:34.064167,-0.001474926253687281,-0.001474926253687281,-0.09999999999999432,-0.09999999999999432,67.7,67.8,67.7,67.8,10.0,27.0,9990.0,341.0,False,False
2615,2022-11-02 09:21:34.376383,-0.001474926253687281,-0.001474926253687281,-0.09999999999999432,-0.09999999999999432,67.7,67.8,67.7,67.8,10.0,27.0,9990.0,341.0,False,False
2615,2022-11-02 09:21:35.187142,-0.001474926253687281,-0.001474926253687281,-0.09999999999999432,-0.09999999999999432,67.7,67.8,67.7,67.8,10.0,27.0,9990.0,341.0,False,False
2615,2022-11-02 09:21:35.991922,-0.001474926253687281,-0.001474926253687281,-0.09999999999999432,-0.09999999999999432,67.7,67.8,67.7,67.8,10.0,27.0,9990.0,341.0,False,False
2615,2022-11-02 09:21:36.281987,-0.001474926253687281,-0.001474926253687281,-0.09999999999999432,-0.09999999999999432,67.7,67.8,67.7,67.8,10.0,16.0,9990.0,341.0,False,False
2615,2022-11-02 09:21:36.315290,-0.001474926253687281,-0.001474926253687281,-0.09999999999999432,-0.09999999999999432,67.7,67.8,67.7,67.8,10.0,16.0,9990.0,341.0,False,False
2615,2022-11-02 09:21:36.349615,-0.001474926253687281,-0.001474926253687281,-0.09999999999999432,-0.09999999999999432,67.7,67.8,67.7,67.8,11.0,16.0,9990.0,341.0,False,False
2615,2022-11-02 09:21:36.428108,-0.001474926253687281,-0.001474926253687281,-0.09999999999999432,-0.09999999999999432,67.7,67.8,67.7,67.8,12.0,16.0,9990.0,341.0,False,False
2615,2022-11-02 09:21:37.064091,-0.001474926253687281,-0.001474926253687281,-0.09999999999999432,-0.09999999999999432,67.7,67.8,67.7,67.8,12.0,18.0,9990.0,341.0,False,False
2615,2022-11-02 09:21:37.331928,-0.001474926253687281,-0.001474926253687281,-0.09999999999999432,-0.09999999999999432,67.7,67.8,67.7,67.8,12.0,18.0,9990.0,356.0,True,True
2615,2022-11-02 09:21:37.323692,-0.001474926253687281,-0.001474926253687281,-0.09999999999999432,-0.09999999999999432,67.7,67.8,67.7,67.8,6.0,18.0,9990.0,356.0,False,False
2615,2022-11-02 09:21:37.364239,-0.001474926253687281,-0.001474926253687281,-0.09999999999999432,-0.09999999999999432,67.7,67.8,67.7,67.8,5.0,18.0,9990.0,356.0,False,False
2615,2022-11-02 09:21:37.365402,-0.001474926253687281,-0.001474926253687281,-0.09999999999999432,-0.09999999999999432,67.7,67.8,67.7,67.8,5.0,18.0,9990.0,356.0,False,False
2615,2022-11-02 09:21:37.418089,-0.001474926253687281,-0.001474926253687281,-0.09999999999999432,-0.09999999999999432,67.7,67.8,67.7,67.8,5.0,18.0,9990.0,356.0,False,False
2615,2022-11-02 09:21:37.602886,-0.001474926253687281,-0.001474926253687281,-0.09999999999999432,-0.09999999999999432,67.7,67.8,67.7,67.8,5.0,20.0,9990.0,356.0,False,False
2615,2022-11-02 09:21:37.609810,-0.001474926253687281,-0.001474926253687281,-0.09999999999999432,-0.09999999999999432,67.7,67.8,67.7,67.8,4.0,20.0,9990.0,356.0,False,False
2615,2022-11-02 09:21:37.951531,-0.001474926253687281,-0.001474926253687281,-0.09999999999999432,-0.09999999999999432,67.7,67.8,67.7,67.8,4.0,25.0,9990.0,356.0,False,False
2615,2022-11-02 09:21:38.629559,-0.001474926253687281,-0.001474926253687281,-0.09999999999999432,-0.09999999999999432,67.7,67.8,67.7,67.8,4.0,25.0,9990.0,356.0,False,False
2615,2022-11-02 09:21:39.327994,-0.001474926253687281,-0.001474926253687281,-0.09999999999999432,-0.09999999999999432,67.7,67.8,67.7,67.8,3.0,25.0,9990.0,356.0,False,False
2615,2022-11-02 09:21:39.362797,-0.001474926253687281,-0.001474926253687281,-0.09999999999999432,-0.09999999999999432,67.7,67.8,67.7,67.8,3.0,25.0,9990.0,356.0,False,False
2615,2022-11-02 09:21:39.384802,-0.001474926253687281,-0.001474926253687281,-0.09999999999999432,-0.09999999999999432,67.7,67.8,67.7,67.8,3.0,25.0,9990.0,356.0,False,False
2615,2022-11-02 09:21:39.457519,-0.001474926253687281,-0.001474926253687281,-0.09999999999999432,-0.09999999999999432,67.7,67.8,67.7,67.8,3.0,25.0,9990.0,356.0,False,False
2615,2022-11-02 09:21:39.610632,-0.001474926253687281,-0.001474926253687281,-0.09999999999999432,-0.09999999999999432,67.7,67.8,67.7,67.8,3.0,25.0,9990.0,356.0,False,False
2615,2022-11-02 09:21:39.722630,-0.001474926253687281,-0.001474926253687281,-0.09999999999999432,-0.09999999999999432,67.7,67.8,67.7,67.8,3.0,25.0,9990.0,356.0,False,False
2615,2022-11-02 09:21:39.818079,-0.001474926253687281,-0.001474926253687281,-0.09999999999999432,-0.09999999999999432,67.7,67.8,67.7,67.8,3.0,27.0,9990.0,356.0,False,False
2615,2022-11-02 09:21:40.378019,-0.001474926253687281,-0.001474926253687281,-0.09999999999999432,-0.09999999999999432,67.7,67.8,67.7,67.8,4.0,27.0,9990.0,356.0,False,False
2615,2022-11-02 09:21:40.583054,-0.001474926253687281,-0.001474926253687281,-0.09999999999999432,-0.09999999999999432,67.7,67.8,67.7,67.8,6.0,27.0,9990.0,356.0,False,False
2615,2022-11-02 09:21:40.752210,-0.001474926253687281,-0.001474926253687281,-0.09999999999999432,-0.09999999999999432,67.7,67.8,67.7,67.8,6.0,27.0,9990.0,356.0,False,False
2615,2022-11-02 09:21:40.949432,-0.001474926253687281,-0.001474926253687281,-0.09999999999999432,-0.09999999999999432,67.7,67.8,67.7,67.8,6.0,28.0,9990.0,356.0,False,False
2615,2022-11-02 09:21:42.900049,-0.001474926253687281,-0.001474926253687281,-0.09999999999999432,-0.09999999999999432,67.7,67.8,67.7,67.8,9.0,28.0,9990.0,356.0,False,False
2615,2022-11-02 09:21:42.982073,-0.001474926253687281,-0.001474926253687281,-0.09999999999999432,-0.09999999999999432,67.7,67.8,67.7,67.8,9.0,32.0,9990.0,356.0,False,False
2615,2022-11-02 09:21:42.936577,-0.001474926253687281,-0.001474926253687281,-0.09999999999999432,-0.09999999999999432,67.7,67.8,67.7,67.8,9.0,33.0,9990.0,356.0,False,False
2615,2022-11-02 09:21:43.287282,-0.001474926253687281,-0.001474926253687281,-0.09999999999999432,-0.09999999999999432,67.7,67.8,67.7,67.8,9.0,32.0,9990.0,356.0,False,False
2615,2022-11-02 09:21:43.332992,-0.001474926253687281,-0.001474926253687281,-0.09999999999999432,-0.09999999999999432,67.7,67.8,67.7,67.8,11.0,32.0,9990.0,356.0,False,False
2615,2022-11-02 09:21:43.719492,0.0,-1.0,0.0,-67.8,0.0,0.0,67.7,67.8,0.0,0.0,9990.0,356.0,False,False
2615,2022-11-02 09:21:43.719492,-0.001474926253687281,-0.002949852507374673,-0.09999999999999432,-0.20000000000000284,67.6,67.8,67.7,67.8,32.0,32.0,9990.0,356.0,False,False
2615,2022-11-02 09:21:43.756705,-0.001474926253687281,-0.002949852507374673,-0.09999999999999432,-0.20000000000000284,67.6,67.8,67.7,67.8,32.0,34.0,9990.0,356.0,False,False
2615,2022-11-02 09:21:43.757539,-0.001474926253687281,-0.002949852507374673,-0.09999999999999432,-0.20000000000000284,67.6,67.8,67.7,67.8,32.0,41.0,9990.0,356.0,False,False
2615,2022-11-02 09:21:43.855127,-0.001474926253687281,-0.002949852507374673,-0.09999999999999432,-0.20000000000000284,67.6,67.8,67.7,67.8,32.0,41.0,9990.0,356.0,False,False
2615,2022-11-02 09:21:43.969119,-0.001474926253687281,-0.002949852507374673,-0.09999999999999432,-0.20000000000000284,67.6,67.8,67.7,67.8,32.0,41.0,9990.0,356.0,False,False
2615,2022-11-02 09:21:44.085581,-0.001474926253687281,-0.002949852507374673,-0.09999999999999432,-0.20000000000000284,67.6,67.8,67.7,67.8,32.0,41.0,9990.0,356.0,False,False
2615,2022-11-02 09:21:44.210021,-0.001474926253687281,-0.001474926253687281,-0.09999999999999432,-0.09999999999999432,67.7,67.8,67.7,67.8,10.0,41.0,9990.0,356.0,False,False
2615,2022-11-02 09:21:44.347093,-0.001474926253687281,-0.001474926253687281,-0.09999999999999432,-0.09999999999999432,67.7,67.8,67.7,67.8,30.0,41.0,9990.0,356.0,False,False
2615,2022-11-02 09:21:44.447445,-0.001474926253687281,-0.001474926253687281,-0.09999999999999432,-0.09999999999999432,67.7,67.8,67.7,67.8,30.0,41.0,9990.0,356.0,False,False
2615,2022-11-02 09:21:44.616324,-0.001474926253687281,-0.001474926253687281,-0.09999999999999432,-0.09999999999999432,67.7,67.8,67.7,67.8,30.0,41.0,9990.0,356.0,False,False
2615,2022-11-02 09:21:44.924432,-0.001474926253687281,-0.001474926253687281,-0.09999999999999432,-0.09999999999999432,67.7,67.8,67.7,67.8,30.0,41.0,9990.0,356.0,False,False
2615,2022-11-02 09:21:45.097952,-0.001474926253687281,-0.001474926253687281,-0.09999999999999432,-0.09999999999999432,67.7,67.8,67.7,67.8,30.0,41.0,9990.0,356.0,False,False
2615,2022-11-02 09:21:45.799127,-0.001474926253687281,-0.001474926253687281,-0.09999999999999432,-0.09999999999999432,67.7,67.8,67.7,67.8,30.0,42.0,9990.0,356.0,False,False
2615,2022-11-02 09:21:45.830750,-0.001474926253687281,-0.001474926253687281,-0.09999999999999432,-0.09999999999999432,67.7,67.8,67.7,67.8,31.0,35.0,9990.0,356.0,False,False
2615,2022-11-02 09:21:45.928293,-0.001474926253687281,-0.001474926253687281,-0.09999999999999432,-0.09999999999999432,67.7,67.8,67.7,67.8,31.0,35.0,9990.0,356.0,False,False
2615,2022-11-02 09:21:46.411884,-0.001474926253687281,-0.001474926253687281,-0.09999999999999432,-0.09999999999999432,67.7,67.8,67.7,67.8,31.0,35.0,9990.0,356.0,False,False
2615,2022-11-02 09:21:47.372214,-0.001474926253687281,-0.001474926253687281,-0.09999999999999432,-0.09999999999999432,67.7,67.8,67.7,67.8,31.0,35.0,9990.0,356.0,True,True
2615,2022-11-02 09:21:48.165393,-0.001474926253687281,-0.001474926253687281,-0.09999999999999432,-0.09999999999999432,67.7,67.8,67.7,67.8,31.0,35.0,9990.0,356.0,False,False
2615,2022-11-02 09:21:48.301970,-0.001474926253687281,-0.001474926253687281,-0.09999999999999432,-0.09999999999999432,67.7,67.8,67.7,67.8,30.0,35.0,9990.0,356.0,False,False
2615,2022-11-02 09:21:48.327606,-0.001474926253687281,-0.001474926253687281,-0.09999999999999432,-0.09999999999999432,67.7,67.8,67.7,67.8,30.0,35.0,9990.0,356.0,False,False
2615,2022-11-02 09:21:48.432117,-0.001474926253687281,-0.001474926253687281,-0.09999999999999432,-0.09999999999999432,67.7,67.8,67.7,67.8,30.0,35.0,9990.0,356.0,False,False
2615,2022-11-02 09:21:48.674747,-0.001474926253687281,-0.001474926253687281,-0.09999999999999432,-0.09999999999999432,67.7,67.8,67.7,67.8,30.0,37.0,9990.0,356.0,False,False
2615,2022-11-02 09:21:50.106655,-0.001474926253687281,-0.001474926253687281,-0.09999999999999432,-0.09999999999999432,67.7,67.8,67.7,67.8,10.0,37.0,9990.0,356.0,False,False
2615,2022-11-02 09:21:50.135887,-0.001474926253687281,-0.001474926253687281,-0.09999999999999432,-0.09999999999999432,67.7,67.8,67.7,67.8,10.0,37.0,9990.0,356.0,False,False
2615,2022-11-02 09:21:50.160995,-0.001474926253687281,-0.001474926253687281,-0.09999999999999432,-0.09999999999999432,67.7,67.8,67.7,67.8,10.0,37.0,9990.0,356.0,False,False
2615,2022-11-02 09:21:50.193793,-0.001474926253687281,-0.001474926253687281,-0.09999999999999432,-0.09999999999999432,67.7,67.8,67.7,67.8,10.0,37.0,9990.0,356.0,False,False
2615,2022-11-02 09:21:50.281534,-0.001474926253687281,-0.001474926253687281,-0.09999999999999432,-0.09999999999999432,67.7,67.8,67.7,67.8,10.0,37.0,9990.0,356.0,False,False
2615,2022-11-02 09:21:50.674886,-0.001474926253687281,-0.001474926253687281,-0.09999999999999432,-0.09999999999999432,67.7,67.8,67.7,67.8,10.0,38.0,9990.0,356.0,False,False
2615,2022-11-02 09:21:51.653911,-0.001474926253687281,-0.001474926253687281,-0.09999999999999432,-0.09999999999999432,67.7,67.8,67.7,67.8,10.0,38.0,9990.0,356.0,False,False
2615,2022-11-02 09:21:51.900221,-0.001474926253687281,-0.001474926253687281,-0.09999999999999432,-0.09999999999999432,67.7,67.8,67.7,67.8,10.0,38.0,9990.0,356.0,False,False
2615,2022-11-02 09:21:53.472207,-0.001474926253687281,-0.001474926253687281,-0.09999999999999432,-0.09999999999999432,67.7,67.8,67.7,67.8,11.0,38.0,9990.0,356.0,False,False
2615,2022-11-02 09:21:53.685854,-0.001474926253687281,-0.001474926253687281,-0.09999999999999432,-0.09999999999999432,67.7,67.8,67.7,67.8,10.0,38.0,9990.0,356.0,False,False
2615,2022-11-02 09:21:53.797637,-0.001474926253687281,-0.001474926253687281,-0.09999999999999432,-0.09999999999999432,67.7,67.8,67.7,67.8,9.0,38.0,9990.0,356.0,False,False
2615,2022-11-02 09:21:53.869841,-0.001474926253687281,-0.001474926253687281,-0.09999999999999432,-0.09999999999999432,67.7,67.8,67.7,67.8,9.0,38.0,9990.0,356.0,False,False
2615,2022-11-02 09:21:53.931394,-0.001474926253687281,-0.001474926253687281,-0.09999999999999432,-0.09999999999999432,67.7,67.8,67.7,67.8,9.0,38.0,9990.0,356.0,False,False
2615,2022-11-02 09:21:53.965892,-0.001474926253687281,-0.001474926253687281,-0.09999999999999432,-0.09999999999999432,67.7,67.8,67.7,67.8,9.0,38.0,9990.0,356.0,False,False
2615,2022-11-02 09:21:54.059145,-0.001474926253687281,-0.001474926253687281,-0.09999999999999432,-0.09999999999999432,67.7,67.8,67.7,67.8,7.0,38.0,9990.0,356.0,False,False
2615,2022-11-02 09:21:54.134093,-0.001474926253687281,-0.001474926253687281,-0.09999999999999432,-0.09999999999999432,67.7,67.8,67.7,67.8,7.0,38.0,9990.0,356.0,False,False
2615,2022-11-02 09:21:54.158589,-0.001474926253687281,-0.001474926253687281,-0.09999999999999432,-0.09999999999999432,67.7,67.8,67.7,67.8,7.0,38.0,9990.0,356.0,False,False
2615,2022-11-02 09:21:55.415550,-0.001474926253687281,-0.001474926253687281,-0.09999999999999432,-0.09999999999999432,67.7,67.8,67.7,67.8,6.0,38.0,9990.0,356.0,False,False
2615,2022-11-02 09:21:55.531107,-0.001474926253687281,-0.001474926253687281,-0.09999999999999432,-0.09999999999999432,67.7,67.8,67.7,67.8,6.0,39.0,9990.0,356.0,False,False
2615,2022-11-02 09:21:55.645018,-0.001474926253687281,-0.001474926253687281,-0.09999999999999432,-0.09999999999999432,67.7,67.8,67.7,67.8,5.0,39.0,9990.0,356.0,False,False
2615,2022-11-02 09:21:55.777334,-0.001474926253687281,-0.001474926253687281,-0.09999999999999432,-0.09999999999999432,67.7,67.8,67.7,67.8,6.0,39.0,9990.0,356.0,False,False
2615,2022-11-02 09:21:56.403726,-0.001474926253687281,-0.001474926253687281,-0.09999999999999432,-0.09999999999999432,67.7,67.8,67.7,67.8,6.0,41.0,9990.0,356.0,False,False
2615,2022-11-02 09:21:56.787253,-0.001474926253687281,-0.001474926253687281,-0.09999999999999432,-0.09999999999999432,67.7,67.8,67.7,67.8,6.0,41.0,9990.0,356.0,False,False
2615,2022-11-02 09:21:57.000483,-0.001474926253687281,-0.001474926253687281,-0.09999999999999432,-0.09999999999999432,67.7,67.8,67.7,67.8,6.0,41.0,9990.0,356.0,False,False
2615,2022-11-02 09:21:57.082505,-0.001474926253687281,-0.001474926253687281,-0.09999999999999432,-0.09999999999999432,67.7,67.8,67.7,67.8,6.0,41.0,9990.0,356.0,False,False
2615,2022-11-02 09:21:57.393187,-0.001474926253687281,-0.001474926253687281,-0.09999999999999432,-0.09999999999999432,67.7,67.8,67.7,67.8,6.0,41.0,9990.0,356.0,False,False
2615,2022-11-02 09:21:57.512954,-0.001474926253687281,-0.001474926253687281,-0.09999999999999432,-0.09999999999999432,67.7,67.8,67.7,67.8,6.0,41.0,9990.0,6.0,True,True
2615,2022-11-02 09:21:58.319812,-0.001474926253687281,-0.001474926253687281,-0.09999999999999432,-0.09999999999999432,67.7,67.8,67.7,67.8,7.0,41.0,9990.0,6.0,False,False
2615,2022-11-02 09:22:00.121946,-0.001474926253687281,-0.001474926253687281,-0.09999999999999432,-0.09999999999999432,67.7,67.8,67.7,67.8,17.0,41.0,9990.0,6.0,False,False
2615,2022-11-02 09:22:00.146440,-0.001474926253687281,-0.001474926253687281,-0.09999999999999432,-0.09999999999999432,67.7,67.8,67.7,67.8,17.0,41.0,9990.0,6.0,False,False
2615,2022-11-02 09:22:00.249144,-0.001474926253687281,-0.001474926253687281,-0.09999999999999432,-0.09999999999999432,67.7,67.8,67.7,67.8,17.0,41.0,9990.0,6.0,False,False
2615,2022-11-02 09:22:00.536458,-0.001474926253687281,-0.001474926253687281,-0.09999999999999432,-0.09999999999999432,67.7,67.8,67.7,67.8,17.0,41.0,9990.0,6.0,False,False
2615,2022-11-02 09:22:01.637839,-0.001474926253687281,-0.001474926253687281,-0.09999999999999432,-0.09999999999999432,67.7,67.8,67.7,67.8,17.0,41.0,9990.0,6.0,False,False
2615,2022-11-02 09:22:01.872941,-0.001474926253687281,-0.001474926253687281,-0.09999999999999432,-0.09999999999999432,67.7,67.8,67.7,67.8,17.0,43.0,9990.0,6.0,False,False
2615,2022-11-02 09:22:02.781598,-0.001474926253687281,-0.001474926253687281,-0.09999999999999432,-0.09999999999999432,67.7,67.8,67.7,67.8,12.0,43.0,9990.0,6.0,False,False
2615,2022-11-02 09:22:03.073249,-0.001474926253687281,-0.001474926253687281,-0.09999999999999432,-0.09999999999999432,67.7,67.8,67.7,67.8,12.0,43.0,9990.0,6.0,False,False
2615,2022-11-02 09:22:03.393726,-0.001474926253687281,-0.001474926253687281,-0.09999999999999432,-0.09999999999999432,67.7,67.8,67.7,67.8,11.0,43.0,9990.0,6.0,False,False
2615,2022-11-02 09:22:03.512602,-0.001474926253687281,-0.001474926253687281,-0.09999999999999432,-0.09999999999999432,67.7,67.8,67.7,67.8,13.0,43.0,9990.0,6.0,False,False
2615,2022-11-02 09:22:04.078839,-0.001474926253687281,-0.001474926253687281,-0.09999999999999432,-0.09999999999999432,67.7,67.8,67.7,67.8,13.0,43.0,9990.0,6.0,False,False
2615,2022-11-02 09:22:06.274267,-0.001474926253687281,-0.001474926253687281,-0.09999999999999432,-0.09999999999999432,67.7,67.8,67.7,67.8,13.0,43.0,9990.0,6.0,False,False
2615,2022-11-02 09:22:06.591231,-0.001474926253687281,-0.001474926253687281,-0.09999999999999432,-0.09999999999999432,67.7,67.8,67.7,67.8,11.0,43.0,9990.0,6.0,False,False
2615,2022-11-02 09:22:06.751382,-0.002949852507374673,0.0,-0.20000000000000284,0.0,67.7,67.8,67.6,67.7,11.0,43.0,420.0,16.0,False,True
2615,2022-11-02 09:22:07.224594,-0.001477104874446189,-0.001477104874446189,-0.10000000000000853,-0.10000000000000853,67.6,67.7,67.6,67.7,39.0,19.0,420.0,16.0,False,False
2615,2022-11-02 09:22:07.261677,-0.001477104874446189,-0.001477104874446189,-0.10000000000000853,-0.10000000000000853,67.6,67.7,67.6,67.7,39.0,19.0,420.0,16.0,False,False
2615,2022-11-02 09:22:07.301219,-0.001477104874446189,-0.001477104874446189,-0.10000000000000853,-0.10000000000000853,67.6,67.7,67.6,67.7,39.0,19.0,420.0,16.0,False,False
2615,2022-11-02 09:22:07.348900,-0.001477104874446189,-0.001477104874446189,-0.10000000000000853,-0.10000000000000853,67.6,67.7,67.6,67.7,39.0,19.0,420.0,16.0,False,False
2615,2022-11-02 09:22:07.493847,-0.001477104874446189,-0.001477104874446189,-0.10000000000000853,-0.10000000000000853,67.6,67.7,67.6,67.7,38.0,18.0,420.0,16.0,False,False
2615,2022-11-02 09:22:07.442767,-0.001477104874446189,-0.001477104874446189,-0.10000000000000853,-0.10000000000000853,67.6,67.7,67.6,67.7,39.0,19.0,420.0,16.0,False,False
2615,2022-11-02 09:22:07.527532,-0.001477104874446189,-0.001477104874446189,-0.10000000000000853,-0.10000000000000853,67.6,67.7,67.6,67.7,38.0,18.0,420.0,16.0,False,False
2615,2022-11-02 09:22:07.723735,-0.001477104874446189,-0.001477104874446189,-0.10000000000000853,-0.10000000000000853,67.6,67.7,67.6,67.7,38.0,31.0,420.0,16.0,False,False
2615,2022-11-02 09:22:07.841153,-0.001477104874446189,-0.001477104874446189,-0.10000000000000853,-0.10000000000000853,67.6,67.7,67.6,67.7,38.0,32.0,420.0,16.0,False,False
2615,2022-11-02 09:22:08.157666,-0.001477104874446189,-0.001477104874446189,-0.10000000000000853,-0.10000000000000853,67.6,67.7,67.6,67.7,38.0,35.0,420.0,16.0,False,False
2615,2022-11-02 09:22:08.204561,-0.001477104874446189,-0.001477104874446189,-0.10000000000000853,-0.10000000000000853,67.6,67.7,67.6,67.7,38.0,39.0,420.0,16.0,False,False
2615,2022-11-02 09:22:08.438278,-0.001477104874446189,-0.001477104874446189,-0.10000000000000853,-0.10000000000000853,67.6,67.7,67.6,67.7,38.0,39.0,420.0,16.0,False,False
2615,2022-11-02 09:22:10.387542,-0.001477104874446189,-0.001477104874446189,-0.10000000000000853,-0.10000000000000853,67.6,67.7,67.6,67.7,38.0,40.0,420.0,16.0,False,False
2615,2022-11-02 09:22:10.708030,-0.001477104874446189,-0.001477104874446189,-0.10000000000000853,-0.10000000000000853,67.6,67.7,67.6,67.7,38.0,40.0,420.0,16.0,False,False
2615,2022-11-02 09:22:10.764150,-0.001477104874446189,-0.001477104874446189,-0.10000000000000853,-0.10000000000000853,67.6,67.7,67.6,67.7,38.0,41.0,420.0,16.0,False,False
2615,2022-11-02 09:22:11.330210,-0.001477104874446189,-0.001477104874446189,-0.10000000000000853,-0.10000000000000853,67.6,67.7,67.6,67.7,38.0,41.0,420.0,16.0,False,False
2615,2022-11-02 09:22:13.495190,-0.001477104874446189,-0.001477104874446189,-0.10000000000000853,-0.10000000000000853,67.6,67.7,67.6,67.7,38.0,41.0,420.0,16.0,False,False
2615,2022-11-02 09:22:13.810378,-0.001477104874446189,-0.001477104874446189,-0.10000000000000853,-0.10000000000000853,67.6,67.7,67.6,67.7,38.0,39.0,420.0,16.0,False,False
2615,2022-11-02 09:22:14.597843,-0.001477104874446189,-0.001477104874446189,-0.10000000000000853,-0.10000000000000853,67.6,67.7,67.6,67.7,38.0,40.0,420.0,16.0,False,False
2615,2022-11-02 09:22:14.971084,-0.001477104874446189,-0.001477104874446189,-0.10000000000000853,-0.10000000000000853,67.6,67.7,67.6,67.7,38.0,41.0,420.0,16.0,False,False
2615,2022-11-02 09:22:15.608955,-0.001477104874446189,-0.001477104874446189,-0.10000000000000853,-0.10000000000000853,67.6,67.7,67.6,67.7,37.0,41.0,420.0,16.0,False,False
2615,2022-11-02 09:22:16.791070,-0.001477104874446189,-0.001477104874446189,-0.10000000000000853,-0.10000000000000853,67.6,67.7,67.6,67.7,37.0,41.0,10410.0,16.0,True,True
2615,2022-11-02 09:22:17.066362,-0.001477104874446189,-0.001477104874446189,-0.10000000000000853,-0.10000000000000853,67.6,67.7,67.6,67.7,38.0,41.0,10410.0,16.0,False,False
2615,2022-11-02 09:22:18.724400,-0.001477104874446189,-0.001477104874446189,-0.10000000000000853,-0.10000000000000853,67.6,67.7,67.6,67.7,38.0,41.0,10410.0,16.0,False,False
2615,2022-11-02 09:22:19.517975,-0.001477104874446189,-0.001477104874446189,-0.10000000000000853,-0.10000000000000853,67.6,67.7,67.6,67.7,37.0,41.0,10410.0,16.0,False,False
2615,2022-11-02 09:22:19.522316,-0.001477104874446189,-0.001477104874446189,-0.10000000000000853,-0.10000000000000853,67.6,67.7,67.6,67.7,37.0,41.0,10410.0,16.0,False,False
2615,2022-11-02 09:22:19.696131,-0.001477104874446189,-0.001477104874446189,-0.10000000000000853,-0.10000000000000853,67.6,67.7,67.6,67.7,37.0,41.0,10410.0,16.0,False,False
2615,2022-11-02 09:22:19.765989,-0.001477104874446189,-0.001477104874446189,-0.10000000000000853,-0.10000000000000853,67.6,67.7,67.6,67.7,37.0,40.0,10410.0,16.0,False,False
2615,2022-11-02 09:22:20.351617,-0.001477104874446189,-0.001477104874446189,-0.10000000000000853,-0.10000000000000853,67.6,67.7,67.6,67.7,37.0,40.0,10410.0,16.0,False,False
2615,2022-11-02 09:22:20.543341,-0.001477104874446189,-0.001477104874446189,-0.10000000000000853,-0.10000000000000853,67.6,67.7,67.6,67.7,37.0,40.0,10410.0,16.0,False,False
2615,2022-11-02 09:22:21.120209,-0.001477104874446189,-0.001477104874446189,-0.10000000000000853,-0.10000000000000853,67.6,67.7,67.6,67.7,37.0,40.0,10410.0,16.0,False,False
2615,2022-11-02 09:22:21.612989,-0.001477104874446189,-0.001477104874446189,-0.10000000000000853,-0.10000000000000853,67.6,67.7,67.6,67.7,37.0,40.0,10410.0,16.0,False,False
2615,2022-11-02 09:22:24.205019,-0.001477104874446189,-0.001477104874446189,-0.10000000000000853,-0.10000000000000853,67.6,67.7,67.6,67.7,37.0,47.0,10410.0,16.0,False,False
2615,2022-11-02 09:22:24.860149,-0.001477104874446189,-0.001477104874446189,-0.10000000000000853,-0.10000000000000853,67.6,67.7,67.6,67.7,37.0,46.0,10410.0,16.0,False,False
2615,2022-11-02 09:22:25.359972,-0.001477104874446189,-0.001477104874446189,-0.10000000000000853,-0.10000000000000853,67.6,67.7,67.6,67.7,37.0,46.0,10410.0,16.0,False,False
2615,2022-11-02 09:22:26.833314,-0.001477104874446189,-0.001477104874446189,-0.10000000000000853,-0.10000000000000853,67.6,67.7,67.6,67.7,37.0,46.0,10410.0,165.0,True,True
2615,2022-11-02 09:22:27.037430,-0.001477104874446189,-0.001477104874446189,-0.10000000000000853,-0.10000000000000853,67.6,67.7,67.6,67.7,37.0,43.0,10410.0,165.0,False,False
2615,2022-11-02 09:22:27.630637,-0.001477104874446189,-0.001477104874446189,-0.10000000000000853,-0.10000000000000853,67.6,67.7,67.6,67.7,37.0,33.0,10410.0,165.0,False,False
2615,2022-11-02 09:22:27.657108,-0.001477104874446189,-0.001477104874446189,-0.10000000000000853,-0.10000000000000853,67.6,67.7,67.6,67.7,37.0,26.0,10410.0,165.0,False,False
2615,2022-11-02 09:22:27.657318,-0.001477104874446189,-0.001477104874446189,-0.10000000000000853,-0.10000000000000853,67.6,67.7,67.6,67.7,38.0,26.0,10410.0,165.0,False,False
2615,2022-11-02 09:22:27.809645,-0.001477104874446189,-0.001477104874446189,-0.10000000000000853,-0.10000000000000853,67.6,67.7,67.6,67.7,38.0,26.0,10410.0,165.0,False,False
2615,2022-11-02 09:22:27.844694,-0.002949852507374673,-0.001477104874446189,-0.20000000000000284,-0.10000000000000853,67.6,67.8,67.6,67.7,38.0,44.0,10410.0,165.0,False,False
2615,2022-11-02 09:22:27.884433,-0.002949852507374673,-0.001477104874446189,-0.20000000000000284,-0.10000000000000853,67.6,67.8,67.6,67.7,44.0,42.0,10410.0,165.0,False,False
2615,2022-11-02 09:22:28.006720,-0.002949852507374673,-0.001477104874446189,-0.20000000000000284,-0.10000000000000853,67.6,67.8,67.6,67.7,44.0,42.0,10410.0,165.0,False,False
2615,2022-11-02 09:22:28.099631,-0.002949852507374673,-0.001477104874446189,-0.20000000000000284,-0.10000000000000853,67.6,67.8,67.6,67.7,44.0,42.0,10410.0,165.0,False,False
2615,2022-11-02 09:22:28.176921,-0.002949852507374673,-0.001477104874446189,-0.20000000000000284,-0.10000000000000853,67.6,67.8,67.6,67.7,44.0,44.0,10410.0,165.0,False,False
2615,2022-11-02 09:22:28.880212,-0.002949852507374673,-0.001477104874446189,-0.20000000000000284,-0.10000000000000853,67.6,67.8,67.6,67.7,45.0,44.0,10410.0,165.0,False,False
2615,2022-11-02 09:22:29.790374,-0.002949852507374673,0.0,-0.20000000000000284,0.0,67.7,67.8,67.6,67.7,1.0,44.0,10410.0,165.0,False,False
2615,2022-11-02 09:22:29.867139,-0.002949852507374673,0.0,-0.20000000000000284,0.0,67.7,67.8,67.6,67.7,21.0,44.0,10410.0,165.0,False,False
2615,2022-11-02 09:22:29.965951,-0.002949852507374673,0.0,-0.20000000000000284,0.0,67.7,67.8,67.6,67.7,21.0,44.0,10410.0,165.0,False,False
2615,2022-11-02 09:22:31.086798,-0.002949852507374673,0.0,-0.20000000000000284,0.0,67.7,67.8,67.6,67.7,21.0,44.0,10410.0,165.0,False,False
2615,2022-11-02 09:22:31.118538,-0.002949852507374673,0.0,-0.20000000000000284,0.0,67.7,67.8,67.6,67.7,22.0,44.0,10410.0,165.0,False,False
2615,2022-11-02 09:22:31.331218,-0.002949852507374673,0.0,-0.20000000000000284,0.0,67.7,67.8,67.6,67.7,23.0,44.0,10410.0,165.0,False,False
2615,2022-11-02 09:22:31.398826,-0.002949852507374673,0.0,-0.20000000000000284,0.0,67.7,67.8,67.6,67.7,22.0,44.0,10410.0,165.0,False,False
2615,2022-11-02 09:22:31.586387,-0.002949852507374673,0.0,-0.20000000000000284,0.0,67.7,67.8,67.6,67.7,32.0,44.0,10410.0,165.0,False,False
2615,2022-11-02 09:22:31.797212,-0.002949852507374673,0.0,-0.20000000000000284,0.0,67.7,67.8,67.6,67.7,31.0,44.0,10410.0,165.0,False,False
2615,2022-11-02 09:22:31.821657,-0.002949852507374673,0.0,-0.20000000000000284,0.0,67.7,67.8,67.6,67.7,31.0,45.0,10410.0,165.0,False,False
2615,2022-11-02 09:22:31.981415,-0.002949852507374673,0.0,-0.20000000000000284,0.0,67.7,67.8,67.6,67.7,29.0,45.0,10410.0,165.0,False,False
2615,2022-11-02 09:22:33.055828,-0.002949852507374673,0.0,-0.20000000000000284,0.0,67.7,67.8,67.6,67.7,29.0,45.0,10410.0,165.0,False,False
2615,2022-11-02 09:22:34.318954,-0.002949852507374673,0.0,-0.20000000000000284,0.0,67.7,67.8,67.6,67.7,29.0,45.0,10410.0,165.0,False,False
2615,2022-11-02 09:22:34.455086,-0.002949852507374673,0.0,-0.20000000000000284,0.0,67.7,67.8,67.6,67.7,29.0,45.0,10410.0,165.0,False,False
2615,2022-11-02 09:22:34.739034,-0.002949852507374673,0.0,-0.20000000000000284,0.0,67.7,67.8,67.6,67.7,29.0,45.0,10410.0,165.0,False,False
2615,2022-11-02 09:22:36.523461,-0.002949852507374673,0.0,-0.20000000000000284,0.0,67.7,67.8,67.6,67.7,28.0,44.0,10410.0,165.0,False,False
2615,2022-11-02 09:22:36.887300,-0.002949852507374673,0.0,-0.20000000000000284,0.0,67.7,67.8,67.6,67.7,28.0,44.0,10410.0,199.0,True,True
2615,2022-11-02 09:22:37.227578,-0.002949852507374673,0.0,-0.20000000000000284,0.0,67.7,67.8,67.6,67.7,28.0,44.0,10410.0,199.0,False,False
2615,2022-11-02 09:22:37.466438,-0.002949852507374673,0.0,-0.20000000000000284,0.0,67.7,67.8,67.6,67.7,28.0,46.0,10410.0,199.0,False,False
2615,2022-11-02 09:22:37.514946,-0.002949852507374673,0.0,-0.20000000000000284,0.0,67.7,67.8,67.6,67.7,28.0,46.0,10410.0,199.0,False,False
2615,2022-11-02 09:22:39.112871,-0.002949852507374673,0.0,-0.20000000000000284,0.0,67.7,67.8,67.6,67.7,27.0,46.0,10410.0,199.0,False,False
2615,2022-11-02 09:22:39.575934,-0.002949852507374673,0.0,-0.20000000000000284,0.0,67.7,67.8,67.6,67.7,28.0,46.0,10410.0,199.0,False,False
2615,2022-11-02 09:22:39.941649,-0.002949852507374673,0.0,-0.20000000000000284,0.0,67.7,67.8,67.6,67.7,28.0,46.0,10410.0,199.0,False,False
2615,2022-11-02 09:22:42.140377,-0.002949852507374673,0.0,-0.20000000000000284,0.0,67.7,67.8,67.6,67.7,34.0,46.0,10410.0,199.0,False,False
2615,2022-11-02 09:22:42.524607,-0.002949852507374673,0.0,-0.20000000000000284,0.0,67.7,67.8,67.6,67.7,35.0,46.0,10410.0,199.0,False,False
2615,2022-11-02 09:22:42.736223,-0.002949852507374673,0.0,-0.20000000000000284,0.0,67.7,67.8,67.6,67.7,36.0,46.0,10410.0,199.0,False,False
2615,2022-11-02 09:22:45.403968,-0.002949852507374673,0.0,-0.20000000000000284,0.0,67.7,67.8,67.6,67.7,36.0,46.0,10410.0,199.0,False,False
2615,2022-11-02 09:22:46.296477,-0.002949852507374673,0.0,-0.20000000000000284,0.0,67.7,67.8,67.6,67.7,36.0,46.0,10410.0,199.0,False,False
2615,2022-11-02 09:22:46.359140,-0.002949852507374673,0.0,-0.20000000000000284,0.0,67.7,67.8,67.6,67.7,36.0,46.0,10410.0,199.0,False,False
2615,2022-11-02 09:22:46.927829,-0.002949852507374673,0.0,-0.20000000000000284,0.0,67.7,67.8,67.6,67.7,36.0,46.0,10396.0,200.0,True,True
2615,2022-11-02 09:22:47.369829,-0.002949852507374673,0.0,-0.20000000000000284,0.0,67.7,67.8,67.6,67.7,36.0,46.0,10396.0,200.0,False,False
2615,2022-11-02 09:22:48.375817,-0.002949852507374673,0.0,-0.20000000000000284,0.0,67.7,67.8,67.6,67.7,36.0,46.0,10396.0,200.0,False,False
2615,2022-11-02 09:22:49.075066,-0.002949852507374673,0.0,-0.20000000000000284,0.0,67.7,67.8,67.6,67.7,36.0,46.0,10396.0,200.0,False,False
2615,2022-11-02 09:22:49.077175,-0.002949852507374673,0.0,-0.20000000000000284,0.0,67.7,67.8,67.6,67.7,36.0,45.0,10396.0,200.0,False,False
2615,2022-11-02 09:22:49.647688,-0.002949852507374673,0.0,-0.20000000000000284,0.0,67.7,67.8,67.6,67.7,37.0,45.0,10396.0,200.0,False,False
2615,2022-11-02 09:22:49.864560,-0.002949852507374673,0.0,-0.20000000000000284,0.0,67.7,67.8,67.6,67.7,37.0,47.0,10396.0,200.0,False,False
2615,2022-11-02 09:22:50.219636,-0.002949852507374673,0.0,-0.20000000000000284,0.0,67.7,67.8,67.6,67.7,37.0,47.0,10396.0,200.0,False,False
2615,2022-11-02 09:22:50.844367,-0.002949852507374673,0.0,-0.20000000000000284,0.0,67.7,67.8,67.6,67.7,40.0,47.0,10396.0,200.0,False,False
2615,2022-11-02 09:22:51.205651,-0.002949852507374673,0.0,-0.20000000000000284,0.0,67.7,67.8,67.6,67.7,40.0,47.0,10396.0,200.0,False,False
2615,2022-11-02 09:22:52.139050,-0.002949852507374673,0.0,-0.20000000000000284,0.0,67.7,67.8,67.6,67.7,40.0,47.0,10396.0,200.0,False,False
2615,2022-11-02 09:22:52.720560,-0.002949852507374673,0.0,-0.20000000000000284,0.0,67.7,67.8,67.6,67.7,40.0,47.0,10396.0,200.0,False,False
2615,2022-11-02 09:22:52.745395,-0.002949852507374673,0.0,-0.20000000000000284,0.0,67.7,67.8,67.6,67.7,38.0,47.0,10396.0,200.0,False,False
2615,2022-11-02 09:22:55.214721,-0.002949852507374673,0.0,-0.20000000000000284,0.0,67.7,67.8,67.6,67.7,38.0,47.0,10396.0,200.0,False,False
2615,2022-11-02 09:22:55.372821,-0.002949852507374673,0.0,-0.20000000000000284,0.0,67.7,67.8,67.6,67.7,38.0,47.0,10396.0,200.0,False,False
2615,2022-11-02 09:22:56.211722,-0.002949852507374673,0.0,-0.20000000000000284,0.0,67.7,67.8,67.6,67.7,38.0,48.0,10396.0,200.0,False,False
2615,2022-11-02 09:22:56.483321,-0.002949852507374673,0.0,-0.20000000000000284,0.0,67.7,67.8,67.6,67.7,38.0,48.0,10396.0,200.0,False,False
2615,2022-11-02 09:22:56.968131,-0.002949852507374673,0.0,-0.20000000000000284,0.0,67.7,67.8,67.6,67.7,38.0,48.0,10399.0,200.0,True,True
2615,2022-11-02 09:22:57.108045,-0.002949852507374673,0.0,-0.20000000000000284,0.0,67.7,67.8,67.6,67.7,39.0,48.0,10399.0,200.0,False,False
2615,2022-11-02 09:22:57.339641,-0.002949852507374673,0.0,-0.20000000000000284,0.0,67.7,67.8,67.6,67.7,38.0,48.0,10399.0,200.0,False,False
2615,2022-11-02 09:22:57.546268,-0.002949852507374673,0.0,-0.20000000000000284,0.0,67.7,67.8,67.6,67.7,38.0,48.0,10399.0,200.0,False,False
2615,2022-11-02 09:22:57.749314,-0.002949852507374673,0.0,-0.20000000000000284,0.0,67.7,67.8,67.6,67.7,39.0,48.0,10399.0,200.0,False,False
2615,2022-11-02 09:22:58.480706,-0.002949852507374673,0.0,-0.20000000000000284,0.0,67.7,67.8,67.6,67.7,39.0,48.0,10399.0,200.0,False,False
2615,2022-11-02 09:22:59.003611,-0.002949852507374673,0.0,-0.20000000000000284,0.0,67.7,67.8,67.6,67.7,40.0,48.0,10399.0,200.0,False,False
2615,2022-11-02 09:22:59.826084,-0.002949852507374673,0.0,-0.20000000000000284,0.0,67.7,67.8,67.6,67.7,40.0,48.0,10399.0,200.0,False,False
2615,2022-11-02 09:23:00.611243,-0.002949852507374673,0.0,-0.20000000000000284,0.0,67.7,67.8,67.6,67.7,41.0,48.0,10399.0,200.0,False,False
2615,2022-11-02 09:23:01.498715,-0.002949852507374673,0.0,-0.20000000000000284,0.0,67.7,67.8,67.6,67.7,41.0,50.0,10399.0,200.0,False,False
2615,2022-11-02 09:23:01.501267,-0.002949852507374673,0.0,-0.20000000000000284,0.0,67.7,67.8,67.6,67.7,41.0,50.0,10399.0,200.0,False,False
2615,2022-11-02 09:23:02.034007,-0.002949852507374673,0.0,-0.20000000000000284,0.0,67.7,67.8,67.6,67.7,41.0,50.0,10399.0,200.0,False,False
2615,2022-11-02 09:23:03.688950,-0.002949852507374673,0.0,-0.20000000000000284,0.0,67.7,67.8,67.6,67.7,41.0,50.0,10399.0,200.0,False,False
2615,2022-11-02 09:23:03.720787,-0.002949852507374673,0.0,-0.20000000000000284,0.0,67.7,67.8,67.6,67.7,42.0,50.0,10399.0,200.0,False,False
2615,2022-11-02 09:23:04.481677,-0.002949852507374673,0.0,-0.20000000000000284,0.0,67.7,67.8,67.6,67.7,41.0,50.0,10399.0,200.0,False,False
2615,2022-11-02 09:23:05.030047,-0.002949852507374673,0.0,-0.20000000000000284,0.0,67.7,67.8,67.6,67.7,41.0,50.0,10399.0,200.0,False,False
2615,2022-11-02 09:23:05.509822,-0.002949852507374673,0.0,-0.20000000000000284,0.0,67.7,67.8,67.6,67.7,41.0,50.0,10399.0,200.0,False,False
2615,2022-11-02 09:23:05.943390,-0.002949852507374673,0.0,-0.20000000000000284,0.0,67.7,67.8,67.6,67.7,41.0,50.0,10399.0,200.0,False,False
2615,2022-11-02 09:23:05.950506,-0.002949852507374673,0.0,-0.20000000000000284,0.0,67.7,67.8,67.6,67.7,40.0,50.0,10399.0,200.0,False,False
2615,2022-11-02 09:23:06.287591,-0.002949852507374673,0.0,-0.20000000000000284,0.0,67.7,67.8,67.6,67.7,41.0,50.0,10399.0,200.0,False,False
2615,2022-11-02 09:23:06.512684,-0.002949852507374673,0.0,-0.20000000000000284,0.0,67.7,67.8,67.6,67.7,41.0,50.0,10399.0,200.0,False,False
2615,2022-11-02 09:23:07.007236,-0.002949852507374673,0.0,-0.20000000000000284,0.0,67.7,67.8,67.6,67.7,41.0,50.0,10496.0,200.0,True,True
2615,2022-11-02 09:23:07.146204,-0.002949852507374673,0.0,-0.20000000000000284,0.0,67.7,67.8,67.6,67.7,31.0,50.0,10496.0,200.0,False,False
2615,2022-11-02 09:23:08.075983,-0.002949852507374673,0.0,-0.20000000000000284,0.0,67.7,67.8,67.6,67.7,31.0,50.0,10496.0,200.0,False,False
2615,2022-11-02 09:23:08.569853,-0.002949852507374673,0.0,-0.20000000000000284,0.0,67.7,67.8,67.6,67.7,30.0,50.0,10496.0,200.0,False,False
2615,2022-11-02 09:23:09.562313,-0.002949852507374673,0.0,-0.20000000000000284,0.0,67.7,67.8,67.6,67.7,30.0,51.0,10496.0,200.0,False,False
2615,2022-11-02 09:23:10.693298,-0.002949852507374673,0.0,-0.20000000000000284,0.0,67.7,67.8,67.6,67.7,29.0,50.0,10496.0,200.0,False,False
2615,2022-11-02 09:23:11.748987,-0.002949852507374673,0.0,-0.20000000000000284,0.0,67.7,67.8,67.6,67.7,26.0,50.0,10496.0,200.0,False,False
2615,2022-11-02 09:23:12.319886,-0.002949852507374673,0.0,-0.20000000000000284,0.0,67.7,67.8,67.6,67.7,26.0,50.0,10496.0,200.0,False,False
2615,2022-11-02 09:23:12.343644,-0.002949852507374673,0.0,-0.20000000000000284,0.0,67.7,67.8,67.6,67.7,26.0,50.0,10496.0,200.0,False,False
2615,2022-11-02 09:23:12.690410,-0.002949852507374673,0.0,-0.20000000000000284,0.0,67.7,67.8,67.6,67.7,26.0,50.0,10496.0,200.0,False,False
2615,2022-11-02 09:23:15.512069,-0.002949852507374673,0.0,-0.20000000000000284,0.0,67.7,67.8,67.6,67.7,27.0,50.0,10496.0,200.0,False,False
2615,2022-11-02 09:23:15.627959,-0.002949852507374673,0.0,-0.20000000000000284,0.0,67.7,67.8,67.6,67.7,30.0,50.0,10496.0,200.0,False,False
2615,2022-11-02 09:23:17.049120,-0.002949852507374673,0.0,-0.20000000000000284,0.0,67.7,67.8,67.6,67.7,30.0,50.0,9996.0,200.0,True,True
2615,2022-11-02 09:23:17.258565,-0.002949852507374673,0.0,-0.20000000000000284,0.0,67.7,67.8,67.6,67.7,30.0,51.0,9996.0,200.0,False,False
2615,2022-11-02 09:23:18.030336,-0.002949852507374673,0.0,-0.20000000000000284,0.0,67.7,67.8,67.6,67.7,31.0,51.0,9996.0,200.0,False,False
2615,2022-11-02 09:23:18.162138,-0.002949852507374673,0.0,-0.20000000000000284,0.0,67.7,67.8,67.6,67.7,30.0,51.0,9996.0,200.0,False,False
2615,2022-11-02 09:23:18.266195,-0.002949852507374673,0.0,-0.20000000000000284,0.0,67.7,67.8,67.6,67.7,30.0,51.0,9996.0,200.0,False,False
2615,2022-11-02 09:23:21.026687,-0.002949852507374673,0.0,-0.20000000000000284,0.0,67.7,67.8,67.6,67.7,29.0,51.0,9996.0,200.0,False,False
2615,2022-11-02 09:23:21.385210,-0.002949852507374673,0.0,-0.20000000000000284,0.0,67.7,67.8,67.6,67.7,29.0,52.0,9996.0,200.0,False,False
2615,2022-11-02 09:23:24.162449,-0.002949852507374673,0.0,-0.20000000000000284,0.0,67.7,67.8,67.6,67.7,19.0,52.0,9996.0,200.0,False,False
2615,2022-11-02 09:23:25.001214,-0.002949852507374673,0.0,-0.20000000000000284,0.0,67.7,67.8,67.6,67.7,19.0,52.0,9996.0,200.0,False,False
2615,2022-11-02 09:23:25.323905,-0.002949852507374673,0.0,-0.20000000000000284,0.0,67.7,67.8,67.6,67.7,19.0,52.0,9996.0,200.0,False,False
2615,2022-11-02 09:23:26.552359,-0.002949852507374673,0.0,-0.20000000000000284,0.0,67.7,67.8,67.6,67.7,20.0,52.0,9996.0,200.0,False,False
2615,2022-11-02 09:23:27.922193,-0.002949852507374673,0.0,-0.20000000000000284,0.0,67.7,67.8,67.6,67.7,20.0,52.0,9996.0,200.0,False,False
2615,2022-11-02 09:23:29.431161,-0.002949852507374673,0.0,-0.20000000000000284,0.0,67.7,67.8,67.6,67.7,20.0,52.0,9996.0,200.0,False,False
2615,2022-11-02 09:23:30.143689,-0.002949852507374673,0.0,-0.20000000000000284,0.0,67.7,67.8,67.6,67.7,18.0,50.0,9996.0,200.0,False,False
2615,2022-11-02 09:23:30.399150,-0.002949852507374673,0.0,-0.20000000000000284,0.0,67.7,67.8,67.6,67.7,18.0,50.0,9996.0,200.0,False,False
2615,2022-11-02 09:23:35.968274,-0.002949852507374673,-0.001477104874446189,-0.20000000000000284,-0.10000000000000853,67.6,67.8,67.6,67.7,69.0,50.0,9996.0,200.0,False,False
2615,2022-11-02 09:23:35.992348,-0.002949852507374673,-0.001477104874446189,-0.20000000000000284,-0.10000000000000853,67.6,67.8,67.6,67.7,69.0,50.0,9996.0,200.0,False,False
2615,2022-11-02 09:23:36.014300,-0.002949852507374673,-0.001477104874446189,-0.20000000000000284,-0.10000000000000853,67.6,67.8,67.6,67.7,69.0,50.0,9996.0,200.0,False,False
2615,2022-11-02 09:23:36.116199,-0.002949852507374673,-0.001477104874446189,-0.20000000000000284,-0.10000000000000853,67.6,67.8,67.6,67.7,69.0,50.0,9996.0,200.0,False,False
2615,2022-11-02 09:23:36.276031,-0.001477104874446189,-0.001477104874446189,-0.10000000000000853,-0.10000000000000853,67.6,67.7,67.6,67.7,62.0,1.0,9996.0,200.0,False,False
2615,2022-11-02 09:23:36.380222,-0.001477104874446189,-0.001477104874446189,-0.10000000000000853,-0.10000000000000853,67.6,67.7,67.6,67.7,62.0,1.0,9996.0,200.0,False,False
2615,2022-11-02 09:23:37.141036,-0.001477104874446189,-0.001477104874446189,-0.10000000000000853,-0.10000000000000853,67.6,67.7,67.6,67.7,62.0,1.0,9996.0,200.0,True,True
2615,2022-11-02 09:23:37.204081,-0.001477104874446189,-0.001477104874446189,-0.10000000000000853,-0.10000000000000853,67.6,67.7,67.6,67.7,62.0,1.0,9996.0,200.0,False,False
2615,2022-11-02 09:23:37.459092,-0.001477104874446189,-0.001477104874446189,-0.10000000000000853,-0.10000000000000853,67.6,67.7,67.6,67.7,62.0,1.0,9996.0,200.0,False,False
2615,2022-11-02 09:23:37.551996,-0.001477104874446189,-0.001477104874446189,-0.10000000000000853,-0.10000000000000853,67.6,67.7,67.6,67.7,62.0,6.0,9996.0,200.0,False,False
2615,2022-11-02 09:23:37.803636,-0.001477104874446189,-0.001477104874446189,-0.10000000000000853,-0.10000000000000853,67.6,67.7,67.6,67.7,62.0,6.0,9996.0,200.0,False,False
2615,2022-11-02 09:23:38.092471,-0.001477104874446189,-0.001477104874446189,-0.10000000000000853,-0.10000000000000853,67.6,67.7,67.6,67.7,62.0,7.0,9996.0,200.0,False,False
2615,2022-11-02 09:23:38.356156,-0.001477104874446189,-0.001477104874446189,-0.10000000000000853,-0.10000000000000853,67.6,67.7,67.6,67.7,62.0,6.0,9996.0,200.0,False,False
2615,2022-11-02 09:23:39.193206,-0.001477104874446189,-0.001477104874446189,-0.10000000000000853,-0.10000000000000853,67.6,67.7,67.6,67.7,62.0,5.0,9996.0,200.0,False,False
2615,2022-11-02 09:23:39.534884,-0.001477104874446189,-0.001477104874446189,-0.10000000000000853,-0.10000000000000853,67.6,67.7,67.6,67.7,62.0,7.0,9996.0,200.0,False,False
2615,2022-11-02 09:23:41.224013,-0.001477104874446189,-0.001477104874446189,-0.10000000000000853,-0.10000000000000853,67.6,67.7,67.6,67.7,62.0,8.0,9996.0,200.0,False,False
2615,2022-11-02 09:23:42.316656,-0.001477104874446189,-0.001477104874446189,-0.10000000000000853,-0.10000000000000853,67.6,67.7,67.6,67.7,62.0,8.0,9996.0,200.0,False,False
2615,2022-11-02 09:23:43.332106,-0.001477104874446189,-0.001477104874446189,-0.10000000000000853,-0.10000000000000853,67.6,67.7,67.6,67.7,62.0,9.0,9996.0,200.0,False,False
2615,2022-11-02 09:23:50.578739,-0.001477104874446189,-0.001477104874446189,-0.10000000000000853,-0.10000000000000853,67.6,67.7,67.6,67.7,62.0,8.0,9996.0,200.0,False,False
2615,2022-11-02 09:23:52.364274,-0.001477104874446189,-0.001477104874446189,-0.10000000000000853,-0.10000000000000853,67.6,67.7,67.6,67.7,62.0,7.0,9996.0,200.0,False,False
2615,2022-11-02 09:23:52.465745,-0.001477104874446189,-0.001477104874446189,-0.10000000000000853,-0.10000000000000853,67.6,67.7,67.6,67.7,62.0,7.0,9996.0,200.0,False,False
2615,2022-11-02 09:23:52.883313,-0.001477104874446189,-0.001477104874446189,-0.10000000000000853,-0.10000000000000853,67.6,67.7,67.6,67.7,62.0,6.0,9996.0,200.0,False,False
2615,2022-11-02 09:23:53.369808,-0.001477104874446189,-0.001477104874446189,-0.10000000000000853,-0.10000000000000853,67.6,67.7,67.6,67.7,62.0,6.0,9996.0,200.0,False,False
2615,2022-11-02 09:23:53.575585,-0.001477104874446189,-0.001477104874446189,-0.10000000000000853,-0.10000000000000853,67.6,67.7,67.6,67.7,62.0,5.0,9996.0,200.0,False,False
2615,2022-11-02 09:23:53.599839,-0.001477104874446189,-0.001477104874446189,-0.10000000000000853,-0.10000000000000853,67.6,67.7,67.6,67.7,62.0,5.0,9996.0,200.0,False,False
2615,2022-11-02 09:23:53.645762,-0.001477104874446189,-0.001477104874446189,-0.10000000000000853,-0.10000000000000853,67.6,67.7,67.6,67.7,62.0,7.0,9996.0,200.0,False,False
2615,2022-11-02 09:23:53.795111,-0.001477104874446189,-0.001477104874446189,-0.10000000000000853,-0.10000000000000853,67.6,67.7,67.6,67.7,62.0,6.0,9996.0,200.0,False,False
2615,2022-11-02 09:23:53.759208,-0.001477104874446189,-0.001477104874446189,-0.10000000000000853,-0.10000000000000853,67.6,67.7,67.6,67.7,62.0,7.0,9996.0,200.0,False,False
2615,2022-11-02 09:23:53.941279,-0.001477104874446189,-0.001477104874446189,-0.10000000000000853,-0.10000000000000853,67.6,67.7,67.6,67.7,63.0,6.0,9996.0,200.0,False,False
2615,2022-11-02 09:23:54.761067,-0.001477104874446189,-0.001477104874446189,-0.10000000000000853,-0.10000000000000853,67.6,67.7,67.6,67.7,63.0,6.0,9996.0,200.0,False,False
2615,2022-11-02 09:23:54.762986,-0.001477104874446189,-0.001477104874446189,-0.10000000000000853,-0.10000000000000853,67.6,67.7,67.6,67.7,63.0,7.0,9996.0,200.0,False,False
2615,2022-11-02 09:23:55.038171,-0.001477104874446189,-0.001477104874446189,-0.10000000000000853,-0.10000000000000853,67.6,67.7,67.6,67.7,63.0,7.0,9996.0,200.0,False,False
2615,2022-11-02 09:23:55.054091,-0.001477104874446189,-0.001477104874446189,-0.10000000000000853,-0.10000000000000853,67.6,67.7,67.6,67.7,63.0,6.0,9996.0,200.0,False,False
2615,2022-11-02 09:23:55.817206,-0.001477104874446189,-0.001477104874446189,-0.10000000000000853,-0.10000000000000853,67.6,67.7,67.6,67.7,63.0,6.0,9996.0,200.0,False,False
2615,2022-11-02 09:23:57.217348,-0.001477104874446189,-0.001477104874446189,-0.10000000000000853,-0.10000000000000853,67.6,67.7,67.6,67.7,63.0,6.0,9996.0,200.0,True,True
2615,2022-11-02 09:23:59.564083,-0.001477104874446189,-0.001477104874446189,-0.10000000000000853,-0.10000000000000853,67.6,67.7,67.6,67.7,63.0,6.0,9996.0,200.0,False,False
2615,2022-11-02 09:23:59.614968,-0.001477104874446189,-0.001477104874446189,-0.10000000000000853,-0.10000000000000853,67.6,67.7,67.6,67.7,63.0,6.0,9996.0,200.0,False,False
2615,2022-11-02 09:23:59.673164,-0.001477104874446189,-0.001477104874446189,-0.10000000000000853,-0.10000000000000853,67.6,67.7,67.6,67.7,62.0,14.0,9996.0,200.0,False,False
2615,2022-11-02 09:23:59.818431,-0.001477104874446189,-0.001477104874446189,-0.10000000000000853,-0.10000000000000853,67.6,67.7,67.6,67.7,62.0,14.0,9996.0,200.0,False,False
2615,2022-11-02 09:23:59.906851,-0.001477104874446189,-0.001477104874446189,-0.10000000000000853,-0.10000000000000853,67.6,67.7,67.6,67.7,62.0,14.0,9996.0,200.0,False,False
2615,2022-11-02 09:24:00.027881,-0.001477104874446189,-0.001477104874446189,-0.10000000000000853,-0.10000000000000853,67.6,67.7,67.6,67.7,62.0,13.0,9996.0,200.0,False,False
2615,2022-11-02 09:24:00.031127,-0.001477104874446189,-0.001477104874446189,-0.10000000000000853,-0.10000000000000853,67.6,67.7,67.6,67.7,62.0,11.0,9996.0,200.0,False,False
2615,2022-11-02 09:24:00.060079,-0.001477104874446189,-0.001477104874446189,-0.10000000000000853,-0.10000000000000853,67.6,67.7,67.6,67.7,62.0,11.0,9996.0,200.0,False,False
2615,2022-11-02 09:24:00.217007,-0.001477104874446189,-0.001477104874446189,-0.10000000000000853,-0.10000000000000853,67.6,67.7,67.6,67.7,62.0,11.0,9996.0,200.0,False,False
2615,2022-11-02 09:24:00.357347,-0.001477104874446189,-0.001477104874446189,-0.10000000000000853,-0.10000000000000853,67.6,67.7,67.6,67.7,62.0,11.0,9996.0,200.0,False,False
2615,2022-11-02 09:24:00.613815,-0.001477104874446189,-0.001477104874446189,-0.10000000000000853,-0.10000000000000853,67.6,67.7,67.6,67.7,62.0,11.0,9996.0,200.0,False,False
2615,2022-11-02 09:24:03.234339,-0.001477104874446189,-0.001477104874446189,-0.10000000000000853,-0.10000000000000853,67.6,67.7,67.6,67.7,63.0,11.0,9996.0,200.0,False,False
2615,2022-11-02 09:24:04.821714,-0.001477104874446189,-0.001477104874446189,-0.10000000000000853,-0.10000000000000853,67.6,67.7,67.6,67.7,63.0,10.0,9996.0,200.0,False,False
2615,2022-11-02 09:24:04.917541,-0.001477104874446189,-0.001477104874446189,-0.10000000000000853,-0.10000000000000853,67.6,67.7,67.6,67.7,63.0,10.0,9996.0,200.0,False,False
2615,2022-11-02 09:24:05.229937,-0.001477104874446189,-0.001477104874446189,-0.10000000000000853,-0.10000000000000853,67.6,67.7,67.6,67.7,63.0,9.0,9996.0,200.0,False,False
2615,2022-11-02 09:24:06.063302,-0.001477104874446189,-0.001477104874446189,-0.10000000000000853,-0.10000000000000853,67.6,67.7,67.6,67.7,63.0,6.0,9996.0,200.0,False,False
2615,2022-11-02 09:24:06.322165,-0.001477104874446189,-0.001477104874446189,-0.10000000000000853,-0.10000000000000853,67.6,67.7,67.6,67.7,63.0,8.0,9996.0,200.0,False,False
2615,2022-11-02 09:24:07.147328,-0.001477104874446189,-0.001477104874446189,-0.10000000000000853,-0.10000000000000853,67.6,67.7,67.6,67.7,63.0,9.0,9996.0,200.0,False,False
2615,2022-11-02 09:24:07.255406,-0.001477104874446189,-0.001477104874446189,-0.10000000000000853,-0.10000000000000853,67.6,67.7,67.6,67.7,63.0,9.0,9996.0,200.0,True,True
2615,2022-11-02 09:24:09.171683,-0.001477104874446189,-0.001477104874446189,-0.10000000000000853,-0.10000000000000853,67.6,67.7,67.6,67.7,63.0,9.0,9996.0,200.0,False,False
2615,2022-11-02 09:24:09.512151,-0.001477104874446189,-0.001477104874446189,-0.10000000000000853,-0.10000000000000853,67.6,67.7,67.6,67.7,63.0,10.0,9996.0,200.0,False,False
2615,2022-11-02 09:24:09.641875,-0.001477104874446189,-0.001477104874446189,-0.10000000000000853,-0.10000000000000853,67.6,67.7,67.6,67.7,63.0,9.0,9996.0,200.0,False,False
2615,2022-11-02 09:24:11.411458,-0.001477104874446189,-0.001477104874446189,-0.10000000000000853,-0.10000000000000853,67.6,67.7,67.6,67.7,63.0,9.0,9996.0,200.0,False,False
2615,2022-11-02 09:24:12.299584,-0.001477104874446189,-0.001477104874446189,-0.10000000000000853,-0.10000000000000853,67.6,67.7,67.6,67.7,63.0,4.0,9996.0,200.0,False,False
2615,2022-11-02 09:24:12.337198,-0.001477104874446189,-0.001477104874446189,-0.10000000000000853,-0.10000000000000853,67.6,67.7,67.6,67.7,64.0,4.0,9996.0,200.0,False,False
2615,2022-11-02 09:24:12.647266,-0.001477104874446189,-0.001477104874446189,-0.10000000000000853,-0.10000000000000853,67.6,67.7,67.6,67.7,64.0,5.0,9996.0,200.0,False,False
2615,2022-11-02 09:24:13.857454,-0.001477104874446189,-0.001477104874446189,-0.10000000000000853,-0.10000000000000853,67.6,67.7,67.6,67.7,64.0,4.0,9996.0,200.0,False,False
2615,2022-11-02 09:24:14.690862,-0.001477104874446189,-0.001477104874446189,-0.10000000000000853,-0.10000000000000853,67.6,67.7,67.6,67.7,64.0,4.0,9996.0,200.0,False,False
2615,2022-11-02 09:24:14.712032,-0.001477104874446189,-0.001477104874446189,-0.10000000000000853,-0.10000000000000853,67.6,67.7,67.6,67.7,66.0,4.0,9996.0,200.0,False,False
2615,2022-11-02 09:24:14.896402,-0.001477104874446189,-0.001477104874446189,-0.10000000000000853,-0.10000000000000853,67.6,67.7,67.6,67.7,66.0,6.0,9996.0,200.0,False,False
2615,2022-11-02 09:24:14.934043,-0.001477104874446189,-0.001477104874446189,-0.10000000000000853,-0.10000000000000853,67.6,67.7,67.6,67.7,65.0,6.0,9996.0,200.0,False,False
2615,2022-11-02 09:24:16.743769,-0.001477104874446189,-0.001477104874446189,-0.10000000000000853,-0.10000000000000853,67.6,67.7,67.6,67.7,65.0,5.0,9996.0,200.0,False,False
2615,2022-11-02 09:24:17.297569,-0.001477104874446189,-0.001477104874446189,-0.10000000000000853,-0.10000000000000853,67.6,67.7,67.6,67.7,65.0,5.0,9996.0,350.0,True,True
2615,2022-11-02 09:24:17.733638,-0.001477104874446189,-0.001477104874446189,-0.10000000000000853,-0.10000000000000853,67.6,67.7,67.6,67.7,65.0,4.0,9996.0,350.0,False,False
2615,2022-11-02 09:24:18.023332,-0.001477104874446189,-0.001477104874446189,-0.10000000000000853,-0.10000000000000853,67.6,67.7,67.6,67.7,65.0,3.0,9996.0,350.0,False,False
2615,2022-11-02 09:24:18.574849,-0.001477104874446189,-0.001477104874446189,-0.10000000000000853,-0.10000000000000853,67.6,67.7,67.6,67.7,65.0,2.0,9996.0,350.0,False,False
2615,2022-11-02 09:24:19.435654,-0.001477104874446189,-0.001477104874446189,-0.10000000000000853,-0.10000000000000853,67.6,67.7,67.6,67.7,65.0,3.0,9996.0,350.0,False,False
2615,2022-11-02 09:24:20.338054,-0.001477104874446189,-0.001477104874446189,-0.10000000000000853,-0.10000000000000853,67.6,67.7,67.6,67.7,65.0,2.0,9996.0,350.0,False,False
2615,2022-11-02 09:24:20.594202,-0.001477104874446189,-0.001477104874446189,-0.10000000000000853,-0.10000000000000853,67.6,67.7,67.6,67.7,65.0,1.0,9996.0,350.0,False,False
2615,2022-11-02 09:24:20.732123,-0.002949852507374673,-0.001477104874446189,-0.20000000000000284,-0.10000000000000853,67.6,67.8,67.6,67.7,65.0,65.0,9996.0,350.0,False,False
2615,2022-11-02 09:24:20.749394,-0.002949852507374673,0.0,-0.20000000000000284,0.0,67.7,67.8,67.6,67.7,1.0,65.0,9996.0,350.0,False,False
2615,2022-11-02 09:24:20.824317,-0.002949852507374673,0.0,-0.20000000000000284,0.0,67.7,67.8,67.6,67.7,11.0,65.0,9996.0,350.0,False,False
2615,2022-11-02 09:24:20.873038,-0.002949852507374673,0.0,-0.20000000000000284,0.0,67.7,67.8,67.6,67.7,21.0,65.0,9996.0,350.0,False,False
2615,2022-11-02 09:24:20.974924,-0.002949852507374673,0.0,-0.20000000000000284,0.0,67.7,67.8,67.6,67.7,21.0,65.0,9996.0,350.0,False,False
2615,2022-11-02 09:24:21.196933,-0.002949852507374673,0.0,-0.20000000000000284,0.0,67.7,67.8,67.6,67.7,21.0,65.0,9996.0,350.0,False,False
2615,2022-11-02 09:24:21.451098,-0.002949852507374673,0.0,-0.20000000000000284,0.0,67.7,67.8,67.6,67.7,21.0,65.0,9996.0,350.0,False,False
2615,2022-11-02 09:24:21.452847,-0.002949852507374673,0.0,-0.20000000000000284,0.0,67.7,67.8,67.6,67.7,21.0,67.0,9996.0,350.0,False,False
2615,2022-11-02 09:24:22.119775,-0.002949852507374673,0.0,-0.20000000000000284,0.0,67.7,67.8,67.6,67.7,22.0,67.0,9996.0,350.0,False,False
2615,2022-11-02 09:24:22.455535,-0.002949852507374673,0.0,-0.20000000000000284,0.0,67.7,67.8,67.6,67.7,23.0,67.0,9996.0,350.0,False,False
2615,2022-11-02 09:24:22.763414,-0.002949852507374673,0.0,-0.20000000000000284,0.0,67.7,67.8,67.6,67.7,23.0,81.0,9996.0,350.0,False,False
2615,2022-11-02 09:24:23.782110,-0.002949852507374673,0.0,-0.20000000000000284,0.0,67.7,67.8,67.6,67.7,25.0,81.0,9996.0,350.0,False,False
2615,2022-11-02 09:24:24.434340,-0.002949852507374673,0.0,-0.20000000000000284,0.0,67.7,67.8,67.6,67.7,25.0,81.0,9996.0,350.0,False,False
2615,2022-11-02 09:24:25.429173,-0.002949852507374673,0.0,-0.20000000000000284,0.0,67.7,67.8,67.6,67.7,26.0,81.0,9996.0,350.0,False,False
2615,2022-11-02 09:24:25.696566,-0.002949852507374673,0.0,-0.20000000000000284,0.0,67.7,67.8,67.6,67.7,25.0,81.0,9996.0,350.0,False,False
2615,2022-11-02 09:24:26.318243,-0.002949852507374673,0.0,-0.20000000000000284,0.0,67.7,67.8,67.6,67.7,26.0,81.0,9996.0,350.0,False,False
2615,2022-11-02 09:24:26.387149,-0.002949852507374673,0.0,-0.20000000000000284,0.0,67.7,67.8,67.6,67.7,16.0,81.0,9996.0,350.0,False,False
2615,2022-11-02 09:24:26.387802,-0.002949852507374673,0.0,-0.20000000000000284,0.0,67.7,67.8,67.6,67.7,6.0,81.0,9996.0,350.0,False,False
2615,2022-11-02 09:24:26.986619,-0.002949852507374673,0.0,-0.20000000000000284,0.0,67.7,67.8,67.6,67.7,6.0,81.0,9996.0,350.0,False,False
2615,2022-11-02 09:24:26.989353,-0.002949852507374673,0.0,-0.20000000000000284,0.0,67.7,67.8,67.6,67.7,6.0,81.0,9996.0,350.0,False,False
2615,2022-11-02 09:24:27.108344,-0.002949852507374673,0.0,-0.20000000000000284,0.0,67.7,67.8,67.6,67.7,6.0,81.0,9996.0,350.0,False,False
2615,2022-11-02 09:24:27.345937,-0.002949852507374673,0.0,-0.20000000000000284,0.0,67.7,67.8,67.6,67.7,6.0,81.0,10096.0,350.0,True,True
2615,2022-11-02 09:24:31.148421,-0.002949852507374673,0.0,-0.20000000000000284,0.0,67.7,67.8,67.6,67.7,6.0,82.0,10096.0,350.0,False,False
2615,2022-11-02 09:24:31.214953,-0.002949852507374673,0.0,-0.20000000000000284,0.0,67.7,67.8,67.6,67.7,8.0,82.0,10096.0,350.0,False,False
2615,2022-11-02 09:24:31.246355,-0.002949852507374673,0.0,-0.20000000000000284,0.0,67.7,67.8,67.6,67.7,8.0,82.0,10096.0,350.0,False,False
2615,2022-11-02 09:24:31.764394,-0.002949852507374673,0.0,-0.20000000000000284,0.0,67.7,67.8,67.6,67.7,8.0,82.0,10096.0,350.0,False,False
2615,2022-11-02 09:24:32.138883,-0.002949852507374673,0.0,-0.20000000000000284,0.0,67.7,67.8,67.6,67.7,7.0,82.0,10096.0,350.0,False,False
2615,2022-11-02 09:24:34.401170,-0.002949852507374673,0.0,-0.20000000000000284,0.0,67.7,67.8,67.6,67.7,17.0,82.0,10096.0,350.0,False,False
2615,2022-11-02 09:24:34.924046,-0.002949852507374673,0.0,-0.20000000000000284,0.0,67.7,67.8,67.6,67.7,19.0,82.0,10096.0,350.0,False,False
2615,2022-11-02 09:24:35.796337,-0.002949852507374673,0.0,-0.20000000000000284,0.0,67.7,67.8,67.6,67.7,19.0,82.0,10096.0,350.0,False,False
2615,2022-11-02 09:24:35.806807,-0.002949852507374673,0.0,-0.20000000000000284,0.0,67.7,67.8,67.6,67.7,19.0,82.0,10096.0,350.0,False,False
2615,2022-11-02 09:24:35.850806,-0.002949852507374673,0.0,-0.20000000000000284,0.0,67.7,67.8,67.6,67.7,19.0,84.0,10096.0,350.0,False,False
2615,2022-11-02 09:24:36.020021,-0.002949852507374673,0.0,-0.20000000000000284,0.0,67.7,67.8,67.6,67.7,19.0,84.0,10096.0,350.0,False,False
2615,2022-11-02 09:24:37.386071,-0.002949852507374673,0.0,-0.20000000000000284,0.0,67.7,67.8,67.6,67.7,19.0,84.0,10096.0,350.0,True,True
2615,2022-11-02 09:24:37.859353,-0.002949852507374673,0.0,-0.20000000000000284,0.0,67.7,67.8,67.6,67.7,21.0,84.0,10096.0,350.0,False,False
2615,2022-11-02 09:24:37.911597,-0.002949852507374673,0.0,-0.20000000000000284,0.0,67.7,67.8,67.6,67.7,21.0,84.0,10096.0,350.0,False,False
2615,2022-11-02 09:24:38.129219,-0.002949852507374673,0.0,-0.20000000000000284,0.0,67.7,67.8,67.6,67.7,26.0,84.0,10096.0,350.0,False,False
2615,2022-11-02 09:24:38.287950,-0.002949852507374673,0.0,-0.20000000000000284,0.0,67.7,67.8,67.6,67.7,26.0,84.0,10096.0,350.0,False,False
2615,2022-11-02 09:24:38.317290,-0.002949852507374673,0.0,-0.20000000000000284,0.0,67.7,67.8,67.6,67.7,27.0,84.0,10096.0,350.0,False,False
2615,2022-11-02 09:24:41.349721,-0.002949852507374673,0.0,-0.20000000000000284,0.0,67.7,67.8,67.6,67.7,30.0,84.0,10096.0,350.0,False,False
2615,2022-11-02 09:24:42.217177,-0.002949852507374673,0.0,-0.20000000000000284,0.0,67.7,67.8,67.6,67.7,30.0,84.0,10096.0,350.0,False,False
2615,2022-11-02 09:24:42.373140,-0.002949852507374673,0.0,-0.20000000000000284,0.0,67.7,67.8,67.6,67.7,30.0,84.0,10096.0,350.0,False,False
2615,2022-11-02 09:24:42.422410,-0.002949852507374673,0.0,-0.20000000000000284,0.0,67.7,67.8,67.6,67.7,30.0,84.0,10096.0,350.0,False,False
2615,2022-11-02 09:24:42.522564,-0.002949852507374673,0.0,-0.20000000000000284,0.0,67.7,67.8,67.6,67.7,30.0,84.0,10096.0,350.0,False,False
2615,2022-11-02 09:24:42.809707,-0.002949852507374673,0.0,-0.20000000000000284,0.0,67.7,67.8,67.6,67.7,31.0,84.0,10096.0,350.0,False,False
2615,2022-11-02 09:24:43.101922,-0.002949852507374673,0.0,-0.20000000000000284,0.0,67.7,67.8,67.6,67.7,31.0,84.0,10096.0,350.0,False,False
2615,2022-11-02 09:24:43.749077,-0.002949852507374673,0.0,-0.20000000000000284,0.0,67.7,67.8,67.6,67.7,31.0,84.0,10096.0,350.0,False,False
2615,2022-11-02 09:24:44.296203,-0.002949852507374673,0.0,-0.20000000000000284,0.0,67.7,67.8,67.6,67.7,30.0,84.0,10096.0,350.0,False,False
2615,2022-11-02 09:24:45.169319,-0.002949852507374673,0.0,-0.20000000000000284,0.0,67.7,67.8,67.6,67.7,30.0,84.0,10096.0,350.0,False,False
2615,2022-11-02 09:24:45.769763,-0.002949852507374673,0.0,-0.20000000000000284,0.0,67.7,67.8,67.6,67.7,29.0,84.0,10096.0,350.0,False,False
2615,2022-11-02 09:24:47.423154,-0.002949852507374673,0.0,-0.20000000000000284,0.0,67.7,67.8,67.6,67.7,29.0,84.0,10096.0,350.0,True,True
2615,2022-11-02 09:24:49.706409,-0.002949852507374673,0.0,-0.20000000000000284,0.0,67.7,67.8,67.6,67.7,30.0,84.0,10096.0,350.0,False,False
2615,2022-11-02 09:24:51.970654,-0.002949852507374673,0.0,-0.20000000000000284,0.0,67.7,67.8,67.6,67.7,30.0,88.0,10096.0,350.0,False,False
2615,2022-11-02 09:24:53.344898,-0.002949852507374673,0.0,-0.20000000000000284,0.0,67.7,67.8,67.6,67.7,30.0,88.0,10096.0,350.0,False,False
2615,2022-11-02 09:24:54.566660,-0.002949852507374673,0.0,-0.20000000000000284,0.0,67.7,67.8,67.6,67.7,30.0,88.0,10096.0,350.0,False,False
2615,2022-11-02 09:24:56.705769,-0.002949852507374673,0.0,-0.20000000000000284,0.0,67.7,67.8,67.6,67.7,31.0,88.0,10096.0,350.0,False,False
2615,2022-11-02 09:24:57.461286,-0.002949852507374673,0.0,-0.20000000000000284,0.0,67.7,67.8,67.6,67.7,31.0,88.0,10563.0,350.0,True,True
2615,2022-11-02 09:24:58.919131,-0.002949852507374673,0.0,-0.20000000000000284,0.0,67.7,67.8,67.6,67.7,31.0,98.0,10563.0,350.0,False,False
2615,2022-11-02 09:24:58.976776,-0.002949852507374673,0.0,-0.20000000000000284,0.0,67.7,67.8,67.6,67.7,31.0,98.0,10563.0,350.0,False,False
2615,2022-11-02 09:25:00.816107,-0.002949852507374673,0.0,-0.20000000000000284,0.0,67.7,67.8,67.6,67.7,31.0,98.0,10563.0,350.0,False,False
2615,2022-11-02 09:25:00.849687,-0.002949852507374673,0.0,-0.20000000000000284,0.0,67.7,67.8,67.6,67.7,31.0,99.0,10563.0,350.0,False,False
2615,2022-11-02 09:25:00.882608,-0.002949852507374673,0.0,-0.20000000000000284,0.0,67.7,67.8,67.6,67.7,31.0,98.0,10563.0,350.0,False,False
2615,2022-11-02 09:25:01.171196,-0.002949852507374673,0.0,-0.20000000000000284,0.0,67.7,67.8,67.6,67.7,31.0,100.0,10563.0,350.0,False,False
2615,2022-11-02 09:25:01.221509,-0.002949852507374673,0.0,-0.20000000000000284,0.0,67.7,67.8,67.6,67.7,31.0,100.0,10563.0,350.0,False,False
2615,2022-11-02 09:25:01.296384,-0.002949852507374673,0.0,-0.20000000000000284,0.0,67.7,67.8,67.6,67.7,31.0,100.0,10563.0,350.0,False,False
2615,2022-11-02 09:25:01.473745,-0.002949852507374673,0.0,-0.20000000000000284,0.0,67.7,67.8,67.6,67.7,26.0,100.0,10563.0,350.0,False,False
2615,2022-11-02 09:25:01.437881,-0.002949852507374673,0.0,-0.20000000000000284,0.0,67.7,67.8,67.6,67.7,31.0,100.0,10563.0,350.0,False,False
2615,2022-11-02 09:25:01.504309,-0.002949852507374673,0.0,-0.20000000000000284,0.0,67.7,67.8,67.6,67.7,26.0,101.0,10563.0,350.0,False,False
2615,2022-11-02 09:25:02.739644,-0.002949852507374673,0.0,-0.20000000000000284,0.0,67.7,67.8,67.6,67.7,26.0,101.0,10563.0,350.0,False,False
2615,2022-11-02 09:25:06.074785,-0.002949852507374673,0.0,-0.20000000000000284,0.0,67.7,67.8,67.6,67.7,16.0,101.0,10563.0,350.0,False,False
2615,2022-11-02 09:25:06.869592,-0.002949852507374673,0.0,-0.20000000000000284,0.0,67.7,67.8,67.6,67.7,16.0,101.0,573.0,350.0,False,True
2615,2022-11-02 09:25:07.217131,-0.002949852507374673,0.0,-0.20000000000000284,0.0,67.7,67.8,67.6,67.7,18.0,101.0,573.0,350.0,False,False
2615,2022-11-02 09:25:07.877862,-0.002949852507374673,0.0,-0.20000000000000284,0.0,67.7,67.8,67.6,67.7,18.0,101.0,573.0,350.0,False,False
2615,2022-11-02 09:25:09.830540,-0.002949852507374673,0.0,-0.20000000000000284,0.0,67.7,67.8,67.6,67.7,17.0,101.0,573.0,350.0,False,False
2615,2022-11-02 09:25:11.162988,-0.002949852507374673,0.0,-0.20000000000000284,0.0,67.7,67.8,67.6,67.7,13.0,101.0,573.0,350.0,False,False
2615,2022-11-02 09:25:14.551939,-0.002949852507374673,0.0,-0.20000000000000284,0.0,67.7,67.8,67.6,67.7,12.0,101.0,573.0,350.0,False,False
2615,2022-11-02 09:25:15.100793,-0.002949852507374673,0.0,-0.20000000000000284,0.0,67.7,67.8,67.6,67.7,11.0,100.0,573.0,350.0,False,False
2615,2022-11-02 09:25:15.105859,-0.002949852507374673,0.0,-0.20000000000000284,0.0,67.7,67.8,67.6,67.7,9.0,98.0,573.0,350.0,False,False
2615,2022-11-02 09:25:17.036064,-0.002949852507374673,0.0,-0.20000000000000284,0.0,67.7,67.8,67.6,67.7,7.0,98.0,573.0,350.0,False,False
2615,2022-11-02 09:25:17.062213,-0.002949852507374673,0.0,-0.20000000000000284,0.0,67.7,67.8,67.6,67.7,7.0,98.0,10563.0,350.0,True,True
2615,2022-11-02 09:25:17.168355,-0.002949852507374673,0.0,-0.20000000000000284,0.0,67.7,67.8,67.6,67.7,7.0,98.0,10563.0,350.0,False,False
2615,2022-11-02 09:25:17.421571,-0.002949852507374673,0.0,-0.20000000000000284,0.0,67.7,67.8,67.6,67.7,7.0,102.0,10563.0,350.0,False,False
2615,2022-11-02 09:25:18.111996,-0.002949852507374673,0.0,-0.20000000000000284,0.0,67.7,67.8,67.6,67.7,8.0,102.0,10563.0,350.0,False,False
2615,2022-11-02 09:25:19.992567,-0.002949852507374673,0.0,-0.20000000000000284,0.0,67.7,67.8,67.6,67.7,6.0,102.0,10563.0,350.0,False,False
2615,2022-11-02 09:25:20.360668,-0.002949852507374673,0.0,-0.20000000000000284,0.0,67.7,67.8,67.6,67.7,6.0,101.0,10563.0,350.0,False,False
2615,2022-11-02 09:25:20.366342,-0.002949852507374673,0.0,-0.20000000000000284,0.0,67.7,67.8,67.6,67.7,6.0,101.0,10563.0,350.0,False,False
2615,2022-11-02 09:25:20.465537,-0.002949852507374673,0.0,-0.20000000000000284,0.0,67.7,67.8,67.6,67.7,6.0,101.0,10563.0,350.0,False,False
2615,2022-11-02 09:25:20.661377,-0.002949852507374673,0.0,-0.20000000000000284,0.0,67.7,67.8,67.6,67.7,6.0,101.0,10563.0,350.0,False,False
2615,2022-11-02 09:25:20.760103,-0.002949852507374673,0.0,-0.20000000000000284,0.0,67.7,67.8,67.6,67.7,6.0,101.0,10563.0,350.0,False,False
2615,2022-11-02 09:25:20.790419,-0.002949852507374673,0.0,-0.20000000000000284,0.0,67.7,67.8,67.6,67.7,6.0,101.0,10563.0,350.0,False,False
2615,2022-11-02 09:25:21.491140,-0.002949852507374673,0.0,-0.20000000000000284,0.0,67.7,67.8,67.6,67.7,7.0,101.0,10563.0,350.0,False,False
2615,2022-11-02 09:25:21.519795,-0.002949852507374673,0.0,-0.20000000000000284,0.0,67.7,67.8,67.6,67.7,7.0,96.0,10563.0,350.0,False,False
2615,2022-11-02 09:25:21.831387,-0.002949852507374673,0.0,-0.20000000000000284,0.0,67.7,67.8,67.6,67.7,8.0,96.0,10563.0,350.0,False,False
2615,2022-11-02 09:25:21.947657,-0.002949852507374673,0.0,-0.20000000000000284,0.0,67.7,67.8,67.6,67.7,9.0,96.0,10563.0,350.0,False,False
2615,2022-11-02 09:25:21.957165,-0.002949852507374673,0.0,-0.20000000000000284,0.0,67.7,67.8,67.6,67.7,12.0,96.0,10563.0,350.0,False,False
2615,2022-11-02 09:25:21.994581,-0.002949852507374673,0.0,-0.20000000000000284,0.0,67.7,67.8,67.6,67.7,11.0,96.0,10563.0,350.0,False,False
2615,2022-11-02 09:25:22.170655,-0.002949852507374673,0.0,-0.20000000000000284,0.0,67.7,67.8,67.6,67.7,11.0,95.0,10563.0,350.0,False,False
2615,2022-11-02 09:25:23.070664,-0.002949852507374673,0.0,-0.20000000000000284,0.0,67.7,67.8,67.6,67.7,12.0,95.0,10563.0,350.0,False,False
2615,2022-11-02 09:25:23.880413,-0.002949852507374673,0.0,-0.20000000000000284,0.0,67.7,67.8,67.6,67.7,12.0,97.0,10563.0,350.0,False,False
2615,2022-11-02 09:25:24.083735,-0.002949852507374673,0.0,-0.20000000000000284,0.0,67.7,67.8,67.6,67.7,12.0,97.0,10563.0,350.0,False,False
2615,2022-11-02 09:25:24.085747,-0.002949852507374673,0.0,-0.20000000000000284,0.0,67.7,67.8,67.6,67.7,12.0,97.0,10563.0,350.0,False,False
2615,2022-11-02 09:25:24.158053,-0.002949852507374673,0.0,-0.20000000000000284,0.0,67.7,67.8,67.6,67.7,11.0,97.0,10563.0,350.0,False,False
2615,2022-11-02 09:25:24.198814,-0.002949852507374673,0.0,-0.20000000000000284,0.0,67.7,67.8,67.6,67.7,11.0,97.0,10563.0,350.0,False,False
2615,2022-11-02 09:25:24.314681,-0.002949852507374673,0.0,-0.20000000000000284,0.0,67.7,67.8,67.6,67.7,12.0,97.0,10563.0,350.0,False,False
2615,2022-11-02 09:25:24.443480,-0.002949852507374673,0.0,-0.20000000000000284,0.0,67.7,67.8,67.6,67.7,12.0,97.0,10563.0,350.0,False,False
2615,2022-11-02 09:25:25.835514,-0.002949852507374673,0.0,-0.20000000000000284,0.0,67.7,67.8,67.6,67.7,12.0,97.0,10563.0,350.0,False,False
2615,2022-11-02 09:25:27.066428,-0.002949852507374673,0.0,-0.20000000000000284,0.0,67.7,67.8,67.6,67.7,12.0,97.0,10563.0,360.0,True,True
2615,2022-11-02 09:25:28.125167,-0.002949852507374673,0.0,-0.20000000000000284,0.0,67.7,67.8,67.6,67.7,14.0,97.0,10563.0,360.0,False,False
2615,2022-11-02 09:25:28.189234,-0.002949852507374673,0.0,-0.20000000000000284,0.0,67.7,67.8,67.6,67.7,15.0,97.0,10563.0,360.0,False,False
2615,2022-11-02 09:25:29.595273,-0.002949852507374673,0.0,-0.20000000000000284,0.0,67.7,67.8,67.6,67.7,14.0,97.0,10563.0,360.0,False,False
2615,2022-11-02 09:25:30.018415,-0.002949852507374673,0.0,-0.20000000000000284,0.0,67.7,67.8,67.6,67.7,14.0,96.0,10563.0,360.0,False,False
2615,2022-11-02 09:25:30.230137,-0.002949852507374673,0.0,-0.20000000000000284,0.0,67.7,67.8,67.6,67.7,15.0,96.0,10563.0,360.0,False,False
2615,2022-11-02 09:25:30.255698,-0.002949852507374673,0.0,-0.20000000000000284,0.0,67.7,67.8,67.6,67.7,15.0,67.0,10563.0,360.0,False,False
2615,2022-11-02 09:25:30.285564,-0.002949852507374673,0.0,-0.20000000000000284,0.0,67.7,67.8,67.6,67.7,22.0,67.0,10563.0,360.0,False,False
2615,2022-11-02 09:25:30.614087,-0.002949852507374673,0.0,-0.20000000000000284,0.0,67.7,67.8,67.6,67.7,24.0,67.0,10563.0,360.0,False,False
2615,2022-11-02 09:25:30.898637,-0.002949852507374673,0.0,-0.20000000000000284,0.0,67.7,67.8,67.6,67.7,25.0,67.0,10563.0,360.0,False,False
2615,2022-11-02 09:25:32.180040,-0.002949852507374673,0.0,-0.20000000000000284,0.0,67.7,67.8,67.6,67.7,24.0,67.0,10563.0,360.0,False,False
2615,2022-11-02 09:25:32.452802,-0.002949852507374673,0.0,-0.20000000000000284,0.0,67.7,67.8,67.6,67.7,24.0,68.0,10563.0,360.0,False,False
2615,2022-11-02 09:25:32.593496,-0.002949852507374673,0.0,-0.20000000000000284,0.0,67.7,67.8,67.6,67.7,24.0,68.0,10563.0,360.0,False,False
2615,2022-11-02 09:25:35.033200,-0.002949852507374673,0.0,-0.20000000000000284,0.0,67.7,67.8,67.6,67.7,24.0,58.0,10563.0,360.0,False,False
2615,2022-11-02 09:25:36.630416,-0.002949852507374673,0.0,-0.20000000000000284,0.0,67.7,67.8,67.6,67.7,24.0,58.0,10563.0,360.0,False,False
2615,2022-11-02 09:25:38.138263,-0.002949852507374673,0.0,-0.20000000000000284,0.0,67.7,67.8,67.6,67.7,25.0,58.0,10563.0,360.0,False,False
2615,2022-11-02 09:25:39.594239,-0.002949852507374673,0.0,-0.20000000000000284,0.0,67.7,67.8,67.6,67.7,25.0,58.0,10563.0,360.0,False,False
2615,2022-11-02 09:25:39.906490,-0.002949852507374673,0.0,-0.20000000000000284,0.0,67.7,67.8,67.6,67.7,25.0,57.0,10563.0,360.0,False,False
2615,2022-11-02 09:25:41.314782,-0.002949852507374673,0.0,-0.20000000000000284,0.0,67.7,67.8,67.6,67.7,24.0,57.0,10563.0,360.0,False,False
2615,2022-11-02 09:25:41.325199,-0.002949852507374673,0.0,-0.20000000000000284,0.0,67.7,67.8,67.6,67.7,23.0,57.0,10563.0,360.0,False,False
2615,2022-11-02 09:25:43.893935,-0.002949852507374673,0.0,-0.20000000000000284,0.0,67.7,67.8,67.6,67.7,24.0,57.0,10563.0,360.0,False,False
2615,2022-11-02 09:25:44.209314,-0.002949852507374673,0.0,-0.20000000000000284,0.0,67.7,67.8,67.6,67.7,23.0,57.0,10563.0,360.0,False,False
2615,2022-11-02 09:25:45.307187,-0.002949852507374673,0.0,-0.20000000000000284,0.0,67.7,67.8,67.6,67.7,23.0,59.0,10563.0,360.0,False,False
2615,2022-11-02 09:25:45.766701,-0.002949852507374673,0.0,-0.20000000000000284,0.0,67.7,67.8,67.6,67.7,23.0,59.0,10563.0,360.0,False,False
2615,2022-11-02 09:25:47.105423,-0.002949852507374673,0.0,-0.20000000000000284,0.0,67.7,67.8,67.6,67.7,23.0,59.0,10463.0,360.0,True,True
2615,2022-11-02 09:25:47.854979,-0.002949852507374673,0.0,-0.20000000000000284,0.0,67.7,67.8,67.6,67.7,23.0,61.0,10463.0,360.0,False,False
2615,2022-11-02 09:25:48.031849,-0.002949852507374673,0.0,-0.20000000000000284,0.0,67.7,67.8,67.6,67.7,23.0,61.0,10463.0,360.0,False,False
2615,2022-11-02 09:25:48.634917,-0.002949852507374673,0.0,-0.20000000000000284,0.0,67.7,67.8,67.6,67.7,27.0,61.0,10463.0,360.0,False,False
2615,2022-11-02 09:25:49.101385,-0.002949852507374673,0.0,-0.20000000000000284,0.0,67.7,67.8,67.6,67.7,28.0,61.0,10463.0,360.0,False,False
2615,2022-11-02 09:25:50.160904,-0.002949852507374673,0.0,-0.20000000000000284,0.0,67.7,67.8,67.6,67.7,28.0,60.0,10463.0,360.0,False,False
2615,2022-11-02 09:25:50.531404,-0.002949852507374673,0.0,-0.20000000000000284,0.0,67.7,67.8,67.6,67.7,28.0,59.0,10463.0,360.0,False,False
2615,2022-11-02 09:25:50.865772,-0.002949852507374673,0.0,-0.20000000000000284,0.0,67.7,67.8,67.6,67.7,29.0,59.0,10463.0,360.0,False,False
2615,2022-11-02 09:25:52.113818,-0.002949852507374673,0.0,-0.20000000000000284,0.0,67.7,67.8,67.6,67.7,29.0,58.0,10463.0,360.0,False,False
2615,2022-11-02 09:25:53.448890,-0.002949852507374673,0.0,-0.20000000000000284,0.0,67.7,67.8,67.6,67.7,30.0,58.0,10463.0,360.0,False,False
2615,2022-11-02 09:25:53.474184,-0.002949852507374673,0.0,-0.20000000000000284,0.0,67.7,67.8,67.6,67.7,29.0,58.0,10463.0,360.0,False,False
2615,2022-11-02 09:25:55.689393,-0.002949852507374673,0.0,-0.20000000000000284,0.0,67.7,67.8,67.6,67.7,29.0,57.0,10463.0,360.0,False,False
2615,2022-11-02 09:25:56.798309,-0.002949852507374673,0.0,-0.20000000000000284,0.0,67.7,67.8,67.6,67.7,29.0,56.0,10463.0,360.0,False,False
2615,2022-11-02 09:25:57.623462,-0.002949852507374673,0.0,-0.20000000000000284,0.0,67.7,67.8,67.6,67.7,29.0,56.0,10463.0,360.0,False,False
2615,2022-11-02 09:25:58.194815,-0.002949852507374673,0.0,-0.20000000000000284,0.0,67.7,67.8,67.6,67.7,29.0,56.0,10463.0,360.0,False,False
2615,2022-11-02 09:25:58.759153,-0.002949852507374673,0.0,-0.20000000000000284,0.0,67.7,67.8,67.6,67.7,29.0,56.0,10463.0,360.0,False,False
2615,2022-11-02 09:25:59.708991,-0.002949852507374673,0.0,-0.20000000000000284,0.0,67.7,67.8,67.6,67.7,29.0,55.0,10463.0,360.0,False,False
2615,2022-11-02 09:25:59.952155,-0.002949852507374673,0.0,-0.20000000000000284,0.0,67.7,67.8,67.6,67.7,30.0,55.0,10463.0,360.0,False,False
2615,2022-11-02 09:26:01.893259,-0.002949852507374673,0.0,-0.20000000000000284,0.0,67.7,67.8,67.6,67.7,31.0,55.0,10463.0,360.0,False,False
2615,2022-11-02 09:26:01.918935,-0.0044182621502211195,0.0,-0.30000000000001137,0.0,67.7,67.9,67.6,67.7,31.0,89.0,10463.0,360.0,False,False
2615,2022-11-02 09:26:01.940438,-0.0044182621502211195,0.0,-0.30000000000001137,0.0,67.7,67.9,67.6,67.7,35.0,89.0,10463.0,360.0,False,False
2615,2022-11-02 09:26:02.000534,-0.0044182621502211195,0.001477104874445967,-0.30000000000001137,0.09999999999999432,67.8,67.9,67.6,67.7,5.0,89.0,10463.0,360.0,False,False
2615,2022-11-02 09:26:02.142449,-0.0044182621502211195,0.001477104874445967,-0.30000000000001137,0.09999999999999432,67.8,67.9,67.6,67.7,5.0,89.0,10463.0,360.0,False,False
2615,2022-11-02 09:26:02.263287,-0.0044182621502211195,0.001477104874445967,-0.30000000000001137,0.09999999999999432,67.8,67.9,67.6,67.7,5.0,89.0,10463.0,360.0,False,False
2615,2022-11-02 09:26:02.621688,-0.0044182621502211195,0.001477104874445967,-0.30000000000001137,0.09999999999999432,67.8,67.9,67.6,67.7,5.0,89.0,10463.0,360.0,False,False
2615,2022-11-02 09:26:02.756228,-0.0044182621502211195,0.001477104874445967,-0.30000000000001137,0.09999999999999432,67.8,67.9,67.6,67.7,8.0,89.0,10463.0,360.0,False,False
2615,2022-11-02 09:26:04.529552,-0.0044182621502211195,0.001477104874445967,-0.30000000000001137,0.09999999999999432,67.8,67.9,67.6,67.7,9.0,89.0,10463.0,360.0,False,False
2615,2022-11-02 09:26:05.380957,-0.0044182621502211195,0.001477104874445967,-0.30000000000001137,0.09999999999999432,67.8,67.9,67.6,67.7,9.0,89.0,10463.0,360.0,False,False
2615,2022-11-02 09:26:05.733317,-0.0044182621502211195,0.001477104874445967,-0.30000000000001137,0.09999999999999432,67.8,67.9,67.6,67.7,11.0,89.0,10463.0,360.0,False,False
2615,2022-11-02 09:26:05.787050,-0.0044182621502211195,0.001477104874445967,-0.30000000000001137,0.09999999999999432,67.8,67.9,67.6,67.7,11.0,83.0,10463.0,360.0,False,False
