symbol,datetime,NaOb_r,NbOa_r,NaOb_s,NbOa_s,bid1,ask1,odd_bid1,odd_ask1,bidQty1,askQty1,odd_bidQty1,odd_askQty1,simulate,triggerbyOdd
2887,2022-11-02 09:20:10.051614,0.0,-0.0073260073260073,0.0,-0.09999999999999964,13.55,13.6,13.6,13.65,316.0,317.0,201.0,54077.0,True,True
2887,2022-11-02 09:20:17.734600,0.0,-0.0073260073260073,0.0,-0.09999999999999964,13.55,13.6,13.6,13.65,318.0,317.0,201.0,54077.0,False,False
2887,2022-11-02 09:20:18.744894,0.0,-0.0073260073260073,0.0,-0.09999999999999964,13.55,13.6,13.6,13.65,318.0,317.0,201.0,54077.0,False,False
2887,2022-11-02 09:20:20.138599,0.0,-0.0073260073260073,0.0,-0.09999999999999964,13.55,13.6,13.6,13.65,318.0,317.0,201.0,54077.0,True,True
2887,2022-11-02 09:20:21.604704,0.0,-0.0073260073260073,0.0,-0.09999999999999964,13.55,13.6,13.6,13.65,518.0,317.0,201.0,54077.0,False,False
2887,2022-11-02 09:20:21.641592,0.0,-0.0073260073260073,0.0,-0.09999999999999964,13.55,13.6,13.6,13.65,531.0,317.0,201.0,54077.0,False,False
2887,2022-11-02 09:20:21.672274,0.0,-0.0073260073260073,0.0,-0.09999999999999964,13.55,13.6,13.6,13.65,544.0,317.0,201.0,54077.0,False,False
2887,2022-11-02 09:20:23.658606,0.0,-0.0073260073260073,0.0,-0.09999999999999964,13.55,13.6,13.6,13.65,544.0,317.0,201.0,54077.0,False,False
2887,2022-11-02 09:20:23.729043,0.0,-0.0073260073260073,0.0,-0.09999999999999964,13.55,13.6,13.6,13.65,544.0,317.0,201.0,54077.0,False,False
2887,2022-11-02 09:20:28.380117,0.0,-0.0073260073260073,0.0,-0.09999999999999964,13.55,13.6,13.6,13.65,545.0,317.0,201.0,54077.0,False,False
2887,2022-11-02 09:20:30.201239,0.0,-0.0073260073260073,0.0,-0.09999999999999964,13.55,13.6,13.6,13.65,545.0,317.0,201.0,54077.0,True,True
2887,2022-11-02 09:20:34.388422,0.0,-0.0073260073260073,0.0,-0.09999999999999964,13.55,13.6,13.6,13.65,546.0,317.0,201.0,54077.0,False,False
2887,2022-11-02 09:20:37.865133,0.0,-0.0073260073260073,0.0,-0.09999999999999964,13.55,13.6,13.6,13.65,546.0,317.0,201.0,54077.0,False,False
2887,2022-11-02 09:20:40.255178,0.0,-0.0073260073260073,0.0,-0.09999999999999964,13.55,13.6,13.6,13.65,546.0,317.0,201.0,54077.0,True,True
2887,2022-11-02 09:20:45.432107,0.0,-0.0073260073260073,0.0,-0.09999999999999964,13.55,13.6,13.6,13.65,548.0,317.0,201.0,54077.0,False,False
2887,2022-11-02 09:20:53.646355,0.0,-0.0073260073260073,0.0,-0.09999999999999964,13.55,13.6,13.6,13.65,548.0,318.0,201.0,54077.0,False,False
2887,2022-11-02 09:20:58.156570,0.0,-0.0073260073260073,0.0,-0.09999999999999964,13.55,13.6,13.6,13.65,543.0,318.0,201.0,54077.0,False,False
2887,2022-11-02 09:20:58.932086,0.0,-0.0073260073260073,0.0,-0.09999999999999964,13.55,13.6,13.6,13.65,543.0,318.0,201.0,54077.0,False,False
2887,2022-11-02 09:21:01.062098,0.0,-0.0073260073260073,0.0,-0.09999999999999964,13.55,13.6,13.6,13.65,543.0,318.0,201.0,54077.0,False,False
2887,2022-11-02 09:21:03.423251,0.0,-0.0073260073260073,0.0,-0.09999999999999964,13.55,13.6,13.6,13.65,544.0,318.0,201.0,54077.0,False,False
2887,2022-11-02 09:21:03.466966,0.0,-0.0073260073260073,0.0,-0.09999999999999964,13.55,13.6,13.6,13.65,545.0,318.0,201.0,54077.0,False,False
2887,2022-11-02 09:21:08.378959,0.0,-0.0073260073260073,0.0,-0.09999999999999964,13.55,13.6,13.6,13.65,545.0,318.0,201.0,54077.0,False,False
2887,2022-11-02 09:21:10.117334,0.0,-0.0073260073260073,0.0,-0.09999999999999964,13.55,13.6,13.6,13.65,546.0,318.0,201.0,54077.0,False,False
2887,2022-11-02 09:21:10.407131,0.0,-0.0073260073260073,0.0,-0.09999999999999964,13.55,13.6,13.6,13.65,546.0,318.0,201.0,54077.0,True,True
2887,2022-11-02 09:21:11.544906,0.0,-0.0073260073260073,0.0,-0.09999999999999964,13.55,13.6,13.6,13.65,546.0,313.0,201.0,54077.0,False,False
2887,2022-11-02 09:21:20.443135,0.0,-0.0073260073260073,0.0,-0.09999999999999964,13.55,13.6,13.6,13.65,546.0,313.0,201.0,54077.0,True,True
2887,2022-11-02 09:21:28.947182,0.0,-0.0073260073260073,0.0,-0.09999999999999964,13.55,13.6,13.6,13.65,546.0,313.0,201.0,54077.0,False,False
2887,2022-11-02 09:21:29.960585,0.0,-0.0073260073260073,0.0,-0.09999999999999964,13.55,13.6,13.6,13.65,547.0,313.0,201.0,54077.0,False,False
2887,2022-11-02 09:21:30.479684,0.0,-0.0073260073260073,0.0,-0.09999999999999964,13.55,13.6,13.6,13.65,547.0,313.0,355.0,54077.0,True,True
2887,2022-11-02 09:21:35.886417,0.0,-0.0073260073260073,0.0,-0.09999999999999964,13.55,13.6,13.6,13.65,547.0,313.0,355.0,54077.0,False,False
2887,2022-11-02 09:21:38.844538,0.0,-0.0073260073260073,0.0,-0.09999999999999964,13.55,13.6,13.6,13.65,547.0,313.0,355.0,54077.0,False,False
2887,2022-11-02 09:21:38.845010,0.0,-0.0073260073260073,0.0,-0.09999999999999964,13.55,13.6,13.6,13.65,547.0,313.0,355.0,54077.0,False,False
2887,2022-11-02 09:21:40.517086,0.0,-0.0073260073260073,0.0,-0.09999999999999964,13.55,13.6,13.6,13.65,547.0,313.0,508.0,54077.0,True,True
2887,2022-11-02 09:21:43.253022,0.0,-0.0073260073260073,0.0,-0.09999999999999964,13.55,13.6,13.6,13.65,547.0,313.0,508.0,54077.0,False,False
2887,2022-11-02 09:21:44.247166,0.0,-0.0073260073260073,0.0,-0.09999999999999964,13.55,13.6,13.6,13.65,547.0,310.0,508.0,54077.0,False,False
2887,2022-11-02 09:21:49.350308,0.0,-0.0073260073260073,0.0,-0.09999999999999964,13.55,13.6,13.6,13.65,547.0,310.0,508.0,54077.0,False,False
2887,2022-11-02 09:21:49.360756,0.0,-0.0073260073260073,0.0,-0.09999999999999964,13.55,13.6,13.6,13.65,547.0,310.0,508.0,54077.0,False,False
2887,2022-11-02 09:21:50.573722,0.0,-0.0073260073260073,0.0,-0.09999999999999964,13.55,13.6,13.6,13.65,547.0,310.0,508.0,53612.0,True,True
2887,2022-11-02 09:21:52.472860,0.0,-0.0073260073260073,0.0,-0.09999999999999964,13.55,13.6,13.6,13.65,547.0,312.0,508.0,53612.0,False,False
2887,2022-11-02 09:21:53.568593,0.0,-0.0073260073260073,0.0,-0.09999999999999964,13.55,13.6,13.6,13.65,546.0,312.0,508.0,53612.0,False,False
2887,2022-11-02 09:21:54.133738,0.0,-0.0073260073260073,0.0,-0.09999999999999964,13.55,13.6,13.6,13.65,546.0,311.0,508.0,53612.0,False,False
2887,2022-11-02 09:21:54.384233,0.0,-0.0073260073260073,0.0,-0.09999999999999964,13.55,13.6,13.6,13.65,546.0,308.0,508.0,53612.0,False,False
2887,2022-11-02 09:22:00.611577,0.0,-0.0073260073260073,0.0,-0.09999999999999964,13.55,13.6,13.6,13.65,546.0,308.0,508.0,54076.0,True,True
2887,2022-11-02 09:22:04.378695,0.0,-0.0073260073260073,0.0,-0.09999999999999964,13.55,13.6,13.6,13.65,546.0,308.0,508.0,54076.0,False,False
2887,2022-11-02 09:22:04.560101,0.0,-0.0073260073260073,0.0,-0.09999999999999964,13.55,13.6,13.6,13.65,546.0,308.0,508.0,54076.0,False,False
2887,2022-11-02 09:22:04.883295,0.0,-0.0073260073260073,0.0,-0.09999999999999964,13.55,13.6,13.6,13.65,546.0,302.0,508.0,54076.0,False,False
2887,2022-11-02 09:22:05.504678,0.0,-0.0073260073260073,0.0,-0.09999999999999964,13.55,13.6,13.6,13.65,551.0,302.0,508.0,54076.0,False,False
2887,2022-11-02 09:22:07.626428,0.0,-0.0073260073260073,0.0,-0.09999999999999964,13.55,13.6,13.6,13.65,551.0,302.0,508.0,54076.0,False,False
2887,2022-11-02 09:22:09.856080,0.0,-0.0073260073260073,0.0,-0.09999999999999964,13.55,13.6,13.6,13.65,551.0,302.0,508.0,54076.0,False,True
2887,2022-11-02 09:22:11.719814,0.0,-0.0073260073260073,0.0,-0.09999999999999964,13.55,13.6,13.6,13.65,551.0,313.0,508.0,54076.0,False,False
2887,2022-11-02 09:22:11.873922,0.0,-0.0073260073260073,0.0,-0.09999999999999964,13.55,13.6,13.6,13.65,551.0,315.0,508.0,54076.0,False,False
2887,2022-11-02 09:22:19.891135,0.0,-0.0073260073260073,0.0,-0.09999999999999964,13.55,13.6,13.6,13.65,551.0,315.0,508.0,54076.0,True,True
2887,2022-11-02 09:22:23.647293,0.0,-0.0073260073260073,0.0,-0.09999999999999964,13.55,13.6,13.6,13.65,551.0,315.0,508.0,54076.0,False,False
2887,2022-11-02 09:22:26.787548,0.0,-0.0073260073260073,0.0,-0.09999999999999964,13.55,13.6,13.6,13.65,591.0,315.0,508.0,54076.0,False,False
2887,2022-11-02 09:22:29.368738,0.0,-0.0073260073260073,0.0,-0.09999999999999964,13.55,13.6,13.6,13.65,591.0,314.0,508.0,54076.0,False,False
2887,2022-11-02 09:22:29.931043,0.0,-0.0073260073260073,0.0,-0.09999999999999964,13.55,13.6,13.6,13.65,591.0,314.0,508.0,54066.0,True,True
2887,2022-11-02 09:22:30.332116,0.0,-0.0073260073260073,0.0,-0.09999999999999964,13.55,13.6,13.6,13.65,591.0,414.0,508.0,54066.0,False,False
2887,2022-11-02 09:22:30.546189,0.0,-0.0073260073260073,0.0,-0.09999999999999964,13.55,13.6,13.6,13.65,591.0,413.0,508.0,54066.0,False,False
2887,2022-11-02 09:22:31.976003,0.0,-0.0073260073260073,0.0,-0.09999999999999964,13.55,13.6,13.6,13.65,591.0,410.0,508.0,54066.0,False,False
2887,2022-11-02 09:22:33.255113,0.0,-0.0073260073260073,0.0,-0.09999999999999964,13.55,13.6,13.6,13.65,591.0,410.0,508.0,54066.0,False,False
2887,2022-11-02 09:22:39.971482,0.0,-0.0073260073260073,0.0,-0.09999999999999964,13.55,13.6,13.6,13.65,591.0,410.0,508.0,53916.0,True,True
2887,2022-11-02 09:22:47.314999,0.0,-0.0073260073260073,0.0,-0.09999999999999964,13.55,13.6,13.6,13.65,591.0,410.0,508.0,53916.0,False,False
2887,2022-11-02 09:22:47.424313,0.0,-0.0073260073260073,0.0,-0.09999999999999964,13.55,13.6,13.6,13.65,591.0,310.0,508.0,53916.0,False,False
2887,2022-11-02 09:22:50.008607,0.0,-0.0073260073260073,0.0,-0.09999999999999964,13.55,13.6,13.6,13.65,591.0,310.0,508.0,53916.0,True,True
2887,2022-11-02 09:22:55.774990,0.0,-0.0073260073260073,0.0,-0.09999999999999964,13.55,13.6,13.6,13.65,591.0,310.0,508.0,53916.0,False,False
2887,2022-11-02 09:22:57.633869,0.0,-0.0073260073260073,0.0,-0.09999999999999964,13.55,13.6,13.6,13.65,591.0,310.0,508.0,53916.0,False,False
2887,2022-11-02 09:23:00.047741,0.0,-0.0073260073260073,0.0,-0.09999999999999964,13.55,13.6,13.6,13.65,591.0,310.0,538.0,53916.0,True,True
2887,2022-11-02 09:23:01.125084,0.0,-0.0073260073260073,0.0,-0.09999999999999964,13.55,13.6,13.6,13.65,591.0,311.0,538.0,53916.0,False,False
2887,2022-11-02 09:23:01.447485,0.0,-0.0073260073260073,0.0,-0.09999999999999964,13.55,13.6,13.6,13.65,591.0,312.0,538.0,53916.0,False,False
2887,2022-11-02 09:23:05.342687,0.0,-0.0073260073260073,0.0,-0.09999999999999964,13.55,13.6,13.6,13.65,591.0,312.0,538.0,53916.0,False,False
2887,2022-11-02 09:23:10.088932,0.0,-0.0073260073260073,0.0,-0.09999999999999964,13.55,13.6,13.6,13.65,591.0,312.0,692.0,53916.0,True,True
2887,2022-11-02 09:23:12.877481,0.0,-0.0073260073260073,0.0,-0.09999999999999964,13.55,13.6,13.6,13.65,591.0,314.0,692.0,53916.0,False,False
2887,2022-11-02 09:23:13.926245,0.0,-0.0073260073260073,0.0,-0.09999999999999964,13.55,13.6,13.6,13.65,591.0,321.0,692.0,53916.0,False,False
2887,2022-11-02 09:23:15.853904,0.0,-0.0073260073260073,0.0,-0.09999999999999964,13.55,13.6,13.6,13.65,591.0,322.0,692.0,53916.0,False,False
2887,2022-11-02 09:23:16.286010,0.0,-0.0073260073260073,0.0,-0.09999999999999964,13.55,13.6,13.6,13.65,591.0,322.0,692.0,53916.0,False,False
2887,2022-11-02 09:23:18.817876,0.0,-0.0073260073260073,0.0,-0.09999999999999964,13.55,13.6,13.6,13.65,591.0,321.0,692.0,53916.0,False,False
2887,2022-11-02 09:23:20.122954,0.0,-0.0073260073260073,0.0,-0.09999999999999964,13.55,13.6,13.6,13.65,591.0,321.0,692.0,53916.0,True,True
2887,2022-11-02 09:23:22.540757,0.0,-0.0073260073260073,0.0,-0.09999999999999964,13.55,13.6,13.6,13.65,591.0,321.0,692.0,53916.0,False,False
2887,2022-11-02 09:23:22.909760,0.0,-0.0073260073260073,0.0,-0.09999999999999964,13.55,13.6,13.6,13.65,591.0,321.0,692.0,53916.0,False,False
2887,2022-11-02 09:23:25.947577,0.0,-0.0073260073260073,0.0,-0.09999999999999964,13.55,13.6,13.6,13.65,591.0,320.0,692.0,53916.0,False,False
2887,2022-11-02 09:23:33.812715,0.0,-0.0073260073260073,0.0,-0.09999999999999964,13.55,13.6,13.6,13.65,591.0,321.0,692.0,53916.0,False,False
2887,2022-11-02 09:23:39.752887,0.0,-0.0073260073260073,0.0,-0.09999999999999964,13.55,13.6,13.6,13.65,591.0,329.0,692.0,53916.0,False,False
2887,2022-11-02 09:23:40.213706,0.0,-0.0073260073260073,0.0,-0.09999999999999964,13.55,13.6,13.6,13.65,591.0,329.0,538.0,53796.0,True,True
2887,2022-11-02 09:23:40.646923,0.0,-0.0073260073260073,0.0,-0.09999999999999964,13.55,13.6,13.6,13.65,591.0,329.0,538.0,53796.0,False,False
2887,2022-11-02 09:23:40.910835,0.0,-0.0073260073260073,0.0,-0.09999999999999964,13.55,13.6,13.6,13.65,591.0,330.0,538.0,53796.0,False,False
2887,2022-11-02 09:23:50.259841,0.0,-0.0073260073260073,0.0,-0.09999999999999964,13.55,13.6,13.6,13.65,591.0,330.0,658.0,53796.0,True,True
2887,2022-11-02 09:23:51.201639,0.0,-0.0073260073260073,0.0,-0.09999999999999964,13.55,13.6,13.6,13.65,591.0,330.0,658.0,53796.0,False,False
2887,2022-11-02 09:23:54.416104,0.0,-0.0073260073260073,0.0,-0.09999999999999964,13.55,13.6,13.6,13.65,591.0,331.0,658.0,53796.0,False,False
2887,2022-11-02 09:23:58.102171,0.0,-0.0073260073260073,0.0,-0.09999999999999964,13.55,13.6,13.6,13.65,591.0,331.0,658.0,53796.0,False,False
2887,2022-11-02 09:23:59.327592,0.0,-0.0073260073260073,0.0,-0.09999999999999964,13.55,13.6,13.6,13.65,591.0,330.0,658.0,53796.0,False,False
2887,2022-11-02 09:24:00.298939,0.0,-0.0073260073260073,0.0,-0.09999999999999964,13.55,13.6,13.6,13.65,591.0,330.0,1562.0,53796.0,True,True
2887,2022-11-02 09:24:01.857476,0.0,-0.0073260073260073,0.0,-0.09999999999999964,13.55,13.6,13.6,13.65,591.0,329.0,1562.0,53796.0,False,False
2887,2022-11-02 09:24:02.067864,0.0,-0.0073260073260073,0.0,-0.09999999999999964,13.55,13.6,13.6,13.65,591.0,329.0,1562.0,53796.0,False,False
2887,2022-11-02 09:24:04.519217,0.0,-0.0073260073260073,0.0,-0.09999999999999964,13.55,13.6,13.6,13.65,591.0,329.0,1562.0,53796.0,False,False
2887,2022-11-02 09:24:08.067161,0.0,-0.0073260073260073,0.0,-0.09999999999999964,13.55,13.6,13.6,13.65,591.0,330.0,1562.0,53796.0,False,False
2887,2022-11-02 09:24:08.154845,0.0,-0.0073260073260073,0.0,-0.09999999999999964,13.55,13.6,13.6,13.65,591.0,330.0,1562.0,53796.0,False,False
2887,2022-11-02 09:24:08.803418,0.0,-0.0073260073260073,0.0,-0.09999999999999964,13.55,13.6,13.6,13.65,591.0,330.0,1562.0,53796.0,False,False
2887,2022-11-02 09:24:09.078450,0.0,-0.0073260073260073,0.0,-0.09999999999999964,13.55,13.6,13.6,13.65,591.0,330.0,1562.0,53796.0,False,False
2887,2022-11-02 09:24:09.108736,0.0,-0.0073260073260073,0.0,-0.09999999999999964,13.55,13.6,13.6,13.65,591.0,325.0,1562.0,53796.0,False,False
2887,2022-11-02 09:24:09.635240,0.0,-0.0073260073260073,0.0,-0.09999999999999964,13.55,13.6,13.6,13.65,591.0,320.0,1562.0,53796.0,False,False
2887,2022-11-02 09:24:10.337065,0.0,-0.0073260073260073,0.0,-0.09999999999999964,13.55,13.6,13.6,13.65,591.0,320.0,893.0,54076.0,True,True
2887,2022-11-02 09:24:11.049185,0.0,-0.0073260073260073,0.0,-0.09999999999999964,13.55,13.6,13.6,13.65,591.0,325.0,893.0,54076.0,False,False
2887,2022-11-02 09:24:14.842096,0.0,-0.0073260073260073,0.0,-0.09999999999999964,13.55,13.6,13.6,13.65,591.0,315.0,893.0,54076.0,False,False
2887,2022-11-02 09:24:16.261933,0.0,-0.0073260073260073,0.0,-0.09999999999999964,13.55,13.6,13.6,13.65,621.0,315.0,893.0,54076.0,False,False
2887,2022-11-02 09:24:19.971129,0.0,-0.0073260073260073,0.0,-0.09999999999999964,13.55,13.6,13.6,13.65,621.0,314.0,893.0,54076.0,False,False
2887,2022-11-02 09:24:20.374157,0.0,-0.0073260073260073,0.0,-0.09999999999999964,13.55,13.6,13.6,13.65,621.0,314.0,893.0,54076.0,True,True
2887,2022-11-02 09:24:21.395729,0.0,-0.0073260073260073,0.0,-0.09999999999999964,13.55,13.6,13.6,13.65,621.0,314.0,893.0,54076.0,False,False
2887,2022-11-02 09:24:21.395746,0.0,-0.0073260073260073,0.0,-0.09999999999999964,13.55,13.6,13.6,13.65,621.0,314.0,893.0,54076.0,False,False
2887,2022-11-02 09:24:23.233766,0.0,-0.0073260073260073,0.0,-0.09999999999999964,13.55,13.6,13.6,13.65,621.0,314.0,893.0,54076.0,False,False
2887,2022-11-02 09:24:23.992261,0.0,-0.0073260073260073,0.0,-0.09999999999999964,13.55,13.6,13.6,13.65,621.0,314.0,893.0,54076.0,False,False
2887,2022-11-02 09:24:24.511824,0.0,-0.0073260073260073,0.0,-0.09999999999999964,13.55,13.6,13.6,13.65,621.0,314.0,893.0,54076.0,False,False
2887,2022-11-02 09:24:27.445374,0.0,-0.0073260073260073,0.0,-0.09999999999999964,13.55,13.6,13.6,13.65,621.0,314.0,893.0,54076.0,False,False
2887,2022-11-02 09:24:29.312264,0.0,-0.0073260073260073,0.0,-0.09999999999999964,13.55,13.6,13.6,13.65,621.0,314.0,893.0,54076.0,False,False
2887,2022-11-02 09:24:30.413323,0.0,-0.0073260073260073,0.0,-0.09999999999999964,13.55,13.6,13.6,13.65,621.0,314.0,1093.0,54076.0,True,True
2887,2022-11-02 09:24:30.453684,0.0,-0.0073260073260073,0.0,-0.09999999999999964,13.55,13.6,13.6,13.65,622.0,314.0,1093.0,54076.0,False,False
2887,2022-11-02 09:24:36.998473,0.0,-0.0073260073260073,0.0,-0.09999999999999964,13.55,13.6,13.6,13.65,622.0,314.0,1093.0,54076.0,False,False
2887,2022-11-02 09:24:37.209090,0.0,-0.0073260073260073,0.0,-0.09999999999999964,13.55,13.6,13.6,13.65,622.0,314.0,1093.0,54076.0,False,False
2887,2022-11-02 09:24:39.753875,0.0,-0.0073260073260073,0.0,-0.09999999999999964,13.55,13.6,13.6,13.65,622.0,313.0,1093.0,54076.0,False,False
2887,2022-11-02 09:24:39.797780,0.0,-0.0073260073260073,0.0,-0.09999999999999964,13.55,13.6,13.6,13.65,622.0,313.0,1093.0,54076.0,False,False
2887,2022-11-02 09:24:40.452491,0.0,-0.0073260073260073,0.0,-0.09999999999999964,13.55,13.6,13.6,13.65,622.0,313.0,1243.0,54076.0,True,True
2887,2022-11-02 09:24:43.680468,0.0,-0.0073260073260073,0.0,-0.09999999999999964,13.55,13.6,13.6,13.65,622.0,329.0,1243.0,54076.0,False,False
2887,2022-11-02 09:24:48.785110,0.0,-0.0073260073260073,0.0,-0.09999999999999964,13.55,13.6,13.6,13.65,622.0,328.0,1243.0,54076.0,False,False
2887,2022-11-02 09:24:49.998932,0.0,-0.0073260073260073,0.0,-0.09999999999999964,13.55,13.6,13.6,13.65,622.0,327.0,1243.0,54076.0,False,False
2887,2022-11-02 09:24:50.094314,0.0,-0.0073260073260073,0.0,-0.09999999999999964,13.55,13.6,13.6,13.65,622.0,330.0,1243.0,54076.0,False,False
2887,2022-11-02 09:24:50.213432,0.0,-0.0073260073260073,0.0,-0.09999999999999964,13.55,13.6,13.6,13.65,622.0,330.0,1243.0,54076.0,False,False
2887,2022-11-02 09:24:50.490539,0.0,-0.0073260073260073,0.0,-0.09999999999999964,13.55,13.6,13.6,13.65,622.0,330.0,940.0,54076.0,True,True
2887,2022-11-02 09:24:52.040743,0.0,-0.0073260073260073,0.0,-0.09999999999999964,13.55,13.6,13.6,13.65,622.0,330.0,940.0,54076.0,False,False
2887,2022-11-02 09:25:00.816415,0.0,-0.0073260073260073,0.0,-0.09999999999999964,13.55,13.6,13.6,13.65,622.0,328.0,940.0,54076.0,False,False
2887,2022-11-02 09:25:04.215381,0.0,-0.0073260073260073,0.0,-0.09999999999999964,13.55,13.6,13.6,13.65,622.0,328.0,940.0,54076.0,False,False
2887,2022-11-02 09:25:04.980339,0.0,-0.0073260073260073,0.0,-0.09999999999999964,13.55,13.6,13.6,13.65,622.0,328.0,940.0,54076.0,False,False
2887,2022-11-02 09:25:05.373168,0.0,-0.0073260073260073,0.0,-0.09999999999999964,13.55,13.6,13.6,13.65,622.0,327.0,940.0,54076.0,False,False
2887,2022-11-02 09:25:06.508314,0.0,-0.0073260073260073,0.0,-0.09999999999999964,13.55,13.6,13.6,13.65,622.0,327.0,940.0,54076.0,False,False
2887,2022-11-02 09:25:09.843321,0.0,-0.0073260073260073,0.0,-0.09999999999999964,13.55,13.6,13.6,13.65,622.0,347.0,940.0,54076.0,False,False
2887,2022-11-02 09:25:09.911532,0.0,-0.0073260073260073,0.0,-0.09999999999999964,13.55,13.6,13.6,13.65,622.0,347.0,940.0,54076.0,False,True
2887,2022-11-02 09:25:13.301773,0.0,-0.0073260073260073,0.0,-0.09999999999999964,13.55,13.6,13.6,13.65,622.0,346.0,940.0,54076.0,False,False
2887,2022-11-02 09:25:14.788388,0.0,-0.0073260073260073,0.0,-0.09999999999999964,13.55,13.6,13.6,13.65,622.0,346.0,940.0,54076.0,False,False
2887,2022-11-02 09:25:17.493594,0.0,-0.0073260073260073,0.0,-0.09999999999999964,13.55,13.6,13.6,13.65,621.0,346.0,940.0,54076.0,False,False
2887,2022-11-02 09:25:18.569387,0.0,-0.0073260073260073,0.0,-0.09999999999999964,13.55,13.6,13.6,13.65,621.0,346.0,940.0,54076.0,False,False
2887,2022-11-02 09:25:20.108697,0.0,-0.0073260073260073,0.0,-0.09999999999999964,13.55,13.6,13.6,13.65,621.0,346.0,141.0,54076.0,True,True
2887,2022-11-02 09:25:20.105743,0.0,-0.0073260073260073,0.0,-0.09999999999999964,13.55,13.6,13.6,13.65,621.0,346.0,141.0,54076.0,False,False
2887,2022-11-02 09:25:20.405910,0.0,-0.0073260073260073,0.0,-0.09999999999999964,13.55,13.6,13.6,13.65,621.0,346.0,141.0,54076.0,False,False
2887,2022-11-02 09:25:20.512235,0.0,-0.0073260073260073,0.0,-0.09999999999999964,13.55,13.6,13.6,13.65,621.0,348.0,141.0,54076.0,False,False
2887,2022-11-02 09:25:21.190066,0.0,-0.0073260073260073,0.0,-0.09999999999999964,13.55,13.6,13.6,13.65,633.0,348.0,141.0,54076.0,False,False
2887,2022-11-02 09:25:21.190950,0.0,-0.0073260073260073,0.0,-0.09999999999999964,13.55,13.6,13.6,13.65,633.0,348.0,141.0,54076.0,False,False
2887,2022-11-02 09:25:21.928792,0.0,-0.0073260073260073,0.0,-0.09999999999999964,13.55,13.6,13.6,13.65,632.0,348.0,141.0,54076.0,False,False
2887,2022-11-02 09:25:23.674769,0.0,-0.0073260073260073,0.0,-0.09999999999999964,13.55,13.6,13.6,13.65,632.0,348.0,141.0,54076.0,False,False
2887,2022-11-02 09:25:25.000614,0.0,-0.0073260073260073,0.0,-0.09999999999999964,13.55,13.6,13.6,13.65,648.0,348.0,141.0,54076.0,False,False
2887,2022-11-02 09:25:25.052375,0.0,-0.0073260073260073,0.0,-0.09999999999999964,13.55,13.6,13.6,13.65,648.0,349.0,141.0,54076.0,False,False
2887,2022-11-02 09:25:32.424803,0.0,-0.0073260073260073,0.0,-0.09999999999999964,13.55,13.6,13.6,13.65,648.0,349.0,141.0,54076.0,False,False
2887,2022-11-02 09:25:38.762169,0.0,-0.0073260073260073,0.0,-0.09999999999999964,13.55,13.6,13.6,13.65,648.0,349.0,141.0,54076.0,False,False
2887,2022-11-02 09:25:40.140156,0.0,-0.0073260073260073,0.0,-0.09999999999999964,13.55,13.6,13.6,13.65,648.0,349.0,441.0,54076.0,True,True
2887,2022-11-02 09:25:42.684146,0.0,-0.0073260073260073,0.0,-0.09999999999999964,13.55,13.6,13.6,13.65,648.0,349.0,441.0,54076.0,False,False
2887,2022-11-02 09:25:47.572447,0.0,-0.0073260073260073,0.0,-0.09999999999999964,13.55,13.6,13.6,13.65,648.0,351.0,441.0,54076.0,False,False
2887,2022-11-02 09:25:50.159911,0.0,-0.0073260073260073,0.0,-0.09999999999999964,13.55,13.6,13.6,13.65,648.0,351.0,541.0,54076.0,True,True
2887,2022-11-02 09:25:53.026974,0.0,-0.0073260073260073,0.0,-0.09999999999999964,13.55,13.6,13.6,13.65,648.0,351.0,541.0,54076.0,False,False
2887,2022-11-02 09:25:55.996476,0.0,-0.0073260073260073,0.0,-0.09999999999999964,13.55,13.6,13.6,13.65,648.0,347.0,541.0,54076.0,False,False
2887,2022-11-02 09:25:57.546412,0.0,-0.0073260073260073,0.0,-0.09999999999999964,13.55,13.6,13.6,13.65,648.0,347.0,541.0,54076.0,False,False
2887,2022-11-02 09:25:59.729922,0.0,-0.0073260073260073,0.0,-0.09999999999999964,13.55,13.6,13.6,13.65,646.0,345.0,541.0,54076.0,False,False
2887,2022-11-02 09:26:00.523591,0.0,-0.0073260073260073,0.0,-0.09999999999999964,13.55,13.6,13.6,13.65,646.0,345.0,541.0,54076.0,False,False
2887,2022-11-02 09:26:06.232808,0.0,-0.0073260073260073,0.0,-0.09999999999999964,13.55,13.6,13.6,13.65,646.0,345.0,541.0,54076.0,False,False
2887,2022-11-02 09:26:10.286323,0.0,-0.0073260073260073,0.0,-0.09999999999999964,13.55,13.6,13.6,13.65,646.0,356.0,541.0,54076.0,False,False
2887,2022-11-02 09:26:17.218261,0.0,-0.0073260073260073,0.0,-0.09999999999999964,13.55,13.6,13.6,13.65,646.0,359.0,541.0,54076.0,False,False
2887,2022-11-02 09:26:20.255641,-0.00367647058823517,-0.00367647058823517,-0.049999999999998934,-0.049999999999998934,13.55,13.6,13.55,13.6,646.0,359.0,6833.0,458.0,True,True
2887,2022-11-02 09:26:22.058279,-0.00367647058823517,-0.00367647058823517,-0.049999999999998934,-0.049999999999998934,13.55,13.6,13.55,13.6,646.0,359.0,6833.0,458.0,False,False
2887,2022-11-02 09:26:24.550863,-0.00367647058823517,-0.00367647058823517,-0.049999999999998934,-0.049999999999998934,13.55,13.6,13.55,13.6,646.0,359.0,6833.0,458.0,False,False
2887,2022-11-02 09:26:25.176287,-0.00367647058823517,-0.00367647058823517,-0.049999999999998934,-0.049999999999998934,13.55,13.6,13.55,13.6,646.0,359.0,6833.0,458.0,False,False
2887,2022-11-02 09:26:29.107573,-0.00367647058823517,-0.00367647058823517,-0.049999999999998934,-0.049999999999998934,13.55,13.6,13.55,13.6,646.0,359.0,6833.0,458.0,False,False
2887,2022-11-02 09:26:30.281222,-0.00367647058823517,-0.00367647058823517,-0.049999999999998934,-0.049999999999998934,13.55,13.6,13.55,13.6,646.0,359.0,6833.0,485.0,True,True
2887,2022-11-02 09:26:30.709938,-0.00367647058823517,-0.00367647058823517,-0.049999999999998934,-0.049999999999998934,13.55,13.6,13.55,13.6,646.0,360.0,6833.0,485.0,False,False
2887,2022-11-02 09:26:31.205204,-0.00367647058823517,-0.00367647058823517,-0.049999999999998934,-0.049999999999998934,13.55,13.6,13.55,13.6,644.0,360.0,6833.0,485.0,False,False
2887,2022-11-02 09:26:33.423369,-0.00367647058823517,-0.00367647058823517,-0.049999999999998934,-0.049999999999998934,13.55,13.6,13.55,13.6,644.0,360.0,6833.0,485.0,False,False
2887,2022-11-02 09:26:38.819290,-0.00367647058823517,-0.00367647058823517,-0.049999999999998934,-0.049999999999998934,13.55,13.6,13.55,13.6,644.0,360.0,6833.0,485.0,False,False
2887,2022-11-02 09:26:40.312123,-0.00367647058823517,-0.00367647058823517,-0.049999999999998934,-0.049999999999998934,13.55,13.6,13.55,13.6,644.0,360.0,7147.0,475.0,True,True
2887,2022-11-02 09:26:40.616996,-0.00367647058823517,-0.00367647058823517,-0.049999999999998934,-0.049999999999998934,13.55,13.6,13.55,13.6,644.0,360.0,7147.0,475.0,False,False
2887,2022-11-02 09:26:51.508385,-0.00367647058823517,-0.00367647058823517,-0.049999999999998934,-0.049999999999998934,13.55,13.6,13.55,13.6,644.0,361.0,7147.0,475.0,False,False
2887,2022-11-02 09:26:57.413376,-0.00367647058823517,-0.00367647058823517,-0.049999999999998934,-0.049999999999998934,13.55,13.6,13.55,13.6,644.0,362.0,7147.0,475.0,False,False
2887,2022-11-02 09:27:00.369146,-0.00367647058823517,-0.00367647058823517,-0.049999999999998934,-0.049999999999998934,13.55,13.6,13.55,13.6,644.0,362.0,7247.0,475.0,True,True
2887,2022-11-02 09:27:03.488127,-0.00367647058823517,-0.00367647058823517,-0.049999999999998934,-0.049999999999998934,13.55,13.6,13.55,13.6,645.0,362.0,7247.0,475.0,False,False
2887,2022-11-02 09:27:10.401271,-0.00367647058823517,-0.00367647058823517,-0.049999999999998934,-0.049999999999998934,13.55,13.6,13.55,13.6,645.0,362.0,7247.0,675.0,True,True
2887,2022-11-02 09:27:10.449970,-0.00367647058823517,-0.00367647058823517,-0.049999999999998934,-0.049999999999998934,13.55,13.6,13.55,13.6,625.0,362.0,7247.0,675.0,False,False
2887,2022-11-02 09:27:20.430374,-0.00367647058823517,-0.00367647058823517,-0.049999999999998934,-0.049999999999998934,13.55,13.6,13.55,13.6,625.0,362.0,7247.0,675.0,True,True
2887,2022-11-02 09:27:24.598443,-0.00367647058823517,-0.00367647058823517,-0.049999999999998934,-0.049999999999998934,13.55,13.6,13.55,13.6,625.0,361.0,7247.0,675.0,False,False
2887,2022-11-02 09:27:30.460454,-0.00367647058823517,-0.00367647058823517,-0.049999999999998934,-0.049999999999998934,13.55,13.6,13.55,13.6,625.0,361.0,7247.0,675.0,True,True
2887,2022-11-02 09:27:32.528761,-0.00367647058823517,-0.00367647058823517,-0.049999999999998934,-0.049999999999998934,13.55,13.6,13.55,13.6,605.0,341.0,7247.0,675.0,False,False
2887,2022-11-02 09:27:32.560904,-0.00367647058823517,-0.00367647058823517,-0.049999999999998934,-0.049999999999998934,13.55,13.6,13.55,13.6,605.0,456.0,7247.0,675.0,False,False
2887,2022-11-02 09:27:32.619579,-0.00367647058823517,-0.00367647058823517,-0.049999999999998934,-0.049999999999998934,13.55,13.6,13.55,13.6,579.0,504.0,7247.0,675.0,False,False
2887,2022-11-02 09:27:39.214951,-0.00367647058823517,-0.00367647058823517,-0.049999999999998934,-0.049999999999998934,13.55,13.6,13.55,13.6,579.0,505.0,7247.0,675.0,False,False
2887,2022-11-02 09:27:40.114605,-0.00367647058823517,-0.00367647058823517,-0.049999999999998934,-0.049999999999998934,13.55,13.6,13.55,13.6,605.0,505.0,7247.0,675.0,False,False
2887,2022-11-02 09:27:40.493739,-0.00367647058823517,-0.00367647058823517,-0.049999999999998934,-0.049999999999998934,13.55,13.6,13.55,13.6,605.0,505.0,7247.0,675.0,True,True
2887,2022-11-02 09:27:41.635825,-0.00367647058823517,-0.00367647058823517,-0.049999999999998934,-0.049999999999998934,13.55,13.6,13.55,13.6,605.0,505.0,7247.0,675.0,False,False
2887,2022-11-02 09:27:43.152704,-0.00367647058823517,-0.00367647058823517,-0.049999999999998934,-0.049999999999998934,13.55,13.6,13.55,13.6,606.0,505.0,7247.0,675.0,False,False
2887,2022-11-02 09:27:48.190700,-0.00367647058823517,-0.00367647058823517,-0.049999999999998934,-0.049999999999998934,13.55,13.6,13.55,13.6,605.0,505.0,7247.0,675.0,False,False
2887,2022-11-02 09:27:48.660029,-0.00367647058823517,-0.00367647058823517,-0.049999999999998934,-0.049999999999998934,13.55,13.6,13.55,13.6,605.0,505.0,7247.0,675.0,False,False
2887,2022-11-02 09:27:53.765839,-0.00367647058823517,-0.00367647058823517,-0.049999999999998934,-0.049999999999998934,13.55,13.6,13.55,13.6,605.0,555.0,7247.0,675.0,False,False
2887,2022-11-02 09:28:00.564161,-0.00367647058823517,-0.00367647058823517,-0.049999999999998934,-0.049999999999998934,13.55,13.6,13.55,13.6,605.0,555.0,7247.0,675.0,True,True
2887,2022-11-02 09:28:09.994575,-0.00367647058823517,-0.00367647058823517,-0.049999999999998934,-0.049999999999998934,13.55,13.6,13.55,13.6,605.0,555.0,7247.0,675.0,False,True
2887,2022-11-02 09:28:10.411900,-0.00367647058823517,-0.00367647058823517,-0.049999999999998934,-0.049999999999998934,13.55,13.6,13.55,13.6,605.0,555.0,7247.0,675.0,False,False
2887,2022-11-02 09:28:14.854151,-0.00367647058823517,-0.00367647058823517,-0.049999999999998934,-0.049999999999998934,13.55,13.6,13.55,13.6,604.0,555.0,7247.0,675.0,False,False
2887,2022-11-02 09:28:16.382894,-0.00367647058823517,-0.00367647058823517,-0.049999999999998934,-0.049999999999998934,13.55,13.6,13.55,13.6,604.0,555.0,7247.0,675.0,False,False
2887,2022-11-02 09:28:20.025686,-0.00367647058823517,-0.00367647058823517,-0.049999999999998934,-0.049999999999998934,13.55,13.6,13.55,13.6,604.0,555.0,7247.0,1674.0,True,True
2887,2022-11-02 09:28:20.438407,-0.00367647058823517,-0.00367647058823517,-0.049999999999998934,-0.049999999999998934,13.55,13.6,13.55,13.6,607.0,555.0,7247.0,1674.0,False,False
2887,2022-11-02 09:28:21.740427,-0.00367647058823517,-0.00367647058823517,-0.049999999999998934,-0.049999999999998934,13.55,13.6,13.55,13.6,607.0,555.0,7247.0,1674.0,False,False
2887,2022-11-02 09:28:25.565117,-0.00367647058823517,-0.00367647058823517,-0.049999999999998934,-0.049999999999998934,13.55,13.6,13.55,13.6,607.0,555.0,7247.0,1674.0,False,False
2887,2022-11-02 09:28:25.727890,-0.00367647058823517,-0.00367647058823517,-0.049999999999998934,-0.049999999999998934,13.55,13.6,13.55,13.6,608.0,555.0,7247.0,1674.0,False,False
2887,2022-11-02 09:28:27.381468,-0.00367647058823517,-0.00367647058823517,-0.049999999999998934,-0.049999999999998934,13.55,13.6,13.55,13.6,608.0,555.0,7247.0,1674.0,False,False
2887,2022-11-02 09:28:27.916276,-0.00367647058823517,-0.00367647058823517,-0.049999999999998934,-0.049999999999998934,13.55,13.6,13.55,13.6,608.0,583.0,7247.0,1674.0,False,False
2887,2022-11-02 09:28:30.053758,-0.00367647058823517,-0.00367647058823517,-0.049999999999998934,-0.049999999999998934,13.55,13.6,13.55,13.6,608.0,583.0,7247.0,2733.0,True,True
2887,2022-11-02 09:28:33.340736,-0.00367647058823517,-0.00367647058823517,-0.049999999999998934,-0.049999999999998934,13.55,13.6,13.55,13.6,607.0,583.0,7247.0,2733.0,False,False
2887,2022-11-02 09:28:35.474371,-0.00367647058823517,-0.00367647058823517,-0.049999999999998934,-0.049999999999998934,13.55,13.6,13.55,13.6,607.0,583.0,7247.0,2733.0,False,False
2887,2022-11-02 09:28:38.472508,-0.00367647058823517,-0.00367647058823517,-0.049999999999998934,-0.049999999999998934,13.55,13.6,13.55,13.6,607.0,586.0,7247.0,2733.0,False,False
2887,2022-11-02 09:28:40.089140,-0.00367647058823517,-0.00367647058823517,-0.049999999999998934,-0.049999999999998934,13.55,13.6,13.55,13.6,607.0,586.0,7247.0,2733.0,True,True
2887,2022-11-02 09:28:50.124252,-0.00367647058823517,-0.00367647058823517,-0.049999999999998934,-0.049999999999998934,13.55,13.6,13.55,13.6,607.0,586.0,7247.0,3732.0,True,True
2887,2022-11-02 09:28:52.439650,-0.00367647058823517,-0.00367647058823517,-0.049999999999998934,-0.049999999999998934,13.55,13.6,13.55,13.6,612.0,586.0,7247.0,3732.0,False,False
2887,2022-11-02 09:28:53.807891,-0.00367647058823517,-0.00367647058823517,-0.049999999999998934,-0.049999999999998934,13.55,13.6,13.55,13.6,612.0,591.0,7247.0,3732.0,False,False
2887,2022-11-02 09:28:56.293235,-0.00367647058823517,-0.00367647058823517,-0.049999999999998934,-0.049999999999998934,13.55,13.6,13.55,13.6,613.0,591.0,7247.0,3732.0,False,False
2887,2022-11-02 09:29:00.156455,-0.00367647058823517,-0.00367647058823517,-0.049999999999998934,-0.049999999999998934,13.55,13.6,13.55,13.6,613.0,591.0,7247.0,3125.0,True,True
2887,2022-11-02 09:29:06.627422,-0.00367647058823517,-0.00367647058823517,-0.049999999999998934,-0.049999999999998934,13.55,13.6,13.55,13.6,613.0,607.0,7247.0,3125.0,False,False
2887,2022-11-02 09:29:10.190704,-0.00367647058823517,-0.00367647058823517,-0.049999999999998934,-0.049999999999998934,13.55,13.6,13.55,13.6,613.0,607.0,8468.0,3125.0,True,True
2887,2022-11-02 09:29:13.097131,-0.00367647058823517,-0.00367647058823517,-0.049999999999998934,-0.049999999999998934,13.55,13.6,13.55,13.6,614.0,607.0,8468.0,3125.0,False,False
2887,2022-11-02 09:29:15.679575,-0.00367647058823517,-0.00367647058823517,-0.049999999999998934,-0.049999999999998934,13.55,13.6,13.55,13.6,614.0,607.0,8468.0,3125.0,False,False
2887,2022-11-02 09:29:16.746910,-0.00367647058823517,-0.00367647058823517,-0.049999999999998934,-0.049999999999998934,13.55,13.6,13.55,13.6,614.0,607.0,8468.0,3125.0,False,False
2887,2022-11-02 09:29:17.795029,-0.00367647058823517,-0.00367647058823517,-0.049999999999998934,-0.049999999999998934,13.55,13.6,13.55,13.6,614.0,607.0,8468.0,3125.0,False,False
2887,2022-11-02 09:29:19.479759,-0.00367647058823517,-0.00367647058823517,-0.049999999999998934,-0.049999999999998934,13.55,13.6,13.55,13.6,614.0,607.0,8468.0,3125.0,False,False
2887,2022-11-02 09:29:20.223853,-0.00367647058823517,-0.00367647058823517,-0.049999999999998934,-0.049999999999998934,13.55,13.6,13.55,13.6,614.0,607.0,8853.0,3125.0,True,True
2887,2022-11-02 09:29:20.231751,-0.00367647058823517,-0.00367647058823517,-0.049999999999998934,-0.049999999999998934,13.55,13.6,13.55,13.6,614.0,609.0,8853.0,3125.0,False,False
2887,2022-11-02 09:29:24.017091,-0.00367647058823517,-0.00367647058823517,-0.049999999999998934,-0.049999999999998934,13.55,13.6,13.55,13.6,616.0,609.0,8853.0,3125.0,False,False
2887,2022-11-02 09:29:26.596674,-0.00367647058823517,-0.00367647058823517,-0.049999999999998934,-0.049999999999998934,13.55,13.6,13.55,13.6,616.0,609.0,8853.0,3125.0,False,False
2887,2022-11-02 09:29:27.287361,-0.00367647058823517,-0.00367647058823517,-0.049999999999998934,-0.049999999999998934,13.55,13.6,13.55,13.6,617.0,609.0,8853.0,3125.0,False,False
2887,2022-11-02 09:29:27.484024,-0.00367647058823517,-0.00367647058823517,-0.049999999999998934,-0.049999999999998934,13.55,13.6,13.55,13.6,617.0,609.0,8853.0,3125.0,False,False
2887,2022-11-02 09:29:30.258125,-0.00367647058823517,-0.00367647058823517,-0.049999999999998934,-0.049999999999998934,13.55,13.6,13.55,13.6,617.0,609.0,8853.0,3125.0,True,True
2887,2022-11-02 09:29:33.865560,-0.00367647058823517,-0.00367647058823517,-0.049999999999998934,-0.049999999999998934,13.55,13.6,13.55,13.6,625.0,609.0,8853.0,3125.0,False,False
2887,2022-11-02 09:29:34.769050,-0.00367647058823517,-0.00367647058823517,-0.049999999999998934,-0.049999999999998934,13.55,13.6,13.55,13.6,625.0,609.0,8853.0,3125.0,False,False
2887,2022-11-02 09:29:41.454864,-0.00367647058823517,-0.00367647058823517,-0.049999999999998934,-0.049999999999998934,13.55,13.6,13.55,13.6,625.0,609.0,8853.0,3125.0,False,False
2887,2022-11-02 09:29:43.006215,-0.00367647058823517,-0.00367647058823517,-0.049999999999998934,-0.049999999999998934,13.55,13.6,13.55,13.6,625.0,609.0,8853.0,3125.0,False,False
2887,2022-11-02 09:29:43.680078,-0.00367647058823517,-0.00367647058823517,-0.049999999999998934,-0.049999999999998934,13.55,13.6,13.55,13.6,625.0,618.0,8853.0,3125.0,False,False
2887,2022-11-02 09:29:44.303401,-0.00367647058823517,-0.00367647058823517,-0.049999999999998934,-0.049999999999998934,13.55,13.6,13.55,13.6,625.0,618.0,8853.0,3125.0,False,False
2887,2022-11-02 09:29:44.487966,-0.00367647058823517,-0.00367647058823517,-0.049999999999998934,-0.049999999999998934,13.55,13.6,13.55,13.6,625.0,619.0,8853.0,3125.0,False,False
2887,2022-11-02 09:29:47.198622,-0.00367647058823517,-0.00367647058823517,-0.049999999999998934,-0.049999999999998934,13.55,13.6,13.55,13.6,626.0,619.0,8853.0,3125.0,False,False
2887,2022-11-02 09:29:49.125954,-0.00367647058823517,-0.00367647058823517,-0.049999999999998934,-0.049999999999998934,13.55,13.6,13.55,13.6,626.0,630.0,8853.0,3125.0,False,False
2887,2022-11-02 09:29:50.324489,-0.00367647058823517,-0.00367647058823517,-0.049999999999998934,-0.049999999999998934,13.55,13.6,13.55,13.6,626.0,630.0,8853.0,2174.0,True,True
2887,2022-11-02 09:29:59.918144,-0.00367647058823517,-0.00367647058823517,-0.049999999999998934,-0.049999999999998934,13.55,13.6,13.55,13.6,626.0,629.0,8853.0,2174.0,False,False
2887,2022-11-02 09:30:00.354731,-0.00367647058823517,-0.00367647058823517,-0.049999999999998934,-0.049999999999998934,13.55,13.6,13.55,13.6,626.0,629.0,8853.0,2144.0,True,True
2887,2022-11-02 09:30:03.735535,-0.00367647058823517,-0.00367647058823517,-0.049999999999998934,-0.049999999999998934,13.55,13.6,13.55,13.6,626.0,629.0,8853.0,2144.0,False,False
2887,2022-11-02 09:30:05.747379,-0.00367647058823517,-0.00367647058823517,-0.049999999999998934,-0.049999999999998934,13.55,13.6,13.55,13.6,627.0,629.0,8853.0,2144.0,False,False
2887,2022-11-02 09:30:06.138572,-0.00367647058823517,-0.00367647058823517,-0.049999999999998934,-0.049999999999998934,13.55,13.6,13.55,13.6,627.0,629.0,8853.0,2144.0,False,False
2887,2022-11-02 09:30:10.451717,-0.00367647058823517,-0.00367647058823517,-0.049999999999998934,-0.049999999999998934,13.55,13.6,13.55,13.6,627.0,629.0,9003.0,2144.0,True,True
2887,2022-11-02 09:30:11.094777,-0.00367647058823517,-0.00367647058823517,-0.049999999999998934,-0.049999999999998934,13.55,13.6,13.55,13.6,627.0,629.0,9003.0,2144.0,False,False
2887,2022-11-02 09:30:14.545135,-0.00367647058823517,-0.00367647058823517,-0.049999999999998934,-0.049999999999998934,13.55,13.6,13.55,13.6,627.0,629.0,9003.0,2144.0,False,False
2887,2022-11-02 09:30:16.937817,-0.00367647058823517,-0.00367647058823517,-0.049999999999998934,-0.049999999999998934,13.55,13.6,13.55,13.6,627.0,624.0,9003.0,2144.0,False,False
2887,2022-11-02 09:30:17.426848,-0.00367647058823517,-0.00367647058823517,-0.049999999999998934,-0.049999999999998934,13.55,13.6,13.55,13.6,628.0,624.0,9003.0,2144.0,False,False
2887,2022-11-02 09:30:18.970221,-0.00367647058823517,-0.00367647058823517,-0.049999999999998934,-0.049999999999998934,13.55,13.6,13.55,13.6,628.0,626.0,9003.0,2144.0,False,False
2887,2022-11-02 09:30:19.519559,-0.00367647058823517,-0.00367647058823517,-0.049999999999998934,-0.049999999999998934,13.55,13.6,13.55,13.6,628.0,627.0,9003.0,2144.0,False,False
2887,2022-11-02 09:30:30.604703,-0.00367647058823517,-0.00367647058823517,-0.049999999999998934,-0.049999999999998934,13.55,13.6,13.55,13.6,628.0,627.0,9003.0,2709.0,True,True
2887,2022-11-02 09:30:34.056110,-0.00367647058823517,-0.00367647058823517,-0.049999999999998934,-0.049999999999998934,13.55,13.6,13.55,13.6,631.0,627.0,9003.0,2709.0,False,False
2887,2022-11-02 09:30:50.714256,-0.00367647058823517,-0.00367647058823517,-0.049999999999998934,-0.049999999999998934,13.55,13.6,13.55,13.6,631.0,627.0,9003.0,2702.0,True,True
2887,2022-11-02 09:30:50.769646,-0.00367647058823517,-0.00367647058823517,-0.049999999999998934,-0.049999999999998934,13.55,13.6,13.55,13.6,635.0,627.0,9003.0,2702.0,False,False
2887,2022-11-02 09:30:51.353686,-0.00367647058823517,-0.00367647058823517,-0.049999999999998934,-0.049999999999998934,13.55,13.6,13.55,13.6,633.0,627.0,9003.0,2702.0,False,False
2887,2022-11-02 09:30:52.665330,-0.00367647058823517,-0.00367647058823517,-0.049999999999998934,-0.049999999999998934,13.55,13.6,13.55,13.6,633.0,627.0,9003.0,2702.0,False,False
2887,2022-11-02 09:30:53.741107,-0.00367647058823517,-0.00367647058823517,-0.049999999999998934,-0.049999999999998934,13.55,13.6,13.55,13.6,633.0,629.0,9003.0,2702.0,False,False
2887,2022-11-02 09:30:55.154610,-0.00367647058823517,-0.00367647058823517,-0.049999999999998934,-0.049999999999998934,13.55,13.6,13.55,13.6,633.0,629.0,9003.0,2702.0,False,False
2887,2022-11-02 09:31:00.036355,-0.00367647058823517,-0.00367647058823517,-0.049999999999998934,-0.049999999999998934,13.55,13.6,13.55,13.6,633.0,630.0,9003.0,2702.0,False,False
2887,2022-11-02 09:31:00.756804,-0.00367647058823517,-0.00367647058823517,-0.049999999999998934,-0.049999999999998934,13.55,13.6,13.55,13.6,633.0,630.0,9003.0,1693.0,True,True
2887,2022-11-02 09:31:02.018910,-0.00367647058823517,-0.00367647058823517,-0.049999999999998934,-0.049999999999998934,13.55,13.6,13.55,13.6,633.0,631.0,9003.0,1693.0,False,False
2887,2022-11-02 09:31:03.374517,-0.00367647058823517,-0.00367647058823517,-0.049999999999998934,-0.049999999999998934,13.55,13.6,13.55,13.6,633.0,631.0,9003.0,1693.0,False,False
2887,2022-11-02 09:31:05.927172,-0.00367647058823517,-0.00367647058823517,-0.049999999999998934,-0.049999999999998934,13.55,13.6,13.55,13.6,633.0,633.0,9003.0,1693.0,False,False
2887,2022-11-02 09:31:06.105904,-0.00367647058823517,-0.00367647058823517,-0.049999999999998934,-0.049999999999998934,13.55,13.6,13.55,13.6,639.0,633.0,9003.0,1693.0,False,False
2887,2022-11-02 09:31:09.999535,-0.00367647058823517,-0.00367647058823517,-0.049999999999998934,-0.049999999999998934,13.55,13.6,13.55,13.6,639.0,633.0,9003.0,1693.0,False,True
2887,2022-11-02 09:31:12.679539,-0.00367647058823517,-0.00367647058823517,-0.049999999999998934,-0.049999999999998934,13.55,13.6,13.55,13.6,639.0,634.0,9003.0,1693.0,False,False
2887,2022-11-02 09:31:13.861910,-0.00367647058823517,-0.00367647058823517,-0.049999999999998934,-0.049999999999998934,13.55,13.6,13.55,13.6,640.0,634.0,9003.0,1693.0,False,False
2887,2022-11-02 09:31:20.049893,-0.00367647058823517,-0.00367647058823517,-0.049999999999998934,-0.049999999999998934,13.55,13.6,13.55,13.6,640.0,634.0,9003.0,1789.0,True,True
2887,2022-11-02 09:31:20.630324,-0.00367647058823517,-0.00367647058823517,-0.049999999999998934,-0.049999999999998934,13.55,13.6,13.55,13.6,640.0,634.0,9003.0,1789.0,False,False
2887,2022-11-02 09:31:21.049123,-0.00367647058823517,-0.00367647058823517,-0.049999999999998934,-0.049999999999998934,13.55,13.6,13.55,13.6,640.0,634.0,9003.0,1789.0,False,False
2887,2022-11-02 09:31:23.309340,-0.00367647058823517,-0.00367647058823517,-0.049999999999998934,-0.049999999999998934,13.55,13.6,13.55,13.6,639.0,634.0,9003.0,1789.0,False,False
2887,2022-11-02 09:31:25.087897,-0.00367647058823517,-0.00367647058823517,-0.049999999999998934,-0.049999999999998934,13.55,13.6,13.55,13.6,639.0,635.0,9003.0,1789.0,False,False
2887,2022-11-02 09:31:26.160086,-0.00367647058823517,-0.00367647058823517,-0.049999999999998934,-0.049999999999998934,13.55,13.6,13.55,13.6,636.0,635.0,9003.0,1789.0,False,False
2887,2022-11-02 09:31:27.146832,-0.00367647058823517,-0.00367647058823517,-0.049999999999998934,-0.049999999999998934,13.55,13.6,13.55,13.6,636.0,634.0,9003.0,1789.0,False,False
2887,2022-11-02 09:31:30.093117,-0.00367647058823517,-0.00367647058823517,-0.049999999999998934,-0.049999999999998934,13.55,13.6,13.55,13.6,636.0,634.0,9003.0,1789.0,True,True
2887,2022-11-02 09:31:30.440787,-0.00367647058823517,-0.00367647058823517,-0.049999999999998934,-0.049999999999998934,13.55,13.6,13.55,13.6,636.0,634.0,9003.0,1789.0,False,False
2887,2022-11-02 09:31:31.363243,-0.00367647058823517,-0.00367647058823517,-0.049999999999998934,-0.049999999999998934,13.55,13.6,13.55,13.6,636.0,637.0,9003.0,1789.0,False,False
2887,2022-11-02 09:31:31.469693,-0.00367647058823517,-0.00367647058823517,-0.049999999999998934,-0.049999999999998934,13.55,13.6,13.55,13.6,636.0,637.0,9003.0,1789.0,False,False
2887,2022-11-02 09:31:33.173827,-0.00367647058823517,-0.00367647058823517,-0.049999999999998934,-0.049999999999998934,13.55,13.6,13.55,13.6,637.0,637.0,9003.0,1789.0,False,False
2887,2022-11-02 09:31:33.676450,-0.00367647058823517,-0.00367647058823517,-0.049999999999998934,-0.049999999999998934,13.55,13.6,13.55,13.6,643.0,637.0,9003.0,1789.0,False,False
2887,2022-11-02 09:31:35.912334,-0.00367647058823517,-0.00367647058823517,-0.049999999999998934,-0.049999999999998934,13.55,13.6,13.55,13.6,643.0,637.0,9003.0,1789.0,False,False
2887,2022-11-02 09:31:36.476886,-0.00367647058823517,-0.00367647058823517,-0.049999999999998934,-0.049999999999998934,13.55,13.6,13.55,13.6,643.0,638.0,9003.0,1789.0,False,False
2887,2022-11-02 09:31:37.762250,-0.00367647058823517,-0.00367647058823517,-0.049999999999998934,-0.049999999999998934,13.55,13.6,13.55,13.6,643.0,638.0,9003.0,1789.0,False,False
2887,2022-11-02 09:31:41.356708,-0.00367647058823517,-0.00367647058823517,-0.049999999999998934,-0.049999999999998934,13.55,13.6,13.55,13.6,643.0,638.0,9003.0,1789.0,False,False
2887,2022-11-02 09:31:47.498968,-0.00367647058823517,-0.00367647058823517,-0.049999999999998934,-0.049999999999998934,13.55,13.6,13.55,13.6,644.0,638.0,9003.0,1789.0,False,False
2887,2022-11-02 09:31:49.450694,-0.00367647058823517,-0.00367647058823517,-0.049999999999998934,-0.049999999999998934,13.55,13.6,13.55,13.6,644.0,638.0,9003.0,1789.0,False,False
2887,2022-11-02 09:31:52.660530,-0.00367647058823517,-0.00367647058823517,-0.049999999999998934,-0.049999999999998934,13.55,13.6,13.55,13.6,644.0,638.0,9003.0,1789.0,False,False
2887,2022-11-02 09:31:57.381172,-0.00367647058823517,-0.00367647058823517,-0.049999999999998934,-0.049999999999998934,13.55,13.6,13.55,13.6,644.0,642.0,9003.0,1789.0,False,False
2887,2022-11-02 09:32:00.222826,-0.00367647058823517,-0.00367647058823517,-0.049999999999998934,-0.049999999999998934,13.55,13.6,13.55,13.6,644.0,642.0,9103.0,1789.0,True,True
2887,2022-11-02 09:32:01.357960,-0.00367647058823517,-0.00367647058823517,-0.049999999999998934,-0.049999999999998934,13.55,13.6,13.55,13.6,644.0,644.0,9103.0,1789.0,False,False
2887,2022-11-02 09:32:09.900399,-0.00367647058823517,-0.00367647058823517,-0.049999999999998934,-0.049999999999998934,13.55,13.6,13.55,13.6,640.0,640.0,9103.0,1789.0,False,False
2887,2022-11-02 09:32:15.337493,-0.00367647058823517,-0.00367647058823517,-0.049999999999998934,-0.049999999999998934,13.55,13.6,13.55,13.6,640.0,640.0,9103.0,1789.0,False,False
2887,2022-11-02 09:32:17.529931,-0.00367647058823517,-0.00367647058823517,-0.049999999999998934,-0.049999999999998934,13.55,13.6,13.55,13.6,645.0,640.0,9103.0,1789.0,False,False
2887,2022-11-02 09:32:25.784411,-0.00367647058823517,-0.00367647058823517,-0.049999999999998934,-0.049999999999998934,13.55,13.6,13.55,13.6,645.0,640.0,9103.0,1789.0,False,False
2887,2022-11-02 09:32:30.343390,-0.00367647058823517,-0.00367647058823517,-0.049999999999998934,-0.049999999999998934,13.55,13.6,13.55,13.6,645.0,640.0,9103.0,1789.0,True,True
2887,2022-11-02 09:32:31.202871,-0.00367647058823517,-0.00367647058823517,-0.049999999999998934,-0.049999999999998934,13.55,13.6,13.55,13.6,645.0,640.0,9103.0,1789.0,False,False
2887,2022-11-02 09:32:37.594229,-0.00367647058823517,-0.00367647058823517,-0.049999999999998934,-0.049999999999998934,13.55,13.6,13.55,13.6,648.0,640.0,9103.0,1789.0,False,False
2887,2022-11-02 09:32:40.392842,-0.00367647058823517,-0.00367647058823517,-0.049999999999998934,-0.049999999999998934,13.55,13.6,13.55,13.6,648.0,640.0,9103.0,1789.0,True,True
2887,2022-11-02 09:32:40.896836,-0.00367647058823517,-0.00367647058823517,-0.049999999999998934,-0.049999999999998934,13.55,13.6,13.55,13.6,647.0,640.0,9103.0,1789.0,False,False
2887,2022-11-02 09:32:44.974336,-0.00367647058823517,-0.00367647058823517,-0.049999999999998934,-0.049999999999998934,13.55,13.6,13.55,13.6,650.0,640.0,9103.0,1789.0,False,False
2887,2022-11-02 09:32:49.619025,-0.00367647058823517,-0.00367647058823517,-0.049999999999998934,-0.049999999999998934,13.55,13.6,13.55,13.6,650.0,640.0,9103.0,1789.0,False,False
2887,2022-11-02 09:32:50.265627,-0.00367647058823517,-0.00367647058823517,-0.049999999999998934,-0.049999999999998934,13.55,13.6,13.55,13.6,650.0,640.0,9103.0,1789.0,False,False
2887,2022-11-02 09:32:50.843611,-0.00367647058823517,-0.00367647058823517,-0.049999999999998934,-0.049999999999998934,13.55,13.6,13.55,13.6,650.0,643.0,9103.0,1789.0,False,False
2887,2022-11-02 09:32:53.344427,-0.00367647058823517,-0.00367647058823517,-0.049999999999998934,-0.049999999999998934,13.55,13.6,13.55,13.6,652.0,643.0,9103.0,1789.0,False,False
2887,2022-11-02 09:33:00.469428,-0.00367647058823517,-0.00367647058823517,-0.049999999999998934,-0.049999999999998934,13.55,13.6,13.55,13.6,652.0,643.0,9203.0,1789.0,True,True
2887,2022-11-02 09:33:07.058754,-0.00367647058823517,-0.00367647058823517,-0.049999999999998934,-0.049999999999998934,13.55,13.6,13.55,13.6,653.0,643.0,9203.0,1789.0,False,False
2887,2022-11-02 09:33:07.349112,-0.00367647058823517,-0.00367647058823517,-0.049999999999998934,-0.049999999999998934,13.55,13.6,13.55,13.6,650.0,643.0,9203.0,1789.0,False,False
2887,2022-11-02 09:33:07.364082,-0.00367647058823517,-0.00367647058823517,-0.049999999999998934,-0.049999999999998934,13.55,13.6,13.55,13.6,639.0,643.0,9203.0,1789.0,False,False
2887,2022-11-02 09:33:08.638128,-0.00367647058823517,-0.00367647058823517,-0.049999999999998934,-0.049999999999998934,13.55,13.6,13.55,13.6,641.0,643.0,9203.0,1789.0,False,False
2887,2022-11-02 09:33:10.505082,-0.00367647058823517,-0.00367647058823517,-0.049999999999998934,-0.049999999999998934,13.55,13.6,13.55,13.6,641.0,643.0,9203.0,1489.0,True,True
2887,2022-11-02 09:33:14.533704,-0.00367647058823517,-0.00367647058823517,-0.049999999999998934,-0.049999999999998934,13.55,13.6,13.55,13.6,641.0,645.0,9203.0,1489.0,False,False
2887,2022-11-02 09:33:16.000577,-0.00367647058823517,-0.00367647058823517,-0.049999999999998934,-0.049999999999998934,13.55,13.6,13.55,13.6,641.0,655.0,9203.0,1489.0,False,False
2887,2022-11-02 09:33:20.545266,-0.00367647058823517,-0.00367647058823517,-0.049999999999998934,-0.049999999999998934,13.55,13.6,13.55,13.6,641.0,655.0,9653.0,1479.0,True,True
2887,2022-11-02 09:33:29.437651,-0.00367647058823517,-0.00367647058823517,-0.049999999999998934,-0.049999999999998934,13.55,13.6,13.55,13.6,641.0,656.0,9653.0,1479.0,False,False
2887,2022-11-02 09:33:38.014099,-0.00367647058823517,-0.00367647058823517,-0.049999999999998934,-0.049999999999998934,13.55,13.6,13.55,13.6,641.0,656.0,9653.0,1479.0,False,False
2887,2022-11-02 09:33:40.635968,-0.00367647058823517,-0.00367647058823517,-0.049999999999998934,-0.049999999999998934,13.55,13.6,13.55,13.6,641.0,656.0,10153.0,480.0,True,True
2887,2022-11-02 09:33:46.481463,-0.00367647058823517,-0.00367647058823517,-0.049999999999998934,-0.049999999999998934,13.55,13.6,13.55,13.6,641.0,656.0,10153.0,480.0,False,False
2887,2022-11-02 09:33:49.039707,-0.00367647058823517,-0.00367647058823517,-0.049999999999998934,-0.049999999999998934,13.55,13.6,13.55,13.6,641.0,656.0,10153.0,480.0,False,False
2887,2022-11-02 09:33:50.312119,-0.00367647058823517,-0.00367647058823517,-0.049999999999998934,-0.049999999999998934,13.55,13.6,13.55,13.6,641.0,656.0,10153.0,480.0,False,False
2887,2022-11-02 09:33:51.655667,-0.00367647058823517,-0.00367647058823517,-0.049999999999998934,-0.049999999999998934,13.55,13.6,13.55,13.6,640.0,656.0,10153.0,480.0,False,False
2887,2022-11-02 09:33:52.581060,-0.00367647058823517,-0.00367647058823517,-0.049999999999998934,-0.049999999999998934,13.55,13.6,13.55,13.6,640.0,658.0,10153.0,480.0,False,False
2887,2022-11-02 09:33:59.075649,-0.00367647058823517,-0.00367647058823517,-0.049999999999998934,-0.049999999999998934,13.55,13.6,13.55,13.6,640.0,657.0,10153.0,480.0,False,False
2887,2022-11-02 09:34:00.985683,-0.00367647058823517,-0.00367647058823517,-0.049999999999998934,-0.049999999999998934,13.55,13.6,13.55,13.6,640.0,641.0,10153.0,480.0,False,False
2887,2022-11-02 09:34:03.653414,-0.00367647058823517,-0.00367647058823517,-0.049999999999998934,-0.049999999999998934,13.55,13.6,13.55,13.6,640.0,641.0,10153.0,480.0,False,False
2887,2022-11-02 09:34:04.691952,-0.00367647058823517,-0.00367647058823517,-0.049999999999998934,-0.049999999999998934,13.55,13.6,13.55,13.6,643.0,641.0,10153.0,480.0,False,False
2887,2022-11-02 09:34:08.019352,-0.00367647058823517,-0.00367647058823517,-0.049999999999998934,-0.049999999999998934,13.55,13.6,13.55,13.6,621.0,641.0,10153.0,480.0,False,False
2887,2022-11-02 09:34:09.185294,-0.00367647058823517,-0.00367647058823517,-0.049999999999998934,-0.049999999999998934,13.55,13.6,13.55,13.6,621.0,643.0,10153.0,480.0,False,False
2887,2022-11-02 09:34:10.166910,-0.00367647058823517,-0.00367647058823517,-0.049999999999998934,-0.049999999999998934,13.55,13.6,13.55,13.6,621.0,643.0,7978.0,480.0,False,True
2887,2022-11-02 09:34:20.210138,-0.00367647058823517,-0.00367647058823517,-0.049999999999998934,-0.049999999999998934,13.55,13.6,13.55,13.6,621.0,644.0,7978.0,480.0,False,False
2887,2022-11-02 09:34:20.213719,-0.00367647058823517,-0.00367647058823517,-0.049999999999998934,-0.049999999999998934,13.55,13.6,13.55,13.6,621.0,644.0,7978.0,480.0,True,True
2887,2022-11-02 09:34:21.085870,-0.00367647058823517,-0.00367647058823517,-0.049999999999998934,-0.049999999999998934,13.55,13.6,13.55,13.6,621.0,644.0,7978.0,480.0,False,False
2887,2022-11-02 09:34:30.233247,-0.00367647058823517,-0.00367647058823517,-0.049999999999998934,-0.049999999999998934,13.55,13.6,13.55,13.6,621.0,644.0,7978.0,480.0,False,False
2887,2022-11-02 09:34:30.251250,-0.00367647058823517,-0.00367647058823517,-0.049999999999998934,-0.049999999999998934,13.55,13.6,13.55,13.6,621.0,644.0,7978.0,480.0,True,True
2887,2022-11-02 09:34:37.556530,-0.00367647058823517,-0.00367647058823517,-0.049999999999998934,-0.049999999999998934,13.55,13.6,13.55,13.6,621.0,644.0,7978.0,480.0,False,False
2887,2022-11-02 09:34:38.574939,-0.00367647058823517,-0.00367647058823517,-0.049999999999998934,-0.049999999999998934,13.55,13.6,13.55,13.6,621.0,644.0,7978.0,480.0,False,False
2887,2022-11-02 09:34:40.286757,-0.00367647058823517,-0.00367647058823517,-0.049999999999998934,-0.049999999999998934,13.55,13.6,13.55,13.6,621.0,644.0,7982.0,480.0,True,True
2887,2022-11-02 09:34:41.564485,-0.00367647058823517,-0.00367647058823517,-0.049999999999998934,-0.049999999999998934,13.55,13.6,13.55,13.6,619.0,644.0,7982.0,480.0,False,False
2887,2022-11-02 09:34:42.937924,-0.00367647058823517,-0.00367647058823517,-0.049999999999998934,-0.049999999999998934,13.55,13.6,13.55,13.6,618.0,644.0,7982.0,480.0,False,False
2887,2022-11-02 09:34:50.326855,-0.00367647058823517,-0.00367647058823517,-0.049999999999998934,-0.049999999999998934,13.55,13.6,13.55,13.6,618.0,644.0,7992.0,480.0,True,True
2887,2022-11-02 09:34:55.776990,-0.00367647058823517,-0.00367647058823517,-0.049999999999998934,-0.049999999999998934,13.55,13.6,13.55,13.6,618.0,644.0,7992.0,480.0,False,False
2887,2022-11-02 09:35:01.594015,-0.00367647058823517,-0.00367647058823517,-0.049999999999998934,-0.049999999999998934,13.55,13.6,13.55,13.6,620.0,644.0,7992.0,480.0,False,False
2887,2022-11-02 09:35:01.622032,-0.00367647058823517,-0.00367647058823517,-0.049999999999998934,-0.049999999999998934,13.55,13.6,13.55,13.6,620.0,644.0,7992.0,480.0,False,False
2887,2022-11-02 09:35:07.804018,-0.00367647058823517,-0.00367647058823517,-0.049999999999998934,-0.049999999999998934,13.55,13.6,13.55,13.6,620.0,645.0,7992.0,480.0,False,False
2887,2022-11-02 09:35:10.143289,-0.00367647058823517,-0.00367647058823517,-0.049999999999998934,-0.049999999999998934,13.55,13.6,13.55,13.6,620.0,645.0,7992.0,480.0,False,False
2887,2022-11-02 09:35:10.552822,-0.00367647058823517,-0.00367647058823517,-0.049999999999998934,-0.049999999999998934,13.55,13.6,13.55,13.6,620.0,645.0,7837.0,469.0,True,True
2887,2022-11-02 09:35:16.780383,-0.00367647058823517,-0.00367647058823517,-0.049999999999998934,-0.049999999999998934,13.55,13.6,13.55,13.6,620.0,638.0,7837.0,469.0,False,False
2887,2022-11-02 09:35:20.746626,-0.00367647058823517,-0.00367647058823517,-0.049999999999998934,-0.049999999999998934,13.55,13.6,13.55,13.6,620.0,638.0,7837.0,469.0,True,True
2887,2022-11-02 09:35:21.784379,-0.00367647058823517,-0.00367647058823517,-0.049999999999998934,-0.049999999999998934,13.55,13.6,13.55,13.6,620.0,638.0,7837.0,469.0,False,False
2887,2022-11-02 09:35:29.258792,-0.00367647058823517,-0.00367647058823517,-0.049999999999998934,-0.049999999999998934,13.55,13.6,13.55,13.6,620.0,638.0,7837.0,469.0,False,False
2887,2022-11-02 09:35:30.751762,-0.00367647058823517,-0.00367647058823517,-0.049999999999998934,-0.049999999999998934,13.55,13.6,13.55,13.6,620.0,638.0,7837.0,469.0,True,True
2887,2022-11-02 09:35:38.787672,-0.00367647058823517,-0.00367647058823517,-0.049999999999998934,-0.049999999999998934,13.55,13.6,13.55,13.6,620.0,648.0,7837.0,469.0,False,False
2887,2022-11-02 09:35:39.232018,-0.00367647058823517,-0.00367647058823517,-0.049999999999998934,-0.049999999999998934,13.55,13.6,13.55,13.6,622.0,648.0,7837.0,469.0,False,False
2887,2022-11-02 09:35:39.873660,-0.00367647058823517,-0.00367647058823517,-0.049999999999998934,-0.049999999999998934,13.55,13.6,13.55,13.6,622.0,649.0,7837.0,469.0,False,False
2887,2022-11-02 09:35:40.766256,-0.00367647058823517,-0.00367647058823517,-0.049999999999998934,-0.049999999999998934,13.55,13.6,13.55,13.6,622.0,649.0,7837.0,469.0,True,True
2887,2022-11-02 09:35:41.783395,-0.00367647058823517,-0.00367647058823517,-0.049999999999998934,-0.049999999999998934,13.55,13.6,13.55,13.6,622.0,649.0,7837.0,469.0,False,False
2887,2022-11-02 09:35:48.028890,-0.00367647058823517,-0.00367647058823517,-0.049999999999998934,-0.049999999999998934,13.55,13.6,13.55,13.6,622.0,651.0,7837.0,469.0,False,False
2887,2022-11-02 09:35:51.856728,-0.00367647058823517,-0.00367647058823517,-0.049999999999998934,-0.049999999999998934,13.55,13.6,13.55,13.6,622.0,651.0,7837.0,469.0,False,False
2887,2022-11-02 09:35:52.480988,-0.00367647058823517,-0.00367647058823517,-0.049999999999998934,-0.049999999999998934,13.55,13.6,13.55,13.6,622.0,650.0,7837.0,469.0,False,False
2887,2022-11-02 09:35:52.893406,-0.00367647058823517,-0.00367647058823517,-0.049999999999998934,-0.049999999999998934,13.55,13.6,13.55,13.6,622.0,650.0,7837.0,469.0,False,False
2887,2022-11-02 09:35:53.466684,-0.00367647058823517,-0.00367647058823517,-0.049999999999998934,-0.049999999999998934,13.55,13.6,13.55,13.6,624.0,650.0,7837.0,469.0,False,False
2887,2022-11-02 09:35:56.534785,-0.00367647058823517,-0.00367647058823517,-0.049999999999998934,-0.049999999999998934,13.55,13.6,13.55,13.6,634.0,650.0,7837.0,469.0,False,False
2887,2022-11-02 09:35:58.595004,-0.00367647058823517,-0.00367647058823517,-0.049999999999998934,-0.049999999999998934,13.55,13.6,13.55,13.6,634.0,650.0,7837.0,469.0,False,False
2887,2022-11-02 09:36:00.822357,-0.00367647058823517,-0.00367647058823517,-0.049999999999998934,-0.049999999999998934,13.55,13.6,13.55,13.6,634.0,650.0,8042.0,469.0,True,True
2887,2022-11-02 09:36:03.373420,-0.00367647058823517,-0.00367647058823517,-0.049999999999998934,-0.049999999999998934,13.55,13.6,13.55,13.6,634.0,650.0,8042.0,469.0,False,False
2887,2022-11-02 09:36:03.933248,-0.00367647058823517,-0.00367647058823517,-0.049999999999998934,-0.049999999999998934,13.55,13.6,13.55,13.6,634.0,650.0,8042.0,469.0,False,False
2887,2022-11-02 09:36:04.592671,-0.00367647058823517,-0.00367647058823517,-0.049999999999998934,-0.049999999999998934,13.55,13.6,13.55,13.6,634.0,649.0,8042.0,469.0,False,False
2887,2022-11-02 09:36:05.550636,-0.00367647058823517,-0.00367647058823517,-0.049999999999998934,-0.049999999999998934,13.55,13.6,13.55,13.6,635.0,649.0,8042.0,469.0,False,False
2887,2022-11-02 09:36:05.646673,-0.00367647058823517,-0.00367647058823517,-0.049999999999998934,-0.049999999999998934,13.55,13.6,13.55,13.6,635.0,649.0,8042.0,469.0,False,False
2887,2022-11-02 09:36:06.349862,-0.00367647058823517,-0.00367647058823517,-0.049999999999998934,-0.049999999999998934,13.55,13.6,13.55,13.6,635.0,659.0,8042.0,469.0,False,False
2887,2022-11-02 09:36:07.141726,-0.00367647058823517,-0.00367647058823517,-0.049999999999998934,-0.049999999999998934,13.55,13.6,13.55,13.6,635.0,659.0,8042.0,469.0,False,False
2887,2022-11-02 09:36:10.862258,-0.00367647058823517,-0.00367647058823517,-0.049999999999998934,-0.049999999999998934,13.55,13.6,13.55,13.6,635.0,659.0,8042.0,134.0,True,True
2887,2022-11-02 09:36:13.449053,-0.00367647058823517,-0.00367647058823517,-0.049999999999998934,-0.049999999999998934,13.55,13.6,13.55,13.6,635.0,659.0,8042.0,134.0,False,False
2887,2022-11-02 09:36:20.890453,-0.00367647058823517,-0.00367647058823517,-0.049999999999998934,-0.049999999999998934,13.55,13.6,13.55,13.6,635.0,659.0,8042.0,36.0,True,True
2887,2022-11-02 09:36:22.446754,-0.00367647058823517,-0.00367647058823517,-0.049999999999998934,-0.049999999999998934,13.55,13.6,13.55,13.6,635.0,659.0,8042.0,36.0,False,False
2887,2022-11-02 09:36:24.773303,-0.00367647058823517,-0.00367647058823517,-0.049999999999998934,-0.049999999999998934,13.55,13.6,13.55,13.6,635.0,667.0,8042.0,36.0,False,False
2887,2022-11-02 09:36:28.728522,-0.00367647058823517,-0.00367647058823517,-0.049999999999998934,-0.049999999999998934,13.55,13.6,13.55,13.6,635.0,667.0,8042.0,36.0,False,False
2887,2022-11-02 09:36:30.917019,-0.00367647058823517,-0.00367647058823517,-0.049999999999998934,-0.049999999999998934,13.55,13.6,13.55,13.6,635.0,667.0,8042.0,26.0,True,True
2887,2022-11-02 09:36:33.578887,-0.00367647058823517,-0.00367647058823517,-0.049999999999998934,-0.049999999999998934,13.55,13.6,13.55,13.6,635.0,666.0,8042.0,26.0,False,False
2887,2022-11-02 09:36:41.191914,-0.00367647058823517,-0.00367647058823517,-0.049999999999998934,-0.049999999999998934,13.55,13.6,13.55,13.6,635.0,666.0,8042.0,26.0,False,False
2887,2022-11-02 09:36:43.230418,-0.00367647058823517,-0.00367647058823517,-0.049999999999998934,-0.049999999999998934,13.55,13.6,13.55,13.6,635.0,671.0,8042.0,26.0,False,False
2887,2022-11-02 09:36:44.062603,-0.00367647058823517,-0.00367647058823517,-0.049999999999998934,-0.049999999999998934,13.55,13.6,13.55,13.6,635.0,671.0,8042.0,26.0,False,False
2887,2022-11-02 09:36:44.287440,-0.00367647058823517,-0.00367647058823517,-0.049999999999998934,-0.049999999999998934,13.55,13.6,13.55,13.6,635.0,669.0,8042.0,26.0,False,False
2887,2022-11-02 09:36:46.343593,-0.00367647058823517,-0.00367647058823517,-0.049999999999998934,-0.049999999999998934,13.55,13.6,13.55,13.6,635.0,670.0,8042.0,26.0,False,False
2887,2022-11-02 09:36:50.030110,-0.00367647058823517,-0.00367647058823517,-0.049999999999998934,-0.049999999999998934,13.55,13.6,13.55,13.6,636.0,670.0,8042.0,26.0,False,False
2887,2022-11-02 09:37:00.843722,-0.00367647058823517,-0.00367647058823517,-0.049999999999998934,-0.049999999999998934,13.55,13.6,13.55,13.6,636.0,679.0,8042.0,26.0,False,False
2887,2022-11-02 09:37:10.247002,-0.00367647058823517,-0.00367647058823517,-0.049999999999998934,-0.049999999999998934,13.55,13.6,13.55,13.6,636.0,679.0,8118.0,26.0,False,True
2887,2022-11-02 09:37:17.947057,-0.00367647058823517,-0.00367647058823517,-0.049999999999998934,-0.049999999999998934,13.55,13.6,13.55,13.6,635.0,678.0,8118.0,26.0,False,False
2887,2022-11-02 09:37:18.762926,-0.00367647058823517,-0.00367647058823517,-0.049999999999998934,-0.049999999999998934,13.55,13.6,13.55,13.6,635.0,662.0,8118.0,26.0,False,False
2887,2022-11-02 09:37:20.276053,-0.00367647058823517,-0.00367647058823517,-0.049999999999998934,-0.049999999999998934,13.55,13.6,13.55,13.6,635.0,662.0,8221.0,26.0,True,True
2887,2022-11-02 09:37:22.022886,-0.00367647058823517,-0.00367647058823517,-0.049999999999998934,-0.049999999999998934,13.55,13.6,13.55,13.6,625.0,662.0,8221.0,26.0,False,False
2887,2022-11-02 09:37:24.460367,-0.00367647058823517,-0.00367647058823517,-0.049999999999998934,-0.049999999999998934,13.55,13.6,13.55,13.6,625.0,665.0,8221.0,26.0,False,False
2887,2022-11-02 09:37:30.309245,-0.00367647058823517,-0.00367647058823517,-0.049999999999998934,-0.049999999999998934,13.55,13.6,13.55,13.6,625.0,665.0,9163.0,26.0,True,True
2887,2022-11-02 09:37:31.200477,-0.00367647058823517,-0.00367647058823517,-0.049999999999998934,-0.049999999999998934,13.55,13.6,13.55,13.6,625.0,665.0,9163.0,26.0,False,False
2887,2022-11-02 09:37:31.269234,-0.00367647058823517,-0.00367647058823517,-0.049999999999998934,-0.049999999999998934,13.55,13.6,13.55,13.6,624.0,665.0,9163.0,26.0,False,False
2887,2022-11-02 09:37:38.446240,-0.00367647058823517,-0.00367647058823517,-0.049999999999998934,-0.049999999999998934,13.55,13.6,13.55,13.6,624.0,665.0,9163.0,26.0,False,False
2887,2022-11-02 09:37:39.618813,-0.00367647058823517,-0.00367647058823517,-0.049999999999998934,-0.049999999999998934,13.55,13.6,13.55,13.6,624.0,665.0,9163.0,26.0,False,False
2887,2022-11-02 09:37:40.610520,-0.00367647058823517,-0.00367647058823517,-0.049999999999998934,-0.049999999999998934,13.55,13.6,13.55,13.6,629.0,665.0,9163.0,26.0,False,False
2887,2022-11-02 09:37:47.031971,-0.00367647058823517,-0.00367647058823517,-0.049999999999998934,-0.049999999999998934,13.55,13.6,13.55,13.6,639.0,665.0,9163.0,26.0,False,False
2887,2022-11-02 09:38:00.417018,-0.00367647058823517,-0.00367647058823517,-0.049999999999998934,-0.049999999999998934,13.55,13.6,13.55,13.6,639.0,665.0,9163.0,26.0,True,True
2887,2022-11-02 09:38:10.447143,-0.00367647058823517,-0.00367647058823517,-0.049999999999998934,-0.049999999999998934,13.55,13.6,13.55,13.6,639.0,665.0,9964.0,26.0,True,True
2887,2022-11-02 09:38:10.639436,-0.00367647058823517,-0.00367647058823517,-0.049999999999998934,-0.049999999999998934,13.55,13.6,13.55,13.6,639.0,664.0,9964.0,26.0,False,False
2887,2022-11-02 09:38:12.526401,-0.00367647058823517,-0.00367647058823517,-0.049999999999998934,-0.049999999999998934,13.55,13.6,13.55,13.6,638.0,664.0,9964.0,26.0,False,False
2887,2022-11-02 09:38:17.431327,-0.00367647058823517,-0.00367647058823517,-0.049999999999998934,-0.049999999999998934,13.55,13.6,13.55,13.6,642.0,664.0,9964.0,26.0,False,False
2887,2022-11-02 09:38:17.619935,-0.00367647058823517,-0.00367647058823517,-0.049999999999998934,-0.049999999999998934,13.55,13.6,13.55,13.6,642.0,664.0,9964.0,26.0,False,False
2887,2022-11-02 09:38:20.779282,-0.00367647058823517,-0.00367647058823517,-0.049999999999998934,-0.049999999999998934,13.55,13.6,13.55,13.6,642.0,664.0,9964.0,26.0,False,False
2887,2022-11-02 09:38:30.506391,-0.00367647058823517,-0.00367647058823517,-0.049999999999998934,-0.049999999999998934,13.55,13.6,13.55,13.6,642.0,664.0,9960.0,26.0,True,True
2887,2022-11-02 09:38:38.730780,-0.00367647058823517,-0.00367647058823517,-0.049999999999998934,-0.049999999999998934,13.55,13.6,13.55,13.6,643.0,664.0,9960.0,26.0,False,False
2887,2022-11-02 09:38:39.431595,-0.00367647058823517,-0.00367647058823517,-0.049999999999998934,-0.049999999999998934,13.55,13.6,13.55,13.6,736.0,664.0,9960.0,26.0,False,False
2887,2022-11-02 09:38:39.464519,-0.00367647058823517,-0.00367647058823517,-0.049999999999998934,-0.049999999999998934,13.55,13.6,13.55,13.6,823.0,616.0,9960.0,26.0,False,False
2887,2022-11-02 09:38:39.496622,-0.00367647058823517,-0.00367647058823517,-0.049999999999998934,-0.049999999999998934,13.55,13.6,13.55,13.6,849.0,616.0,9960.0,26.0,False,False
2887,2022-11-02 09:38:40.003785,-0.00367647058823517,-0.00367647058823517,-0.049999999999998934,-0.049999999999998934,13.55,13.6,13.55,13.6,849.0,616.0,9960.0,26.0,False,False
2887,2022-11-02 09:38:40.543645,0.0,-0.0073260073260073,0.0,-0.09999999999999964,13.55,13.6,13.6,13.65,849.0,616.0,174.0,54719.0,True,True
2887,2022-11-02 09:38:49.050496,0.0,-0.0073260073260073,0.0,-0.09999999999999964,13.55,13.6,13.6,13.65,849.0,606.0,174.0,54719.0,False,False
2887,2022-11-02 09:38:49.125299,0.0,-0.0073260073260073,0.0,-0.09999999999999964,13.55,13.6,13.6,13.65,849.0,606.0,174.0,54719.0,False,False
2887,2022-11-02 09:38:49.126336,0.0,-0.0073260073260073,0.0,-0.09999999999999964,13.55,13.6,13.6,13.65,849.0,600.0,174.0,54719.0,False,False
2887,2022-11-02 09:38:49.205837,0.0,-0.0073260073260073,0.0,-0.09999999999999964,13.55,13.6,13.6,13.65,865.0,598.0,174.0,54719.0,False,False
2887,2022-11-02 09:38:49.204675,0.0,-0.0073260073260073,0.0,-0.09999999999999964,13.55,13.6,13.6,13.65,865.0,600.0,174.0,54719.0,False,False
2887,2022-11-02 09:38:49.247166,0.0,-0.0073260073260073,0.0,-0.09999999999999964,13.55,13.6,13.6,13.65,865.0,483.0,174.0,54719.0,False,False
2887,2022-11-02 09:38:50.572785,0.0,-0.0073260073260073,0.0,-0.09999999999999964,13.55,13.6,13.6,13.65,865.0,483.0,175.0,54809.0,True,True
2887,2022-11-02 09:38:56.214755,0.0,-0.0073260073260073,0.0,-0.09999999999999964,13.55,13.6,13.6,13.65,862.0,483.0,175.0,54809.0,False,False
2887,2022-11-02 09:39:00.460351,0.0,-0.0073260073260073,0.0,-0.09999999999999964,13.55,13.6,13.6,13.65,862.0,483.0,175.0,54809.0,False,False
2887,2022-11-02 09:39:04.536945,0.0,-0.0073260073260073,0.0,-0.09999999999999964,13.55,13.6,13.6,13.65,862.0,483.0,175.0,54809.0,False,False
2887,2022-11-02 09:39:05.582440,0.0,-0.0073260073260073,0.0,-0.09999999999999964,13.55,13.6,13.6,13.65,862.0,483.0,175.0,54809.0,False,False
2887,2022-11-02 09:39:08.547809,0.0,-0.0073260073260073,0.0,-0.09999999999999964,13.55,13.6,13.6,13.65,862.0,483.0,175.0,54809.0,False,False
2887,2022-11-02 09:39:10.627898,0.0,-0.0073260073260073,0.0,-0.09999999999999964,13.55,13.6,13.6,13.65,862.0,483.0,263.0,53810.0,True,True
2887,2022-11-02 09:39:10.820893,0.0,-0.0073260073260073,0.0,-0.09999999999999964,13.55,13.6,13.6,13.65,862.0,483.0,263.0,53810.0,False,False
2887,2022-11-02 09:39:14.065947,0.0,-0.0073260073260073,0.0,-0.09999999999999964,13.55,13.6,13.6,13.65,862.0,487.0,263.0,53810.0,False,False
2887,2022-11-02 09:39:18.330261,0.0,-0.0073260073260073,0.0,-0.09999999999999964,13.55,13.6,13.6,13.65,862.0,487.0,263.0,53810.0,False,False
2887,2022-11-02 09:39:20.658021,0.0,-0.0073260073260073,0.0,-0.09999999999999964,13.55,13.6,13.6,13.65,862.0,487.0,363.0,53810.0,True,True
2887,2022-11-02 09:39:20.708188,0.0,-0.0073260073260073,0.0,-0.09999999999999964,13.55,13.6,13.6,13.65,862.0,482.0,363.0,53810.0,False,False
2887,2022-11-02 09:39:23.510463,0.0,-0.0073260073260073,0.0,-0.09999999999999964,13.55,13.6,13.6,13.65,862.0,484.0,363.0,53810.0,False,False
2887,2022-11-02 09:39:24.518735,0.0,-0.0073260073260073,0.0,-0.09999999999999964,13.55,13.6,13.6,13.65,862.0,484.0,363.0,53810.0,False,False
2887,2022-11-02 09:39:24.522856,0.0,-0.0073260073260073,0.0,-0.09999999999999964,13.55,13.6,13.6,13.65,862.0,484.0,363.0,53810.0,False,False
2887,2022-11-02 09:39:28.198431,0.0,-0.0073260073260073,0.0,-0.09999999999999964,13.55,13.6,13.6,13.65,860.0,482.0,363.0,53810.0,False,False
2887,2022-11-02 09:39:28.340251,0.0,-0.0073260073260073,0.0,-0.09999999999999964,13.55,13.6,13.6,13.65,861.0,482.0,363.0,53810.0,False,False
2887,2022-11-02 09:39:30.685086,0.0,-0.0073260073260073,0.0,-0.09999999999999964,13.55,13.6,13.6,13.65,861.0,482.0,373.0,53810.0,True,True
2887,2022-11-02 09:39:36.218154,0.0,-0.0073260073260073,0.0,-0.09999999999999964,13.55,13.6,13.6,13.65,860.0,482.0,373.0,53810.0,False,False
2887,2022-11-02 09:39:36.853859,0.0,-0.0073260073260073,0.0,-0.09999999999999964,13.55,13.6,13.6,13.65,860.0,481.0,373.0,53810.0,False,False
2887,2022-11-02 09:39:37.851381,0.0,-0.0073260073260073,0.0,-0.09999999999999964,13.55,13.6,13.6,13.65,860.0,480.0,373.0,53810.0,False,False
2887,2022-11-02 09:39:39.977070,0.0,-0.0073260073260073,0.0,-0.09999999999999964,13.55,13.6,13.6,13.65,860.0,479.0,373.0,53810.0,False,False
2887,2022-11-02 09:39:39.977958,0.0,-0.0073260073260073,0.0,-0.09999999999999964,13.55,13.6,13.6,13.65,859.0,479.0,373.0,53810.0,False,False
2887,2022-11-02 09:39:40.711140,0.0,-0.0073260073260073,0.0,-0.09999999999999964,13.55,13.6,13.6,13.65,859.0,479.0,611.0,53810.0,True,True
2887,2022-11-02 09:39:44.366382,0.0,-0.0073260073260073,0.0,-0.09999999999999964,13.55,13.6,13.6,13.65,859.0,479.0,611.0,53810.0,False,False
2887,2022-11-02 09:39:45.393149,0.0,-0.0073260073260073,0.0,-0.09999999999999964,13.55,13.6,13.6,13.65,859.0,480.0,611.0,53810.0,False,False
2887,2022-11-02 09:39:50.738215,0.0,-0.0073260073260073,0.0,-0.09999999999999964,13.55,13.6,13.6,13.65,859.0,480.0,911.0,53810.0,True,True
2887,2022-11-02 09:39:50.905616,0.0,-0.0073260073260073,0.0,-0.09999999999999964,13.55,13.6,13.6,13.65,859.0,480.0,911.0,53810.0,False,False
2887,2022-11-02 09:40:00.258002,0.0,-0.0073260073260073,0.0,-0.09999999999999964,13.55,13.6,13.6,13.65,860.0,480.0,911.0,53810.0,False,False
2887,2022-11-02 09:40:00.764208,0.0,-0.0073260073260073,0.0,-0.09999999999999964,13.55,13.6,13.6,13.65,860.0,480.0,1011.0,53810.0,True,True
2887,2022-11-02 09:40:02.132220,0.0,-0.0073260073260073,0.0,-0.09999999999999964,13.55,13.6,13.6,13.65,900.0,480.0,1011.0,53810.0,False,False
2887,2022-11-02 09:40:06.982712,0.0,-0.0073260073260073,0.0,-0.09999999999999964,13.55,13.6,13.6,13.65,900.0,482.0,1011.0,53810.0,False,False
2887,2022-11-02 09:40:07.935501,0.0,-0.0073260073260073,0.0,-0.09999999999999964,13.55,13.6,13.6,13.65,900.0,482.0,1011.0,53810.0,False,False
2887,2022-11-02 09:40:08.299520,0.0,-0.0073260073260073,0.0,-0.09999999999999964,13.55,13.6,13.6,13.65,875.0,482.0,1011.0,53810.0,False,False
2887,2022-11-02 09:40:10.260114,0.0,-0.0073260073260073,0.0,-0.09999999999999964,13.55,13.6,13.6,13.65,875.0,482.0,1011.0,53810.0,False,True
2887,2022-11-02 09:40:19.172617,0.0,-0.0073260073260073,0.0,-0.09999999999999964,13.55,13.6,13.6,13.65,875.0,482.0,1011.0,53810.0,False,False
2887,2022-11-02 09:40:20.348606,0.0,-0.0073260073260073,0.0,-0.09999999999999964,13.55,13.6,13.6,13.65,875.0,482.0,1962.0,53810.0,True,True
2887,2022-11-02 09:40:21.621091,0.0,-0.0073260073260073,0.0,-0.09999999999999964,13.55,13.6,13.6,13.65,875.0,479.0,1962.0,53810.0,False,False
2887,2022-11-02 09:40:21.622519,0.0,-0.0073260073260073,0.0,-0.09999999999999964,13.55,13.6,13.6,13.65,906.0,479.0,1962.0,53810.0,False,False
2887,2022-11-02 09:40:25.251198,0.0,-0.0073260073260073,0.0,-0.09999999999999964,13.55,13.6,13.6,13.65,906.0,478.0,1962.0,53810.0,False,False
2887,2022-11-02 09:40:27.581875,0.0,-0.0073260073260073,0.0,-0.09999999999999964,13.55,13.6,13.6,13.65,906.0,478.0,1962.0,53810.0,False,False
2887,2022-11-02 09:40:30.064076,0.0,-0.0073260073260073,0.0,-0.09999999999999964,13.55,13.6,13.6,13.65,906.0,478.0,1962.0,53810.0,False,False
2887,2022-11-02 09:40:30.408769,0.0,-0.0073260073260073,0.0,-0.09999999999999964,13.55,13.6,13.6,13.65,906.0,478.0,2462.0,53810.0,True,True
2887,2022-11-02 09:40:34.008921,0.0,-0.0073260073260073,0.0,-0.09999999999999964,13.55,13.6,13.6,13.65,906.0,478.0,2462.0,53810.0,False,False
2887,2022-11-02 09:40:40.460555,0.0,-0.0073260073260073,0.0,-0.09999999999999964,13.55,13.6,13.6,13.65,906.0,478.0,2462.0,53610.0,True,True
2887,2022-11-02 09:40:43.256437,0.0,-0.0073260073260073,0.0,-0.09999999999999964,13.55,13.6,13.6,13.65,906.0,464.0,2462.0,53610.0,False,False
2887,2022-11-02 09:40:43.293145,0.0,-0.0073260073260073,0.0,-0.09999999999999964,13.55,13.6,13.6,13.65,906.0,416.0,2462.0,53610.0,False,False
2887,2022-11-02 09:40:43.733693,0.0,-0.0073260073260073,0.0,-0.09999999999999964,13.55,13.6,13.6,13.65,906.0,416.0,2462.0,53610.0,False,False
2887,2022-11-02 09:40:44.943442,0.0,-0.0073260073260073,0.0,-0.09999999999999964,13.55,13.6,13.6,13.65,906.0,416.0,2462.0,53610.0,False,False
2887,2022-11-02 09:40:46.652767,0.0,-0.0073260073260073,0.0,-0.09999999999999964,13.55,13.6,13.6,13.65,906.0,416.0,2462.0,53610.0,False,False
2887,2022-11-02 09:40:49.204560,0.0,-0.0073260073260073,0.0,-0.09999999999999964,13.55,13.6,13.6,13.65,906.0,417.0,2462.0,53610.0,False,False
2887,2022-11-02 09:40:50.506307,0.0,-0.0073260073260073,0.0,-0.09999999999999964,13.55,13.6,13.6,13.65,906.0,417.0,2462.0,54009.0,True,True
2887,2022-11-02 09:40:54.745020,0.0,-0.0073260073260073,0.0,-0.09999999999999964,13.55,13.6,13.6,13.65,906.0,413.0,2462.0,54009.0,False,False
2887,2022-11-02 09:40:54.782585,0.0,-0.0073260073260073,0.0,-0.09999999999999964,13.55,13.6,13.6,13.65,906.0,403.0,2462.0,54009.0,False,False
2887,2022-11-02 09:40:57.563213,0.0,-0.0073260073260073,0.0,-0.09999999999999964,13.55,13.6,13.6,13.65,905.0,403.0,2462.0,54009.0,False,False
2887,2022-11-02 09:40:59.200055,0.0,-0.0073260073260073,0.0,-0.09999999999999964,13.55,13.6,13.6,13.65,902.0,403.0,2462.0,54009.0,False,False
2887,2022-11-02 09:41:00.546785,0.0,-0.0073260073260073,0.0,-0.09999999999999964,13.55,13.6,13.6,13.65,902.0,403.0,2612.0,54009.0,True,True
2887,2022-11-02 09:41:03.474174,0.0,-0.0073260073260073,0.0,-0.09999999999999964,13.55,13.6,13.6,13.65,902.0,405.0,2612.0,54009.0,False,False
2887,2022-11-02 09:41:10.588772,0.0,-0.0073260073260073,0.0,-0.09999999999999964,13.55,13.6,13.6,13.65,902.0,405.0,2094.0,54009.0,True,True
2887,2022-11-02 09:41:12.643372,0.0,-0.0073260073260073,0.0,-0.09999999999999964,13.55,13.6,13.6,13.65,903.0,405.0,2094.0,54009.0,False,False
2887,2022-11-02 09:41:17.715973,0.0,-0.0073260073260073,0.0,-0.09999999999999964,13.55,13.6,13.6,13.65,903.0,405.0,2094.0,54009.0,False,False
2887,2022-11-02 09:41:20.630464,0.0,-0.0073260073260073,0.0,-0.09999999999999964,13.55,13.6,13.6,13.65,903.0,405.0,2094.0,54009.0,True,True
2887,2022-11-02 09:41:23.543483,0.0,-0.0073260073260073,0.0,-0.09999999999999964,13.55,13.6,13.6,13.65,903.0,403.0,2094.0,54009.0,False,False
2887,2022-11-02 09:41:24.327409,0.0,-0.0073260073260073,0.0,-0.09999999999999964,13.55,13.6,13.6,13.65,903.0,433.0,2094.0,54009.0,False,False
2887,2022-11-02 09:41:26.807275,0.0,-0.0073260073260073,0.0,-0.09999999999999964,13.55,13.6,13.6,13.65,903.0,433.0,2094.0,54009.0,False,False
2887,2022-11-02 09:41:30.932074,0.0,-0.0073260073260073,0.0,-0.09999999999999964,13.55,13.6,13.6,13.65,903.0,430.0,2094.0,54009.0,False,False
2887,2022-11-02 09:41:35.128769,0.0,-0.0073260073260073,0.0,-0.09999999999999964,13.55,13.6,13.6,13.65,902.0,429.0,2094.0,54009.0,False,False
2887,2022-11-02 09:41:36.729248,0.0,-0.0073260073260073,0.0,-0.09999999999999964,13.55,13.6,13.6,13.65,902.0,429.0,2094.0,54009.0,False,False
2887,2022-11-02 09:41:38.909342,0.0,-0.0073260073260073,0.0,-0.09999999999999964,13.55,13.6,13.6,13.65,902.0,438.0,2094.0,54009.0,False,False
2887,2022-11-02 09:41:39.964598,0.0,-0.0073260073260073,0.0,-0.09999999999999964,13.55,13.6,13.6,13.65,902.0,439.0,2094.0,54009.0,False,False
2887,2022-11-02 09:41:44.445673,0.0,-0.0073260073260073,0.0,-0.09999999999999964,13.55,13.6,13.6,13.65,902.0,436.0,2094.0,54009.0,False,False
2887,2022-11-02 09:41:44.520411,0.0,-0.0073260073260073,0.0,-0.09999999999999964,13.55,13.6,13.6,13.65,902.0,436.0,2094.0,54009.0,False,False
2887,2022-11-02 09:41:49.672948,0.0,-0.0073260073260073,0.0,-0.09999999999999964,13.55,13.6,13.6,13.65,809.0,436.0,2094.0,54009.0,False,False
2887,2022-11-02 09:41:50.748532,0.0,-0.0073260073260073,0.0,-0.09999999999999964,13.55,13.6,13.6,13.65,809.0,436.0,2094.0,54009.0,False,False
2887,2022-11-02 09:41:50.742782,0.0,-0.0073260073260073,0.0,-0.09999999999999964,13.55,13.6,13.6,13.65,809.0,436.0,2402.0,54009.0,True,True
2887,2022-11-02 09:41:59.804549,0.0,-0.0073260073260073,0.0,-0.09999999999999964,13.55,13.6,13.6,13.65,809.0,436.0,2402.0,54009.0,False,False
2887,2022-11-02 09:42:00.783269,0.0,-0.0073260073260073,0.0,-0.09999999999999964,13.55,13.6,13.6,13.65,809.0,436.0,2499.0,54009.0,True,True
2887,2022-11-02 09:42:02.995809,0.0,-0.0073260073260073,0.0,-0.09999999999999964,13.55,13.6,13.6,13.65,809.0,436.0,2499.0,54009.0,False,False
2887,2022-11-02 09:42:03.010286,0.0,-0.0073260073260073,0.0,-0.09999999999999964,13.55,13.6,13.6,13.65,809.0,437.0,2499.0,54009.0,False,False
2887,2022-11-02 09:42:12.154340,0.0,-0.0073260073260073,0.0,-0.09999999999999964,13.55,13.6,13.6,13.65,809.0,437.0,2499.0,54009.0,False,False
2887,2022-11-02 09:42:12.602434,0.0,-0.0073260073260073,0.0,-0.09999999999999964,13.55,13.6,13.6,13.65,809.0,427.0,2499.0,54009.0,False,False
2887,2022-11-02 09:42:17.807677,0.0,-0.0073260073260073,0.0,-0.09999999999999964,13.55,13.6,13.6,13.65,809.0,428.0,2499.0,54009.0,False,False
2887,2022-11-02 09:42:20.860579,0.0,-0.0073260073260073,0.0,-0.09999999999999964,13.55,13.6,13.6,13.65,809.0,428.0,2725.0,54009.0,True,True
2887,2022-11-02 09:42:22.367246,0.0,-0.0073260073260073,0.0,-0.09999999999999964,13.55,13.6,13.6,13.65,809.0,428.0,2725.0,54009.0,False,False
2887,2022-11-02 09:42:22.475876,0.0,-0.0073260073260073,0.0,-0.09999999999999964,13.55,13.6,13.6,13.65,809.0,428.0,2725.0,54009.0,False,False
2887,2022-11-02 09:42:28.298093,0.0,-0.0073260073260073,0.0,-0.09999999999999964,13.55,13.6,13.6,13.65,809.0,428.0,2725.0,54009.0,False,False
2887,2022-11-02 09:42:30.897842,0.0,-0.0073260073260073,0.0,-0.09999999999999964,13.55,13.6,13.6,13.65,809.0,428.0,2725.0,54009.0,True,True
2887,2022-11-02 09:42:35.544330,0.0,-0.0073260073260073,0.0,-0.09999999999999964,13.55,13.6,13.6,13.65,807.0,428.0,2725.0,54009.0,False,False
2887,2022-11-02 09:42:37.549082,0.0,-0.0073260073260073,0.0,-0.09999999999999964,13.55,13.6,13.6,13.65,807.0,428.0,2725.0,54009.0,False,False
2887,2022-11-02 09:42:38.092469,0.0,-0.0073260073260073,0.0,-0.09999999999999964,13.55,13.6,13.6,13.65,808.0,428.0,2725.0,54009.0,False,False
2887,2022-11-02 09:42:39.385656,0.0,-0.0073260073260073,0.0,-0.09999999999999964,13.55,13.6,13.6,13.65,808.0,428.0,2725.0,54009.0,False,False
2887,2022-11-02 09:42:40.933813,0.0,-0.0073260073260073,0.0,-0.09999999999999964,13.55,13.6,13.6,13.65,808.0,428.0,2695.0,54009.0,True,True
2887,2022-11-02 09:42:43.891269,0.0,-0.0073260073260073,0.0,-0.09999999999999964,13.55,13.6,13.6,13.65,808.0,428.0,2695.0,54009.0,False,False
2887,2022-11-02 09:42:45.357786,0.0,-0.0073260073260073,0.0,-0.09999999999999964,13.55,13.6,13.6,13.65,808.0,424.0,2695.0,54009.0,False,False
2887,2022-11-02 09:42:49.166393,0.0,-0.0073260073260073,0.0,-0.09999999999999964,13.55,13.6,13.6,13.65,808.0,434.0,2695.0,54009.0,False,False
2887,2022-11-02 09:42:50.973944,0.0,-0.0073260073260073,0.0,-0.09999999999999964,13.55,13.6,13.6,13.65,808.0,434.0,2704.0,54009.0,True,True
2887,2022-11-02 09:42:51.558254,0.0,-0.0073260073260073,0.0,-0.09999999999999964,13.55,13.6,13.6,13.65,808.0,432.0,2704.0,54009.0,False,False
2887,2022-11-02 09:42:53.804627,0.0,-0.0073260073260073,0.0,-0.09999999999999964,13.55,13.6,13.6,13.65,806.0,432.0,2704.0,54009.0,False,False
2887,2022-11-02 09:42:59.040796,0.0,-0.0073260073260073,0.0,-0.09999999999999964,13.55,13.6,13.6,13.65,806.0,430.0,2704.0,54009.0,False,False
2887,2022-11-02 09:43:01.054751,0.0,-0.0073260073260073,0.0,-0.09999999999999964,13.55,13.6,13.6,13.65,806.0,430.0,2704.0,54009.0,False,False
2887,2022-11-02 09:43:01.496885,0.0,-0.0073260073260073,0.0,-0.09999999999999964,13.55,13.6,13.6,13.65,806.0,430.0,2704.0,54009.0,False,False
2887,2022-11-02 09:43:02.334295,0.0,-0.0073260073260073,0.0,-0.09999999999999964,13.55,13.6,13.6,13.65,810.0,430.0,2704.0,54009.0,False,False
2887,2022-11-02 09:43:05.235655,0.0,-0.0073260073260073,0.0,-0.09999999999999964,13.55,13.6,13.6,13.65,811.0,430.0,2704.0,54009.0,False,False
2887,2022-11-02 09:43:07.825210,0.0,-0.0073260073260073,0.0,-0.09999999999999964,13.55,13.6,13.6,13.65,812.0,430.0,2704.0,54009.0,False,False
2887,2022-11-02 09:43:10.448771,0.0,-0.0073260073260073,0.0,-0.09999999999999964,13.55,13.6,13.6,13.65,812.0,430.0,3025.0,54009.0,False,True
2887,2022-11-02 09:43:10.471414,0.0,-0.0073260073260073,0.0,-0.09999999999999964,13.55,13.6,13.6,13.65,812.0,430.0,3025.0,54009.0,False,False
2887,2022-11-02 09:43:12.272772,0.0,-0.0073260073260073,0.0,-0.09999999999999964,13.55,13.6,13.6,13.65,812.0,430.0,3025.0,54009.0,False,False
2887,2022-11-02 09:43:13.330880,0.0,-0.0073260073260073,0.0,-0.09999999999999964,13.55,13.6,13.6,13.65,812.0,430.0,3025.0,54009.0,False,False
2887,2022-11-02 09:43:14.270070,0.0,-0.0073260073260073,0.0,-0.09999999999999964,13.55,13.6,13.6,13.65,812.0,429.0,3025.0,54009.0,False,False
2887,2022-11-02 09:43:17.774787,0.0,-0.0073260073260073,0.0,-0.09999999999999964,13.55,13.6,13.6,13.65,812.0,431.0,3025.0,54009.0,False,False
2887,2022-11-02 09:43:18.617826,0.0,-0.0073260073260073,0.0,-0.09999999999999964,13.55,13.6,13.6,13.65,812.0,432.0,3025.0,54009.0,False,False
2887,2022-11-02 09:43:18.651383,0.0,-0.0073260073260073,0.0,-0.09999999999999964,13.55,13.6,13.6,13.65,812.0,432.0,3025.0,54009.0,False,False
2887,2022-11-02 09:43:20.716267,0.0,-0.0073260073260073,0.0,-0.09999999999999964,13.55,13.6,13.6,13.65,812.0,432.0,3025.0,54009.0,False,False
2887,2022-11-02 09:43:21.190775,0.0,-0.0073260073260073,0.0,-0.09999999999999964,13.55,13.6,13.6,13.65,812.0,432.0,3025.0,54009.0,False,False
2887,2022-11-02 09:43:23.471072,0.0,-0.0073260073260073,0.0,-0.09999999999999964,13.55,13.6,13.6,13.65,813.0,432.0,3025.0,54009.0,False,False
2887,2022-11-02 09:43:24.974631,0.0,-0.0073260073260073,0.0,-0.09999999999999964,13.55,13.6,13.6,13.65,813.0,432.0,3025.0,54009.0,False,False
2887,2022-11-02 09:43:28.149527,0.0,-0.0073260073260073,0.0,-0.09999999999999964,13.55,13.6,13.6,13.65,813.0,434.0,3025.0,54009.0,False,False
2887,2022-11-02 09:43:29.649034,0.0,-0.0073260073260073,0.0,-0.09999999999999964,13.55,13.6,13.6,13.65,813.0,433.0,3025.0,54009.0,False,False
2887,2022-11-02 09:43:29.717581,0.0,-0.0073260073260073,0.0,-0.09999999999999964,13.55,13.6,13.6,13.65,813.0,433.0,3025.0,54009.0,False,False
2887,2022-11-02 09:43:30.521975,0.0,-0.0073260073260073,0.0,-0.09999999999999964,13.55,13.6,13.6,13.65,813.0,433.0,3025.0,54009.0,True,True
2887,2022-11-02 09:43:30.977532,0.0,-0.0073260073260073,0.0,-0.09999999999999964,13.55,13.6,13.6,13.65,813.0,433.0,3025.0,54009.0,False,False
2887,2022-11-02 09:43:31.516886,0.0,-0.0073260073260073,0.0,-0.09999999999999964,13.55,13.6,13.6,13.65,813.0,433.0,3025.0,54009.0,False,False
2887,2022-11-02 09:43:40.171114,0.0,-0.0073260073260073,0.0,-0.09999999999999964,13.55,13.6,13.6,13.65,813.0,433.0,3025.0,54009.0,False,False
2887,2022-11-02 09:43:40.561099,0.0,-0.0073260073260073,0.0,-0.09999999999999964,13.55,13.6,13.6,13.65,813.0,433.0,3025.0,54009.0,True,True
2887,2022-11-02 09:43:42.573059,0.0,-0.0073260073260073,0.0,-0.09999999999999964,13.55,13.6,13.6,13.65,811.0,433.0,3025.0,54009.0,False,False
2887,2022-11-02 09:43:50.613540,0.0,-0.0073260073260073,0.0,-0.09999999999999964,13.55,13.6,13.6,13.65,811.0,433.0,3025.0,53999.0,True,True
2887,2022-11-02 09:43:51.731520,0.0,-0.0073260073260073,0.0,-0.09999999999999964,13.55,13.6,13.6,13.65,811.0,434.0,3025.0,53999.0,False,False
2887,2022-11-02 09:43:58.336005,0.0,-0.0073260073260073,0.0,-0.09999999999999964,13.55,13.6,13.6,13.65,811.0,434.0,3025.0,53999.0,False,False
2887,2022-11-02 09:44:00.653684,0.0,-0.0073260073260073,0.0,-0.09999999999999964,13.55,13.6,13.6,13.65,811.0,434.0,3025.0,54199.0,True,True
2887,2022-11-02 09:44:09.197234,0.0,-0.0073260073260073,0.0,-0.09999999999999964,13.55,13.6,13.6,13.65,811.0,423.0,3025.0,54199.0,False,False
2887,2022-11-02 09:44:10.687635,0.0,-0.0073260073260073,0.0,-0.09999999999999964,13.55,13.6,13.6,13.65,811.0,423.0,2335.0,54209.0,True,True
2887,2022-11-02 09:44:20.728310,0.0,-0.0073260073260073,0.0,-0.09999999999999964,13.55,13.6,13.6,13.65,811.0,423.0,2335.0,54209.0,True,True
2887,2022-11-02 09:44:21.391371,0.0,-0.0073260073260073,0.0,-0.09999999999999964,13.55,13.6,13.6,13.65,811.0,425.0,2335.0,54209.0,False,False
2887,2022-11-02 09:44:23.847911,0.0,-0.0073260073260073,0.0,-0.09999999999999964,13.55,13.6,13.6,13.65,811.0,425.0,2335.0,54209.0,False,False
2887,2022-11-02 09:44:24.024697,0.0,-0.0073260073260073,0.0,-0.09999999999999964,13.55,13.6,13.6,13.65,811.0,425.0,2335.0,54209.0,False,False
2887,2022-11-02 09:44:24.452631,0.0,-0.0073260073260073,0.0,-0.09999999999999964,13.55,13.6,13.6,13.65,811.0,425.0,2335.0,54209.0,False,False
2887,2022-11-02 09:44:25.530845,0.0,-0.0073260073260073,0.0,-0.09999999999999964,13.55,13.6,13.6,13.65,811.0,425.0,2335.0,54209.0,False,False
2887,2022-11-02 09:44:40.552964,0.0,-0.0073260073260073,0.0,-0.09999999999999964,13.55,13.6,13.6,13.65,811.0,423.0,2335.0,54209.0,False,False
2887,2022-11-02 09:44:40.805852,0.0,-0.0073260073260073,0.0,-0.09999999999999964,13.55,13.6,13.6,13.65,811.0,423.0,2335.0,54209.0,True,True
2887,2022-11-02 09:44:43.327420,0.0,-0.0073260073260073,0.0,-0.09999999999999964,13.55,13.6,13.6,13.65,811.0,422.0,2335.0,54209.0,False,False
2887,2022-11-02 09:44:44.872848,0.0,-0.0073260073260073,0.0,-0.09999999999999964,13.55,13.6,13.6,13.65,811.0,421.0,2335.0,54209.0,False,False
2887,2022-11-02 09:44:49.977013,0.0,-0.0073260073260073,0.0,-0.09999999999999964,13.55,13.6,13.6,13.65,811.0,421.0,2335.0,54209.0,False,False
2887,2022-11-02 09:44:55.758836,0.0,-0.0073260073260073,0.0,-0.09999999999999964,13.55,13.6,13.6,13.65,811.0,421.0,2335.0,54209.0,False,False
2887,2022-11-02 09:45:00.169688,0.0,-0.0073260073260073,0.0,-0.09999999999999964,13.55,13.6,13.6,13.65,808.0,421.0,2335.0,54209.0,False,False
2887,2022-11-02 09:45:00.885460,0.0,-0.0073260073260073,0.0,-0.09999999999999964,13.55,13.6,13.6,13.65,808.0,421.0,2335.0,54209.0,True,True
2887,2022-11-02 09:45:04.850960,0.0,-0.0073260073260073,0.0,-0.09999999999999964,13.55,13.6,13.6,13.65,808.0,420.0,2335.0,54209.0,False,False
2887,2022-11-02 09:45:05.126597,0.0,-0.0073260073260073,0.0,-0.09999999999999964,13.55,13.6,13.6,13.65,810.0,420.0,2335.0,54209.0,False,False
2887,2022-11-02 09:45:11.057102,0.0,-0.0073260073260073,0.0,-0.09999999999999964,13.55,13.6,13.6,13.65,810.0,420.0,2835.0,54209.0,True,True
2887,2022-11-02 09:45:15.386577,0.0,-0.0073260073260073,0.0,-0.09999999999999964,13.55,13.6,13.6,13.65,810.0,419.0,2835.0,54209.0,False,False
2887,2022-11-02 09:45:21.243757,0.0,-0.0073260073260073,0.0,-0.09999999999999964,13.55,13.6,13.6,13.65,810.0,419.0,2835.0,54209.0,True,True
2887,2022-11-02 09:45:24.948858,0.0,-0.0073260073260073,0.0,-0.09999999999999964,13.55,13.6,13.6,13.65,806.0,419.0,2835.0,54209.0,False,False
2887,2022-11-02 09:45:24.950262,0.0,-0.0073260073260073,0.0,-0.09999999999999964,13.55,13.6,13.6,13.65,806.0,416.0,2835.0,54209.0,False,False
2887,2022-11-02 09:45:25.116692,0.0,-0.0073260073260073,0.0,-0.09999999999999964,13.55,13.6,13.6,13.65,806.0,417.0,2835.0,54209.0,False,False
2887,2022-11-02 09:45:25.120210,0.0,-0.0073260073260073,0.0,-0.09999999999999964,13.55,13.6,13.6,13.65,806.0,368.0,2835.0,54209.0,False,False
2887,2022-11-02 09:45:25.162730,0.0,-0.0073260073260073,0.0,-0.09999999999999964,13.55,13.6,13.6,13.65,899.0,352.0,2835.0,54209.0,False,False
2887,2022-11-02 09:45:29.476361,0.0,-0.0073260073260073,0.0,-0.09999999999999964,13.55,13.6,13.6,13.65,899.0,351.0,2835.0,54209.0,False,False
2887,2022-11-02 09:45:29.830986,0.0,-0.0073260073260073,0.0,-0.09999999999999964,13.55,13.6,13.6,13.65,899.0,351.0,2835.0,54209.0,False,False
2887,2022-11-02 09:45:33.454165,0.0,-0.0073260073260073,0.0,-0.09999999999999964,13.55,13.6,13.6,13.65,899.0,353.0,2835.0,54209.0,False,False
2887,2022-11-02 09:45:34.500819,0.0,-0.0073260073260073,0.0,-0.09999999999999964,13.55,13.6,13.6,13.65,899.0,354.0,2835.0,54209.0,False,False
2887,2022-11-02 09:45:35.173042,0.0,-0.0073260073260073,0.0,-0.09999999999999964,13.55,13.6,13.6,13.65,899.0,343.0,2835.0,54209.0,False,False
2887,2022-11-02 09:45:40.884842,0.0,-0.0073260073260073,0.0,-0.09999999999999964,13.55,13.6,13.6,13.65,899.0,342.0,2835.0,54209.0,False,False
2887,2022-11-02 09:45:41.251030,0.0,-0.0073260073260073,0.0,-0.09999999999999964,13.55,13.6,13.6,13.65,899.0,337.0,2835.0,54209.0,False,False
2887,2022-11-02 09:45:45.689691,0.0,-0.0073260073260073,0.0,-0.09999999999999964,13.55,13.6,13.6,13.65,899.0,345.0,2835.0,54209.0,False,False
2887,2022-11-02 09:45:50.640328,0.0,-0.0073260073260073,0.0,-0.09999999999999964,13.55,13.6,13.6,13.65,806.0,345.0,2835.0,54209.0,False,False
2887,2022-11-02 09:45:50.790237,0.0,-0.0073260073260073,0.0,-0.09999999999999964,13.55,13.6,13.6,13.65,806.0,345.0,2835.0,54209.0,False,False
2887,2022-11-02 09:45:51.293872,0.0,-0.0073260073260073,0.0,-0.09999999999999964,13.55,13.6,13.6,13.65,806.0,345.0,3250.0,54209.0,True,True
2887,2022-11-02 09:45:51.516466,0.0,-0.0073260073260073,0.0,-0.09999999999999964,13.55,13.6,13.6,13.65,813.0,345.0,3250.0,54209.0,False,False
2887,2022-11-02 09:46:01.359889,0.0,-0.0073260073260073,0.0,-0.09999999999999964,13.55,13.6,13.6,13.65,813.0,345.0,3260.0,54209.0,True,True
2887,2022-11-02 09:46:05.979942,0.0,-0.0073260073260073,0.0,-0.09999999999999964,13.55,13.6,13.6,13.65,812.0,345.0,3260.0,54209.0,False,False
2887,2022-11-02 09:46:10.586090,0.0,-0.0073260073260073,0.0,-0.09999999999999964,13.55,13.6,13.6,13.65,812.0,345.0,3290.0,54209.0,False,True
2887,2022-11-02 09:46:14.471788,0.0,-0.0073260073260073,0.0,-0.09999999999999964,13.55,13.6,13.6,13.65,812.0,350.0,3290.0,54209.0,False,False
2887,2022-11-02 09:46:14.487357,0.0,-0.0073260073260073,0.0,-0.09999999999999964,13.55,13.6,13.6,13.65,812.0,350.0,3290.0,54209.0,False,False
2887,2022-11-02 09:46:22.633396,0.0,-0.0073260073260073,0.0,-0.09999999999999964,13.55,13.6,13.6,13.65,815.0,350.0,3290.0,54209.0,False,False
2887,2022-11-02 09:46:24.201546,0.0,-0.0073260073260073,0.0,-0.09999999999999964,13.55,13.6,13.6,13.65,815.0,345.0,3290.0,54209.0,False,False
2887,2022-11-02 09:46:24.884473,0.0,-0.0073260073260073,0.0,-0.09999999999999964,13.55,13.6,13.6,13.65,814.0,344.0,3290.0,54209.0,False,False
2887,2022-11-02 09:46:28.116974,0.0,-0.0073260073260073,0.0,-0.09999999999999964,13.55,13.6,13.6,13.65,1114.0,344.0,3290.0,54209.0,False,False
2887,2022-11-02 09:46:28.194570,0.0,-0.0073260073260073,0.0,-0.09999999999999964,13.55,13.6,13.6,13.65,1114.0,344.0,3290.0,54209.0,False,False
2887,2022-11-02 09:46:28.195635,0.0,-0.0073260073260073,0.0,-0.09999999999999964,13.55,13.6,13.6,13.65,1114.0,344.0,3290.0,54209.0,False,False
2887,2022-11-02 09:46:28.498357,0.0,-0.0073260073260073,0.0,-0.09999999999999964,13.55,13.6,13.6,13.65,1114.0,344.0,3290.0,54209.0,False,False
2887,2022-11-02 09:46:30.065499,0.0,-0.0073260073260073,0.0,-0.09999999999999964,13.55,13.6,13.6,13.65,1114.0,346.0,3290.0,54209.0,False,False
2887,2022-11-02 09:46:33.196503,0.0,-0.0073260073260073,0.0,-0.09999999999999964,13.55,13.6,13.6,13.65,1114.0,346.0,3290.0,54209.0,False,False
2887,2022-11-02 09:46:39.555988,0.0,-0.0073260073260073,0.0,-0.09999999999999964,13.55,13.6,13.6,13.65,1114.0,346.0,3290.0,54209.0,False,False
2887,2022-11-02 09:46:46.924855,0.0,-0.0073260073260073,0.0,-0.09999999999999964,13.55,13.6,13.6,13.65,1114.0,346.0,3290.0,54209.0,False,False
2887,2022-11-02 09:46:52.666522,0.0,-0.0073260073260073,0.0,-0.09999999999999964,13.55,13.6,13.6,13.65,814.0,346.0,3290.0,54209.0,False,False
2887,2022-11-02 09:46:53.416777,0.0,-0.0073260073260073,0.0,-0.09999999999999964,13.55,13.6,13.6,13.65,814.0,346.0,3290.0,54209.0,False,False
2887,2022-11-02 09:46:56.587131,0.0,-0.0073260073260073,0.0,-0.09999999999999964,13.55,13.6,13.6,13.65,815.0,346.0,3290.0,54209.0,False,False
2887,2022-11-02 09:46:57.673904,0.0,-0.0073260073260073,0.0,-0.09999999999999964,13.55,13.6,13.6,13.65,815.0,346.0,3290.0,54209.0,False,False
2887,2022-11-02 09:47:00.743148,0.0,-0.0073260073260073,0.0,-0.09999999999999964,13.55,13.6,13.6,13.65,815.0,346.0,3291.0,54209.0,True,True
2887,2022-11-02 09:47:01.002323,0.0,-0.0073260073260073,0.0,-0.09999999999999964,13.55,13.6,13.6,13.65,815.0,345.0,3291.0,54209.0,False,False
2887,2022-11-02 09:47:17.746150,0.0,-0.0073260073260073,0.0,-0.09999999999999964,13.55,13.6,13.6,13.65,815.0,344.0,3291.0,54209.0,False,False
2887,2022-11-02 09:47:18.665722,0.0,-0.0073260073260073,0.0,-0.09999999999999964,13.55,13.6,13.6,13.65,815.0,344.0,3291.0,54209.0,False,False
2887,2022-11-02 09:47:19.738437,0.0,-0.0073260073260073,0.0,-0.09999999999999964,13.55,13.6,13.6,13.65,815.0,343.0,3291.0,54209.0,False,False
2887,2022-11-02 09:47:24.307629,0.0,-0.0073260073260073,0.0,-0.09999999999999964,13.55,13.6,13.6,13.65,815.0,343.0,3291.0,54209.0,False,False
2887,2022-11-02 09:47:25.101842,0.0,-0.0073260073260073,0.0,-0.09999999999999964,13.55,13.6,13.6,13.65,815.0,343.0,3291.0,54209.0,False,False
2887,2022-11-02 09:47:29.664962,0.0,-0.0073260073260073,0.0,-0.09999999999999964,13.55,13.6,13.6,13.65,815.0,342.0,3291.0,54209.0,False,False
2887,2022-11-02 09:47:32.066111,0.0,-0.0073260073260073,0.0,-0.09999999999999964,13.55,13.6,13.6,13.65,815.0,345.0,3291.0,54209.0,False,False
2887,2022-11-02 09:47:37.454811,0.0,-0.0073260073260073,0.0,-0.09999999999999964,13.55,13.6,13.6,13.65,815.0,345.0,3291.0,54209.0,False,False
2887,2022-11-02 09:47:51.709389,0.0,-0.0073260073260073,0.0,-0.09999999999999964,13.55,13.6,13.6,13.65,815.0,346.0,3291.0,54209.0,False,False
2887,2022-11-02 09:48:00.313441,0.0,-0.0073260073260073,0.0,-0.09999999999999964,13.55,13.6,13.6,13.65,815.0,346.0,3291.0,54209.0,False,False
2887,2022-11-02 09:48:00.923724,0.0,-0.0073260073260073,0.0,-0.09999999999999964,13.55,13.6,13.6,13.65,815.0,346.0,3291.0,54298.0,True,True
2887,2022-11-02 09:48:01.888463,0.0,-0.0073260073260073,0.0,-0.09999999999999964,13.55,13.6,13.6,13.65,813.0,346.0,3291.0,54298.0,False,False
2887,2022-11-02 09:48:01.903187,0.0,-0.0073260073260073,0.0,-0.09999999999999964,13.55,13.6,13.6,13.65,813.0,345.0,3291.0,54298.0,False,False
2887,2022-11-02 09:48:01.968963,0.0,-0.0073260073260073,0.0,-0.09999999999999964,13.55,13.6,13.6,13.65,813.0,337.0,3291.0,54298.0,False,False
2887,2022-11-02 09:48:01.970292,0.0,-0.0073260073260073,0.0,-0.09999999999999964,13.55,13.6,13.6,13.65,813.0,337.0,3291.0,54298.0,False,False
2887,2022-11-02 09:48:04.758168,0.0,-0.0073260073260073,0.0,-0.09999999999999964,13.55,13.6,13.6,13.65,813.0,337.0,3291.0,54298.0,False,False
2887,2022-11-02 09:48:08.326791,0.0,-0.0073260073260073,0.0,-0.09999999999999964,13.55,13.6,13.6,13.65,813.0,337.0,3291.0,54298.0,False,False
2887,2022-11-02 09:48:13.581146,0.0,-0.0073260073260073,0.0,-0.09999999999999964,13.55,13.6,13.6,13.65,813.0,337.0,3291.0,54298.0,False,False
2887,2022-11-02 09:48:14.707887,0.0,-0.0073260073260073,0.0,-0.09999999999999964,13.55,13.6,13.6,13.65,813.0,337.0,3291.0,54298.0,False,False
2887,2022-11-02 09:48:19.537362,0.0,-0.0073260073260073,0.0,-0.09999999999999964,13.55,13.6,13.6,13.65,813.0,346.0,3291.0,54298.0,False,False
2887,2022-11-02 09:48:22.368271,0.0,-0.0073260073260073,0.0,-0.09999999999999964,13.55,13.6,13.6,13.65,813.0,339.0,3291.0,54298.0,False,False
2887,2022-11-02 09:48:23.678550,0.0,-0.0073260073260073,0.0,-0.09999999999999964,13.55,13.6,13.6,13.65,813.0,340.0,3291.0,54298.0,False,False
2887,2022-11-02 09:48:28.653590,0.0,-0.0073260073260073,0.0,-0.09999999999999964,13.55,13.6,13.6,13.65,813.0,338.0,3291.0,54298.0,False,False
2887,2022-11-02 09:48:41.031905,0.0,-0.0073260073260073,0.0,-0.09999999999999964,13.55,13.6,13.6,13.65,814.0,338.0,3291.0,54298.0,False,False
2887,2022-11-02 09:48:41.049470,0.0,-0.0073260073260073,0.0,-0.09999999999999964,13.55,13.6,13.6,13.65,814.0,338.0,3004.0,54308.0,True,True
2887,2022-11-02 09:49:01.157109,0.0,-0.0073260073260073,0.0,-0.09999999999999964,13.55,13.6,13.6,13.65,814.0,338.0,2369.0,54308.0,True,True
2887,2022-11-02 09:49:03.854166,0.0,-0.0073260073260073,0.0,-0.09999999999999964,13.55,13.6,13.6,13.65,814.0,336.0,2369.0,54308.0,False,False
2887,2022-11-02 09:49:05.078896,0.0,-0.0073260073260073,0.0,-0.09999999999999964,13.55,13.6,13.6,13.65,814.0,336.0,2369.0,54308.0,False,False
2887,2022-11-02 09:49:06.108869,0.0,-0.0073260073260073,0.0,-0.09999999999999964,13.55,13.6,13.6,13.65,814.0,334.0,2369.0,54308.0,False,False
2887,2022-11-02 09:49:10.426827,0.0,-0.0073260073260073,0.0,-0.09999999999999964,13.55,13.6,13.6,13.65,814.0,335.0,2369.0,54308.0,False,False
2887,2022-11-02 09:49:10.785757,0.0,-0.0073260073260073,0.0,-0.09999999999999964,13.55,13.6,13.6,13.65,814.0,335.0,2432.0,54308.0,False,True
2887,2022-11-02 09:49:11.814351,0.0,-0.0073260073260073,0.0,-0.09999999999999964,13.55,13.6,13.6,13.65,814.0,334.0,2432.0,54308.0,False,False
2887,2022-11-02 09:49:14.185235,0.0,-0.0073260073260073,0.0,-0.09999999999999964,13.55,13.6,13.6,13.65,814.0,333.0,2432.0,54308.0,False,False
2887,2022-11-02 09:49:17.629736,0.0,-0.0073260073260073,0.0,-0.09999999999999964,13.55,13.6,13.6,13.65,814.0,333.0,2432.0,54308.0,False,False
