symbol,datetime,NaOb_r,NbOa_r,NaOb_s,NbOa_s,bid1,ask1,odd_bid1,odd_ask1,bidQty1,askQty1,odd_bidQty1,odd_askQty1,simulate,triggerbyOdd
2892,2022-11-02 09:19:54.304191,0.0,-0.004008016032064021,0.0,-0.09999999999999787,24.85,24.9,24.9,24.95,293.0,230.0,2746.0,1190.0,False,False
2892,2022-11-02 09:20:09.374753,0.0,-0.004008016032064021,0.0,-0.09999999999999787,24.85,24.9,24.9,24.95,293.0,230.0,2746.0,1190.0,False,False
2892,2022-11-02 09:20:09.652266,0.0,-0.004008016032064021,0.0,-0.09999999999999787,24.85,24.9,24.9,24.95,243.0,230.0,2746.0,1190.0,False,False
2892,2022-11-02 09:20:10.429904,0.0,-0.004008016032064021,0.0,-0.09999999999999787,24.85,24.9,24.9,24.95,243.0,235.0,2746.0,1190.0,False,False
2892,2022-11-02 09:20:10.586437,0.0,-0.004008016032064021,0.0,-0.09999999999999787,24.85,24.9,24.9,24.95,247.0,235.0,2746.0,1190.0,False,False
2892,2022-11-02 09:20:13.872821,0.0,-0.004008016032064021,0.0,-0.09999999999999787,24.85,24.9,24.9,24.95,247.0,235.0,2771.0,1110.0,True,True
2892,2022-11-02 09:20:14.402169,0.0,-0.004008016032064021,0.0,-0.09999999999999787,24.85,24.9,24.9,24.95,255.0,235.0,2771.0,1110.0,False,False
2892,2022-11-02 09:20:15.152232,0.0,-0.004008016032064021,0.0,-0.09999999999999787,24.85,24.9,24.9,24.95,255.0,235.0,2771.0,1110.0,False,False
2892,2022-11-02 09:20:15.397856,0.0,-0.004008016032064021,0.0,-0.09999999999999787,24.85,24.9,24.9,24.95,255.0,235.0,2771.0,1110.0,False,False
2892,2022-11-02 09:20:20.905277,0.0,-0.004008016032064021,0.0,-0.09999999999999787,24.85,24.9,24.9,24.95,255.0,235.0,2771.0,1110.0,False,False
2892,2022-11-02 09:20:20.907349,0.0,-0.004008016032064021,0.0,-0.09999999999999787,24.85,24.9,24.9,24.95,285.0,235.0,2771.0,1110.0,False,False
2892,2022-11-02 09:20:31.178988,0.0,-0.004008016032064021,0.0,-0.09999999999999787,24.85,24.9,24.9,24.95,285.0,237.0,2771.0,1110.0,False,False
2892,2022-11-02 09:20:31.446990,0.0,-0.004008016032064021,0.0,-0.09999999999999787,24.85,24.9,24.9,24.95,285.0,237.0,2771.0,1110.0,False,False
2892,2022-11-02 09:20:33.873217,0.0,-0.004008016032064021,0.0,-0.09999999999999787,24.85,24.9,24.9,24.95,285.0,237.0,2771.0,1110.0,False,False
2892,2022-11-02 09:20:40.791822,0.0,-0.004008016032064021,0.0,-0.09999999999999787,24.85,24.9,24.9,24.95,285.0,240.0,2771.0,1110.0,False,False
2892,2022-11-02 09:20:44.078770,0.0,-0.004008016032064021,0.0,-0.09999999999999787,24.85,24.9,24.9,24.95,285.0,240.0,2771.0,1110.0,True,True
2892,2022-11-02 09:20:44.137023,0.0,-0.004008016032064021,0.0,-0.09999999999999787,24.85,24.9,24.9,24.95,281.0,240.0,2771.0,1110.0,False,False
2892,2022-11-02 09:20:46.156648,0.0,-0.004008016032064021,0.0,-0.09999999999999787,24.85,24.9,24.9,24.95,273.0,240.0,2771.0,1110.0,False,False
2892,2022-11-02 09:20:46.189390,0.0,-0.004008016032064021,0.0,-0.09999999999999787,24.85,24.9,24.9,24.95,273.0,255.0,2771.0,1110.0,False,False
2892,2022-11-02 09:20:48.057978,0.0,-0.004008016032064021,0.0,-0.09999999999999787,24.85,24.9,24.9,24.95,273.0,254.0,2771.0,1110.0,False,False
2892,2022-11-02 09:20:52.830287,0.0,-0.004008016032064021,0.0,-0.09999999999999787,24.85,24.9,24.9,24.95,274.0,254.0,2771.0,1110.0,False,False
2892,2022-11-02 09:20:54.121061,0.0,-0.004008016032064021,0.0,-0.09999999999999787,24.85,24.9,24.9,24.95,274.0,254.0,2811.0,1385.0,True,True
2892,2022-11-02 09:20:56.926028,0.0,-0.004008016032064021,0.0,-0.09999999999999787,24.85,24.9,24.9,24.95,274.0,254.0,2811.0,1385.0,False,False
2892,2022-11-02 09:21:01.327202,0.0,-0.004008016032064021,0.0,-0.09999999999999787,24.85,24.9,24.9,24.95,279.0,254.0,2811.0,1385.0,False,False
2892,2022-11-02 09:21:02.797821,0.0,-0.004008016032064021,0.0,-0.09999999999999787,24.85,24.9,24.9,24.95,279.0,254.0,2811.0,1385.0,False,False
2892,2022-11-02 09:21:03.038312,0.0,-0.004008016032064021,0.0,-0.09999999999999787,24.85,24.9,24.9,24.95,282.0,254.0,2811.0,1385.0,False,False
2892,2022-11-02 09:21:04.182386,0.0,-0.004008016032064021,0.0,-0.09999999999999787,24.85,24.9,24.9,24.95,282.0,254.0,2811.0,1385.0,True,True
2892,2022-11-02 09:21:07.898773,0.0,-0.004008016032064021,0.0,-0.09999999999999787,24.85,24.9,24.9,24.95,288.0,254.0,2811.0,1385.0,False,False
2892,2022-11-02 09:21:10.509292,0.0,-0.004008016032064021,0.0,-0.09999999999999787,24.85,24.9,24.9,24.95,288.0,254.0,2811.0,1385.0,False,False
2892,2022-11-02 09:21:14.227049,0.0,-0.004008016032064021,0.0,-0.09999999999999787,24.85,24.9,24.9,24.95,288.0,254.0,2811.0,1375.0,True,True
2892,2022-11-02 09:21:24.272053,0.0,-0.004008016032064021,0.0,-0.09999999999999787,24.85,24.9,24.9,24.95,288.0,254.0,2811.0,1375.0,True,True
2892,2022-11-02 09:21:25.304677,0.0,-0.004008016032064021,0.0,-0.09999999999999787,24.85,24.9,24.9,24.95,289.0,254.0,2811.0,1375.0,False,False
2892,2022-11-02 09:21:27.684003,0.0,-0.004008016032064021,0.0,-0.09999999999999787,24.85,24.9,24.9,24.95,289.0,254.0,2811.0,1375.0,False,False
2892,2022-11-02 09:21:28.136233,0.0,-0.004008016032064021,0.0,-0.09999999999999787,24.85,24.9,24.9,24.95,289.0,254.0,2811.0,1375.0,False,False
2892,2022-11-02 09:21:39.207626,0.0,-0.004008016032064021,0.0,-0.09999999999999787,24.85,24.9,24.9,24.95,289.0,254.0,2811.0,1375.0,False,False
2892,2022-11-02 09:21:43.857407,0.0,-0.004008016032064021,0.0,-0.09999999999999787,24.85,24.9,24.9,24.95,291.0,254.0,2811.0,1375.0,False,False
2892,2022-11-02 09:21:44.360137,0.0,-0.004008016032064021,0.0,-0.09999999999999787,24.85,24.9,24.9,24.95,291.0,254.0,2821.0,1375.0,True,True
2892,2022-11-02 09:21:44.683279,0.0,-0.004008016032064021,0.0,-0.09999999999999787,24.85,24.9,24.9,24.95,291.0,244.0,2821.0,1375.0,False,False
2892,2022-11-02 09:21:52.508337,0.0,-0.004008016032064021,0.0,-0.09999999999999787,24.85,24.9,24.9,24.95,291.0,244.0,2821.0,1375.0,False,False
2892,2022-11-02 09:21:54.500805,0.0,-0.004008016032064021,0.0,-0.09999999999999787,24.85,24.9,24.9,24.95,291.0,244.0,2821.0,1365.0,True,True
2892,2022-11-02 09:21:54.867672,0.0,-0.004008016032064021,0.0,-0.09999999999999787,24.85,24.9,24.9,24.95,291.0,245.0,2821.0,1365.0,False,False
2892,2022-11-02 09:21:55.818195,0.0,-0.004008016032064021,0.0,-0.09999999999999787,24.85,24.9,24.9,24.95,291.0,245.0,2821.0,1365.0,False,False
2892,2022-11-02 09:22:01.388007,0.0,-0.004008016032064021,0.0,-0.09999999999999787,24.85,24.9,24.9,24.95,291.0,245.0,2821.0,1365.0,False,False
2892,2022-11-02 09:22:03.738070,0.0,-0.004008016032064021,0.0,-0.09999999999999787,24.85,24.9,24.9,24.95,291.0,245.0,2821.0,1365.0,False,True
2892,2022-11-02 09:22:07.944689,0.0,-0.004008016032064021,0.0,-0.09999999999999787,24.85,24.9,24.9,24.95,292.0,245.0,2821.0,1365.0,False,False
2892,2022-11-02 09:22:08.445081,0.0,-0.004008016032064021,0.0,-0.09999999999999787,24.85,24.9,24.9,24.95,292.0,245.0,2821.0,1365.0,False,False
2892,2022-11-02 09:22:09.573585,0.0,-0.004008016032064021,0.0,-0.09999999999999787,24.85,24.9,24.9,24.95,290.0,245.0,2821.0,1365.0,False,False
2892,2022-11-02 09:22:15.849819,0.0,-0.004008016032064021,0.0,-0.09999999999999787,24.85,24.9,24.9,24.95,290.0,248.0,2821.0,1365.0,False,False
2892,2022-11-02 09:22:18.443689,0.0,-0.004008016032064021,0.0,-0.09999999999999787,24.85,24.9,24.9,24.95,290.0,248.0,2821.0,1365.0,False,False
2892,2022-11-02 09:22:23.819190,0.0,-0.004008016032064021,0.0,-0.09999999999999787,24.85,24.9,24.9,24.95,290.0,248.0,2901.0,1348.0,True,True
2892,2022-11-02 09:22:27.488310,0.0,-0.004008016032064021,0.0,-0.09999999999999787,24.85,24.9,24.9,24.95,291.0,248.0,2901.0,1348.0,False,False
2892,2022-11-02 09:22:28.961103,0.0,-0.004008016032064021,0.0,-0.09999999999999787,24.85,24.9,24.9,24.95,292.0,248.0,2901.0,1348.0,False,False
2892,2022-11-02 09:22:31.060602,0.0,-0.004008016032064021,0.0,-0.09999999999999787,24.85,24.9,24.9,24.95,292.0,238.0,2901.0,1348.0,False,False
2892,2022-11-02 09:22:32.207335,0.0,-0.004008016032064021,0.0,-0.09999999999999787,24.85,24.9,24.9,24.95,292.0,238.0,2901.0,1348.0,False,False
2892,2022-11-02 09:22:33.869598,0.0,-0.004008016032064021,0.0,-0.09999999999999787,24.85,24.9,24.9,24.95,292.0,238.0,2901.0,1348.0,True,True
2892,2022-11-02 09:22:43.914882,0.0,-0.004008016032064021,0.0,-0.09999999999999787,24.85,24.9,24.9,24.95,292.0,238.0,2901.0,1348.0,True,True
2892,2022-11-02 09:22:53.956085,0.0,-0.004008016032064021,0.0,-0.09999999999999787,24.85,24.9,24.9,24.95,292.0,238.0,2901.0,1348.0,True,True
2892,2022-11-02 09:22:57.261503,0.0,-0.004008016032064021,0.0,-0.09999999999999787,24.85,24.9,24.9,24.95,292.0,238.0,2901.0,1348.0,False,False
2892,2022-11-02 09:23:00.530797,0.0,-0.004008016032064021,0.0,-0.09999999999999787,24.85,24.9,24.9,24.95,292.0,238.0,2901.0,1348.0,False,False
2892,2022-11-02 09:23:03.364002,0.0,-0.004008016032064021,0.0,-0.09999999999999787,24.85,24.9,24.9,24.95,292.0,238.0,2901.0,1348.0,False,False
2892,2022-11-02 09:23:03.995672,0.0,-0.004008016032064021,0.0,-0.09999999999999787,24.85,24.9,24.9,24.95,292.0,238.0,2981.0,900.0,True,True
2892,2022-11-02 09:23:06.325406,0.0,-0.004008016032064021,0.0,-0.09999999999999787,24.85,24.9,24.9,24.95,292.0,238.0,2981.0,900.0,False,False
2892,2022-11-02 09:23:12.364153,0.0,-0.004008016032064021,0.0,-0.09999999999999787,24.85,24.9,24.9,24.95,292.0,238.0,2981.0,900.0,False,False
2892,2022-11-02 09:23:12.827717,0.0,-0.004008016032064021,0.0,-0.09999999999999787,24.85,24.9,24.9,24.95,294.0,238.0,2981.0,900.0,False,False
2892,2022-11-02 09:23:16.752205,0.0,-0.004008016032064021,0.0,-0.09999999999999787,24.85,24.9,24.9,24.95,294.0,238.0,2981.0,900.0,False,False
2892,2022-11-02 09:23:23.246089,0.0,-0.004008016032064021,0.0,-0.09999999999999787,24.85,24.9,24.9,24.95,293.0,238.0,2981.0,900.0,False,False
2892,2022-11-02 09:23:23.376585,0.0,-0.004008016032064021,0.0,-0.09999999999999787,24.85,24.9,24.9,24.95,293.0,238.0,2981.0,900.0,False,False
2892,2022-11-02 09:23:24.078603,0.0,-0.004008016032064021,0.0,-0.09999999999999787,24.85,24.9,24.9,24.95,293.0,238.0,2981.0,750.0,True,True
2892,2022-11-02 09:23:24.455024,0.0,-0.004008016032064021,0.0,-0.09999999999999787,24.85,24.9,24.9,24.95,293.0,238.0,2981.0,750.0,False,False
2892,2022-11-02 09:23:25.940646,0.0,-0.004008016032064021,0.0,-0.09999999999999787,24.85,24.9,24.9,24.95,293.0,237.0,2981.0,750.0,False,False
2892,2022-11-02 09:23:34.124885,0.0,-0.004008016032064021,0.0,-0.09999999999999787,24.85,24.9,24.9,24.95,293.0,237.0,3111.0,750.0,True,True
2892,2022-11-02 09:23:36.680388,0.0,-0.004008016032064021,0.0,-0.09999999999999787,24.85,24.9,24.9,24.95,293.0,237.0,3111.0,750.0,False,False
2892,2022-11-02 09:23:38.450423,0.0,-0.004008016032064021,0.0,-0.09999999999999787,24.85,24.9,24.9,24.95,293.0,237.0,3111.0,750.0,False,False
2892,2022-11-02 09:23:42.300077,0.0,-0.004008016032064021,0.0,-0.09999999999999787,24.85,24.9,24.9,24.95,293.0,237.0,3111.0,750.0,False,False
2892,2022-11-02 09:23:44.167174,0.0,-0.004008016032064021,0.0,-0.09999999999999787,24.85,24.9,24.9,24.95,293.0,237.0,3111.0,750.0,True,True
2892,2022-11-02 09:23:45.123556,0.0,-0.004008016032064021,0.0,-0.09999999999999787,24.85,24.9,24.9,24.95,293.0,237.0,3111.0,750.0,False,False
2892,2022-11-02 09:23:47.031771,0.0,-0.004008016032064021,0.0,-0.09999999999999787,24.85,24.9,24.9,24.95,293.0,237.0,3111.0,750.0,False,False
2892,2022-11-02 09:23:51.900499,0.0,-0.004008016032064021,0.0,-0.09999999999999787,24.85,24.9,24.9,24.95,293.0,240.0,3111.0,750.0,False,False
2892,2022-11-02 09:23:53.129096,0.0,-0.004008016032064021,0.0,-0.09999999999999787,24.85,24.9,24.9,24.95,293.0,240.0,3111.0,750.0,False,False
2892,2022-11-02 09:23:59.748787,0.0,-0.004008016032064021,0.0,-0.09999999999999787,24.85,24.9,24.9,24.95,293.0,240.0,3111.0,750.0,False,False
2892,2022-11-02 09:24:04.244355,0.0,-0.004008016032064021,0.0,-0.09999999999999787,24.85,24.9,24.9,24.95,293.0,240.0,3211.0,850.0,True,True
2892,2022-11-02 09:24:04.430954,0.0,-0.004008016032064021,0.0,-0.09999999999999787,24.85,24.9,24.9,24.95,293.0,240.0,3211.0,850.0,False,False
2892,2022-11-02 09:24:08.119862,0.0,-0.004008016032064021,0.0,-0.09999999999999787,24.85,24.9,24.9,24.95,293.0,250.0,3211.0,850.0,False,False
2892,2022-11-02 09:24:14.284588,0.0,-0.004008016032064021,0.0,-0.09999999999999787,24.85,24.9,24.9,24.95,293.0,250.0,3221.0,449.0,True,True
2892,2022-11-02 09:24:22.016723,0.0,-0.004008016032064021,0.0,-0.09999999999999787,24.85,24.9,24.9,24.95,294.0,250.0,3221.0,449.0,False,False
2892,2022-11-02 09:24:24.330899,0.002008032128514081,-0.005999999999999894,0.05000000000000071,-0.14999999999999858,24.85,24.9,24.95,25.0,294.0,250.0,151.0,32706.0,True,True
2892,2022-11-02 09:24:28.257709,0.002008032128514081,-0.005999999999999894,0.05000000000000071,-0.14999999999999858,24.85,24.9,24.95,25.0,294.0,250.0,151.0,32706.0,False,False
2892,2022-11-02 09:24:33.005816,0.002008032128514081,-0.005999999999999894,0.05000000000000071,-0.14999999999999858,24.85,24.9,24.95,25.0,294.0,250.0,151.0,32706.0,False,False
2892,2022-11-02 09:24:33.697000,0.002008032128514081,-0.005999999999999894,0.05000000000000071,-0.14999999999999858,24.85,24.9,24.95,25.0,294.0,260.0,151.0,32706.0,False,False
2892,2022-11-02 09:24:33.991573,0.002008032128514081,-0.005999999999999894,0.05000000000000071,-0.14999999999999858,24.85,24.9,24.95,25.0,294.0,262.0,151.0,32706.0,False,False
2892,2022-11-02 09:24:35.291280,0.002008032128514081,-0.005999999999999894,0.05000000000000071,-0.14999999999999858,24.85,24.9,24.95,25.0,295.0,262.0,151.0,32706.0,False,False
2892,2022-11-02 09:24:43.523306,0.002008032128514081,-0.005999999999999894,0.05000000000000071,-0.14999999999999858,24.85,24.9,24.95,25.0,295.0,262.0,151.0,32706.0,False,False
2892,2022-11-02 09:24:44.411141,0.002008032128514081,-0.005999999999999894,0.05000000000000071,-0.14999999999999858,24.85,24.9,24.95,25.0,295.0,262.0,151.0,32706.0,True,True
2892,2022-11-02 09:24:49.895275,0.002008032128514081,-0.005999999999999894,0.05000000000000071,-0.14999999999999858,24.85,24.9,24.95,25.0,295.0,262.0,151.0,32706.0,False,False
2892,2022-11-02 09:25:03.877572,0.002008032128514081,-0.005999999999999894,0.05000000000000071,-0.14999999999999858,24.85,24.9,24.95,25.0,295.0,262.0,391.0,32706.0,False,True
2892,2022-11-02 09:25:14.067747,0.002008032128514081,-0.005999999999999894,0.05000000000000071,-0.14999999999999858,24.85,24.9,24.95,25.0,295.0,262.0,493.0,32706.0,True,True
2892,2022-11-02 09:25:19.651201,0.002008032128514081,-0.005999999999999894,0.05000000000000071,-0.14999999999999858,24.85,24.9,24.95,25.0,295.0,261.0,493.0,32706.0,False,False
2892,2022-11-02 09:25:19.662051,0.002008032128514081,-0.005999999999999894,0.05000000000000071,-0.14999999999999858,24.85,24.9,24.95,25.0,295.0,261.0,493.0,32706.0,False,False
2892,2022-11-02 09:25:21.677031,0.002008032128514081,-0.005999999999999894,0.05000000000000071,-0.14999999999999858,24.85,24.9,24.95,25.0,295.0,261.0,493.0,32706.0,False,False
2892,2022-11-02 09:25:21.677821,0.002008032128514081,-0.005999999999999894,0.05000000000000071,-0.14999999999999858,24.85,24.9,24.95,25.0,309.0,261.0,493.0,32706.0,False,False
2892,2022-11-02 09:25:24.263880,0.002008032128514081,-0.005999999999999894,0.05000000000000071,-0.14999999999999858,24.85,24.9,24.95,25.0,309.0,261.0,1133.0,32706.0,True,True
2892,2022-11-02 09:25:26.803285,0.002008032128514081,-0.005999999999999894,0.05000000000000071,-0.14999999999999858,24.85,24.9,24.95,25.0,309.0,264.0,1133.0,32706.0,False,False
2892,2022-11-02 09:25:27.322564,0.002008032128514081,-0.005999999999999894,0.05000000000000071,-0.14999999999999858,24.85,24.9,24.95,25.0,309.0,264.0,1133.0,32706.0,False,False
2892,2022-11-02 09:25:34.276499,0.002008032128514081,-0.005999999999999894,0.05000000000000071,-0.14999999999999858,24.85,24.9,24.95,25.0,309.0,264.0,1133.0,32706.0,True,True
2892,2022-11-02 09:25:41.556317,0.002008032128514081,-0.005999999999999894,0.05000000000000071,-0.14999999999999858,24.85,24.9,24.95,25.0,309.0,266.0,1133.0,32706.0,False,False
2892,2022-11-02 09:25:44.087986,0.002008032128514081,-0.005999999999999894,0.05000000000000071,-0.14999999999999858,24.85,24.9,24.95,25.0,309.0,267.0,1133.0,32706.0,False,False
2892,2022-11-02 09:25:44.298469,0.002008032128514081,-0.005999999999999894,0.05000000000000071,-0.14999999999999858,24.85,24.9,24.95,25.0,309.0,267.0,1133.0,32706.0,True,True
2892,2022-11-02 09:25:44.529537,0.002008032128514081,-0.005999999999999894,0.05000000000000071,-0.14999999999999858,24.85,24.9,24.95,25.0,309.0,267.0,1133.0,32706.0,False,False
2892,2022-11-02 09:25:45.745204,0.002008032128514081,-0.005999999999999894,0.05000000000000071,-0.14999999999999858,24.85,24.9,24.95,25.0,305.0,267.0,1133.0,32706.0,False,False
2892,2022-11-02 09:25:45.767825,0.002008032128514081,-0.005999999999999894,0.05000000000000071,-0.14999999999999858,24.85,24.9,24.95,25.0,305.0,267.0,1133.0,32706.0,False,False
2892,2022-11-02 09:25:50.520384,0.002008032128514081,-0.005999999999999894,0.05000000000000071,-0.14999999999999858,24.85,24.9,24.95,25.0,305.0,277.0,1133.0,32706.0,False,False
2892,2022-11-02 09:25:54.326880,0.002008032128514081,-0.005999999999999894,0.05000000000000071,-0.14999999999999858,24.85,24.9,24.95,25.0,305.0,277.0,733.0,32706.0,True,True
2892,2022-11-02 09:26:01.566874,0.002008032128514081,-0.005999999999999894,0.05000000000000071,-0.14999999999999858,24.85,24.9,24.95,25.0,305.0,277.0,733.0,32706.0,False,False
2892,2022-11-02 09:26:02.802724,0.002008032128514081,-0.005999999999999894,0.05000000000000071,-0.14999999999999858,24.85,24.9,24.95,25.0,305.0,277.0,733.0,32706.0,False,False
2892,2022-11-02 09:26:04.302064,0.002008032128514081,-0.005999999999999894,0.05000000000000071,-0.14999999999999858,24.85,24.9,24.95,25.0,305.0,277.0,733.0,32706.0,False,False
2892,2022-11-02 09:26:06.064975,0.002008032128514081,-0.005999999999999894,0.05000000000000071,-0.14999999999999858,24.85,24.9,24.95,25.0,308.0,277.0,733.0,32706.0,False,False
2892,2022-11-02 09:26:06.151915,0.002008032128514081,-0.005999999999999894,0.05000000000000071,-0.14999999999999858,24.85,24.9,24.95,25.0,279.0,277.0,733.0,32706.0,False,False
2892,2022-11-02 09:26:06.187300,0.002008032128514081,-0.005999999999999894,0.05000000000000071,-0.14999999999999858,24.85,24.9,24.95,25.0,275.0,277.0,733.0,32706.0,False,False
2892,2022-11-02 09:26:06.187335,0.002008032128514081,-0.008000000000000007,0.05000000000000071,-0.1999999999999993,24.8,24.9,24.95,25.0,102.0,277.0,733.0,32706.0,False,False
2892,2022-11-02 09:26:06.190938,0.002008032128514081,-0.008000000000000007,0.05000000000000071,-0.1999999999999993,24.8,24.9,24.95,25.0,102.0,277.0,733.0,32706.0,False,False
2892,2022-11-02 09:26:06.222298,0.002008032128514081,-0.008000000000000007,0.05000000000000071,-0.1999999999999993,24.8,24.9,24.95,25.0,99.0,446.0,733.0,32706.0,False,False
2892,2022-11-02 09:26:06.284729,0.002008032128514081,-0.008000000000000007,0.05000000000000071,-0.1999999999999993,24.8,24.9,24.95,25.0,100.0,446.0,733.0,32706.0,False,False
2892,2022-11-02 09:26:06.535648,0.002008032128514081,-0.008000000000000007,0.05000000000000071,-0.1999999999999993,24.8,24.9,24.95,25.0,104.0,446.0,733.0,32706.0,False,False
2892,2022-11-02 09:26:10.563997,0.002008032128514081,-0.008000000000000007,0.05000000000000071,-0.1999999999999993,24.8,24.9,24.95,25.0,104.0,446.0,733.0,32706.0,False,False
2892,2022-11-02 09:26:10.575333,0.002008032128514081,-0.008000000000000007,0.05000000000000071,-0.1999999999999993,24.8,24.9,24.95,25.0,104.0,446.0,733.0,32706.0,False,False
2892,2022-11-02 09:26:11.185385,0.002008032128514081,-0.008000000000000007,0.05000000000000071,-0.1999999999999993,24.8,24.9,24.95,25.0,104.0,446.0,733.0,32706.0,False,False
2892,2022-11-02 09:26:11.187865,0.002008032128514081,-0.008000000000000007,0.05000000000000071,-0.1999999999999993,24.8,24.9,24.95,25.0,104.0,446.0,733.0,32706.0,False,False
2892,2022-11-02 09:26:14.388445,0.002008032128514081,-0.008000000000000007,0.05000000000000071,-0.1999999999999993,24.8,24.9,24.95,25.0,104.0,446.0,133.0,32706.0,True,True
2892,2022-11-02 09:26:15.940356,0.002008032128514081,-0.008000000000000007,0.05000000000000071,-0.1999999999999993,24.8,24.9,24.95,25.0,104.0,446.0,133.0,32706.0,False,False
2892,2022-11-02 09:26:19.730941,0.002008032128514081,-0.008000000000000007,0.05000000000000071,-0.1999999999999993,24.8,24.9,24.95,25.0,104.0,446.0,133.0,32706.0,False,False
2892,2022-11-02 09:26:22.269948,0.002008032128514081,-0.008000000000000007,0.05000000000000071,-0.1999999999999993,24.8,24.9,24.95,25.0,104.0,446.0,133.0,32706.0,False,False
2892,2022-11-02 09:26:23.163678,0.004024144869215096,-0.008000000000000007,0.09999999999999787,-0.1999999999999993,24.8,24.85,24.95,25.0,104.0,50.0,133.0,32706.0,False,False
2892,2022-11-02 09:26:23.182819,0.004024144869215096,-0.008000000000000007,0.09999999999999787,-0.1999999999999993,24.8,24.85,24.95,25.0,104.0,50.0,133.0,32706.0,False,False
2892,2022-11-02 09:26:23.185145,0.004024144869215096,-0.008000000000000007,0.09999999999999787,-0.1999999999999993,24.8,24.85,24.95,25.0,104.0,149.0,133.0,32706.0,False,False
2892,2022-11-02 09:26:23.611070,0.004024144869215096,-0.008000000000000007,0.09999999999999787,-0.1999999999999993,24.8,24.85,24.95,25.0,104.0,235.0,133.0,32706.0,False,False
2892,2022-11-02 09:26:24.011331,0.004024144869215096,-0.008000000000000007,0.09999999999999787,-0.1999999999999993,24.8,24.85,24.95,25.0,104.0,235.0,133.0,32706.0,False,False
2892,2022-11-02 09:26:24.043288,0.004024144869215096,-0.008000000000000007,0.09999999999999787,-0.1999999999999993,24.8,24.85,24.95,25.0,104.0,240.0,133.0,32706.0,False,False
2892,2022-11-02 09:26:24.413742,0.002012072434607548,-0.006012024048096087,0.04999999999999716,-0.14999999999999858,24.8,24.85,24.9,24.95,104.0,240.0,4027.0,29837.0,True,True
2892,2022-11-02 09:26:28.186063,0.002012072434607548,-0.006012024048096087,0.04999999999999716,-0.14999999999999858,24.8,24.85,24.9,24.95,104.0,240.0,4027.0,29837.0,False,False
2892,2022-11-02 09:26:28.227118,0.002012072434607548,-0.006012024048096087,0.04999999999999716,-0.14999999999999858,24.8,24.85,24.9,24.95,104.0,394.0,4027.0,29837.0,False,False
2892,2022-11-02 09:26:28.684009,0.002012072434607548,-0.006012024048096087,0.04999999999999716,-0.14999999999999858,24.8,24.85,24.9,24.95,105.0,394.0,4027.0,29837.0,False,False
2892,2022-11-02 09:26:29.995043,0.002012072434607548,-0.006012024048096087,0.04999999999999716,-0.14999999999999858,24.8,24.85,24.9,24.95,100.0,394.0,4027.0,29837.0,False,False
2892,2022-11-02 09:26:34.444539,0.002012072434607548,-0.006012024048096087,0.04999999999999716,-0.14999999999999858,24.8,24.85,24.9,24.95,100.0,394.0,4027.0,29989.0,True,True
2892,2022-11-02 09:26:37.391572,0.002012072434607548,-0.006012024048096087,0.04999999999999716,-0.14999999999999858,24.8,24.85,24.9,24.95,100.0,394.0,4027.0,29989.0,False,False
2892,2022-11-02 09:26:37.397452,0.002012072434607548,-0.006012024048096087,0.04999999999999716,-0.14999999999999858,24.8,24.85,24.9,24.95,100.0,394.0,4027.0,29989.0,False,False
2892,2022-11-02 09:26:37.510895,0.002012072434607548,-0.006012024048096087,0.04999999999999716,-0.14999999999999858,24.8,24.85,24.9,24.95,119.0,394.0,4027.0,29989.0,False,False
2892,2022-11-02 09:26:40.964427,0.002012072434607548,-0.006012024048096087,0.04999999999999716,-0.14999999999999858,24.8,24.85,24.9,24.95,120.0,394.0,4027.0,29989.0,False,False
2892,2022-11-02 09:26:43.956141,0.002012072434607548,-0.006012024048096087,0.04999999999999716,-0.14999999999999858,24.8,24.85,24.9,24.95,120.0,394.0,4027.0,29989.0,False,False
2892,2022-11-02 09:26:44.024582,0.002012072434607548,-0.006012024048096087,0.04999999999999716,-0.14999999999999858,24.8,24.85,24.9,24.95,120.0,394.0,4027.0,29989.0,False,False
2892,2022-11-02 09:26:44.048415,0.002012072434607548,-0.006012024048096087,0.04999999999999716,-0.14999999999999858,24.8,24.85,24.9,24.95,143.0,394.0,4027.0,29989.0,False,False
2892,2022-11-02 09:26:44.473527,0.002012072434607548,-0.006012024048096087,0.04999999999999716,-0.14999999999999858,24.8,24.85,24.9,24.95,143.0,394.0,4027.0,29972.0,True,True
2892,2022-11-02 09:26:54.504498,0.002012072434607548,-0.006012024048096087,0.04999999999999716,-0.14999999999999858,24.8,24.85,24.9,24.95,143.0,394.0,4227.0,29957.0,True,True
2892,2022-11-02 09:26:54.638183,0.002012072434607548,-0.006012024048096087,0.04999999999999716,-0.14999999999999858,24.8,24.85,24.9,24.95,143.0,308.0,4227.0,29957.0,False,False
2892,2022-11-02 09:27:02.723584,0.002012072434607548,-0.006012024048096087,0.04999999999999716,-0.14999999999999858,24.8,24.85,24.9,24.95,143.0,308.0,4227.0,29957.0,False,False
2892,2022-11-02 09:27:03.010334,0.002012072434607548,-0.006012024048096087,0.04999999999999716,-0.14999999999999858,24.8,24.85,24.9,24.95,143.0,308.0,4227.0,29957.0,False,False
2892,2022-11-02 09:27:04.536734,0.002012072434607548,-0.006012024048096087,0.04999999999999716,-0.14999999999999858,24.8,24.85,24.9,24.95,143.0,308.0,4227.0,30007.0,True,True
2892,2022-11-02 09:27:13.788897,0.002012072434607548,-0.006012024048096087,0.04999999999999716,-0.14999999999999858,24.8,24.85,24.9,24.95,143.0,308.0,4227.0,30007.0,False,False
2892,2022-11-02 09:27:13.813645,0.002012072434607548,-0.006012024048096087,0.04999999999999716,-0.14999999999999858,24.8,24.85,24.9,24.95,143.0,308.0,4227.0,30007.0,False,False
2892,2022-11-02 09:27:14.563624,0.002012072434607548,-0.006012024048096087,0.04999999999999716,-0.14999999999999858,24.8,24.85,24.9,24.95,143.0,308.0,4227.0,29607.0,True,True
2892,2022-11-02 09:27:14.628488,0.002012072434607548,-0.006012024048096087,0.04999999999999716,-0.14999999999999858,24.8,24.85,24.9,24.95,133.0,308.0,4227.0,29607.0,False,False
2892,2022-11-02 09:27:24.575901,0.002012072434607548,-0.006012024048096087,0.04999999999999716,-0.14999999999999858,24.8,24.85,24.9,24.95,133.0,308.0,4227.0,29607.0,False,False
2892,2022-11-02 09:27:24.594781,0.002012072434607548,-0.006012024048096087,0.04999999999999716,-0.14999999999999858,24.8,24.85,24.9,24.95,133.0,308.0,4227.0,29607.0,True,True
2892,2022-11-02 09:27:34.624069,0.002012072434607548,-0.006012024048096087,0.04999999999999716,-0.14999999999999858,24.8,24.85,24.9,24.95,133.0,308.0,4227.0,29597.0,True,True
2892,2022-11-02 09:27:39.952769,0.002012072434607548,-0.006012024048096087,0.04999999999999716,-0.14999999999999858,24.8,24.85,24.9,24.95,129.0,308.0,4227.0,29597.0,False,False
2892,2022-11-02 09:27:41.232871,0.002012072434607548,-0.006012024048096087,0.04999999999999716,-0.14999999999999858,24.8,24.85,24.9,24.95,129.0,308.0,4227.0,29597.0,False,False
2892,2022-11-02 09:27:41.471244,0.002012072434607548,-0.006012024048096087,0.04999999999999716,-0.14999999999999858,24.8,24.85,24.9,24.95,134.0,308.0,4227.0,29597.0,False,False
2892,2022-11-02 09:27:44.652921,0.002012072434607548,-0.006012024048096087,0.04999999999999716,-0.14999999999999858,24.8,24.85,24.9,24.95,134.0,308.0,4227.0,29597.0,True,True
2892,2022-11-02 09:27:45.167397,0.002012072434607548,-0.006012024048096087,0.04999999999999716,-0.14999999999999858,24.8,24.85,24.9,24.95,134.0,328.0,4227.0,29597.0,False,False
2892,2022-11-02 09:27:48.076460,0.002012072434607548,-0.006012024048096087,0.04999999999999716,-0.14999999999999858,24.8,24.85,24.9,24.95,134.0,328.0,4227.0,29597.0,False,False
2892,2022-11-02 09:27:54.521561,0.002012072434607548,-0.006012024048096087,0.04999999999999716,-0.14999999999999858,24.8,24.85,24.9,24.95,139.0,328.0,4227.0,29597.0,False,False
2892,2022-11-02 09:27:54.687227,0.002012072434607548,-0.006012024048096087,0.04999999999999716,-0.14999999999999858,24.8,24.85,24.9,24.95,139.0,328.0,4247.0,29597.0,True,True
2892,2022-11-02 09:27:55.556985,0.002012072434607548,-0.006012024048096087,0.04999999999999716,-0.14999999999999858,24.8,24.85,24.9,24.95,139.0,328.0,4247.0,29597.0,False,False
2892,2022-11-02 09:27:57.611214,0.002012072434607548,-0.006012024048096087,0.04999999999999716,-0.14999999999999858,24.8,24.85,24.9,24.95,139.0,328.0,4247.0,29597.0,False,False
2892,2022-11-02 09:27:58.096227,0.002012072434607548,-0.006012024048096087,0.04999999999999716,-0.14999999999999858,24.8,24.85,24.9,24.95,139.0,328.0,4247.0,29597.0,False,False
2892,2022-11-02 09:27:58.684425,0.002012072434607548,-0.006012024048096087,0.04999999999999716,-0.14999999999999858,24.8,24.85,24.9,24.95,139.0,328.0,4247.0,29597.0,False,False
2892,2022-11-02 09:28:03.912885,0.002012072434607548,-0.006012024048096087,0.04999999999999716,-0.14999999999999858,24.8,24.85,24.9,24.95,139.0,328.0,4247.0,29597.0,False,True
2892,2022-11-02 09:28:07.066452,0.002012072434607548,-0.006012024048096087,0.04999999999999716,-0.14999999999999858,24.8,24.85,24.9,24.95,139.0,323.0,4247.0,29597.0,False,False
2892,2022-11-02 09:28:10.448204,0.002012072434607548,-0.006012024048096087,0.04999999999999716,-0.14999999999999858,24.8,24.85,24.9,24.95,139.0,323.0,4247.0,29597.0,False,False
2892,2022-11-02 09:28:13.950097,0.002012072434607548,-0.006012024048096087,0.04999999999999716,-0.14999999999999858,24.8,24.85,24.9,24.95,139.0,323.0,4247.0,29970.0,True,True
2892,2022-11-02 09:28:19.191779,0.002012072434607548,-0.006012024048096087,0.04999999999999716,-0.14999999999999858,24.8,24.85,24.9,24.95,139.0,323.0,4247.0,29970.0,False,False
2892,2022-11-02 09:28:19.612736,0.002012072434607548,-0.006012024048096087,0.04999999999999716,-0.14999999999999858,24.8,24.85,24.9,24.95,139.0,322.0,4247.0,29970.0,False,False
2892,2022-11-02 09:28:23.980219,0.002012072434607548,-0.006012024048096087,0.04999999999999716,-0.14999999999999858,24.8,24.85,24.9,24.95,139.0,322.0,4247.0,29970.0,True,True
2892,2022-11-02 09:28:24.604006,0.002012072434607548,-0.006012024048096087,0.04999999999999716,-0.14999999999999858,24.8,24.85,24.9,24.95,139.0,322.0,4247.0,29970.0,False,False
2892,2022-11-02 09:28:26.785186,0.002012072434607548,-0.006012024048096087,0.04999999999999716,-0.14999999999999858,24.8,24.85,24.9,24.95,139.0,322.0,4247.0,29970.0,False,False
2892,2022-11-02 09:28:32.294204,0.002012072434607548,-0.006012024048096087,0.04999999999999716,-0.14999999999999858,24.8,24.85,24.9,24.95,139.0,322.0,4247.0,29970.0,False,False
2892,2022-11-02 09:28:37.679362,0.002012072434607548,-0.006012024048096087,0.04999999999999716,-0.14999999999999858,24.8,24.85,24.9,24.95,139.0,322.0,4247.0,29970.0,False,False
2892,2022-11-02 09:28:44.805570,0.002012072434607548,-0.006012024048096087,0.04999999999999716,-0.14999999999999858,24.8,24.85,24.9,24.95,139.0,322.0,4247.0,29970.0,False,False
2892,2022-11-02 09:28:51.332768,0.002012072434607548,-0.006012024048096087,0.04999999999999716,-0.14999999999999858,24.8,24.85,24.9,24.95,139.0,322.0,4247.0,29970.0,False,False
2892,2022-11-02 09:28:51.989417,0.002012072434607548,-0.006012024048096087,0.04999999999999716,-0.14999999999999858,24.8,24.85,24.9,24.95,139.0,322.0,4247.0,29970.0,False,False
2892,2022-11-02 09:29:04.120141,0.002012072434607548,-0.006012024048096087,0.04999999999999716,-0.14999999999999858,24.8,24.85,24.9,24.95,139.0,322.0,4147.0,29970.0,True,True
2892,2022-11-02 09:29:10.351448,0.002012072434607548,-0.006012024048096087,0.04999999999999716,-0.14999999999999858,24.8,24.85,24.9,24.95,139.0,326.0,4147.0,29970.0,False,False
2892,2022-11-02 09:29:14.149238,0.002012072434607548,-0.006012024048096087,0.04999999999999716,-0.14999999999999858,24.8,24.85,24.9,24.95,139.0,326.0,4147.0,29970.0,True,True
2892,2022-11-02 09:29:24.178340,0.002012072434607548,-0.006012024048096087,0.04999999999999716,-0.14999999999999858,24.8,24.85,24.9,24.95,139.0,326.0,4197.0,29970.0,True,True
2892,2022-11-02 09:29:28.394064,0.002012072434607548,-0.006012024048096087,0.04999999999999716,-0.14999999999999858,24.8,24.85,24.9,24.95,139.0,326.0,4197.0,29970.0,False,False
2892,2022-11-02 09:29:32.443952,0.002012072434607548,-0.006012024048096087,0.04999999999999716,-0.14999999999999858,24.8,24.85,24.9,24.95,139.0,326.0,4197.0,29970.0,False,False
2892,2022-11-02 09:29:32.595815,0.002012072434607548,-0.006012024048096087,0.04999999999999716,-0.14999999999999858,24.8,24.85,24.9,24.95,139.0,326.0,4197.0,29970.0,False,False
2892,2022-11-02 09:29:34.813753,0.002012072434607548,-0.006012024048096087,0.04999999999999716,-0.14999999999999858,24.8,24.85,24.9,24.95,149.0,326.0,4197.0,29970.0,False,False
2892,2022-11-02 09:29:34.959366,0.002012072434607548,-0.006012024048096087,0.04999999999999716,-0.14999999999999858,24.8,24.85,24.9,24.95,149.0,316.0,4197.0,29970.0,False,False
2892,2022-11-02 09:29:38.089595,0.002012072434607548,-0.006012024048096087,0.04999999999999716,-0.14999999999999858,24.8,24.85,24.9,24.95,149.0,162.0,4197.0,29970.0,False,False
2892,2022-11-02 09:29:38.100259,0.002012072434607548,-0.006012024048096087,0.04999999999999716,-0.14999999999999858,24.8,24.85,24.9,24.95,149.0,140.0,4197.0,29970.0,False,False
2892,2022-11-02 09:29:47.488763,0.002012072434607548,-0.006012024048096087,0.04999999999999716,-0.14999999999999858,24.8,24.85,24.9,24.95,148.0,140.0,4197.0,29970.0,False,False
2892,2022-11-02 09:29:54.275876,0.002012072434607548,-0.006012024048096087,0.04999999999999716,-0.14999999999999858,24.8,24.85,24.9,24.95,148.0,140.0,4197.0,29970.0,True,True
2892,2022-11-02 09:29:59.920258,0.002012072434607548,-0.006012024048096087,0.04999999999999716,-0.14999999999999858,24.8,24.85,24.9,24.95,148.0,139.0,4197.0,29970.0,False,False
2892,2022-11-02 09:30:03.587743,0.002012072434607548,-0.006012024048096087,0.04999999999999716,-0.14999999999999858,24.8,24.85,24.9,24.95,148.0,140.0,4197.0,29970.0,False,False
2892,2022-11-02 09:30:03.814325,0.002012072434607548,-0.006012024048096087,0.04999999999999716,-0.14999999999999858,24.8,24.85,24.9,24.95,148.0,140.0,4197.0,29970.0,False,False
2892,2022-11-02 09:30:04.322781,0.002012072434607548,-0.006012024048096087,0.04999999999999716,-0.14999999999999858,24.8,24.85,24.9,24.95,148.0,140.0,4207.0,29970.0,True,True
2892,2022-11-02 09:30:06.112154,0.002012072434607548,-0.006012024048096087,0.04999999999999716,-0.14999999999999858,24.8,24.85,24.9,24.95,148.0,140.0,4207.0,29970.0,False,False
2892,2022-11-02 09:30:08.246637,0.002012072434607548,-0.006012024048096087,0.04999999999999716,-0.14999999999999858,24.8,24.85,24.9,24.95,149.0,140.0,4207.0,29970.0,False,False
2892,2022-11-02 09:30:10.603701,0.002012072434607548,-0.006012024048096087,0.04999999999999716,-0.14999999999999858,24.8,24.85,24.9,24.95,154.0,140.0,4207.0,29970.0,False,False
2892,2022-11-02 09:30:12.495728,0.002012072434607548,-0.006012024048096087,0.04999999999999716,-0.14999999999999858,24.8,24.85,24.9,24.95,154.0,140.0,4207.0,29970.0,False,False
2892,2022-11-02 09:30:13.718115,0.002012072434607548,-0.006012024048096087,0.04999999999999716,-0.14999999999999858,24.8,24.85,24.9,24.95,154.0,140.0,4207.0,29970.0,False,False
2892,2022-11-02 09:30:18.367575,0.002012072434607548,-0.006012024048096087,0.04999999999999716,-0.14999999999999858,24.8,24.85,24.9,24.95,154.0,140.0,4207.0,29970.0,False,False
2892,2022-11-02 09:30:19.731305,0.002012072434607548,-0.006012024048096087,0.04999999999999716,-0.14999999999999858,24.8,24.85,24.9,24.95,154.0,140.0,4207.0,29970.0,False,False
2892,2022-11-02 09:30:19.733558,0.002012072434607548,-0.006012024048096087,0.04999999999999716,-0.14999999999999858,24.8,24.85,24.9,24.95,163.0,140.0,4207.0,29970.0,False,False
2892,2022-11-02 09:30:20.977521,0.002012072434607548,-0.006012024048096087,0.04999999999999716,-0.14999999999999858,24.8,24.85,24.9,24.95,163.0,140.0,4207.0,29970.0,False,False
2892,2022-11-02 09:30:24.517693,0.002012072434607548,-0.006012024048096087,0.04999999999999716,-0.14999999999999858,24.8,24.85,24.9,24.95,163.0,140.0,4208.0,29970.0,True,True
2892,2022-11-02 09:30:30.380320,0.002012072434607548,-0.006012024048096087,0.04999999999999716,-0.14999999999999858,24.8,24.85,24.9,24.95,162.0,140.0,4208.0,29970.0,False,False
2892,2022-11-02 09:30:34.576234,0.002012072434607548,-0.006012024048096087,0.04999999999999716,-0.14999999999999858,24.8,24.85,24.9,24.95,162.0,140.0,4208.0,30470.0,True,True
2892,2022-11-02 09:30:43.038011,0.002012072434607548,-0.006012024048096087,0.04999999999999716,-0.14999999999999858,24.8,24.85,24.9,24.95,162.0,145.0,4208.0,30470.0,False,False
2892,2022-11-02 09:30:44.629348,0.002012072434607548,-0.006012024048096087,0.04999999999999716,-0.14999999999999858,24.8,24.85,24.9,24.95,162.0,145.0,4587.0,30470.0,True,True
2892,2022-11-02 09:30:47.833770,0.002012072434607548,-0.006012024048096087,0.04999999999999716,-0.14999999999999858,24.8,24.85,24.9,24.95,162.0,145.0,4587.0,30470.0,False,False
2892,2022-11-02 09:30:48.900029,0.002012072434607548,-0.006012024048096087,0.04999999999999716,-0.14999999999999858,24.8,24.85,24.9,24.95,161.0,145.0,4587.0,30470.0,False,False
2892,2022-11-02 09:30:51.005257,0.002012072434607548,-0.006012024048096087,0.04999999999999716,-0.14999999999999858,24.8,24.85,24.9,24.95,161.0,145.0,4587.0,30470.0,False,False
2892,2022-11-02 09:30:51.201089,0.002012072434607548,-0.006012024048096087,0.04999999999999716,-0.14999999999999858,24.8,24.85,24.9,24.95,162.0,145.0,4587.0,30470.0,False,False
2892,2022-11-02 09:30:54.679370,0.002012072434607548,-0.006012024048096087,0.04999999999999716,-0.14999999999999858,24.8,24.85,24.9,24.95,162.0,145.0,4604.0,30470.0,True,True
2892,2022-11-02 09:30:56.256685,0.002012072434607548,-0.006012024048096087,0.04999999999999716,-0.14999999999999858,24.8,24.85,24.9,24.95,162.0,149.0,4604.0,30470.0,False,False
2892,2022-11-02 09:31:03.948546,0.002012072434607548,-0.006012024048096087,0.04999999999999716,-0.14999999999999858,24.8,24.85,24.9,24.95,162.0,149.0,4604.0,31070.0,False,True
2892,2022-11-02 09:31:06.262619,0.002012072434607548,-0.006012024048096087,0.04999999999999716,-0.14999999999999858,24.8,24.85,24.9,24.95,162.0,153.0,4604.0,31070.0,False,False
2892,2022-11-02 09:31:08.949115,0.002012072434607548,-0.006012024048096087,0.04999999999999716,-0.14999999999999858,24.8,24.85,24.9,24.95,163.0,153.0,4604.0,31070.0,False,False
2892,2022-11-02 09:31:13.990211,0.002012072434607548,-0.006012024048096087,0.04999999999999716,-0.14999999999999858,24.8,24.85,24.9,24.95,163.0,153.0,4554.0,31130.0,True,True
2892,2022-11-02 09:31:26.131464,0.002012072434607548,-0.006012024048096087,0.04999999999999716,-0.14999999999999858,24.8,24.85,24.9,24.95,167.0,153.0,4554.0,31130.0,False,False
2892,2022-11-02 09:31:28.479695,0.002012072434607548,-0.006012024048096087,0.04999999999999716,-0.14999999999999858,24.8,24.85,24.9,24.95,168.0,153.0,4554.0,31130.0,False,False
2892,2022-11-02 09:31:29.802117,0.002012072434607548,-0.006012024048096087,0.04999999999999716,-0.14999999999999858,24.8,24.85,24.9,24.95,168.0,153.0,4554.0,31130.0,False,False
2892,2022-11-02 09:31:36.782399,0.002012072434607548,-0.006012024048096087,0.04999999999999716,-0.14999999999999858,24.8,24.85,24.9,24.95,168.0,152.0,4554.0,31130.0,False,False
2892,2022-11-02 09:31:43.759678,0.002012072434607548,-0.006012024048096087,0.04999999999999716,-0.14999999999999858,24.8,24.85,24.9,24.95,168.0,152.0,4554.0,31130.0,False,False
2892,2022-11-02 09:31:48.838788,0.002012072434607548,-0.006012024048096087,0.04999999999999716,-0.14999999999999858,24.8,24.85,24.9,24.95,168.0,152.0,4554.0,31130.0,False,False
2892,2022-11-02 09:31:54.183014,0.002012072434607548,-0.006012024048096087,0.04999999999999716,-0.14999999999999858,24.8,24.85,24.9,24.95,168.0,152.0,4554.0,31130.0,True,True
2892,2022-11-02 09:32:04.218025,0.002012072434607548,-0.006012024048096087,0.04999999999999716,-0.14999999999999858,24.8,24.85,24.9,24.95,168.0,152.0,4554.0,31070.0,True,True
2892,2022-11-02 09:32:04.339807,0.002012072434607548,-0.006012024048096087,0.04999999999999716,-0.14999999999999858,24.8,24.85,24.9,24.95,170.0,152.0,4554.0,31070.0,False,False
2892,2022-11-02 09:32:08.628583,0.002012072434607548,-0.006012024048096087,0.04999999999999716,-0.14999999999999858,24.8,24.85,24.9,24.95,170.0,152.0,4554.0,31070.0,False,False
2892,2022-11-02 09:32:14.788954,0.002012072434607548,-0.006012024048096087,0.04999999999999716,-0.14999999999999858,24.8,24.85,24.9,24.95,170.0,153.0,4554.0,31070.0,False,False
2892,2022-11-02 09:32:21.264539,0.002012072434607548,-0.006012024048096087,0.04999999999999716,-0.14999999999999858,24.8,24.85,24.9,24.95,170.0,152.0,4554.0,31070.0,False,False
2892,2022-11-02 09:32:24.293304,0.002012072434607548,-0.006012024048096087,0.04999999999999716,-0.14999999999999858,24.8,24.85,24.9,24.95,170.0,152.0,4554.0,31070.0,True,True
2892,2022-11-02 09:32:24.694527,0.002012072434607548,-0.006012024048096087,0.04999999999999716,-0.14999999999999858,24.8,24.85,24.9,24.95,170.0,152.0,4554.0,31070.0,False,False
2892,2022-11-02 09:32:27.451287,0.002012072434607548,-0.006012024048096087,0.04999999999999716,-0.14999999999999858,24.8,24.85,24.9,24.95,170.0,150.0,4554.0,31070.0,False,False
2892,2022-11-02 09:32:34.333448,0.002012072434607548,-0.006012024048096087,0.04999999999999716,-0.14999999999999858,24.8,24.85,24.9,24.95,170.0,150.0,4554.0,31070.0,True,True
2892,2022-11-02 09:32:36.900104,0.002012072434607548,-0.006012024048096087,0.04999999999999716,-0.14999999999999858,24.8,24.85,24.9,24.95,170.0,149.0,4554.0,31070.0,False,False
2892,2022-11-02 09:32:44.157378,0.002012072434607548,-0.006012024048096087,0.04999999999999716,-0.14999999999999858,24.8,24.85,24.9,24.95,170.0,149.0,4554.0,31070.0,False,False
2892,2022-11-02 09:32:44.377686,0.002012072434607548,-0.006012024048096087,0.04999999999999716,-0.14999999999999858,24.8,24.85,24.9,24.95,170.0,149.0,4554.0,31070.0,True,True
2892,2022-11-02 09:32:54.412829,0.002012072434607548,-0.006012024048096087,0.04999999999999716,-0.14999999999999858,24.8,24.85,24.9,24.95,170.0,149.0,4454.0,31070.0,True,True
2892,2022-11-02 09:33:04.452927,0.002012072434607548,-0.006012024048096087,0.04999999999999716,-0.14999999999999858,24.8,24.85,24.9,24.95,170.0,149.0,4453.0,31070.0,True,True
2892,2022-11-02 09:33:06.830906,0.002012072434607548,-0.006012024048096087,0.04999999999999716,-0.14999999999999858,24.8,24.85,24.9,24.95,171.0,149.0,4453.0,31070.0,False,False
2892,2022-11-02 09:33:07.353924,0.002012072434607548,-0.006012024048096087,0.04999999999999716,-0.14999999999999858,24.8,24.85,24.9,24.95,161.0,149.0,4453.0,31070.0,False,False
2892,2022-11-02 09:33:07.354083,0.002012072434607548,-0.006012024048096087,0.04999999999999716,-0.14999999999999858,24.8,24.85,24.9,24.95,157.0,149.0,4453.0,31070.0,False,False
2892,2022-11-02 09:33:10.019332,0.002012072434607548,-0.006012024048096087,0.04999999999999716,-0.14999999999999858,24.8,24.85,24.9,24.95,157.0,149.0,4453.0,31070.0,False,False
2892,2022-11-02 09:33:14.496220,0.002012072434607548,-0.006012024048096087,0.04999999999999716,-0.14999999999999858,24.8,24.85,24.9,24.95,157.0,149.0,4283.0,31070.0,True,True
2892,2022-11-02 09:33:15.229183,0.002012072434607548,-0.006012024048096087,0.04999999999999716,-0.14999999999999858,24.8,24.85,24.9,24.95,157.0,152.0,4283.0,31070.0,False,False
2892,2022-11-02 09:33:21.244317,0.002012072434607548,-0.006012024048096087,0.04999999999999716,-0.14999999999999858,24.8,24.85,24.9,24.95,157.0,152.0,4283.0,31070.0,False,False
2892,2022-11-02 09:33:22.404512,0.002012072434607548,-0.006012024048096087,0.04999999999999716,-0.14999999999999858,24.8,24.85,24.9,24.95,157.0,147.0,4283.0,31070.0,False,False
2892,2022-11-02 09:33:23.887983,0.002012072434607548,-0.006012024048096087,0.04999999999999716,-0.14999999999999858,24.8,24.85,24.9,24.95,157.0,147.0,4283.0,31070.0,False,False
2892,2022-11-02 09:33:24.337797,0.002012072434607548,-0.006012024048096087,0.04999999999999716,-0.14999999999999858,24.8,24.85,24.9,24.95,157.0,147.0,4283.0,31070.0,False,False
2892,2022-11-02 09:33:24.538317,0.002012072434607548,-0.006012024048096087,0.04999999999999716,-0.14999999999999858,24.8,24.85,24.9,24.95,157.0,147.0,4283.0,31070.0,True,True
2892,2022-11-02 09:33:26.305499,0.002012072434607548,-0.006012024048096087,0.04999999999999716,-0.14999999999999858,24.8,24.85,24.9,24.95,157.0,147.0,4283.0,31070.0,False,False
2892,2022-11-02 09:33:41.042575,0.002012072434607548,-0.006012024048096087,0.04999999999999716,-0.14999999999999858,24.8,24.85,24.9,24.95,157.0,147.0,4283.0,31070.0,False,False
2892,2022-11-02 09:33:44.629919,0.002012072434607548,-0.006012024048096087,0.04999999999999716,-0.14999999999999858,24.8,24.85,24.9,24.95,157.0,147.0,4449.0,31070.0,True,True
2892,2022-11-02 09:33:45.742519,0.002012072434607548,-0.006012024048096087,0.04999999999999716,-0.14999999999999858,24.8,24.85,24.9,24.95,157.0,147.0,4449.0,31070.0,False,False
2892,2022-11-02 09:33:46.044651,0.002012072434607548,-0.006012024048096087,0.04999999999999716,-0.14999999999999858,24.8,24.85,24.9,24.95,157.0,247.0,4449.0,31070.0,False,False
2892,2022-11-02 09:33:53.463492,0.002012072434607548,-0.006012024048096087,0.04999999999999716,-0.14999999999999858,24.8,24.85,24.9,24.95,156.0,247.0,4449.0,31070.0,False,False
2892,2022-11-02 09:33:54.684448,0.002012072434607548,-0.006012024048096087,0.04999999999999716,-0.14999999999999858,24.8,24.85,24.9,24.95,156.0,247.0,4449.0,31070.0,True,True
2892,2022-11-02 09:34:00.160210,0.002012072434607548,-0.006012024048096087,0.04999999999999716,-0.14999999999999858,24.8,24.85,24.9,24.95,151.0,242.0,4449.0,31070.0,False,False
2892,2022-11-02 09:34:03.970689,0.002012072434607548,-0.006012024048096087,0.04999999999999716,-0.14999999999999858,24.8,24.85,24.9,24.95,151.0,242.0,4449.0,31070.0,False,True
2892,2022-11-02 09:34:03.977467,0.002012072434607548,-0.006012024048096087,0.04999999999999716,-0.14999999999999858,24.8,24.85,24.9,24.95,151.0,242.0,4449.0,31070.0,False,False
2892,2022-11-02 09:34:04.299688,0.002012072434607548,-0.006012024048096087,0.04999999999999716,-0.14999999999999858,24.8,24.85,24.9,24.95,155.0,242.0,4449.0,31070.0,False,False
2892,2022-11-02 09:34:05.376446,0.002012072434607548,-0.006012024048096087,0.04999999999999716,-0.14999999999999858,24.8,24.85,24.9,24.95,156.0,242.0,4449.0,31070.0,False,False
2892,2022-11-02 09:34:06.759332,0.002012072434607548,-0.006012024048096087,0.04999999999999716,-0.14999999999999858,24.8,24.85,24.9,24.95,156.0,242.0,4449.0,31070.0,False,False
2892,2022-11-02 09:34:14.009653,0.002012072434607548,-0.006012024048096087,0.04999999999999716,-0.14999999999999858,24.8,24.85,24.9,24.95,156.0,242.0,4449.0,31070.0,True,True
2892,2022-11-02 09:34:17.507767,0.002012072434607548,-0.006012024048096087,0.04999999999999716,-0.14999999999999858,24.8,24.85,24.9,24.95,146.0,242.0,4449.0,31070.0,False,False
2892,2022-11-02 09:34:17.528921,0.002012072434607548,-0.008016032064128265,0.04999999999999716,-0.1999999999999993,24.75,24.85,24.9,24.95,112.0,242.0,4449.0,31070.0,False,False
2892,2022-11-02 09:34:17.559281,0.002012072434607548,-0.008016032064128265,0.04999999999999716,-0.1999999999999993,24.75,24.85,24.9,24.95,97.0,242.0,4449.0,31070.0,False,False
2892,2022-11-02 09:34:17.564376,0.002012072434607548,-0.008016032064128265,0.04999999999999716,-0.1999999999999993,24.75,24.85,24.9,24.95,88.0,339.0,4449.0,31070.0,False,False
2892,2022-11-02 09:34:17.642749,0.002012072434607548,-0.008016032064128265,0.04999999999999716,-0.1999999999999993,24.75,24.85,24.9,24.95,88.0,339.0,4449.0,31070.0,False,False
2892,2022-11-02 09:34:18.544490,0.002012072434607548,-0.008016032064128265,0.04999999999999716,-0.1999999999999993,24.75,24.85,24.9,24.95,92.0,339.0,4449.0,31070.0,False,False
2892,2022-11-02 09:34:19.410722,0.002012072434607548,-0.008016032064128265,0.04999999999999716,-0.1999999999999993,24.75,24.85,24.9,24.95,92.0,339.0,4449.0,31070.0,False,False
2892,2022-11-02 09:34:19.412084,0.002012072434607548,-0.008016032064128265,0.04999999999999716,-0.1999999999999993,24.75,24.85,24.9,24.95,92.0,339.0,4449.0,31070.0,False,False
2892,2022-11-02 09:34:19.465796,0.002012072434607548,-0.008016032064128265,0.04999999999999716,-0.1999999999999993,24.75,24.85,24.9,24.95,92.0,339.0,4449.0,31070.0,False,False
2892,2022-11-02 09:34:24.061866,0.002012072434607548,-0.008016032064128265,0.04999999999999716,-0.1999999999999993,24.75,24.85,24.9,24.95,92.0,339.0,4449.0,31070.0,True,True
2892,2022-11-02 09:34:27.572752,0.002012072434607548,-0.008016032064128265,0.04999999999999716,-0.1999999999999993,24.75,24.85,24.9,24.95,92.0,339.0,4449.0,31070.0,False,False
2892,2022-11-02 09:34:27.572769,0.002012072434607548,-0.008016032064128265,0.04999999999999716,-0.1999999999999993,24.75,24.85,24.9,24.95,92.0,339.0,4449.0,31070.0,False,False
2892,2022-11-02 09:34:30.451585,0.002012072434607548,-0.008016032064128265,0.04999999999999716,-0.1999999999999993,24.75,24.85,24.9,24.95,95.0,339.0,4449.0,31070.0,False,False
2892,2022-11-02 09:34:32.041845,0.002012072434607548,-0.008016032064128265,0.04999999999999716,-0.1999999999999993,24.75,24.85,24.9,24.95,85.0,339.0,4449.0,31070.0,False,False
2892,2022-11-02 09:34:33.213013,0.002012072434607548,-0.008016032064128265,0.04999999999999716,-0.1999999999999993,24.75,24.85,24.9,24.95,85.0,339.0,4449.0,31070.0,False,False
2892,2022-11-02 09:34:34.106735,0.002012072434607548,-0.008016032064128265,0.04999999999999716,-0.1999999999999993,24.75,24.85,24.9,24.95,85.0,339.0,4079.0,31070.0,True,True
2892,2022-11-02 09:34:34.529732,0.002012072434607548,-0.006012024048096087,0.04999999999999716,-0.14999999999999858,24.8,24.85,24.9,24.95,1.0,339.0,4079.0,31070.0,False,False
2892,2022-11-02 09:34:34.572204,0.002012072434607548,-0.008016032064128265,0.04999999999999716,-0.1999999999999993,24.75,24.85,24.9,24.95,85.0,339.0,4079.0,31070.0,False,False
2892,2022-11-02 09:34:34.575503,0.002012072434607548,-0.008016032064128265,0.04999999999999716,-0.1999999999999993,24.75,24.85,24.9,24.95,84.0,339.0,4079.0,31070.0,False,False
2892,2022-11-02 09:34:35.552568,0.002012072434607548,-0.008016032064128265,0.04999999999999716,-0.1999999999999993,24.75,24.85,24.9,24.95,85.0,339.0,4079.0,31070.0,False,False
2892,2022-11-02 09:34:35.591162,0.002012072434607548,-0.008016032064128265,0.04999999999999716,-0.1999999999999993,24.75,24.85,24.9,24.95,85.0,339.0,4079.0,31070.0,False,False
2892,2022-11-02 09:34:38.044354,0.002012072434607548,-0.008016032064128265,0.04999999999999716,-0.1999999999999993,24.75,24.85,24.9,24.95,85.0,337.0,4079.0,31070.0,False,False
2892,2022-11-02 09:34:40.585522,0.002012072434607548,-0.008016032064128265,0.04999999999999716,-0.1999999999999993,24.75,24.85,24.9,24.95,85.0,337.0,4079.0,31070.0,False,False
2892,2022-11-02 09:34:40.586088,0.002012072434607548,-0.008016032064128265,0.04999999999999716,-0.1999999999999993,24.75,24.85,24.9,24.95,85.0,337.0,4079.0,31070.0,False,False
2892,2022-11-02 09:34:44.151643,0.002012072434607548,-0.008016032064128265,0.04999999999999716,-0.1999999999999993,24.75,24.85,24.9,24.95,85.0,337.0,3479.0,31070.0,True,True
2892,2022-11-02 09:34:46.109292,0.002012072434607548,-0.008016032064128265,0.04999999999999716,-0.1999999999999993,24.75,24.85,24.9,24.95,90.0,337.0,3479.0,31070.0,False,False
2892,2022-11-02 09:34:48.916533,0.002012072434607548,-0.006012024048096087,0.04999999999999716,-0.14999999999999858,24.8,24.85,24.9,24.95,2.0,337.0,3479.0,31070.0,False,False
2892,2022-11-02 09:34:48.949040,0.002012072434607548,-0.006012024048096087,0.04999999999999716,-0.14999999999999858,24.8,24.85,24.9,24.95,2.0,337.0,3479.0,31070.0,False,False
2892,2022-11-02 09:34:49.104965,0.002012072434607548,-0.006012024048096087,0.04999999999999716,-0.14999999999999858,24.8,24.85,24.9,24.95,12.0,337.0,3479.0,31070.0,False,False
2892,2022-11-02 09:34:49.150890,0.002012072434607548,-0.006012024048096087,0.04999999999999716,-0.14999999999999858,24.8,24.85,24.9,24.95,8.0,337.0,3479.0,31070.0,False,False
2892,2022-11-02 09:34:49.390407,0.002012072434607548,-0.006012024048096087,0.04999999999999716,-0.14999999999999858,24.8,24.85,24.9,24.95,6.0,337.0,3479.0,31070.0,False,False
2892,2022-11-02 09:34:49.619752,0.002012072434607548,-0.006012024048096087,0.04999999999999716,-0.14999999999999858,24.8,24.85,24.9,24.95,6.0,337.0,3479.0,31070.0,False,False
2892,2022-11-02 09:34:49.663940,0.002012072434607548,-0.006012024048096087,0.04999999999999716,-0.14999999999999858,24.8,24.85,24.9,24.95,10.0,337.0,3479.0,31070.0,False,False
2892,2022-11-02 09:34:50.547733,0.002012072434607548,-0.008016032064128265,0.04999999999999716,-0.1999999999999993,24.75,24.85,24.9,24.95,86.0,337.0,3479.0,31070.0,False,False
2892,2022-11-02 09:34:54.189757,0.002012072434607548,-0.008016032064128265,0.04999999999999716,-0.1999999999999993,24.75,24.85,24.9,24.95,86.0,337.0,4379.0,31070.0,True,True
2892,2022-11-02 09:34:55.714964,0.002012072434607548,-0.006012024048096087,0.04999999999999716,-0.14999999999999858,24.8,24.85,24.9,24.95,1.0,337.0,4379.0,31070.0,False,False
2892,2022-11-02 09:34:57.503380,0.002012072434607548,-0.006012024048096087,0.04999999999999716,-0.14999999999999858,24.8,24.85,24.9,24.95,1.0,340.0,4379.0,31070.0,False,False
2892,2022-11-02 09:34:58.015350,0.002012072434607548,-0.006012024048096087,0.04999999999999716,-0.14999999999999858,24.8,24.85,24.9,24.95,1.0,340.0,4379.0,31070.0,False,False
2892,2022-11-02 09:34:59.935877,0.002012072434607548,-0.006012024048096087,0.04999999999999716,-0.14999999999999858,24.8,24.85,24.9,24.95,1.0,340.0,4379.0,31070.0,False,False
2892,2022-11-02 09:35:00.436864,0.002012072434607548,-0.008016032064128265,0.04999999999999716,-0.1999999999999993,24.75,24.85,24.9,24.95,87.0,340.0,4379.0,31070.0,False,False
2892,2022-11-02 09:35:02.133169,0.002012072434607548,-0.008016032064128265,0.04999999999999716,-0.1999999999999993,24.75,24.85,24.9,24.95,89.0,340.0,4379.0,31070.0,False,False
2892,2022-11-02 09:35:02.165346,0.002012072434607548,-0.008016032064128265,0.04999999999999716,-0.1999999999999993,24.75,24.85,24.9,24.95,89.0,340.0,4379.0,31070.0,False,False
2892,2022-11-02 09:35:02.711355,0.002012072434607548,-0.008016032064128265,0.04999999999999716,-0.1999999999999993,24.75,24.85,24.9,24.95,89.0,340.0,4379.0,31070.0,False,False
2892,2022-11-02 09:35:03.261897,0.002012072434607548,-0.008016032064128265,0.04999999999999716,-0.1999999999999993,24.75,24.85,24.9,24.95,91.0,340.0,4379.0,31070.0,False,False
2892,2022-11-02 09:35:04.216179,0.002012072434607548,-0.008016032064128265,0.04999999999999716,-0.1999999999999993,24.75,24.85,24.9,24.95,91.0,340.0,3577.0,31070.0,True,True
2892,2022-11-02 09:35:07.207619,0.002012072434607548,-0.008016032064128265,0.04999999999999716,-0.1999999999999993,24.75,24.85,24.9,24.95,91.0,340.0,3577.0,31070.0,False,False
2892,2022-11-02 09:35:14.382121,0.002012072434607548,-0.008016032064128265,0.04999999999999716,-0.1999999999999993,24.75,24.85,24.9,24.95,91.0,340.0,3394.0,31070.0,True,True
2892,2022-11-02 09:35:20.244870,0.002012072434607548,-0.008016032064128265,0.04999999999999716,-0.1999999999999993,24.75,24.85,24.9,24.95,91.0,367.0,3394.0,31070.0,False,False
2892,2022-11-02 09:35:22.758520,0.002012072434607548,-0.006012024048096087,0.04999999999999716,-0.14999999999999858,24.8,24.85,24.9,24.95,1.0,367.0,3394.0,31070.0,False,False
2892,2022-11-02 09:35:22.788462,0.002012072434607548,-0.006012024048096087,0.04999999999999716,-0.14999999999999858,24.8,24.85,24.9,24.95,1.0,367.0,3394.0,31070.0,False,False
2892,2022-11-02 09:35:23.012051,0.002012072434607548,-0.006012024048096087,0.04999999999999716,-0.14999999999999858,24.8,24.85,24.9,24.95,1.0,367.0,3394.0,31070.0,False,False
2892,2022-11-02 09:35:23.616881,0.002012072434607548,-0.006012024048096087,0.04999999999999716,-0.14999999999999858,24.8,24.85,24.9,24.95,1.0,367.0,3394.0,31070.0,False,False
2892,2022-11-02 09:35:24.554710,0.002012072434607548,-0.006012024048096087,0.04999999999999716,-0.14999999999999858,24.8,24.85,24.9,24.95,1.0,367.0,3394.0,31070.0,False,False
2892,2022-11-02 09:35:24.580204,0.002012072434607548,-0.006012024048096087,0.04999999999999716,-0.14999999999999858,24.8,24.85,24.9,24.95,1.0,367.0,3194.0,31070.0,True,True
2892,2022-11-02 09:35:24.557385,0.002012072434607548,-0.006012024048096087,0.04999999999999716,-0.14999999999999858,24.8,24.85,24.9,24.95,3.0,367.0,3194.0,31070.0,False,False
2892,2022-11-02 09:35:25.046266,0.002012072434607548,-0.006012024048096087,0.04999999999999716,-0.14999999999999858,24.8,24.85,24.9,24.95,4.0,367.0,3194.0,31070.0,False,False
2892,2022-11-02 09:35:25.273349,0.002012072434607548,-0.006012024048096087,0.04999999999999716,-0.14999999999999858,24.8,24.85,24.9,24.95,1.0,367.0,3194.0,31070.0,False,False
2892,2022-11-02 09:35:28.667533,0.002012072434607548,-0.006012024048096087,0.04999999999999716,-0.14999999999999858,24.8,24.85,24.9,24.95,2.0,367.0,3194.0,31070.0,False,False
2892,2022-11-02 09:35:30.470584,0.002012072434607548,-0.008016032064128265,0.04999999999999716,-0.1999999999999993,24.75,24.85,24.9,24.95,89.0,367.0,3194.0,31070.0,False,False
2892,2022-11-02 09:35:34.597192,0.002012072434607548,-0.008016032064128265,0.04999999999999716,-0.1999999999999993,24.75,24.85,24.9,24.95,89.0,367.0,2394.0,31070.0,True,True
2892,2022-11-02 09:35:39.408374,0.002012072434607548,-0.008016032064128265,0.04999999999999716,-0.1999999999999993,24.75,24.85,24.9,24.95,89.0,367.0,2394.0,31070.0,False,False
2892,2022-11-02 09:35:39.438737,0.002012072434607548,-0.008016032064128265,0.04999999999999716,-0.1999999999999993,24.75,24.85,24.9,24.95,89.0,367.0,2394.0,31070.0,False,False
2892,2022-11-02 09:35:40.522831,0.002012072434607548,-0.008016032064128265,0.04999999999999716,-0.1999999999999993,24.75,24.85,24.9,24.95,89.0,367.0,2394.0,31070.0,False,False
2892,2022-11-02 09:35:44.626074,0.002012072434607548,-0.008016032064128265,0.04999999999999716,-0.1999999999999993,24.75,24.85,24.9,24.95,89.0,367.0,2334.0,31070.0,True,True
2892,2022-11-02 09:35:54.657088,0.002012072434607548,-0.008016032064128265,0.04999999999999716,-0.1999999999999993,24.75,24.85,24.9,24.95,89.0,367.0,2342.0,31070.0,True,True
2892,2022-11-02 09:35:56.116084,0.002012072434607548,-0.008016032064128265,0.04999999999999716,-0.1999999999999993,24.75,24.85,24.9,24.95,89.0,363.0,2342.0,31070.0,False,False
2892,2022-11-02 09:35:56.116451,0.002012072434607548,-0.008016032064128265,0.04999999999999716,-0.1999999999999993,24.75,24.85,24.9,24.95,89.0,360.0,2342.0,31070.0,False,False
2892,2022-11-02 09:35:59.821660,0.002012072434607548,-0.008016032064128265,0.04999999999999716,-0.1999999999999993,24.75,24.85,24.9,24.95,89.0,360.0,2342.0,31070.0,False,False
2892,2022-11-02 09:36:04.329631,0.002012072434607548,-0.008016032064128265,0.04999999999999716,-0.1999999999999993,24.75,24.85,24.9,24.95,89.0,360.0,2342.0,31070.0,False,False
2892,2022-11-02 09:36:05.071740,0.002012072434607548,-0.008016032064128265,0.04999999999999716,-0.1999999999999993,24.75,24.85,24.9,24.95,89.0,360.0,2342.0,31070.0,False,False
2892,2022-11-02 09:36:07.255951,0.002012072434607548,-0.008016032064128265,0.04999999999999716,-0.1999999999999993,24.75,24.85,24.9,24.95,89.0,360.0,2342.0,31070.0,False,False
2892,2022-11-02 09:36:11.398258,0.002012072434607548,-0.008016032064128265,0.04999999999999716,-0.1999999999999993,24.75,24.85,24.9,24.95,89.0,360.0,2342.0,31070.0,False,False
2892,2022-11-02 09:36:12.636792,0.002012072434607548,-0.008016032064128265,0.04999999999999716,-0.1999999999999993,24.75,24.85,24.9,24.95,89.0,358.0,2342.0,31070.0,False,False
2892,2022-11-02 09:36:13.942329,0.002012072434607548,-0.008016032064128265,0.04999999999999716,-0.1999999999999993,24.75,24.85,24.9,24.95,89.0,358.0,2342.0,31070.0,False,False
2892,2022-11-02 09:36:14.713581,0.002012072434607548,-0.008016032064128265,0.04999999999999716,-0.1999999999999993,24.75,24.85,24.9,24.95,89.0,358.0,2242.0,31070.0,True,True
2892,2022-11-02 09:36:18.834183,0.002012072434607548,-0.008016032064128265,0.04999999999999716,-0.1999999999999993,24.75,24.85,24.9,24.95,89.0,358.0,2242.0,31070.0,False,False
2892,2022-11-02 09:36:19.145963,0.002012072434607548,-0.006012024048096087,0.04999999999999716,-0.14999999999999858,24.8,24.85,24.9,24.95,1.0,358.0,2242.0,31070.0,False,False
2892,2022-11-02 09:36:19.185484,0.002012072434607548,-0.006012024048096087,0.04999999999999716,-0.14999999999999858,24.8,24.85,24.9,24.95,1.0,358.0,2242.0,31070.0,False,False
2892,2022-11-02 09:36:19.324666,0.002012072434607548,-0.006012024048096087,0.04999999999999716,-0.14999999999999858,24.8,24.85,24.9,24.95,1.0,358.0,2242.0,31070.0,False,False
2892,2022-11-02 09:36:20.204974,0.002012072434607548,-0.008016032064128265,0.04999999999999716,-0.1999999999999993,24.75,24.85,24.9,24.95,89.0,358.0,2242.0,31070.0,False,False
2892,2022-11-02 09:36:27.346110,0.002012072434607548,-0.006012024048096087,0.04999999999999716,-0.14999999999999858,24.8,24.85,24.9,24.95,1.0,358.0,2242.0,31070.0,False,False
2892,2022-11-02 09:36:29.224400,0.002012072434607548,-0.008016032064128265,0.04999999999999716,-0.1999999999999993,24.75,24.85,24.9,24.95,89.0,358.0,2242.0,31070.0,False,False
2892,2022-11-02 09:36:29.786565,0.002012072434607548,-0.008016032064128265,0.04999999999999716,-0.1999999999999993,24.75,24.85,24.9,24.95,94.0,358.0,2242.0,31070.0,False,False
2892,2022-11-02 09:36:29.808909,0.002012072434607548,-0.008016032064128265,0.04999999999999716,-0.1999999999999993,24.75,24.85,24.9,24.95,94.0,358.0,2242.0,31070.0,False,False
2892,2022-11-02 09:36:34.741700,0.002012072434607548,-0.008016032064128265,0.04999999999999716,-0.1999999999999993,24.75,24.85,24.9,24.95,94.0,358.0,2242.0,31070.0,False,False
2892,2022-11-02 09:36:34.778050,0.002012072434607548,-0.008016032064128265,0.04999999999999716,-0.1999999999999993,24.75,24.85,24.9,24.95,94.0,358.0,2042.0,31160.0,True,True
2892,2022-11-02 09:36:35.889631,0.002012072434607548,-0.008016032064128265,0.04999999999999716,-0.1999999999999993,24.75,24.85,24.9,24.95,94.0,358.0,2042.0,31160.0,False,False
2892,2022-11-02 09:36:44.820139,0.002012072434607548,-0.008016032064128265,0.04999999999999716,-0.1999999999999993,24.75,24.85,24.9,24.95,94.0,358.0,1242.0,31160.0,True,True
2892,2022-11-02 09:36:49.610331,0.002012072434607548,-0.008016032064128265,0.04999999999999716,-0.1999999999999993,24.75,24.85,24.9,24.95,94.0,358.0,1242.0,31160.0,False,False
2892,2022-11-02 09:36:54.835616,0.002012072434607548,-0.008016032064128265,0.04999999999999716,-0.1999999999999993,24.75,24.85,24.9,24.95,94.0,356.0,1242.0,31160.0,False,False
2892,2022-11-02 09:36:54.849137,0.002012072434607548,-0.008016032064128265,0.04999999999999716,-0.1999999999999993,24.75,24.85,24.9,24.95,94.0,356.0,1242.0,31160.0,True,True
2892,2022-11-02 09:36:58.120597,0.002012072434607548,-0.008016032064128265,0.04999999999999716,-0.1999999999999993,24.75,24.85,24.9,24.95,94.0,356.0,1242.0,31160.0,False,False
2892,2022-11-02 09:37:01.516462,0.002012072434607548,-0.008016032064128265,0.04999999999999716,-0.1999999999999993,24.75,24.85,24.9,24.95,94.0,356.0,1242.0,31160.0,False,False
2892,2022-11-02 09:37:04.077819,0.002012072434607548,-0.008016032064128265,0.04999999999999716,-0.1999999999999993,24.75,24.85,24.9,24.95,94.0,356.0,1242.0,31160.0,False,True
2892,2022-11-02 09:37:06.603458,0.002012072434607548,-0.006012024048096087,0.04999999999999716,-0.14999999999999858,24.8,24.85,24.9,24.95,3.0,356.0,1242.0,31160.0,False,False
2892,2022-11-02 09:37:06.631281,0.002012072434607548,-0.006012024048096087,0.04999999999999716,-0.14999999999999858,24.8,24.85,24.9,24.95,3.0,332.0,1242.0,31160.0,False,False
2892,2022-11-02 09:37:07.219350,0.002012072434607548,-0.008016032064128265,0.04999999999999716,-0.1999999999999993,24.75,24.85,24.9,24.95,94.0,332.0,1242.0,31160.0,False,False
2892,2022-11-02 09:37:08.250395,0.002012072434607548,-0.008016032064128265,0.04999999999999716,-0.1999999999999993,24.75,24.85,24.9,24.95,95.0,332.0,1242.0,31160.0,False,False
2892,2022-11-02 09:37:08.276796,0.002012072434607548,-0.008016032064128265,0.04999999999999716,-0.1999999999999993,24.75,24.85,24.9,24.95,95.0,332.0,1242.0,31160.0,False,False
2892,2022-11-02 09:37:08.309495,0.002012072434607548,-0.008016032064128265,0.04999999999999716,-0.1999999999999993,24.75,24.85,24.9,24.95,96.0,332.0,1242.0,31160.0,False,False
2892,2022-11-02 09:37:09.954669,0.002012072434607548,-0.008016032064128265,0.04999999999999716,-0.1999999999999993,24.75,24.85,24.9,24.95,96.0,332.0,1242.0,31160.0,False,False
2892,2022-11-02 09:37:14.116113,0.002012072434607548,-0.008016032064128265,0.04999999999999716,-0.1999999999999993,24.75,24.85,24.9,24.95,96.0,332.0,1242.0,31160.0,True,True
2892,2022-11-02 09:37:23.889467,0.002012072434607548,-0.006012024048096087,0.04999999999999716,-0.14999999999999858,24.8,24.85,24.9,24.95,1.0,332.0,1242.0,31160.0,False,False
2892,2022-11-02 09:37:23.918261,0.002012072434607548,-0.008016032064128265,0.04999999999999716,-0.1999999999999993,24.75,24.85,24.9,24.95,96.0,332.0,1242.0,31160.0,False,False
2892,2022-11-02 09:37:23.975561,0.004032258064516014,-0.008016032064128265,0.09999999999999787,-0.1999999999999993,24.75,24.8,24.9,24.95,96.0,1.0,1242.0,31160.0,False,False
2892,2022-11-02 09:37:24.158491,0.004032258064516014,-0.008016032064128265,0.09999999999999787,-0.1999999999999993,24.75,24.8,24.9,24.95,96.0,1.0,94.0,31160.0,True,True
2892,2022-11-02 09:37:25.733724,0.002012072434607548,-0.008016032064128265,0.04999999999999716,-0.1999999999999993,24.75,24.85,24.9,24.95,96.0,332.0,94.0,31160.0,False,False
2892,2022-11-02 09:37:25.763544,0.002012072434607548,-0.008016032064128265,0.04999999999999716,-0.1999999999999993,24.75,24.85,24.9,24.95,96.0,356.0,94.0,31160.0,False,False
2892,2022-11-02 09:37:25.825969,0.002012072434607548,-0.008016032064128265,0.04999999999999716,-0.1999999999999993,24.75,24.85,24.9,24.95,96.0,356.0,94.0,31160.0,False,False
2892,2022-11-02 09:37:33.973149,0.002012072434607548,-0.008016032064128265,0.04999999999999716,-0.1999999999999993,24.75,24.85,24.9,24.95,96.0,356.0,94.0,31160.0,False,False
2892,2022-11-02 09:37:33.973169,0.002012072434607548,-0.008016032064128265,0.04999999999999716,-0.1999999999999993,24.75,24.85,24.9,24.95,96.0,356.0,94.0,31160.0,False,False
2892,2022-11-02 09:37:34.188613,0.0,-0.0060240963855421326,0.0,-0.14999999999999858,24.75,24.85,24.85,24.9,96.0,356.0,3671.0,506.0,True,True
2892,2022-11-02 09:37:37.609147,0.0,-0.0060240963855421326,0.0,-0.14999999999999858,24.75,24.85,24.85,24.9,95.0,356.0,3671.0,506.0,False,False
2892,2022-11-02 09:37:44.219792,0.0,-0.0060240963855421326,0.0,-0.14999999999999858,24.75,24.85,24.85,24.9,95.0,356.0,3671.0,706.0,True,True
2892,2022-11-02 09:37:49.901560,0.0,-0.0060240963855421326,0.0,-0.14999999999999858,24.75,24.85,24.85,24.9,95.0,356.0,3671.0,706.0,False,False
2892,2022-11-02 09:37:52.182693,0.0,-0.0060240963855421326,0.0,-0.14999999999999858,24.75,24.85,24.85,24.9,95.0,356.0,3671.0,706.0,False,False
2892,2022-11-02 09:37:55.295160,0.0,-0.0060240963855421326,0.0,-0.14999999999999858,24.75,24.85,24.85,24.9,95.0,356.0,3671.0,706.0,False,False
2892,2022-11-02 09:38:00.524545,0.0,-0.0060240963855421326,0.0,-0.14999999999999858,24.75,24.85,24.85,24.9,95.0,356.0,3671.0,706.0,False,False
2892,2022-11-02 09:38:00.626606,0.0,-0.0060240963855421326,0.0,-0.14999999999999858,24.75,24.85,24.85,24.9,95.0,356.0,3671.0,706.0,False,False
2892,2022-11-02 09:38:04.285110,0.0,-0.0060240963855421326,0.0,-0.14999999999999858,24.75,24.85,24.85,24.9,95.0,356.0,3171.0,706.0,True,True
2892,2022-11-02 09:38:10.689260,0.0,-0.0060240963855421326,0.0,-0.14999999999999858,24.75,24.85,24.85,24.9,95.0,356.0,3171.0,706.0,False,False
2892,2022-11-02 09:38:14.110964,0.0,-0.0060240963855421326,0.0,-0.14999999999999858,24.75,24.85,24.85,24.9,95.0,356.0,3171.0,706.0,False,False
2892,2022-11-02 09:38:14.331702,0.0,-0.0060240963855421326,0.0,-0.14999999999999858,24.75,24.85,24.85,24.9,95.0,356.0,3171.0,706.0,True,True
2892,2022-11-02 09:38:17.368950,0.0,-0.0060240963855421326,0.0,-0.14999999999999858,24.75,24.85,24.85,24.9,95.0,356.0,3171.0,706.0,False,False
2892,2022-11-02 09:38:17.879768,0.0,-0.0060240963855421326,0.0,-0.14999999999999858,24.75,24.85,24.85,24.9,95.0,356.0,3171.0,706.0,False,False
2892,2022-11-02 09:38:17.932960,0.0,-0.0060240963855421326,0.0,-0.14999999999999858,24.75,24.85,24.85,24.9,96.0,356.0,3171.0,706.0,False,False
2892,2022-11-02 09:38:24.361783,0.0,-0.0060240963855421326,0.0,-0.14999999999999858,24.75,24.85,24.85,24.9,96.0,356.0,3171.0,701.0,True,True
2892,2022-11-02 09:38:25.838343,0.0,-0.0060240963855421326,0.0,-0.14999999999999858,24.75,24.85,24.85,24.9,96.0,356.0,3171.0,701.0,False,False
2892,2022-11-02 09:38:28.550883,0.0,-0.0060240963855421326,0.0,-0.14999999999999858,24.75,24.85,24.85,24.9,97.0,356.0,3171.0,701.0,False,False
2892,2022-11-02 09:38:28.680057,0.0,-0.0060240963855421326,0.0,-0.14999999999999858,24.75,24.85,24.85,24.9,97.0,351.0,3171.0,701.0,False,False
2892,2022-11-02 09:38:30.827543,0.0,-0.0060240963855421326,0.0,-0.14999999999999858,24.75,24.85,24.85,24.9,96.0,351.0,3171.0,701.0,False,False
2892,2022-11-02 09:38:33.997007,0.0,-0.0060240963855421326,0.0,-0.14999999999999858,24.75,24.85,24.85,24.9,96.0,351.0,3171.0,701.0,False,False
2892,2022-11-02 09:38:34.391866,0.0,-0.0060240963855421326,0.0,-0.14999999999999858,24.75,24.85,24.85,24.9,96.0,351.0,3171.0,1201.0,True,True
2892,2022-11-02 09:38:40.681411,0.0,-0.0060240963855421326,0.0,-0.14999999999999858,24.75,24.85,24.85,24.9,96.0,351.0,3171.0,1201.0,False,False
2892,2022-11-02 09:38:44.418918,0.0,-0.0060240963855421326,0.0,-0.14999999999999858,24.75,24.85,24.85,24.9,96.0,351.0,3171.0,1806.0,True,True
2892,2022-11-02 09:38:48.616131,0.0,-0.0060240963855421326,0.0,-0.14999999999999858,24.75,24.85,24.85,24.9,97.0,351.0,3171.0,1806.0,False,False
2892,2022-11-02 09:38:48.620201,0.0,-0.0060240963855421326,0.0,-0.14999999999999858,24.75,24.85,24.85,24.9,97.0,351.0,3171.0,1806.0,False,False
2892,2022-11-02 09:38:50.174570,0.0,-0.0060240963855421326,0.0,-0.14999999999999858,24.75,24.85,24.85,24.9,97.0,351.0,3171.0,1806.0,False,False
2892,2022-11-02 09:38:52.902485,0.0,-0.0060240963855421326,0.0,-0.14999999999999858,24.75,24.85,24.85,24.9,97.0,346.0,3171.0,1806.0,False,False
2892,2022-11-02 09:38:54.449573,0.0,-0.0060240963855421326,0.0,-0.14999999999999858,24.75,24.85,24.85,24.9,97.0,346.0,3171.0,2726.0,True,True
2892,2022-11-02 09:39:02.307500,0.0,-0.0060240963855421326,0.0,-0.14999999999999858,24.75,24.85,24.85,24.9,97.0,346.0,3171.0,2726.0,False,False
2892,2022-11-02 09:39:04.480171,0.0,-0.0060240963855421326,0.0,-0.14999999999999858,24.75,24.85,24.85,24.9,97.0,346.0,3221.0,2726.0,True,True
2892,2022-11-02 09:39:11.765148,0.0,-0.0060240963855421326,0.0,-0.14999999999999858,24.75,24.85,24.85,24.9,97.0,344.0,3221.0,2726.0,False,False
2892,2022-11-02 09:39:12.744472,0.0,-0.0060240963855421326,0.0,-0.14999999999999858,24.75,24.85,24.85,24.9,97.0,344.0,3221.0,2726.0,False,False
2892,2022-11-02 09:39:14.282635,0.0,-0.0060240963855421326,0.0,-0.14999999999999858,24.75,24.85,24.85,24.9,100.0,344.0,3221.0,2726.0,False,False
2892,2022-11-02 09:39:14.513187,0.0,-0.0060240963855421326,0.0,-0.14999999999999858,24.75,24.85,24.85,24.9,100.0,344.0,3221.0,2726.0,True,True
2892,2022-11-02 09:39:17.044285,0.0,-0.0060240963855421326,0.0,-0.14999999999999858,24.75,24.85,24.85,24.9,117.0,344.0,3221.0,2726.0,False,False
2892,2022-11-02 09:39:17.153294,0.0,-0.0060240963855421326,0.0,-0.14999999999999858,24.75,24.85,24.85,24.9,117.0,271.0,3221.0,2726.0,False,False
2892,2022-11-02 09:39:17.181154,0.0,-0.0060240963855421326,0.0,-0.14999999999999858,24.75,24.85,24.85,24.9,142.0,247.0,3221.0,2726.0,False,False
2892,2022-11-02 09:39:17.969878,0.0,-0.0060240963855421326,0.0,-0.14999999999999858,24.75,24.85,24.85,24.9,146.0,247.0,3221.0,2726.0,False,False
2892,2022-11-02 09:39:19.386545,0.0,-0.004016064257028051,0.0,-0.09999999999999787,24.8,24.85,24.85,24.9,1.0,247.0,3221.0,2726.0,False,False
2892,2022-11-02 09:39:19.420500,0.0,-0.004016064257028051,0.0,-0.09999999999999787,24.8,24.85,24.85,24.9,1.0,247.0,3221.0,2726.0,False,False
2892,2022-11-02 09:39:20.145103,0.0,-0.0060240963855421326,0.0,-0.14999999999999858,24.75,24.85,24.85,24.9,146.0,247.0,3221.0,2726.0,False,False
2892,2022-11-02 09:39:24.543713,0.0,-0.0060240963855421326,0.0,-0.14999999999999858,24.75,24.85,24.85,24.9,146.0,247.0,3221.0,2726.0,True,True
2892,2022-11-02 09:39:24.840442,0.0,-0.0060240963855421326,0.0,-0.14999999999999858,24.75,24.85,24.85,24.9,146.0,247.0,3221.0,2726.0,False,False
2892,2022-11-02 09:39:24.872555,0.0,-0.0060240963855421326,0.0,-0.14999999999999858,24.75,24.85,24.85,24.9,146.0,247.0,3221.0,2726.0,False,False
2892,2022-11-02 09:39:30.163970,0.0,-0.0060240963855421326,0.0,-0.14999999999999858,24.75,24.85,24.85,24.9,146.0,250.0,3221.0,2726.0,False,False
2892,2022-11-02 09:39:30.194817,0.0,-0.0060240963855421326,0.0,-0.14999999999999858,24.75,24.85,24.85,24.9,147.0,250.0,3221.0,2726.0,False,False
2892,2022-11-02 09:39:34.574668,0.0,-0.0060240963855421326,0.0,-0.14999999999999858,24.75,24.85,24.85,24.9,147.0,250.0,3221.0,2709.0,True,True
2892,2022-11-02 09:39:34.671881,0.0,-0.0060240963855421326,0.0,-0.14999999999999858,24.75,24.85,24.85,24.9,147.0,250.0,3221.0,2709.0,False,False
2892,2022-11-02 09:39:45.641002,0.0,-0.0060240963855421326,0.0,-0.14999999999999858,24.75,24.85,24.85,24.9,147.0,250.0,3221.0,2709.0,False,False
2892,2022-11-02 09:39:47.081093,0.0,-0.004016064257028051,0.0,-0.09999999999999787,24.8,24.85,24.85,24.9,1.0,250.0,3221.0,2709.0,False,False
2892,2022-11-02 09:39:47.119843,0.0,-0.004016064257028051,0.0,-0.09999999999999787,24.8,24.85,24.85,24.9,2.0,250.0,3221.0,2709.0,False,False
2892,2022-11-02 09:39:49.101476,0.0,-0.0060240963855421326,0.0,-0.14999999999999858,24.75,24.85,24.85,24.9,146.0,250.0,3221.0,2709.0,False,False
2892,2022-11-02 09:39:49.151124,0.0,-0.0060240963855421326,0.0,-0.14999999999999858,24.75,24.85,24.85,24.9,146.0,250.0,3221.0,2709.0,False,False
2892,2022-11-02 09:39:49.177794,0.0,-0.0060240963855421326,0.0,-0.14999999999999858,24.75,24.85,24.85,24.9,146.0,250.0,3221.0,2709.0,False,False
2892,2022-11-02 09:39:54.651243,0.0,-0.0060240963855421326,0.0,-0.14999999999999858,24.75,24.85,24.85,24.9,146.0,250.0,3221.0,2709.0,True,True
2892,2022-11-02 09:39:56.550044,0.0,-0.0060240963855421326,0.0,-0.14999999999999858,24.75,24.85,24.85,24.9,146.0,250.0,3221.0,2709.0,False,False
2892,2022-11-02 09:39:57.344001,0.0,-0.004016064257028051,0.0,-0.09999999999999787,24.8,24.85,24.85,24.9,5.0,250.0,3221.0,2709.0,False,False
2892,2022-11-02 09:39:57.376075,0.0,-0.004016064257028051,0.0,-0.09999999999999787,24.8,24.85,24.85,24.9,5.0,250.0,3221.0,2709.0,False,False
2892,2022-11-02 09:40:02.402438,0.0,-0.004016064257028051,0.0,-0.09999999999999787,24.8,24.85,24.85,24.9,5.0,250.0,3221.0,2709.0,False,False
2892,2022-11-02 09:40:02.721296,0.0,-0.004016064257028051,0.0,-0.09999999999999787,24.8,24.85,24.85,24.9,6.0,250.0,3221.0,2709.0,False,False
2892,2022-11-02 09:40:04.106345,0.0,-0.004016064257028051,0.0,-0.09999999999999787,24.8,24.85,24.85,24.9,6.0,250.0,3221.0,1709.0,False,True
2892,2022-11-02 09:40:09.562568,0.0,-0.004016064257028051,0.0,-0.09999999999999787,24.8,24.85,24.85,24.9,6.0,250.0,3221.0,1709.0,False,False
2892,2022-11-02 09:40:09.601370,0.0,-0.004016064257028051,0.0,-0.09999999999999787,24.8,24.85,24.85,24.9,23.0,250.0,3221.0,1709.0,False,False
2892,2022-11-02 09:40:09.732694,0.0,-0.004016064257028051,0.0,-0.09999999999999787,24.8,24.85,24.85,24.9,23.0,250.0,3221.0,1709.0,False,False
2892,2022-11-02 09:40:12.822300,0.0,-0.004016064257028051,0.0,-0.09999999999999787,24.8,24.85,24.85,24.9,22.0,250.0,3221.0,1709.0,False,False
2892,2022-11-02 09:40:14.379293,0.0,-0.004016064257028051,0.0,-0.09999999999999787,24.8,24.85,24.85,24.9,22.0,250.0,3221.0,1709.0,False,False
2892,2022-11-02 09:40:19.524301,0.0,-0.004016064257028051,0.0,-0.09999999999999787,24.8,24.85,24.85,24.9,22.0,250.0,3221.0,1709.0,False,False
2892,2022-11-02 09:40:23.190653,0.0,-0.004016064257028051,0.0,-0.09999999999999787,24.8,24.85,24.85,24.9,22.0,250.0,3221.0,1709.0,False,False
2892,2022-11-02 09:40:23.193106,0.0,-0.004016064257028051,0.0,-0.09999999999999787,24.8,24.85,24.85,24.9,41.0,250.0,3221.0,1709.0,False,False
2892,2022-11-02 09:40:23.858957,0.0,-0.004016064257028051,0.0,-0.09999999999999787,24.8,24.85,24.85,24.9,41.0,250.0,3221.0,1709.0,False,False
2892,2022-11-02 09:40:24.333729,0.0,-0.004016064257028051,0.0,-0.09999999999999787,24.8,24.85,24.85,24.9,41.0,250.0,3221.0,1709.0,False,False
2892,2022-11-02 09:40:28.449529,0.0,-0.004016064257028051,0.0,-0.09999999999999787,24.8,24.85,24.85,24.9,44.0,250.0,3221.0,1709.0,False,False
2892,2022-11-02 09:40:31.502476,0.0,-0.004016064257028051,0.0,-0.09999999999999787,24.8,24.85,24.85,24.9,47.0,250.0,3221.0,1709.0,False,False
2892,2022-11-02 09:40:34.543638,0.0,-0.004016064257028051,0.0,-0.09999999999999787,24.8,24.85,24.85,24.9,47.0,250.0,3221.0,1709.0,False,False
2892,2022-11-02 09:40:35.146282,0.0,-0.004016064257028051,0.0,-0.09999999999999787,24.8,24.85,24.85,24.9,47.0,250.0,3221.0,1709.0,False,False
2892,2022-11-02 09:40:35.146394,0.0,-0.004016064257028051,0.0,-0.09999999999999787,24.8,24.85,24.85,24.9,47.0,250.0,3221.0,1709.0,False,False
2892,2022-11-02 09:40:36.375598,0.0,-0.004016064257028051,0.0,-0.09999999999999787,24.8,24.85,24.85,24.9,47.0,250.0,3221.0,1709.0,False,False
2892,2022-11-02 09:40:37.414774,0.0,-0.004016064257028051,0.0,-0.09999999999999787,24.8,24.85,24.85,24.9,51.0,250.0,3221.0,1709.0,False,False
2892,2022-11-02 09:40:41.034383,0.0,-0.004016064257028051,0.0,-0.09999999999999787,24.8,24.85,24.85,24.9,52.0,250.0,3221.0,1709.0,False,False
2892,2022-11-02 09:40:42.315693,0.0,-0.004016064257028051,0.0,-0.09999999999999787,24.8,24.85,24.85,24.9,52.0,250.0,3221.0,1709.0,False,False
2892,2022-11-02 09:40:44.411308,0.0,-0.004016064257028051,0.0,-0.09999999999999787,24.8,24.85,24.85,24.9,52.0,250.0,3221.0,1709.0,True,True
2892,2022-11-02 09:40:45.240255,0.0,-0.004016064257028051,0.0,-0.09999999999999787,24.8,24.85,24.85,24.9,52.0,250.0,3221.0,1709.0,False,False
2892,2022-11-02 09:40:54.464774,0.0,-0.004016064257028051,0.0,-0.09999999999999787,24.8,24.85,24.85,24.9,52.0,250.0,3251.0,1709.0,True,True
2892,2022-11-02 09:40:55.045053,0.0,-0.004016064257028051,0.0,-0.09999999999999787,24.8,24.85,24.85,24.9,53.0,250.0,3251.0,1709.0,False,False
2892,2022-11-02 09:40:59.766254,0.0,-0.004016064257028051,0.0,-0.09999999999999787,24.8,24.85,24.85,24.9,53.0,251.0,3251.0,1709.0,False,False
2892,2022-11-02 09:41:00.307136,0.0,-0.004016064257028051,0.0,-0.09999999999999787,24.8,24.85,24.85,24.9,49.0,251.0,3251.0,1709.0,False,False
2892,2022-11-02 09:41:04.509672,0.0,-0.004016064257028051,0.0,-0.09999999999999787,24.8,24.85,24.85,24.9,49.0,251.0,3256.0,1688.0,True,True
2892,2022-11-02 09:41:04.943699,0.0,-0.004016064257028051,0.0,-0.09999999999999787,24.8,24.85,24.85,24.9,49.0,251.0,3256.0,1688.0,False,False
2892,2022-11-02 09:41:20.820452,0.0,-0.004016064257028051,0.0,-0.09999999999999787,24.8,24.85,24.85,24.9,49.0,251.0,3256.0,1688.0,False,False
2892,2022-11-02 09:41:23.130791,0.0,-0.004016064257028051,0.0,-0.09999999999999787,24.8,24.85,24.85,24.9,49.0,251.0,3256.0,1688.0,False,False
2892,2022-11-02 09:41:24.589012,0.0,-0.004016064257028051,0.0,-0.09999999999999787,24.8,24.85,24.85,24.9,49.0,251.0,3256.0,2228.0,True,True
2892,2022-11-02 09:41:28.919865,0.0,-0.004016064257028051,0.0,-0.09999999999999787,24.8,24.85,24.85,24.9,49.0,249.0,3256.0,2228.0,False,False
2892,2022-11-02 09:41:30.373362,0.0,-0.004016064257028051,0.0,-0.09999999999999787,24.8,24.85,24.85,24.9,48.0,249.0,3256.0,2228.0,False,False
2892,2022-11-02 09:41:32.574266,0.0,-0.004016064257028051,0.0,-0.09999999999999787,24.8,24.85,24.85,24.9,48.0,249.0,3256.0,2228.0,False,False
2892,2022-11-02 09:41:34.201422,0.0,-0.004016064257028051,0.0,-0.09999999999999787,24.8,24.85,24.85,24.9,48.0,249.0,3256.0,2228.0,False,False
2892,2022-11-02 09:41:34.644983,0.0,-0.004016064257028051,0.0,-0.09999999999999787,24.8,24.85,24.85,24.9,48.0,249.0,3256.0,1228.0,True,True
2892,2022-11-02 09:41:38.337870,0.0,-0.004016064257028051,0.0,-0.09999999999999787,24.8,24.85,24.85,24.9,49.0,249.0,3256.0,1228.0,False,False
2892,2022-11-02 09:41:40.171899,0.0,-0.004016064257028051,0.0,-0.09999999999999787,24.8,24.85,24.85,24.9,49.0,249.0,3256.0,1228.0,False,False
2892,2022-11-02 09:41:44.687326,0.0,-0.004016064257028051,0.0,-0.09999999999999787,24.8,24.85,24.85,24.9,49.0,249.0,3337.0,1228.0,True,True
2892,2022-11-02 09:41:45.970547,0.0,-0.004016064257028051,0.0,-0.09999999999999787,24.8,24.85,24.85,24.9,49.0,249.0,3337.0,1228.0,False,False
2892,2022-11-02 09:41:48.555519,0.0,-0.004016064257028051,0.0,-0.09999999999999787,24.8,24.85,24.85,24.9,49.0,249.0,3337.0,1228.0,False,False
2892,2022-11-02 09:41:51.480144,0.0,-0.004016064257028051,0.0,-0.09999999999999787,24.8,24.85,24.85,24.9,50.0,249.0,3337.0,1228.0,False,False
2892,2022-11-02 09:41:54.731729,0.0,-0.004016064257028051,0.0,-0.09999999999999787,24.8,24.85,24.85,24.9,50.0,249.0,3337.0,349.0,True,True
2892,2022-11-02 09:41:58.236173,0.0,-0.004016064257028051,0.0,-0.09999999999999787,24.8,24.85,24.85,24.9,50.0,249.0,3337.0,349.0,False,False
2892,2022-11-02 09:42:04.722450,0.0,-0.004016064257028051,0.0,-0.09999999999999787,24.8,24.85,24.85,24.9,50.0,249.0,3337.0,349.0,False,False
2892,2022-11-02 09:42:04.771941,0.0,-0.004016064257028051,0.0,-0.09999999999999787,24.8,24.85,24.85,24.9,50.0,249.0,3337.0,349.0,True,True
2892,2022-11-02 09:42:05.011985,0.0,-0.004016064257028051,0.0,-0.09999999999999787,24.8,24.85,24.85,24.9,51.0,249.0,3337.0,349.0,False,False
2892,2022-11-02 09:42:11.122373,0.0,-0.004016064257028051,0.0,-0.09999999999999787,24.8,24.85,24.85,24.9,47.0,249.0,3337.0,349.0,False,False
2892,2022-11-02 09:42:14.811979,0.0,-0.004016064257028051,0.0,-0.09999999999999787,24.8,24.85,24.85,24.9,47.0,249.0,3357.0,349.0,True,True
2892,2022-11-02 09:42:24.743184,0.0,-0.004016064257028051,0.0,-0.09999999999999787,24.8,24.85,24.85,24.9,47.0,250.0,3357.0,349.0,False,False
2892,2022-11-02 09:42:24.857402,0.0,-0.004016064257028051,0.0,-0.09999999999999787,24.8,24.85,24.85,24.9,47.0,250.0,3457.0,349.0,True,True
2892,2022-11-02 09:42:27.706402,0.0,-0.004016064257028051,0.0,-0.09999999999999787,24.8,24.85,24.85,24.9,58.0,250.0,3457.0,349.0,False,False
2892,2022-11-02 09:42:30.087433,0.0,-0.004016064257028051,0.0,-0.09999999999999787,24.8,24.85,24.85,24.9,57.0,250.0,3457.0,349.0,False,False
2892,2022-11-02 09:42:33.269883,0.0,-0.004016064257028051,0.0,-0.09999999999999787,24.8,24.85,24.85,24.9,62.0,250.0,3457.0,349.0,False,False
2892,2022-11-02 09:42:34.901636,0.0,-0.004016064257028051,0.0,-0.09999999999999787,24.8,24.85,24.85,24.9,62.0,250.0,3517.0,349.0,True,True
2892,2022-11-02 09:42:38.914357,0.0,-0.004016064257028051,0.0,-0.09999999999999787,24.8,24.85,24.85,24.9,62.0,250.0,3517.0,349.0,False,False
2892,2022-11-02 09:42:44.941908,0.0,-0.004016064257028051,0.0,-0.09999999999999787,24.8,24.85,24.85,24.9,62.0,250.0,3517.0,349.0,True,True
2892,2022-11-02 09:42:49.438060,0.0,-0.004016064257028051,0.0,-0.09999999999999787,24.8,24.85,24.85,24.9,62.0,253.0,3517.0,349.0,False,False
2892,2022-11-02 09:42:52.000134,0.0,-0.004016064257028051,0.0,-0.09999999999999787,24.8,24.85,24.85,24.9,63.0,253.0,3517.0,349.0,False,False
2892,2022-11-02 09:42:54.979925,0.0,-0.004016064257028051,0.0,-0.09999999999999787,24.8,24.85,24.85,24.9,63.0,253.0,3517.0,249.0,True,True
2892,2022-11-02 09:42:56.874048,0.0,-0.004016064257028051,0.0,-0.09999999999999787,24.8,24.85,24.85,24.9,63.0,253.0,3517.0,249.0,False,False
2892,2022-11-02 09:42:59.697756,0.0,-0.004016064257028051,0.0,-0.09999999999999787,24.8,24.85,24.85,24.9,63.0,253.0,3517.0,249.0,False,False
2892,2022-11-02 09:43:04.216866,0.0,-0.004016064257028051,0.0,-0.09999999999999787,24.8,24.85,24.85,24.9,63.0,253.0,3517.0,849.0,False,True
2892,2022-11-02 09:43:13.046733,0.0,-0.004016064257028051,0.0,-0.09999999999999787,24.8,24.85,24.85,24.9,64.0,253.0,3517.0,849.0,False,False
2892,2022-11-02 09:43:15.907187,0.0,-0.004016064257028051,0.0,-0.09999999999999787,24.8,24.85,24.85,24.9,64.0,253.0,3517.0,849.0,False,False
2892,2022-11-02 09:43:24.304360,0.0,-0.004016064257028051,0.0,-0.09999999999999787,24.8,24.85,24.85,24.9,64.0,253.0,3717.0,849.0,True,True
2892,2022-11-02 09:43:26.154720,0.0,-0.004016064257028051,0.0,-0.09999999999999787,24.8,24.85,24.85,24.9,64.0,253.0,3717.0,849.0,False,False
2892,2022-11-02 09:43:28.142518,0.0,-0.004016064257028051,0.0,-0.09999999999999787,24.8,24.85,24.85,24.9,60.0,253.0,3717.0,849.0,False,False
2892,2022-11-02 09:43:31.251706,0.0,-0.004016064257028051,0.0,-0.09999999999999787,24.8,24.85,24.85,24.9,60.0,253.0,3717.0,849.0,False,False
2892,2022-11-02 09:43:34.344524,0.0,-0.004016064257028051,0.0,-0.09999999999999787,24.8,24.85,24.85,24.9,60.0,253.0,3717.0,839.0,True,True
2892,2022-11-02 09:43:43.186396,0.0,-0.004016064257028051,0.0,-0.09999999999999787,24.8,24.85,24.85,24.9,60.0,253.0,3717.0,839.0,False,False
2892,2022-11-02 09:43:44.381574,0.0,-0.004016064257028051,0.0,-0.09999999999999787,24.8,24.85,24.85,24.9,60.0,253.0,3717.0,822.0,True,True
2892,2022-11-02 09:43:45.987215,0.0,-0.004016064257028051,0.0,-0.09999999999999787,24.8,24.85,24.85,24.9,60.0,251.0,3717.0,822.0,False,False
2892,2022-11-02 09:43:59.646383,0.0,-0.004016064257028051,0.0,-0.09999999999999787,24.8,24.85,24.85,24.9,60.0,252.0,3717.0,822.0,False,False
2892,2022-11-02 09:44:06.811451,0.0,-0.004016064257028051,0.0,-0.09999999999999787,24.8,24.85,24.85,24.9,60.0,252.0,3717.0,822.0,False,False
2892,2022-11-02 09:44:16.467488,0.0,-0.004016064257028051,0.0,-0.09999999999999787,24.8,24.85,24.85,24.9,60.0,252.0,3717.0,822.0,False,False
2892,2022-11-02 09:44:31.916801,0.0,-0.004016064257028051,0.0,-0.09999999999999787,24.8,24.85,24.85,24.9,60.0,252.0,3717.0,822.0,False,False
2892,2022-11-02 09:44:32.275529,0.0,-0.004016064257028051,0.0,-0.09999999999999787,24.8,24.85,24.85,24.9,70.0,252.0,3717.0,822.0,False,False
2892,2022-11-02 09:44:33.159278,0.0,-0.004016064257028051,0.0,-0.09999999999999787,24.8,24.85,24.85,24.9,70.0,247.0,3717.0,822.0,False,False
2892,2022-11-02 09:44:34.595667,0.0,-0.004016064257028051,0.0,-0.09999999999999787,24.8,24.85,24.85,24.9,70.0,247.0,3717.0,822.0,True,True
2892,2022-11-02 09:44:49.445459,0.0,-0.004016064257028051,0.0,-0.09999999999999787,24.8,24.85,24.85,24.9,70.0,247.0,3717.0,822.0,False,False
2892,2022-11-02 09:44:51.215532,0.0,-0.004016064257028051,0.0,-0.09999999999999787,24.8,24.85,24.85,24.9,70.0,247.0,3717.0,822.0,False,False
2892,2022-11-02 09:44:53.073100,0.0,-0.004016064257028051,0.0,-0.09999999999999787,24.8,24.85,24.85,24.9,71.0,247.0,3717.0,822.0,False,False
2892,2022-11-02 09:44:53.599021,0.0,-0.004016064257028051,0.0,-0.09999999999999787,24.8,24.85,24.85,24.9,71.0,246.0,3717.0,822.0,False,False
2892,2022-11-02 09:44:54.680085,0.0,-0.004016064257028051,0.0,-0.09999999999999787,24.8,24.85,24.85,24.9,71.0,246.0,3849.0,822.0,True,True
2892,2022-11-02 09:45:02.613456,0.0,-0.004016064257028051,0.0,-0.09999999999999787,24.8,24.85,24.85,24.9,71.0,246.0,3849.0,822.0,False,False
2892,2022-11-02 09:45:04.703157,0.0,-0.004016064257028051,0.0,-0.09999999999999787,24.8,24.85,24.85,24.9,71.0,246.0,3948.0,822.0,True,True
2892,2022-11-02 09:45:14.885112,0.0,-0.004016064257028051,0.0,-0.09999999999999787,24.8,24.85,24.85,24.9,71.0,246.0,4048.0,822.0,True,True
2892,2022-11-02 09:45:17.078909,0.0,-0.004016064257028051,0.0,-0.09999999999999787,24.8,24.85,24.85,24.9,70.0,246.0,4048.0,822.0,False,False
2892,2022-11-02 09:45:19.122052,0.0,-0.004016064257028051,0.0,-0.09999999999999787,24.8,24.85,24.85,24.9,70.0,246.0,4048.0,822.0,False,False
2892,2022-11-02 09:45:19.447620,0.0,-0.004016064257028051,0.0,-0.09999999999999787,24.8,24.85,24.85,24.9,69.0,246.0,4048.0,822.0,False,False
2892,2022-11-02 09:45:21.176546,0.0,-0.004016064257028051,0.0,-0.09999999999999787,24.8,24.85,24.85,24.9,69.0,246.0,4048.0,822.0,False,False
2892,2022-11-02 09:45:27.416665,0.0,-0.004016064257028051,0.0,-0.09999999999999787,24.8,24.85,24.85,24.9,69.0,246.0,4048.0,822.0,False,False
2892,2022-11-02 09:45:27.948338,0.0,-0.004016064257028051,0.0,-0.09999999999999787,24.8,24.85,24.85,24.9,69.0,246.0,4048.0,822.0,False,False
2892,2022-11-02 09:45:30.941318,0.0,-0.004016064257028051,0.0,-0.09999999999999787,24.8,24.85,24.85,24.9,69.0,246.0,4048.0,822.0,False,False
2892,2022-11-02 09:45:38.832278,0.0,-0.004016064257028051,0.0,-0.09999999999999787,24.8,24.85,24.85,24.9,41.0,246.0,4048.0,822.0,False,False
2892,2022-11-02 09:45:44.935582,0.0,-0.004016064257028051,0.0,-0.09999999999999787,24.8,24.85,24.85,24.9,41.0,246.0,4048.0,822.0,True,True
2892,2022-11-02 09:45:45.455829,0.0,-0.004016064257028051,0.0,-0.09999999999999787,24.8,24.85,24.85,24.9,41.0,246.0,4048.0,822.0,False,False
2892,2022-11-02 09:45:47.843634,0.0,-0.004016064257028051,0.0,-0.09999999999999787,24.8,24.85,24.85,24.9,45.0,246.0,4048.0,822.0,False,False
2892,2022-11-02 09:45:53.075486,0.0,-0.004016064257028051,0.0,-0.09999999999999787,24.8,24.85,24.85,24.9,45.0,249.0,4048.0,822.0,False,False
2892,2022-11-02 09:45:53.295099,0.0,-0.004016064257028051,0.0,-0.09999999999999787,24.8,24.85,24.85,24.9,65.0,249.0,4048.0,822.0,False,False
2892,2022-11-02 09:45:55.921967,0.0,-0.004016064257028051,0.0,-0.09999999999999787,24.8,24.85,24.85,24.9,65.0,249.0,4048.0,822.0,False,False
2892,2022-11-02 09:46:00.828794,0.0,-0.004016064257028051,0.0,-0.09999999999999787,24.8,24.85,24.85,24.9,66.0,249.0,4048.0,822.0,False,False
2892,2022-11-02 09:46:02.833653,0.0,-0.004016064257028051,0.0,-0.09999999999999787,24.8,24.85,24.85,24.9,66.0,247.0,4048.0,822.0,False,False
2892,2022-11-02 09:46:04.388817,0.0,-0.004016064257028051,0.0,-0.09999999999999787,24.8,24.85,24.85,24.9,66.0,247.0,4048.0,822.0,False,True
2892,2022-11-02 09:46:06.703118,0.0,-0.004016064257028051,0.0,-0.09999999999999787,24.8,24.85,24.85,24.9,66.0,247.0,4048.0,822.0,False,False
2892,2022-11-02 09:46:07.758213,0.0,-0.004016064257028051,0.0,-0.09999999999999787,24.8,24.85,24.85,24.9,66.0,247.0,4048.0,822.0,False,False
2892,2022-11-02 09:46:14.420801,0.0,-0.004016064257028051,0.0,-0.09999999999999787,24.8,24.85,24.85,24.9,66.0,247.0,4048.0,722.0,True,True
2892,2022-11-02 09:46:15.653505,0.0,-0.004016064257028051,0.0,-0.09999999999999787,24.8,24.85,24.85,24.9,74.0,247.0,4048.0,722.0,False,False
2892,2022-11-02 09:46:22.630626,0.0,-0.004016064257028051,0.0,-0.09999999999999787,24.8,24.85,24.85,24.9,74.0,247.0,4048.0,722.0,False,False
2892,2022-11-02 09:46:22.848791,0.0,-0.004016064257028051,0.0,-0.09999999999999787,24.8,24.85,24.85,24.9,74.0,247.0,4048.0,722.0,False,False
2892,2022-11-02 09:46:25.117750,0.0,-0.004016064257028051,0.0,-0.09999999999999787,24.8,24.85,24.85,24.9,74.0,247.0,4048.0,722.0,False,False
2892,2022-11-02 09:46:34.479889,0.0,-0.004016064257028051,0.0,-0.09999999999999787,24.8,24.85,24.85,24.9,74.0,247.0,4048.0,715.0,True,True
2892,2022-11-02 09:46:38.926190,0.0,-0.004016064257028051,0.0,-0.09999999999999787,24.8,24.85,24.85,24.9,74.0,247.0,4048.0,715.0,False,False
2892,2022-11-02 09:46:44.506870,0.0,-0.004016064257028051,0.0,-0.09999999999999787,24.8,24.85,24.85,24.9,74.0,247.0,4048.0,1215.0,True,True
2892,2022-11-02 09:46:54.541940,0.0,-0.004016064257028051,0.0,-0.09999999999999787,24.8,24.85,24.85,24.9,74.0,247.0,3949.0,1215.0,True,True
2892,2022-11-02 09:46:59.896711,0.0,-0.004016064257028051,0.0,-0.09999999999999787,24.8,24.85,24.85,24.9,74.0,247.0,3949.0,1215.0,False,False
2892,2022-11-02 09:46:59.905147,0.0,-0.004016064257028051,0.0,-0.09999999999999787,24.8,24.85,24.85,24.9,91.0,247.0,3949.0,1215.0,False,False
2892,2022-11-02 09:47:00.404291,0.0,-0.004016064257028051,0.0,-0.09999999999999787,24.8,24.85,24.85,24.9,91.0,247.0,3949.0,1215.0,False,False
2892,2022-11-02 09:47:04.576038,0.0,-0.004016064257028051,0.0,-0.09999999999999787,24.8,24.85,24.85,24.9,91.0,247.0,4049.0,1215.0,True,True
2892,2022-11-02 09:47:06.794733,0.0,-0.004016064257028051,0.0,-0.09999999999999787,24.8,24.85,24.85,24.9,92.0,247.0,4049.0,1215.0,False,False
2892,2022-11-02 09:47:07.882172,0.0,-0.004016064257028051,0.0,-0.09999999999999787,24.8,24.85,24.85,24.9,92.0,247.0,4049.0,1215.0,False,False
2892,2022-11-02 09:47:07.955583,0.0,-0.004016064257028051,0.0,-0.09999999999999787,24.8,24.85,24.85,24.9,92.0,247.0,4049.0,1215.0,False,False
2892,2022-11-02 09:47:16.616654,0.0,-0.004016064257028051,0.0,-0.09999999999999787,24.8,24.85,24.85,24.9,118.0,247.0,4049.0,1215.0,False,False
2892,2022-11-02 09:47:17.761102,0.0,-0.004016064257028051,0.0,-0.09999999999999787,24.8,24.85,24.85,24.9,118.0,246.0,4049.0,1215.0,False,False
2892,2022-11-02 09:47:18.009200,0.0,-0.004016064257028051,0.0,-0.09999999999999787,24.8,24.85,24.85,24.9,118.0,246.0,4049.0,1215.0,False,False
2892,2022-11-02 09:47:18.035858,0.0,-0.004016064257028051,0.0,-0.09999999999999787,24.8,24.85,24.85,24.9,118.0,245.0,4049.0,1215.0,False,False
2892,2022-11-02 09:47:18.038916,0.0,-0.004016064257028051,0.0,-0.09999999999999787,24.8,24.85,24.85,24.9,118.0,245.0,4049.0,1215.0,False,False
2892,2022-11-02 09:47:18.042328,0.0,-0.004016064257028051,0.0,-0.09999999999999787,24.8,24.85,24.85,24.9,125.0,245.0,4049.0,1215.0,False,False
2892,2022-11-02 09:47:24.636247,0.0,-0.004016064257028051,0.0,-0.09999999999999787,24.8,24.85,24.85,24.9,125.0,245.0,4049.0,1215.0,True,True
2892,2022-11-02 09:47:27.839217,0.0,-0.004016064257028051,0.0,-0.09999999999999787,24.8,24.85,24.85,24.9,145.0,245.0,4049.0,1215.0,False,False
2892,2022-11-02 09:47:27.875246,0.0,-0.004016064257028051,0.0,-0.09999999999999787,24.8,24.85,24.85,24.9,145.0,184.0,4049.0,1215.0,False,False
2892,2022-11-02 09:47:29.071461,0.0,-0.004016064257028051,0.0,-0.09999999999999787,24.8,24.85,24.85,24.9,145.0,184.0,4049.0,1215.0,False,False
2892,2022-11-02 09:47:29.100482,0.0,-0.004016064257028051,0.0,-0.09999999999999787,24.8,24.85,24.85,24.9,150.0,184.0,4049.0,1215.0,False,False
2892,2022-11-02 09:47:36.417235,0.0,-0.004016064257028051,0.0,-0.09999999999999787,24.8,24.85,24.85,24.9,150.0,184.0,4049.0,1215.0,False,False
2892,2022-11-02 09:47:39.986051,0.0,-0.004016064257028051,0.0,-0.09999999999999787,24.8,24.85,24.85,24.9,150.0,184.0,4049.0,1215.0,False,False
2892,2022-11-02 09:47:42.700254,0.0,-0.004016064257028051,0.0,-0.09999999999999787,24.8,24.85,24.85,24.9,150.0,184.0,4049.0,1215.0,False,False
2892,2022-11-02 09:47:44.696468,0.0,-0.004016064257028051,0.0,-0.09999999999999787,24.8,24.85,24.85,24.9,150.0,184.0,4049.0,1215.0,True,True
2892,2022-11-02 09:47:51.377610,0.0,-0.004016064257028051,0.0,-0.09999999999999787,24.8,24.85,24.85,24.9,151.0,184.0,4049.0,1215.0,False,False
2892,2022-11-02 09:47:58.268959,0.0,-0.004016064257028051,0.0,-0.09999999999999787,24.8,24.85,24.85,24.9,153.0,184.0,4049.0,1215.0,False,False
2892,2022-11-02 09:48:04.768021,0.0,-0.004016064257028051,0.0,-0.09999999999999787,24.8,24.85,24.85,24.9,153.0,184.0,4090.0,1188.0,True,True
2892,2022-11-02 09:48:11.764805,0.0,-0.004016064257028051,0.0,-0.09999999999999787,24.8,24.85,24.85,24.9,155.0,184.0,4090.0,1188.0,False,False
2892,2022-11-02 09:48:15.467344,0.0,-0.004016064257028051,0.0,-0.09999999999999787,24.8,24.85,24.85,24.9,155.0,182.0,4090.0,1188.0,False,False
2892,2022-11-02 09:48:17.764789,0.0,-0.004016064257028051,0.0,-0.09999999999999787,24.8,24.85,24.85,24.9,155.0,183.0,4090.0,1188.0,False,False
2892,2022-11-02 09:48:19.752985,0.0,-0.004016064257028051,0.0,-0.09999999999999787,24.8,24.85,24.85,24.9,155.0,181.0,4090.0,1188.0,False,False
2892,2022-11-02 09:48:23.799273,0.0,-0.004016064257028051,0.0,-0.09999999999999787,24.8,24.85,24.85,24.9,153.0,181.0,4090.0,1188.0,False,False
2892,2022-11-02 09:48:34.862489,0.0,-0.004016064257028051,0.0,-0.09999999999999787,24.8,24.85,24.85,24.9,153.0,181.0,4110.0,1188.0,True,True
2892,2022-11-02 09:48:35.337938,0.0,-0.004016064257028051,0.0,-0.09999999999999787,24.8,24.85,24.85,24.9,153.0,179.0,4110.0,1188.0,False,False
2892,2022-11-02 09:48:38.063623,0.0,-0.004016064257028051,0.0,-0.09999999999999787,24.8,24.85,24.85,24.9,153.0,179.0,4110.0,1188.0,False,False
2892,2022-11-02 09:48:40.360090,0.0,-0.004016064257028051,0.0,-0.09999999999999787,24.8,24.85,24.85,24.9,153.0,175.0,4110.0,1188.0,False,False
2892,2022-11-02 09:48:40.510264,0.0,-0.004016064257028051,0.0,-0.09999999999999787,24.8,24.85,24.85,24.9,153.0,175.0,4110.0,1188.0,False,False
2892,2022-11-02 09:48:40.537853,0.0,-0.004016064257028051,0.0,-0.09999999999999787,24.8,24.85,24.85,24.9,153.0,174.0,4110.0,1188.0,False,False
2892,2022-11-02 09:48:40.986500,0.0,-0.004016064257028051,0.0,-0.09999999999999787,24.8,24.85,24.85,24.9,153.0,174.0,4110.0,1188.0,False,False
2892,2022-11-02 09:48:43.434780,0.0,-0.004016064257028051,0.0,-0.09999999999999787,24.8,24.85,24.85,24.9,157.0,174.0,4110.0,1188.0,False,False
2892,2022-11-02 09:48:54.923700,0.0,-0.004016064257028051,0.0,-0.09999999999999787,24.8,24.85,24.85,24.9,157.0,174.0,4110.0,2187.0,True,True
2892,2022-11-02 09:48:56.513622,0.0,-0.004016064257028051,0.0,-0.09999999999999787,24.8,24.85,24.85,24.9,157.0,174.0,4110.0,2187.0,False,False
2892,2022-11-02 09:48:57.461486,0.0,-0.004016064257028051,0.0,-0.09999999999999787,24.8,24.85,24.85,24.9,157.0,173.0,4110.0,2187.0,False,False
2892,2022-11-02 09:49:04.551684,0.0,-0.004016064257028051,0.0,-0.09999999999999787,24.8,24.85,24.85,24.9,157.0,173.0,4110.0,2379.0,False,True
2892,2022-11-02 09:49:05.695251,0.0,-0.004016064257028051,0.0,-0.09999999999999787,24.8,24.85,24.85,24.9,157.0,173.0,4110.0,2379.0,False,False
2892,2022-11-02 09:49:05.766665,0.0,-0.004016064257028051,0.0,-0.09999999999999787,24.8,24.85,24.85,24.9,158.0,173.0,4110.0,2379.0,False,False
2892,2022-11-02 09:49:14.579949,0.0,-0.004016064257028051,0.0,-0.09999999999999787,24.8,24.85,24.85,24.9,158.0,173.0,4110.0,2379.0,False,False
2892,2022-11-02 09:49:14.581476,0.0,-0.004016064257028051,0.0,-0.09999999999999787,24.8,24.85,24.85,24.9,158.0,173.0,4509.0,2410.0,True,True
2892,2022-11-02 09:49:14.701738,0.0,-0.004016064257028051,0.0,-0.09999999999999787,24.8,24.85,24.85,24.9,158.0,173.0,4509.0,2410.0,False,False
2892,2022-11-02 09:49:14.729498,0.0,-0.004016064257028051,0.0,-0.09999999999999787,24.8,24.85,24.85,24.9,158.0,173.0,4509.0,2410.0,False,False
2892,2022-11-02 09:49:15.130330,0.0,-0.004016064257028051,0.0,-0.09999999999999787,24.8,24.85,24.85,24.9,160.0,173.0,4509.0,2410.0,False,False
2892,2022-11-02 09:49:18.656241,0.0,-0.004016064257028051,0.0,-0.09999999999999787,24.8,24.85,24.85,24.9,160.0,173.0,4509.0,2410.0,False,False
2892,2022-11-02 09:49:24.009941,0.0,-0.004016064257028051,0.0,-0.09999999999999787,24.8,24.85,24.85,24.9,160.0,177.0,4509.0,2410.0,False,False
2892,2022-11-02 09:49:24.608789,0.0,-0.004016064257028051,0.0,-0.09999999999999787,24.8,24.85,24.85,24.9,160.0,177.0,4510.0,2023.0,True,True
2892,2022-11-02 09:49:34.641947,0.0,-0.004016064257028051,0.0,-0.09999999999999787,24.8,24.85,24.85,24.9,160.0,177.0,4510.0,1893.0,True,True
2892,2022-11-02 09:49:42.875858,0.0,-0.004016064257028051,0.0,-0.09999999999999787,24.8,24.85,24.85,24.9,160.0,177.0,4510.0,1893.0,False,False
2892,2022-11-02 09:49:43.248919,0.0,-0.004016064257028051,0.0,-0.09999999999999787,24.8,24.85,24.85,24.9,160.0,177.0,4510.0,1893.0,False,False
2892,2022-11-02 09:49:44.684347,0.0,-0.004016064257028051,0.0,-0.09999999999999787,24.8,24.85,24.85,24.9,160.0,177.0,4510.0,1793.0,True,True
2892,2022-11-02 09:50:04.768883,0.0,-0.004016064257028051,0.0,-0.09999999999999787,24.8,24.85,24.85,24.9,160.0,177.0,4510.0,1753.0,True,True
2892,2022-11-02 09:50:08.886341,0.0,-0.004016064257028051,0.0,-0.09999999999999787,24.8,24.85,24.85,24.9,160.0,177.0,4510.0,1753.0,False,False
2892,2022-11-02 09:50:08.939389,0.0,-0.004016064257028051,0.0,-0.09999999999999787,24.8,24.85,24.85,24.9,160.0,239.0,4510.0,1753.0,False,False
2892,2022-11-02 09:50:10.501812,0.0,-0.004016064257028051,0.0,-0.09999999999999787,24.8,24.85,24.85,24.9,160.0,239.0,4510.0,1753.0,False,False
2892,2022-11-02 09:50:10.512992,0.0,-0.004016064257028051,0.0,-0.09999999999999787,24.8,24.85,24.85,24.9,160.0,239.0,4510.0,1753.0,False,False
2892,2022-11-02 09:50:12.947221,0.0,-0.004016064257028051,0.0,-0.09999999999999787,24.8,24.85,24.85,24.9,160.0,234.0,4510.0,1753.0,False,False
2892,2022-11-02 09:50:13.519838,0.0,-0.004016064257028051,0.0,-0.09999999999999787,24.8,24.85,24.85,24.9,160.0,238.0,4510.0,1753.0,False,False
2892,2022-11-02 09:50:14.340410,0.0,-0.004016064257028051,0.0,-0.09999999999999787,24.8,24.85,24.85,24.9,160.0,237.0,4510.0,1753.0,False,False
2892,2022-11-02 09:50:14.874480,0.0,-0.004016064257028051,0.0,-0.09999999999999787,24.8,24.85,24.85,24.9,160.0,237.0,4610.0,1653.0,True,True
2892,2022-11-02 09:50:19.474285,0.0,-0.004016064257028051,0.0,-0.09999999999999787,24.8,24.85,24.85,24.9,160.0,237.0,4610.0,1653.0,False,False
2892,2022-11-02 09:50:26.257551,0.0,-0.004016064257028051,0.0,-0.09999999999999787,24.8,24.85,24.85,24.9,160.0,237.0,4610.0,1653.0,False,False
