ts,close,volume,bid_price,bid_volume,ask_price,ask_volume,tick_type,datetime
1653382803797783000,44.6,227,44.5,1,44.6,3,1,2022-05-24 09:00:03
1653382807687891000,44.6,6,44.65,4,44.7,5,1,2022-05-24 09:00:07
1653382807718617000,44.65,4,44.5,1,44.7,5,2,2022-05-24 09:00:07
1653382807767204000,44.7,4,44.5,1,44.7,1,1,2022-05-24 09:00:07
1653382807800736000,44.7,1,44.5,1,44.8,5,1,2022-05-24 09:00:07
1653382807979329000,44.8,4,44.5,1,44.8,1,1,2022-05-24 09:00:07
1653382808005977000,44.8,1,44.5,1,44.85,1,1,2022-05-24 09:00:08
1653382809035055000,44.85,1,44.5,1,45.0,26,1,2022-05-24 09:00:09
1653382809035055000,44.9,6,44.5,1,45.0,26,1,2022-05-24 09:00:09
1653382809035055000,45.0,3,44.5,1,45.0,26,1,2022-05-24 09:00:09
1653382809724580000,44.5,1,44.2,4,45.0,25,2,2022-05-24 09:00:09
1653382809724580000,44.2,1,44.2,4,45.0,25,2,2022-05-24 09:00:09
1653382809956628000,45.0,2,44.2,4,45.0,23,1,2022-05-24 09:00:09
1653382811452815000,45.0,1,44.6,1,45.0,22,1,2022-05-24 09:00:11
1653382812605390000,45.0,1,44.6,1,45.0,21,1,2022-05-24 09:00:12
1653382813492655000,45.0,1,44.65,1,45.0,20,1,2022-05-24 09:00:13
1653382814554380000,45.0,1,44.65,1,45.0,19,1,2022-05-24 09:00:14
1653382815063434000,45.0,1,44.6,2,45.0,18,1,2022-05-24 09:00:15
1653382815181092000,45.0,1,44.6,2,45.0,17,1,2022-05-24 09:00:15
1653382816011658000,45.0,1,44.65,3,45.0,16,1,2022-05-24 09:00:16
1653382816368972000,45.0,1,44.7,3,45.0,15,1,2022-05-24 09:00:16
1653382818150940000,45.0,10,44.7,3,45.0,5,1,2022-05-24 09:00:18
1653382818182982000,45.0,5,44.7,3,45.1,7,1,2022-05-24 09:00:18
1653382818465198000,45.0,1,45.0,1,45.1,6,2,2022-05-24 09:00:18
1653382818507103000,45.0,1,44.7,3,45.1,6,2,2022-05-24 09:00:18
1653382818972190000,45.1,6,44.65,3,45.15,9,1,2022-05-24 09:00:18
1653382818972190000,45.15,4,44.65,3,45.15,9,1,2022-05-24 09:00:18
1653382822085069000,45.15,1,45.0,9,45.15,8,1,2022-05-24 09:00:22
1653382823357281000,45.15,2,45.0,14,45.15,6,1,2022-05-24 09:00:23
1653382824354735000,45.15,1,45.0,14,45.15,5,1,2022-05-24 09:00:24
1653382824878136000,45.15,1,45.0,14,45.15,4,1,2022-05-24 09:00:24
1653382825296699000,45.15,4,45.1,2,45.25,5,1,2022-05-24 09:00:25
1653382825296699000,45.2,6,45.1,2,45.25,5,1,2022-05-24 09:00:25
1653382825379899000,45.1,1,45.1,2,45.25,5,2,2022-05-24 09:00:25
1653382825978948000,45.15,1,45.1,1,45.25,5,2,2022-05-24 09:00:25
1653382825978948000,45.1,1,45.1,1,45.25,5,2,2022-05-24 09:00:25
1653382827196478000,45.15,1,45.15,1,45.25,5,2,2022-05-24 09:00:27
1653382827768361000,45.25,1,45.15,1,45.25,4,1,2022-05-24 09:00:27
1653382830488228000,45.25,2,45.15,2,45.25,5,1,2022-05-24 09:00:30
1653382830550888000,45.15,1,45.15,1,45.25,5,2,2022-05-24 09:00:30
1653382830667124000,45.25,1,45.15,1,45.25,4,1,2022-05-24 09:00:30
1653382830670603000,45.25,1,45.15,1,45.25,3,1,2022-05-24 09:00:30
1653382830744327000,45.25,1,45.15,1,45.25,2,1,2022-05-24 09:00:30
1653382830822215000,45.25,1,45.15,1,45.25,1,1,2022-05-24 09:00:30
1653382832655105000,45.25,1,45.15,10,45.3,9,1,2022-05-24 09:00:32
1653382833927276000,45.3,1,45.15,10,45.3,8,1,2022-05-24 09:00:33
1653382834818474000,45.25,1,45.15,10,45.25,3,1,2022-05-24 09:00:34
1653382835342271000,45.15,1,45.15,9,45.25,3,2,2022-05-24 09:00:35
1653382837037136000,45.15,3,45.15,6,45.25,3,2,2022-05-24 09:00:37
1653382837301806000,45.25,2,45.15,6,45.25,1,1,2022-05-24 09:00:37
1653382837675980000,45.25,1,45.15,6,45.3,8,1,2022-05-24 09:00:37
1653382837870676000,45.3,1,45.15,6,45.3,7,1,2022-05-24 09:00:37
1653382838370080000,45.3,1,45.15,1,45.3,6,1,2022-05-24 09:00:38
1653382839412450000,45.3,1,45.15,1,45.3,5,1,2022-05-24 09:00:39
1653382840067316000,45.25,1,45.25,4,45.3,5,2,2022-05-24 09:00:40
1653382840129724000,45.3,1,45.25,4,45.3,4,1,2022-05-24 09:00:40
1653382840251150000,45.25,1,45.25,3,45.3,4,2,2022-05-24 09:00:40
1653382842178293000,45.25,2,45.25,3,45.3,4,2,2022-05-24 09:00:42
1653382842797457000,45.25,2,45.25,1,45.3,4,2,2022-05-24 09:00:42
1653382842833975000,45.25,1,45.15,1,45.3,4,2,2022-05-24 09:00:42
1653382843696250000,45.3,1,45.15,1,45.3,5,1,2022-05-24 09:00:43
1653382843889670000,45.25,1,45.15,1,45.3,5,2,2022-05-24 09:00:43
1653382845798698000,45.3,1,45.15,2,45.3,4,1,2022-05-24 09:00:45
1653382847185935000,45.25,1,45.25,4,45.3,4,2,2022-05-24 09:00:47
1653382847902012000,45.3,1,45.25,4,45.3,3,1,2022-05-24 09:00:47
1653382848655358000,45.25,1,45.25,3,45.3,3,2,2022-05-24 09:00:48
1653382848958077000,45.3,1,45.25,8,45.3,2,1,2022-05-24 09:00:48
1653382849501351000,45.3,1,45.25,9,45.3,1,1,2022-05-24 09:00:49
1653382850669817000,45.3,2,45.3,5,45.35,9,1,2022-05-24 09:00:50
1653382852320077000,45.3,10,45.25,10,45.35,9,2,2022-05-24 09:00:52
1653382856632339000,45.3,3,45.3,1,45.35,9,2,2022-05-24 09:00:56
1653382857186695000,45.35,1,45.3,1,45.35,8,1,2022-05-24 09:00:57
1653382858221983000,45.3,1,45.25,7,45.3,3,2,2022-05-24 09:00:58
1653382858607137000,45.3,1,45.25,17,45.3,2,1,2022-05-24 09:00:58
1653382858683018000,45.3,1,45.25,17,45.3,2,1,2022-05-24 09:00:58
1653382859610811000,45.3,1,45.25,17,45.3,3,1,2022-05-24 09:00:59
1653382859884597000,45.3,1,45.25,17,45.3,2,1,2022-05-24 09:00:59
1653382860148066000,45.25,1,45.25,16,45.3,2,2,2022-05-24 09:01:00
1653382860226209000,45.3,1,45.25,16,45.3,1,1,2022-05-24 09:01:00
1653382860417688000,45.3,1,45.25,16,45.35,4,1,2022-05-24 09:01:00
1653382860417688000,45.35,4,45.25,16,45.35,4,1,2022-05-24 09:01:00
1653382860530409000,45.25,6,45.25,10,45.35,4,2,2022-05-24 09:01:00
1653382860531627000,45.25,6,45.25,4,45.35,4,2,2022-05-24 09:01:00
1653382860565710000,45.25,3,45.25,1,45.35,4,2,2022-05-24 09:01:00
1653382860597743000,45.25,1,45.15,4,45.35,4,2,2022-05-24 09:01:00
1653382860684140000,45.3,1,45.3,3,45.35,4,2,2022-05-24 09:01:00
1653382860716626000,45.3,2,45.3,1,45.35,4,2,2022-05-24 09:01:00
1653382860748291000,45.3,1,45.15,4,45.35,4,2,2022-05-24 09:01:00
1653382860911088000,45.35,2,45.15,4,45.35,2,1,2022-05-24 09:01:00
1653382863569393000,45.25,1,45.15,4,45.3,3,2,2022-05-24 09:01:03
1653382864239257000,45.3,1,45.15,4,45.3,7,1,2022-05-24 09:01:04
1653382866167608000,45.3,1,45.15,4,45.3,6,1,2022-05-24 09:01:06
1653382866230356000,45.3,1,45.15,4,45.3,5,1,2022-05-24 09:01:06
1653382866286927000,45.3,1,45.15,4,45.3,4,1,2022-05-24 09:01:06
1653382867203988000,45.15,4,45.1,12,45.3,5,2,2022-05-24 09:01:07
1653382867232004000,45.3,2,45.1,12,45.3,3,1,2022-05-24 09:01:07
1653382868165697000,45.3,1,45.1,12,45.3,2,1,2022-05-24 09:01:08
1653382868728017000,45.1,5,45.1,7,45.3,2,2,2022-05-24 09:01:08
1653382868984939000,45.3,2,45.3,3,45.35,22,1,2022-05-24 09:01:08
1653382869023642000,45.3,3,45.1,7,45.35,22,2,2022-05-24 09:01:09
1653382869211577000,45.35,4,45.1,7,45.35,18,1,2022-05-24 09:01:09
1653382869312560000,45.3,1,45.3,4,45.35,18,2,2022-05-24 09:01:09
1653382869343595000,45.3,1,45.3,3,45.35,18,2,2022-05-24 09:01:09
1653382870315190000,45.3,1,45.3,3,45.35,18,2,2022-05-24 09:01:10
1653382870716610000,45.35,3,45.3,3,45.35,15,1,2022-05-24 09:01:10
1653382872198769000,45.3,1,45.3,9,45.35,15,2,2022-05-24 09:01:12
1653382872392735000,45.3,1,45.3,9,45.35,15,2,2022-05-24 09:01:12
1653382873549687000,45.3,4,45.3,5,45.35,15,2,2022-05-24 09:01:13
1653382874187796000,45.3,1,45.3,4,45.35,15,2,2022-05-24 09:01:14
1653382874671140000,45.3,2,45.3,2,45.35,15,2,2022-05-24 09:01:14
1653382874757383000,45.3,2,45.15,5,45.35,15,2,2022-05-24 09:01:14
1653382875843176000,45.3,1,45.15,5,45.3,2,2,2022-05-24 09:01:15
1653382875887057000,45.3,1,45.15,5,45.3,1,1,2022-05-24 09:01:15
1653382876253789000,45.3,1,45.15,5,45.35,15,1,2022-05-24 09:01:16
1653382876802523000,45.3,1,45.15,5,45.35,15,1,2022-05-24 09:01:16
1653382879352183000,45.35,1,45.15,5,45.35,14,1,2022-05-24 09:01:19
1653382880256764000,45.3,1,45.15,5,45.35,14,2,2022-05-24 09:01:20
1653382881653103000,45.15,1,45.15,4,45.35,14,2,2022-05-24 09:01:21
1653382883061190000,45.3,1,45.15,4,45.3,2,1,2022-05-24 09:01:23
1653382883371249000,45.3,2,45.3,1,45.35,14,1,2022-05-24 09:01:23
1653382883404070000,45.3,1,45.15,4,45.35,14,2,2022-05-24 09:01:23
1653382885783888000,45.3,1,45.15,4,45.3,1,1,2022-05-24 09:01:25
1653382887280712000,45.3,1,45.15,4,45.35,15,1,2022-05-24 09:01:27
1653382888895615000,45.3,1,45.15,4,45.35,15,2,2022-05-24 09:01:28
1653382892478649000,45.3,1,45.3,1,45.35,16,2,2022-05-24 09:01:32
1653382892852200000,45.35,1,45.3,1,45.35,15,1,2022-05-24 09:01:32
1653382894208196000,45.35,1,45.3,2,45.35,14,1,2022-05-24 09:01:34
1653382897157273000,45.3,1,45.3,6,45.35,17,2,2022-05-24 09:01:37
1653382897905997000,45.3,1,45.3,5,45.35,17,2,2022-05-24 09:01:37
1653382899221653000,45.3,5,45.25,3,45.3,2,2,2022-05-24 09:01:39
1653382899382979000,45.3,1,45.25,3,45.3,6,1,2022-05-24 09:01:39
1653382899957496000,45.3,1,45.25,3,45.3,5,1,2022-05-24 09:01:39
1653382900102123000,45.25,3,45.15,7,45.3,8,2,2022-05-24 09:01:40
1653382903806022000,45.25,1,45.15,7,45.25,5,1,2022-05-24 09:01:43
1653382904358143000,45.15,4,45.15,3,45.2,6,2,2022-05-24 09:01:44
1653382905630765000,45.15,3,45.1,24,45.15,1,2,2022-05-24 09:01:45
1653382906069007000,45.1,4,45.1,20,45.15,3,2,2022-05-24 09:01:46
1653382906099138000,45.1,1,45.1,19,45.15,3,2,2022-05-24 09:01:46
1653382906474551000,45.1,1,45.1,18,45.15,3,2,2022-05-24 09:01:46
1653382907214505000,45.15,1,45.1,18,45.15,2,1,2022-05-24 09:01:47
1653382907248146000,45.1,18,45.0,10,45.15,2,2,2022-05-24 09:01:47
1653382908311891000,45.0,2,45.0,8,45.1,3,2,2022-05-24 09:01:48
1653382910307582000,45.1,2,45.0,8,45.1,1,1,2022-05-24 09:01:50
1653382910393660000,45.0,8,44.9,2,45.0,2,2,2022-05-24 09:01:50
1653382910482219000,44.9,1,44.9,1,44.95,1,2,2022-05-24 09:01:50
1653382910533935000,44.9,1,44.75,1,44.95,3,2,2022-05-24 09:01:50
1653382911934168000,44.95,1,44.75,1,44.95,2,1,2022-05-24 09:01:51
1653382913485212000,44.75,1,44.65,3,44.95,2,2,2022-05-24 09:01:53
1653382913485212000,44.65,1,44.65,3,44.95,2,2,2022-05-24 09:01:53
1653382915106270000,44.8,1,44.6,3,44.8,2,1,2022-05-24 09:01:55
1653382919940234000,44.8,2,44.6,3,45.2,4,1,2022-05-24 09:01:59
1653382919940234000,44.9,1,44.6,3,45.2,4,1,2022-05-24 09:01:59
1653382919940234000,45.0,2,44.6,3,45.2,4,1,2022-05-24 09:01:59
1653382929434269000,44.9,3,45.0,7,45.1,1,1,2022-05-24 09:02:09
1653382932977452000,45.0,2,45.0,5,45.05,1,2,2022-05-24 09:02:12
1653382933723058000,45.0,5,44.9,1,45.0,5,2,2022-05-24 09:02:13
1653382940367898000,44.9,1,44.75,1,44.95,1,2,2022-05-24 09:02:20
1653382940903070000,44.95,1,44.75,1,45.0,5,1,2022-05-24 09:02:20
1653382943978740000,44.9,1,44.75,1,45.0,5,2,2022-05-24 09:02:23
1653382946930223000,44.95,1,44.75,1,45.0,5,1,2022-05-24 09:02:26
1653382948914253000,45.0,5,44.9,3,45.0,1,1,2022-05-24 09:02:28
1653382948938197000,45.0,1,44.9,3,45.05,1,1,2022-05-24 09:02:28
1653382950975090000,45.0,2,45.0,1,45.05,1,2,2022-05-24 09:02:30
1653382951017093000,45.0,1,44.9,3,45.05,1,2,2022-05-24 09:02:31
1653382953039641000,44.9,3,44.75,1,44.9,1,2,2022-05-24 09:02:33
1653382956051755000,44.8,1,44.75,1,44.8,3,1,2022-05-24 09:02:36
1653382960309324000,44.8,1,44.75,2,44.8,2,1,2022-05-24 09:02:40
1653382961549136000,44.8,2,44.75,2,44.85,4,1,2022-05-24 09:02:41
1653382962265595000,44.75,1,44.75,1,44.85,4,2,2022-05-24 09:02:42
1653382964987535000,44.85,1,44.75,1,44.85,3,1,2022-05-24 09:02:44
1653382967547523000,44.75,2,44.75,1,44.85,3,2,2022-05-24 09:02:47
1653382970139009000,44.85,2,44.75,3,44.85,1,1,2022-05-24 09:02:50
1653382970526122000,44.75,1,44.75,2,44.85,1,2,2022-05-24 09:02:50
1653382972090936000,44.75,1,44.75,2,44.85,1,2,2022-05-24 09:02:52
1653382976083859000,44.75,2,44.7,4,44.85,1,2,2022-05-24 09:02:56
1653382976083859000,44.7,1,44.7,4,44.85,1,2,2022-05-24 09:02:56
1653382977947185000,44.7,4,44.5,6,44.8,1,2,2022-05-24 09:02:57
1653382977947185000,44.65,3,44.5,6,44.8,1,2,2022-05-24 09:02:57
1653382977947185000,44.6,3,44.5,6,44.8,1,2,2022-05-24 09:02:57
1653382979607612000,44.8,1,44.65,1,44.85,1,1,2022-05-24 09:02:59
1653382980759589000,44.65,1,44.5,5,44.85,1,2,2022-05-24 09:03:00
1653382980759589000,44.5,1,44.5,5,44.85,1,2,2022-05-24 09:03:00
1653382985608154000,44.75,1,44.55,1,44.8,2,2,2022-05-24 09:03:05
1653382987446846000,44.8,2,44.55,1,44.8,1,1,2022-05-24 09:03:07
1653382987552334000,44.55,1,44.5,8,44.8,1,2,2022-05-24 09:03:07
1653382989386453000,44.7,1,44.5,9,44.8,1,1,2022-05-24 09:03:09
1653382990404196000,44.8,5,44.5,9,44.8,6,1,2022-05-24 09:03:10
1653382999367636000,44.6,2,44.6,3,44.65,2,1,2022-05-24 09:03:19
1653383005862512000,44.65,1,44.6,3,44.65,1,1,2022-05-24 09:03:25
1653383005892597000,44.65,1,44.6,3,44.7,1,1,2022-05-24 09:03:25
1653383006242029000,44.6,1,44.6,2,44.7,1,2,2022-05-24 09:03:26
1653383006304049000,44.6,2,44.55,4,44.7,1,2,2022-05-24 09:03:26
1653383014128883000,44.65,1,44.6,1,44.7,1,1,2022-05-24 09:03:34
1653383015815509000,44.6,1,44.55,5,44.65,5,2,2022-05-24 09:03:35
1653383029080280000,44.6,5,44.6,3,44.65,5,2,2022-05-24 09:03:49
1653383030646067000,44.6,1,44.6,2,44.65,5,2,2022-05-24 09:03:50
1653383030911135000,44.65,1,44.6,2,44.65,4,1,2022-05-24 09:03:50
1653383032493709000,44.65,4,44.6,3,44.7,2,1,2022-05-24 09:03:52
1653383034476346000,44.6,2,44.6,1,44.7,2,2,2022-05-24 09:03:54
1653383038948143000,44.65,1,44.6,1,44.7,2,1,2022-05-24 09:03:58
1653383039373603000,44.6,1,44.55,5,44.7,2,2,2022-05-24 09:03:59
1653383047830868000,44.6,1,44.6,2,44.65,1,2,2022-05-24 09:04:07
1653383050924374000,44.6,1,44.6,1,44.65,1,2,2022-05-24 09:04:10
1653383050986189000,44.65,1,44.65,4,44.7,1,1,2022-05-24 09:04:10
1653383051022715000,44.65,1,44.65,3,44.7,1,2,2022-05-24 09:04:11
1653383052948835000,44.65,2,44.65,1,44.7,1,2,2022-05-24 09:04:12
1653383055034182000,44.65,2,44.65,1,44.7,1,2,2022-05-24 09:04:15
1653383055177534000,44.7,1,44.65,1,44.75,2,1,2022-05-24 09:04:15
1653383055815229000,44.65,1,44.6,2,44.65,1,2,2022-05-24 09:04:15
1653383088742579000,44.7,1,44.7,2,44.75,2,2,2022-05-24 09:04:48
1653383096059512000,44.75,2,44.7,9,44.8,6,1,2022-05-24 09:04:56
1653383104731766000,44.75,1,44.7,8,44.8,6,2,2022-05-24 09:05:04
1653383104731766000,44.7,1,44.7,8,44.8,6,2,2022-05-24 09:05:04
1653383105179422000,44.7,8,44.65,9,44.7,6,2,2022-05-24 09:05:05
1653383105184074000,44.65,6,44.65,3,44.7,6,2,2022-05-24 09:05:05
1653383106347796000,44.65,3,44.6,7,44.7,25,2,2022-05-24 09:05:06
1653383113272566000,44.6,1,44.6,8,44.7,25,2,2022-05-24 09:05:13
1653383125334932000,44.65,1,44.6,9,44.65,9,1,2022-05-24 09:05:25
1653383128391735000,44.65,1,44.6,9,44.65,8,1,2022-05-24 09:05:28
1653383135693502000,44.65,2,44.6,11,44.65,6,1,2022-05-24 09:05:35
1653383138103268000,44.65,1,44.6,14,44.65,5,1,2022-05-24 09:05:38
1653383138727161000,44.65,2,44.6,14,44.65,3,1,2022-05-24 09:05:38
1653383140908657000,44.6,2,44.6,12,44.65,3,2,2022-05-24 09:05:40
1653383140979952000,44.65,1,44.6,12,44.65,2,1,2022-05-24 09:05:40
1653383149154649000,44.6,6,44.6,6,44.65,2,2,2022-05-24 09:05:49
1653383150834631000,44.6,2,44.6,4,44.65,2,2,2022-05-24 09:05:50
1653383154574439000,44.6,4,44.55,6,44.6,1,2,2022-05-24 09:05:54
1653383155752455000,44.6,1,44.55,6,44.6,4,1,2022-05-24 09:05:55
1653383155785330000,44.55,6,44.5,13,44.6,4,2,2022-05-24 09:05:55
1653383155785330000,44.5,14,44.5,13,44.6,4,2,2022-05-24 09:05:55
1653383158787285000,44.5,10,44.5,3,44.55,1,2,2022-05-24 09:05:58
1653383158820345000,44.5,3,44.45,7,44.55,1,2,2022-05-24 09:05:58
1653383163191176000,44.45,2,44.45,5,44.55,2,2,2022-05-24 09:06:03
1653383163215341000,44.45,2,44.45,3,44.55,2,2,2022-05-24 09:06:03
1653383163413809000,44.45,3,44.4,1,44.45,3,2,2022-05-24 09:06:03
1653383163479233000,44.4,1,44.35,4,44.45,3,2,2022-05-24 09:06:03
1653383163497232000,44.35,2,44.35,2,44.45,3,2,2022-05-24 09:06:03
1653383163533517000,44.35,2,44.3,2,44.45,3,2,2022-05-24 09:06:03
1653383163817994000,44.45,1,44.3,2,44.45,13,1,2022-05-24 09:06:03
1653383164399824000,44.3,2,44.2,3,44.45,13,2,2022-05-24 09:06:04
1653383164399824000,44.2,8,44.2,3,44.45,13,2,2022-05-24 09:06:04
1653383164832815000,44.4,1,44.2,3,44.45,13,1,2022-05-24 09:06:04
1653383165548425000,44.45,1,44.2,3,44.45,12,1,2022-05-24 09:06:05
1653383168477965000,44.2,1,44.2,2,44.45,13,2,2022-05-24 09:06:08
1653383168781615000,44.2,1,44.2,1,44.4,1,2,2022-05-24 09:06:08
1653383170261507000,44.3,1,44.3,5,44.35,1,1,2022-05-24 09:06:10
1653383170492744000,44.3,1,44.3,4,44.35,1,2,2022-05-24 09:06:10
1653383171821666000,44.3,1,44.3,3,44.35,1,2,2022-05-24 09:06:11
1653383171914601000,44.3,1,44.3,2,44.35,1,2,2022-05-24 09:06:11
1653383172992329000,44.35,1,44.3,2,44.45,13,1,2022-05-24 09:06:12
1653383174622796000,44.3,1,44.3,1,44.35,1,2,2022-05-24 09:06:14
1653383175277293000,44.3,1,44.2,1,44.35,1,2,2022-05-24 09:06:15
1653383180945732000,44.2,1,44.15,1,44.25,1,2,2022-05-24 09:06:20
1653383183138884000,44.15,1,44.05,4,44.25,1,2,2022-05-24 09:06:23
1653383183138884000,44.05,1,44.05,4,44.25,1,2,2022-05-24 09:06:23
1653383184486148000,44.05,1,44.05,3,44.25,2,2,2022-05-24 09:06:24
1653383185051693000,44.05,1,44.05,2,44.25,2,2,2022-05-24 09:06:25
1653383186590062000,44.05,2,44.0,13,44.2,1,2,2022-05-24 09:06:26
1653383187487597000,44.0,13,43.95,1,44.0,4,2,2022-05-24 09:06:27
1653383187527616000,43.95,1,43.85,2,44.0,6,2,2022-05-24 09:06:27
1653383188278380000,43.85,1,43.85,1,43.95,1,2,2022-05-24 09:06:28
1653383189104911000,43.85,1,43.8,3,43.95,1,2,2022-05-24 09:06:29
1653383190326146000,43.8,1,43.8,2,43.95,1,2,2022-05-24 09:06:30
1653383191751738000,43.8,1,43.8,1,43.95,1,2,2022-05-24 09:06:31
1653383191789340000,43.8,1,43.6,3,43.95,1,2,2022-05-24 09:06:31
1653383193842137000,43.6,1,43.6,1,43.9,1,2,2022-05-24 09:06:33
1653383194670549000,43.6,1,43.5,8,43.95,11,2,2022-05-24 09:06:34
1653383197057908000,43.5,1,43.5,7,43.95,11,2,2022-05-24 09:06:37
1653383197846915000,43.9,1,43.5,7,43.95,9,1,2022-05-24 09:06:37
1653383197846915000,43.95,2,43.5,7,43.95,9,1,2022-05-24 09:06:37
1653383200867245000,43.9,1,43.55,2,43.95,9,2,2022-05-24 09:06:40
1653383203340783000,43.9,1,43.55,2,43.95,9,1,2022-05-24 09:06:43
1653383203615505000,43.55,1,43.55,1,43.95,9,2,2022-05-24 09:06:43
1653383211641221000,43.6,1,43.55,3,43.95,11,1,2022-05-24 09:06:51
1653383211656696000,43.55,3,43.4,2,43.95,11,2,2022-05-24 09:06:51
1653383211656696000,43.5,7,43.4,2,43.95,11,2,2022-05-24 09:06:51
1653383213432550000,43.55,1,43.35,6,43.85,1,2,2022-05-24 09:06:53
1653383216969095000,43.6,1,43.6,1,43.9,3,2,2022-05-24 09:06:56
1653383218051657000,43.6,1,43.35,6,43.85,1,2,2022-05-24 09:06:58
1653383224637000000,43.6,1,43.4,1,43.8,2,2,2022-05-24 09:07:04
1653383233464825000,43.6,2,43.5,2,43.75,1,1,2022-05-24 09:07:13
1653383233954044000,43.5,1,43.5,1,43.7,2,2,2022-05-24 09:07:13
1653383234593493000,43.6,1,43.5,1,43.7,2,1,2022-05-24 09:07:14
1653383236681049000,43.65,1,43.65,4,43.7,2,2,2022-05-24 09:07:16
1653383237601047000,43.65,1,43.65,3,43.7,2,2,2022-05-24 09:07:17
1653383237977731000,43.65,3,43.6,4,43.7,2,2,2022-05-24 09:07:17
1653383237977731000,43.6,1,43.6,4,43.7,2,2,2022-05-24 09:07:17
1653383245092310000,43.65,1,43.6,4,43.65,3,1,2022-05-24 09:07:25
1653383245467944000,43.6,1,43.6,3,43.65,2,2,2022-05-24 09:07:25
1653383245914879000,43.6,3,43.55,2,43.65,2,2,2022-05-24 09:07:25
1653383246679544000,43.55,2,43.5,1,43.6,1,2,2022-05-24 09:07:26
1653383246679544000,43.5,2,43.5,1,43.6,1,2,2022-05-24 09:07:26
1653383253320274000,43.5,1,43.45,1,43.6,11,2,2022-05-24 09:07:33
1653383255609335000,43.45,1,43.35,4,43.5,1,2,2022-05-24 09:07:35
1653383256066052000,43.5,1,43.35,4,43.6,11,1,2022-05-24 09:07:36
1653383258211930000,43.35,4,43.2,11,43.6,11,2,2022-05-24 09:07:38
1653383258211930000,43.3,4,43.2,11,43.6,11,2,2022-05-24 09:07:38
1653383258211930000,43.25,2,43.2,11,43.6,11,2,2022-05-24 09:07:38
1653383258335204000,43.2,1,43.2,10,43.55,1,2,2022-05-24 09:07:38
1653383264508352000,43.5,1,43.4,1,43.6,11,2,2022-05-24 09:07:44
1653383279741944000,43.5,1,43.45,2,43.5,3,1,2022-05-24 09:07:59
1653383279953656000,43.5,1,43.45,2,43.5,2,1,2022-05-24 09:07:59
1653383284259069000,43.5,1,43.45,2,43.5,1,1,2022-05-24 09:08:04
1653383284297570000,43.45,1,43.45,1,43.5,1,2,2022-05-24 09:08:04
1653383285945039000,43.5,1,43.45,1,43.55,2,1,2022-05-24 09:08:05
1653383298595457000,43.5,1,43.5,3,43.55,3,2,2022-05-24 09:08:18
1653383310812592000,43.5,1,43.5,3,43.55,3,2,2022-05-24 09:08:30
1653383331838042000,43.5,4,43.45,2,43.5,5,2,2022-05-24 09:08:51
1653383335637333000,43.5,2,43.45,2,43.5,3,1,2022-05-24 09:08:55
1653383338511428000,43.5,1,43.45,2,43.5,2,1,2022-05-24 09:08:58
1653383342214496000,43.45,1,43.4,1,43.5,2,2,2022-05-24 09:09:02
1653383350562324000,43.5,1,43.4,1,43.5,1,1,2022-05-24 09:09:10
1653383359853855000,43.5,1,43.4,1,43.55,11,1,2022-05-24 09:09:19
1653383366821767000,43.5,2,43.35,3,43.55,11,2,2022-05-24 09:09:26
1653383366821767000,43.45,1,43.35,3,43.55,11,2,2022-05-24 09:09:26
1653383366821767000,43.4,1,43.35,3,43.55,11,2,2022-05-24 09:09:26
1653383366821767000,43.35,1,43.35,3,43.55,11,2,2022-05-24 09:09:26
1653383378558123000,43.4,1,43.35,3,43.55,11,2,2022-05-24 09:09:38
1653383387058179000,43.4,1,43.35,6,43.5,1,2,2022-05-24 09:09:47
1653383390798312000,43.4,2,43.35,11,43.5,1,1,2022-05-24 09:09:50
1653383402676279000,43.4,1,43.4,7,43.5,12,2,2022-05-24 09:10:02
1653383410930626000,43.5,5,43.45,1,43.5,7,1,2022-05-24 09:10:10
1653383411433861000,43.45,1,43.4,7,43.55,11,2,2022-05-24 09:10:11
1653383423266879000,43.5,1,43.4,7,43.5,4,2,2022-05-24 09:10:23
1653383426081350000,43.5,1,43.4,7,43.5,3,1,2022-05-24 09:10:26
1653383427454737000,43.5,3,43.4,7,43.55,12,1,2022-05-24 09:10:27
1653383429925327000,43.5,4,43.4,8,43.5,1,2,2022-05-24 09:10:29
1653383438870606000,43.5,1,43.4,8,43.55,11,1,2022-05-24 09:10:38
1653383438870606000,43.55,1,43.4,8,43.55,11,1,2022-05-24 09:10:38
1653383450912258000,43.55,2,43.5,4,43.55,8,1,2022-05-24 09:10:50
1653383450938729000,43.55,8,43.5,4,43.85,3,1,2022-05-24 09:10:50
1653383484501014000,43.85,2,43.7,6,43.9,2,2,2022-05-24 09:11:24
1653383502756410000,43.85,1,43.7,7,43.9,2,1,2022-05-24 09:11:42
1653383503725695000,43.8,1,43.7,7,43.9,2,1,2022-05-24 09:11:43
1653383511414340000,43.85,1,43.8,3,43.9,2,2,2022-05-24 09:11:51
1653383516874186000,43.85,1,43.85,1,43.9,7,2,2022-05-24 09:11:56
1653383518027556000,43.9,2,43.85,1,43.9,5,1,2022-05-24 09:11:58
1653383524587069000,43.9,10,43.85,3,43.95,8,1,2022-05-24 09:12:04
1653383524686549000,43.85,3,43.8,4,43.95,8,2,2022-05-24 09:12:04
1653383526264180000,43.85,1,43.8,4,43.85,4,1,2022-05-24 09:12:06
1653383529019786000,43.85,1,43.8,4,43.85,3,1,2022-05-24 09:12:09
1653383529050811000,43.85,3,43.8,4,43.95,8,1,2022-05-24 09:12:09
1653383539672382000,43.85,2,43.8,4,43.9,7,2,2022-05-24 09:12:19
1653383539672382000,43.8,8,43.8,4,43.9,7,2,2022-05-24 09:12:19
1653383540877952000,43.9,1,43.8,5,43.9,6,1,2022-05-24 09:12:20
1653383546288670000,43.9,1,43.8,5,43.9,10,1,2022-05-24 09:12:26
1653383549183340000,43.9,1,43.8,5,43.9,9,1,2022-05-24 09:12:29
1653383551599723000,43.9,7,43.8,6,43.9,2,1,2022-05-24 09:12:31
1653383551622493000,43.9,2,43.8,6,43.95,8,1,2022-05-24 09:12:31
1653383564925416000,43.9,1,43.85,2,43.95,8,1,2022-05-24 09:12:44
1653383566922668000,43.85,1,43.85,1,43.9,2,2,2022-05-24 09:12:46
1653383568587796000,43.9,1,43.85,1,43.9,1,1,2022-05-24 09:12:48
1653383582981648000,43.9,1,43.9,1,43.95,8,1,2022-05-24 09:13:02
1653383585630496000,43.9,1,43.85,8,43.95,8,2,2022-05-24 09:13:05
1653383593088393000,43.9,1,43.85,8,43.9,4,2,2022-05-24 09:13:13
1653383594232901000,43.9,2,43.85,8,43.9,2,1,2022-05-24 09:13:14
1653383594265784000,43.9,1,43.85,8,43.9,1,1,2022-05-24 09:13:14
1653383600153438000,43.9,1,43.85,8,43.95,8,1,2022-05-24 09:13:20
1653383615462193000,43.95,1,43.85,8,43.95,7,1,2022-05-24 09:13:35
1653383632390422000,43.95,3,43.9,4,43.95,4,1,2022-05-24 09:13:52
1653383632423321000,43.95,1,43.9,4,43.95,3,1,2022-05-24 09:13:52
1653383641386487000,43.95,1,43.9,5,43.95,2,1,2022-05-24 09:14:01
1653383641405618000,43.95,2,43.9,5,44.0,3,1,2022-05-24 09:14:01
1653383653304817000,44.0,1,43.95,9,44.0,2,1,2022-05-24 09:14:13
1653383653687050000,44.0,1,43.95,9,44.0,1,1,2022-05-24 09:14:13
1653383655632445000,44.0,1,44.0,1,44.15,3,1,2022-05-24 09:14:15
1653383663218626000,44.15,1,44.0,6,44.15,2,1,2022-05-24 09:14:23
1653383663326052000,44.15,1,44.0,6,44.15,1,1,2022-05-24 09:14:23
1653383670497727000,44.15,1,44.0,8,44.2,17,1,2022-05-24 09:14:30
1653383675589941000,44.15,2,44.15,10,44.2,17,2,2022-05-24 09:14:35
1653383678858226000,44.2,1,44.15,13,44.2,16,1,2022-05-24 09:14:38
1653383683578676000,44.2,1,44.15,14,44.2,15,1,2022-05-24 09:14:43
1653383684535210000,44.2,5,44.15,14,44.2,10,1,2022-05-24 09:14:44
1653383686242008000,44.2,1,44.15,14,44.2,9,1,2022-05-24 09:14:46
1653383686825894000,44.2,1,44.15,14,44.2,8,1,2022-05-24 09:14:46
1653383689598579000,44.2,1,44.15,15,44.2,7,1,2022-05-24 09:14:49
1653383689919211000,44.2,1,44.15,15,44.2,6,1,2022-05-24 09:14:49
1653383690061513000,44.2,1,44.15,15,44.2,5,1,2022-05-24 09:14:50
1653383690692040000,44.2,1,44.15,15,44.2,4,1,2022-05-24 09:14:50
1653383691186221000,44.2,1,44.15,15,44.2,3,1,2022-05-24 09:14:51
1653383692207923000,44.2,1,44.15,15,44.2,2,1,2022-05-24 09:14:52
1653383692793944000,44.2,1,44.15,15,44.2,1,1,2022-05-24 09:14:52
1653383693270942000,44.2,1,44.2,1,44.45,11,1,2022-05-24 09:14:53
1653383693987841000,44.45,5,44.2,1,44.45,6,1,2022-05-24 09:14:53
1653383700882228000,44.4,1,44.2,9,44.4,3,1,2022-05-24 09:15:00
1653383701180776000,44.4,1,44.2,9,44.4,2,1,2022-05-24 09:15:01
1653383703175015000,44.4,1,44.2,10,44.4,1,1,2022-05-24 09:15:03
1653383704756080000,44.4,1,44.2,11,44.45,6,1,2022-05-24 09:15:04
1653383707013639000,44.4,1,44.2,12,44.4,1,1,2022-05-24 09:15:07
1653383709046661000,44.35,1,44.2,12,44.35,2,1,2022-05-24 09:15:09
1653383714675474000,44.35,2,44.3,2,44.35,1,1,2022-05-24 09:15:14
1653383717297567000,44.35,1,44.3,2,44.35,1,1,2022-05-24 09:15:17
1653383719699396000,44.35,1,44.3,6,44.4,1,1,2022-05-24 09:15:19
1653383723118249000,44.4,1,44.3,9,44.45,3,1,2022-05-24 09:15:23
1653383723118249000,44.45,4,44.3,9,44.45,3,1,2022-05-24 09:15:23
1653383726504058000,44.35,1,44.3,9,44.45,3,1,2022-05-24 09:15:26
1653383728835116000,44.45,1,44.35,2,44.45,2,1,2022-05-24 09:15:28
1653383737339156000,44.4,1,44.35,3,44.4,1,1,2022-05-24 09:15:37
1653383737723067000,44.35,1,44.35,2,44.4,1,2,2022-05-24 09:15:37
1653383737984369000,44.4,1,44.4,5,44.45,2,1,2022-05-24 09:15:37
1653383748624809000,44.4,5,44.35,4,44.4,1,2,2022-05-24 09:15:48
1653383752210392000,44.4,1,44.4,2,44.45,2,1,2022-05-24 09:15:52
1653383752528080000,44.4,2,44.35,4,44.45,3,2,2022-05-24 09:15:52
1653383752890715000,44.4,1,44.35,4,44.45,3,2,2022-05-24 09:15:52
1653383766636436000,44.35,4,44.3,11,44.4,6,2,2022-05-24 09:16:06
1653383769622736000,44.35,1,44.35,1,44.4,6,2,2022-05-24 09:16:09
1653383771974930000,44.4,1,44.35,1,44.4,5,1,2022-05-24 09:16:11
1653383772397528000,44.35,1,44.3,11,44.4,5,2,2022-05-24 09:16:12
1653383778398636000,44.3,2,44.3,9,44.35,3,2,2022-05-24 09:16:18
1653383786833204000,44.3,4,44.3,5,44.35,11,2,2022-05-24 09:16:26
1653383788502219000,44.3,1,44.3,5,44.35,11,2,2022-05-24 09:16:28
1653383789532522000,44.3,1,44.3,4,44.35,11,2,2022-05-24 09:16:29
1653383791569701000,44.3,3,44.3,1,44.35,11,2,2022-05-24 09:16:31
1653383791597173000,44.3,1,44.25,2,44.35,11,2,2022-05-24 09:16:31
1653383792747296000,44.35,5,44.25,2,44.35,6,1,2022-05-24 09:16:32
1653383798532098000,44.25,1,44.25,1,44.35,6,2,2022-05-24 09:16:38
1653383800170110000,44.25,1,44.2,12,44.3,1,2,2022-05-24 09:16:40
1653383801456530000,44.2,12,44.0,8,44.1,22,2,2022-05-24 09:16:41
1653383801456530000,44.15,11,44.0,8,44.1,22,2,2022-05-24 09:16:41
1653383801456530000,44.1,5,44.0,8,44.1,22,2,2022-05-24 09:16:41
1653383801856485000,44.0,1,44.0,7,44.05,1,2,2022-05-24 09:16:41
1653383801888984000,44.0,6,44.0,1,44.05,1,2,2022-05-24 09:16:41
1653383803696178000,44.0,1,43.95,2,44.05,1,2,2022-05-24 09:16:43
1653383806133277000,43.95,1,43.95,1,44.05,1,2,2022-05-24 09:16:46
1653383808818557000,43.95,1,43.9,6,44.05,1,2,2022-05-24 09:16:48
1653383811579768000,43.9,1,43.9,5,43.95,1,2,2022-05-24 09:16:51
1653383817388018000,43.9,1,43.9,4,43.95,1,2,2022-05-24 09:16:57
1653383818362265000,43.95,1,43.9,4,44.0,1,1,2022-05-24 09:16:58
1653383822071943000,43.9,1,43.9,3,44.0,1,2,2022-05-24 09:17:02
1653383842408038000,43.9,1,43.9,2,43.95,5,2,2022-05-24 09:17:22
1653383843860970000,43.9,1,43.9,1,43.95,5,2,2022-05-24 09:17:23
1653383843897109000,43.9,1,43.85,3,43.95,5,2,2022-05-24 09:17:23
1653383849035750000,43.9,1,43.85,3,43.95,5,1,2022-05-24 09:17:29
1653383865131626000,43.85,1,43.85,2,43.95,5,2,2022-05-24 09:17:45
1653383896047178000,43.9,1,43.85,2,43.95,5,1,2022-05-24 09:18:16
1653383897271653000,43.85,1,43.85,1,43.95,5,2,2022-05-24 09:18:17
1653383945100817000,43.85,4,43.8,5,43.85,1,2,2022-05-24 09:19:05
1653383952208435000,43.8,1,43.8,4,43.85,2,2,2022-05-24 09:19:12
1653383955592192000,43.85,2,43.8,4,43.9,10,1,2022-05-24 09:19:15
1653383959567908000,43.8,2,43.8,2,43.9,10,2,2022-05-24 09:19:19
1653383959602803000,43.8,2,43.75,3,43.8,3,2,2022-05-24 09:19:19
1653383968754375000,43.75,1,43.75,2,43.8,3,2,2022-05-24 09:19:28
1653383968891471000,43.75,1,43.75,1,43.8,3,2,2022-05-24 09:19:28
1653383986837181000,43.75,1,43.7,6,43.8,4,2,2022-05-24 09:19:46
1653383990544120000,43.75,1,43.75,1,43.8,4,2,2022-05-24 09:19:50
1653383993416088000,43.75,2,43.7,3,43.8,4,2,2022-05-24 09:19:53
1653383993416088000,43.7,2,43.7,3,43.8,4,2,2022-05-24 09:19:53
1653383995303444000,43.7,1,43.7,2,43.8,4,2,2022-05-24 09:19:55
1653383995917129000,43.8,1,43.7,2,43.8,3,1,2022-05-24 09:19:55
1653384007361069000,43.75,1,43.7,2,43.8,5,2,2022-05-24 09:20:07
1653384014411981000,43.75,2,43.7,1,43.8,5,2,2022-05-24 09:20:14
1653384014411981000,43.7,1,43.7,1,43.8,5,2,2022-05-24 09:20:14
1653384017137783000,43.8,1,43.7,1,43.8,4,1,2022-05-24 09:20:17
1653384019318841000,43.7,1,43.65,2,43.8,4,2,2022-05-24 09:20:19
1653384028719887000,43.75,1,43.75,1,43.8,3,2,2022-05-24 09:20:28
1653384060071277000,43.75,1,43.7,1,43.8,3,2,2022-05-24 09:21:00
1653384130005708000,43.7,5,43.65,2,43.75,2,2,2022-05-24 09:22:10
1653384154595565000,43.65,1,43.65,1,43.7,12,2,2022-05-24 09:22:34
1653384158476290000,43.65,1,43.6,5,43.7,12,2,2022-05-24 09:22:38
1653384164632012000,43.6,1,43.6,4,43.65,1,2,2022-05-24 09:22:44
1653384168798246000,43.6,1,43.6,3,43.65,1,2,2022-05-24 09:22:48
1653384170896434000,43.6,1,43.6,2,43.65,1,2,2022-05-24 09:22:50
1653384171722947000,43.6,1,43.6,1,43.65,1,2,2022-05-24 09:22:51
1653384171749029000,43.6,1,43.55,9,43.65,1,2,2022-05-24 09:22:51
1653384198785244000,43.6,1,43.6,2,43.65,7,2,2022-05-24 09:23:18
1653384207234357000,43.6,1,43.6,1,43.65,7,2,2022-05-24 09:23:27
1653384213826801000,43.6,1,43.55,5,43.65,7,2,2022-05-24 09:23:33
1653384231125650000,43.6,1,43.6,1,43.65,7,2,2022-05-24 09:23:51
1653384240305088000,43.6,1,43.55,1,43.65,7,2,2022-05-24 09:24:00
1653384240305088000,43.55,4,43.55,1,43.65,7,2,2022-05-24 09:24:00
1653384273334938000,43.6,1,43.55,3,43.65,7,1,2022-05-24 09:24:33
1653384320751881000,43.65,1,43.6,4,43.65,6,1,2022-05-24 09:25:20
1653384342488430000,43.65,1,43.6,4,43.65,5,1,2022-05-24 09:25:42
1653384342878831000,43.65,1,43.6,4,43.65,4,1,2022-05-24 09:25:42
1653384345832263000,43.65,1,43.6,4,43.65,3,1,2022-05-24 09:25:45
1653384348954921000,43.65,1,43.6,4,43.65,2,1,2022-05-24 09:25:48
1653384348992027000,43.65,2,43.6,4,43.7,10,1,2022-05-24 09:25:48
1653384354294003000,43.7,1,43.65,2,43.7,9,1,2022-05-24 09:25:54
1653384354755666000,43.7,1,43.65,2,43.7,8,1,2022-05-24 09:25:54
1653384362429840000,43.7,1,43.65,4,43.7,7,1,2022-05-24 09:26:02
1653384362453853000,43.7,3,43.65,4,43.7,4,1,2022-05-24 09:26:02
1653384363710782000,43.7,1,43.65,4,43.7,3,1,2022-05-24 09:26:03
1653384364124767000,43.7,1,43.65,4,43.7,2,1,2022-05-24 09:26:04
1653384364156106000,43.7,2,43.65,4,43.8,2,1,2022-05-24 09:26:04
1653384387110573000,43.8,2,43.7,4,43.9,1,1,2022-05-24 09:26:27
1653384427598935000,43.85,1,43.8,6,43.9,1,2,2022-05-24 09:27:07
1653384427598935000,43.8,2,43.8,6,43.9,1,2,2022-05-24 09:27:07
1653384458506956000,43.85,1,43.8,8,43.9,1,2,2022-05-24 09:27:38
1653384471565706000,43.8,1,43.8,7,43.9,1,2,2022-05-24 09:27:51
1653384476032569000,43.8,8,43.7,7,43.9,1,2,2022-05-24 09:27:56
1653384506800778000,43.8,1,43.7,7,43.9,2,2,2022-05-24 09:28:26
1653384547892468000,43.9,1,43.8,1,44.0,28,1,2022-05-24 09:29:07
1653384573889547000,43.9,1,43.8,2,43.95,1,2,2022-05-24 09:29:33
1653384585195256000,43.9,1,43.8,2,44.0,28,1,2022-05-24 09:29:45
1653384600592055000,43.8,2,43.8,1,43.9,5,2,2022-05-24 09:30:00
1653384617006930000,43.9,5,43.8,5,44.0,20,1,2022-05-24 09:30:17
1653384627874271000,43.95,1,43.9,2,44.0,20,2,2022-05-24 09:30:27
1653384634684879000,43.9,3,43.8,5,44.0,20,2,2022-05-24 09:30:34
1653384651240935000,43.9,1,43.8,6,44.0,20,2,2022-05-24 09:30:51
1653384658471565000,43.95,1,43.8,6,44.0,21,1,2022-05-24 09:30:58
1653384689522908000,44.0,19,43.85,2,44.2,1,1,2022-05-24 09:31:29
1653384689522908000,44.05,1,43.85,2,44.2,1,1,2022-05-24 09:31:29
1653384704033849000,43.95,3,43.85,1,44.2,1,1,2022-05-24 09:31:44
1653384715846680000,44.2,1,43.95,1,44.2,1,1,2022-05-24 09:31:55
1653384730581083000,44.0,1,43.95,5,44.0,1,2,2022-05-24 09:32:10
1653384737914293000,44.0,1,44.0,1,44.15,1,1,2022-05-24 09:32:17
1653384745197216000,44.0,1,43.95,5,44.15,2,2,2022-05-24 09:32:25
1653384772337132000,44.15,1,44.0,12,44.25,1,1,2022-05-24 09:32:52
1653384791099584000,44.05,1,44.0,17,44.2,2,2,2022-05-24 09:33:11
1653384795951091000,44.2,1,44.05,1,44.2,1,1,2022-05-24 09:33:15
1653384797613035000,44.2,1,44.05,1,44.25,1,1,2022-05-24 09:33:17
1653384805222172000,44.2,2,44.05,1,44.3,2,1,2022-05-24 09:33:25
1653384805222172000,44.25,1,44.05,1,44.3,2,1,2022-05-24 09:33:25
1653384810966818000,44.3,1,44.2,2,44.3,1,1,2022-05-24 09:33:30
1653384836764692000,44.3,1,44.25,2,44.45,1,1,2022-05-24 09:33:56
1653384836764692000,44.35,1,44.25,2,44.45,1,1,2022-05-24 09:33:56
1653384840066643000,44.3,1,44.25,3,44.45,1,2,2022-05-24 09:34:00
1653384846142571000,44.4,1,44.3,2,44.45,1,1,2022-05-24 09:34:06
1653384855264911000,44.45,1,44.3,3,44.5,2,1,2022-05-24 09:34:15
1653384858483107000,44.5,2,44.3,4,44.55,1,1,2022-05-24 09:34:18
1653384862553020000,44.55,1,44.3,4,44.6,4,1,2022-05-24 09:34:22
1653384862681153000,44.6,3,44.35,1,44.6,1,1,2022-05-24 09:34:22
1653384878448449000,44.35,1,44.3,6,44.5,2,2,2022-05-24 09:34:38
1653384882974036000,44.35,1,44.3,6,44.5,2,2,2022-05-24 09:34:42
1653384887140728000,44.5,2,44.4,2,44.55,2,1,2022-05-24 09:34:47
1653384892543431000,44.55,1,44.4,3,44.55,1,1,2022-05-24 09:34:52
1653384894509415000,44.55,1,44.4,3,44.65,5,1,2022-05-24 09:34:54
1653384894555005000,44.45,1,44.4,3,44.65,5,2,2022-05-24 09:34:54
1653384900554302000,44.55,1,44.4,3,44.6,1,1,2022-05-24 09:35:00
1653384907957317000,44.5,1,44.4,3,44.55,1,1,2022-05-24 09:35:07
1653384911516667000,44.4,3,44.3,6,44.5,1,2,2022-05-24 09:35:11
1653384912561187000,44.5,1,44.3,6,44.55,3,1,2022-05-24 09:35:12
1653384918140784000,44.5,1,44.3,6,44.55,3,2,2022-05-24 09:35:18
1653384920220826000,44.5,1,44.5,2,44.55,3,1,2022-05-24 09:35:20
1653384920545353000,44.55,2,44.5,2,44.55,1,1,2022-05-24 09:35:20
1653384920553253000,44.55,1,44.5,2,44.65,8,1,2022-05-24 09:35:20
1653384925554051000,44.65,1,44.5,2,44.65,6,1,2022-05-24 09:35:25
1653384930658418000,44.65,1,44.55,1,44.65,5,1,2022-05-24 09:35:30
1653384933065155000,44.65,2,44.55,1,44.65,3,1,2022-05-24 09:35:33
1653384933078949000,44.65,1,44.55,1,44.65,2,1,2022-05-24 09:35:33
1653384933359010000,44.65,2,44.55,1,44.7,28,1,2022-05-24 09:35:33
1653384938940878000,44.65,1,44.6,1,44.7,19,1,2022-05-24 09:35:38
1653384938940878000,44.7,9,44.6,1,44.7,19,1,2022-05-24 09:35:38
1653384940599058000,44.65,1,44.6,1,44.65,2,2,2022-05-24 09:35:40
1653384943423243000,44.65,1,44.6,1,44.65,1,1,2022-05-24 09:35:43
1653384943719121000,44.65,1,44.6,2,44.7,19,1,2022-05-24 09:35:43
1653384947642822000,44.7,10,44.65,2,44.7,9,1,2022-05-24 09:35:47
1653384948100165000,44.7,1,44.65,2,44.7,8,1,2022-05-24 09:35:48
1653384948776790000,44.7,1,44.65,2,44.7,7,1,2022-05-24 09:35:48
1653384951335089000,44.7,2,44.65,3,44.7,5,1,2022-05-24 09:35:51
1653384954744315000,44.7,1,44.65,4,44.7,4,1,2022-05-24 09:35:54
1653384956093574000,44.7,3,44.65,9,44.7,1,1,2022-05-24 09:35:56
1653384956130963000,44.7,1,44.65,9,44.75,5,1,2022-05-24 09:35:56
1653384956354160000,44.75,2,44.65,9,44.75,3,1,2022-05-24 09:35:56
1653384960154591000,44.7,1,44.65,9,44.7,2,1,2022-05-24 09:36:00
1653384961387887000,44.7,1,44.65,9,44.7,1,1,2022-05-24 09:36:01
1653384962100620000,44.65,2,44.65,7,44.7,1,2,2022-05-24 09:36:02
1653384964877738000,44.7,1,44.65,7,44.75,3,1,2022-05-24 09:36:04
1653384974222525000,44.75,2,44.7,12,44.75,1,1,2022-05-24 09:36:14
1653384974847394000,44.75,1,44.75,1,44.8,1,1,2022-05-24 09:36:14
1653384975965778000,44.75,1,44.7,12,44.8,1,2,2022-05-24 09:36:15
1653384978671024000,44.8,1,44.75,1,44.85,31,1,2022-05-24 09:36:18
1653384979141925000,44.75,1,44.7,13,44.85,31,2,2022-05-24 09:36:19
1653384979141925000,44.7,1,44.7,13,44.85,31,2,2022-05-24 09:36:19
1653384979332930000,44.85,1,44.7,13,44.85,30,1,2022-05-24 09:36:19
1653384979810515000,44.7,1,44.7,12,44.85,30,2,2022-05-24 09:36:19
1653384983385915000,44.7,12,44.65,5,44.8,4,2,2022-05-24 09:36:23
1653384983466104000,44.8,1,44.65,5,44.8,3,1,2022-05-24 09:36:23
1653384987594942000,44.8,3,44.75,2,44.85,20,1,2022-05-24 09:36:27
1653384987594942000,44.85,9,44.75,2,44.85,20,1,2022-05-24 09:36:27
1653384991507423000,44.75,2,44.7,6,44.75,1,2,2022-05-24 09:36:31
1653384995863027000,44.75,1,44.7,6,44.8,7,1,2022-05-24 09:36:35
1653384995863027000,44.8,2,44.7,6,44.8,7,1,2022-05-24 09:36:35
1653384999970977000,44.75,2,44.75,2,44.8,7,2,2022-05-24 09:36:39
1653385000978572000,44.75,1,44.75,1,44.8,7,2,2022-05-24 09:36:40
1653385007840224000,44.75,1,44.75,4,44.8,7,2,2022-05-24 09:36:47
1653385008618113000,44.75,1,44.75,3,44.8,8,2,2022-05-24 09:36:48
1653385009677605000,44.75,1,44.75,2,44.8,8,2,2022-05-24 09:36:49
1653385011997705000,44.8,1,44.75,2,44.8,7,1,2022-05-24 09:36:51
1653385012529378000,44.75,2,44.7,12,44.75,3,2,2022-05-24 09:36:52
1653385016664657000,44.75,1,44.7,12,44.75,3,1,2022-05-24 09:36:56
1653385017684863000,44.75,3,44.75,2,44.8,7,1,2022-05-24 09:36:57
1653385019174229000,44.8,1,44.75,2,44.8,6,1,2022-05-24 09:36:59
1653385022976941000,44.8,1,44.75,3,44.8,5,1,2022-05-24 09:37:02
1653385023743289000,44.8,1,44.75,3,44.8,4,1,2022-05-24 09:37:03
1653385023771086000,44.8,4,44.75,3,44.85,21,1,2022-05-24 09:37:03
1653385038498849000,44.8,3,44.75,5,44.8,5,1,2022-05-24 09:37:18
1653385042007694000,44.8,1,44.75,25,44.8,4,1,2022-05-24 09:37:22
1653385045567336000,44.8,1,44.75,25,44.8,3,1,2022-05-24 09:37:25
1653385045789879000,44.8,2,44.75,25,44.8,1,1,2022-05-24 09:37:25
1653385045909852000,44.8,1,44.8,1,44.85,21,1,2022-05-24 09:37:25
1653385046461655000,44.85,1,44.8,1,44.85,20,1,2022-05-24 09:37:26
1653385048634108000,44.8,1,44.8,2,44.85,20,2,2022-05-24 09:37:28
1653385050548313000,44.8,1,44.8,2,44.85,20,2,2022-05-24 09:37:30
1653385057206667000,44.85,1,44.8,4,44.85,19,1,2022-05-24 09:37:37
1653385058887261000,44.8,1,44.8,3,44.85,19,2,2022-05-24 09:37:38
1653385059663598000,44.85,1,44.8,3,44.85,18,1,2022-05-24 09:37:39
1653385071599341000,44.85,1,44.8,4,44.85,16,1,2022-05-24 09:37:51
1653385073221546000,44.85,1,44.8,4,44.85,15,1,2022-05-24 09:37:53
1653385073828714000,44.85,1,44.8,4,44.85,14,1,2022-05-24 09:37:53
1653385076114228000,44.85,5,44.8,4,44.85,9,1,2022-05-24 09:37:56
1653385076869188000,44.85,1,44.8,4,44.85,8,1,2022-05-24 09:37:56
1653385076984115000,44.85,1,44.8,4,44.85,7,1,2022-05-24 09:37:56
1653385077045422000,44.85,6,44.8,4,44.85,1,1,2022-05-24 09:37:57
1653385079052378000,44.85,1,44.8,4,44.9,5,1,2022-05-24 09:37:59
1653385079899982000,44.85,1,44.85,1,44.9,5,2,2022-05-24 09:37:59
1653385080664199000,44.9,1,44.85,1,44.9,4,1,2022-05-24 09:38:00
1653385083420953000,44.85,2,44.8,4,44.9,4,2,2022-05-24 09:38:03
1653385084736133000,44.85,1,44.8,3,44.9,4,2,2022-05-24 09:38:04
1653385084736133000,44.8,1,44.8,3,44.9,4,2,2022-05-24 09:38:04
1653385089892709000,44.85,1,44.8,3,44.9,4,2,2022-05-24 09:38:09
1653385119221002000,44.85,1,44.8,14,44.9,6,1,2022-05-24 09:38:39
1653385119900669000,44.8,7,44.8,7,44.9,6,2,2022-05-24 09:38:39
1653385127127234000,44.85,1,44.8,7,44.85,1,2,2022-05-24 09:38:47
1653385128870996000,44.8,3,44.8,4,44.85,3,2,2022-05-24 09:38:48
1653385132270923000,44.8,1,44.8,3,44.85,3,2,2022-05-24 09:38:52
1653385132298678000,44.8,3,44.75,7,44.85,3,2,2022-05-24 09:38:52
1653385138936037000,44.75,1,44.75,6,44.8,3,2,2022-05-24 09:38:58
1653385142190087000,44.75,1,44.75,5,44.8,3,2,2022-05-24 09:39:02
1653385143488491000,44.75,1,44.75,4,44.8,4,2,2022-05-24 09:39:03
1653385143521069000,44.75,4,44.7,9,44.8,4,2,2022-05-24 09:39:03
1653385147437857000,44.7,1,44.7,7,44.8,5,2,2022-05-24 09:39:07
1653385152424098000,44.7,6,44.7,1,44.75,2,2,2022-05-24 09:39:12
1653385152456284000,44.7,1,44.65,4,44.75,2,2,2022-05-24 09:39:12
1653385155405270000,44.65,2,44.65,2,44.75,2,2,2022-05-24 09:39:15
1653385155443144000,44.65,2,44.6,1,44.75,2,2,2022-05-24 09:39:15
1653385171900370000,44.65,1,44.6,1,44.7,1,2,2022-05-24 09:39:31
1653385192670358000,44.6,1,44.5,4,44.65,2,2,2022-05-24 09:39:52
1653385198589139000,44.5,2,44.5,2,44.6,3,2,2022-05-24 09:39:58
1653385198622016000,44.5,1,44.5,1,44.6,3,2,2022-05-24 09:39:58
1653385204129575000,44.5,1,44.45,1,44.6,2,2,2022-05-24 09:40:04
1653385221041698000,44.45,1,44.45,2,44.5,11,2,2022-05-24 09:40:21
1653385222850550000,44.45,2,44.45,1,44.5,13,2,2022-05-24 09:40:22
1653385228062958000,44.45,1,44.3,4,44.5,13,2,2022-05-24 09:40:28
1653385230598006000,44.3,2,44.3,2,44.45,5,2,2022-05-24 09:40:30
1653385231848804000,44.3,2,44.25,2,44.45,5,2,2022-05-24 09:40:31
1653385240362278000,44.25,2,44.2,3,44.45,5,2,2022-05-24 09:40:40
1653385240362278000,44.2,1,44.2,3,44.45,5,2,2022-05-24 09:40:40
1653385245210854000,44.2,1,44.2,2,44.3,3,2,2022-05-24 09:40:45
1653385247223778000,44.2,2,44.05,4,44.3,3,2,2022-05-24 09:40:47
1653385253460499000,44.1,1,44.05,4,44.3,3,2,2022-05-24 09:40:53
1653385256069080000,44.1,1,44.1,4,44.2,1,1,2022-05-24 09:40:56
1653385257946281000,44.1,2,44.1,2,44.2,1,2,2022-05-24 09:40:57
1653385269345244000,44.2,1,44.15,1,44.45,1,1,2022-05-24 09:41:09
1653385298221828000,44.45,1,44.3,1,44.5,3,1,2022-05-24 09:41:38
1653385313722570000,44.5,1,44.45,1,44.5,2,1,2022-05-24 09:41:53
1653385316081448000,44.5,2,44.45,1,44.6,3,1,2022-05-24 09:41:56
1653385346954413000,44.55,1,44.45,2,44.55,2,1,2022-05-24 09:42:26
1653385352186674000,44.55,1,44.45,2,44.55,1,1,2022-05-24 09:42:32
1653385366453459000,44.55,1,44.55,1,44.6,3,1,2022-05-24 09:42:46
1653385366489587000,44.55,1,44.45,1,44.6,3,2,2022-05-24 09:42:46
1653385368398398000,44.6,1,44.45,1,44.6,2,1,2022-05-24 09:42:48
1653385373822330000,44.6,2,44.45,1,44.65,3,1,2022-05-24 09:42:53
1653385383715462000,44.6,1,44.45,1,44.65,3,1,2022-05-24 09:43:03
1653385391961798000,44.6,1,44.5,1,44.65,3,1,2022-05-24 09:43:11
1653385408303023000,44.65,1,44.6,1,44.65,2,1,2022-05-24 09:43:28
1653385408581913000,44.6,1,44.55,1,44.65,2,2,2022-05-24 09:43:28
1653385438962723000,44.6,1,44.6,1,44.65,2,2,2022-05-24 09:43:58
1653385461231221000,44.6,1,44.55,1,44.65,2,2,2022-05-24 09:44:21
1653385475786344000,44.55,1,44.5,1,44.6,3,2,2022-05-24 09:44:35
1653385492205341000,44.55,1,44.5,1,44.6,3,2,2022-05-24 09:44:52
1653385501554281000,44.5,1,44.45,1,44.55,1,2,2022-05-24 09:45:01
1653385540691774000,44.45,1,44.4,1,44.45,1,2,2022-05-24 09:45:40
1653385557332769000,44.4,1,44.3,5,44.4,1,2,2022-05-24 09:45:57
1653385558325420000,44.4,1,44.3,5,44.45,2,1,2022-05-24 09:45:58
1653385561949201000,44.3,1,44.3,4,44.45,1,2,2022-05-24 09:46:01
1653385572658079000,44.3,5,44.2,1,44.4,1,2,2022-05-24 09:46:12
1653385572658079000,44.25,2,44.2,1,44.4,1,2,2022-05-24 09:46:12
1653385572658079000,44.2,7,44.2,1,44.4,1,2,2022-05-24 09:46:12
1653385572943519000,44.4,1,44.2,1,44.5,1,1,2022-05-24 09:46:12
1653385572943519000,44.45,1,44.2,1,44.5,1,1,2022-05-24 09:46:12
1653385606399056000,44.35,2,44.2,1,44.4,2,1,2022-05-24 09:46:46
1653385612598506000,44.35,1,44.2,1,44.4,2,2,2022-05-24 09:46:52
1653385651394919000,44.35,2,44.2,1,44.4,2,1,2022-05-24 09:47:31
1653385669130225000,44.35,1,44.2,1,44.35,1,2,2022-05-24 09:47:49
1653385686484340000,44.2,1,44.1,2,44.35,1,2,2022-05-24 09:48:06
1653385700806810000,44.2,1,44.1,2,44.2,2,1,2022-05-24 09:48:20
1653385731846281000,44.1,3,44.05,4,44.2,4,2,2022-05-24 09:48:51
1653385752852250000,44.05,1,44.05,3,44.2,5,2,2022-05-24 09:49:12
1653385762358603000,44.05,1,44.05,2,44.1,2,2,2022-05-24 09:49:22
1653385763408965000,44.05,2,44.0,9,44.1,2,2,2022-05-24 09:49:23
1653385775085060000,44.0,1,44.0,8,44.05,1,2,2022-05-24 09:49:35
1653385779015405000,44.0,2,44.0,6,44.05,1,2,2022-05-24 09:49:39
1653385780512600000,44.0,3,44.0,3,44.05,3,2,2022-05-24 09:49:40
1653385783007354000,44.0,1,44.0,3,44.05,3,2,2022-05-24 09:49:43
1653385786722413000,44.0,3,43.9,1,44.0,7,2,2022-05-24 09:49:46
1653385801338942000,43.9,1,43.85,7,44.0,19,2,2022-05-24 09:50:01
1653385809391009000,43.85,3,43.85,4,44.0,9,2,2022-05-24 09:50:09
1653385820002248000,43.85,1,43.85,3,44.0,7,2,2022-05-24 09:50:20
1653385822223340000,43.85,3,43.8,6,43.95,1,2,2022-05-24 09:50:22
1653385823931275000,43.8,1,43.8,4,43.95,1,2,2022-05-24 09:50:23
1653385829301147000,43.85,1,43.85,1,43.95,1,1,2022-05-24 09:50:29
1653385835903800000,43.85,1,43.8,4,43.95,1,2,2022-05-24 09:50:35
1653385940131948000,43.9,2,43.85,6,43.9,6,1,2022-05-24 09:52:20
1653385942303137000,43.9,1,43.85,6,43.9,5,1,2022-05-24 09:52:22
1653385942338258000,43.9,5,43.85,6,44.2,2,1,2022-05-24 09:52:22
1653385949315013000,44.2,1,43.85,6,44.2,2,1,2022-05-24 09:52:29
1653386024857574000,44.0,1,44.0,2,44.2,1,2,2022-05-24 09:53:44
1653386089378932000,44.1,1,44.0,6,44.2,1,1,2022-05-24 09:54:49
1653386155113592000,44.15,1,44.1,3,44.2,2,2,2022-05-24 09:55:55
1653386206151592000,44.2,1,44.15,1,44.2,1,1,2022-05-24 09:56:46
1653386211165141000,44.2,1,44.15,1,44.35,1,1,2022-05-24 09:56:51
1653386267093376000,44.2,2,44.1,6,44.25,1,2,2022-05-24 09:57:47
1653386269730411000,44.25,1,44.1,6,44.3,1,1,2022-05-24 09:57:49
1653386303013777000,44.3,1,44.15,1,44.3,2,1,2022-05-24 09:58:23
1653386311894326000,44.3,1,44.15,1,44.3,1,1,2022-05-24 09:58:31
1653386332898672000,44.3,1,44.15,1,44.35,1,1,2022-05-24 09:58:52
1653386340207969000,44.15,1,44.0,9,44.35,1,2,2022-05-24 09:59:00
1653386340207969000,44.1,5,44.0,9,44.35,1,2,2022-05-24 09:59:00
1653386340207969000,44.05,1,44.0,9,44.35,1,2,2022-05-24 09:59:00
1653386340207969000,44.0,7,44.0,9,44.35,1,2,2022-05-24 09:59:00
1653386370950772000,44.0,1,43.9,2,44.3,2,2,2022-05-24 09:59:30
1653386441132393000,43.9,2,43.85,6,44.2,1,2,2022-05-24 10:00:41
1653386558346311000,43.9,1,43.9,2,44.2,1,2,2022-05-24 10:02:38
1653386679394954000,43.95,1,43.95,2,44.1,2,2,2022-05-24 10:04:39
1653386772298345000,44.0,1,43.95,2,44.1,1,1,2022-05-24 10:06:12
1653386813349938000,44.1,1,44.0,1,44.3,3,1,2022-05-24 10:06:53
1653386836917509000,44.25,1,44.0,3,44.3,3,1,2022-05-24 10:07:16
1653386854029333000,44.3,1,44.2,3,44.3,2,1,2022-05-24 10:07:34
1653386859453412000,44.3,1,44.2,3,44.3,1,1,2022-05-24 10:07:39
1653386863920934000,44.3,1,44.3,1,44.4,7,1,2022-05-24 10:07:43
1653386873674454000,44.3,2,44.2,3,44.35,1,2,2022-05-24 10:07:53
1653386875531816000,44.35,1,44.2,3,44.4,7,1,2022-05-24 10:07:55
1653386897323465000,44.35,1,44.2,4,44.4,7,1,2022-05-24 10:08:17
1653386915034740000,44.35,1,44.25,6,44.35,1,1,2022-05-24 10:08:35
1653386919436840000,44.35,1,44.25,6,44.4,7,1,2022-05-24 10:08:39
1653386926433936000,44.35,2,44.25,6,44.4,7,2,2022-05-24 10:08:46
1653386934210206000,44.35,3,44.3,1,44.4,7,2,2022-05-24 10:08:54
1653386982728742000,44.3,1,44.25,3,44.35,2,2,2022-05-24 10:09:42
1653386994562520000,44.35,1,44.25,3,44.35,1,1,2022-05-24 10:09:54
1653387001140850000,44.3,1,44.25,3,44.35,1,1,2022-05-24 10:10:01
1653387038048048000,44.3,1,44.25,2,44.35,1,2,2022-05-24 10:10:38
1653387070466626000,44.25,2,44.2,1,44.3,1,2,2022-05-24 10:11:10
1653387222660237000,43.95,1,43.9,4,44.3,1,2,2022-05-24 10:13:42
1653387323802873000,44.0,1,43.95,4,44.05,1,1,2022-05-24 10:15:23
1653387341673458000,44.0,1,43.95,5,44.05,1,1,2022-05-24 10:15:41
1653387370787988000,44.0,1,43.95,4,44.05,1,2,2022-05-24 10:16:10
1653387410163447000,44.0,1,43.95,4,44.05,1,2,2022-05-24 10:16:50
1653387435628011000,43.95,4,43.9,4,44.0,1,2,2022-05-24 10:17:15
1653387452082707000,43.9,4,43.9,1,44.0,1,2,2022-05-24 10:17:32
1653387452105795000,43.9,1,43.85,8,44.0,1,2,2022-05-24 10:17:32
1653387463809225000,43.85,1,43.85,7,44.0,1,2,2022-05-24 10:17:43
1653387464971107000,43.85,7,43.8,8,43.85,1,2,2022-05-24 10:17:44
1653387464999498000,43.8,8,43.7,3,43.85,1,2,2022-05-24 10:17:44
1653387469973446000,43.85,1,43.7,3,44.0,1,1,2022-05-24 10:17:49
1653387482047745000,43.7,1,43.7,2,44.0,1,2,2022-05-24 10:18:02
1653387485881556000,43.7,1,43.7,2,44.0,1,2,2022-05-24 10:18:05
1653387486890103000,43.7,2,43.65,1,44.0,2,2,2022-05-24 10:18:06
1653387490238826000,43.65,1,43.6,2,44.0,2,2,2022-05-24 10:18:10
1653387501541394000,43.6,1,43.55,3,43.95,1,2,2022-05-24 10:18:21
1653387509229384000,43.55,2,43.5,16,43.95,1,2,2022-05-24 10:18:29
1653387520290594000,43.6,1,43.55,5,43.8,1,2,2022-05-24 10:18:40
1653387525062931000,43.6,1,43.55,5,43.8,1,1,2022-05-24 10:18:45
1653387536609631000,43.6,2,43.6,2,43.8,1,2,2022-05-24 10:18:56
1653387563953717000,43.6,1,43.6,2,43.7,1,2,2022-05-24 10:19:23
1653387574102869000,43.65,1,43.6,2,43.7,1,1,2022-05-24 10:19:34
1653387586458742000,43.65,1,43.55,6,43.7,1,2,2022-05-24 10:19:46
1653387586458742000,43.6,4,43.55,6,43.7,1,2,2022-05-24 10:19:46
1653387587883404000,43.65,1,43.55,2,43.7,1,2,2022-05-24 10:19:47
1653387587883404000,43.55,4,43.55,2,43.7,1,2,2022-05-24 10:19:47
1653387611262688000,43.55,1,43.55,4,43.65,1,2,2022-05-24 10:20:11
1653387649032901000,43.6,1,43.55,8,43.8,1,1,2022-05-24 10:20:49
1653387654842725000,43.6,1,43.55,9,43.6,2,2,2022-05-24 10:20:54
1653387655456982000,43.55,1,43.55,8,43.6,2,2,2022-05-24 10:20:55
1653387660580697000,43.6,1,43.55,8,43.6,1,1,2022-05-24 10:21:00
1653387661419030000,43.6,1,43.6,1,43.8,1,1,2022-05-24 10:21:01
1653387699302648000,43.65,2,43.6,10,43.8,2,2,2022-05-24 10:21:39
1653387773312361000,43.65,10,43.6,10,43.8,2,2,2022-05-24 10:22:53
1653387773613797000,43.6,7,43.6,3,43.8,2,2,2022-05-24 10:22:53
1653387773653421000,43.6,3,43.55,9,43.8,2,2,2022-05-24 10:22:53
1653387817278540000,43.8,1,43.55,9,43.8,3,1,2022-05-24 10:23:37
1653387911072110000,43.8,1,43.6,4,44.0,4,1,2022-05-24 10:25:11
1653388008640837000,43.8,1,43.65,2,43.9,4,2,2022-05-24 10:26:48
1653388008640837000,43.75,1,43.65,2,43.9,4,2,2022-05-24 10:26:48
1653388008640837000,43.65,1,43.65,2,43.9,4,2,2022-05-24 10:26:48
1653388021915717000,43.65,2,43.6,5,43.9,4,2,2022-05-24 10:27:01
1653388040183605000,43.6,5,43.55,10,43.65,2,2,2022-05-24 10:27:20
1653388054088390000,43.55,9,43.55,1,43.65,2,2,2022-05-24 10:27:34
1653388056857740000,43.65,1,43.55,1,43.65,1,1,2022-05-24 10:27:36
1653388077431399000,43.65,1,43.6,1,43.9,2,1,2022-05-24 10:27:57
1653388090682986000,43.6,1,43.55,2,43.85,2,2,2022-05-24 10:28:10
1653388096724277000,43.6,1,43.55,2,43.85,2,2,2022-05-24 10:28:16
1653388107167754000,43.6,1,43.6,1,43.9,2,1,2022-05-24 10:28:27
1653388126406081000,43.85,2,43.6,6,43.9,2,1,2022-05-24 10:28:46
1653388156242721000,43.6,5,43.6,1,43.85,2,2,2022-05-24 10:29:16
1653388156277723000,43.6,1,43.55,6,43.85,2,2,2022-05-24 10:29:16
1653388158435054000,43.85,1,43.55,6,43.85,1,1,2022-05-24 10:29:18
1653388181828330000,43.6,1,43.55,6,43.85,1,2,2022-05-24 10:29:41
1653388234652755000,43.65,2,43.6,1,43.65,2,2,2022-05-24 10:30:34
1653388249304230000,43.6,1,43.55,4,43.65,2,2,2022-05-24 10:30:49
1653388268722749000,43.55,2,43.55,2,43.85,2,2,2022-05-24 10:31:08
1653388274306299000,43.55,1,43.55,2,43.85,2,2,2022-05-24 10:31:14
1653388324276589000,43.55,1,43.55,5,43.8,1,2,2022-05-24 10:32:04
1653388332136113000,43.55,1,43.55,4,43.8,1,2,2022-05-24 10:32:12
1653388366011954000,43.55,1,43.55,2,43.8,2,2,2022-05-24 10:32:46
1653388378283778000,43.55,1,43.55,2,43.8,2,2,2022-05-24 10:32:58
1653388388721766000,43.55,2,43.5,18,43.55,7,2,2022-05-24 10:33:08
1653388395698209000,43.55,1,43.5,15,43.55,6,1,2022-05-24 10:33:15
1653388406078835000,43.5,1,43.5,14,43.55,6,2,2022-05-24 10:33:26
1653388471687022000,43.55,1,43.55,2,43.7,2,2,2022-05-24 10:34:31
1653388603029468000,43.6,1,43.55,5,43.6,2,1,2022-05-24 10:36:43
1653388744522268000,43.6,1,43.55,6,43.6,2,1,2022-05-24 10:39:04
1653388750595736000,43.6,1,43.55,5,43.6,1,1,2022-05-24 10:39:10
1653388753095856000,43.6,1,43.55,5,43.65,1,1,2022-05-24 10:39:13
1653388756519842000,43.55,5,43.5,24,43.65,2,2,2022-05-24 10:39:16
1653388756519842000,43.5,10,43.5,24,43.65,2,2,2022-05-24 10:39:16
1653388764520228000,43.65,1,43.5,24,43.65,1,1,2022-05-24 10:39:24
1653388811349690000,43.55,1,43.5,25,43.65,5,2,2022-05-24 10:40:11
1653388822039344000,43.65,5,43.65,3,43.7,2,1,2022-05-24 10:40:22
1653388822067515000,43.65,3,43.5,17,43.7,2,2,2022-05-24 10:40:22
1653389033493138000,43.65,1,43.55,3,43.65,2,1,2022-05-24 10:43:53
1653389057209613000,43.55,3,43.5,18,43.65,2,2,2022-05-24 10:44:17
1653389057240458000,43.5,18,43.35,2,43.65,2,2,2022-05-24 10:44:17
1653389085766609000,43.35,1,43.35,1,43.6,1,2,2022-05-24 10:44:45
1653389085887474000,43.35,1,43.3,5,43.6,1,2,2022-05-24 10:44:45
1653389106514195000,43.35,1,43.35,1,43.6,1,2,2022-05-24 10:45:06
1653389112325020000,43.35,1,43.3,2,43.35,1,2,2022-05-24 10:45:12
1653389131627922000,43.3,1,43.3,2,43.35,2,2,2022-05-24 10:45:31
1653389143714541000,43.3,1,43.3,1,43.35,1,2,2022-05-24 10:45:43
1653389177683225000,43.35,1,43.3,1,43.6,1,1,2022-05-24 10:46:17
1653389179605000000,43.3,1,43.25,6,43.55,1,2,2022-05-24 10:46:19
1653389192155888000,43.3,1,43.25,6,43.6,1,1,2022-05-24 10:46:32
1653389206683562000,43.3,1,43.3,3,43.55,1,2,2022-05-24 10:46:46
1653389274725202000,43.35,4,43.3,5,43.55,1,2,2022-05-24 10:47:54
1653389318039635000,43.5,1,43.4,1,43.55,2,2,2022-05-24 10:48:38
1653389335275103000,43.4,1,43.35,5,43.4,1,2,2022-05-24 10:48:55
1653389354724734000,43.4,1,43.35,12,43.55,2,2,2022-05-24 10:49:14
1653389389121106000,43.45,1,43.4,8,43.5,4,2,2022-05-24 10:49:49
1653389390531280000,43.4,1,43.4,7,43.5,4,2,2022-05-24 10:49:50
1653389426033201000,43.4,1,43.4,7,43.5,5,2,2022-05-24 10:50:26
1653389512178047000,43.5,5,43.4,7,43.55,3,1,2022-05-24 10:51:52
1653389663962749000,43.55,3,43.55,1,43.7,2,1,2022-05-24 10:54:23
1653389810568113000,43.7,2,43.55,4,43.8,3,1,2022-05-24 10:56:50
1653389810568113000,43.75,3,43.55,4,43.8,3,1,2022-05-24 10:56:50
1653389810616635000,43.8,1,43.55,4,43.8,2,1,2022-05-24 10:56:50
1653389829548920000,43.8,2,43.55,4,43.8,1,1,2022-05-24 10:57:09
1653389829568306000,43.8,1,43.55,4,43.85,2,1,2022-05-24 10:57:09
1653389830379933000,43.55,4,43.5,3,43.55,1,2,2022-05-24 10:57:10
1653389846524632000,43.55,1,43.5,3,43.85,2,1,2022-05-24 10:57:26
1653389851310955000,43.5,1,43.5,2,43.85,2,2,2022-05-24 10:57:31
1653390086451803000,43.5,1,43.5,3,43.85,2,2,2022-05-24 11:01:26
1653390089971375000,43.85,1,43.5,3,43.85,1,1,2022-05-24 11:01:29
1653390131880880000,43.85,2,43.5,3,43.9,1,1,2022-05-24 11:02:11
1653390160284360000,43.85,1,43.55,2,43.9,1,1,2022-05-24 11:02:40
1653390402855139000,43.75,3,43.65,2,43.8,4,1,2022-05-24 11:06:42
1653390501552481000,43.75,1,43.65,1,43.8,4,1,2022-05-24 11:08:21
1653390602891755000,43.8,1,43.65,1,43.8,3,1,2022-05-24 11:10:02
1653390603324407000,43.8,2,43.65,1,43.8,1,1,2022-05-24 11:10:03
1653390705185453000,43.8,1,43.65,3,43.8,1,1,2022-05-24 11:11:45
1653391136252924000,43.75,2,43.65,3,43.8,3,1,2022-05-24 11:18:56
1653391340211829000,43.75,1,43.65,3,43.75,3,1,2022-05-24 11:22:20
1653391340489024000,43.75,2,43.65,3,43.75,1,1,2022-05-24 11:22:20
1653391499525038000,43.75,2,43.65,3,43.85,1,1,2022-05-24 11:24:59
1653391499525038000,43.8,2,43.65,3,43.85,1,1,2022-05-24 11:24:59
1653391499525038000,43.85,1,43.65,3,43.85,1,1,2022-05-24 11:24:59
1653391632488798000,43.7,1,43.6,1,43.85,1,2,2022-05-24 11:27:12
1653391632488798000,43.65,3,43.6,1,43.85,1,2,2022-05-24 11:27:12
1653391750331963000,43.65,1,43.45,2,43.8,2,2,2022-05-24 11:29:10
1653391750331963000,43.6,1,43.45,2,43.8,2,2,2022-05-24 11:29:10
1653391750331963000,43.5,2,43.45,2,43.8,2,2,2022-05-24 11:29:10
1653391750331963000,43.45,1,43.45,2,43.8,2,2,2022-05-24 11:29:10
1653391765936886000,43.45,2,43.4,16,43.8,2,2,2022-05-24 11:29:25
1653391786451486000,43.4,1,43.4,11,43.8,2,2,2022-05-24 11:29:46
1653391805329285000,43.5,2,43.5,1,43.8,2,2,2022-05-24 11:30:05
1653391822415987000,43.6,3,43.5,1,43.8,2,2,2022-05-24 11:30:22
1653392023386105000,43.7,1,43.5,3,43.8,3,1,2022-05-24 11:33:43
1653392043196211000,43.75,2,43.75,2,43.8,2,2,2022-05-24 11:34:03
1653392068056188000,43.75,2,43.5,3,43.8,7,2,2022-05-24 11:34:28
1653392158346762000,43.5,3,43.4,4,43.75,1,2,2022-05-24 11:35:58
1653392158346762000,43.45,2,43.4,4,43.75,1,2,2022-05-24 11:35:58
1653392158346762000,43.4,15,43.4,4,43.75,1,2,2022-05-24 11:35:58
1653392187889376000,43.4,1,43.4,3,43.75,2,2,2022-05-24 11:36:27
1653392207307767000,43.4,4,43.35,2,43.75,2,2,2022-05-24 11:36:47
1653392218294348000,43.35,1,43.2,8,43.75,2,2,2022-05-24 11:36:58
1653392218294348000,43.3,7,43.2,8,43.75,2,2,2022-05-24 11:36:58
1653392218294348000,43.25,6,43.2,8,43.75,2,2,2022-05-24 11:36:58
1653392245262452000,43.25,1,43.2,8,43.75,2,2,2022-05-24 11:37:25
1653392247141581000,43.25,1,43.25,1,43.75,2,2,2022-05-24 11:37:27
1653392254990084000,43.45,2,43.45,3,43.7,1,2,2022-05-24 11:37:34
1653392255678415000,43.45,3,43.25,6,43.7,1,2,2022-05-24 11:37:35
1653392255678415000,43.25,4,43.25,6,43.7,1,2,2022-05-24 11:37:35
1653392266943018000,43.25,1,43.25,4,43.7,2,2,2022-05-24 11:37:46
1653392272237756000,43.25,1,43.25,3,43.7,2,2,2022-05-24 11:37:52
1653392277189778000,43.25,3,43.2,8,43.25,2,2,2022-05-24 11:37:57
1653392286143234000,43.25,1,43.2,8,43.25,1,1,2022-05-24 11:38:06
1653392291043897000,43.25,1,43.2,8,43.65,1,1,2022-05-24 11:38:11
1653392305813677000,43.25,1,43.2,6,43.65,1,2,2022-05-24 11:38:25
1653392305813677000,43.2,2,43.2,6,43.65,1,2,2022-05-24 11:38:25
1653392373084322000,43.25,3,43.2,5,43.6,2,2,2022-05-24 11:39:33
1653392373084322000,43.2,2,43.2,5,43.6,2,2,2022-05-24 11:39:33
1653392462150832000,43.35,1,43.35,1,43.6,2,2,2022-05-24 11:41:02
1653392550813433000,43.35,1,43.35,3,43.6,2,2,2022-05-24 11:42:30
1653392618055412000,43.35,1,43.35,2,43.6,2,2,2022-05-24 11:43:38
1653392667501091000,43.35,1,43.35,1,43.5,1,2,2022-05-24 11:44:27
1653392925045967000,43.35,1,43.35,1,43.5,1,2,2022-05-24 11:48:45
1653393016836483000,43.35,1,43.3,2,43.5,4,2,2022-05-24 11:50:16
1653393021717205000,43.3,1,43.3,1,43.45,2,2,2022-05-24 11:50:21
1653393084641958000,43.3,2,43.3,2,43.45,2,2,2022-05-24 11:51:24
1653393090194248000,43.3,1,43.3,1,43.45,2,2,2022-05-24 11:51:30
1653393148937308000,43.3,2,43.25,18,43.45,2,2,2022-05-24 11:52:28
1653393204974173000,43.25,1,43.25,17,43.45,2,2,2022-05-24 11:53:24
1653393211478987000,43.25,1,43.25,16,43.45,2,2,2022-05-24 11:53:31
1653393292509306000,43.25,17,43.2,5,43.25,3,2,2022-05-24 11:54:52
1653393297965300000,43.2,5,43.15,12,43.25,3,2,2022-05-24 11:54:57
1653393314807801000,43.2,1,43.15,12,43.25,3,1,2022-05-24 11:55:14
1653393315123771000,43.25,3,43.15,12,43.45,3,1,2022-05-24 11:55:15
1653393474405700000,43.25,1,43.2,2,43.45,3,2,2022-05-24 11:57:54
1653393561529239000,43.25,3,43.25,2,43.45,3,2,2022-05-24 11:59:21
1653393579772760000,43.25,2,43.2,3,43.25,1,2,2022-05-24 11:59:39
1653393607313821000,43.25,1,43.2,3,43.45,3,1,2022-05-24 12:00:07
1653393629742733000,43.25,1,43.2,3,43.45,3,2,2022-05-24 12:00:29
1653393707234295000,43.25,1,43.2,3,43.4,1,2,2022-05-24 12:01:47
1653393708582050000,43.2,2,43.2,1,43.4,1,2,2022-05-24 12:01:48
1653393710668291000,43.2,1,43.15,8,43.4,1,2,2022-05-24 12:01:50
1653393710668291000,43.15,4,43.15,8,43.4,1,2,2022-05-24 12:01:50
1653393710922428000,43.15,3,43.15,5,43.4,1,2,2022-05-24 12:01:50
1653393710938530000,43.15,3,43.15,2,43.4,1,2,2022-05-24 12:01:50
1653393710958392000,43.15,2,43.1,5,43.4,1,2,2022-05-24 12:01:50
1653393710958392000,43.1,1,43.1,5,43.4,1,2,2022-05-24 12:01:50
1653393712478168000,43.1,5,43.05,2,43.4,1,2,2022-05-24 12:01:52
1653393727633611000,43.1,1,43.1,4,43.4,1,1,2022-05-24 12:02:07
1653393728124932000,43.1,4,43.05,2,43.1,6,2,2022-05-24 12:02:08
1653393731777268000,43.05,1,43.05,1,43.1,6,2,2022-05-24 12:02:11
1653393731824675000,43.05,1,43.0,9,43.1,6,2,2022-05-24 12:02:11
1653393731824675000,43.0,7,43.0,9,43.1,6,2,2022-05-24 12:02:11
1653393731853019000,43.0,8,43.0,1,43.1,6,2,2022-05-24 12:02:11
1653393735271784000,43.0,1,42.95,1,43.1,6,2,2022-05-24 12:02:15
1653393748135532000,42.95,1,42.9,6,43.45,3,2,2022-05-24 12:02:28
1653393750832547000,42.95,1,42.9,6,43.45,3,1,2022-05-24 12:02:30
1653393767514765000,42.9,1,42.9,6,42.95,4,2,2022-05-24 12:02:47
1653393771664553000,42.95,2,42.9,6,42.95,2,1,2022-05-24 12:02:51
1653393771705482000,42.9,1,42.9,5,42.95,2,2,2022-05-24 12:02:51
1653393771853438000,42.9,1,42.9,4,42.95,2,2,2022-05-24 12:02:51
1653393777494912000,42.9,2,42.9,1,42.95,2,2,2022-05-24 12:02:57
1653393778533479000,42.9,1,42.85,1,42.9,1,2,2022-05-24 12:02:58
1653393785166952000,42.85,1,42.8,2,42.9,2,2,2022-05-24 12:03:05
1653393785166952000,42.8,1,42.8,2,42.9,2,2,2022-05-24 12:03:05
1653393796566805000,42.85,1,42.75,2,42.8,2,2,2022-05-24 12:03:16
1653393796566805000,42.8,3,42.75,2,42.8,2,2,2022-05-24 12:03:16
1653393805093234000,42.75,1,42.75,1,42.8,2,2,2022-05-24 12:03:25
1653393807237838000,42.75,1,42.7,2,42.8,2,2,2022-05-24 12:03:27
1653393815369864000,42.7,3,42.6,2,42.8,7,2,2022-05-24 12:03:35
1653393815369864000,42.65,1,42.6,2,42.8,7,2,2022-05-24 12:03:35
1653393815369864000,42.6,1,42.6,2,42.8,7,2,2022-05-24 12:03:35
1653393816021856000,42.7,1,42.7,6,42.8,7,2,2022-05-24 12:03:36
1653393816152152000,42.7,2,42.7,4,42.8,7,2,2022-05-24 12:03:36
1653393821408184000,42.7,1,42.7,3,42.8,7,2,2022-05-24 12:03:41
1653393822576640000,42.7,1,42.7,2,42.8,7,2,2022-05-24 12:03:42
1653393825009313000,42.7,1,42.7,1,42.8,7,2,2022-05-24 12:03:45
1653393828505901000,42.7,1,42.65,1,42.8,7,2,2022-05-24 12:03:48
1653393873586207000,42.7,1,42.7,3,42.8,7,2,2022-05-24 12:04:33
1653393875464082000,42.7,1,42.7,2,42.8,7,2,2022-05-24 12:04:35
1653393884124503000,42.7,2,42.65,8,42.8,7,2,2022-05-24 12:04:44
1653393906335745000,42.75,1,42.65,9,42.7,1,2,2022-05-24 12:05:06
1653393906371207000,42.7,1,42.65,9,42.8,2,1,2022-05-24 12:05:06
1653393927778737000,42.75,1,42.65,9,42.75,7,1,2022-05-24 12:05:27
1653393928797620000,42.75,1,42.65,9,42.75,6,1,2022-05-24 12:05:28
1653393939081046000,42.75,2,42.65,9,42.75,4,1,2022-05-24 12:05:39
1653393949797897000,42.75,2,42.7,4,42.75,2,1,2022-05-24 12:05:49
1653393950528225000,42.75,1,42.7,4,42.75,1,1,2022-05-24 12:05:50
1653393952760384000,42.75,1,42.7,5,43.0,3,1,2022-05-24 12:05:52
1653393955652310000,42.75,1,42.7,5,42.75,2,1,2022-05-24 12:05:55
1653393962794058000,42.7,2,42.7,3,42.75,2,2,2022-05-24 12:06:02
1653393962910839000,42.75,2,42.7,3,43.0,3,1,2022-05-24 12:06:02
1653394042017283000,42.75,4,42.7,6,43.0,4,2,2022-05-24 12:07:22
1653394049739939000,42.75,1,42.7,6,43.0,4,2,2022-05-24 12:07:29
1653394093656126000,42.85,2,42.75,1,42.9,1,1,2022-05-24 12:08:13
1653394119746497000,42.9,1,42.75,1,42.95,1,1,2022-05-24 12:08:39
1653394148804268000,42.85,1,42.8,3,42.95,1,1,2022-05-24 12:09:08
1653394177028798000,42.8,3,42.75,5,42.95,1,2,2022-05-24 12:09:37
1653394218531762000,42.75,1,42.75,4,42.95,1,2,2022-05-24 12:10:18
1653394223184639000,42.75,2,42.75,2,42.95,1,2,2022-05-24 12:10:23
1653394226290584000,42.75,1,42.75,1,42.95,1,2,2022-05-24 12:10:26
1653394257180773000,42.8,2,42.8,1,42.95,1,2,2022-05-24 12:10:57
1653394336308010000,42.8,2,42.7,6,42.95,2,2,2022-05-24 12:12:16
1653394336308010000,42.75,1,42.7,6,42.95,2,2,2022-05-24 12:12:16
1653394416829797000,42.7,5,42.65,4,42.75,2,2,2022-05-24 12:13:36
1653394416829797000,42.65,3,42.65,4,42.75,2,2,2022-05-24 12:13:36
1653394427482620000,42.65,2,42.65,2,42.75,2,2,2022-05-24 12:13:47
1653394430903570000,42.65,1,42.65,1,42.75,2,2,2022-05-24 12:13:50
1653394434846574000,42.65,1,42.6,9,42.75,2,2,2022-05-24 12:13:54
1653394523474608000,42.7,1,42.65,6,42.7,1,1,2022-05-24 12:15:23
1653394533769086000,42.7,1,42.65,6,42.75,2,1,2022-05-24 12:15:33
1653394582928928000,42.7,1,42.65,6,42.75,1,1,2022-05-24 12:16:22
1653394603899330000,42.65,1,42.65,5,42.75,1,2,2022-05-24 12:16:43
1653394686706981000,42.7,1,42.65,5,42.75,2,1,2022-05-24 12:18:06
1653394741892756000,42.7,1,42.65,6,42.75,2,2,2022-05-24 12:19:01
1653394759352848000,42.65,1,42.65,5,42.75,2,2,2022-05-24 12:19:19
1653394773132705000,42.65,1,42.65,4,42.75,3,2,2022-05-24 12:19:33
1653394806260648000,42.65,1,42.65,4,42.75,5,2,2022-05-24 12:20:06
1653394807617237000,42.65,1,42.65,3,42.75,5,2,2022-05-24 12:20:07
1653394813422711000,42.65,1,42.65,2,42.75,5,2,2022-05-24 12:20:13
1653394818584533000,42.65,2,42.6,6,42.75,5,2,2022-05-24 12:20:18
1653394818584533000,42.6,3,42.6,6,42.75,5,2,2022-05-24 12:20:18
1653394820797505000,42.6,5,42.6,1,42.75,5,2,2022-05-24 12:20:20
1653394820822223000,42.6,1,42.55,3,42.75,5,2,2022-05-24 12:20:20
1653394822744248000,42.55,3,42.5,8,42.75,5,2,2022-05-24 12:20:22
1653394822744248000,42.5,2,42.5,8,42.75,5,2,2022-05-24 12:20:22
1653394822886731000,42.5,1,42.5,7,42.75,5,2,2022-05-24 12:20:22
1653394825830165000,42.5,7,42.4,1,42.75,5,2,2022-05-24 12:20:25
1653394850710893000,42.4,1,42.25,2,42.5,6,2,2022-05-24 12:20:50
1653394850710893000,42.3,1,42.25,2,42.5,6,2,2022-05-24 12:20:50
1653394851473309000,42.45,1,42.25,1,42.45,1,1,2022-05-24 12:20:51
1653394860200540000,42.45,1,42.3,1,42.45,2,1,2022-05-24 12:21:00
1653394890029954000,42.4,1,42.35,3,42.4,2,1,2022-05-24 12:21:30
1653394890364255000,42.4,2,42.35,3,42.45,3,1,2022-05-24 12:21:30
1653394890364255000,42.45,1,42.35,3,42.45,3,1,2022-05-24 12:21:30
1653394890396783000,42.45,3,42.45,3,42.5,2,1,2022-05-24 12:21:30
1653394913545840000,42.45,2,42.45,1,42.5,2,2,2022-05-24 12:21:53
1653394920165265000,42.45,1,42.35,4,42.5,2,2,2022-05-24 12:22:00
1653394958932863000,42.35,4,42.3,1,42.45,10,2,2022-05-24 12:22:38
1653394958932863000,42.3,16,42.3,1,42.45,10,2,2022-05-24 12:22:38
1653394964465187000,42.3,1,42.25,1,42.45,10,2,2022-05-24 12:22:44
1653394980352024000,42.25,1,42.2,2,42.25,2,2,2022-05-24 12:23:00
1653394991325455000,42.2,2,42.15,3,42.4,2,2,2022-05-24 12:23:11
1653394994124579000,42.2,1,42.15,3,42.35,1,2,2022-05-24 12:23:14
1653395007182254000,42.2,12,42.15,3,42.35,1,1,2022-05-24 12:23:27
1653395010778912000,42.15,3,42.1,4,42.35,1,2,2022-05-24 12:23:30
1653395015109374000,42.2,3,42.2,7,42.4,2,2,2022-05-24 12:23:35
1653395028023932000,42.2,5,42.2,7,42.4,2,2,2022-05-24 12:23:48
1653395028848754000,42.2,3,42.2,4,42.4,2,2,2022-05-24 12:23:48
1653395030867738000,42.2,2,42.2,2,42.4,2,2,2022-05-24 12:23:50
1653395031038083000,42.2,2,42.1,2,42.4,2,2,2022-05-24 12:23:51
1653395031038083000,42.1,3,42.1,2,42.4,2,2,2022-05-24 12:23:51
1653395088943950000,42.2,2,42.2,8,42.3,1,2,2022-05-24 12:24:48
1653395124551117000,42.2,1,42.2,9,42.25,10,2,2022-05-24 12:25:24
1653395142520333000,42.2,1,42.2,8,42.25,10,2,2022-05-24 12:25:42
1653395156510010000,42.2,2,42.2,7,42.25,14,2,2022-05-24 12:25:56
1653395157100494000,42.2,2,42.2,5,42.25,14,2,2022-05-24 12:25:57
1653395165361729000,42.2,1,42.2,4,42.25,14,2,2022-05-24 12:26:05
1653395166626886000,42.25,1,42.2,4,42.25,13,1,2022-05-24 12:26:06
1653395201427503000,42.25,5,42.2,4,42.25,8,1,2022-05-24 12:26:41
1653395206209253000,42.25,5,42.2,4,42.25,3,1,2022-05-24 12:26:46
1653395209528089000,42.25,1,42.2,4,42.25,2,1,2022-05-24 12:26:49
1653395214071095000,42.25,2,42.2,4,42.3,8,1,2022-05-24 12:26:54
1653395224253910000,42.25,1,42.25,1,42.3,3,1,2022-05-24 12:27:04
1653395253114255000,42.3,3,42.25,3,42.35,25,1,2022-05-24 12:27:33
1653395263709129000,42.3,1,42.25,2,42.35,26,2,2022-05-24 12:27:43
1653395263709129000,42.25,1,42.25,2,42.35,26,2,2022-05-24 12:27:43
1653395270739410000,42.35,1,42.3,10,42.35,25,1,2022-05-24 12:27:50
1653395279779282000,42.3,1,42.3,9,42.35,25,2,2022-05-24 12:27:59
1653395285620636000,42.35,20,42.3,9,42.35,5,1,2022-05-24 12:28:05
1653395285647878000,42.35,5,42.3,9,42.4,3,1,2022-05-24 12:28:05
1653395386236962000,42.4,1,42.35,1,42.6,3,1,2022-05-24 12:29:46
1653395409828553000,42.6,3,42.5,20,42.65,11,1,2022-05-24 12:30:09
1653395420251132000,42.65,11,42.5,20,42.75,2,1,2022-05-24 12:30:20
1653395459068702000,42.75,1,42.55,1,42.75,1,1,2022-05-24 12:30:59
1653395459100671000,42.75,1,42.55,1,42.9,1,1,2022-05-24 12:30:59
1653395486507298000,42.9,1,42.6,1,42.9,1,1,2022-05-24 12:31:26
1653395546320835000,42.8,1,42.6,2,42.9,1,1,2022-05-24 12:32:26
1653395564537261000,42.9,1,42.8,1,42.95,1,1,2022-05-24 12:32:44
1653395581113123000,42.9,1,42.65,1,42.95,1,1,2022-05-24 12:33:01
1653395694213355000,42.9,1,42.9,4,42.95,1,1,2022-05-24 12:34:54
1653395713316112000,42.9,4,42.7,1,42.9,1,2,2022-05-24 12:35:13
1653395727575105000,42.9,1,42.7,3,42.95,6,1,2022-05-24 12:35:27
1653395781204282000,42.9,3,42.7,3,42.95,6,1,2022-05-24 12:36:21
1653395787619682000,42.9,4,42.7,3,42.95,4,1,2022-05-24 12:36:27
1653395787619682000,42.95,2,42.7,3,42.95,4,1,2022-05-24 12:36:27
1653395793425358000,43.0,7,42.7,3,43.2,1,1,2022-05-24 12:36:33
1653395900515947000,43.1,1,42.85,1,43.1,1,1,2022-05-24 12:38:20
1653395939976101000,43.1,1,42.85,2,43.1,4,1,2022-05-24 12:38:59
1653395949521918000,43.1,2,42.9,1,43.1,2,1,2022-05-24 12:39:09
1653395990014420000,43.0,4,42.85,1,43.1,5,2,2022-05-24 12:39:50
1653396076011363000,42.85,1,42.7,4,43.0,3,2,2022-05-24 12:41:16
1653396096687469000,43.0,1,42.7,3,43.0,2,1,2022-05-24 12:41:36
1653396138384191000,43.0,1,42.7,3,43.0,3,1,2022-05-24 12:42:18
1653396176121798000,43.0,1,42.75,2,43.0,2,1,2022-05-24 12:42:56
1653396181402585000,43.0,1,42.75,2,43.0,1,1,2022-05-24 12:43:01
1653396481865264000,42.75,1,42.75,2,42.95,1,2,2022-05-24 12:48:01
1653396495717237000,42.75,2,42.7,3,42.9,1,2,2022-05-24 12:48:15
1653396533073550000,42.7,1,42.7,2,42.9,1,2,2022-05-24 12:48:53
1653396552112061000,42.7,2,42.65,4,42.9,1,2,2022-05-24 12:49:12
1653396569610132000,42.65,3,42.6,5,42.7,3,2,2022-05-24 12:49:29
1653396575527894000,42.6,4,42.6,1,42.65,3,2,2022-05-24 12:49:35
1653396577403308000,42.6,1,42.55,5,42.6,1,2,2022-05-24 12:49:37
1653396584492289000,42.55,3,42.55,2,42.6,3,2,2022-05-24 12:49:44
1653396588759685000,42.55,1,42.55,1,42.6,3,2,2022-05-24 12:49:48
1653396588957543000,42.55,1,42.55,1,42.6,3,2,2022-05-24 12:49:48
1653396614498786000,42.55,1,42.5,22,42.6,2,2,2022-05-24 12:50:14
1653396704995148000,42.55,1,42.5,22,42.6,3,1,2022-05-24 12:51:44
1653396789180005000,42.5,2,42.5,24,42.55,1,2,2022-05-24 12:53:09
1653396834965427000,42.5,2,42.5,22,42.55,1,2,2022-05-24 12:53:54
1653396851810682000,42.5,1,42.5,21,42.55,1,2,2022-05-24 12:54:11
1653396854710401000,42.5,1,42.5,20,42.55,1,2,2022-05-24 12:54:14
1653396860285363000,42.5,1,42.5,19,42.55,1,2,2022-05-24 12:54:20
1653396863644074000,42.5,5,42.5,14,42.55,1,2,2022-05-24 12:54:23
1653396873704611000,42.5,1,42.5,13,42.55,1,2,2022-05-24 12:54:33
1653396875090528000,42.5,3,42.5,10,42.55,1,2,2022-05-24 12:54:35
1653396898056763000,42.5,4,42.5,6,42.55,2,2,2022-05-24 12:54:58
1653396898080817000,42.5,2,42.5,4,42.55,2,2,2022-05-24 12:54:58
1653396910886679000,42.5,2,42.5,2,42.55,2,2,2022-05-24 12:55:10
1653396910907481000,42.5,2,42.45,1,42.55,2,2,2022-05-24 12:55:10
1653396980525677000,42.5,1,42.5,2,42.55,3,1,2022-05-24 12:56:20
1653396998660843000,42.5,1,42.5,1,42.55,3,2,2022-05-24 12:56:38
1653397004707717000,42.5,1,42.45,2,42.55,2,2,2022-05-24 12:56:44
1653397011812750000,42.5,1,42.45,2,42.55,2,1,2022-05-24 12:56:51
1653397132982861000,42.5,3,42.45,3,42.55,2,1,2022-05-24 12:58:52
1653397184929038000,42.45,1,42.45,2,42.55,2,2,2022-05-24 12:59:44
1653397200286283000,42.55,2,42.55,1,42.6,3,1,2022-05-24 13:00:00
1653397201841651000,42.55,1,42.45,2,42.6,3,2,2022-05-24 13:00:01
1653397224909652000,42.55,1,42.45,1,42.6,3,2,2022-05-24 13:00:24
1653397224909652000,42.45,1,42.45,1,42.6,3,2,2022-05-24 13:00:24
1653397270370680000,42.45,1,42.4,5,42.6,2,2,2022-05-24 13:01:10
1653397321652215000,42.45,1,42.45,1,42.55,1,2,2022-05-24 13:02:01
1653397331077637000,42.5,1,42.45,1,42.55,1,2,2022-05-24 13:02:11
1653397441376103000,42.55,1,42.5,2,42.6,3,1,2022-05-24 13:04:01
1653397455315762000,42.6,3,42.55,5,42.8,2,1,2022-05-24 13:04:15
1653397596099055000,42.8,1,42.6,4,42.8,2,1,2022-05-24 13:06:36
1653397601466524000,42.8,2,42.65,2,42.95,4,1,2022-05-24 13:06:41
1653397630065196000,42.9,1,42.7,4,43.0,6,1,2022-05-24 13:07:10
1653397630065196000,42.95,3,42.7,4,43.0,6,1,2022-05-24 13:07:10
1653397630065196000,43.0,1,42.7,4,43.0,6,1,2022-05-24 13:07:10
1653397644471989000,42.95,1,42.8,1,43.0,7,1,2022-05-24 13:07:24
1653397658476759000,42.95,1,42.9,2,42.95,1,1,2022-05-24 13:07:38
1653397658632327000,42.95,1,42.95,1,43.0,6,1,2022-05-24 13:07:38
1653397660570953000,42.95,1,42.9,2,43.0,6,2,2022-05-24 13:07:40
1653397671089935000,42.95,2,42.95,1,43.0,6,1,2022-05-24 13:07:51
1653397680669287000,42.95,2,42.9,1,43.0,6,2,2022-05-24 13:08:00
1653397688664249000,42.9,1,42.8,1,42.9,1,2,2022-05-24 13:08:08
1653397729912847000,42.8,2,42.7,3,42.9,1,2,2022-05-24 13:08:49
1653397750144302000,42.8,1,42.8,1,42.9,4,2,2022-05-24 13:09:10
1653397750175116000,42.8,1,42.7,3,42.9,4,2,2022-05-24 13:09:10
1653397775912325000,42.8,2,42.7,3,42.85,1,2,2022-05-24 13:09:35
1653397800578556000,42.85,1,42.85,6,42.9,4,1,2022-05-24 13:10:00
1653397860407294000,42.9,2,42.9,4,42.95,2,1,2022-05-24 13:11:00
1653397867027138000,42.9,2,42.9,2,42.95,2,2,2022-05-24 13:11:07
1653397868384986000,42.9,1,42.9,1,42.95,2,2,2022-05-24 13:11:08
1653397868409858000,42.9,1,42.85,2,42.95,2,2,2022-05-24 13:11:08
1653397895982588000,42.85,1,42.85,1,42.95,2,2,2022-05-24 13:11:35
1653397947373337000,42.95,1,42.9,1,42.95,1,1,2022-05-24 13:12:27
1653397951486085000,42.9,1,42.9,1,42.95,1,2,2022-05-24 13:12:31
1653397969776594000,42.9,2,42.85,3,42.95,1,2,2022-05-24 13:12:49
1653398012027789000,42.9,1,42.85,3,42.95,2,1,2022-05-24 13:13:32
1653398069779734000,42.85,4,42.8,4,42.95,7,2,2022-05-24 13:14:29
1653398080853954000,42.8,4,42.7,3,42.95,7,2,2022-05-24 13:14:40
1653398145534435000,42.7,4,42.7,1,42.8,1,2,2022-05-24 13:15:45
1653398151798660000,42.7,1,42.6,1,42.8,1,2,2022-05-24 13:15:51
1653398173203135000,42.7,1,42.65,2,42.85,2,2,2022-05-24 13:16:13
1653398199576893000,42.7,1,42.7,1,42.85,2,2,2022-05-24 13:16:39
1653398216615998000,42.7,1,42.65,2,42.85,2,2,2022-05-24 13:16:56
1653398216615998000,42.65,1,42.65,2,42.85,2,2,2022-05-24 13:16:56
1653398230420273000,42.65,1,42.65,1,42.85,2,2,2022-05-24 13:17:10
1653398232599601000,42.65,1,42.6,4,42.85,2,2,2022-05-24 13:17:12
1653398248188011000,42.6,5,42.6,1,42.85,3,2,2022-05-24 13:17:28
1653398292242716000,42.8,2,42.6,1,42.85,2,1,2022-05-24 13:18:12
1653398379411130000,42.7,1,42.65,2,42.7,9,2,2022-05-24 13:19:39
1653398387290836000,42.65,3,42.6,4,42.65,6,2,2022-05-24 13:19:47
1653398396432213000,42.6,1,42.6,3,42.65,7,2,2022-05-24 13:19:56
1653398397358576000,42.6,3,42.5,9,42.6,2,2,2022-05-24 13:19:57
1653398402760380000,42.6,1,42.5,9,42.6,8,1,2022-05-24 13:20:02
1653398403000634000,42.6,1,42.5,9,42.6,7,1,2022-05-24 13:20:03
1653398410381050000,42.5,6,42.5,7,42.8,3,2,2022-05-24 13:20:10
1653398414404627000,42.55,1,42.55,4,42.8,8,2,2022-05-24 13:20:14
1653398420818670000,42.6,1,42.6,4,42.7,1,2,2022-05-24 13:20:20
1653398439271918000,42.65,1,42.65,4,42.75,1,2,2022-05-24 13:20:39
1653398449429968000,42.65,1,42.65,3,42.7,1,2,2022-05-24 13:20:49
1653398458872485000,42.65,2,42.65,1,42.7,2,2,2022-05-24 13:20:58
1653398462799324000,42.7,1,42.65,1,42.7,1,1,2022-05-24 13:21:02
1653398481282385000,42.7,2,42.65,1,42.75,1,1,2022-05-24 13:21:21
1653398485572971000,42.65,1,42.6,5,42.75,1,2,2022-05-24 13:21:25
1653398505901768000,42.65,3,42.55,3,42.75,2,2,2022-05-24 13:21:45
1653398505901768000,42.6,6,42.55,3,42.75,2,2,2022-05-24 13:21:45
1653398505901768000,42.55,1,42.55,3,42.75,2,2,2022-05-24 13:21:45
1653398522213035000,42.55,4,42.5,5,42.75,9,2,2022-05-24 13:22:02
1653398522673882000,42.75,1,42.5,5,42.75,8,1,2022-05-24 13:22:02
1653398526234649000,42.5,1,42.5,4,42.75,8,2,2022-05-24 13:22:06
1653398555958930000,42.5,3,42.5,3,42.6,1,2,2022-05-24 13:22:35
1653398558700446000,42.5,3,42.45,5,42.6,1,2,2022-05-24 13:22:38
1653398560638459000,42.5,1,42.5,1,42.6,1,1,2022-05-24 13:22:40
1653398570766508000,42.5,1,42.5,1,42.6,1,2,2022-05-24 13:22:50
1653398573348697000,42.5,1,42.45,5,42.6,1,2,2022-05-24 13:22:53
1653398576656987000,42.45,5,42.25,3,42.6,1,2,2022-05-24 13:22:56
1653398576656987000,42.3,10,42.25,3,42.6,1,2,2022-05-24 13:22:56
1653398580645835000,42.6,1,42.25,3,42.6,1,1,2022-05-24 13:23:00
1653398582618684000,42.6,1,42.25,3,42.7,3,1,2022-05-24 13:23:02
1653398585506877000,42.25,1,42.25,2,42.7,3,2,2022-05-24 13:23:05
1653398586572340000,42.3,1,42.3,1,42.6,5,2,2022-05-24 13:23:06
1653398593942273000,42.3,1,42.15,4,42.6,5,2,2022-05-24 13:23:13
1653398593942273000,42.25,2,42.15,4,42.6,5,2,2022-05-24 13:23:13
1653398593942273000,42.2,4,42.15,4,42.6,5,2,2022-05-24 13:23:13
1653398593942273000,42.15,6,42.15,4,42.6,5,2,2022-05-24 13:23:13
1653398597753345000,42.15,1,42.15,3,42.55,1,2,2022-05-24 13:23:17
1653398633762562000,42.2,3,42.15,3,42.2,4,2,2022-05-24 13:23:53
1653398642592175000,42.2,1,42.15,4,42.2,3,1,2022-05-24 13:24:02
1653398643645079000,42.2,1,42.15,4,42.2,2,1,2022-05-24 13:24:03
1653398645780281000,42.15,5,42.1,1,42.2,2,2,2022-05-24 13:24:05
1653398645780281000,42.1,2,42.1,1,42.2,2,2,2022-05-24 13:24:05
1653398646969080000,42.2,1,42.1,1,42.2,1,1,2022-05-24 13:24:06
1653398650176415000,42.2,1,42.2,1,42.5,1,1,2022-05-24 13:24:10
1653398651689566000,42.2,1,42.1,2,42.15,2,2,2022-05-24 13:24:11
1653398656723082000,42.1,1,42.1,1,42.15,2,2,2022-05-24 13:24:16
1653398661999608000,42.1,1,42.05,3,42.15,2,2,2022-05-24 13:24:21
1653398667299913000,42.15,1,42.1,1,42.15,1,1,2022-05-24 13:24:27
1653398677367429000,42.15,1,42.1,1,42.5,1,1,2022-05-24 13:24:37
1653398680375998000,42.15,1,42.1,1,42.5,1,1,2022-05-24 13:24:40
1653398698014966000,42.5,1,42.1,1,42.6,8,1,2022-05-24 13:24:58
1653399000000000000,42.1,118,42.1,12,42.35,2,2,2022-05-24 13:30:00
