ts,close,volume,bid_price,bid_volume,ask_price,ask_volume,tick_type,datetime
1652864402857717000,215.5,617,215.0,98,215.5,36,1,2022-05-18 09:00:02
1652864402967710000,215.0,1,215.0,97,215.5,36,2,2022-05-18 09:00:02
1652864402989226000,215.5,1,215.0,97,215.5,35,1,2022-05-18 09:00:02
1652864403026284000,215.5,16,215.0,97,215.5,19,1,2022-05-18 09:00:03
1652864403108821000,215.0,3,215.0,102,215.5,19,2,2022-05-18 09:00:03
1652864403307810000,215.5,2,215.0,102,215.5,17,1,2022-05-18 09:00:03
1652864403309045000,215.5,1,215.0,102,215.5,16,1,2022-05-18 09:00:03
1652864403450663000,215.0,2,215.0,100,215.5,16,2,2022-05-18 09:00:03
1652864403460514000,215.5,16,215.0,100,216.0,26,1,2022-05-18 09:00:03
1652864403460514000,216.0,4,215.0,100,216.0,26,1,2022-05-18 09:00:03
1652864403591937000,215.0,1,215.0,99,216.0,26,2,2022-05-18 09:00:03
1652864404090349000,216.0,2,215.0,99,216.0,25,1,2022-05-18 09:00:04
1652864404092226000,216.0,2,215.0,99,216.0,23,1,2022-05-18 09:00:04
1652864404199406000,215.0,3,215.0,97,216.0,23,2,2022-05-18 09:00:04
1652864404447879000,215.0,10,215.0,88,216.0,23,2,2022-05-18 09:00:04
1652864404762026000,216.0,1,215.0,88,216.0,23,1,2022-05-18 09:00:04
1652864404887251000,215.0,1,215.0,87,216.0,23,2,2022-05-18 09:00:04
1652864404909842000,216.0,1,215.0,87,216.0,22,1,2022-05-18 09:00:04
1652864405019221000,216.0,7,215.0,87,216.0,15,1,2022-05-18 09:00:05
1652864405305980000,216.0,1,215.0,93,216.0,14,1,2022-05-18 09:00:05
1652864405470640000,216.0,1,215.0,93,216.0,13,1,2022-05-18 09:00:05
1652864405944877000,216.0,2,215.0,93,216.0,11,1,2022-05-18 09:00:05
1652864406065110000,216.0,3,215.0,93,216.0,8,1,2022-05-18 09:00:06
1652864406154869000,215.0,4,215.0,90,216.0,8,2,2022-05-18 09:00:06
1652864406238021000,216.0,1,215.0,93,216.0,7,1,2022-05-18 09:00:06
1652864407047633000,215.5,1,215.5,1,216.0,8,2,2022-05-18 09:00:07
1652864407098579000,216.0,1,215.0,91,216.0,8,1,2022-05-18 09:00:07
1652864407356929000,216.0,1,215.5,5,216.0,7,1,2022-05-18 09:00:07
1652864407476447000,216.0,1,215.5,5,216.0,8,1,2022-05-18 09:00:07
1652864407824504000,216.0,1,215.5,5,216.0,15,1,2022-05-18 09:00:07
1652864407867225000,216.0,1,215.5,5,216.0,14,1,2022-05-18 09:00:07
1652864408015852000,216.0,2,215.5,5,216.0,12,1,2022-05-18 09:00:08
1652864408072088000,216.0,3,215.5,5,216.0,10,1,2022-05-18 09:00:08
1652864408258317000,216.0,1,215.5,7,216.0,9,1,2022-05-18 09:00:08
1652864408329528000,216.0,2,215.5,7,216.0,7,1,2022-05-18 09:00:08
1652864408437517000,216.0,1,215.5,7,216.0,12,1,2022-05-18 09:00:08
1652864408512069000,216.0,1,215.5,7,216.0,11,1,2022-05-18 09:00:08
1652864408618702000,216.0,2,215.5,7,216.0,9,1,2022-05-18 09:00:08
1652864408804933000,215.5,1,215.5,6,216.0,9,2,2022-05-18 09:00:08
1652864408815733000,215.5,1,215.5,5,216.0,9,2,2022-05-18 09:00:08
1652864408836089000,216.0,1,215.5,5,216.0,8,1,2022-05-18 09:00:08
1652864409041638000,216.0,1,215.5,8,216.0,7,1,2022-05-18 09:00:09
1652864409077846000,216.0,1,215.5,8,216.0,6,1,2022-05-18 09:00:09
1652864409588829000,215.5,1,215.5,9,216.0,10,2,2022-05-18 09:00:09
1652864409632571000,216.0,10,215.5,9,216.5,37,1,2022-05-18 09:00:09
1652864409760452000,216.5,1,216.0,2,216.5,36,1,2022-05-18 09:00:09
1652864409780862000,216.0,2,215.5,10,216.5,36,2,2022-05-18 09:00:09
1652864409940829000,216.0,1,215.5,10,216.5,36,1,2022-05-18 09:00:09
1652864409950977000,216.5,1,215.5,10,216.5,35,1,2022-05-18 09:00:09
1652864410117629000,216.5,2,216.0,2,216.5,34,1,2022-05-18 09:00:10
1652864410436763000,216.0,1,216.0,1,216.5,34,2,2022-05-18 09:00:10
1652864410554188000,216.5,1,216.0,2,216.5,33,1,2022-05-18 09:00:10
1652864410763999000,216.5,1,216.0,3,216.5,32,1,2022-05-18 09:00:10
1652864410813061000,216.5,10,216.0,3,216.5,22,1,2022-05-18 09:00:10
1652864410884016000,216.0,3,215.5,18,216.0,19,2,2022-05-18 09:00:10
1652864410912547000,216.0,19,215.5,18,216.0,2,1,2022-05-18 09:00:10
1652864410924689000,216.0,1,215.5,18,216.0,1,1,2022-05-18 09:00:10
1652864410986679000,216.0,1,215.5,19,216.5,22,1,2022-05-18 09:00:10
1652864411331592000,216.0,1,216.0,3,216.5,22,2,2022-05-18 09:00:11
1652864411384246000,216.0,1,216.0,2,216.5,22,2,2022-05-18 09:00:11
1652864411389049000,216.0,1,216.0,1,216.5,22,2,2022-05-18 09:00:11
1652864411497183000,216.0,1,215.5,25,216.0,9,2,2022-05-18 09:00:11
1652864411749010000,216.0,1,215.5,27,216.0,9,1,2022-05-18 09:00:11
1652864411762946000,216.0,3,215.5,27,216.0,6,1,2022-05-18 09:00:11
1652864411849287000,216.0,1,215.5,28,216.0,5,1,2022-05-18 09:00:11
1652864411999943000,216.0,1,215.5,30,216.0,11,1,2022-05-18 09:00:11
1652864412037904000,216.0,1,215.5,30,216.0,10,1,2022-05-18 09:00:12
1652864412060334000,216.0,1,215.5,30,216.0,9,1,2022-05-18 09:00:12
1652864412116535000,216.0,4,215.5,31,216.0,5,1,2022-05-18 09:00:12
1652864412148202000,216.0,1,215.5,32,216.0,4,1,2022-05-18 09:00:12
1652864412172711000,216.0,4,215.5,32,216.5,22,1,2022-05-18 09:00:12
1652864412773931000,216.5,2,216.0,8,216.5,20,1,2022-05-18 09:00:12
1652864412825426000,216.5,1,216.0,8,216.5,19,1,2022-05-18 09:00:12
1652864412878504000,216.0,1,216.0,8,216.5,19,2,2022-05-18 09:00:12
1652864412982993000,216.5,1,216.0,9,216.5,18,1,2022-05-18 09:00:12
1652864413071466000,216.5,1,216.0,10,216.5,17,1,2022-05-18 09:00:13
1652864413091341000,216.0,1,216.0,9,216.5,17,2,2022-05-18 09:00:13
1652864413123438000,216.5,12,216.0,10,216.5,5,1,2022-05-18 09:00:13
1652864413125334000,216.5,1,216.0,10,216.5,4,1,2022-05-18 09:00:13
1652864413135704000,216.5,1,216.0,10,216.5,3,1,2022-05-18 09:00:13
1652864413138148000,216.5,1,216.0,10,216.5,2,1,2022-05-18 09:00:13
1652864413425487000,216.0,1,216.0,14,216.5,2,2,2022-05-18 09:00:13
1652864413448393000,216.0,1,216.0,13,216.5,2,2,2022-05-18 09:00:13
1652864413550302000,216.5,1,216.0,14,216.5,1,1,2022-05-18 09:00:13
1652864413552442000,216.5,1,216.0,14,217.0,23,1,2022-05-18 09:00:13
1652864413651348000,216.0,1,216.0,14,217.0,23,2,2022-05-18 09:00:13
1652864413792545000,216.0,6,216.0,10,217.0,23,2,2022-05-18 09:00:13
1652864413916944000,217.0,1,216.0,10,217.0,22,1,2022-05-18 09:00:13
1652864413936945000,216.0,1,216.0,9,217.0,22,2,2022-05-18 09:00:13
1652864414550076000,217.0,1,216.0,25,217.0,21,1,2022-05-18 09:00:14
1652864414590549000,216.5,2,216.0,25,217.0,21,1,2022-05-18 09:00:14
1652864414604821000,216.0,1,216.0,24,217.0,21,2,2022-05-18 09:00:14
1652864415106453000,217.0,1,216.5,2,217.0,21,1,2022-05-18 09:00:15
1652864415153040000,217.0,1,216.5,2,217.0,20,1,2022-05-18 09:00:15
1652864415186514000,217.0,5,216.5,3,217.0,15,1,2022-05-18 09:00:15
1652864415388420000,217.0,1,216.5,3,217.0,14,1,2022-05-18 09:00:15
1652864415512469000,217.0,5,216.5,6,217.0,9,1,2022-05-18 09:00:15
1652864415553591000,217.0,1,216.5,6,217.0,8,1,2022-05-18 09:00:15
1652864415600005000,216.5,3,216.5,3,217.0,8,2,2022-05-18 09:00:15
1652864415809527000,217.0,1,216.5,3,217.0,7,1,2022-05-18 09:00:15
1652864415857638000,217.0,1,216.5,3,217.0,6,1,2022-05-18 09:00:15
1652864416096841000,216.5,1,216.5,3,217.0,6,2,2022-05-18 09:00:16
1652864416142419000,217.0,1,216.5,3,217.0,5,1,2022-05-18 09:00:16
1652864416604084000,216.5,2,216.5,3,217.0,7,2,2022-05-18 09:00:16
1652864417174917000,216.5,4,216.5,1,217.0,7,2,2022-05-18 09:00:17
1652864417198198000,216.5,1,216.0,57,217.0,7,2,2022-05-18 09:00:17
1652864417528383000,216.5,3,216.0,60,217.0,8,2,2022-05-18 09:00:17
1652864417528383000,216.0,2,216.0,60,217.0,8,2,2022-05-18 09:00:17
1652864417594548000,217.0,1,216.0,61,217.0,7,1,2022-05-18 09:00:17
1652864417752014000,217.0,1,216.5,1,217.0,6,1,2022-05-18 09:00:17
1652864417983458000,217.0,1,216.5,1,217.0,5,1,2022-05-18 09:00:17
1652864418000099000,217.0,5,216.5,1,217.5,21,1,2022-05-18 09:00:18
1652864418290973000,217.5,1,216.5,2,217.5,20,1,2022-05-18 09:00:18
1652864418462810000,217.0,1,216.5,5,217.5,20,1,2022-05-18 09:00:18
1652864418483293000,216.5,2,216.5,3,217.5,20,2,2022-05-18 09:00:18
1652864418564335000,216.5,1,216.5,2,217.5,20,2,2022-05-18 09:00:18
1652864418736804000,217.5,1,216.5,7,217.5,19,1,2022-05-18 09:00:18
1652864418907962000,217.0,1,216.5,12,217.5,19,2,2022-05-18 09:00:18
1652864419125061000,217.5,3,216.5,15,217.5,16,1,2022-05-18 09:00:19
1652864419181654000,217.5,1,216.5,15,217.5,15,1,2022-05-18 09:00:19
1652864419758197000,217.0,2,217.0,4,217.5,15,2,2022-05-18 09:00:19
1652864420014985000,217.5,2,217.0,6,217.5,12,1,2022-05-18 09:00:20
1652864420131553000,217.5,1,217.0,6,217.5,11,1,2022-05-18 09:00:20
1652864420320959000,217.0,5,217.0,2,217.5,11,2,2022-05-18 09:00:20
1652864420459114000,217.0,3,216.5,35,217.0,47,2,2022-05-18 09:00:20
1652864420499253000,217.0,1,216.5,36,217.0,46,1,2022-05-18 09:00:20
1652864420552982000,217.0,1,216.5,36,217.0,45,1,2022-05-18 09:00:20
1652864420599001000,217.0,1,216.5,37,217.0,44,1,2022-05-18 09:00:20
1652864420606025000,217.0,1,216.5,38,217.0,43,1,2022-05-18 09:00:20
1652864420609338000,216.5,1,216.5,37,217.0,43,2,2022-05-18 09:00:20
1652864420728690000,216.5,2,216.5,37,217.0,43,2,2022-05-18 09:00:20
1652864420874674000,217.0,1,216.5,38,217.0,42,1,2022-05-18 09:00:20
1652864421034914000,217.0,2,216.5,40,217.0,40,1,2022-05-18 09:00:21
1652864421222516000,216.5,1,216.5,39,217.0,40,2,2022-05-18 09:00:21
1652864421302213000,217.0,1,216.5,40,217.0,39,1,2022-05-18 09:00:21
1652864421321287000,217.0,1,216.5,40,217.0,38,1,2022-05-18 09:00:21
1652864421459532000,217.0,1,216.5,40,217.0,37,1,2022-05-18 09:00:21
1652864421468539000,217.0,1,216.5,40,217.0,36,1,2022-05-18 09:00:21
1652864422031683000,217.0,1,216.5,46,217.0,36,1,2022-05-18 09:00:22
1652864422072247000,217.0,1,216.5,46,217.0,35,1,2022-05-18 09:00:22
1652864422075536000,217.0,1,216.5,46,217.0,34,1,2022-05-18 09:00:22
1652864422103728000,217.0,1,216.5,47,217.0,33,1,2022-05-18 09:00:22
1652864422137809000,216.5,3,216.5,44,217.0,33,2,2022-05-18 09:00:22
1652864422143975000,217.0,1,216.5,44,217.0,32,1,2022-05-18 09:00:22
1652864422198964000,217.0,1,216.5,44,217.0,33,1,2022-05-18 09:00:22
1652864422265672000,217.0,2,216.5,44,217.0,31,1,2022-05-18 09:00:22
1652864422297914000,217.0,2,216.5,44,217.0,29,1,2022-05-18 09:00:22
1652864422390783000,216.5,1,216.5,48,217.0,29,2,2022-05-18 09:00:22
1652864422420960000,217.0,1,216.5,48,217.0,28,1,2022-05-18 09:00:22
1652864422517376000,217.0,1,216.5,48,217.0,27,1,2022-05-18 09:00:22
1652864422548078000,217.0,4,216.5,48,217.0,23,1,2022-05-18 09:00:22
1652864422607126000,217.0,1,216.5,51,217.0,22,1,2022-05-18 09:00:22
1652864422761566000,217.0,1,216.5,52,217.0,21,1,2022-05-18 09:00:22
1652864422949298000,217.0,1,216.5,53,217.0,20,1,2022-05-18 09:00:22
1652864422975840000,217.0,1,216.5,53,217.0,19,1,2022-05-18 09:00:22
1652864422987034000,217.0,1,216.5,53,217.0,18,1,2022-05-18 09:00:22
1652864423092680000,217.0,1,216.5,53,217.0,17,1,2022-05-18 09:00:23
1652864423239452000,216.5,1,216.5,57,217.0,17,2,2022-05-18 09:00:23
1652864423260237000,217.0,1,216.5,58,217.0,16,1,2022-05-18 09:00:23
1652864423311238000,217.0,5,216.5,58,217.0,11,1,2022-05-18 09:00:23
1652864423329464000,216.5,1,216.5,57,217.0,11,2,2022-05-18 09:00:23
1652864423344176000,217.0,1,216.5,57,217.0,10,1,2022-05-18 09:00:23
1652864423368479000,217.0,1,216.5,57,217.0,10,1,2022-05-18 09:00:23
1652864423597017000,217.0,1,216.5,56,217.0,9,1,2022-05-18 09:00:23
1652864423742469000,217.0,5,216.5,60,217.0,4,1,2022-05-18 09:00:23
1652864423785047000,217.0,1,216.5,60,217.0,5,1,2022-05-18 09:00:23
1652864423846576000,216.5,1,216.5,59,217.0,5,2,2022-05-18 09:00:23
1652864423848775000,217.0,1,216.5,59,217.0,4,1,2022-05-18 09:00:23
1652864423898189000,217.0,4,216.5,59,217.5,19,1,2022-05-18 09:00:23
1652864423898189000,217.5,1,216.5,59,217.5,19,1,2022-05-18 09:00:23
1652864424022691000,216.5,3,216.5,56,217.5,19,2,2022-05-18 09:00:24
1652864424098358000,217.0,1,216.5,56,217.5,19,2,2022-05-18 09:00:24
1652864424271740000,217.5,1,217.0,2,217.5,18,1,2022-05-18 09:00:24
1652864424275628000,217.0,1,217.0,1,217.5,18,2,2022-05-18 09:00:24
1652864424370109000,217.0,2,217.0,3,217.5,18,2,2022-05-18 09:00:24
1652864424395938000,217.0,3,216.5,55,217.0,1,2,2022-05-18 09:00:24
1652864424403580000,217.0,1,216.5,56,217.5,21,1,2022-05-18 09:00:24
1652864424464109000,217.0,1,217.0,5,217.5,21,2,2022-05-18 09:00:24
1652864424507696000,217.5,3,217.0,5,217.5,18,1,2022-05-18 09:00:24
1652864424580181000,217.0,1,217.0,4,217.5,18,2,2022-05-18 09:00:24
1652864424860015000,217.0,1,217.0,8,217.5,19,2,2022-05-18 09:00:24
1652864425132046000,217.5,1,217.0,11,217.5,18,1,2022-05-18 09:00:25
1652864425166827000,217.5,1,217.0,11,217.5,18,1,2022-05-18 09:00:25
1652864425221752000,217.5,4,217.0,11,217.5,14,1,2022-05-18 09:00:25
1652864425298181000,217.0,1,217.0,13,217.5,14,2,2022-05-18 09:00:25
1652864425301858000,217.5,1,217.0,13,217.5,13,1,2022-05-18 09:00:25
1652864425329760000,217.5,2,217.0,13,217.5,11,1,2022-05-18 09:00:25
1652864425392341000,217.5,1,217.0,13,217.5,10,1,2022-05-18 09:00:25
1652864425539456000,217.5,1,217.0,16,217.5,9,1,2022-05-18 09:00:25
1652864425730400000,217.5,2,217.0,18,217.5,7,1,2022-05-18 09:00:25
1652864425842700000,217.0,1,217.0,17,217.5,7,2,2022-05-18 09:00:25
1652864426004144000,217.5,1,217.0,23,217.5,6,1,2022-05-18 09:00:26
1652864426010326000,217.5,1,217.0,24,217.5,5,1,2022-05-18 09:00:26
1652864426077929000,217.0,3,217.0,22,217.5,6,2,2022-05-18 09:00:26
1652864426242768000,217.5,1,217.0,27,217.5,5,1,2022-05-18 09:00:26
1652864426344234000,217.5,1,217.0,28,217.5,4,1,2022-05-18 09:00:26
1652864426495060000,217.0,1,217.0,31,217.5,7,2,2022-05-18 09:00:26
1652864427134765000,217.5,2,217.0,45,217.5,9,1,2022-05-18 09:00:27
1652864427195722000,217.0,1,217.0,44,217.5,9,2,2022-05-18 09:00:27
1652864427202064000,217.5,4,217.0,44,217.5,5,1,2022-05-18 09:00:27
1652864427308192000,217.5,3,217.0,45,217.5,4,1,2022-05-18 09:00:27
1652864427360450000,217.5,1,217.0,47,217.5,3,1,2022-05-18 09:00:27
1652864427375654000,217.5,3,217.0,47,218.0,96,1,2022-05-18 09:00:27
1652864427375654000,218.0,7,217.0,47,218.0,96,1,2022-05-18 09:00:27
1652864427383175000,217.0,1,217.0,51,218.0,96,2,2022-05-18 09:00:27
1652864427418742000,218.0,1,217.5,2,218.0,95,1,2022-05-18 09:00:27
1652864427609536000,217.5,2,217.0,56,218.0,95,2,2022-05-18 09:00:27
1652864427702298000,218.0,1,217.0,56,218.0,94,1,2022-05-18 09:00:27
1652864428077477000,217.5,1,217.0,66,218.0,94,2,2022-05-18 09:00:28
1652864428536838000,217.5,1,217.5,3,218.0,94,2,2022-05-18 09:00:28
1652864428727788000,217.5,1,217.5,2,218.0,95,2,2022-05-18 09:00:28
1652864428736516000,217.5,1,217.5,1,218.0,95,2,2022-05-18 09:00:28
1652864428783567000,218.0,5,217.5,2,218.0,90,1,2022-05-18 09:00:28
1652864428856292000,217.5,1,217.5,1,218.0,90,2,2022-05-18 09:00:28
1652864428929712000,218.0,2,217.5,2,218.0,88,1,2022-05-18 09:00:28
1652864429327521000,217.5,3,217.5,2,218.0,90,2,2022-05-18 09:00:29
1652864429401942000,217.5,1,217.5,2,218.0,90,2,2022-05-18 09:00:29
1652864429469381000,217.5,2,217.0,92,218.0,97,2,2022-05-18 09:00:29
1652864429621919000,218.0,1,217.5,2,218.0,96,1,2022-05-18 09:00:29
1652864429707712000,217.5,1,217.5,3,218.0,96,2,2022-05-18 09:00:29
1652864429809070000,218.0,1,217.5,3,218.0,95,1,2022-05-18 09:00:29
1652864429873854000,217.5,1,217.5,2,218.0,95,2,2022-05-18 09:00:29
1652864429903264000,218.0,5,217.5,2,218.0,90,1,2022-05-18 09:00:29
1652864430242124000,218.0,1,217.5,5,218.0,90,1,2022-05-18 09:00:30
1652864430329074000,217.5,1,217.5,4,218.0,90,2,2022-05-18 09:00:30
1652864430672247000,218.0,1,217.5,8,218.0,89,1,2022-05-18 09:00:30
1652864430693636000,217.5,1,217.5,7,218.0,89,2,2022-05-18 09:00:30
1652864430729760000,217.5,1,217.5,11,218.0,89,2,2022-05-18 09:00:30
1652864430745938000,217.5,8,217.5,3,218.0,89,2,2022-05-18 09:00:30
1652864430857521000,217.5,1,217.5,3,218.0,89,2,2022-05-18 09:00:30
1652864430919289000,217.5,1,217.5,3,218.0,89,2,2022-05-18 09:00:30
1652864430938120000,217.5,3,217.5,1,218.0,89,2,2022-05-18 09:00:30
1652864431030311000,217.5,3,217.0,99,218.0,89,2,2022-05-18 09:00:31
1652864431104165000,217.5,1,217.0,99,218.0,90,2,2022-05-18 09:00:31
1652864431561344000,217.5,2,217.5,2,218.0,90,2,2022-05-18 09:00:31
1652864431579503000,217.5,2,217.0,103,218.0,90,2,2022-05-18 09:00:31
1652864431712712000,217.5,1,217.5,1,218.0,90,2,2022-05-18 09:00:31
1652864431743771000,218.0,1,217.5,2,218.0,89,1,2022-05-18 09:00:31
1652864431766138000,217.5,2,217.0,103,218.0,89,2,2022-05-18 09:00:31
1652864431782741000,218.0,1,217.0,103,218.0,88,1,2022-05-18 09:00:31
1652864431794258000,217.5,1,217.0,103,217.5,4,1,2022-05-18 09:00:31
1652864431795226000,217.5,2,217.0,103,217.5,2,1,2022-05-18 09:00:31
1652864431887321000,217.5,1,217.0,103,217.5,1,1,2022-05-18 09:00:31
1652864431887364000,217.5,1,217.0,103,218.0,88,1,2022-05-18 09:00:31
1652864431913897000,218.0,1,217.0,103,218.0,87,1,2022-05-18 09:00:31
1652864432112544000,218.0,1,217.0,106,218.0,87,1,2022-05-18 09:00:32
1652864432192326000,217.5,5,217.0,106,218.0,87,2,2022-05-18 09:00:32
1652864432329295000,218.0,1,217.0,107,218.0,86,1,2022-05-18 09:00:32
1652864432412095000,217.5,1,217.0,107,217.5,1,2,2022-05-18 09:00:32
1652864432476002000,217.5,1,217.0,107,218.0,86,1,2022-05-18 09:00:32
1652864432558137000,218.0,1,217.5,1,218.0,86,1,2022-05-18 09:00:32
1652864432666138000,218.0,1,217.5,1,218.0,85,1,2022-05-18 09:00:32
1652864432667467000,218.0,1,217.5,1,218.0,84,1,2022-05-18 09:00:32
1652864432751777000,217.5,1,217.0,108,217.5,4,2,2022-05-18 09:00:32
1652864432915811000,217.5,3,217.0,109,217.5,1,1,2022-05-18 09:00:32
1652864432936475000,217.5,1,217.0,109,218.0,87,1,2022-05-18 09:00:32
1652864432985215000,217.5,1,217.0,109,218.0,87,2,2022-05-18 09:00:32
1652864433028531000,217.5,1,217.0,109,217.5,1,1,2022-05-18 09:00:33
1652864433033881000,217.5,1,217.0,109,218.0,68,1,2022-05-18 09:00:33
1652864433033881000,218.0,19,217.0,109,218.0,68,1,2022-05-18 09:00:33
1652864433049762000,218.0,1,217.0,109,218.0,67,1,2022-05-18 09:00:33
1652864433197482000,217.5,1,217.0,110,218.0,67,2,2022-05-18 09:00:33
1652864433219181000,218.0,1,217.0,110,218.0,66,1,2022-05-18 09:00:33
1652864433269354000,217.0,1,217.0,109,218.0,66,2,2022-05-18 09:00:33
1652864433304978000,217.5,1,217.0,111,217.5,4,1,2022-05-18 09:00:33
1652864433379997000,217.5,1,217.0,112,217.5,4,1,2022-05-18 09:00:33
1652864433383105000,217.5,1,217.0,113,217.5,3,1,2022-05-18 09:00:33
1652864433444858000,217.5,1,217.0,113,217.5,2,1,2022-05-18 09:00:33
1652864433527498000,217.5,1,217.0,115,217.5,1,1,2022-05-18 09:00:33
1652864433610377000,217.5,1,217.0,116,218.0,66,1,2022-05-18 09:00:33
1652864433623099000,217.5,1,217.0,116,217.5,2,2,2022-05-18 09:00:33
1652864433636542000,217.5,2,217.0,114,218.0,66,1,2022-05-18 09:00:33
1652864433737272000,217.5,3,217.0,115,218.0,66,2,2022-05-18 09:00:33
1652864433853795000,217.5,1,217.5,1,218.0,66,2,2022-05-18 09:00:33
1652864433872971000,218.0,2,217.5,1,218.0,66,1,2022-05-18 09:00:33
1652864433891273000,217.5,1,217.0,115,218.0,66,2,2022-05-18 09:00:33
1652864433950282000,218.0,1,217.0,115,218.0,65,1,2022-05-18 09:00:33
1652864433985951000,218.0,3,217.0,115,218.0,62,1,2022-05-18 09:00:33
1652864434045925000,218.0,1,217.5,1,218.0,61,1,2022-05-18 09:00:34
1652864434182014000,217.5,3,217.0,116,217.5,7,2,2022-05-18 09:00:34
1652864434304051000,217.5,1,217.0,126,217.5,7,1,2022-05-18 09:00:34
1652864434403254000,217.0,1,217.0,125,217.5,7,2,2022-05-18 09:00:34
1652864434489745000,217.5,1,217.0,126,217.5,11,1,2022-05-18 09:00:34
1652864434739212000,217.5,2,217.0,127,217.5,9,1,2022-05-18 09:00:34
1652864434880617000,217.5,1,217.0,132,217.5,8,1,2022-05-18 09:00:34
1652864434931732000,217.5,1,217.0,133,217.5,8,1,2022-05-18 09:00:34
1652864434992763000,217.5,1,217.0,133,217.5,7,1,2022-05-18 09:00:34
1652864435000864000,217.5,1,217.0,133,217.5,6,1,2022-05-18 09:00:35
1652864435136087000,217.5,1,217.0,132,217.5,6,1,2022-05-18 09:00:35
1652864435147624000,217.5,1,217.0,132,217.5,5,1,2022-05-18 09:00:35
1652864435307270000,217.5,3,217.0,132,217.5,2,1,2022-05-18 09:00:35
1652864435320140000,217.5,1,217.0,132,217.5,1,1,2022-05-18 09:00:35
1652864435419929000,217.5,1,217.5,2,218.0,63,1,2022-05-18 09:00:35
1652864435487658000,218.0,1,217.5,3,218.0,62,1,2022-05-18 09:00:35
1652864435610064000,217.5,1,217.5,3,218.0,62,2,2022-05-18 09:00:35
1652864435632951000,217.5,1,217.5,2,218.0,62,2,2022-05-18 09:00:35
1652864435750046000,218.0,1,217.5,4,218.0,61,1,2022-05-18 09:00:35
1652864435880914000,218.0,1,217.5,5,218.0,60,1,2022-05-18 09:00:35
1652864435950098000,218.0,1,217.5,6,218.0,59,1,2022-05-18 09:00:35
1652864436073323000,218.0,2,217.5,13,218.0,57,1,2022-05-18 09:00:36
1652864436188813000,218.0,1,217.5,16,218.0,56,1,2022-05-18 09:00:36
1652864436273092000,218.0,2,217.5,16,218.0,55,1,2022-05-18 09:00:36
1652864436312454000,217.5,1,217.5,15,218.0,55,2,2022-05-18 09:00:36
1652864436373611000,218.0,1,217.5,15,218.0,55,1,2022-05-18 09:00:36
1652864436464894000,217.5,1,217.5,14,218.0,55,2,2022-05-18 09:00:36
1652864436465866000,218.0,1,217.5,14,218.0,54,1,2022-05-18 09:00:36
1652864436665520000,217.5,1,217.5,18,218.0,55,2,2022-05-18 09:00:36
1652864436950794000,217.5,1,217.5,20,218.0,55,2,2022-05-18 09:00:36
1652864436960601000,218.0,1,217.5,20,218.0,54,1,2022-05-18 09:00:36
1652864437006287000,217.5,1,217.5,19,218.0,54,2,2022-05-18 09:00:37
1652864437030213000,217.5,1,217.5,19,218.0,54,2,2022-05-18 09:00:37
1652864437185821000,217.5,2,217.5,20,218.0,54,2,2022-05-18 09:00:37
1652864437848918000,218.0,5,217.5,28,218.0,50,1,2022-05-18 09:00:37
1652864437908637000,217.5,1,217.5,27,218.0,50,2,2022-05-18 09:00:37
1652864437933731000,218.0,10,217.5,28,218.0,40,1,2022-05-18 09:00:37
1652864437989896000,218.0,1,217.5,28,218.0,39,1,2022-05-18 09:00:37
1652864438017976000,217.5,1,217.5,27,218.0,39,2,2022-05-18 09:00:38
1652864438409372000,217.5,5,217.5,25,218.0,40,2,2022-05-18 09:00:38
1652864438487083000,218.0,2,217.5,28,218.0,41,1,2022-05-18 09:00:38
1652864438771675000,217.5,1,217.5,31,218.0,41,2,2022-05-18 09:00:38
1652864439098343000,218.0,3,217.5,38,218.0,38,1,2022-05-18 09:00:39
1652864439153093000,218.0,1,217.5,38,218.0,38,1,2022-05-18 09:00:39
1652864439225019000,218.0,1,217.5,40,218.0,37,1,2022-05-18 09:00:39
1652864439306743000,218.0,1,217.5,42,218.0,36,1,2022-05-18 09:00:39
1652864439325726000,217.5,1,217.5,41,218.0,36,2,2022-05-18 09:00:39
1652864439386429000,218.0,1,217.5,44,218.0,35,1,2022-05-18 09:00:39
1652864439402923000,218.0,1,217.5,44,218.0,34,1,2022-05-18 09:00:39
1652864439530461000,218.0,1,217.5,53,218.0,35,1,2022-05-18 09:00:39
1652864439612923000,218.0,5,217.5,53,218.0,35,1,2022-05-18 09:00:39
1652864439922169000,217.5,1,217.5,55,218.0,35,2,2022-05-18 09:00:39
1652864440247265000,217.5,1,217.5,60,218.0,35,2,2022-05-18 09:00:40
1652864440557206000,218.0,1,217.5,64,218.0,42,1,2022-05-18 09:00:40
1652864440649969000,217.5,5,217.5,62,218.0,42,2,2022-05-18 09:00:40
1652864440819083000,218.0,2,217.5,64,218.0,40,1,2022-05-18 09:00:40
1652864440902790000,217.5,1,217.5,63,218.0,40,2,2022-05-18 09:00:40
1652864441033134000,218.0,1,217.5,66,218.0,39,1,2022-05-18 09:00:41
1652864441052422000,217.5,66,217.0,183,218.0,39,2,2022-05-18 09:00:41
1652864441107881000,218.0,1,217.5,2,218.0,38,1,2022-05-18 09:00:41
1652864441447323000,218.0,10,217.5,5,218.0,28,1,2022-05-18 09:00:41
1652864441448031000,218.0,1,217.5,5,218.0,27,1,2022-05-18 09:00:41
1652864441495937000,217.5,5,217.0,189,217.5,40,2,2022-05-18 09:00:41
1652864441593325000,217.5,1,217.0,188,217.5,39,1,2022-05-18 09:00:41
1652864441606749000,217.5,1,217.0,188,217.5,38,1,2022-05-18 09:00:41
1652864441625942000,217.5,1,217.0,188,217.5,37,1,2022-05-18 09:00:41
1652864441733398000,217.5,1,217.0,187,217.5,36,1,2022-05-18 09:00:41
1652864441759257000,217.5,1,217.0,186,217.5,35,1,2022-05-18 09:00:41
1652864441838283000,217.5,1,217.0,186,217.5,35,1,2022-05-18 09:00:41
1652864441854455000,217.5,5,217.0,186,217.5,30,1,2022-05-18 09:00:41
1652864441945684000,217.5,1,217.0,186,217.5,30,1,2022-05-18 09:00:41
1652864442027486000,217.5,1,217.0,186,217.5,29,1,2022-05-18 09:00:42
1652864442114411000,217.5,5,217.0,189,217.5,24,1,2022-05-18 09:00:42
1652864442193813000,217.5,1,217.0,189,217.5,23,1,2022-05-18 09:00:42
1652864442210804000,217.5,1,217.0,189,217.5,22,1,2022-05-18 09:00:42
1652864442342824000,217.5,3,217.0,190,217.5,19,1,2022-05-18 09:00:42
1652864442483249000,217.5,1,217.0,197,217.5,20,1,2022-05-18 09:00:42
1652864442547938000,217.5,1,217.0,196,217.5,19,1,2022-05-18 09:00:42
1652864442553237000,217.5,2,217.0,196,217.5,17,1,2022-05-18 09:00:42
1652864442607988000,217.0,1,217.0,196,217.5,17,2,2022-05-18 09:00:42
1652864442821479000,217.5,1,217.0,198,217.5,21,1,2022-05-18 09:00:42
1652864442972070000,217.5,1,217.0,198,217.5,20,1,2022-05-18 09:00:42
1652864443116283000,217.5,1,217.0,208,217.5,19,1,2022-05-18 09:00:43
1652864443263585000,217.5,1,217.0,208,217.5,17,1,2022-05-18 09:00:43
1652864443320577000,217.5,1,217.0,207,217.5,16,1,2022-05-18 09:00:43
1652864443321535000,217.5,2,217.0,205,217.5,14,1,2022-05-18 09:00:43
1652864443440465000,217.5,1,217.0,205,217.5,14,1,2022-05-18 09:00:43
1652864443491821000,217.5,1,217.0,205,217.5,13,1,2022-05-18 09:00:43
1652864443503120000,217.5,1,217.0,205,217.5,12,1,2022-05-18 09:00:43
1652864443742519000,217.5,1,217.0,205,217.5,14,1,2022-05-18 09:00:43
1652864443881897000,217.0,1,217.0,204,217.5,14,2,2022-05-18 09:00:43
1652864443926361000,217.5,1,217.0,204,217.5,13,1,2022-05-18 09:00:43
1652864444106977000,217.5,1,217.0,204,217.5,12,1,2022-05-18 09:00:44
1652864444184332000,217.0,1,217.0,203,217.5,12,2,2022-05-18 09:00:44
1652864444278650000,217.5,1,217.0,203,217.5,12,1,2022-05-18 09:00:44
1652864444331934000,217.5,1,217.0,203,217.5,11,1,2022-05-18 09:00:44
1652864444369075000,217.5,2,217.0,204,217.5,9,1,2022-05-18 09:00:44
1652864444581141000,217.5,1,217.0,204,217.5,15,1,2022-05-18 09:00:44
1652864444644847000,217.5,1,217.0,204,217.5,14,1,2022-05-18 09:00:44
1652864444718489000,217.5,2,217.0,204,217.5,12,1,2022-05-18 09:00:44
1652864445047100000,217.5,10,217.0,205,217.5,2,1,2022-05-18 09:00:45
1652864445096995000,217.5,1,217.0,204,217.5,1,1,2022-05-18 09:00:45
1652864445188672000,217.5,2,217.5,3,218.0,47,1,2022-05-18 09:00:45
1652864445214098000,217.5,3,217.0,205,218.0,47,2,2022-05-18 09:00:45
1652864445277739000,217.5,1,217.0,204,218.0,47,2,2022-05-18 09:00:45
1652864445310418000,217.5,1,217.5,11,218.0,47,2,2022-05-18 09:00:45
1652864445310434000,217.5,6,217.5,5,218.0,47,2,2022-05-18 09:00:45
1652864445310493000,217.5,1,217.5,4,218.0,47,2,2022-05-18 09:00:45
1652864445320690000,217.5,4,217.0,204,218.0,47,2,2022-05-18 09:00:45
1652864445341094000,217.5,1,217.0,204,218.0,47,2,2022-05-18 09:00:45
1652864445412908000,218.0,1,217.5,1,218.0,46,1,2022-05-18 09:00:45
1652864445414944000,217.5,1,217.0,204,218.0,46,2,2022-05-18 09:00:45
1652864445519212000,217.5,1,217.0,215,218.0,51,1,2022-05-18 09:00:45
1652864445672937000,217.5,1,217.0,215,217.5,1,1,2022-05-18 09:00:45
1652864445715072000,217.5,1,217.0,215,217.5,1,1,2022-05-18 09:00:45
1652864445870650000,217.5,2,217.0,218,217.5,1,1,2022-05-18 09:00:45
1652864445937946000,217.5,1,217.0,219,217.5,2,1,2022-05-18 09:00:45
1652864445988848000,217.5,1,217.0,218,217.5,1,1,2022-05-18 09:00:45
1652864446036757000,217.5,1,217.0,218,217.5,1,1,2022-05-18 09:00:46
1652864446363332000,217.5,1,217.0,218,218.0,52,1,2022-05-18 09:00:46
1652864446436945000,218.0,1,217.0,218,218.0,53,1,2022-05-18 09:00:46
1652864446478264000,217.5,10,217.5,2,218.0,53,2,2022-05-18 09:00:46
1652864446478388000,217.5,2,217.0,218,218.0,53,2,2022-05-18 09:00:46
1652864446580960000,217.5,2,217.0,219,218.0,53,2,2022-05-18 09:00:46
1652864446755755000,217.5,1,217.0,220,217.5,1,1,2022-05-18 09:00:46
1652864446899622000,217.5,1,217.0,222,217.5,1,1,2022-05-18 09:00:46
1652864446985120000,217.5,1,217.0,223,218.0,53,1,2022-05-18 09:00:46
1652864447062314000,218.0,1,217.0,223,218.0,52,1,2022-05-18 09:00:47
1652864447137287000,217.5,1,217.0,223,217.5,11,1,2022-05-18 09:00:47
1652864447146195000,217.5,1,217.0,223,217.5,10,1,2022-05-18 09:00:47
1652864447158196000,217.5,1,217.0,223,217.5,9,1,2022-05-18 09:00:47
1652864447165996000,217.5,1,217.0,222,217.5,8,1,2022-05-18 09:00:47
1652864447286375000,217.5,1,217.0,222,217.5,7,1,2022-05-18 09:00:47
1652864447289985000,217.5,1,217.0,222,217.5,6,1,2022-05-18 09:00:47
1652864447315208000,217.5,1,217.0,222,217.5,10,1,2022-05-18 09:00:47
1652864447378008000,217.5,1,217.0,223,217.5,9,1,2022-05-18 09:00:47
1652864447463785000,217.5,4,217.0,223,217.5,5,1,2022-05-18 09:00:47
1652864447533181000,217.5,3,217.0,224,217.5,2,1,2022-05-18 09:00:47
1652864447666255000,217.5,1,217.0,222,217.5,1,1,2022-05-18 09:00:47
1652864447977994000,217.5,1,217.0,222,217.5,1,1,2022-05-18 09:00:47
1652864447979634000,217.5,1,217.0,222,218.0,56,1,2022-05-18 09:00:47
1652864448068518000,217.5,1,217.0,222,217.5,1,1,2022-05-18 09:00:48
1652864448108972000,217.5,1,217.0,222,218.0,56,1,2022-05-18 09:00:48
1652864448183133000,217.5,3,217.0,222,218.0,56,2,2022-05-18 09:00:48
1652864448197011000,218.0,1,217.0,222,218.0,55,1,2022-05-18 09:00:48
1652864448223676000,218.0,1,217.0,222,218.0,54,1,2022-05-18 09:00:48
1652864448243071000,217.5,1,217.0,222,218.0,54,1,2022-05-18 09:00:48
1652864448285829000,217.5,1,217.5,2,218.0,54,2,2022-05-18 09:00:48
1652864448285845000,217.5,2,217.0,223,218.0,54,2,2022-05-18 09:00:48
1652864448488406000,217.5,1,217.0,225,217.5,3,1,2022-05-18 09:00:48
1652864448565649000,217.5,1,217.0,225,217.5,2,1,2022-05-18 09:00:48
1652864448634437000,217.5,2,217.0,225,217.5,1,1,2022-05-18 09:00:48
1652864448704512000,217.0,1,217.0,225,217.5,1,2,2022-05-18 09:00:48
1652864448741072000,217.5,1,217.0,225,218.0,54,1,2022-05-18 09:00:48
1652864448798246000,217.0,1,217.0,224,218.0,54,2,2022-05-18 09:00:48
1652864448937372000,217.5,1,217.5,1,218.0,54,2,2022-05-18 09:00:48
1652864448938236000,217.5,1,217.0,224,218.0,54,2,2022-05-18 09:00:48
1652864449067540000,217.5,1,217.0,224,218.0,54,1,2022-05-18 09:00:49
1652864449096385000,217.5,1,217.5,3,218.0,54,2,2022-05-18 09:00:49
1652864449124953000,217.5,1,217.5,2,218.0,54,2,2022-05-18 09:00:49
1652864449126991000,217.5,2,217.0,226,218.0,54,2,2022-05-18 09:00:49
1652864449193936000,217.0,2,217.0,224,218.0,54,2,2022-05-18 09:00:49
1652864449322951000,218.0,1,217.5,2,218.0,53,1,2022-05-18 09:00:49
1652864449376681000,217.5,1,217.5,2,218.0,53,2,2022-05-18 09:00:49
1652864449599620000,218.0,1,217.5,2,218.0,52,1,2022-05-18 09:00:49
1652864449632219000,217.5,1,217.5,1,218.0,52,2,2022-05-18 09:00:49
1652864449632799000,217.5,1,217.0,223,218.0,52,2,2022-05-18 09:00:49
1652864449871626000,217.5,1,217.0,224,218.0,52,2,2022-05-18 09:00:49
1652864449976800000,217.5,1,217.0,224,218.0,52,2,2022-05-18 09:00:49
1652864450188340000,217.5,1,217.0,225,218.0,54,2,2022-05-18 09:00:50
1652864450498183000,218.0,2,217.5,5,218.0,47,1,2022-05-18 09:00:50
1652864450600975000,218.0,1,217.5,6,218.0,46,1,2022-05-18 09:00:50
1652864450658275000,217.5,1,217.5,5,218.0,46,2,2022-05-18 09:00:50
1652864450765187000,217.5,1,217.5,5,218.0,48,2,2022-05-18 09:00:50
1652864450794720000,217.5,5,217.5,7,218.0,46,2,2022-05-18 09:00:50
1652864450836091000,217.5,3,217.5,5,218.0,46,2,2022-05-18 09:00:50
1652864451024200000,217.5,9,217.0,215,218.0,48,2,2022-05-18 09:00:51
1652864451114773000,217.5,1,217.0,213,217.5,5,1,2022-05-18 09:00:51
1652864451130471000,217.5,1,217.0,214,217.5,4,1,2022-05-18 09:00:51
1652864451153753000,217.5,4,217.5,1,218.0,46,1,2022-05-18 09:00:51
1652864451181961000,217.5,1,217.0,214,218.0,46,2,2022-05-18 09:00:51
1652864451826420000,217.5,1,217.5,18,218.0,47,2,2022-05-18 09:00:51
1652864451833250000,218.0,1,217.5,18,218.0,46,1,2022-05-18 09:00:51
1652864451932842000,217.5,10,217.5,8,218.0,46,2,2022-05-18 09:00:51
1652864451952332000,217.5,8,217.0,217,218.0,48,2,2022-05-18 09:00:51
1652864451979753000,217.0,1,217.0,216,218.0,46,2,2022-05-18 09:00:51
1652864452204996000,217.5,6,217.5,5,218.0,46,2,2022-05-18 09:00:52
1652864452211529000,217.5,1,217.5,4,218.0,46,2,2022-05-18 09:00:52
1652864452287353000,217.5,2,217.5,2,218.0,48,2,2022-05-18 09:00:52
1652864452313179000,217.5,2,217.0,218,218.0,46,2,2022-05-18 09:00:52
1652864452573755000,217.5,1,217.5,1,218.0,46,2,2022-05-18 09:00:52
1652864452607829000,217.5,1,217.5,1,218.0,48,2,2022-05-18 09:00:52
1652864452641227000,217.5,1,217.0,234,218.0,46,2,2022-05-18 09:00:52
1652864453341551000,217.5,1,217.5,9,218.0,60,2,2022-05-18 09:00:53
1652864453370391000,217.5,9,217.0,232,218.0,60,2,2022-05-18 09:00:53
1652864453672912000,217.5,1,217.0,234,217.5,4,2,2022-05-18 09:00:53
1652864453846162000,217.5,2,217.0,233,217.5,2,1,2022-05-18 09:00:53
1652864453856508000,217.5,2,217.0,233,218.0,60,1,2022-05-18 09:00:53
1652864454004854000,218.0,1,217.5,5,218.0,59,1,2022-05-18 09:00:54
1652864454215439000,218.0,2,217.5,5,218.0,57,1,2022-05-18 09:00:54
1652864454230293000,218.0,1,217.5,5,218.0,56,1,2022-05-18 09:00:54
1652864454717434000,217.5,1,217.5,11,218.0,58,2,2022-05-18 09:00:54
1652864454783408000,217.5,1,217.5,14,218.0,58,2,2022-05-18 09:00:54
1652864455140623000,217.5,1,217.5,15,218.0,58,2,2022-05-18 09:00:55
1652864455309759000,217.5,1,217.5,15,218.0,58,2,2022-05-18 09:00:55
1652864455357895000,217.5,1,217.5,14,218.0,58,2,2022-05-18 09:00:55
1652864455446319000,217.5,5,217.5,9,218.0,59,2,2022-05-18 09:00:55
1652864455472795000,217.5,9,217.0,232,218.0,60,2,2022-05-18 09:00:55
1652864455499348000,217.0,1,217.0,231,218.0,60,2,2022-05-18 09:00:55
1652864455896155000,217.5,1,217.0,231,218.0,61,2,2022-05-18 09:00:55
1652864456168148000,217.5,1,217.5,9,218.0,61,2,2022-05-18 09:00:56
1652864456411679000,217.5,1,217.5,13,218.0,61,2,2022-05-18 09:00:56
1652864456534161000,217.5,1,217.5,14,218.0,62,2,2022-05-18 09:00:56
1652864457104651000,218.0,1,217.5,18,218.0,61,1,2022-05-18 09:00:57
1652864457331011000,217.5,1,217.5,17,218.0,59,2,2022-05-18 09:00:57
1652864457362931000,217.5,1,217.5,17,218.0,59,2,2022-05-18 09:00:57
1652864457981684000,218.0,1,217.5,21,218.0,58,1,2022-05-18 09:00:57
1652864458472160000,218.0,30,217.5,24,218.0,30,1,2022-05-18 09:00:58
1652864458581911000,218.0,3,217.5,25,218.0,27,1,2022-05-18 09:00:58
1652864458777651000,217.5,5,217.5,21,218.0,27,2,2022-05-18 09:00:58
1652864459124413000,217.5,22,217.0,233,217.5,68,2,2022-05-18 09:00:59
1652864459278780000,217.5,1,217.0,232,217.5,67,1,2022-05-18 09:00:59
1652864459314290000,217.5,1,217.0,231,217.5,66,1,2022-05-18 09:00:59
1652864459351094000,217.0,1,217.0,230,217.5,66,2,2022-05-18 09:00:59
1652864459361890000,217.5,1,217.0,230,217.5,65,1,2022-05-18 09:00:59
1652864459362871000,217.5,1,217.0,230,217.5,64,1,2022-05-18 09:00:59
1652864459366434000,217.0,1,217.0,229,217.5,64,2,2022-05-18 09:00:59
1652864459645139000,217.0,8,217.0,222,217.5,67,2,2022-05-18 09:00:59
1652864459683739000,217.5,1,217.0,222,217.5,66,1,2022-05-18 09:00:59
1652864459733965000,217.5,5,217.0,222,217.5,61,1,2022-05-18 09:00:59
1652864459735833000,217.5,1,217.0,222,217.5,60,1,2022-05-18 09:00:59
1652864459848705000,217.5,3,217.0,222,217.5,57,1,2022-05-18 09:00:59
1652864459958227000,217.5,1,217.0,223,217.5,56,1,2022-05-18 09:00:59
1652864460087627000,217.5,1,217.0,232,217.5,56,1,2022-05-18 09:01:00
1652864460204540000,217.5,2,217.0,233,217.5,54,1,2022-05-18 09:01:00
1652864460378786000,217.5,1,217.0,239,217.5,54,1,2022-05-18 09:01:00
1652864460430752000,217.0,1,217.0,239,217.5,54,2,2022-05-18 09:01:00
1652864460483017000,217.0,1,217.0,238,217.5,54,2,2022-05-18 09:01:00
1652864460564311000,217.0,1,217.0,237,217.5,55,2,2022-05-18 09:01:00
1652864460832901000,217.5,1,217.0,242,217.5,60,1,2022-05-18 09:01:00
1652864460841018000,217.0,5,217.0,237,217.5,60,2,2022-05-18 09:01:00
1652864461039750000,217.5,3,217.0,238,217.5,78,1,2022-05-18 09:01:01
1652864461095366000,217.5,1,217.0,238,217.5,77,1,2022-05-18 09:01:01
1652864461380849000,217.5,3,217.0,238,217.5,75,1,2022-05-18 09:01:01
1652864461405562000,217.5,1,217.0,238,217.5,74,1,2022-05-18 09:01:01
1652864461528536000,217.0,5,217.0,233,217.5,75,2,2022-05-18 09:01:01
1652864461598837000,217.5,1,217.0,233,217.5,74,1,2022-05-18 09:01:01
1652864461687039000,217.5,3,217.0,230,217.5,71,1,2022-05-18 09:01:01
1652864462039763000,217.5,1,217.0,230,217.5,74,1,2022-05-18 09:01:02
1652864462207596000,217.5,1,217.0,230,217.5,73,1,2022-05-18 09:01:02
1652864462329039000,217.5,1,217.0,230,217.5,72,1,2022-05-18 09:01:02
1652864462342221000,217.5,1,217.0,230,217.5,71,1,2022-05-18 09:01:02
1652864463017422000,217.5,1,217.0,233,217.5,72,1,2022-05-18 09:01:03
1652864463021855000,217.5,1,217.0,233,217.5,71,1,2022-05-18 09:01:03
1652864463053736000,217.5,1,217.0,246,217.5,70,1,2022-05-18 09:01:03
1652864463106624000,217.5,1,217.0,246,217.5,69,1,2022-05-18 09:01:03
1652864463175856000,217.5,5,217.0,246,217.5,65,1,2022-05-18 09:01:03
1652864463266404000,217.5,1,217.0,246,217.5,64,1,2022-05-18 09:01:03
1652864463568639000,217.5,3,217.0,246,217.5,61,1,2022-05-18 09:01:03
1652864463648488000,217.5,1,217.0,246,217.5,60,1,2022-05-18 09:01:03
1652864463702339000,217.0,1,217.0,245,217.5,60,2,2022-05-18 09:01:03
1652864463861382000,217.5,1,217.0,246,217.5,59,1,2022-05-18 09:01:03
1652864464065765000,217.5,1,217.0,247,217.5,59,1,2022-05-18 09:01:04
1652864464105321000,217.5,1,217.0,247,217.5,65,1,2022-05-18 09:01:04
1652864464331760000,217.5,1,217.0,250,217.5,72,1,2022-05-18 09:01:04
1652864464411285000,217.5,1,217.0,251,217.5,71,1,2022-05-18 09:01:04
1652864464781618000,217.5,1,217.0,254,217.5,84,1,2022-05-18 09:01:04
1652864464875975000,217.5,1,217.0,254,217.5,83,1,2022-05-18 09:01:04
1652864464923601000,217.0,1,217.0,253,217.5,83,2,2022-05-18 09:01:04
1652864464962364000,217.5,1,217.0,253,217.5,82,1,2022-05-18 09:01:04
1652864465165127000,217.5,1,217.0,255,217.5,81,1,2022-05-18 09:01:05
1652864465573660000,217.0,4,217.0,252,217.5,82,2,2022-05-18 09:01:05
1652864465586760000,217.5,10,217.0,252,217.5,72,1,2022-05-18 09:01:05
1652864465632331000,217.5,1,217.0,253,217.5,71,1,2022-05-18 09:01:05
1652864465782590000,217.0,30,217.0,224,217.5,72,2,2022-05-18 09:01:05
1652864465815532000,217.0,32,217.0,192,217.5,72,2,2022-05-18 09:01:05
1652864465829378000,217.5,1,217.0,192,217.5,71,1,2022-05-18 09:01:05
1652864465831322000,217.0,1,217.0,191,217.5,71,2,2022-05-18 09:01:05
1652864465854349000,217.0,1,217.0,190,217.5,73,2,2022-05-18 09:01:05
1652864465911946000,217.0,3,217.0,187,217.5,71,2,2022-05-18 09:01:05
1652864465940824000,217.0,30,217.0,157,217.5,71,2,2022-05-18 09:01:05
1652864465987050000,217.5,1,217.0,158,217.5,70,1,2022-05-18 09:01:05
1652864465990916000,217.5,1,217.0,158,217.5,69,1,2022-05-18 09:01:05
1652864466174808000,217.5,1,217.0,160,217.5,68,1,2022-05-18 09:01:06
1652864466500346000,217.5,1,217.0,161,217.5,70,1,2022-05-18 09:01:06
1652864467037521000,217.0,1,217.0,163,217.5,70,2,2022-05-18 09:01:07
1652864467226526000,217.0,1,217.0,163,217.5,70,2,2022-05-18 09:01:07
1652864467368507000,217.5,1,217.0,169,217.5,69,1,2022-05-18 09:01:07
1652864467438976000,217.5,1,217.0,169,217.5,68,1,2022-05-18 09:01:07
1652864467471699000,217.0,1,217.0,168,217.5,68,2,2022-05-18 09:01:07
1652864467786570000,217.0,5,217.0,165,217.5,73,2,2022-05-18 09:01:07
1652864467798489000,217.5,1,217.0,165,217.5,72,1,2022-05-18 09:01:07
1652864468470401000,217.5,1,217.0,167,217.5,72,1,2022-05-18 09:01:08
1652864468476166000,217.5,10,217.0,167,217.5,62,1,2022-05-18 09:01:08
1652864469181258000,217.5,1,217.0,172,217.5,67,1,2022-05-18 09:01:09
1652864469373939000,217.5,1,217.0,173,217.5,66,1,2022-05-18 09:01:09
1652864469697659000,217.5,1,217.0,174,217.5,65,1,2022-05-18 09:01:09
1652864469717959000,217.0,1,217.0,173,217.5,65,2,2022-05-18 09:01:09
1652864469911615000,217.0,1,217.0,172,217.5,65,2,2022-05-18 09:01:09
1652864470243597000,217.0,30,217.0,141,217.5,67,2,2022-05-18 09:01:10
1652864470558619000,217.5,1,217.0,143,217.5,66,1,2022-05-18 09:01:10
1652864470708167000,217.5,1,217.0,144,217.5,65,1,2022-05-18 09:01:10
1652864471213260000,217.5,1,217.0,145,217.5,69,1,2022-05-18 09:01:11
1652864471860549000,217.5,1,217.0,176,217.5,68,1,2022-05-18 09:01:11
1652864472014141000,217.5,1,217.0,177,217.5,67,1,2022-05-18 09:01:12
1652864472067276000,217.5,1,217.0,177,217.5,66,1,2022-05-18 09:01:12
1652864472071251000,217.5,3,217.0,177,217.5,63,1,2022-05-18 09:01:12
1652864472270673000,217.5,1,217.0,174,217.5,62,1,2022-05-18 09:01:12
1652864472304246000,217.5,1,217.0,174,217.5,61,1,2022-05-18 09:01:12
1652864472337354000,217.5,2,217.0,174,217.5,59,1,2022-05-18 09:01:12
1652864472624981000,217.5,1,217.0,175,217.5,61,1,2022-05-18 09:01:12
1652864472948638000,217.5,1,217.0,175,217.5,60,1,2022-05-18 09:01:12
1652864473009866000,217.5,1,217.0,175,217.5,59,1,2022-05-18 09:01:13
1652864473018245000,217.5,10,217.0,175,217.5,49,1,2022-05-18 09:01:13
1652864473034442000,217.5,49,217.0,175,218.0,33,1,2022-05-18 09:01:13
1652864473092391000,217.5,1,217.5,3,218.0,36,2,2022-05-18 09:01:13
1652864473304768000,217.5,2,217.5,6,218.0,36,2,2022-05-18 09:01:13
1652864474736631000,217.5,1,217.5,7,218.0,33,2,2022-05-18 09:01:14
1652864474788996000,218.0,1,217.5,7,218.0,32,1,2022-05-18 09:01:14
1652864475222850000,218.0,1,217.5,7,218.0,36,1,2022-05-18 09:01:15
1652864475279211000,217.5,1,217.5,6,218.0,34,2,2022-05-18 09:01:15
1652864475553725000,218.0,1,217.5,7,218.0,33,1,2022-05-18 09:01:15
1652864475928328000,218.0,1,217.5,7,218.0,32,1,2022-05-18 09:01:15
1652864476236249000,217.5,1,217.5,6,218.0,32,2,2022-05-18 09:01:16
1652864476699597000,217.5,1,217.5,6,218.0,36,2,2022-05-18 09:01:16
1652864477173078000,217.5,1,217.5,17,218.0,37,2,2022-05-18 09:01:17
1652864477178039000,217.5,1,217.5,16,218.0,37,2,2022-05-18 09:01:17
1652864477452012000,217.5,5,217.5,19,218.0,35,2,2022-05-18 09:01:17
1652864477467025000,218.0,1,217.5,19,218.0,34,1,2022-05-18 09:01:17
1652864477773249000,218.0,1,217.5,21,218.0,35,1,2022-05-18 09:01:17
1652864478296941000,218.0,4,217.5,24,218.0,29,1,2022-05-18 09:01:18
1652864478882301000,218.0,5,217.5,41,218.0,26,1,2022-05-18 09:01:18
1652864479741773000,218.0,1,217.5,43,218.0,30,1,2022-05-18 09:01:19
1652864479784186000,218.0,1,217.5,43,218.0,27,1,2022-05-18 09:01:19
1652864479823633000,217.5,1,217.5,42,218.0,27,2,2022-05-18 09:01:19
1652864480084805000,218.0,1,217.5,44,218.0,26,1,2022-05-18 09:01:20
1652864480849943000,218.0,1,217.5,47,218.0,28,1,2022-05-18 09:01:20
1652864480903148000,218.0,2,217.5,57,218.0,24,1,2022-05-18 09:01:20
1652864480980360000,218.0,1,217.5,62,218.0,23,1,2022-05-18 09:01:20
1652864481149291000,218.0,1,217.5,62,218.0,23,1,2022-05-18 09:01:21
1652864481438303000,218.0,2,217.5,64,218.0,23,1,2022-05-18 09:01:21
1652864481575525000,218.0,1,217.5,65,218.0,26,1,2022-05-18 09:01:21
1652864481747514000,217.5,1,217.5,64,218.0,27,2,2022-05-18 09:01:21
1652864481985709000,218.0,1,217.5,64,218.0,26,1,2022-05-18 09:01:21
1652864482197362000,218.0,1,217.5,66,218.0,25,1,2022-05-18 09:01:22
1652864482816321000,218.0,2,217.5,68,218.0,23,1,2022-05-18 09:01:22
1652864483140669000,218.0,3,217.5,69,218.0,20,1,2022-05-18 09:01:23
1652864483522788000,218.0,1,217.5,72,218.0,17,1,2022-05-18 09:01:23
1652864483572582000,218.0,1,217.5,75,218.0,16,1,2022-05-18 09:01:23
1652864483784136000,218.0,1,217.5,75,218.0,15,1,2022-05-18 09:01:23
1652864483892917000,217.5,5,217.5,70,218.0,15,2,2022-05-18 09:01:23
1652864483919743000,218.0,1,217.5,71,218.0,16,1,2022-05-18 09:01:23
1652864483940534000,218.0,1,217.5,71,218.0,13,1,2022-05-18 09:01:23
1652864484029721000,218.0,1,217.5,71,218.0,12,1,2022-05-18 09:01:24
1652864484176215000,218.0,1,217.5,72,218.0,12,1,2022-05-18 09:01:24
1652864484724986000,218.0,2,217.5,76,218.0,10,1,2022-05-18 09:01:24
1652864484833283000,218.0,1,217.5,77,218.0,8,1,2022-05-18 09:01:24
1652864484848841000,218.0,1,217.5,77,218.0,7,1,2022-05-18 09:01:24
1652864484923231000,218.0,1,217.5,77,218.0,6,1,2022-05-18 09:01:24
1652864485233141000,218.0,5,217.5,82,218.0,4,1,2022-05-18 09:01:25
1652864485271515000,218.0,1,217.5,82,218.0,3,1,2022-05-18 09:01:25
1652864485418640000,218.0,1,217.5,82,218.0,3,1,2022-05-18 09:01:25
1652864485630600000,218.0,1,217.5,82,218.0,2,1,2022-05-18 09:01:25
1652864485649384000,217.5,1,217.5,81,218.0,2,2,2022-05-18 09:01:25
1652864485866598000,218.0,1,217.5,81,218.0,1,1,2022-05-18 09:01:25
1652864485891176000,218.0,1,217.5,81,218.5,61,1,2022-05-18 09:01:25
1652864485991311000,218.0,2,218.0,2,218.5,66,2,2022-05-18 09:01:25
1652864486203443000,218.0,1,218.0,2,218.5,66,2,2022-05-18 09:01:26
1652864486443525000,218.0,1,218.0,1,218.5,66,2,2022-05-18 09:01:26
1652864486765346000,218.0,1,218.0,7,218.5,67,2,2022-05-18 09:01:26
1652864486913600000,218.0,1,218.0,8,218.5,67,2,2022-05-18 09:01:26
1652864487356036000,218.0,1,218.0,8,218.5,67,2,2022-05-18 09:01:27
1652864487846212000,218.0,8,218.0,5,218.5,67,2,2022-05-18 09:01:27
1652864488012770000,218.0,2,218.0,16,218.5,67,2,2022-05-18 09:01:28
1652864488460660000,218.0,1,218.0,17,218.5,67,2,2022-05-18 09:01:28
1652864488494234000,218.0,1,218.0,16,218.5,67,2,2022-05-18 09:01:28
1652864488620823000,218.0,2,218.0,14,218.5,67,2,2022-05-18 09:01:28
1652864488971028000,218.0,1,218.0,14,218.5,67,2,2022-05-18 09:01:28
1652864489011500000,218.0,1,218.0,14,218.5,67,2,2022-05-18 09:01:29
1652864489378386000,218.5,2,218.0,18,218.5,65,1,2022-05-18 09:01:29
1652864489514352000,218.5,2,218.0,18,218.5,62,1,2022-05-18 09:01:29
1652864489793261000,218.0,1,218.0,22,218.5,64,2,2022-05-18 09:01:29
1652864490029966000,218.0,1,218.0,22,218.5,64,2,2022-05-18 09:01:30
1652864490132172000,218.5,1,218.0,22,218.5,63,1,2022-05-18 09:01:30
1652864491494532000,218.5,1,218.0,29,218.5,62,1,2022-05-18 09:01:31
1652864492058491000,218.0,5,218.0,29,218.5,62,2,2022-05-18 09:01:32
1652864492152388000,218.0,2,218.0,27,218.5,62,2,2022-05-18 09:01:32
1652864492723291000,218.0,1,218.0,35,218.5,63,2,2022-05-18 09:01:32
1652864492733470000,218.0,1,218.0,34,218.5,63,2,2022-05-18 09:01:32
1652864492805279000,218.5,1,218.0,34,218.5,62,1,2022-05-18 09:01:32
1652864492950223000,218.5,1,218.0,35,218.5,61,1,2022-05-18 09:01:32
1652864493036287000,218.0,1,218.0,34,218.5,61,2,2022-05-18 09:01:33
1652864493439108000,218.5,1,218.0,37,218.5,60,1,2022-05-18 09:01:33
1652864493629069000,218.5,1,218.0,37,218.5,59,1,2022-05-18 09:01:33
1652864493929829000,218.0,1,218.0,40,218.5,62,2,2022-05-18 09:01:33
1652864493994536000,218.5,1,218.0,40,218.5,61,1,2022-05-18 09:01:33
1652864494055289000,218.0,5,218.0,37,218.5,61,2,2022-05-18 09:01:34
1652864494344787000,218.0,1,218.0,36,218.5,61,2,2022-05-18 09:01:34
1652864494800509000,218.0,1,218.0,45,218.5,66,2,2022-05-18 09:01:34
1652864494886984000,218.5,10,218.0,45,218.5,56,1,2022-05-18 09:01:34
1652864494988631000,218.0,1,218.0,44,218.5,55,2,2022-05-18 09:01:34
1652864495223666000,218.5,5,218.0,46,218.5,61,1,2022-05-18 09:01:35
1652864495981269000,218.5,1,218.0,50,218.5,63,1,2022-05-18 09:01:35
1652864496606569000,218.0,1,218.0,52,218.5,66,2,2022-05-18 09:01:36
1652864496641859000,218.0,1,218.0,51,218.5,66,2,2022-05-18 09:01:36
1652864496672703000,218.5,2,218.0,51,218.5,68,1,2022-05-18 09:01:36
1652864497762799000,218.5,5,218.0,59,218.5,66,1,2022-05-18 09:01:37
1652864497943267000,218.5,1,218.0,63,218.5,64,1,2022-05-18 09:01:37
1652864498347058000,218.5,1,218.0,71,218.5,64,1,2022-05-18 09:01:38
1652864498384340000,218.5,1,218.0,71,218.5,64,1,2022-05-18 09:01:38
1652864498499842000,218.5,1,218.0,71,218.5,63,1,2022-05-18 09:01:38
1652864498669753000,218.0,2,218.0,72,218.5,64,2,2022-05-18 09:01:38
1652864498706417000,218.0,72,217.5,107,218.5,64,2,2022-05-18 09:01:38
1652864498990740000,218.0,1,217.5,117,218.0,5,1,2022-05-18 09:01:38
1652864499181637000,218.0,1,217.5,117,218.0,4,1,2022-05-18 09:01:39
1652864499198915000,218.0,4,217.5,117,218.5,63,1,2022-05-18 09:01:39
1652864499198915000,218.5,1,217.5,117,218.5,63,1,2022-05-18 09:01:39
1652864499288930000,218.5,1,217.5,117,218.5,63,1,2022-05-18 09:01:39
1652864499296403000,218.5,1,217.5,117,218.5,62,1,2022-05-18 09:01:39
1652864499876745000,217.5,2,217.5,114,218.5,62,2,2022-05-18 09:01:39
1652864499877876000,218.5,1,217.5,114,218.5,61,1,2022-05-18 09:01:39
1652864499987645000,218.0,1,217.5,114,218.0,3,1,2022-05-18 09:01:39
1652864500556861000,218.0,5,217.5,112,218.5,58,1,2022-05-18 09:01:40
1652864500556861000,218.5,3,217.5,112,218.5,58,1,2022-05-18 09:01:40
1652864500623014000,218.5,1,217.5,113,218.5,54,1,2022-05-18 09:01:40
1652864500719971000,218.0,10,217.5,112,218.0,40,1,2022-05-18 09:01:40
1652864500749336000,217.5,1,217.5,111,218.0,49,2,2022-05-18 09:01:40
1652864500810964000,218.0,1,217.5,111,218.0,48,1,2022-05-18 09:01:40
1652864500996941000,218.0,2,217.5,111,218.0,51,1,2022-05-18 09:01:40
1652864501020472000,218.0,1,217.5,110,218.0,50,1,2022-05-18 09:01:41
1652864501208807000,218.0,1,217.5,110,218.0,52,1,2022-05-18 09:01:41
1652864501410018000,218.0,1,217.5,109,218.0,52,1,2022-05-18 09:01:41
1652864501529956000,218.0,3,217.5,106,218.0,51,1,2022-05-18 09:01:41
1652864502133839000,218.0,5,217.5,107,218.0,49,1,2022-05-18 09:01:42
1652864502321294000,218.0,1,217.5,109,218.0,58,1,2022-05-18 09:01:42
1652864502490764000,218.0,1,217.5,109,218.0,58,1,2022-05-18 09:01:42
1652864502491195000,218.0,1,217.5,109,218.0,57,1,2022-05-18 09:01:42
1652864502665939000,218.0,2,217.5,111,218.0,57,1,2022-05-18 09:01:42
1652864502729907000,218.0,2,217.5,111,218.0,54,1,2022-05-18 09:01:42
1652864502997725000,217.5,1,217.5,110,218.0,54,2,2022-05-18 09:01:42
1652864503034411000,217.5,1,217.5,109,218.0,55,2,2022-05-18 09:01:43
1652864503090121000,218.0,10,217.5,109,218.0,45,1,2022-05-18 09:01:43
1652864503372648000,218.0,1,217.5,108,218.0,53,1,2022-05-18 09:01:43
1652864503496383000,218.0,1,217.5,108,218.0,52,1,2022-05-18 09:01:43
1652864503555629000,218.0,2,217.5,108,218.0,50,1,2022-05-18 09:01:43
1652864504089838000,218.0,1,217.5,107,218.0,50,1,2022-05-18 09:01:44
1652864504464877000,218.0,1,217.5,111,218.0,49,1,2022-05-18 09:01:44
1652864504487048000,218.0,5,217.5,111,218.0,44,1,2022-05-18 09:01:44
1652864504504548000,218.0,1,217.5,111,218.0,43,1,2022-05-18 09:01:44
1652864504775151000,218.0,44,218.0,6,218.5,58,1,2022-05-18 09:01:44
1652864505420311000,218.0,8,218.0,6,218.5,54,2,2022-05-18 09:01:45
1652864505510028000,218.0,3,218.0,5,218.5,54,2,2022-05-18 09:01:45
1652864505639200000,218.5,1,218.0,6,218.5,55,1,2022-05-18 09:01:45
1652864505792828000,218.0,1,218.0,6,218.5,55,2,2022-05-18 09:01:45
1652864505795106000,218.0,6,217.5,112,218.0,4,2,2022-05-18 09:01:45
1652864505811083000,218.0,4,217.5,112,218.5,49,1,2022-05-18 09:01:45
1652864505811083000,218.5,6,217.5,112,218.5,49,1,2022-05-18 09:01:45
1652864505835880000,218.5,1,217.5,112,218.5,48,1,2022-05-18 09:01:45
1652864506114041000,218.0,1,218.0,2,218.5,49,2,2022-05-18 09:01:46
1652864506159192000,218.0,1,217.5,117,218.0,1,2,2022-05-18 09:01:46
1652864506276258000,218.0,1,218.0,19,218.5,50,1,2022-05-18 09:01:46
1652864506551913000,218.0,1,218.0,20,218.5,50,2,2022-05-18 09:01:46
1652864506633767000,218.0,1,218.0,19,218.5,50,2,2022-05-18 09:01:46
1652864507159710000,218.0,2,218.0,37,218.5,51,2,2022-05-18 09:01:47
1652864507299934000,218.0,1,218.0,37,218.5,51,2,2022-05-18 09:01:47
1652864507492804000,218.0,1,218.0,37,218.5,51,2,2022-05-18 09:01:47
1652864507882467000,218.0,1,218.0,37,218.5,51,2,2022-05-18 09:01:47
1652864508274381000,218.0,1,218.0,43,218.5,57,2,2022-05-18 09:01:48
1652864508496518000,218.5,2,218.0,44,218.5,60,1,2022-05-18 09:01:48
1652864508882797000,218.0,2,218.0,44,218.5,60,2,2022-05-18 09:01:48
1652864508903575000,218.0,1,218.0,43,218.5,60,2,2022-05-18 09:01:48
1652864509238174000,218.5,1,218.0,52,218.5,60,1,2022-05-18 09:01:49
1652864509269652000,218.0,1,218.0,52,218.5,60,2,2022-05-18 09:01:49
1652864509532979000,218.5,1,218.0,53,218.5,64,1,2022-05-18 09:01:49
1652864509731584000,218.0,2,218.0,51,218.5,64,2,2022-05-18 09:01:49
1652864509794064000,218.0,1,218.0,50,218.5,64,2,2022-05-18 09:01:49
1652864509979509000,218.0,3,218.0,49,218.5,65,2,2022-05-18 09:01:49
1652864510652055000,218.5,65,218.0,53,219.0,126,1,2022-05-18 09:01:50
1652864510652055000,219.0,2,218.0,53,219.0,126,1,2022-05-18 09:01:50
1652864510792291000,218.0,1,218.0,55,219.0,126,2,2022-05-18 09:01:50
1652864511000943000,218.5,1,218.0,55,218.5,5,1,2022-05-18 09:01:51
1652864511188975000,218.5,1,218.0,56,218.5,5,1,2022-05-18 09:01:51
1652864511207585000,218.5,1,218.0,57,218.5,4,1,2022-05-18 09:01:51
1652864511242369000,218.0,1,218.0,56,218.5,4,2,2022-05-18 09:01:51
1652864511335489000,218.5,2,218.0,56,218.5,2,1,2022-05-18 09:01:51
1652864511399273000,218.5,2,218.0,56,219.0,126,1,2022-05-18 09:01:51
1652864512402629000,218.5,2,218.0,68,218.5,14,1,2022-05-18 09:01:52
1652864512661917000,218.0,1,218.0,67,218.5,15,2,2022-05-18 09:01:52
1652864513365257000,218.0,1,218.0,71,218.5,16,2,2022-05-18 09:01:53
1652864513381204000,218.0,1,218.0,70,218.5,16,2,2022-05-18 09:01:53
1652864513616504000,218.5,1,218.0,72,218.5,15,1,2022-05-18 09:01:53
1652864513835985000,218.5,1,218.0,72,218.5,16,1,2022-05-18 09:01:53
1652864514307705000,218.5,1,218.0,88,218.5,19,1,2022-05-18 09:01:54
1652864514432929000,218.5,3,218.0,89,218.5,16,1,2022-05-18 09:01:54
1652864514571152000,218.5,1,218.0,90,218.5,16,1,2022-05-18 09:01:54
1652864514991424000,218.5,1,218.0,100,218.5,18,1,2022-05-18 09:01:54
1652864515002274000,218.5,1,218.0,100,218.5,17,1,2022-05-18 09:01:55
1652864515015846000,218.5,1,218.0,101,218.5,16,1,2022-05-18 09:01:55
1652864515319279000,218.5,3,218.0,103,218.5,15,1,2022-05-18 09:01:55
1652864515345299000,218.0,1,218.0,102,218.5,15,2,2022-05-18 09:01:55
1652864515349537000,218.5,2,218.0,102,218.5,13,1,2022-05-18 09:01:55
1652864515366835000,218.5,1,218.0,102,218.5,12,1,2022-05-18 09:01:55
1652864515383336000,218.0,1,218.0,101,218.5,12,2,2022-05-18 09:01:55
1652864515710850000,218.5,1,218.0,103,218.5,12,1,2022-05-18 09:01:55
1652864516262045000,218.5,1,218.0,105,218.5,13,1,2022-05-18 09:01:56
1652864516317272000,218.5,10,218.0,105,218.5,3,1,2022-05-18 09:01:56
1652864516641733000,218.5,6,218.0,108,219.0,122,1,2022-05-18 09:01:56
1652864516641733000,219.0,4,218.0,108,219.0,122,1,2022-05-18 09:01:56
1652864516858791000,218.5,1,218.5,4,219.0,122,2,2022-05-18 09:01:56
1652864516941054000,218.5,2,218.5,6,219.0,122,2,2022-05-18 09:01:56
1652864517092092000,218.5,1,218.5,5,219.0,122,2,2022-05-18 09:01:57
1652864517103093000,218.5,1,218.5,4,219.0,122,2,2022-05-18 09:01:57
1652864517540703000,218.5,1,218.5,5,219.0,122,2,2022-05-18 09:01:57
1652864518046999000,218.5,1,218.5,7,219.0,122,2,2022-05-18 09:01:58
1652864518146639000,219.0,4,218.5,8,219.0,118,1,2022-05-18 09:01:58
1652864518268149000,218.5,8,218.0,115,218.5,7,2,2022-05-18 09:01:58
1652864518367513000,218.5,1,218.0,115,218.5,6,1,2022-05-18 09:01:58
1652864518457613000,218.5,2,218.0,116,218.5,4,1,2022-05-18 09:01:58
1652864518586259000,218.5,1,218.0,116,218.5,4,1,2022-05-18 09:01:58
1652864518691091000,218.5,1,218.0,118,218.5,3,1,2022-05-18 09:01:58
1652864518791026000,218.5,2,218.0,118,218.5,6,1,2022-05-18 09:01:58
1652864519057763000,218.5,1,218.0,123,218.5,5,1,2022-05-18 09:01:59
1652864519141115000,218.5,1,218.0,123,218.5,4,1,2022-05-18 09:01:59
1652864519212039000,218.5,1,218.0,123,218.5,3,1,2022-05-18 09:01:59
1652864519366572000,218.5,1,218.0,124,218.5,5,1,2022-05-18 09:01:59
1652864519436403000,218.5,1,218.0,125,218.5,4,1,2022-05-18 09:01:59
1652864519491887000,218.0,5,218.0,119,218.5,4,2,2022-05-18 09:01:59
1652864519550012000,218.0,1,218.0,118,218.5,7,2,2022-05-18 09:01:59
1652864519807951000,218.5,1,218.0,120,218.5,8,1,2022-05-18 09:01:59
1652864519848554000,218.5,1,218.0,120,218.5,7,1,2022-05-18 09:01:59
1652864520181204000,218.5,1,218.0,123,218.5,8,1,2022-05-18 09:02:00
1652864520427798000,218.5,2,218.0,123,218.5,9,1,2022-05-18 09:02:00
1652864520492985000,218.5,1,218.0,123,218.5,9,1,2022-05-18 09:02:00
1652864520521688000,218.0,1,218.0,122,218.5,9,2,2022-05-18 09:02:00
1652864520529313000,218.0,1,218.0,121,218.5,9,2,2022-05-18 09:02:00
1652864520547800000,218.0,1,218.0,120,218.5,9,2,2022-05-18 09:02:00
1652864520799478000,218.5,1,218.0,121,218.5,60,1,2022-05-18 09:02:00
1652864520891401000,218.5,30,218.0,120,218.5,30,1,2022-05-18 09:02:00
1652864520922975000,218.0,1,218.0,120,218.5,30,2,2022-05-18 09:02:00
1652864520952856000,218.0,1,218.0,120,218.5,30,2,2022-05-18 09:02:00
1652864520975284000,218.5,1,218.0,120,218.5,29,1,2022-05-18 09:02:00
1652864521066439000,218.5,1,218.0,120,218.5,28,1,2022-05-18 09:02:01
1652864521248841000,218.0,5,218.0,117,218.5,28,2,2022-05-18 09:02:01
1652864521327545000,218.5,1,218.0,117,218.5,27,1,2022-05-18 09:02:01
1652864521339658000,218.5,1,218.0,117,218.5,26,1,2022-05-18 09:02:01
1652864521570540000,218.5,1,218.0,118,218.5,26,1,2022-05-18 09:02:01
1652864521651768000,218.5,1,218.0,119,218.5,25,1,2022-05-18 09:02:01
1652864521745404000,218.5,1,218.0,119,218.5,24,1,2022-05-18 09:02:01
1652864521745808000,218.5,1,218.0,119,218.5,23,1,2022-05-18 09:02:01
1652864521764413000,218.5,1,218.0,119,218.5,22,1,2022-05-18 09:02:01
1652864522122402000,218.5,1,218.0,119,218.5,21,1,2022-05-18 09:02:02
1652864522429906000,218.0,2,218.0,119,218.5,24,2,2022-05-18 09:02:02
1652864522465572000,218.0,1,218.0,118,218.5,24,2,2022-05-18 09:02:02
1652864522466512000,218.0,1,218.0,117,218.5,24,2,2022-05-18 09:02:02
1652864522471421000,218.0,1,218.0,116,218.5,24,2,2022-05-18 09:02:02
1652864522552683000,218.0,1,218.0,116,218.5,24,2,2022-05-18 09:02:02
1652864522693812000,218.5,1,218.0,115,218.5,24,1,2022-05-18 09:02:02
1652864522790770000,218.5,1,218.0,115,218.5,24,1,2022-05-18 09:02:02
1652864522848067000,218.5,5,218.0,115,218.5,23,1,2022-05-18 09:02:02
1652864522882714000,218.5,1,218.0,116,218.5,22,1,2022-05-18 09:02:02
1652864523469094000,218.5,1,218.0,115,218.5,28,1,2022-05-18 09:02:03
1652864524269591000,218.5,1,218.0,117,218.5,52,1,2022-05-18 09:02:04
1652864524565192000,218.5,2,218.0,117,218.5,50,1,2022-05-18 09:02:04
1652864524866134000,218.5,5,218.0,119,218.5,47,1,2022-05-18 09:02:04
1652864524949370000,218.5,1,218.0,119,218.5,46,1,2022-05-18 09:02:04
1652864524952109000,218.5,1,218.0,119,218.5,45,1,2022-05-18 09:02:04
1652864524981446000,218.5,1,218.0,119,218.5,51,1,2022-05-18 09:02:04
1652864525136633000,218.5,1,218.0,119,218.5,51,1,2022-05-18 09:02:05
1652864525172938000,218.0,1,218.0,118,218.5,51,2,2022-05-18 09:02:05
1652864525209974000,218.0,1,218.0,117,218.5,51,2,2022-05-18 09:02:05
1652864525282524000,218.5,2,218.0,117,218.5,56,1,2022-05-18 09:02:05
1652864525459811000,218.0,14,218.0,105,218.5,63,2,2022-05-18 09:02:05
1652864525490411000,218.0,56,218.0,51,218.5,63,2,2022-05-18 09:02:05
1652864525497472000,218.0,1,218.0,50,218.5,63,2,2022-05-18 09:02:05
1652864525523791000,218.0,3,218.0,47,218.5,63,2,2022-05-18 09:02:05
1652864525525890000,218.0,1,218.0,46,218.5,63,2,2022-05-18 09:02:05
1652864525528644000,218.0,1,218.0,46,218.5,63,2,2022-05-18 09:02:05
1652864525529157000,218.0,1,218.0,45,218.5,63,2,2022-05-18 09:02:05
1652864525529659000,218.0,1,218.0,44,218.5,63,2,2022-05-18 09:02:05
1652864525529806000,218.0,1,218.0,43,218.5,63,2,2022-05-18 09:02:05
1652864525530527000,218.5,1,218.0,43,218.5,62,1,2022-05-18 09:02:05
1652864525532370000,218.0,1,218.0,42,218.5,62,2,2022-05-18 09:02:05
1652864525535545000,218.5,1,218.0,42,218.5,61,1,2022-05-18 09:02:05
1652864525556175000,218.0,1,218.0,41,218.5,61,2,2022-05-18 09:02:05
1652864525567764000,218.5,1,218.0,41,218.5,60,1,2022-05-18 09:02:05
1652864525602700000,218.0,2,218.0,42,218.5,61,2,2022-05-18 09:02:05
1652864525693197000,218.0,18,218.0,26,218.5,61,2,2022-05-18 09:02:05
1652864525742174000,218.5,1,218.0,26,218.5,61,1,2022-05-18 09:02:05
1652864525776315000,218.0,17,218.0,9,218.5,67,2,2022-05-18 09:02:05
1652864525781639000,218.5,1,218.0,9,218.5,66,1,2022-05-18 09:02:05
1652864525803799000,218.0,9,217.5,134,218.5,67,2,2022-05-18 09:02:05
1652864526156212000,218.0,1,217.5,130,218.0,1,1,2022-05-18 09:02:06
1652864526188916000,218.0,1,218.0,2,218.5,65,2,2022-05-18 09:02:06
1652864526219650000,218.0,2,217.5,130,218.5,65,2,2022-05-18 09:02:06
1652864526467725000,218.5,2,217.5,132,218.5,57,1,2022-05-18 09:02:06
1652864526515582000,218.5,1,217.5,132,218.5,56,1,2022-05-18 09:02:06
1652864526601209000,218.5,1,217.5,132,218.5,57,1,2022-05-18 09:02:06
1652864526634948000,218.0,1,217.5,132,218.5,57,1,2022-05-18 09:02:06
1652864526688042000,218.5,1,218.0,1,218.5,56,1,2022-05-18 09:02:06
1652864526741991000,218.5,1,218.0,1,218.5,55,1,2022-05-18 09:02:06
1652864526884029000,218.5,2,218.0,2,218.5,53,1,2022-05-18 09:02:06
1652864526896336000,218.5,1,218.0,2,218.5,52,1,2022-05-18 09:02:06
1652864527007951000,218.5,1,218.0,3,218.5,52,1,2022-05-18 09:02:07
1652864527205647000,218.0,1,218.0,4,218.5,52,2,2022-05-18 09:02:07
1652864527261405000,218.5,1,218.0,4,218.5,52,1,2022-05-18 09:02:07
1652864527327927000,218.5,1,218.0,5,218.5,51,1,2022-05-18 09:02:07
1652864527535617000,218.5,20,218.0,6,218.5,31,1,2022-05-18 09:02:07
1652864528197294000,218.5,3,218.0,7,218.5,34,1,2022-05-18 09:02:08
1652864528232057000,218.0,1,218.0,6,218.5,34,2,2022-05-18 09:02:08
1652864528365566000,218.5,1,218.0,6,218.5,33,1,2022-05-18 09:02:08
1652864528703196000,218.5,1,218.0,6,218.5,34,1,2022-05-18 09:02:08
1652864528835615000,218.5,1,218.0,21,218.5,39,1,2022-05-18 09:02:08
1652864528862788000,218.5,5,218.0,21,218.5,34,1,2022-05-18 09:02:08
1652864529099423000,218.0,1,218.0,20,218.5,32,2,2022-05-18 09:02:09
1652864529181276000,218.0,2,218.0,18,218.5,33,2,2022-05-18 09:02:09
1652864529591090000,218.5,1,218.0,20,218.5,32,1,2022-05-18 09:02:09
1652864529690178000,218.5,1,218.0,24,218.5,32,1,2022-05-18 09:02:09
1652864529935150000,218.5,1,218.0,26,218.5,31,1,2022-05-18 09:02:09
1652864529961330000,218.0,1,218.0,25,218.5,31,2,2022-05-18 09:02:09
1652864530045476000,218.5,1,218.0,26,218.5,30,1,2022-05-18 09:02:10
1652864530162680000,218.5,5,218.0,26,218.5,25,1,2022-05-18 09:02:10
1652864530937815000,218.5,5,218.0,27,218.5,20,1,2022-05-18 09:02:10
1652864530979556000,218.5,2,218.0,27,218.5,18,1,2022-05-18 09:02:10
1652864531017667000,218.5,1,218.0,28,218.5,17,1,2022-05-18 09:02:11
1652864531396488000,218.0,1,218.0,29,218.5,17,2,2022-05-18 09:02:11
1652864531480784000,218.5,1,218.0,30,218.5,16,1,2022-05-18 09:02:11
1652864531511082000,218.0,30,218.0,1,218.5,16,2,2022-05-18 09:02:11
1652864531540208000,218.0,1,217.5,137,218.5,17,2,2022-05-18 09:02:11
1652864532023958000,218.0,1,217.5,137,218.0,3,1,2022-05-18 09:02:12
1652864532090473000,218.0,1,217.5,137,218.0,2,1,2022-05-18 09:02:12
1652864532110718000,218.0,1,217.5,137,218.0,1,1,2022-05-18 09:02:12
1652864532356432000,218.0,1,217.5,137,218.5,17,1,2022-05-18 09:02:12
1652864532356432000,218.5,1,217.5,137,218.5,17,1,2022-05-18 09:02:12
1652864532533479000,218.5,8,217.5,141,218.5,9,1,2022-05-18 09:02:12
1652864532951294000,218.5,1,218.0,2,218.5,8,1,2022-05-18 09:02:12
1652864533097878000,218.0,1,218.0,1,218.5,9,2,2022-05-18 09:02:13
1652864534053892000,218.5,2,218.0,2,218.5,13,1,2022-05-18 09:02:14
1652864534270307000,218.5,1,218.0,3,218.5,12,1,2022-05-18 09:02:14
1652864534682060000,218.5,1,218.0,6,218.5,11,1,2022-05-18 09:02:14
1652864534740517000,218.0,3,218.0,3,218.5,11,2,2022-05-18 09:02:14
1652864535099651000,218.5,1,218.0,6,218.5,11,1,2022-05-18 09:02:15
1652864535436276000,218.5,1,218.0,6,218.5,10,1,2022-05-18 09:02:15
1652864535517059000,218.5,1,218.0,7,218.5,9,1,2022-05-18 09:02:15
1652864535816213000,218.5,2,218.0,11,218.5,9,1,2022-05-18 09:02:15
1652864536202291000,218.0,1,218.0,11,218.5,9,2,2022-05-18 09:02:16
1652864536317788000,218.0,5,218.0,6,218.5,11,2,2022-05-18 09:02:16
1652864537116900000,218.5,1,218.0,14,218.5,16,1,2022-05-18 09:02:17
1652864537149193000,218.0,2,218.0,12,218.5,16,2,2022-05-18 09:02:17
1652864537174586000,218.0,1,218.0,11,218.5,16,2,2022-05-18 09:02:17
1652864537855970000,218.0,1,218.0,12,218.5,23,2,2022-05-18 09:02:17
1652864538770596000,218.0,1,218.0,23,218.5,24,2,2022-05-18 09:02:18
1652864538867001000,218.5,10,218.0,24,218.5,14,1,2022-05-18 09:02:18
1652864539423557000,218.0,1,218.0,39,218.5,15,2,2022-05-18 09:02:19
1652864539884855000,218.0,1,218.0,40,218.5,19,2,2022-05-18 09:02:19
1652864541167971000,218.5,1,218.0,56,218.5,24,1,2022-05-18 09:02:21
1652864541446743000,218.0,2,218.0,55,218.5,28,2,2022-05-18 09:02:21
1652864541485972000,218.0,1,218.0,53,218.5,28,2,2022-05-18 09:02:21
1652864543522589000,218.0,1,218.0,77,218.5,33,2,2022-05-18 09:02:23
1652864543559393000,218.5,1,218.0,78,218.5,32,1,2022-05-18 09:02:23
1652864543973841000,218.0,5,218.0,73,218.5,36,2,2022-05-18 09:02:23
1652864544262444000,218.5,1,218.0,74,218.5,36,1,2022-05-18 09:02:24
1652864544507162000,218.0,20,218.0,55,218.5,37,2,2022-05-18 09:02:24
1652864544538843000,218.0,1,218.0,54,218.5,37,2,2022-05-18 09:02:24
1652864545522811000,218.5,1,218.0,55,218.5,41,1,2022-05-18 09:02:25
1652864545644358000,218.5,5,218.0,57,218.5,36,1,2022-05-18 09:02:25
1652864545769160000,218.5,1,218.0,57,218.5,36,1,2022-05-18 09:02:25
1652864546804652000,218.0,1,218.0,61,218.5,41,2,2022-05-18 09:02:26
1652864546936558000,218.5,1,218.0,61,218.5,43,1,2022-05-18 09:02:26
1652864547588344000,218.5,1,218.0,65,218.5,44,1,2022-05-18 09:02:27
1652864547629316000,218.0,15,218.0,50,218.5,44,2,2022-05-18 09:02:27
1652864547658509000,218.0,1,218.0,49,218.5,44,2,2022-05-18 09:02:27
1652864548126801000,218.5,3,218.0,52,218.5,41,1,2022-05-18 09:02:28
1652864548665765000,218.0,1,218.0,52,218.5,52,2,2022-05-18 09:02:28
1652864549252507000,218.0,1,218.0,52,218.5,58,2,2022-05-18 09:02:29
1652864549259045000,218.5,1,218.0,52,218.5,57,1,2022-05-18 09:02:29
1652864550026256000,218.5,30,218.0,55,218.5,29,1,2022-05-18 09:02:30
1652864550342885000,218.5,1,218.0,58,218.5,29,1,2022-05-18 09:02:30
1652864551462652000,218.5,2,218.0,59,218.5,31,1,2022-05-18 09:02:31
1652864551882587000,218.5,2,218.0,59,218.5,29,1,2022-05-18 09:02:31
1652864552456617000,218.0,5,218.0,58,218.5,29,2,2022-05-18 09:02:32
1652864552487472000,218.0,1,218.0,57,218.5,29,2,2022-05-18 09:02:32
1652864552578630000,218.5,1,218.0,57,218.5,28,1,2022-05-18 09:02:32
1652864553472632000,218.5,1,218.0,59,218.5,30,1,2022-05-18 09:02:33
1652864553516691000,218.5,1,218.0,59,218.5,29,1,2022-05-18 09:02:33
1652864553603006000,218.5,1,218.0,59,218.5,28,1,2022-05-18 09:02:33
1652864553796325000,218.5,1,218.0,60,218.5,27,1,2022-05-18 09:02:33
1652864553908789000,218.5,3,218.0,60,218.5,24,1,2022-05-18 09:02:33
1652864554124070000,218.5,1,218.0,61,218.5,24,1,2022-05-18 09:02:34
1652864554154627000,218.5,1,218.0,61,218.5,23,1,2022-05-18 09:02:34
1652864554157950000,218.5,2,218.0,61,218.5,21,1,2022-05-18 09:02:34
1652864554935432000,218.0,1,218.0,64,218.5,24,2,2022-05-18 09:02:34
1652864556021792000,218.5,2,218.0,64,218.5,29,1,2022-05-18 09:02:36
1652864556394656000,218.5,2,218.0,64,218.5,32,1,2022-05-18 09:02:36
1652864556800438000,218.0,1,218.0,64,218.5,34,2,2022-05-18 09:02:36
1652864556840268000,218.5,1,218.0,64,218.5,34,1,2022-05-18 09:02:36
1652864557217886000,218.0,1,218.0,66,218.5,37,2,2022-05-18 09:02:37
1652864557387006000,218.0,5,218.0,61,218.5,38,2,2022-05-18 09:02:37
1652864557472463000,218.5,1,218.0,62,218.5,37,1,2022-05-18 09:02:37
1652864557545808000,218.5,1,218.0,62,218.5,36,1,2022-05-18 09:02:37
1652864557818574000,218.5,1,218.0,67,218.5,35,1,2022-05-18 09:02:37
1652864558346895000,218.5,1,218.0,67,218.5,35,1,2022-05-18 09:02:38
1652864559011925000,218.5,1,218.0,67,218.5,34,1,2022-05-18 09:02:39
1652864559454221000,218.5,1,218.0,70,218.5,34,1,2022-05-18 09:02:39
1652864560142952000,218.5,1,218.0,75,218.5,33,1,2022-05-18 09:02:40
1652864560265014000,218.5,1,218.0,75,218.5,32,1,2022-05-18 09:02:40
1652864560787323000,218.5,2,218.0,75,218.5,30,1,2022-05-18 09:02:40
1652864561871460000,218.5,5,218.0,77,218.5,25,1,2022-05-18 09:02:41
1652864562012786000,218.5,1,218.0,77,218.5,24,1,2022-05-18 09:02:42
1652864562325688000,218.5,24,218.0,77,219.0,72,1,2022-05-18 09:02:42
1652864562325688000,219.0,42,218.0,77,219.0,72,1,2022-05-18 09:02:42
1652864563063652000,218.5,5,218.5,1,219.0,72,2,2022-05-18 09:02:43
1652864563296482000,219.0,1,218.5,2,219.0,71,1,2022-05-18 09:02:43
1652864563325205000,218.5,1,218.5,1,219.0,71,2,2022-05-18 09:02:43
1652864564461189000,218.5,1,218.5,2,219.0,71,2,2022-05-18 09:02:44
1652864564522254000,219.0,1,218.5,2,219.0,70,1,2022-05-18 09:02:44
1652864564559318000,219.0,1,218.5,2,219.0,69,1,2022-05-18 09:02:44
1652864564757433000,218.5,3,218.0,85,218.5,1,2,2022-05-18 09:02:44
1652864564777670000,218.5,1,218.0,85,219.0,69,1,2022-05-18 09:02:44
1652864564791839000,218.5,1,218.0,83,219.0,69,1,2022-05-18 09:02:44
1652864564866639000,218.0,1,218.0,82,219.0,69,2,2022-05-18 09:02:44
1652864565467675000,218.5,1,218.0,88,219.0,70,1,2022-05-18 09:02:45
1652864565678601000,218.5,1,218.0,88,218.5,1,1,2022-05-18 09:02:45
1652864565808625000,218.5,1,218.0,88,219.0,70,1,2022-05-18 09:02:45
1652864566193911000,219.0,1,218.0,94,219.0,69,1,2022-05-18 09:02:46
1652864566250088000,219.0,7,218.0,97,219.0,62,1,2022-05-18 09:02:46
1652864567306597000,218.5,1,218.5,1,219.0,62,2,2022-05-18 09:02:47
1652864567748203000,218.5,1,218.5,1,219.0,62,1,2022-05-18 09:02:47
1652864567788298000,218.5,1,218.5,1,219.0,62,2,2022-05-18 09:02:47
1652864567974048000,218.5,1,218.0,101,219.0,64,1,2022-05-18 09:02:47
1652864568540443000,218.5,5,218.5,3,219.0,65,2,2022-05-18 09:02:48
1652864569346673000,219.0,1,218.5,11,219.0,64,1,2022-05-18 09:02:49
1652864569502012000,219.0,1,218.5,11,219.0,63,1,2022-05-18 09:02:49
1652864569563525000,219.0,1,218.5,11,219.0,62,1,2022-05-18 09:02:49
1652864569864157000,218.5,5,218.5,10,219.0,63,2,2022-05-18 09:02:49
1652864570009567000,218.5,1,218.5,9,219.0,63,2,2022-05-18 09:02:50
1652864570769577000,219.0,1,218.5,10,219.0,62,1,2022-05-18 09:02:50
1652864572154216000,218.5,1,218.5,15,219.0,63,2,2022-05-18 09:02:52
1652864572981948000,218.5,4,218.5,17,219.0,73,2,2022-05-18 09:02:52
1652864573002971000,218.5,1,218.5,16,219.0,73,2,2022-05-18 09:02:53
1652864573475797000,218.5,1,218.5,16,219.0,74,2,2022-05-18 09:02:53
1652864573598028000,219.0,29,218.5,16,219.0,45,1,2022-05-18 09:02:53
1652864574162468000,218.5,1,218.5,17,219.0,45,2,2022-05-18 09:02:54
1652864574265856000,218.5,5,218.5,12,219.0,46,2,2022-05-18 09:02:54
1652864576862250000,219.0,1,218.5,26,219.0,49,1,2022-05-18 09:02:56
1652864578199694000,219.0,1,218.5,35,219.0,48,1,2022-05-18 09:02:58
1652864578296017000,218.5,1,218.5,34,219.0,48,2,2022-05-18 09:02:58
1652864579203689000,219.0,1,218.5,42,219.0,59,1,2022-05-18 09:02:59
1652864579528129000,218.5,10,218.5,32,219.0,62,2,2022-05-18 09:02:59
1652864579566039000,218.5,1,218.5,31,219.0,62,2,2022-05-18 09:02:59
1652864579840902000,218.5,16,218.5,17,219.0,83,2,2022-05-18 09:02:59
1652864579876170000,218.5,1,218.5,16,219.0,84,2,2022-05-18 09:02:59
1652864579876708000,218.5,1,218.5,15,219.0,84,2,2022-05-18 09:02:59
1652864579926813000,218.5,11,218.5,4,219.0,84,2,2022-05-18 09:02:59
1652864579955996000,218.5,4,218.5,1,219.0,84,2,2022-05-18 09:02:59
1652864580009026000,218.5,1,218.0,142,219.0,84,2,2022-05-18 09:03:00
1652864580009026000,218.0,4,218.0,142,219.0,84,2,2022-05-18 09:03:00
1652864580252084000,218.5,1,218.5,1,219.0,84,2,2022-05-18 09:03:00
1652864580286151000,218.5,1,218.0,142,219.0,84,2,2022-05-18 09:03:00
1652864580373074000,218.0,2,218.0,140,219.0,84,2,2022-05-18 09:03:00
1652864580626624000,218.5,1,218.0,140,219.0,84,1,2022-05-18 09:03:00
1652864580839804000,218.5,3,218.0,140,219.0,84,2,2022-05-18 09:03:00
1652864581066302000,218.5,1,218.0,142,219.0,84,1,2022-05-18 09:03:01
1652864581256171000,218.0,5,218.0,137,219.0,83,2,2022-05-18 09:03:01
1652864581456550000,218.5,1,218.5,2,219.0,84,2,2022-05-18 09:03:01
1652864581493746000,218.5,1,218.5,1,219.0,84,2,2022-05-18 09:03:01
1652864581524750000,218.5,1,218.0,137,219.0,84,2,2022-05-18 09:03:01
1652864581820610000,218.5,1,218.0,137,219.0,84,1,2022-05-18 09:03:01
1652864581854143000,218.5,1,218.0,137,219.0,84,2,2022-05-18 09:03:01
1652864581989220000,218.0,1,218.0,137,219.0,84,2,2022-05-18 09:03:01
1652864582029721000,218.5,1,218.0,140,219.0,84,1,2022-05-18 09:03:02
1652864582169325000,219.0,1,218.5,2,219.0,83,1,2022-05-18 09:03:02
1652864582203724000,218.5,2,218.0,141,219.0,83,2,2022-05-18 09:03:02
1652864582362560000,218.0,3,218.0,137,219.0,84,2,2022-05-18 09:03:02
1652864582427950000,218.5,1,218.5,1,219.0,85,1,2022-05-18 09:03:02
1652864582784181000,218.5,1,218.0,136,218.5,3,2,2022-05-18 09:03:02
1652864582956617000,218.5,1,218.0,137,218.5,2,1,2022-05-18 09:03:02
1652864582958837000,218.5,1,218.0,137,218.5,1,1,2022-05-18 09:03:02
1652864583178802000,218.5,1,218.0,137,219.0,92,1,2022-05-18 09:03:03
1652864583334611000,218.5,1,218.0,138,218.5,2,1,2022-05-18 09:03:03
1652864583392016000,218.5,2,218.0,138,219.0,99,1,2022-05-18 09:03:03
1652864583507861000,218.0,1,218.0,137,219.0,99,2,2022-05-18 09:03:03
1652864583719954000,218.5,1,218.0,137,218.5,1,1,2022-05-18 09:03:03
1652864584521971000,218.5,1,218.0,138,218.5,28,1,2022-05-18 09:03:04
1652864584537091000,218.0,1,218.0,137,218.5,28,2,2022-05-18 09:03:04
1652864585032867000,218.5,1,218.0,139,218.5,32,1,2022-05-18 09:03:05
1652864585147389000,218.5,3,218.0,140,218.5,29,1,2022-05-18 09:03:05
1652864585378441000,218.5,1,218.0,138,218.5,29,1,2022-05-18 09:03:05
1652864585846608000,218.5,1,218.0,137,218.5,29,1,2022-05-18 09:03:05
1652864586288829000,218.5,1,218.0,136,218.5,30,1,2022-05-18 09:03:06
1652864586752821000,218.5,5,218.0,138,218.5,25,1,2022-05-18 09:03:06
1652864586761557000,218.5,1,218.0,138,218.5,24,1,2022-05-18 09:03:06
1652864587251084000,218.5,1,218.0,149,218.5,24,1,2022-05-18 09:03:07
1652864587261788000,218.5,5,218.0,149,218.5,19,1,2022-05-18 09:03:07
1652864587564957000,218.5,1,218.0,150,218.5,19,1,2022-05-18 09:03:07
1652864587775660000,218.5,2,218.0,150,218.5,17,1,2022-05-18 09:03:07
1652864587901404000,218.5,1,218.0,150,218.5,16,1,2022-05-18 09:03:07
1652864587999494000,218.0,1,218.0,149,218.5,16,2,2022-05-18 09:03:07
1652864589261248000,218.5,1,218.0,150,218.5,21,1,2022-05-18 09:03:09
1652864589440175000,218.5,2,218.0,150,218.5,19,1,2022-05-18 09:03:09
1652864589632924000,218.5,1,218.0,150,218.5,20,1,2022-05-18 09:03:09
1652864589854850000,218.5,5,218.0,150,218.5,16,1,2022-05-18 09:03:09
1652864589865066000,218.5,2,218.0,150,218.5,14,1,2022-05-18 09:03:09
1652864589884112000,218.0,1,218.0,149,218.5,13,2,2022-05-18 09:03:09
1652864589898553000,218.5,1,218.0,149,218.5,12,1,2022-05-18 09:03:09
1652864589924821000,218.5,1,218.0,149,218.5,12,1,2022-05-18 09:03:09
1652864590137865000,218.5,1,218.0,149,218.5,11,1,2022-05-18 09:03:10
1652864590417239000,218.5,1,218.0,152,218.5,10,1,2022-05-18 09:03:10
1652864590429970000,218.5,10,218.0,154,219.0,92,1,2022-05-18 09:03:10
1652864590696964000,218.0,5,218.0,151,218.5,2,2,2022-05-18 09:03:10
1652864590732695000,218.0,1,218.0,149,218.5,3,2,2022-05-18 09:03:10
1652864590755738000,218.0,1,218.0,148,218.5,3,2,2022-05-18 09:03:10
1652864590789586000,218.5,1,218.0,148,218.5,3,1,2022-05-18 09:03:10
1652864591036655000,218.5,1,218.0,148,218.5,3,1,2022-05-18 09:03:11
1652864591490073000,218.0,2,218.0,148,218.5,2,2,2022-05-18 09:03:11
1652864591562254000,218.5,1,218.0,148,218.5,4,1,2022-05-18 09:03:11
1652864591571510000,218.5,1,218.0,148,218.5,3,1,2022-05-18 09:03:11
1652864591583191000,218.5,1,218.0,148,218.5,2,1,2022-05-18 09:03:11
1652864592087469000,218.5,1,218.0,148,219.0,93,1,2022-05-18 09:03:12
1652864592247318000,218.5,1,218.0,144,219.0,93,1,2022-05-18 09:03:12
1652864592282667000,219.0,2,218.0,144,219.0,91,1,2022-05-18 09:03:12
1652864593102999000,218.5,1,218.0,145,218.5,6,1,2022-05-18 09:03:13
1652864593569451000,218.5,1,218.0,146,218.5,7,1,2022-05-18 09:03:13
1652864594132076000,218.5,5,218.0,148,218.5,3,1,2022-05-18 09:03:14
1652864594137945000,218.5,1,218.0,148,218.5,2,1,2022-05-18 09:03:14
1652864594234935000,218.5,1,218.0,148,218.5,1,1,2022-05-18 09:03:14
1652864594386348000,218.5,1,218.0,148,218.5,1,1,2022-05-18 09:03:14
1652864594457020000,218.5,1,218.0,148,219.0,93,1,2022-05-18 09:03:14
1652864594496729000,218.5,1,218.0,148,219.0,93,2,2022-05-18 09:03:14
1652864594599067000,218.5,1,218.5,10,219.0,92,2,2022-05-18 09:03:14
1652864595261612000,219.0,5,218.5,11,219.0,89,1,2022-05-18 09:03:15
1652864595517361000,218.5,6,218.5,5,219.0,90,2,2022-05-18 09:03:15
1652864595752799000,219.0,1,218.5,5,219.0,90,1,2022-05-18 09:03:15
1652864595805776000,218.5,2,218.5,3,219.0,90,2,2022-05-18 09:03:15
1652864595820628000,219.0,3,218.5,3,219.0,87,1,2022-05-18 09:03:15
1652864596626710000,219.0,1,218.5,4,219.0,88,1,2022-05-18 09:03:16
1652864596813712000,218.5,1,218.5,3,219.0,87,2,2022-05-18 09:03:16
1652864597959839000,218.5,1,218.5,7,219.0,88,2,2022-05-18 09:03:17
1652864598137287000,218.5,1,218.5,6,219.0,88,2,2022-05-18 09:03:18
1652864598840899000,218.5,2,218.5,50,219.0,87,2,2022-05-18 09:03:18
1652864599163641000,218.5,1,218.5,50,219.0,87,2,2022-05-18 09:03:19
1652864600820998000,219.0,1,218.5,55,219.0,89,1,2022-05-18 09:03:20
1652864601524871000,219.0,1,218.5,58,219.0,91,1,2022-05-18 09:03:21
1652864601568301000,219.0,1,218.5,58,219.0,90,1,2022-05-18 09:03:21
1652864602792277000,218.5,5,218.5,68,219.0,100,2,2022-05-18 09:03:22
1652864602806995000,218.5,1,218.5,67,219.0,100,2,2022-05-18 09:03:22
1652864602989292000,218.5,1,218.5,67,219.0,100,2,2022-05-18 09:03:22
1652864603219657000,218.5,5,218.5,62,219.0,100,2,2022-05-18 09:03:23
1652864603219796000,219.0,1,218.5,62,219.0,99,1,2022-05-18 09:03:23
1652864603700441000,219.0,1,218.5,64,219.0,100,1,2022-05-18 09:03:23
1652864603897973000,218.5,1,218.5,63,219.0,100,2,2022-05-18 09:03:23
1652864604434588000,218.5,5,218.5,64,219.0,104,2,2022-05-18 09:03:24
1652864604685148000,218.5,1,218.5,64,219.0,102,2,2022-05-18 09:03:24
1652864606130063000,219.0,1,218.5,67,219.0,112,1,2022-05-18 09:03:26
1652864606141957000,218.5,1,218.5,66,219.0,112,2,2022-05-18 09:03:26
1652864606253894000,219.0,1,218.5,66,219.0,111,1,2022-05-18 09:03:26
1652864606943373000,219.0,5,218.5,66,219.0,106,1,2022-05-18 09:03:26
1652864607147287000,218.5,1,218.5,65,219.0,105,2,2022-05-18 09:03:27
1652864608218131000,219.0,1,218.5,66,219.0,108,1,2022-05-18 09:03:28
1652864608480788000,219.0,1,218.5,66,219.0,107,1,2022-05-18 09:03:28
1652864608821272000,218.5,1,218.5,65,219.0,108,2,2022-05-18 09:03:28
1652864608956999000,218.5,1,218.5,65,219.0,108,2,2022-05-18 09:03:28
1652864610064294000,218.5,3,218.5,65,219.0,108,2,2022-05-18 09:03:30
1652864610936417000,219.0,1,218.5,72,219.0,110,1,2022-05-18 09:03:30
1652864611184425000,218.5,5,218.5,68,219.0,111,2,2022-05-18 09:03:31
1652864611213417000,218.5,1,218.5,67,219.0,111,2,2022-05-18 09:03:31
1652864611319606000,218.5,1,218.5,66,219.0,112,2,2022-05-18 09:03:31
1652864611365540000,218.5,7,218.5,59,219.0,105,2,2022-05-18 09:03:31
1652864611822868000,219.0,1,218.5,60,219.0,105,1,2022-05-18 09:03:31
1652864611892373000,218.5,1,218.5,60,219.0,105,2,2022-05-18 09:03:31
1652864612213097000,218.5,50,218.5,9,219.0,107,2,2022-05-18 09:03:32
1652864612241026000,218.5,9,218.5,1,219.0,107,2,2022-05-18 09:03:32
1652864612241073000,218.5,1,218.0,157,219.0,107,2,2022-05-18 09:03:32
1652864612393985000,218.5,1,218.0,156,218.5,8,1,2022-05-18 09:03:32
1652864612481203000,218.0,7,218.0,149,218.5,8,2,2022-05-18 09:03:32
1652864612757791000,218.0,1,218.0,148,218.5,8,2,2022-05-18 09:03:32
1652864613074184000,218.5,1,218.0,149,218.5,7,1,2022-05-18 09:03:33
1652864613209862000,218.0,1,218.0,147,218.5,8,2,2022-05-18 09:03:33
1652864613422019000,218.5,1,218.0,147,218.5,13,1,2022-05-18 09:03:33
1652864613855621000,218.5,5,218.0,147,218.5,8,1,2022-05-18 09:03:33
1652864614172510000,218.5,1,218.0,147,218.5,8,1,2022-05-18 09:03:34
1652864614347381000,218.5,1,218.0,148,218.5,7,1,2022-05-18 09:03:34
1652864614388174000,218.5,1,218.0,148,218.5,6,1,2022-05-18 09:03:34
1652864614527242000,218.5,2,218.0,148,218.5,4,1,2022-05-18 09:03:34
1652864614722751000,218.5,1,218.0,147,218.5,3,1,2022-05-18 09:03:34
1652864616026561000,218.5,1,218.0,147,218.5,5,1,2022-05-18 09:03:36
1652864616027185000,218.5,2,218.0,147,218.5,3,1,2022-05-18 09:03:36
1652864617094292000,218.0,2,218.0,146,218.5,23,2,2022-05-18 09:03:37
1652864617301959000,218.5,1,218.0,146,218.5,26,1,2022-05-18 09:03:37
1652864619128239000,218.5,1,218.0,148,218.5,41,1,2022-05-18 09:03:39
1652864619187762000,218.5,2,218.0,148,218.5,39,1,2022-05-18 09:03:39
1652864619235864000,218.5,1,218.0,148,218.5,38,1,2022-05-18 09:03:39
1652864619360812000,218.5,1,218.0,149,218.5,38,1,2022-05-18 09:03:39
1652864619940445000,218.5,20,218.0,149,218.5,17,1,2022-05-18 09:03:39
1652864620179811000,218.5,1,218.0,149,218.5,17,1,2022-05-18 09:03:40
1652864620201172000,218.5,1,218.0,149,218.5,16,1,2022-05-18 09:03:40
1652864620491022000,218.5,1,218.0,149,218.5,16,1,2022-05-18 09:03:40
1652864620943695000,218.5,3,218.0,149,218.5,15,1,2022-05-18 09:03:40
1652864621071241000,218.5,1,218.0,149,218.5,14,1,2022-05-18 09:03:41
1652864621107341000,218.5,1,218.0,149,218.5,14,1,2022-05-18 09:03:41
1652864621353393000,218.5,1,218.0,149,218.5,16,1,2022-05-18 09:03:41
1652864622249305000,218.5,2,218.0,189,218.5,16,1,2022-05-18 09:03:42
1652864622536469000,218.5,1,218.0,193,218.5,16,1,2022-05-18 09:03:42
1652864622569633000,218.5,1,218.0,193,218.5,15,1,2022-05-18 09:03:42
1652864622974358000,218.5,1,218.0,193,218.5,14,1,2022-05-18 09:03:42
1652864623259058000,218.5,1,218.0,195,218.5,13,1,2022-05-18 09:03:43
1652864623261525000,218.5,1,218.0,195,218.5,12,1,2022-05-18 09:03:43
1652864623283321000,218.0,1,218.0,194,218.5,12,2,2022-05-18 09:03:43
1652864623483862000,218.5,1,218.0,194,218.5,11,1,2022-05-18 09:03:43
1652864623564592000,218.5,2,218.0,194,218.5,9,1,2022-05-18 09:03:43
1652864623807582000,218.5,1,218.0,194,218.5,18,1,2022-05-18 09:03:43
1652864623847496000,218.0,5,218.0,189,218.5,18,2,2022-05-18 09:03:43
1652864624080634000,218.5,2,218.0,192,218.5,16,1,2022-05-18 09:03:44
1652864624134847000,218.5,1,218.0,192,218.5,15,1,2022-05-18 09:03:44
1652864624432304000,218.5,1,218.0,192,218.5,14,1,2022-05-18 09:03:44
1652864624625392000,218.5,1,218.0,192,218.5,13,1,2022-05-18 09:03:44
1652864625089189000,218.5,1,218.0,195,218.5,14,1,2022-05-18 09:03:45
1652864625217110000,218.5,1,218.0,195,218.5,13,1,2022-05-18 09:03:45
1652864625821291000,218.5,5,218.0,195,218.5,8,1,2022-05-18 09:03:45
1652864625921924000,218.5,2,218.0,195,218.5,12,1,2022-05-18 09:03:45
1652864626217777000,218.5,5,218.0,196,218.5,8,1,2022-05-18 09:03:46
1652864626517903000,218.5,1,218.0,198,218.5,7,1,2022-05-18 09:03:46
1652864627153869000,218.5,2,218.0,198,218.5,5,1,2022-05-18 09:03:47
1652864627488752000,218.0,1,218.0,199,218.5,5,2,2022-05-18 09:03:47
1652864627965134000,218.5,1,218.0,199,218.5,8,1,2022-05-18 09:03:47
1652864628116148000,218.5,1,218.0,199,218.5,7,1,2022-05-18 09:03:48
1652864628328899000,218.5,1,218.0,199,218.5,6,1,2022-05-18 09:03:48
1652864628768383000,218.5,1,218.0,203,218.5,15,1,2022-05-18 09:03:48
1652864628811175000,218.5,1,218.0,203,218.5,14,1,2022-05-18 09:03:48
1652864629126692000,218.5,1,218.0,204,218.5,15,1,2022-05-18 09:03:49
1652864629230393000,218.5,1,218.0,204,218.5,14,1,2022-05-18 09:03:49
1652864629379115000,218.5,1,218.0,204,218.5,13,1,2022-05-18 09:03:49
1652864629478204000,218.5,1,218.0,204,218.5,12,1,2022-05-18 09:03:49
1652864629735004000,218.5,1,218.0,205,218.5,11,1,2022-05-18 09:03:49
1652864629747643000,218.0,1,218.0,204,218.5,11,2,2022-05-18 09:03:49
1652864629859745000,218.5,1,218.0,204,218.5,10,1,2022-05-18 09:03:49
1652864629995258000,218.5,2,218.0,204,218.5,9,1,2022-05-18 09:03:49
1652864631300752000,218.0,1,218.0,202,218.5,10,2,2022-05-18 09:03:51
1652864631935263000,218.5,1,218.0,204,218.5,10,1,2022-05-18 09:03:51
1652864632061603000,218.5,2,218.0,204,218.5,8,1,2022-05-18 09:03:52
1652864632170021000,218.5,1,218.0,204,218.5,7,1,2022-05-18 09:03:52
1652864632541389000,218.0,1,218.0,203,218.5,7,2,2022-05-18 09:03:52
1652864633176381000,218.5,1,218.0,205,218.5,6,1,2022-05-18 09:03:53
1652864634603081000,218.5,1,218.0,209,218.5,12,1,2022-05-18 09:03:54
1652864635038225000,218.5,1,218.0,212,218.5,11,1,2022-05-18 09:03:55
1652864635170443000,218.5,1,218.0,212,218.5,10,1,2022-05-18 09:03:55
1652864635376181000,218.5,3,218.0,212,218.5,7,1,2022-05-18 09:03:55
1652864635748887000,218.0,1,218.0,211,218.5,7,2,2022-05-18 09:03:55
1652864635821124000,218.5,1,218.0,211,218.5,6,1,2022-05-18 09:03:55
1652864635954650000,218.5,1,218.0,211,218.5,8,1,2022-05-18 09:03:55
1652864636381841000,218.5,1,218.0,213,218.5,11,1,2022-05-18 09:03:56
1652864637486749000,218.5,3,218.0,212,218.5,62,1,2022-05-18 09:03:57
1652864637628430000,218.5,1,218.0,212,218.5,60,1,2022-05-18 09:03:57
1652864637856865000,218.5,1,218.0,212,218.5,59,1,2022-05-18 09:03:57
1652864638456164000,218.5,3,218.0,211,218.5,63,1,2022-05-18 09:03:58
1652864638487051000,218.5,1,218.0,211,218.5,62,1,2022-05-18 09:03:58
1652864639000931000,218.5,10,218.0,212,218.5,57,1,2022-05-18 09:03:59
1652864639009196000,218.5,5,218.0,212,218.5,52,1,2022-05-18 09:03:59
1652864639944456000,218.5,1,218.0,211,218.5,60,1,2022-05-18 09:03:59
1652864641043061000,218.5,1,218.0,214,218.5,66,1,2022-05-18 09:04:01
1652864641263245000,218.0,5,218.0,209,218.5,67,2,2022-05-18 09:04:01
1652864641329934000,218.0,1,218.0,208,218.5,69,2,2022-05-18 09:04:01
1652864641694054000,218.5,1,218.0,208,218.5,68,1,2022-05-18 09:04:01
1652864641774599000,218.5,1,218.0,208,218.5,67,1,2022-05-18 09:04:01
1652864641960281000,218.5,1,218.0,207,218.5,68,1,2022-05-18 09:04:01
1652864642717516000,218.5,2,218.0,207,218.5,72,1,2022-05-18 09:04:02
1652864643256027000,218.5,1,218.0,207,218.5,73,1,2022-05-18 09:04:03
1652864643582071000,218.5,1,218.0,207,218.5,72,1,2022-05-18 09:04:03
1652864643616482000,218.5,1,218.0,207,218.5,71,1,2022-05-18 09:04:03
1652864643632325000,218.5,1,218.0,207,218.5,70,1,2022-05-18 09:04:03
1652864643762893000,218.0,4,218.0,203,218.5,70,2,2022-05-18 09:04:03
1652864643799734000,218.0,1,218.0,202,218.5,70,2,2022-05-18 09:04:03
1652864643822092000,218.5,7,218.0,202,218.5,63,1,2022-05-18 09:04:03
1652864643829531000,218.0,1,218.0,201,218.5,63,2,2022-05-18 09:04:03
1652864643885910000,218.5,4,218.0,201,218.5,64,1,2022-05-18 09:04:03
1652864643981972000,218.5,1,218.0,201,218.5,63,1,2022-05-18 09:04:03
1652864644439009000,218.0,4,218.0,197,218.5,70,2,2022-05-18 09:04:04
1652864644650991000,218.5,2,218.0,197,218.5,69,1,2022-05-18 09:04:04
1652864644958437000,218.5,1,218.0,197,218.5,69,1,2022-05-18 09:04:04
1652864646254599000,218.5,1,218.0,198,218.5,70,1,2022-05-18 09:04:06
1652864646779166000,218.0,20,218.0,178,218.5,70,2,2022-05-18 09:04:06
1652864646816741000,218.0,1,218.0,177,218.5,72,2,2022-05-18 09:04:06
1652864647055796000,218.5,1,218.0,175,218.5,69,1,2022-05-18 09:04:07
1652864647307307000,218.0,1,218.0,174,218.5,69,2,2022-05-18 09:04:07
1652864647731011000,218.5,1,218.0,174,218.5,68,1,2022-05-18 09:04:07
1652864648119394000,218.5,2,218.0,174,218.5,71,1,2022-05-18 09:04:08
1652864648327939000,218.0,1,218.0,175,218.5,69,2,2022-05-18 09:04:08
1652864648353701000,218.0,1,218.0,174,218.5,69,2,2022-05-18 09:04:08
1652864648399736000,218.0,1,218.0,173,218.5,69,2,2022-05-18 09:04:08
1652864649116127000,218.5,1,218.0,172,218.5,79,1,2022-05-18 09:04:09
1652864649122642000,218.0,5,218.0,167,218.5,79,2,2022-05-18 09:04:09
1652864650284257000,218.5,1,218.0,169,218.5,78,1,2022-05-18 09:04:10
1652864650377501000,218.0,1,218.0,168,218.5,78,2,2022-05-18 09:04:10
1652864650427260000,218.5,1,218.0,168,218.5,79,1,2022-05-18 09:04:10
1652864650963661000,218.0,1,218.0,168,218.5,77,2,2022-05-18 09:04:10
1652864652893771000,218.5,1,218.0,168,218.5,79,1,2022-05-18 09:04:12
1652864653801301000,218.0,1,218.0,168,218.5,83,2,2022-05-18 09:04:13
1652864653850786000,218.5,1,218.0,169,218.5,84,1,2022-05-18 09:04:13
1652864654530144000,218.0,1,218.0,167,218.5,84,2,2022-05-18 09:04:14
1652864654774716000,218.0,1,218.0,166,218.5,85,2,2022-05-18 09:04:14
1652864654802806000,218.0,1,218.0,165,218.5,85,2,2022-05-18 09:04:14
1652864655178679000,218.0,2,218.0,163,218.5,88,2,2022-05-18 09:04:15
1652864655417147000,218.0,3,218.0,161,218.5,89,2,2022-05-18 09:04:15
1652864656692152000,218.0,1,218.0,161,218.5,92,2,2022-05-18 09:04:16
1652864656701447000,218.0,2,218.0,159,218.5,92,2,2022-05-18 09:04:16
1652864657077632000,218.0,5,218.0,154,218.5,92,2,2022-05-18 09:04:17
1652864658084732000,218.5,1,218.0,154,218.5,99,1,2022-05-18 09:04:18
1652864658168695000,218.0,10,218.0,144,218.5,99,2,2022-05-18 09:04:18
1652864658197531000,218.0,1,218.0,143,218.5,102,2,2022-05-18 09:04:18
1652864658402272000,218.0,5,218.0,138,218.5,99,2,2022-05-18 09:04:18
1652864658431003000,218.0,3,218.0,135,218.5,99,2,2022-05-18 09:04:18
1652864658519313000,218.0,1,218.0,134,218.5,99,2,2022-05-18 09:04:18
1652864658745093000,218.0,18,218.0,116,218.5,99,2,2022-05-18 09:04:18
1652864658770608000,218.0,116,217.5,143,218.5,99,2,2022-05-18 09:04:18
1652864658801282000,217.5,143,217.0,232,218.5,99,2,2022-05-18 09:04:18
1652864658896668000,217.0,2,217.0,231,218.0,9,2,2022-05-18 09:04:18
1652864659480166000,218.0,10,217.0,230,218.0,14,1,2022-05-18 09:04:19
1652864659737161000,217.0,1,217.0,229,217.5,1,2,2022-05-18 09:04:19
1652864659784858000,217.5,1,217.0,229,218.0,16,1,2022-05-18 09:04:19
1652864660086782000,217.0,3,217.0,226,218.0,19,2,2022-05-18 09:04:20
1652864660105929000,218.0,1,217.0,226,218.0,18,1,2022-05-18 09:04:20
1652864660230787000,217.0,1,217.0,225,218.0,20,2,2022-05-18 09:04:20
1652864660824401000,217.5,1,217.0,222,218.0,22,1,2022-05-18 09:04:20
1652864661083621000,218.0,1,217.0,221,218.0,21,1,2022-05-18 09:04:21
1652864662288861000,218.0,10,217.0,220,218.0,16,1,2022-05-18 09:04:22
1652864663292374000,218.0,1,217.0,220,218.0,26,1,2022-05-18 09:04:23
1652864663437632000,218.0,1,217.0,219,218.0,25,1,2022-05-18 09:04:23
1652864664601267000,218.0,1,217.0,218,218.0,35,1,2022-05-18 09:04:24
1652864666549425000,217.5,1,217.0,222,217.5,3,1,2022-05-18 09:04:26
1652864668133955000,217.0,2,217.0,200,217.5,5,2,2022-05-18 09:04:28
1652864668195178000,217.5,5,217.0,200,217.5,11,1,2022-05-18 09:04:28
1652864668224956000,217.0,1,217.0,199,217.5,11,2,2022-05-18 09:04:28
1652864669652223000,217.5,1,217.0,198,217.5,13,1,2022-05-18 09:04:29
1652864669831009000,217.5,2,217.0,198,217.5,11,1,2022-05-18 09:04:29
1652864669860432000,217.0,1,217.0,198,217.5,11,2,2022-05-18 09:04:29
1652864670134983000,217.0,6,217.0,192,217.5,11,2,2022-05-18 09:04:30
1652864670374496000,217.0,1,217.0,190,217.5,12,2,2022-05-18 09:04:30
1652864670745485000,217.0,6,217.0,183,217.5,13,2,2022-05-18 09:04:30
1652864670786019000,217.0,1,217.0,183,217.5,14,2,2022-05-18 09:04:30
1652864671239823000,217.0,5,217.0,178,217.5,14,2,2022-05-18 09:04:31
1652864672384596000,217.5,1,217.0,177,217.5,16,1,2022-05-18 09:04:32
1652864672593879000,217.5,1,217.0,180,217.5,15,1,2022-05-18 09:04:32
1652864672679630000,217.5,1,217.0,179,217.5,14,1,2022-05-18 09:04:32
1652864672885354000,217.0,1,217.0,179,217.5,15,2,2022-05-18 09:04:32
1652864673290725000,217.0,1,217.0,179,217.5,15,2,2022-05-18 09:04:33
1652864673915058000,217.5,1,217.0,181,217.5,27,1,2022-05-18 09:04:33
1652864674461494000,217.0,1,217.0,180,217.5,31,2,2022-05-18 09:04:34
1652864674694974000,217.0,4,217.0,176,217.5,34,2,2022-05-18 09:04:34
1652864674698878000,217.5,1,217.0,175,217.5,33,1,2022-05-18 09:04:34
1652864674719311000,217.0,1,217.0,174,217.5,33,2,2022-05-18 09:04:34
1652864675088443000,217.0,1,217.0,173,217.5,35,2,2022-05-18 09:04:35
1652864675154323000,217.0,1,217.0,172,217.5,35,2,2022-05-18 09:04:35
1652864675502621000,217.0,1,217.0,170,217.5,37,2,2022-05-18 09:04:35
1652864677034271000,217.5,10,217.0,172,217.5,29,1,2022-05-18 09:04:37
1652864677138046000,217.0,1,217.0,172,217.5,29,2,2022-05-18 09:04:37
1652864677683859000,217.5,1,217.0,171,217.5,30,1,2022-05-18 09:04:37
1652864678010184000,217.5,1,217.0,171,217.5,29,1,2022-05-18 09:04:38
1652864678061190000,217.0,1,217.0,170,217.5,30,2,2022-05-18 09:04:38
1652864678590358000,217.0,2,217.0,169,217.5,30,2,2022-05-18 09:04:38
1652864678896175000,217.0,1,217.0,168,217.5,30,2,2022-05-18 09:04:38
1652864679671560000,217.0,1,217.0,170,217.5,30,2,2022-05-18 09:04:39
1652864680096288000,217.5,1,217.0,169,217.5,30,1,2022-05-18 09:04:40
1652864680989390000,217.5,2,217.0,170,217.5,29,1,2022-05-18 09:04:40
1652864681893083000,217.5,30,217.0,169,218.0,53,1,2022-05-18 09:04:41
1652864681938144000,217.5,1,217.0,173,218.0,53,2,2022-05-18 09:04:41
1652864682063745000,217.5,1,217.0,174,217.5,1,2,2022-05-18 09:04:42
1652864682087618000,217.5,1,217.0,173,218.0,53,1,2022-05-18 09:04:42
1652864682100519000,218.0,1,217.0,173,218.0,52,1,2022-05-18 09:04:42
1652864682252588000,217.5,1,217.0,171,218.0,52,2,2022-05-18 09:04:42
1652864682265326000,217.5,2,217.5,1,218.0,50,2,2022-05-18 09:04:42
1652864682530539000,217.5,1,217.5,2,218.0,50,2,2022-05-18 09:04:42
1652864682809075000,217.5,1,217.5,1,218.0,48,2,2022-05-18 09:04:42
1652864683762033000,217.5,4,217.0,172,217.5,1,2,2022-05-18 09:04:43
1652864683857565000,217.5,1,217.5,9,218.0,49,1,2022-05-18 09:04:43
1652864684345886000,217.5,2,217.5,7,218.0,48,2,2022-05-18 09:04:44
1652864684375521000,217.5,1,217.5,6,218.0,48,2,2022-05-18 09:04:44
1652864684768148000,217.5,1,217.5,7,218.0,49,2,2022-05-18 09:04:44
1652864684836748000,217.5,1,217.5,8,218.0,49,2,2022-05-18 09:04:44
1652864684924778000,217.5,9,217.0,156,217.5,5,2,2022-05-18 09:04:44
1652864685169583000,217.0,20,217.0,136,217.5,7,2,2022-05-18 09:04:45
1652864685204703000,217.0,1,217.0,134,217.5,9,2,2022-05-18 09:04:45
1652864685204958000,217.0,1,217.0,133,217.5,9,2,2022-05-18 09:04:45
1652864685240254000,217.5,1,217.0,133,217.5,9,1,2022-05-18 09:04:45
1652864685618248000,217.5,4,217.0,133,217.5,5,1,2022-05-18 09:04:45
1652864685803693000,217.5,1,217.0,133,217.5,4,1,2022-05-18 09:04:45
1652864686473367000,217.5,1,217.0,135,217.5,9,1,2022-05-18 09:04:46
1652864686484963000,217.5,1,217.0,135,217.5,8,1,2022-05-18 09:04:46
1652864688095768000,217.5,1,217.0,138,217.5,12,1,2022-05-18 09:04:48
1652864688147486000,217.5,1,217.0,138,217.5,11,1,2022-05-18 09:04:48
1652864688492647000,217.0,1,217.0,137,217.5,14,2,2022-05-18 09:04:48
1652864689090776000,217.5,1,217.0,139,217.5,16,1,2022-05-18 09:04:49
1652864689464235000,217.5,2,217.0,139,217.5,18,1,2022-05-18 09:04:49
1652864689553345000,217.0,7,217.0,133,217.5,19,2,2022-05-18 09:04:49
1652864689915098000,217.5,1,217.0,134,217.5,18,1,2022-05-18 09:04:49
1652864690882562000,217.5,1,217.0,132,217.5,22,1,2022-05-18 09:04:50
1652864692088539000,217.0,4,217.0,129,217.5,23,2,2022-05-18 09:04:52
1652864693387798000,217.0,3,217.0,127,217.5,25,2,2022-05-18 09:04:53
1652864694026589000,217.5,1,217.0,116,217.5,24,1,2022-05-18 09:04:54
1652864694093242000,217.5,1,217.0,115,217.5,23,1,2022-05-18 09:04:54
1652864695475579000,217.0,1,217.0,118,217.5,27,2,2022-05-18 09:04:55
1652864695865327000,217.0,1,217.0,117,217.5,27,2,2022-05-18 09:04:55
1652864696056838000,217.0,1,217.0,116,217.5,27,2,2022-05-18 09:04:56
1652864696276296000,217.5,1,217.0,115,217.5,28,1,2022-05-18 09:04:56
1652864696796709000,217.5,1,217.0,115,217.5,29,1,2022-05-18 09:04:56
1652864696903605000,217.0,1,217.0,114,217.5,29,2,2022-05-18 09:04:56
1652864697552236000,217.0,1,217.0,113,217.5,29,2,2022-05-18 09:04:57
1652864697582517000,217.0,1,217.0,112,217.5,29,2,2022-05-18 09:04:57
1652864697582612000,217.0,1,217.0,111,217.5,29,2,2022-05-18 09:04:57
1652864699420302000,217.0,2,217.0,115,217.5,30,2,2022-05-18 09:04:59
1652864699678106000,217.0,1,217.0,115,217.5,30,2,2022-05-18 09:04:59
1652864700604361000,217.0,2,217.0,115,217.5,32,2,2022-05-18 09:05:00
1652864700956373000,217.0,1,217.0,117,217.5,34,2,2022-05-18 09:05:00
1652864700980949000,217.0,1,217.0,116,217.5,34,2,2022-05-18 09:05:00
1652864700983043000,217.0,3,217.0,113,217.5,34,2,2022-05-18 09:05:00
1652864700984617000,217.0,2,217.0,111,217.5,34,2,2022-05-18 09:05:00
1652864701087736000,217.0,1,217.0,110,217.5,32,2,2022-05-18 09:05:01
1652864701120350000,217.0,1,217.0,109,217.5,32,2,2022-05-18 09:05:01
1652864701137331000,217.0,1,217.0,108,217.5,34,2,2022-05-18 09:05:01
1652864701176285000,217.0,3,217.0,105,217.5,34,2,2022-05-18 09:05:01
1652864701267387000,217.0,13,217.0,94,217.5,34,2,2022-05-18 09:05:01
1652864701309564000,217.0,5,217.0,89,217.5,34,2,2022-05-18 09:05:01
1652864702066786000,217.0,3,217.0,86,217.5,37,2,2022-05-18 09:05:02
1652864702226941000,217.0,3,217.0,82,217.5,38,2,2022-05-18 09:05:02
1652864702245185000,217.0,1,217.0,81,217.5,38,2,2022-05-18 09:05:02
1652864702808471000,217.0,1,217.0,81,217.5,38,2,2022-05-18 09:05:02
1652864702941205000,217.5,1,217.0,82,217.5,37,1,2022-05-18 09:05:02
1652864703191825000,217.0,3,217.0,79,217.5,37,2,2022-05-18 09:05:03
1652864703248642000,217.0,1,217.0,79,217.5,37,2,2022-05-18 09:05:03
1652864703331093000,217.0,1,217.0,78,217.5,37,2,2022-05-18 09:05:03
1652864703758620000,217.0,1,217.0,77,217.5,38,2,2022-05-18 09:05:03
1652864704081067000,217.0,1,217.0,76,217.5,39,2,2022-05-18 09:05:04
1652864704192692000,217.0,2,217.0,74,217.5,39,2,2022-05-18 09:05:04
1652864704682777000,217.0,1,217.0,73,217.5,41,2,2022-05-18 09:05:04
1652864704935631000,217.0,18,217.0,55,217.5,41,2,2022-05-18 09:05:04
1652864704975128000,217.0,16,217.0,39,217.5,41,2,2022-05-18 09:05:04
1652864704975865000,217.0,39,216.5,98,217.5,41,2,2022-05-18 09:05:04
1652864705891989000,217.0,1,216.5,99,217.0,8,1,2022-05-18 09:05:05
1652864706202678000,217.0,1,216.5,95,217.0,10,1,2022-05-18 09:05:06
1652864706414663000,217.0,1,216.5,95,217.0,15,1,2022-05-18 09:05:06
1652864707369152000,217.0,1,216.5,95,217.0,26,1,2022-05-18 09:05:07
1652864710520321000,217.0,1,216.5,100,217.0,61,1,2022-05-18 09:05:10
1652864711109328000,216.5,100,216.0,165,217.0,61,2,2022-05-18 09:05:11
1652864712351440000,216.0,2,216.0,160,216.5,98,2,2022-05-18 09:05:12
1652864712376416000,216.0,160,215.5,73,216.0,25,2,2022-05-18 09:05:12
1652864712407651000,215.5,1,215.5,72,216.0,27,2,2022-05-18 09:05:12
1652864712407690000,215.5,1,215.5,71,216.0,27,2,2022-05-18 09:05:12
1652864712409792000,215.5,1,215.5,70,216.0,27,2,2022-05-18 09:05:12
1652864712410687000,215.5,1,215.5,69,216.0,27,2,2022-05-18 09:05:12
1652864712477097000,215.5,14,215.5,55,216.0,27,2,2022-05-18 09:05:12
1652864712509718000,215.5,1,215.5,54,216.0,27,2,2022-05-18 09:05:12
1652864712510390000,215.5,1,215.5,53,216.0,27,2,2022-05-18 09:05:12
1652864712531278000,215.5,14,215.5,39,216.0,28,2,2022-05-18 09:05:12
1652864712560098000,215.5,9,215.5,30,216.0,28,2,2022-05-18 09:05:12
1652864712561603000,215.5,1,215.5,29,216.0,28,2,2022-05-18 09:05:12
1652864712564625000,215.5,1,215.5,28,216.0,28,2,2022-05-18 09:05:12
1652864712636294000,215.5,1,215.5,27,216.0,35,2,2022-05-18 09:05:12
1652864712840005000,216.0,2,215.5,27,216.0,33,1,2022-05-18 09:05:12
1652864712859010000,216.0,33,215.5,27,216.5,82,1,2022-05-18 09:05:12
1652864712859010000,216.5,17,215.5,27,216.5,82,1,2022-05-18 09:05:12
1652864712878891000,215.5,13,215.5,14,216.5,82,2,2022-05-18 09:05:12
1652864713110047000,216.0,5,215.5,22,216.5,89,2,2022-05-18 09:05:13
1652864713146290000,216.0,1,216.0,3,216.5,88,2,2022-05-18 09:05:13
1652864713367971000,216.0,1,215.5,22,216.5,94,2,2022-05-18 09:05:13
1652864713584706000,215.5,1,215.5,20,216.5,88,2,2022-05-18 09:05:13
1652864714377519000,215.5,10,215.5,12,216.0,4,2,2022-05-18 09:05:14
1652864714420389000,215.5,1,215.5,11,216.0,4,2,2022-05-18 09:05:14
1652864715550602000,216.0,1,215.5,13,216.0,3,1,2022-05-18 09:05:15
1652864715615193000,215.5,1,215.5,13,216.0,4,2,2022-05-18 09:05:15
1652864715954439000,216.0,1,215.5,15,216.0,3,1,2022-05-18 09:05:15
1652864716188658000,215.5,2,215.5,13,216.0,3,2,2022-05-18 09:05:16
1652864716243249000,215.5,3,215.5,10,216.0,3,2,2022-05-18 09:05:16
1652864716579902000,216.0,1,215.5,15,216.0,3,1,2022-05-18 09:05:16
1652864716969116000,215.5,2,215.5,14,216.0,4,2,2022-05-18 09:05:16
1652864716990097000,215.5,1,215.5,13,216.0,4,2,2022-05-18 09:05:16
1652864717043176000,215.5,4,215.5,9,216.0,4,2,2022-05-18 09:05:17
1652864717432157000,215.5,2,215.5,9,216.0,5,2,2022-05-18 09:05:17
1652864717458222000,215.5,1,215.5,9,216.0,5,2,2022-05-18 09:05:17
1652864717495403000,215.5,1,215.5,8,216.0,5,2,2022-05-18 09:05:17
1652864717848518000,215.5,4,215.5,4,216.0,6,2,2022-05-18 09:05:17
1652864717874286000,216.0,1,215.5,4,216.0,5,1,2022-05-18 09:05:17
1652864718083786000,216.0,1,215.5,3,216.0,5,1,2022-05-18 09:05:18
1652864718105489000,215.5,1,215.5,2,216.0,6,2,2022-05-18 09:05:18
1652864718270535000,215.5,1,215.5,3,216.0,6,2,2022-05-18 09:05:18
1652864718861149000,215.5,1,215.5,17,216.0,7,2,2022-05-18 09:05:18
1652864719292259000,216.0,6,215.5,20,216.0,4,1,2022-05-18 09:05:19
1652864719317989000,216.0,4,215.5,20,216.0,8,1,2022-05-18 09:05:19
1652864719964562000,216.0,1,215.5,32,216.0,7,1,2022-05-18 09:05:19
