ts,close,volume,bid_price,bid_volume,ask_price,ask_volume,tick_type,datetime
1640682010464368000,14.5,2128,14.45,16,14.5,11,0,2021-12-28 09:00:10
1640682010498074000,14.45,16,14.4,23,14.5,11,2,2021-12-28 09:00:10
1640682010503202000,14.4,20,14.4,3,14.5,11,2,2021-12-28 09:00:10
1640682010517200000,14.4,1,14.4,2,14.5,18,2,2021-12-28 09:00:10
1640682010518861000,14.4,1,14.4,1,14.5,18,2,2021-12-28 09:00:10
1640682010548744000,14.4,1,14.35,15,14.5,35,2,2021-12-28 09:00:10
1640682010548744000,14.35,3,14.35,15,14.5,35,2,2021-12-28 09:00:10
1640682010549671000,14.5,1,14.35,15,14.5,34,1,2021-12-28 09:00:10
1640682010586223000,14.45,11,14.35,15,14.45,1,2,2021-12-28 09:00:10
1640682010691727000,14.4,1,14.4,19,14.5,34,2,2021-12-28 09:00:10
1640682010746839000,14.5,21,14.4,19,14.5,13,1,2021-12-28 09:00:10
1640682010985435000,14.5,1,14.4,19,14.5,12,1,2021-12-28 09:00:10
1640682011040213000,14.4,1,14.4,18,14.5,12,2,2021-12-28 09:00:11
1640682011109457000,14.4,18,14.3,78,14.35,35,2,2021-12-28 09:00:11
1640682011109457000,14.35,16,14.3,78,14.35,35,2,2021-12-28 09:00:11
1640682011144280000,14.35,18,14.3,78,14.35,17,1,2021-12-28 09:00:11
1640682011145649000,14.35,17,14.3,78,14.5,13,1,2021-12-28 09:00:11
1640682011209399000,14.5,8,14.3,78,14.5,5,1,2021-12-28 09:00:11
1640682011246841000,14.3,32,14.3,46,14.5,23,2,2021-12-28 09:00:11
1640682011899782000,14.3,1,14.3,45,14.45,12,2,2021-12-28 09:00:11
1640682012392307000,14.35,3,14.35,27,14.45,12,2,2021-12-28 09:00:12
1640682012657062000,14.35,5,14.35,22,14.45,12,2,2021-12-28 09:00:12
1640682013741446000,14.35,5,14.35,17,14.4,14,2,2021-12-28 09:00:13
1640682014872271000,14.4,2,14.35,17,14.4,40,1,2021-12-28 09:00:14
1640682015345832000,14.35,1,14.35,16,14.5,25,2,2021-12-28 09:00:15
1640682015726952000,14.4,2,14.35,16,14.45,19,2,2021-12-28 09:00:15
1640682016036772000,14.45,5,14.35,18,14.45,9,1,2021-12-28 09:00:16
1640682016151937000,14.35,1,14.35,17,14.45,16,2,2021-12-28 09:00:16
1640682016354784000,14.45,1,14.35,17,14.45,15,1,2021-12-28 09:00:16
1640682018948644000,14.35,1,14.35,16,14.5,26,2,2021-12-28 09:00:18
1640682019374027000,14.5,3,14.45,5,14.5,23,1,2021-12-28 09:00:19
1640682020153979000,14.45,5,14.4,3,14.5,23,2,2021-12-28 09:00:20
1640682020811654000,14.5,8,14.4,23,14.5,15,1,2021-12-28 09:00:20
1640682021061382000,14.4,1,14.4,22,14.5,21,2,2021-12-28 09:00:21
1640682022244277000,14.45,1,14.4,32,14.5,56,2,2021-12-28 09:00:22
1640682022502296000,14.45,1,14.4,35,14.45,29,1,2021-12-28 09:00:22
1640682022912872000,14.45,2,14.4,35,14.45,27,1,2021-12-28 09:00:22
1640682023567255000,14.45,1,14.4,35,14.45,28,1,2021-12-28 09:00:23
1640682024117859000,14.45,1,14.4,36,14.45,28,1,2021-12-28 09:00:24
1640682024565873000,14.4,1,14.4,35,14.45,28,2,2021-12-28 09:00:24
1640682024792311000,14.45,4,14.4,35,14.45,24,1,2021-12-28 09:00:24
1640682026192911000,14.45,5,14.4,35,14.45,34,1,2021-12-28 09:00:26
1640682026391635000,14.45,3,14.4,34,14.45,46,1,2021-12-28 09:00:26
1640682026414683000,14.4,1,14.4,33,14.45,46,2,2021-12-28 09:00:26
1640682026668087000,14.4,5,14.4,28,14.45,46,2,2021-12-28 09:00:26
1640682026750001000,14.4,1,14.4,27,14.45,46,2,2021-12-28 09:00:26
1640682026889004000,14.4,1,14.4,26,14.45,46,2,2021-12-28 09:00:26
1640682027204135000,14.45,1,14.4,26,14.45,45,1,2021-12-28 09:00:27
1640682027316373000,14.45,20,14.4,26,14.45,25,1,2021-12-28 09:00:27
1640682027362106000,14.45,10,14.4,26,14.45,15,1,2021-12-28 09:00:27
1640682027944573000,14.4,20,14.4,13,14.45,37,2,2021-12-28 09:00:27
1640682029275135000,14.45,6,14.4,13,14.45,31,1,2021-12-28 09:00:29
1640682030363041000,14.4,1,14.4,12,14.45,35,2,2021-12-28 09:00:30
1640682030400707000,14.4,1,14.4,11,14.45,35,2,2021-12-28 09:00:30
1640682030488999000,14.45,10,14.4,11,14.45,25,1,2021-12-28 09:00:30
1640682030508736000,14.4,4,14.4,7,14.45,25,2,2021-12-28 09:00:30
1640682030570233000,14.45,6,14.4,7,14.45,19,1,2021-12-28 09:00:30
1640682030612520000,14.45,4,14.4,7,14.45,15,1,2021-12-28 09:00:30
1640682031101080000,14.45,1,14.4,8,14.45,16,1,2021-12-28 09:00:31
1640682031141056000,14.4,1,14.4,7,14.45,16,2,2021-12-28 09:00:31
1640682032006984000,14.4,10,14.4,1,14.45,36,2,2021-12-28 09:00:32
1640682032766057000,14.45,5,14.4,2,14.45,37,1,2021-12-28 09:00:32
1640682032788022000,14.4,1,14.4,1,14.45,37,2,2021-12-28 09:00:32
1640682033049118000,14.45,1,14.4,2,14.45,37,1,2021-12-28 09:00:33
1640682033507707000,14.4,2,14.35,31,14.45,44,2,2021-12-28 09:00:33
1640682033768186000,14.4,3,14.35,31,14.4,7,2,2021-12-28 09:00:33
1640682034509596000,14.35,1,14.35,30,14.4,12,2,2021-12-28 09:00:34
1640682034926643000,14.4,2,14.35,30,14.4,10,1,2021-12-28 09:00:34
1640682035260711000,14.4,1,14.35,30,14.4,14,1,2021-12-28 09:00:35
1640682035402427000,14.4,5,14.35,30,14.4,10,1,2021-12-28 09:00:35
1640682035405352000,14.4,1,14.35,30,14.4,9,1,2021-12-28 09:00:35
1640682035593768000,14.4,9,14.4,1,14.45,45,1,2021-12-28 09:00:35
1640682035632269000,14.4,1,14.35,29,14.45,45,2,2021-12-28 09:00:35
1640682035632269000,14.35,1,14.35,29,14.45,45,2,2021-12-28 09:00:35
1640682036133403000,14.4,1,14.35,29,14.45,44,1,2021-12-28 09:00:36
1640682036133403000,14.45,1,14.35,29,14.45,44,1,2021-12-28 09:00:36
1640682036485294000,14.45,1,14.35,29,14.45,43,1,2021-12-28 09:00:36
1640682037006233000,14.4,1,14.4,10,14.45,43,2,2021-12-28 09:00:37
1640682037257571000,14.4,1,14.4,9,14.45,43,2,2021-12-28 09:00:37
1640682037373023000,14.4,9,14.35,29,14.4,11,2,2021-12-28 09:00:37
1640682037879763000,14.4,1,14.35,29,14.4,10,1,2021-12-28 09:00:37
1640682038151425000,14.4,1,14.35,29,14.4,9,1,2021-12-28 09:00:38
1640682038216531000,14.4,10,14.35,29,14.45,38,1,2021-12-28 09:00:38
1640682038216531000,14.45,10,14.35,29,14.45,38,1,2021-12-28 09:00:38
1640682038516830000,14.45,1,14.35,29,14.45,37,1,2021-12-28 09:00:38
1640682039203863000,14.4,1,14.35,25,14.45,37,2,2021-12-28 09:00:39
1640682039203863000,14.35,4,14.35,25,14.45,37,2,2021-12-28 09:00:39
1640682039362726000,14.35,25,14.3,77,14.35,8,2,2021-12-28 09:00:39
1640682039396068000,14.35,8,14.3,77,14.4,2,1,2021-12-28 09:00:39
1640682039451307000,14.35,5,14.3,77,14.35,11,1,2021-12-28 09:00:39
1640682039664842000,14.35,1,14.3,77,14.35,10,1,2021-12-28 09:00:39
1640682039669770000,14.35,2,14.3,77,14.35,8,1,2021-12-28 09:00:39
1640682039914009000,14.35,8,14.3,77,14.45,37,1,2021-12-28 09:00:39
1640682039914009000,14.4,2,14.3,77,14.45,37,1,2021-12-28 09:00:39
1640682041498462000,14.35,1,14.35,32,14.4,5,1,2021-12-28 09:00:41
1640682041983306000,14.4,1,14.35,32,14.4,4,1,2021-12-28 09:00:41
1640682042440047000,14.4,4,14.35,43,14.45,36,1,2021-12-28 09:00:42
1640682042440047000,14.45,1,14.35,43,14.45,36,1,2021-12-28 09:00:42
1640682043930320000,14.4,1,14.4,9,14.45,35,2,2021-12-28 09:00:43
1640682044036308000,14.4,3,14.4,6,14.45,35,2,2021-12-28 09:00:44
1640682044385921000,14.4,2,14.4,4,14.45,37,2,2021-12-28 09:00:44
1640682044625840000,14.4,1,14.4,3,14.45,39,2,2021-12-28 09:00:44
1640682045124021000,14.45,1,14.4,13,14.45,38,1,2021-12-28 09:00:45
1640682045742935000,14.4,2,14.4,21,14.45,43,2,2021-12-28 09:00:45
1640682046204624000,14.45,6,14.4,31,14.45,147,1,2021-12-28 09:00:46
1640682046448935000,14.4,1,14.4,30,14.45,147,2,2021-12-28 09:00:46
1640682047452911000,14.45,2,14.4,41,14.45,145,1,2021-12-28 09:00:47
1640682047539621000,14.45,5,14.4,41,14.45,140,1,2021-12-28 09:00:47
1640682048479666000,14.4,6,14.4,35,14.45,146,2,2021-12-28 09:00:48
1640682049707921000,14.45,30,14.4,36,14.45,127,1,2021-12-28 09:00:49
1640682050177317000,14.4,1,14.4,69,14.45,129,2,2021-12-28 09:00:50
1640682050231691000,14.4,5,14.4,64,14.45,129,2,2021-12-28 09:00:50
1640682050997846000,14.4,2,14.4,65,14.45,129,2,2021-12-28 09:00:50
1640682052537080000,14.45,3,14.4,79,14.45,131,1,2021-12-28 09:00:52
1640682052618548000,14.4,1,14.4,78,14.45,131,2,2021-12-28 09:00:52
1640682052737049000,14.4,3,14.4,75,14.45,131,2,2021-12-28 09:00:52
1640682053029494000,14.45,5,14.4,80,14.45,126,1,2021-12-28 09:00:53
1640682053495706000,14.4,1,14.4,79,14.45,126,2,2021-12-28 09:00:53
1640682053614081000,14.4,2,14.4,77,14.45,126,2,2021-12-28 09:00:53
1640682055187229000,14.4,3,14.4,79,14.45,126,2,2021-12-28 09:00:55
1640682055279959000,14.4,25,14.4,54,14.45,126,2,2021-12-28 09:00:55
1640682056022240000,14.4,1,14.4,53,14.45,146,2,2021-12-28 09:00:56
1640682056121828000,14.45,1,14.4,53,14.45,145,1,2021-12-28 09:00:56
1640682056695921000,14.4,2,14.4,51,14.45,145,2,2021-12-28 09:00:56
1640682056830442000,14.45,2,14.4,51,14.45,143,1,2021-12-28 09:00:56
1640682057033614000,14.45,2,14.4,51,14.45,141,1,2021-12-28 09:00:57
1640682057303163000,14.45,1,14.4,52,14.45,135,1,2021-12-28 09:00:57
1640682058206785000,14.45,65,14.4,54,14.45,71,1,2021-12-28 09:00:58
1640682059099034000,14.45,5,14.4,54,14.45,66,1,2021-12-28 09:00:59
1640682060124409000,14.45,2,14.4,54,14.45,64,1,2021-12-28 09:01:00
1640682061341345000,14.45,2,14.4,59,14.45,68,1,2021-12-28 09:01:01
1640682062140865000,14.45,5,14.4,68,14.45,63,1,2021-12-28 09:01:02
1640682062209347000,14.4,2,14.4,66,14.45,61,2,2021-12-28 09:01:02
1640682062675647000,14.45,61,14.4,316,14.5,137,1,2021-12-28 09:01:02
1640682062724792000,14.45,1,14.4,314,14.5,137,2,2021-12-28 09:01:02
1640682062724792000,14.4,2,14.4,314,14.5,137,2,2021-12-28 09:01:02
1640682062987008000,14.45,1,14.4,314,14.5,137,1,2021-12-28 09:01:02
1640682063108097000,14.4,30,14.4,284,14.5,137,2,2021-12-28 09:01:03
1640682063263009000,14.45,1,14.4,284,14.5,137,2,2021-12-28 09:01:03
1640682064205329000,14.45,1,14.45,9,14.5,137,2,2021-12-28 09:01:04
1640682064875894000,14.5,5,14.45,12,14.5,132,1,2021-12-28 09:01:04
1640682064911241000,14.5,1,14.45,12,14.5,131,1,2021-12-28 09:01:04
1640682065308320000,14.5,10,14.45,12,14.5,96,1,2021-12-28 09:01:05
1640682065342595000,14.5,28,14.45,12,14.5,68,1,2021-12-28 09:01:05
1640682065376305000,14.5,37,14.45,12,14.5,31,1,2021-12-28 09:01:05
1640682065410109000,14.5,31,14.45,12,14.55,59,1,2021-12-28 09:01:05
1640682065454011000,14.45,1,14.45,11,14.55,59,2,2021-12-28 09:01:05
1640682065511597000,14.45,7,14.45,4,14.55,59,2,2021-12-28 09:01:05
1640682066082045000,14.45,2,14.45,2,14.55,59,2,2021-12-28 09:01:06
1640682067378117000,14.5,4,14.45,10,14.55,59,1,2021-12-28 09:01:07
1640682068292353000,14.55,2,14.45,13,14.55,57,1,2021-12-28 09:01:08
1640682070277808000,14.45,1,14.45,18,14.5,35,2,2021-12-28 09:01:10
1640682070652516000,14.45,1,14.45,17,14.5,36,2,2021-12-28 09:01:10
1640682070884747000,14.5,10,14.45,17,14.5,26,1,2021-12-28 09:01:10
1640682071398766000,14.5,1,14.45,17,14.5,25,1,2021-12-28 09:01:11
1640682071961042000,14.5,1,14.45,18,14.5,29,1,2021-12-28 09:01:11
1640682071967506000,14.45,3,14.45,15,14.5,29,2,2021-12-28 09:01:11
1640682072145674000,14.5,2,14.45,15,14.5,27,1,2021-12-28 09:01:12
1640682072146115000,14.5,1,14.45,15,14.5,26,1,2021-12-28 09:01:12
1640682072872053000,14.5,15,14.45,15,14.5,11,1,2021-12-28 09:01:12
1640682073130857000,14.5,1,14.45,12,14.5,10,1,2021-12-28 09:01:13
1640682074060141000,14.5,1,14.45,28,14.5,9,1,2021-12-28 09:01:14
1640682074088171000,14.5,7,14.45,28,14.5,2,1,2021-12-28 09:01:14
1640682074829823000,14.5,2,14.5,8,14.55,58,1,2021-12-28 09:01:14
1640682075547446000,14.55,1,14.5,8,14.55,57,1,2021-12-28 09:01:15
1640682076213802000,14.5,2,14.5,6,14.55,57,2,2021-12-28 09:01:16
1640682076368240000,14.55,2,14.5,6,14.55,55,1,2021-12-28 09:01:16
1640682078884421000,14.55,10,14.5,11,14.55,46,1,2021-12-28 09:01:18
1640682079103215000,14.5,1,14.5,23,14.55,46,2,2021-12-28 09:01:19
1640682079768457000,14.55,5,14.5,30,14.55,51,1,2021-12-28 09:01:19
1640682080111723000,14.5,1,14.5,30,14.55,51,2,2021-12-28 09:01:20
1640682080179890000,14.55,10,14.5,30,14.55,41,1,2021-12-28 09:01:20
1640682080219065000,14.5,30,14.45,85,14.55,41,2,2021-12-28 09:01:20
1640682080263682000,14.5,1,14.45,85,14.55,41,1,2021-12-28 09:01:20
1640682080287058000,14.45,2,14.45,83,14.55,41,2,2021-12-28 09:01:20
1640682080376648000,14.55,1,14.45,83,14.55,40,1,2021-12-28 09:01:20
1640682080571963000,14.55,1,14.45,83,14.55,39,1,2021-12-28 09:01:20
1640682081100854000,14.5,2,14.5,9,14.55,39,2,2021-12-28 09:01:21
1640682081604874000,14.55,4,14.5,9,14.55,35,1,2021-12-28 09:01:21
1640682082057486000,14.55,1,14.5,10,14.55,34,1,2021-12-28 09:01:22
1640682082446153000,14.55,1,14.5,13,14.55,33,1,2021-12-28 09:01:22
1640682082938037000,14.55,1,14.5,13,14.55,32,1,2021-12-28 09:01:22
1640682082946006000,14.55,1,14.5,13,14.55,31,1,2021-12-28 09:01:22
1640682083098516000,14.55,5,14.5,13,14.55,31,1,2021-12-28 09:01:23
1640682083574071000,14.5,10,14.5,3,14.55,31,2,2021-12-28 09:01:23
1640682083606741000,14.5,3,14.45,83,14.55,31,2,2021-12-28 09:01:23
1640682084423851000,14.5,1,14.5,4,14.55,31,1,2021-12-28 09:01:24
1640682084771600000,14.55,5,14.5,5,14.55,35,1,2021-12-28 09:01:24
1640682084810953000,14.55,5,14.5,5,14.55,30,1,2021-12-28 09:01:24
1640682084851755000,14.5,5,14.45,83,14.55,30,2,2021-12-28 09:01:24
1640682085478836000,14.55,2,14.5,4,14.55,28,1,2021-12-28 09:01:25
1640682085517963000,14.5,4,14.45,83,14.55,28,2,2021-12-28 09:01:25
1640682085634990000,14.55,10,14.45,83,14.55,18,1,2021-12-28 09:01:25
1640682086642809000,14.5,1,14.45,82,14.5,19,2,2021-12-28 09:01:26
1640682086730853000,14.5,5,14.45,82,14.5,14,1,2021-12-28 09:01:26
1640682087008130000,14.5,2,14.45,82,14.5,12,1,2021-12-28 09:01:27
1640682087027774000,14.5,12,14.45,82,14.55,18,1,2021-12-28 09:01:27
1640682087198803000,14.55,10,14.45,82,14.55,8,1,2021-12-28 09:01:27
1640682087349987000,14.5,1,14.45,82,14.55,8,2,2021-12-28 09:01:27
1640682087435156000,14.55,2,14.45,82,14.55,6,1,2021-12-28 09:01:27
1640682087600894000,14.55,1,14.45,82,14.55,5,1,2021-12-28 09:01:27
1640682089194352000,14.5,1,14.45,87,14.5,3,1,2021-12-28 09:01:29
1640682089246735000,14.5,3,14.5,3,14.55,6,1,2021-12-28 09:01:29
1640682089888038000,14.55,6,14.55,14,14.6,164,1,2021-12-28 09:01:29
1640682089927699000,14.55,14,14.5,4,14.55,4,2,2021-12-28 09:01:29
1640682090361386000,14.55,4,14.55,1,14.6,164,1,2021-12-28 09:01:30
1640682090395675000,14.55,1,14.5,4,14.6,164,2,2021-12-28 09:01:30
1640682090937738000,14.55,3,14.55,7,14.6,164,1,2021-12-28 09:01:30
1640682090950762000,14.55,5,14.55,2,14.6,164,2,2021-12-28 09:01:30
1640682091119542000,14.55,2,14.5,16,14.6,164,2,2021-12-28 09:01:31
1640682091342629000,14.55,1,14.5,20,14.6,115,1,2021-12-28 09:01:31
1640682091342629000,14.6,49,14.5,20,14.6,115,1,2021-12-28 09:01:31
1640682092731604000,14.55,3,14.5,22,14.55,129,1,2021-12-28 09:01:32
1640682093580927000,14.55,3,14.5,34,14.55,126,1,2021-12-28 09:01:33
1640682094628001000,14.55,3,14.5,95,14.55,128,1,2021-12-28 09:01:34
1640682094700021000,14.55,1,14.5,96,14.55,127,1,2021-12-28 09:01:34
1640682095158910000,14.55,6,14.5,112,14.55,121,1,2021-12-28 09:01:35
1640682095254602000,14.55,1,14.5,112,14.55,120,1,2021-12-28 09:01:35
1640682095692452000,14.55,1,14.5,115,14.55,119,1,2021-12-28 09:01:35
1640682096060190000,14.5,18,14.5,97,14.55,119,2,2021-12-28 09:01:36
1640682096395494000,14.55,20,14.5,97,14.55,99,1,2021-12-28 09:01:36
1640682096464831000,14.55,20,14.5,97,14.55,79,1,2021-12-28 09:01:36
1640682096527552000,14.55,2,14.5,107,14.55,77,1,2021-12-28 09:01:36
1640682096695399000,14.55,1,14.5,108,14.55,76,1,2021-12-28 09:01:36
1640682096912821000,14.55,3,14.5,108,14.55,73,1,2021-12-28 09:01:36
1640682096938791000,14.55,73,14.5,108,14.6,118,1,2021-12-28 09:01:36
1640682097488569000,14.55,1,14.5,109,14.6,118,2,2021-12-28 09:01:37
1640682097488569000,14.5,9,14.5,109,14.6,118,2,2021-12-28 09:01:37
1640682098044758000,14.5,18,14.5,92,14.55,2,2,2021-12-28 09:01:38
1640682098178546000,14.55,2,14.5,92,14.55,2,1,2021-12-28 09:01:38
1640682098325606000,14.55,2,14.5,92,14.6,119,1,2021-12-28 09:01:38
1640682098325606000,14.6,2,14.5,92,14.6,119,1,2021-12-28 09:01:38
1640682098599552000,14.55,1,14.5,93,14.6,119,2,2021-12-28 09:01:38
1640682098826382000,14.55,2,14.55,3,14.6,119,2,2021-12-28 09:01:38
1640682098987826000,14.55,4,14.5,93,14.55,14,2,2021-12-28 09:01:38
1640682099984854000,14.55,2,14.5,105,14.55,16,1,2021-12-28 09:01:39
1640682100944292000,14.55,10,14.5,113,14.55,11,1,2021-12-28 09:01:40
1640682101294313000,14.55,1,14.5,116,14.55,27,1,2021-12-28 09:01:41
1640682101474963000,14.55,1,14.5,116,14.55,26,1,2021-12-28 09:01:41
1640682101641099000,14.5,5,14.5,111,14.55,26,2,2021-12-28 09:01:41
1640682101660943000,14.55,2,14.5,111,14.55,24,1,2021-12-28 09:01:41
1640682101738482000,14.55,10,14.5,111,14.55,14,1,2021-12-28 09:01:41
1640682101843225000,14.55,10,14.5,111,14.55,14,1,2021-12-28 09:01:41
1640682101871773000,14.55,3,14.5,111,14.55,11,1,2021-12-28 09:01:41
1640682101880732000,14.55,2,14.5,111,14.55,9,1,2021-12-28 09:01:41
1640682102520168000,14.55,1,14.5,124,14.55,9,1,2021-12-28 09:01:42
1640682102563722000,14.55,2,14.5,124,14.55,7,1,2021-12-28 09:01:42
1640682102723698000,14.55,1,14.5,123,14.55,6,1,2021-12-28 09:01:42
1640682103782924000,14.55,20,14.5,153,14.55,12,1,2021-12-28 09:01:43
1640682104175956000,14.55,12,14.55,8,14.6,129,1,2021-12-28 09:01:44
1640682105703447000,14.55,5,14.55,7,14.6,129,2,2021-12-28 09:01:45
1640682106141708000,14.6,2,14.55,19,14.6,127,1,2021-12-28 09:01:46
1640682106740561000,14.6,1,14.55,20,14.6,126,1,2021-12-28 09:01:46
1640682108007692000,14.6,3,14.55,41,14.6,123,1,2021-12-28 09:01:48
1640682108326935000,14.55,1,14.55,41,14.6,123,2,2021-12-28 09:01:48
1640682108663353000,14.6,1,14.55,41,14.6,122,1,2021-12-28 09:01:48
1640682108959592000,14.6,2,14.55,52,14.6,120,1,2021-12-28 09:01:48
1640682109351175000,14.6,20,14.55,53,14.6,100,1,2021-12-28 09:01:49
1640682109386980000,14.6,100,14.55,53,14.65,94,1,2021-12-28 09:01:49
1640682109628815000,14.6,10,14.55,53,14.65,94,1,2021-12-28 09:01:49
1640682110155596000,14.65,1,14.55,54,14.65,93,1,2021-12-28 09:01:50
1640682110204873000,14.65,1,14.55,54,14.65,92,1,2021-12-28 09:01:50
1640682110327644000,14.55,1,14.55,53,14.65,92,2,2021-12-28 09:01:50
1640682110765942000,14.65,5,14.55,53,14.65,87,1,2021-12-28 09:01:50
1640682111056977000,14.65,10,14.55,53,14.65,177,1,2021-12-28 09:01:51
1640682111180155000,14.65,5,14.55,53,14.65,172,1,2021-12-28 09:01:51
1640682111311947000,14.6,2,14.55,53,14.65,172,2,2021-12-28 09:01:51
1640682111570036000,14.65,2,14.55,53,14.65,170,1,2021-12-28 09:01:51
1640682111845745000,14.6,1,14.55,53,14.65,170,1,2021-12-28 09:01:51
1640682113396205000,14.65,5,14.6,22,14.65,172,1,2021-12-28 09:01:53
1640682113656064000,14.6,1,14.6,23,14.65,172,2,2021-12-28 09:01:53
1640682114693594000,14.65,5,14.6,25,14.65,177,1,2021-12-28 09:01:54
1640682114800022000,14.65,2,14.6,35,14.65,175,1,2021-12-28 09:01:54
1640682114877697000,14.6,25,14.6,15,14.65,175,2,2021-12-28 09:01:54
1640682115864753000,14.65,1,14.6,28,14.65,184,1,2021-12-28 09:01:55
1640682116761250000,14.65,1,14.6,58,14.65,183,1,2021-12-28 09:01:56
1640682116928315000,14.65,10,14.6,60,14.65,173,1,2021-12-28 09:01:56
1640682117475724000,14.65,3,14.6,63,14.65,170,1,2021-12-28 09:01:57
1640682117713612000,14.6,3,14.6,62,14.65,220,2,2021-12-28 09:01:57
1640682117752621000,14.6,5,14.6,57,14.65,220,2,2021-12-28 09:01:57
1640682117816702000,14.6,2,14.6,55,14.65,220,2,2021-12-28 09:01:57
1640682117977121000,14.65,4,14.6,56,14.65,216,1,2021-12-28 09:01:57
1640682118037476000,14.65,5,14.6,56,14.65,211,1,2021-12-28 09:01:58
1640682118801732000,14.6,3,14.6,56,14.65,211,2,2021-12-28 09:01:58
1640682119596048000,14.6,2,14.6,58,14.65,211,2,2021-12-28 09:01:59
1640682120474531000,14.65,2,14.6,71,14.65,212,1,2021-12-28 09:02:00
1640682120533894000,14.65,1,14.6,71,14.65,211,1,2021-12-28 09:02:00
1640682120545971000,14.6,8,14.6,63,14.65,211,2,2021-12-28 09:02:00
1640682120692616000,14.6,16,14.6,47,14.65,211,2,2021-12-28 09:02:00
1640682120968368000,14.6,20,14.6,27,14.65,211,2,2021-12-28 09:02:00
1640682121447835000,14.65,2,14.6,29,14.65,209,1,2021-12-28 09:02:01
1640682121452972000,14.65,1,14.6,29,14.65,208,1,2021-12-28 09:02:01
1640682121538345000,14.6,1,14.6,28,14.65,208,2,2021-12-28 09:02:01
1640682122594826000,14.6,1,14.6,32,14.65,210,2,2021-12-28 09:02:02
1640682122604915000,14.6,2,14.6,30,14.65,210,2,2021-12-28 09:02:02
1640682122626506000,14.6,2,14.6,28,14.65,210,2,2021-12-28 09:02:02
1640682122955409000,14.6,7,14.6,21,14.65,210,2,2021-12-28 09:02:02
1640682123041915000,14.6,23,14.55,115,14.65,210,2,2021-12-28 09:02:03
1640682123041915000,14.55,2,14.55,115,14.65,210,2,2021-12-28 09:02:03
1640682123067683000,14.55,17,14.55,98,14.65,210,2,2021-12-28 09:02:03
1640682123401003000,14.6,4,14.55,92,14.65,210,2,2021-12-28 09:02:03
1640682123401003000,14.55,6,14.55,92,14.65,210,2,2021-12-28 09:02:03
1640682123551115000,14.55,1,14.55,92,14.65,210,2,2021-12-28 09:02:03
1640682123964649000,14.6,1,14.6,7,14.65,210,2,2021-12-28 09:02:03
1640682124105090000,14.6,5,14.6,2,14.65,210,2,2021-12-28 09:02:04
1640682124733465000,14.65,1,14.6,4,14.65,210,1,2021-12-28 09:02:04
1640682125197043000,14.6,4,14.55,92,14.6,96,2,2021-12-28 09:02:05
1640682125317431000,14.6,1,14.55,92,14.6,99,1,2021-12-28 09:02:05
1640682125741027000,14.6,10,14.55,102,14.6,95,1,2021-12-28 09:02:05
1640682125815768000,14.6,5,14.55,102,14.6,90,1,2021-12-28 09:02:05
1640682125828141000,14.6,3,14.55,102,14.6,87,1,2021-12-28 09:02:05
1640682125918656000,14.55,1,14.55,101,14.6,87,2,2021-12-28 09:02:05
1640682125957752000,14.6,50,14.55,101,14.6,37,1,2021-12-28 09:02:05
1640682126395398000,14.55,110,14.55,38,14.6,87,2,2021-12-28 09:02:06
1640682126577970000,14.6,1,14.5,173,14.6,86,1,2021-12-28 09:02:06
1640682126777258000,14.6,10,14.5,172,14.6,76,1,2021-12-28 09:02:06
1640682126900686000,14.6,2,14.5,172,14.6,89,1,2021-12-28 09:02:06
1640682126967640000,14.6,5,14.5,172,14.6,84,1,2021-12-28 09:02:06
1640682127332022000,14.55,10,14.5,172,14.55,10,1,2021-12-28 09:02:07
1640682127406206000,14.55,1,14.5,172,14.55,9,1,2021-12-28 09:02:07
1640682127421060000,14.55,3,14.5,172,14.55,6,1,2021-12-28 09:02:07
1640682127462313000,14.55,1,14.5,172,14.55,5,1,2021-12-28 09:02:07
1640682127981286000,14.5,19,14.5,158,14.55,5,2,2021-12-28 09:02:07
1640682128138562000,14.55,1,14.5,158,14.55,4,1,2021-12-28 09:02:08
1640682128629972000,14.55,4,14.5,158,14.6,100,1,2021-12-28 09:02:08
1640682128629972000,14.6,1,14.5,158,14.6,100,1,2021-12-28 09:02:08
1640682129524929000,14.6,5,14.55,5,14.6,96,1,2021-12-28 09:02:09
1640682129708728000,14.55,1,14.55,4,14.6,96,2,2021-12-28 09:02:09
1640682129888446000,14.55,4,14.5,164,14.6,96,2,2021-12-28 09:02:09
1640682129987273000,14.6,2,14.55,1,14.6,94,1,2021-12-28 09:02:09
1640682130012470000,14.55,1,14.5,164,14.55,4,2,2021-12-28 09:02:10
1640682130099691000,14.55,4,14.55,17,14.6,94,1,2021-12-28 09:02:10
1640682131571058000,14.6,5,14.55,1,14.6,104,1,2021-12-28 09:02:11
1640682131636455000,14.6,10,14.55,1,14.6,94,1,2021-12-28 09:02:11
1640682131747801000,14.55,1,14.5,185,14.6,94,2,2021-12-28 09:02:11
1640682132770363000,14.6,1,14.55,12,14.6,98,1,2021-12-28 09:02:12
1640682132919058000,14.55,10,14.55,2,14.6,98,2,2021-12-28 09:02:12
1640682133127314000,14.6,2,14.55,42,14.6,96,1,2021-12-28 09:02:13
1640682133271641000,14.55,3,14.55,39,14.6,97,2,2021-12-28 09:02:13
1640682133383488000,14.55,5,14.55,19,14.6,97,2,2021-12-28 09:02:13
1640682133505021000,14.55,1,14.55,18,14.6,97,2,2021-12-28 09:02:13
1640682135323851000,14.6,1,14.55,31,14.6,98,1,2021-12-28 09:02:15
1640682139270476000,14.55,1,14.55,58,14.6,124,2,2021-12-28 09:02:19
1640682139343894000,14.6,3,14.55,58,14.6,121,1,2021-12-28 09:02:19
1640682139735200000,14.6,10,14.55,58,14.6,113,1,2021-12-28 09:02:19
1640682141425334000,14.6,1,14.55,78,14.6,619,1,2021-12-28 09:02:21
1640682141535172000,14.6,1,14.55,78,14.6,618,1,2021-12-28 09:02:21
1640682141544073000,14.6,1,14.55,78,14.6,617,1,2021-12-28 09:02:21
1640682142371015000,14.6,5,14.55,89,14.6,612,1,2021-12-28 09:02:22
1640682142744809000,14.55,10,14.55,79,14.6,613,2,2021-12-28 09:02:22
1640682142967391000,14.6,1,14.55,80,14.6,613,1,2021-12-28 09:02:22
1640682143035187000,14.55,10,14.55,70,14.6,613,2,2021-12-28 09:02:23
1640682143176360000,14.6,1,14.55,70,14.6,612,1,2021-12-28 09:02:23
1640682143379175000,14.55,5,14.55,65,14.6,612,2,2021-12-28 09:02:23
1640682143523940000,14.55,20,14.55,46,14.6,612,2,2021-12-28 09:02:23
1640682143714796000,14.6,10,14.55,48,14.6,602,1,2021-12-28 09:02:23
1640682144432015000,14.55,1,14.55,47,14.6,605,2,2021-12-28 09:02:24
1640682144980758000,14.6,5,14.55,48,14.6,600,1,2021-12-28 09:02:24
1640682145008104000,14.55,10,14.55,38,14.6,600,2,2021-12-28 09:02:25
1640682145158324000,14.55,1,14.55,37,14.6,601,2,2021-12-28 09:02:25
1640682145683399000,14.55,1,14.55,37,14.6,601,2,2021-12-28 09:02:25
1640682145744958000,14.55,4,14.55,33,14.6,601,2,2021-12-28 09:02:25
1640682146149886000,14.6,1,14.55,99,14.6,107,1,2021-12-28 09:02:26
1640682146924109000,14.6,1,14.55,99,14.6,112,1,2021-12-28 09:02:26
1640682146948427000,14.55,97,14.55,2,14.6,112,2,2021-12-28 09:02:26
1640682146981222000,14.55,2,14.5,193,14.6,112,2,2021-12-28 09:02:26
1640682147957106000,14.5,10,14.5,183,14.55,1,2,2021-12-28 09:02:27
1640682148961469000,14.55,1,14.5,183,14.55,15,1,2021-12-28 09:02:28
1640682149072086000,14.5,1,14.5,182,14.55,15,2,2021-12-28 09:02:29
1640682149087853000,14.55,1,14.5,182,14.55,14,1,2021-12-28 09:02:29
1640682150156310000,14.55,2,14.5,182,14.55,31,1,2021-12-28 09:02:30
1640682150818244000,14.5,7,14.5,178,14.55,148,2,2021-12-28 09:02:30
1640682150930865000,14.55,1,14.5,178,14.55,157,1,2021-12-28 09:02:30
1640682152289604000,14.55,1,14.5,179,14.55,158,1,2021-12-28 09:02:32
1640682152679531000,14.5,1,14.5,178,14.55,158,2,2021-12-28 09:02:32
1640682153441808000,14.55,3,14.5,178,14.55,156,1,2021-12-28 09:02:33
1640682154083181000,14.5,5,14.5,175,14.55,158,2,2021-12-28 09:02:34
1640682154090449000,14.55,1,14.5,175,14.55,157,1,2021-12-28 09:02:34
1640682155385573000,14.55,3,14.5,199,14.55,164,1,2021-12-28 09:02:35
1640682155478733000,14.55,20,14.5,199,14.55,144,1,2021-12-28 09:02:35
1640682155707078000,14.5,10,14.5,189,14.55,144,2,2021-12-28 09:02:35
1640682156573815000,14.5,2,14.5,185,14.55,144,2,2021-12-28 09:02:36
1640682156605116000,14.5,1,14.5,184,14.55,144,2,2021-12-28 09:02:36
1640682157126496000,14.55,1,14.5,184,14.55,146,1,2021-12-28 09:02:37
1640682157368266000,14.55,60,14.5,184,14.55,86,1,2021-12-28 09:02:37
1640682158426430000,14.5,2,14.5,184,14.55,89,2,2021-12-28 09:02:38
1640682158821169000,14.55,10,14.5,184,14.55,79,1,2021-12-28 09:02:38
1640682160332711000,14.5,4,14.5,180,14.55,79,2,2021-12-28 09:02:40
1640682161012935000,14.55,30,14.5,180,14.55,54,1,2021-12-28 09:02:41
1640682161492576000,14.5,10,14.5,170,14.55,54,2,2021-12-28 09:02:41
1640682162949283000,14.5,5,14.5,175,14.55,66,2,2021-12-28 09:02:42
1640682163133362000,14.55,10,14.5,175,14.55,56,1,2021-12-28 09:02:43
1640682163714667000,14.55,5,14.5,175,14.55,51,1,2021-12-28 09:02:43
1640682163819245000,14.55,20,14.5,180,14.55,31,1,2021-12-28 09:02:43
1640682163868155000,14.5,2,14.5,178,14.55,31,2,2021-12-28 09:02:43
1640682164329042000,14.55,2,14.5,178,14.55,31,1,2021-12-28 09:02:44
1640682165054206000,14.55,5,14.5,198,14.55,37,1,2021-12-28 09:02:45
1640682167501910000,14.55,30,14.5,203,14.55,9,1,2021-12-28 09:02:47
1640682167710587000,14.5,1,14.5,200,14.55,9,2,2021-12-28 09:02:47
1640682168816450000,14.55,1,14.5,200,14.55,20,1,2021-12-28 09:02:48
1640682169069101000,14.55,1,14.5,203,14.55,19,1,2021-12-28 09:02:49
1640682169595822000,14.55,1,14.5,203,14.55,19,1,2021-12-28 09:02:49
1640682170165206000,14.55,1,14.5,203,14.55,19,1,2021-12-28 09:02:50
1640682170212322000,14.55,3,14.5,203,14.55,16,1,2021-12-28 09:02:50
1640682170391651000,14.5,1,14.5,232,14.55,21,2,2021-12-28 09:02:50
1640682170486868000,14.5,1,14.5,231,14.55,21,2,2021-12-28 09:02:50
1640682170706656000,14.55,3,14.5,231,14.55,18,1,2021-12-28 09:02:50
1640682171155881000,14.55,1,14.5,233,14.55,17,1,2021-12-28 09:02:51
1640682172460884000,14.55,5,14.5,238,14.55,22,1,2021-12-28 09:02:52
1640682173058837000,14.55,1,14.5,241,14.55,22,1,2021-12-28 09:02:53
1640682173185358000,14.55,1,14.5,241,14.55,21,1,2021-12-28 09:02:53
1640682174090084000,14.55,1,14.5,242,14.55,21,1,2021-12-28 09:02:54
1640682176007875000,14.55,5,14.5,267,14.55,28,1,2021-12-28 09:02:56
1640682176560601000,14.55,10,14.5,274,14.55,19,1,2021-12-28 09:02:56
1640682177005554000,14.55,20,14.5,273,14.6,90,1,2021-12-28 09:02:57
1640682177680894000,14.55,2,14.5,273,14.55,6,1,2021-12-28 09:02:57
1640682177721507000,14.5,7,14.5,266,14.55,6,2,2021-12-28 09:02:57
1640682177826960000,14.5,5,14.5,261,14.55,6,2,2021-12-28 09:02:57
1640682178009428000,14.55,5,14.5,261,14.55,1,1,2021-12-28 09:02:58
1640682178129445000,14.55,1,14.5,261,14.6,78,1,2021-12-28 09:02:58
1640682178129445000,14.6,9,14.5,261,14.6,78,1,2021-12-28 09:02:58
1640682178853076000,14.55,10,14.5,266,14.6,78,1,2021-12-28 09:02:58
1640682178974519000,14.6,3,14.55,2,14.6,75,1,2021-12-28 09:02:58
1640682179780339000,14.55,1,14.55,1,14.6,75,2,2021-12-28 09:02:59
1640682179882862000,14.55,1,14.5,264,14.55,4,2,2021-12-28 09:02:59
1640682180179153000,14.55,4,14.55,1,14.6,75,1,2021-12-28 09:03:00
1640682180610774000,14.55,1,14.5,245,14.6,75,2,2021-12-28 09:03:00
1640682180610774000,14.5,19,14.5,245,14.6,75,2,2021-12-28 09:03:00
1640682180856472000,14.5,23,14.5,222,14.6,75,2,2021-12-28 09:03:00
1640682180883073000,14.5,16,14.5,206,14.6,75,2,2021-12-28 09:03:00
1640682181711612000,14.6,1,14.5,208,14.6,84,1,2021-12-28 09:03:01
1640682182376037000,14.5,2,14.5,206,14.6,85,2,2021-12-28 09:03:02
1640682182386329000,14.5,2,14.5,204,14.6,86,2,2021-12-28 09:03:02
1640682182392984000,14.5,2,14.5,202,14.6,86,2,2021-12-28 09:03:02
1640682182400990000,14.5,2,14.5,200,14.6,86,2,2021-12-28 09:03:02
1640682182428697000,14.5,2,14.5,198,14.6,86,2,2021-12-28 09:03:02
1640682182609709000,14.55,1,14.55,9,14.6,86,2,2021-12-28 09:03:02
1640682182650563000,14.55,3,14.55,6,14.6,86,2,2021-12-28 09:03:02
1640682183647215000,14.6,1,14.55,20,14.6,93,1,2021-12-28 09:03:03
1640682184062990000,14.55,5,14.55,15,14.6,93,2,2021-12-28 09:03:04
1640682184239713000,14.55,10,14.55,5,14.6,93,2,2021-12-28 09:03:04
1640682184513159000,14.55,5,14.55,2,14.6,93,2,2021-12-28 09:03:04
1640682186056362000,14.55,2,14.5,187,14.6,126,2,2021-12-28 09:03:06
1640682186056362000,14.5,8,14.5,187,14.6,126,2,2021-12-28 09:03:06
1640682186948931000,14.5,5,14.5,182,14.55,10,2,2021-12-28 09:03:06
1640682187077376000,14.55,5,14.5,182,14.55,10,1,2021-12-28 09:03:07
1640682187409095000,14.55,1,14.5,182,14.55,11,1,2021-12-28 09:03:07
1640682187440240000,14.55,1,14.5,182,14.55,10,1,2021-12-28 09:03:07
1640682187877924000,14.5,44,14.5,138,14.55,10,2,2021-12-28 09:03:07
1640682189144792000,14.5,2,14.5,147,14.55,16,2,2021-12-28 09:03:09
1640682189558151000,14.5,5,14.5,143,14.55,21,2,2021-12-28 09:03:09
1640682189561791000,14.5,50,14.5,93,14.55,21,2,2021-12-28 09:03:09
1640682189586145000,14.5,93,14.45,132,14.55,21,2,2021-12-28 09:03:09
1640682190440376000,14.5,2,14.45,132,14.55,28,2,2021-12-28 09:03:10
1640682190447743000,14.45,20,14.45,112,14.55,28,2,2021-12-28 09:03:10
1640682190611806000,14.5,1,14.45,112,14.55,23,1,2021-12-28 09:03:10
1640682191448456000,14.45,1,14.45,112,14.5,2,2,2021-12-28 09:03:11
1640682191471912000,14.5,2,14.5,8,14.55,53,1,2021-12-28 09:03:11
1640682191509967000,14.5,8,14.45,112,14.55,53,2,2021-12-28 09:03:11
1640682191581228000,14.45,1,14.45,111,14.55,53,2,2021-12-28 09:03:11
1640682191584926000,14.45,5,14.45,106,14.55,54,2,2021-12-28 09:03:11
1640682191636236000,14.55,5,14.5,1,14.55,49,1,2021-12-28 09:03:11
1640682191665672000,14.5,1,14.45,106,14.55,49,2,2021-12-28 09:03:11
1640682191687143000,14.55,1,14.45,106,14.55,48,1,2021-12-28 09:03:11
1640682191756539000,14.45,4,14.45,102,14.5,10,2,2021-12-28 09:03:11
1640682192950242000,14.45,32,14.45,70,14.5,31,2,2021-12-28 09:03:12
1640682192969359000,14.5,1,14.45,70,14.5,30,1,2021-12-28 09:03:12
1640682192977318000,14.45,57,14.45,13,14.5,30,2,2021-12-28 09:03:12
1640682193012129000,14.45,13,14.4,590,14.5,30,2,2021-12-28 09:03:13
1640682193227946000,14.4,1,14.4,589,14.45,1,2,2021-12-28 09:03:13
1640682193613466000,14.4,1,14.4,588,14.45,1,2,2021-12-28 09:03:13
1640682193660375000,14.45,1,14.4,588,14.5,40,1,2021-12-28 09:03:13
1640682193802273000,14.5,2,14.4,588,14.5,38,1,2021-12-28 09:03:13
1640682197632053000,14.5,10,14.45,60,14.5,47,1,2021-12-28 09:03:17
1640682197966086000,14.5,10,14.45,60,14.5,37,1,2021-12-28 09:03:17
1640682198197968000,14.5,1,14.45,60,14.5,47,1,2021-12-28 09:03:18
1640682199756784000,14.45,1,14.45,61,14.5,49,2,2021-12-28 09:03:19
1640682200603811000,14.5,1,14.45,62,14.5,49,1,2021-12-28 09:03:20
1640682201093279000,14.45,1,14.45,63,14.5,49,2,2021-12-28 09:03:21
1640682201114199000,14.5,1,14.45,64,14.5,48,1,2021-12-28 09:03:21
1640682201525116000,14.5,1,14.45,64,14.5,48,1,2021-12-28 09:03:21
1640682203380613000,14.5,1,14.45,65,14.5,62,1,2021-12-28 09:03:23
1640682204448330000,14.5,1,14.45,68,14.5,62,1,2021-12-28 09:03:24
1640682205315790000,14.45,4,14.45,64,14.5,62,2,2021-12-28 09:03:25
1640682206110013000,14.45,10,14.45,55,14.5,63,2,2021-12-28 09:03:26
1640682206694858000,14.5,20,14.45,55,14.5,43,1,2021-12-28 09:03:26
1640682206929417000,14.45,1,14.45,54,14.5,43,2,2021-12-28 09:03:26
1640682207716593000,14.45,1,14.45,53,14.5,73,2,2021-12-28 09:03:27
1640682208498774000,14.45,10,14.45,43,14.5,73,2,2021-12-28 09:03:28
1640682208500990000,14.5,1,14.45,43,14.5,72,1,2021-12-28 09:03:28
1640682209179788000,14.45,40,14.45,4,14.5,77,2,2021-12-28 09:03:29
1640682209213891000,14.45,4,14.4,594,14.5,77,2,2021-12-28 09:03:29
1640682209920889000,14.4,3,14.4,591,14.5,79,2,2021-12-28 09:03:29
1640682211761265000,14.45,1,14.4,601,14.45,130,1,2021-12-28 09:03:31
1640682212658664000,14.45,2,14.4,601,14.45,129,1,2021-12-28 09:03:32
1640682212934782000,14.45,1,14.4,601,14.45,128,1,2021-12-28 09:03:32
1640682212935937000,14.4,10,14.4,591,14.45,128,2,2021-12-28 09:03:32
1640682213472651000,14.45,20,14.4,591,14.45,138,1,2021-12-28 09:03:33
1640682214174664000,14.45,1,14.4,591,14.45,138,1,2021-12-28 09:03:34
1640682214410465000,14.45,1,14.4,591,14.45,137,1,2021-12-28 09:03:34
1640682214528750000,14.45,2,14.4,591,14.45,135,1,2021-12-28 09:03:34
1640682214596790000,14.45,15,14.4,591,14.45,120,1,2021-12-28 09:03:34
1640682214821367000,14.4,1,14.4,590,14.45,120,2,2021-12-28 09:03:34
1640682214945794000,14.45,10,14.4,590,14.45,110,1,2021-12-28 09:03:34
1640682215651194000,14.45,2,14.4,589,14.45,108,1,2021-12-28 09:03:35
1640682215659091000,14.4,1,14.4,588,14.45,108,2,2021-12-28 09:03:35
1640682215904079000,14.45,1,14.4,598,14.45,107,1,2021-12-28 09:03:35
1640682216027771000,14.4,5,14.4,593,14.45,116,2,2021-12-28 09:03:36
1640682216036937000,14.4,3,14.4,590,14.45,116,2,2021-12-28 09:03:36
1640682216075934000,14.45,5,14.4,590,14.45,111,1,2021-12-28 09:03:36
1640682216152475000,14.4,2,14.4,588,14.45,111,2,2021-12-28 09:03:36
1640682216836419000,14.45,1,14.4,589,14.45,110,1,2021-12-28 09:03:36
1640682217039895000,14.4,14,14.4,575,14.45,115,2,2021-12-28 09:03:37
1640682217515613000,14.4,3,14.4,572,14.45,116,2,2021-12-28 09:03:37
1640682217894190000,14.4,8,14.4,564,14.45,116,2,2021-12-28 09:03:37
1640682219357984000,14.45,1,14.4,566,14.45,117,1,2021-12-28 09:03:39
1640682219376353000,14.45,10,14.4,566,14.45,107,1,2021-12-28 09:03:39
1640682220115000000,14.45,9,14.4,566,14.45,98,1,2021-12-28 09:03:40
1640682220186517000,14.4,2,14.4,564,14.45,100,2,2021-12-28 09:03:40
1640682220759301000,14.4,1,14.4,563,14.45,100,2,2021-12-28 09:03:40
1640682221914117000,14.45,1,14.4,568,14.45,113,1,2021-12-28 09:03:41
1640682222473455000,14.4,1,14.4,569,14.45,114,2,2021-12-28 09:03:42
1640682223941111000,14.4,10,14.4,559,14.45,114,2,2021-12-28 09:03:43
1640682224212624000,14.45,1,14.4,559,14.45,113,1,2021-12-28 09:03:44
1640682224502118000,14.4,30,14.4,529,14.45,113,2,2021-12-28 09:03:44
1640682224604136000,14.45,1,14.4,529,14.45,112,1,2021-12-28 09:03:44
1640682225353897000,14.4,5,14.4,524,14.45,117,2,2021-12-28 09:03:45
1640682225673402000,14.4,4,14.4,520,14.45,117,2,2021-12-28 09:03:45
1640682227767824000,14.4,2,14.4,530,14.45,123,2,2021-12-28 09:03:47
1640682227863809000,14.4,30,14.4,500,14.45,123,2,2021-12-28 09:03:47
1640682228155792000,14.4,30,14.4,470,14.45,123,2,2021-12-28 09:03:48
1640682228930475000,14.4,2,14.4,469,14.45,123,2,2021-12-28 09:03:48
1640682229289038000,14.4,1,14.4,468,14.45,123,2,2021-12-28 09:03:49
1640682229692377000,14.4,1,14.4,467,14.45,123,2,2021-12-28 09:03:49
1640682230346031000,14.4,3,14.4,464,14.45,123,2,2021-12-28 09:03:50
1640682232124677000,14.4,10,14.4,449,14.45,123,2,2021-12-28 09:03:52
1640682232211288000,14.4,5,14.4,444,14.45,123,2,2021-12-28 09:03:52
1640682234596058000,14.4,10,14.4,444,14.45,126,2,2021-12-28 09:03:54
1640682234657349000,14.4,1,14.4,446,14.45,126,2,2021-12-28 09:03:54
1640682234816498000,14.4,5,14.4,441,14.45,126,2,2021-12-28 09:03:54
1640682234820412000,14.4,17,14.4,424,14.45,126,2,2021-12-28 09:03:54
1640682235015306000,14.4,1,14.4,423,14.45,126,2,2021-12-28 09:03:55
1640682235084988000,14.4,1,14.4,422,14.45,126,2,2021-12-28 09:03:55
1640682235192047000,14.4,1,14.4,421,14.45,125,2,2021-12-28 09:03:55
1640682235894925000,14.4,100,14.4,321,14.45,125,2,2021-12-28 09:03:55
1640682236350046000,14.4,50,14.4,271,14.45,125,2,2021-12-28 09:03:56
1640682236376330000,14.4,1,14.4,270,14.45,125,2,2021-12-28 09:03:56
1640682236390508000,14.4,14,14.4,256,14.45,125,2,2021-12-28 09:03:56
1640682236443073000,14.4,3,14.4,253,14.45,125,2,2021-12-28 09:03:56
1640682236671740000,14.4,1,14.4,252,14.45,126,2,2021-12-28 09:03:56
1640682236886190000,14.4,10,14.4,242,14.45,126,2,2021-12-28 09:03:56
1640682236969848000,14.4,1,14.4,241,14.45,126,2,2021-12-28 09:03:56
1640682236984515000,14.45,1,14.4,241,14.45,125,1,2021-12-28 09:03:56
1640682237171457000,14.4,1,14.4,240,14.45,125,2,2021-12-28 09:03:57
1640682237247239000,14.4,13,14.4,227,14.45,125,2,2021-12-28 09:03:57
1640682237263229000,14.4,1,14.4,226,14.45,125,2,2021-12-28 09:03:57
1640682237399432000,14.4,1,14.4,225,14.45,125,2,2021-12-28 09:03:57
1640682237521524000,14.4,4,14.4,221,14.45,125,2,2021-12-28 09:03:57
1640682237622102000,14.4,6,14.4,215,14.45,125,2,2021-12-28 09:03:57
1640682238083724000,14.4,10,14.4,205,14.45,125,2,2021-12-28 09:03:58
1640682238324389000,14.4,2,14.4,203,14.45,125,2,2021-12-28 09:03:58
1640682238355755000,14.4,1,14.4,202,14.45,125,2,2021-12-28 09:03:58
1640682238431724000,14.4,10,14.4,192,14.45,125,2,2021-12-28 09:03:58
1640682238666820000,14.4,20,14.4,172,14.45,125,2,2021-12-28 09:03:58
1640682238689470000,14.4,5,14.4,167,14.45,125,2,2021-12-28 09:03:58
1640682238811250000,14.4,20,14.4,147,14.45,125,2,2021-12-28 09:03:58
1640682239002543000,14.4,10,14.4,138,14.45,125,2,2021-12-28 09:03:59
1640682239086859000,14.4,10,14.4,128,14.45,125,2,2021-12-28 09:03:59
1640682239114628000,14.4,20,14.4,108,14.45,125,2,2021-12-28 09:03:59
1640682239172597000,14.4,1,14.4,107,14.45,125,2,2021-12-28 09:03:59
1640682239269024000,14.4,1,14.4,106,14.45,125,2,2021-12-28 09:03:59
1640682239362306000,14.4,10,14.4,96,14.45,125,2,2021-12-28 09:03:59
1640682239376284000,14.4,20,14.4,76,14.45,125,2,2021-12-28 09:03:59
1640682239393773000,14.4,1,14.4,75,14.45,125,2,2021-12-28 09:03:59
1640682239413224000,14.4,75,14.35,93,14.45,125,2,2021-12-28 09:03:59
1640682239569101000,14.4,1,14.35,93,14.4,9,2,2021-12-28 09:03:59
1640682239599421000,14.4,9,14.35,93,14.45,125,1,2021-12-28 09:03:59
1640682240058943000,14.4,1,14.35,93,14.4,19,1,2021-12-28 09:04:00
1640682240802846000,14.4,10,14.35,95,14.4,54,1,2021-12-28 09:04:00
1640682242523628000,14.35,1,14.35,211,14.4,78,2,2021-12-28 09:04:02
1640682242524946000,14.35,17,14.35,194,14.4,78,2,2021-12-28 09:04:02
1640682242538942000,14.4,1,14.35,194,14.4,77,1,2021-12-28 09:04:02
1640682243321896000,14.35,1,14.35,193,14.4,77,2,2021-12-28 09:04:03
1640682243336252000,14.35,1,14.35,192,14.4,77,2,2021-12-28 09:04:03
1640682244301219000,14.35,2,14.35,190,14.4,81,2,2021-12-28 09:04:04
1640682245540466000,14.4,30,14.35,190,14.4,78,1,2021-12-28 09:04:05
1640682245560598000,14.4,2,14.35,190,14.4,76,1,2021-12-28 09:04:05
1640682246036730000,14.35,2,14.35,188,14.4,83,2,2021-12-28 09:04:06
1640682246265499000,14.4,1,14.35,188,14.4,112,1,2021-12-28 09:04:06
1640682246368174000,14.35,1,14.35,187,14.4,112,2,2021-12-28 09:04:06
1640682246902215000,14.4,1,14.35,187,14.4,111,1,2021-12-28 09:04:06
1640682247944386000,14.35,10,14.35,177,14.4,111,2,2021-12-28 09:04:07
1640682248514246000,14.4,1,14.35,177,14.4,110,1,2021-12-28 09:04:08
1640682248591525000,14.4,1,14.35,177,14.4,110,1,2021-12-28 09:04:08
1640682249405765000,14.35,1,14.35,178,14.4,120,2,2021-12-28 09:04:09
1640682249719023000,14.35,5,14.35,173,14.4,120,2,2021-12-28 09:04:09
1640682249901733000,14.35,16,14.35,160,14.4,121,2,2021-12-28 09:04:09
1640682249955614000,14.35,1,14.35,159,14.4,121,2,2021-12-28 09:04:09
1640682251466890000,14.35,2,14.35,158,14.4,222,2,2021-12-28 09:04:11
1640682251693286000,14.35,1,14.35,157,14.4,222,2,2021-12-28 09:04:11
1640682251786731000,14.35,1,14.35,156,14.4,227,2,2021-12-28 09:04:11
1640682252417937000,14.35,2,14.35,160,14.4,227,2,2021-12-28 09:04:12
1640682252510065000,14.35,8,14.35,152,14.4,207,2,2021-12-28 09:04:12
1640682252691289000,14.4,20,14.35,152,14.4,187,1,2021-12-28 09:04:12
1640682253046339000,14.35,20,14.35,132,14.4,187,2,2021-12-28 09:04:13
1640682253297755000,14.35,20,14.35,117,14.4,187,2,2021-12-28 09:04:13
1640682253467619000,14.35,2,14.35,115,14.4,187,2,2021-12-28 09:04:13
1640682253750591000,14.35,1,14.35,114,14.4,187,2,2021-12-28 09:04:13
1640682253875985000,14.35,5,14.35,109,14.4,187,2,2021-12-28 09:04:13
1640682254349713000,14.35,1,14.35,109,14.4,187,2,2021-12-28 09:04:14
1640682255490094000,14.35,2,14.35,118,14.4,189,2,2021-12-28 09:04:15
1640682255850385000,14.35,1,14.35,118,14.4,189,2,2021-12-28 09:04:15
1640682256323753000,14.35,2,14.35,122,14.4,189,2,2021-12-28 09:04:16
1640682257055782000,14.35,30,14.35,92,14.4,189,2,2021-12-28 09:04:17
1640682257067070000,14.35,2,14.35,90,14.4,189,2,2021-12-28 09:04:17
1640682257641344000,14.35,1,14.35,89,14.4,188,2,2021-12-28 09:04:17
1640682257766693000,14.35,1,14.35,88,14.4,188,2,2021-12-28 09:04:17
1640682258067841000,14.35,1,14.35,87,14.4,188,2,2021-12-28 09:04:18
1640682258689356000,14.35,1,14.35,86,14.4,193,2,2021-12-28 09:04:18
1640682259045812000,14.35,2,14.35,84,14.4,193,2,2021-12-28 09:04:19
1640682259157665000,14.35,1,14.35,83,14.4,194,2,2021-12-28 09:04:19
1640682259435796000,14.35,2,14.35,92,14.4,200,2,2021-12-28 09:04:19
1640682259440378000,14.35,2,14.35,90,14.4,200,2,2021-12-28 09:04:19
1640682259539007000,14.4,5,14.35,90,14.4,195,1,2021-12-28 09:04:19
1640682259566498000,14.35,5,14.35,85,14.4,195,2,2021-12-28 09:04:19
1640682260066107000,14.4,3,14.35,85,14.4,192,1,2021-12-28 09:04:20
1640682260315525000,14.35,1,14.35,84,14.4,192,2,2021-12-28 09:04:20
1640682260470147000,14.35,1,14.35,83,14.4,192,2,2021-12-28 09:04:20
1640682260548790000,14.35,3,14.35,80,14.4,192,2,2021-12-28 09:04:20
1640682260736309000,14.35,1,14.35,79,14.4,192,2,2021-12-28 09:04:20
1640682260738727000,14.35,50,14.35,29,14.4,192,2,2021-12-28 09:04:20
1640682261285440000,14.35,1,14.35,38,14.4,191,2,2021-12-28 09:04:21
1640682262539777000,14.35,10,14.35,29,14.4,192,2,2021-12-28 09:04:22
1640682262662743000,14.35,5,14.35,24,14.4,192,2,2021-12-28 09:04:22
1640682262987110000,14.35,1,14.35,23,14.4,192,2,2021-12-28 09:04:22
1640682263075495000,14.35,1,14.35,22,14.4,192,2,2021-12-28 09:04:23
1640682263117488000,14.35,1,14.35,21,14.4,192,2,2021-12-28 09:04:23
1640682263383832000,14.35,2,14.35,19,14.4,192,2,2021-12-28 09:04:23
1640682264067088000,14.35,5,14.35,24,14.4,193,2,2021-12-28 09:04:24
1640682264335269000,14.35,1,14.35,23,14.4,193,2,2021-12-28 09:04:24
1640682264890847000,14.35,1,14.35,25,14.4,193,2,2021-12-28 09:04:24
1640682265162178000,14.35,1,14.35,25,14.4,193,2,2021-12-28 09:04:25
1640682265527359000,14.35,1,14.35,24,14.4,193,2,2021-12-28 09:04:25
1640682266334005000,14.35,4,14.35,26,14.4,196,2,2021-12-28 09:04:26
1640682266347303000,14.35,3,14.35,23,14.4,196,2,2021-12-28 09:04:26
1640682266461986000,14.35,1,14.35,22,14.4,196,2,2021-12-28 09:04:26
1640682266484865000,14.35,1,14.35,30,14.4,196,2,2021-12-28 09:04:26
1640682267249811000,14.35,2,14.35,29,14.4,195,2,2021-12-28 09:04:27
1640682267822796000,14.35,2,14.35,38,14.4,195,2,2021-12-28 09:04:27
1640682268093067000,14.35,5,14.35,46,14.4,190,2,2021-12-28 09:04:28
1640682268134448000,14.35,1,14.35,45,14.4,190,2,2021-12-28 09:04:28
1640682268319949000,14.35,10,14.35,36,14.4,190,2,2021-12-28 09:04:28
1640682269390012000,14.4,2,14.35,36,14.4,188,1,2021-12-28 09:04:29
1640682269740692000,14.35,5,14.35,31,14.4,188,2,2021-12-28 09:04:29
1640682270923730000,14.35,10,14.35,21,14.4,253,2,2021-12-28 09:04:30
1640682271203363000,14.35,1,14.35,20,14.4,266,2,2021-12-28 09:04:31
1640682271324457000,14.35,2,14.35,23,14.4,279,2,2021-12-28 09:04:31
1640682271534120000,14.35,4,14.35,19,14.4,292,2,2021-12-28 09:04:31
1640682271777379000,14.4,1,14.35,21,14.4,317,1,2021-12-28 09:04:31
1640682271999266000,14.35,1,14.35,21,14.4,330,2,2021-12-28 09:04:31
1640682272088251000,14.35,10,14.35,11,14.4,343,2,2021-12-28 09:04:32
1640682272144254000,14.35,10,14.35,1,14.4,343,2,2021-12-28 09:04:32
1640682272178781000,14.35,1,14.3,188,14.4,343,2,2021-12-28 09:04:32
1640682272907226000,14.35,10,14.35,16,14.4,342,2,2021-12-28 09:04:32
1640682273151932000,14.35,5,14.35,13,14.4,342,2,2021-12-28 09:04:33
1640682273994437000,14.35,1,14.35,26,14.4,342,2,2021-12-28 09:04:33
1640682275956357000,14.35,5,14.35,44,14.4,386,2,2021-12-28 09:04:35
1640682275970819000,14.35,44,14.3,188,14.35,6,2,2021-12-28 09:04:35
1640682275992227000,14.35,2,14.3,188,14.35,24,1,2021-12-28 09:04:35
1640682276769988000,14.35,2,14.3,188,14.35,26,1,2021-12-28 09:04:36
1640682276894768000,14.35,5,14.3,188,14.35,21,1,2021-12-28 09:04:36
1640682277601756000,14.3,2,14.3,186,14.35,21,2,2021-12-28 09:04:37
1640682279518737000,14.3,10,14.3,186,14.35,134,2,2021-12-28 09:04:39
1640682279783090000,14.35,1,14.3,199,14.35,136,1,2021-12-28 09:04:39
1640682280775322000,14.3,1,14.3,211,14.35,148,2,2021-12-28 09:04:40
1640682281327110000,14.35,3,14.3,214,14.35,155,1,2021-12-28 09:04:41
1640682281952361000,14.35,10,14.3,214,14.35,148,1,2021-12-28 09:04:41
1640682282089986000,14.35,1,14.3,214,14.35,147,1,2021-12-28 09:04:42
1640682283397195000,14.3,3,14.3,238,14.35,144,2,2021-12-28 09:04:43
1640682284463258000,14.3,1,14.3,237,14.35,144,2,2021-12-28 09:04:44
1640682284766063000,14.3,1,14.3,236,14.35,144,2,2021-12-28 09:04:44
1640682285000888000,14.35,1,14.3,236,14.35,153,1,2021-12-28 09:04:45
1640682286140304000,14.3,3,14.3,239,14.35,205,2,2021-12-28 09:04:46
1640682287809487000,14.3,10,14.3,236,14.35,243,2,2021-12-28 09:04:47
1640682287850334000,14.3,100,14.3,136,14.35,143,2,2021-12-28 09:04:47
1640682288230269000,14.3,28,14.3,108,14.35,182,2,2021-12-28 09:04:48
1640682288261538000,14.3,11,14.3,97,14.35,182,2,2021-12-28 09:04:48
1640682288929326000,14.3,5,14.3,92,14.35,231,2,2021-12-28 09:04:48
1640682288959568000,14.3,20,14.3,72,14.35,231,2,2021-12-28 09:04:48
1640682289832773000,14.3,5,14.3,67,14.35,263,2,2021-12-28 09:04:49
1640682289853216000,14.3,9,14.3,58,14.35,263,2,2021-12-28 09:04:49
1640682290608319000,14.3,4,14.3,60,14.35,290,2,2021-12-28 09:04:50
1640682290609986000,14.35,2,14.3,60,14.35,288,1,2021-12-28 09:04:50
1640682290611475000,14.3,20,14.3,40,14.35,288,2,2021-12-28 09:04:50
1640682290913929000,14.3,10,14.3,30,14.35,278,2,2021-12-28 09:04:50
1640682291013493000,14.3,2,14.3,28,14.35,278,2,2021-12-28 09:04:51
1640682291106761000,14.3,1,14.3,27,14.35,278,2,2021-12-28 09:04:51
1640682291113327000,14.3,1,14.3,26,14.35,278,2,2021-12-28 09:04:51
1640682291312132000,14.3,5,14.3,21,14.35,278,2,2021-12-28 09:04:51
1640682291786619000,14.3,6,14.3,15,14.35,291,2,2021-12-28 09:04:51
1640682291892387000,14.35,1,14.3,15,14.35,303,1,2021-12-28 09:04:51
1640682292619700000,14.3,5,14.3,12,14.35,303,2,2021-12-28 09:04:52
1640682292662082000,14.3,1,14.3,11,14.35,303,2,2021-12-28 09:04:52
1640682292816617000,14.3,10,14.3,1,14.35,303,2,2021-12-28 09:04:52
1640682293147882000,14.3,3,14.25,154,14.3,7,2,2021-12-28 09:04:53
1640682293965321000,14.3,10,14.25,154,14.3,13,1,2021-12-28 09:04:53
1640682294360885000,14.25,1,14.25,153,14.3,19,2,2021-12-28 09:04:54
1640682294479168000,14.25,138,14.25,15,14.3,19,2,2021-12-28 09:04:54
1640682294545093000,14.3,1,14.25,15,14.3,18,1,2021-12-28 09:04:54
1640682295462370000,14.25,5,14.25,10,14.3,22,2,2021-12-28 09:04:55
1640682297326057000,14.25,1,14.25,22,14.3,58,2,2021-12-28 09:04:57
1640682298817623000,14.25,27,14.25,10,14.3,59,2,2021-12-28 09:04:58
1640682298964597000,14.25,2,14.25,10,14.3,61,2,2021-12-28 09:04:58
1640682300102792000,14.25,11,14.2,176,14.3,83,2,2021-12-28 09:05:00
1640682300102792000,14.2,9,14.2,176,14.3,83,2,2021-12-28 09:05:00
1640682300149090000,14.2,2,14.2,174,14.3,92,2,2021-12-28 09:05:00
1640682300149126000,14.3,1,14.2,174,14.3,92,1,2021-12-28 09:05:00
1640682300150772000,14.3,1,14.2,174,14.3,91,1,2021-12-28 09:05:00
1640682300152674000,14.3,1,14.2,174,14.3,90,1,2021-12-28 09:05:00
1640682300634879000,14.2,14,14.2,160,14.25,1,2,2021-12-28 09:05:00
1640682300721874000,14.2,1,14.2,159,14.25,1,2,2021-12-28 09:05:00
1640682300763620000,14.25,1,14.2,159,14.3,97,1,2021-12-28 09:05:00
1640682301614162000,14.25,5,14.2,159,14.25,14,1,2021-12-28 09:05:01
1640682302231199000,14.2,44,14.2,110,14.25,14,2,2021-12-28 09:05:02
1640682302482676000,14.25,1,14.2,120,14.25,46,1,2021-12-28 09:05:02
1640682303025810000,14.2,5,14.2,115,14.25,53,2,2021-12-28 09:05:03
1640682303781282000,14.2,10,14.2,105,14.25,53,2,2021-12-28 09:05:03
1640682303905904000,14.25,2,14.2,105,14.25,51,1,2021-12-28 09:05:03
1640682304197172000,14.2,84,14.2,21,14.25,51,2,2021-12-28 09:05:04
1640682304264452000,14.2,5,14.2,16,14.25,46,2,2021-12-28 09:05:04
1640682304657808000,14.25,5,14.2,16,14.25,41,1,2021-12-28 09:05:04
1640682305025065000,14.2,5,14.2,14,14.25,41,2,2021-12-28 09:05:05
1640682305185649000,14.2,10,14.2,4,14.25,46,2,2021-12-28 09:05:05
1640682305298315000,14.2,2,14.2,2,14.25,46,2,2021-12-28 09:05:05
1640682305955756000,14.2,10,14.2,42,14.25,52,2,2021-12-28 09:05:05
1640682306035190000,14.2,1,14.2,41,14.25,47,2,2021-12-28 09:05:06
1640682307045223000,14.2,5,14.2,41,14.25,50,2,2021-12-28 09:05:07
1640682307526546000,14.2,2,14.2,39,14.25,50,2,2021-12-28 09:05:07
1640682308162189000,14.2,2,14.2,37,14.25,67,2,2021-12-28 09:05:08
1640682308234219000,14.25,1,14.2,37,14.25,66,1,2021-12-28 09:05:08
1640682308400683000,14.2,15,14.2,34,14.25,66,2,2021-12-28 09:05:08
1640682308988573000,14.2,2,14.2,37,14.25,69,2,2021-12-28 09:05:08
1640682309065296000,14.2,3,14.2,34,14.25,69,2,2021-12-28 09:05:09
1640682309493139000,14.2,5,14.2,29,14.25,69,2,2021-12-28 09:05:09
1640682309594943000,14.2,1,14.2,28,14.25,69,2,2021-12-28 09:05:09
1640682309786555000,14.2,1,14.2,27,14.25,69,2,2021-12-28 09:05:09
1640682310514091000,14.25,69,14.2,28,14.3,103,1,2021-12-28 09:05:10
1640682310659363000,14.2,11,14.2,17,14.3,103,2,2021-12-28 09:05:10
1640682310907434000,14.25,1,14.2,8,14.3,103,2,2021-12-28 09:05:10
1640682310907434000,14.2,9,14.2,8,14.3,103,2,2021-12-28 09:05:10
1640682311484177000,14.2,1,14.2,7,14.25,2,2,2021-12-28 09:05:11
1640682311503461000,14.2,7,14.15,95,14.2,8,2,2021-12-28 09:05:11
1640682311533254000,14.2,8,14.15,95,14.25,2,1,2021-12-28 09:05:11
1640682312018721000,14.2,1,14.15,95,14.25,11,2,2021-12-28 09:05:12
1640682313204121000,14.15,1,14.15,104,14.2,30,2,2021-12-28 09:05:13
1640682313248988000,14.15,10,14.15,94,14.2,30,2,2021-12-28 09:05:13
1640682313276942000,14.2,30,14.15,94,14.25,12,1,2021-12-28 09:05:13
1640682313573600000,14.2,1,14.15,99,14.2,3,1,2021-12-28 09:05:13
1640682313610848000,14.2,3,14.15,99,14.25,12,1,2021-12-28 09:05:13
1640682314180903000,14.2,1,14.2,9,14.25,18,1,2021-12-28 09:05:14
1640682314210739000,14.25,10,14.2,9,14.25,8,1,2021-12-28 09:05:14
1640682314604880000,14.25,1,14.2,36,14.25,37,1,2021-12-28 09:05:14
1640682314609591000,14.2,2,14.2,34,14.25,37,2,2021-12-28 09:05:14
1640682316009573000,14.25,8,14.25,2,14.3,79,1,2021-12-28 09:05:16
1640682316593163000,14.25,2,14.2,60,14.3,79,2,2021-12-28 09:05:16
1640682316593163000,14.2,2,14.2,60,14.3,79,2,2021-12-28 09:05:16
1640682317929147000,14.25,11,14.2,64,14.3,83,2,2021-12-28 09:05:17
1640682317929147000,14.2,9,14.2,64,14.3,83,2,2021-12-28 09:05:17
1640682317999626000,14.25,1,14.2,61,14.3,83,2,2021-12-28 09:05:17
1640682317999626000,14.2,3,14.2,61,14.3,83,2,2021-12-28 09:05:17
1640682318395788000,14.25,2,14.2,65,14.3,83,2,2021-12-28 09:05:18
1640682318514131000,14.25,1,14.2,65,14.3,83,1,2021-12-28 09:05:18
1640682318766346000,14.2,30,14.2,40,14.3,83,2,2021-12-28 09:05:18
1640682321814669000,14.25,2,14.25,8,14.3,82,2,2021-12-28 09:05:21
1640682322394880000,14.25,1,14.25,17,14.3,87,2,2021-12-28 09:05:22
1640682322748109000,14.25,1,14.25,16,14.3,89,2,2021-12-28 09:05:22
1640682323653493000,14.25,1,14.25,15,14.3,89,2,2021-12-28 09:05:23
1640682325154116000,14.3,28,14.25,27,14.3,61,1,2021-12-28 09:05:25
1640682325426452000,14.25,10,14.25,27,14.3,61,2,2021-12-28 09:05:25
1640682327056977000,14.25,1,14.25,39,14.3,65,2,2021-12-28 09:05:27
1640682327096082000,14.3,65,14.25,39,14.35,55,1,2021-12-28 09:05:27
1640682327601119000,14.25,10,14.25,30,14.35,55,2,2021-12-28 09:05:27
1640682328228641000,14.3,7,14.3,3,14.35,55,2,2021-12-28 09:05:28
1640682328590281000,14.3,1,14.3,2,14.35,56,2,2021-12-28 09:05:28
1640682329537700000,14.3,1,14.3,1,14.35,56,2,2021-12-28 09:05:29
1640682333197602000,14.3,1,14.3,21,14.35,51,2,2021-12-28 09:05:33
1640682333566012000,14.3,6,14.3,16,14.35,45,2,2021-12-28 09:05:33
1640682334046051000,14.3,5,14.3,11,14.35,45,2,2021-12-28 09:05:34
1640682336191678000,14.3,1,14.3,19,14.35,48,2,2021-12-28 09:05:36
1640682337090763000,14.3,1,14.3,19,14.35,53,2,2021-12-28 09:05:37
1640682337156041000,14.3,1,14.3,18,14.35,53,2,2021-12-28 09:05:37
1640682337540852000,14.3,18,14.25,75,14.3,51,2,2021-12-28 09:05:37
1640682338704075000,14.3,3,14.25,75,14.3,48,1,2021-12-28 09:05:38
1640682339227327000,14.3,1,14.25,74,14.3,57,1,2021-12-28 09:05:39
1640682341440317000,14.25,5,14.25,69,14.3,59,2,2021-12-28 09:05:41
1640682343015603000,14.3,1,14.25,54,14.3,60,1,2021-12-28 09:05:43
1640682343189689000,14.3,4,14.25,54,14.3,56,1,2021-12-28 09:05:43
1640682343310059000,14.3,1,14.25,54,14.3,55,1,2021-12-28 09:05:43
1640682343581387000,14.3,20,14.25,54,14.3,35,1,2021-12-28 09:05:43
1640682343685452000,14.3,3,14.25,54,14.3,32,1,2021-12-28 09:05:43
1640682348683427000,14.3,5,14.25,75,14.3,39,1,2021-12-28 09:05:48
1640682351106102000,14.25,3,14.25,82,14.3,139,2,2021-12-28 09:05:51
1640682351440101000,14.3,5,14.25,85,14.3,134,1,2021-12-28 09:05:51
1640682353801515000,14.25,1,14.25,88,14.3,134,2,2021-12-28 09:05:53
1640682354344173000,14.3,1,14.25,98,14.3,153,1,2021-12-28 09:05:54
1640682355225860000,14.3,1,14.25,98,14.3,154,1,2021-12-28 09:05:55
1640682355308177000,14.25,5,14.25,93,14.3,154,2,2021-12-28 09:05:55
1640682356026600000,14.3,20,14.25,93,14.3,135,1,2021-12-28 09:05:56
1640682356671723000,14.3,1,14.25,93,14.3,134,1,2021-12-28 09:05:56
1640682356678763000,14.3,10,14.25,93,14.3,124,1,2021-12-28 09:05:56
1640682356772894000,14.25,2,14.25,91,14.3,124,2,2021-12-28 09:05:56
1640682359667039000,14.25,5,14.25,86,14.3,174,2,2021-12-28 09:05:59
1640682360266166000,14.25,1,14.25,85,14.3,174,2,2021-12-28 09:06:00
1640682360913819000,14.25,1,14.25,84,14.3,174,2,2021-12-28 09:06:00
1640682361409466000,14.3,10,14.25,84,14.3,165,1,2021-12-28 09:06:01
1640682361653629000,14.3,3,14.25,85,14.3,162,1,2021-12-28 09:06:01
1640682362055337000,14.25,1,14.25,84,14.3,162,2,2021-12-28 09:06:02
1640682363003949000,14.25,1,14.25,83,14.3,162,2,2021-12-28 09:06:03
1640682363536484000,14.25,4,14.25,81,14.3,162,2,2021-12-28 09:06:03
1640682364656542000,14.25,50,14.25,31,14.3,162,2,2021-12-28 09:06:04
1640682364868638000,14.25,2,14.25,29,14.3,162,2,2021-12-28 09:06:04
1640682365592787000,14.25,1,14.25,28,14.3,162,2,2021-12-28 09:06:05
1640682366027333000,14.25,3,14.25,25,14.3,162,2,2021-12-28 09:06:06
1640682366221904000,14.25,5,14.25,38,14.3,162,2,2021-12-28 09:06:06
1640682366270096000,14.25,1,14.25,37,14.3,162,2,2021-12-28 09:06:06
1640682367605047000,14.25,5,14.25,32,14.3,162,2,2021-12-28 09:06:07
1640682367974981000,14.25,3,14.25,30,14.3,162,2,2021-12-28 09:06:07
1640682369075620000,14.25,2,14.25,28,14.3,162,2,2021-12-28 09:06:09
1640682369270714000,14.25,1,14.25,29,14.3,162,2,2021-12-28 09:06:09
1640682370332252000,14.25,2,14.25,27,14.3,164,2,2021-12-28 09:06:10
1640682371834952000,14.25,10,14.25,17,14.3,164,2,2021-12-28 09:06:11
1640682373143349000,14.25,1,14.25,17,14.3,164,2,2021-12-28 09:06:13
1640682373266985000,14.25,5,14.25,12,14.3,164,2,2021-12-28 09:06:13
1640682373314020000,14.25,1,14.25,11,14.3,164,2,2021-12-28 09:06:13
1640682374547047000,14.25,1,14.25,11,14.3,165,2,2021-12-28 09:06:14
1640682374704899000,14.25,2,14.25,9,14.3,165,2,2021-12-28 09:06:14
1640682375189963000,14.25,9,14.2,83,14.25,3,2,2021-12-28 09:06:15
1640682377326528000,14.2,1,14.2,82,14.25,10,2,2021-12-28 09:06:17
1640682377423825000,14.2,20,14.2,62,14.25,10,2,2021-12-28 09:06:17
1640682377532794000,14.25,3,14.2,62,14.25,7,1,2021-12-28 09:06:17
1640682378281711000,14.2,1,14.2,61,14.25,7,2,2021-12-28 09:06:18
1640682378683472000,14.2,4,14.2,57,14.25,7,2,2021-12-28 09:06:18
1640682378848390000,14.25,2,14.2,57,14.25,7,1,2021-12-28 09:06:18
1640682379808501000,14.25,2,14.2,56,14.25,5,1,2021-12-28 09:06:19
1640682380267239000,14.25,1,14.2,56,14.25,5,1,2021-12-28 09:06:20
1640682381515005000,14.25,1,14.2,56,14.25,6,1,2021-12-28 09:06:21
1640682382721369000,14.2,1,14.2,55,14.25,6,2,2021-12-28 09:06:22
1640682382808973000,14.2,30,14.2,25,14.25,6,2,2021-12-28 09:06:22
1640682383027684000,14.25,1,14.2,25,14.25,5,1,2021-12-28 09:06:23
1640682383142947000,14.25,5,14.25,15,14.3,165,1,2021-12-28 09:06:23
1640682383324625000,14.25,2,14.25,13,14.3,165,2,2021-12-28 09:06:23
1640682384263476000,14.3,1,14.25,13,14.3,164,1,2021-12-28 09:06:24
1640682384384708000,14.25,5,14.25,8,14.3,164,2,2021-12-28 09:06:24
1640682385077150000,14.25,10,14.25,3,14.3,164,2,2021-12-28 09:06:25
1640682385515257000,14.25,1,14.25,2,14.3,164,2,2021-12-28 09:06:25
1640682385542471000,14.25,1,14.25,1,14.3,164,2,2021-12-28 09:06:25
1640682386346784000,14.25,1,14.25,100,14.3,164,2,2021-12-28 09:06:26
1640682386950384000,14.25,2,14.25,100,14.3,164,2,2021-12-28 09:06:26
1640682387177585000,14.25,2,14.25,98,14.3,164,2,2021-12-28 09:06:27
1640682391851822000,14.25,3,14.25,106,14.3,164,2,2021-12-28 09:06:31
1640682391992833000,14.25,1,14.25,105,14.3,164,2,2021-12-28 09:06:31
1640682393774572000,14.25,5,14.25,100,14.3,164,2,2021-12-28 09:06:33
1640682393845484000,14.25,10,14.25,90,14.3,164,2,2021-12-28 09:06:33
1640682396370390000,14.25,5,14.25,87,14.3,177,2,2021-12-28 09:06:36
1640682396815992000,14.25,1,14.25,86,14.3,177,2,2021-12-28 09:06:36
1640682397788790000,14.25,1,14.25,85,14.3,177,2,2021-12-28 09:06:37
1640682397926445000,14.25,1,14.25,84,14.3,177,2,2021-12-28 09:06:37
1640682398280451000,14.3,1,14.25,84,14.3,176,1,2021-12-28 09:06:38
1640682398766964000,14.25,3,14.25,81,14.3,176,2,2021-12-28 09:06:38
1640682399011373000,14.25,1,14.25,80,14.3,176,2,2021-12-28 09:06:39
1640682402004102000,14.25,1,14.25,80,14.3,176,2,2021-12-28 09:06:42
1640682403521853000,14.25,1,14.25,88,14.3,176,2,2021-12-28 09:06:43
1640682406754434000,14.3,1,14.25,91,14.3,176,1,2021-12-28 09:06:46
1640682407559129000,14.25,3,14.25,88,14.3,176,2,2021-12-28 09:06:47
1640682408742951000,14.25,2,14.25,86,14.3,176,2,2021-12-28 09:06:48
1640682409307193000,14.25,7,14.25,80,14.3,176,2,2021-12-28 09:06:49
1640682412738786000,14.25,1,14.25,80,14.3,177,2,2021-12-28 09:06:52
1640682413245667000,14.25,1,14.25,79,14.3,188,2,2021-12-28 09:06:53
1640682414621671000,14.25,1,14.25,78,14.3,188,2,2021-12-28 09:06:54
1640682414858750000,14.25,1,14.25,77,14.3,204,2,2021-12-28 09:06:54
1640682415166196000,14.25,1,14.25,76,14.3,204,2,2021-12-28 09:06:55
1640682415578575000,14.25,2,14.25,74,14.3,204,2,2021-12-28 09:06:55
1640682416968067000,14.25,1,14.25,74,14.3,204,2,2021-12-28 09:06:56
1640682417212395000,14.25,15,14.25,59,14.3,204,2,2021-12-28 09:06:57
1640682417302543000,14.25,29,14.25,30,14.3,188,2,2021-12-28 09:06:57
1640682418047144000,14.3,1,14.25,29,14.3,187,1,2021-12-28 09:06:58
1640682418459428000,14.25,2,14.25,27,14.3,187,2,2021-12-28 09:06:58
1640682420884989000,14.25,2,14.25,25,14.3,197,2,2021-12-28 09:07:00
1640682420943010000,14.25,7,14.25,18,14.3,197,2,2021-12-28 09:07:00
1640682420946221000,14.25,14,14.25,4,14.3,197,2,2021-12-28 09:07:00
1640682420960963000,14.25,4,14.2,80,14.3,197,2,2021-12-28 09:07:00
1640682422806757000,14.2,57,14.2,23,14.25,47,2,2021-12-28 09:07:02
1640682422872657000,14.2,3,14.2,20,14.25,47,2,2021-12-28 09:07:02
1640682422922059000,14.2,20,14.15,89,14.25,47,2,2021-12-28 09:07:02
1640682424309679000,14.25,10,14.15,89,14.25,60,1,2021-12-28 09:07:04
1640682425660852000,14.2,1,14.15,101,14.2,16,1,2021-12-28 09:07:05
1640682426314549000,14.15,1,14.15,100,14.2,16,2,2021-12-28 09:07:06
1640682426797393000,14.15,2,14.15,98,14.2,16,2,2021-12-28 09:07:06
1640682429199682000,14.2,5,14.15,98,14.2,22,1,2021-12-28 09:07:09
1640682429243172000,14.2,15,14.15,98,14.2,7,1,2021-12-28 09:07:09
1640682429278004000,14.2,1,14.15,98,14.2,6,1,2021-12-28 09:07:09
1640682429543813000,14.2,6,14.2,4,14.25,105,1,2021-12-28 09:07:09
1640682431586542000,14.2,3,14.2,3,14.25,110,2,2021-12-28 09:07:11
1640682432818152000,14.2,4,14.15,102,14.2,6,2,2021-12-28 09:07:12
1640682433096390000,14.2,5,14.15,102,14.2,11,1,2021-12-28 09:07:13
1640682434076299000,14.2,11,14.2,19,14.25,103,1,2021-12-28 09:07:14
1640682434801159000,14.25,2,14.2,19,14.25,101,1,2021-12-28 09:07:14
1640682435040900000,14.2,1,14.2,18,14.25,101,2,2021-12-28 09:07:15
1640682435266389000,14.2,1,14.2,17,14.25,101,2,2021-12-28 09:07:15
1640682435302431000,14.2,3,14.2,14,14.25,101,2,2021-12-28 09:07:15
1640682436554083000,14.2,1,14.2,21,14.25,103,2,2021-12-28 09:07:16
1640682437639246000,14.25,1,14.2,21,14.25,102,1,2021-12-28 09:07:17
1640682438600134000,14.2,1,14.2,26,14.25,103,2,2021-12-28 09:07:18
1640682438907045000,14.2,1,14.2,25,14.25,103,2,2021-12-28 09:07:18
1640682441053297000,14.2,10,14.2,16,14.25,103,2,2021-12-28 09:07:21
1640682441265302000,14.2,2,14.2,14,14.25,103,2,2021-12-28 09:07:21
1640682441942349000,14.2,1,14.2,13,14.25,53,2,2021-12-28 09:07:21
1640682442691948000,14.25,1,14.2,13,14.25,53,1,2021-12-28 09:07:22
1640682443208448000,14.2,10,14.2,3,14.25,53,2,2021-12-28 09:07:23
1640682444540285000,14.2,2,14.2,2,14.25,58,2,2021-12-28 09:07:24
1640682444720558000,14.2,1,14.2,1,14.25,58,2,2021-12-28 09:07:24
1640682444722466000,14.2,1,14.15,105,14.2,1,2,2021-12-28 09:07:24
1640682447293459000,14.2,12,14.2,8,14.25,58,1,2021-12-28 09:07:27
1640682447867142000,14.2,8,14.15,99,14.2,12,2,2021-12-28 09:07:27
1640682448347240000,14.2,5,14.15,99,14.2,8,1,2021-12-28 09:07:28
1640682449537949000,14.15,1,14.15,98,14.2,20,2,2021-12-28 09:07:29
1640682449651262000,14.2,3,14.15,98,14.2,17,1,2021-12-28 09:07:29
1640682450230996000,14.15,5,14.15,93,14.2,35,2,2021-12-28 09:07:30
1640682452123595000,14.2,5,14.15,95,14.2,60,1,2021-12-28 09:07:32
1640682452309211000,14.2,10,14.15,95,14.2,70,1,2021-12-28 09:07:32
1640682452496014000,14.15,1,14.15,94,14.2,70,2,2021-12-28 09:07:32
1640682455678042000,14.15,50,14.15,47,14.2,97,2,2021-12-28 09:07:35
1640682455997053000,14.2,1,14.15,47,14.2,96,1,2021-12-28 09:07:35
1640682457574256000,14.2,10,14.15,48,14.2,87,1,2021-12-28 09:07:37
1640682457765940000,14.15,5,14.15,43,14.2,87,2,2021-12-28 09:07:37
1640682459137223000,14.15,5,14.15,38,14.2,93,2,2021-12-28 09:07:39
1640682460662857000,14.2,1,14.15,41,14.2,95,1,2021-12-28 09:07:40
1640682466762947000,14.15,1,14.15,74,14.2,99,2,2021-12-28 09:07:46
1640682468688093000,14.15,11,14.15,68,14.2,99,2,2021-12-28 09:07:48
1640682470222864000,14.2,2,14.15,78,14.2,108,1,2021-12-28 09:07:50
1640682470610138000,14.15,59,14.15,19,14.2,108,2,2021-12-28 09:07:50
1640682471411394000,14.15,1,14.15,18,14.2,108,2,2021-12-28 09:07:51
1640682471972170000,14.15,10,14.15,8,14.2,108,2,2021-12-28 09:07:51
1640682472987535000,14.15,1,14.15,8,14.2,109,2,2021-12-28 09:07:52
1640682473488849000,14.15,8,14.1,92,14.15,2,2,2021-12-28 09:07:53
1640682473600226000,14.1,15,14.1,76,14.15,5,2,2021-12-28 09:07:53
1640682473643848000,14.15,1,14.1,76,14.15,4,1,2021-12-28 09:07:53
1640682474624174000,14.1,5,14.1,71,14.15,10,2,2021-12-28 09:07:54
1640682475701804000,14.15,1,14.1,71,14.15,9,1,2021-12-28 09:07:55
1640682476220872000,14.15,2,14.1,76,14.15,7,1,2021-12-28 09:07:56
1640682476661830000,14.1,11,14.1,65,14.15,7,2,2021-12-28 09:07:56
1640682476849240000,14.15,2,14.1,65,14.15,5,1,2021-12-28 09:07:56
1640682477779289000,14.15,1,14.1,65,14.15,4,1,2021-12-28 09:07:57
1640682478623872000,14.15,5,14.1,65,14.15,8,1,2021-12-28 09:07:58
1640682478996102000,14.15,3,14.1,65,14.15,10,1,2021-12-28 09:07:58
1640682479888585000,14.1,1,14.1,66,14.15,10,2,2021-12-28 09:07:59
1640682479936913000,14.15,10,14.1,66,14.2,121,1,2021-12-28 09:07:59
1640682482624268000,14.1,11,14.1,55,14.15,3,2,2021-12-28 09:08:02
1640682483128226000,14.15,1,14.1,55,14.15,2,1,2021-12-28 09:08:03
1640682483248730000,14.15,1,14.1,55,14.15,1,1,2021-12-28 09:08:03
1640682484563607000,14.1,10,14.1,45,14.15,23,2,2021-12-28 09:08:04
1640682486880986000,14.15,1,14.1,57,14.15,23,1,2021-12-28 09:08:06
1640682488440762000,14.15,1,14.1,59,14.15,25,1,2021-12-28 09:08:08
1640682488447522000,14.1,9,14.1,50,14.15,16,2,2021-12-28 09:08:08
1640682488847943000,14.1,2,14.1,48,14.15,4,2,2021-12-28 09:08:08
1640682491950022000,14.1,1,14.1,52,14.15,17,2,2021-12-28 09:08:11
1640682492487180000,14.15,2,14.1,55,14.15,17,1,2021-12-28 09:08:12
1640682493487931000,14.15,17,14.15,3,14.2,129,1,2021-12-28 09:08:13
1640682494414747000,14.15,2,14.15,1,14.2,129,2,2021-12-28 09:08:14
1640682494457517000,14.2,3,14.15,1,14.2,126,1,2021-12-28 09:08:14
1640682494479735000,14.15,1,14.1,63,14.2,126,2,2021-12-28 09:08:14
1640682496976900000,14.1,18,14.1,60,14.2,125,2,2021-12-28 09:08:16
1640682498584207000,14.15,2,14.15,3,14.2,125,1,2021-12-28 09:08:18
1640682500788326000,14.15,5,14.1,68,14.2,135,2,2021-12-28 09:08:20
1640682501113882000,14.1,3,14.1,66,14.2,153,2,2021-12-28 09:08:21
1640682502708037000,14.1,1,14.1,65,14.15,23,2,2021-12-28 09:08:22
1640682503943880000,14.15,1,14.1,67,14.15,22,1,2021-12-28 09:08:23
1640682504985275000,14.1,20,14.1,48,14.15,29,2,2021-12-28 09:08:24
1640682506660180000,14.1,1,14.1,48,14.15,49,2,2021-12-28 09:08:26
1640682507554845000,14.1,5,14.1,48,14.15,49,2,2021-12-28 09:08:27
1640682508419589000,14.15,1,14.1,48,14.15,56,1,2021-12-28 09:08:28
1640682508477815000,14.1,10,14.1,38,14.15,56,2,2021-12-28 09:08:28
1640682510670618000,14.1,2,14.1,43,14.15,38,2,2021-12-28 09:08:30
1640682510673826000,14.1,2,14.1,41,14.15,38,2,2021-12-28 09:08:30
1640682510816006000,14.1,10,14.1,31,14.15,38,2,2021-12-28 09:08:30
1640682510935043000,14.1,21,14.1,10,14.15,56,2,2021-12-28 09:08:30
1640682510945986000,14.1,4,14.1,6,14.15,56,2,2021-12-28 09:08:30
1640682512730378000,14.15,1,14.1,10,14.15,44,1,2021-12-28 09:08:32
1640682512825393000,14.1,10,14.05,146,14.15,44,2,2021-12-28 09:08:32
1640682513150238000,14.05,5,14.05,141,14.15,62,2,2021-12-28 09:08:33
1640682513821632000,14.1,1,14.1,1,14.15,63,1,2021-12-28 09:08:33
1640682513878644000,14.1,1,14.05,141,14.15,63,2,2021-12-28 09:08:33
1640682514097828000,14.05,97,14.05,44,14.15,63,2,2021-12-28 09:08:34
1640682514469223000,14.15,1,14.1,1,14.15,62,1,2021-12-28 09:08:34
1640682517290813000,14.1,5,14.1,6,14.15,57,2,2021-12-28 09:08:37
1640682517428905000,14.1,2,14.1,4,14.15,57,2,2021-12-28 09:08:37
1640682518004278000,14.1,1,14.1,3,14.15,57,2,2021-12-28 09:08:38
1640682519651862000,14.1,1,14.1,2,14.15,63,2,2021-12-28 09:08:39
1640682519748418000,14.1,1,14.1,1,14.15,63,2,2021-12-28 09:08:39
1640682520437972000,14.1,2,14.1,1,14.15,64,2,2021-12-28 09:08:40
1640682520649597000,14.1,1,14.05,46,14.1,9,2,2021-12-28 09:08:40
1640682521670635000,14.05,2,14.05,48,14.1,10,2,2021-12-28 09:08:41
1640682522542737000,14.1,1,14.05,48,14.1,9,1,2021-12-28 09:08:42
1640682524463894000,14.05,1,14.05,48,14.1,12,2,2021-12-28 09:08:44
1640682526641124000,14.05,1,14.05,56,14.1,28,2,2021-12-28 09:08:46
1640682526875473000,14.05,1,14.05,56,14.1,28,2,2021-12-28 09:08:46
1640682527664326000,14.05,20,14.05,36,14.1,28,2,2021-12-28 09:08:47
1640682528843231000,14.05,10,14.05,26,14.1,57,2,2021-12-28 09:08:48
1640682528944117000,14.05,1,14.05,25,14.1,60,2,2021-12-28 09:08:48
1640682529625681000,14.05,4,14.05,29,14.1,60,2,2021-12-28 09:08:49
1640682530125553000,14.1,10,14.05,31,14.1,50,1,2021-12-28 09:08:50
1640682531582933000,14.05,1,14.05,35,14.1,33,2,2021-12-28 09:08:51
1640682532007554000,14.05,1,14.05,34,14.1,35,2,2021-12-28 09:08:52
1640682532226140000,14.1,20,14.05,35,14.1,15,1,2021-12-28 09:08:52
1640682534666421000,14.1,2,14.05,36,14.1,30,1,2021-12-28 09:08:54
1640682535098354000,14.1,1,14.05,38,14.1,29,1,2021-12-28 09:08:55
1640682535531766000,14.05,2,14.05,41,14.1,29,2,2021-12-28 09:08:55
1640682535533151000,14.1,29,14.05,41,14.15,47,1,2021-12-28 09:08:55
1640682536856458000,14.1,1,14.05,43,14.15,65,1,2021-12-28 09:08:56
1640682537068302000,14.1,1,14.1,5,14.15,47,2,2021-12-28 09:08:57
1640682537732298000,14.1,5,14.05,43,14.1,3,2,2021-12-28 09:08:57
1640682537770548000,14.1,3,14.05,43,14.15,47,1,2021-12-28 09:08:57
1640682539241102000,14.1,2,14.05,43,14.1,98,2,2021-12-28 09:08:59
1640682539639162000,14.05,1,14.05,42,14.1,98,2,2021-12-28 09:08:59
1640682539873514000,14.05,1,14.05,41,14.1,98,2,2021-12-28 09:08:59
1640682540047780000,14.1,1,14.05,41,14.1,97,1,2021-12-28 09:09:00
1640682540973638000,14.05,3,14.05,43,14.1,107,2,2021-12-28 09:09:00
1640682541429750000,14.1,2,14.05,38,14.1,107,1,2021-12-28 09:09:01
1640682541801449000,14.05,2,14.05,36,14.1,107,2,2021-12-28 09:09:01
1640682542524837000,14.1,30,14.05,36,14.1,77,1,2021-12-28 09:09:02
1640682544255599000,14.05,1,14.05,35,14.1,77,2,2021-12-28 09:09:04
1640682546965044000,14.1,2,14.05,44,14.1,80,1,2021-12-28 09:09:06
1640682547220613000,14.1,12,14.05,44,14.1,69,1,2021-12-28 09:09:07
1640682547259499000,14.1,21,14.05,44,14.1,48,1,2021-12-28 09:09:07
1640682547293824000,14.1,48,14.05,44,14.15,46,1,2021-12-28 09:09:07
1640682547523594000,14.1,1,14.05,45,14.15,46,1,2021-12-28 09:09:07
1640682550127545000,14.05,1,14.05,51,14.1,16,2,2021-12-28 09:09:10
1640682550956571000,14.1,16,14.05,61,14.15,46,1,2021-12-28 09:09:10
1640682551169662000,14.1,1,14.05,61,14.1,8,2,2021-12-28 09:09:11
1640682552538008000,14.1,1,14.05,62,14.1,19,1,2021-12-28 09:09:12
1640682552639559000,14.05,1,14.05,61,14.1,19,2,2021-12-28 09:09:12
1640682552873854000,14.05,1,14.05,60,14.1,19,2,2021-12-28 09:09:12
1640682553235485000,14.1,1,14.05,59,14.1,18,1,2021-12-28 09:09:13
1640682554068287000,14.1,1,14.05,65,14.1,20,1,2021-12-28 09:09:14
1640682554636960000,14.1,20,14.05,73,14.15,39,1,2021-12-28 09:09:14
1640682555827496000,14.1,1,14.1,19,14.15,39,2,2021-12-28 09:09:15
1640682556921121000,14.1,10,14.1,14,14.15,39,2,2021-12-28 09:09:16
1640682557397478000,14.15,39,14.1,115,14.2,81,1,2021-12-28 09:09:17
1640682557475515000,14.1,1,14.1,114,14.2,81,2,2021-12-28 09:09:17
1640682558185088000,14.2,12,14.1,114,14.2,69,1,2021-12-28 09:09:18
1640682559689208000,14.1,3,14.1,111,14.2,78,2,2021-12-28 09:09:19
1640682562134937000,14.15,2,14.15,13,14.2,82,2,2021-12-28 09:09:22
1640682562723073000,14.15,13,14.1,112,14.2,82,2,2021-12-28 09:09:22
1640682562732583000,14.1,5,14.1,108,14.2,82,2,2021-12-28 09:09:22
1640682565414322000,14.2,1,14.15,5,14.2,81,1,2021-12-28 09:09:25
1640682565722476000,14.15,1,14.15,4,14.2,81,2,2021-12-28 09:09:25
1640682565958143000,14.15,1,14.15,3,14.2,111,2,2021-12-28 09:09:25
1640682566180863000,14.15,1,14.15,2,14.2,111,2,2021-12-28 09:09:26
1640682567934038000,14.15,22,14.1,117,14.15,28,2,2021-12-28 09:09:27
1640682569583985000,14.15,1,14.1,128,14.15,28,1,2021-12-28 09:09:29
1640682569800782000,14.15,1,14.1,128,14.15,27,1,2021-12-28 09:09:29
1640682570155875000,14.1,3,14.1,125,14.15,40,2,2021-12-28 09:09:30
1640682570279109000,14.1,1,14.1,124,14.15,40,2,2021-12-28 09:09:30
1640682571375535000,14.15,2,14.1,126,14.15,39,1,2021-12-28 09:09:31
1640682571503638000,14.15,2,14.1,126,14.15,37,1,2021-12-28 09:09:31
1640682572686420000,14.15,1,14.1,137,14.15,38,1,2021-12-28 09:09:32
1640682572707812000,14.15,2,14.1,137,14.15,36,1,2021-12-28 09:09:32
1640682573245664000,14.15,1,14.1,137,14.15,35,1,2021-12-28 09:09:33
1640682573882879000,14.15,5,14.1,137,14.15,31,1,2021-12-28 09:09:33
1640682575564682000,14.1,10,14.1,127,14.15,31,2,2021-12-28 09:09:35
1640682575883449000,14.15,1,14.1,127,14.15,30,1,2021-12-28 09:09:35
1640682576126194000,14.15,2,14.1,125,14.15,28,1,2021-12-28 09:09:36
1640682578448010000,14.15,10,14.1,128,14.15,26,1,2021-12-28 09:09:38
1640682578776616000,14.1,1,14.1,127,14.15,31,2,2021-12-28 09:09:38
1640682579011648000,14.1,1,14.1,136,14.15,31,2,2021-12-28 09:09:39
1640682579305264000,14.15,1,14.1,136,14.15,30,1,2021-12-28 09:09:39
1640682580456636000,14.15,3,14.1,147,14.15,35,1,2021-12-28 09:09:40
1640682581854641000,14.15,2,14.1,149,14.15,36,1,2021-12-28 09:09:41
1640682582003779000,14.15,1,14.1,149,14.15,35,1,2021-12-28 09:09:42
1640682582080321000,14.15,1,14.1,149,14.15,34,1,2021-12-28 09:09:42
1640682583513793000,14.15,1,14.1,155,14.15,33,1,2021-12-28 09:09:43
1640682584041288000,14.15,1,14.1,155,14.15,32,1,2021-12-28 09:09:44
1640682584966118000,14.15,1,14.1,155,14.15,36,1,2021-12-28 09:09:44
1640682585982169000,14.1,3,14.1,152,14.15,36,2,2021-12-28 09:09:45
1640682590713304000,14.15,10,14.1,156,14.15,25,1,2021-12-28 09:09:50
1640682590833882000,14.15,2,14.1,156,14.15,23,1,2021-12-28 09:09:50
1640682591806229000,14.1,1,14.1,155,14.15,23,2,2021-12-28 09:09:51
1640682592040998000,14.1,1,14.1,154,14.15,29,2,2021-12-28 09:09:52
1640682592681566000,14.15,2,14.1,154,14.15,27,1,2021-12-28 09:09:52
1640682593251085000,14.15,5,14.1,154,14.15,22,1,2021-12-28 09:09:53
1640682593424774000,14.15,2,14.1,154,14.15,20,1,2021-12-28 09:09:53
1640682594820841000,14.15,1,14.1,156,14.15,19,1,2021-12-28 09:09:54
1640682597073311000,14.15,5,14.1,157,14.15,14,1,2021-12-28 09:09:57
1640682597090164000,14.15,4,14.1,157,14.15,10,1,2021-12-28 09:09:57
1640682597105278000,14.15,9,14.1,157,14.15,1,1,2021-12-28 09:09:57
1640682598424782000,14.15,1,14.1,161,14.15,1,1,2021-12-28 09:09:58
1640682598462413000,14.15,1,14.1,161,14.2,121,1,2021-12-28 09:09:58
1640682601449565000,14.15,2,14.15,1,14.2,141,2,2021-12-28 09:10:01
1640682602992912000,14.2,1,14.15,3,14.2,140,1,2021-12-28 09:10:02
1640682603281941000,14.15,3,14.1,155,14.2,120,2,2021-12-28 09:10:03
1640682603281941000,14.1,5,14.1,155,14.2,120,2,2021-12-28 09:10:03
1640682603975572000,14.1,30,14.1,125,14.2,138,2,2021-12-28 09:10:03
1640682604823953000,14.15,1,14.1,126,14.2,138,2,2021-12-28 09:10:04
1640682605820790000,14.15,1,14.15,1,14.2,138,1,2021-12-28 09:10:05
1640682606177510000,14.15,1,14.1,126,14.2,138,2,2021-12-28 09:10:06
1640682606816196000,14.2,3,14.1,123,14.2,135,1,2021-12-28 09:10:06
1640682607257186000,14.15,1,14.1,123,14.15,19,1,2021-12-28 09:10:07
1640682612219437000,14.15,1,14.1,129,14.15,31,1,2021-12-28 09:10:12
1640682613990293000,14.15,2,14.1,129,14.15,31,1,2021-12-28 09:10:13
1640682614644210000,14.15,1,14.1,132,14.15,30,1,2021-12-28 09:10:14
1640682615523010000,14.15,1,14.1,142,14.15,29,1,2021-12-28 09:10:15
1640682615903722000,14.15,1,14.1,142,14.15,33,1,2021-12-28 09:10:15
1640682617448282000,14.15,10,14.1,132,14.15,23,1,2021-12-28 09:10:17
1640682617837217000,14.1,1,14.1,131,14.15,23,2,2021-12-28 09:10:17
1640682618071766000,14.1,1,14.1,130,14.15,23,2,2021-12-28 09:10:18
1640682620527218000,14.15,2,14.1,131,14.15,21,1,2021-12-28 09:10:20
1640682620583581000,14.15,5,14.1,131,14.15,23,1,2021-12-28 09:10:20
1640682621083436000,14.15,1,14.1,131,14.15,22,1,2021-12-28 09:10:21
1640682626326192000,14.15,5,14.1,142,14.15,40,1,2021-12-28 09:10:26
1640682626976595000,14.15,5,14.1,142,14.15,39,1,2021-12-28 09:10:26
1640682629008793000,14.15,5,14.1,147,14.15,34,1,2021-12-28 09:10:29
1640682630325963000,14.15,3,14.1,147,14.15,31,1,2021-12-28 09:10:30
1640682630848951000,14.1,1,14.1,146,14.15,34,2,2021-12-28 09:10:30
1640682631083478000,14.1,1,14.1,145,14.15,34,2,2021-12-28 09:10:31
1640682636142784000,14.1,3,14.1,144,14.15,39,2,2021-12-28 09:10:36
1640682636888688000,14.15,39,14.15,4,14.2,117,1,2021-12-28 09:10:36
1640682639711554000,14.15,2,14.15,5,14.2,121,2,2021-12-28 09:10:39
1640682640777281000,14.15,7,14.1,105,14.2,121,2,2021-12-28 09:10:40
1640682643859430000,14.15,1,14.15,9,14.2,121,2,2021-12-28 09:10:43
1640682644093982000,14.15,1,14.15,8,14.2,121,2,2021-12-28 09:10:44
1640682645226826000,14.15,1,14.15,7,14.2,121,2,2021-12-28 09:10:45
1640682648571642000,14.15,4,14.15,8,14.2,121,2,2021-12-28 09:10:48
1640682651204727000,14.15,10,14.15,9,14.2,121,2,2021-12-28 09:10:51
1640682653354981000,14.15,2,14.15,18,14.2,111,2,2021-12-28 09:10:53
1640682656867800000,14.15,1,14.15,38,14.2,114,2,2021-12-28 09:10:56
1640682657102334000,14.15,1,14.15,37,14.2,114,2,2021-12-28 09:10:57
1640682657527266000,14.15,10,14.15,27,14.2,114,2,2021-12-28 09:10:57
1640682659440916000,14.2,2,14.15,29,14.2,112,1,2021-12-28 09:10:59
1640682660256405000,14.15,2,14.15,27,14.2,112,2,2021-12-28 09:11:00
1640682666867624000,14.15,1,14.15,43,14.2,111,2,2021-12-28 09:11:06
1640682669877508000,14.15,1,14.15,47,14.2,111,2,2021-12-28 09:11:09
1640682670111972000,14.15,1,14.15,46,14.2,111,2,2021-12-28 09:11:10
1640682671614331000,14.15,8,14.15,38,14.2,111,2,2021-12-28 09:11:11
1640682674368695000,14.2,1,14.15,38,14.2,132,1,2021-12-28 09:11:14
1640682677552480000,14.15,1,14.15,47,14.2,132,2,2021-12-28 09:11:17
1640682682888779000,14.15,1,14.15,80,14.2,133,2,2021-12-28 09:11:22
1640682683123331000,14.15,1,14.15,79,14.2,133,2,2021-12-28 09:11:23
1640682687498093000,14.2,1,14.15,100,14.2,127,1,2021-12-28 09:11:27
1640682688835645000,14.2,1,14.15,100,14.2,126,1,2021-12-28 09:11:28
1640682695897539000,14.15,1,14.15,107,14.2,104,2,2021-12-28 09:11:35
1640682696132728000,14.15,1,14.15,106,14.2,126,2,2021-12-28 09:11:36
1640682705824993000,14.15,1,14.15,107,14.2,126,2,2021-12-28 09:11:45
1640682708909578000,14.15,1,14.15,107,14.2,126,2,2021-12-28 09:11:48
1640682709144041000,14.15,1,14.15,106,14.2,126,2,2021-12-28 09:11:49
1640682711784571000,14.2,1,14.15,106,14.2,125,1,2021-12-28 09:11:51
1640682714193622000,14.15,1,14.15,105,14.2,126,2,2021-12-28 09:11:54
1640682716323608000,14.15,100,14.15,5,14.2,126,2,2021-12-28 09:11:56
1640682716345663000,14.15,2,14.15,3,14.2,126,2,2021-12-28 09:11:56
1640682716354674000,14.15,3,14.1,168,14.2,126,2,2021-12-28 09:11:56
1640682721130304000,14.15,1,14.15,3,14.2,126,2,2021-12-28 09:12:01
1640682721921589000,14.15,1,14.15,2,14.2,127,2,2021-12-28 09:12:01
1640682721957556000,14.15,1,14.15,1,14.2,127,2,2021-12-28 09:12:01
1640682721991206000,14.2,5,14.15,1,14.2,122,1,2021-12-28 09:12:01
1640682722156079000,14.15,1,14.1,168,14.2,122,2,2021-12-28 09:12:02
1640682722752336000,14.1,80,14.1,88,14.15,14,2,2021-12-28 09:12:02
1640682722783851000,14.1,3,14.1,85,14.15,14,2,2021-12-28 09:12:02
1640682722819699000,14.1,29,14.1,56,14.15,14,2,2021-12-28 09:12:02
1640682724200871000,14.1,1,14.1,55,14.15,28,2,2021-12-28 09:12:04
1640682727023023000,14.1,20,14.1,35,14.15,46,2,2021-12-28 09:12:07
1640682727054955000,14.1,14,14.1,21,14.15,46,2,2021-12-28 09:12:07
1640682727064020000,14.1,14,14.1,7,14.15,32,2,2021-12-28 09:12:07
1640682727075260000,14.1,7,14.05,148,14.15,32,2,2021-12-28 09:12:07
1640682727820381000,14.1,1,14.05,148,14.1,1,1,2021-12-28 09:12:07
1640682727999995000,14.1,1,14.1,2,14.15,32,1,2021-12-28 09:12:07
1640682728660940000,14.15,32,14.1,2,14.2,92,1,2021-12-28 09:12:08
1640682728660940000,14.2,18,14.1,2,14.2,92,1,2021-12-28 09:12:08
1640682730286237000,14.1,4,14.05,150,14.2,92,2,2021-12-28 09:12:10
1640682730286237000,14.05,1,14.05,150,14.2,92,2,2021-12-28 09:12:10
1640682734128197000,14.1,2,14.05,147,14.15,1,2,2021-12-28 09:12:14
1640682734909180000,14.1,1,14.05,147,14.15,16,1,2021-12-28 09:12:14
1640682736635515000,14.1,2,14.05,147,14.15,17,1,2021-12-28 09:12:16
1640682736827294000,14.05,7,14.05,140,14.15,17,2,2021-12-28 09:12:16
1640682737492351000,14.15,3,14.05,141,14.15,14,1,2021-12-28 09:12:17
1640682737569147000,14.15,3,14.05,179,14.15,11,1,2021-12-28 09:12:17
1640682739253188000,14.05,1,14.05,158,14.1,2,2,2021-12-28 09:12:19
1640682740066742000,14.1,2,14.05,159,14.15,11,1,2021-12-28 09:12:20
1640682740916039000,14.1,2,14.05,159,14.1,9,1,2021-12-28 09:12:20
1640682742489954000,14.05,1,14.05,159,14.1,9,2,2021-12-28 09:12:22
1640682744540214000,14.05,1,14.05,161,14.1,9,2,2021-12-28 09:12:24
1640682744589663000,14.1,3,14.05,161,14.1,6,1,2021-12-28 09:12:24
1640682747238214000,14.05,30,14.05,131,14.1,18,2,2021-12-28 09:12:27
1640682747297600000,14.1,2,14.05,131,14.1,16,1,2021-12-28 09:12:27
1640682747804148000,14.1,5,14.05,131,14.1,11,1,2021-12-28 09:12:27
1640682747939795000,14.05,1,14.05,130,14.1,11,2,2021-12-28 09:12:27
1640682748174381000,14.05,1,14.05,129,14.1,11,2,2021-12-28 09:12:28
1640682750487816000,14.05,5,14.05,124,14.1,11,2,2021-12-28 09:12:30
1640682752121929000,14.1,1,14.05,123,14.15,41,2,2021-12-28 09:12:32
1640682752733152000,14.05,31,14.05,92,14.15,41,2,2021-12-28 09:12:32
1640682758140637000,14.1,5,14.05,106,14.1,45,1,2021-12-28 09:12:38
1640682758470900000,14.05,5,14.05,101,14.1,45,2,2021-12-28 09:12:38
1640682759273554000,14.05,1,14.05,100,14.1,45,2,2021-12-28 09:12:39
1640682760402713000,14.05,10,14.05,101,14.1,58,2,2021-12-28 09:12:40
1640682760949257000,14.05,1,14.05,100,14.1,58,2,2021-12-28 09:12:40
1640682761183720000,14.05,1,14.05,99,14.1,59,2,2021-12-28 09:12:41
1640682761733882000,14.1,1,14.05,99,14.1,58,1,2021-12-28 09:12:41
1640682766962664000,14.1,2,14.05,107,14.1,83,1,2021-12-28 09:12:46
1640682769650671000,14.1,1,14.05,130,14.1,82,1,2021-12-28 09:12:49
1640682771095105000,14.1,2,14.05,140,14.1,80,1,2021-12-28 09:12:51
1640682772842479000,14.1,5,14.05,150,14.1,75,1,2021-12-28 09:12:52
1640682773959440000,14.05,1,14.05,149,14.1,76,2,2021-12-28 09:12:53
1640682774193937000,14.05,1,14.05,148,14.1,76,2,2021-12-28 09:12:54
1640682774861420000,14.1,1,14.05,149,14.1,75,1,2021-12-28 09:12:54
1640682781469974000,14.1,2,14.05,152,14.1,73,1,2021-12-28 09:13:01
1640682785629949000,14.1,1,14.05,158,14.1,76,1,2021-12-28 09:13:05
1640682786968848000,14.05,1,14.05,157,14.1,76,2,2021-12-28 09:13:06
1640682787203325000,14.05,1,14.05,156,14.1,76,2,2021-12-28 09:13:07
1640682792655759000,14.1,5,14.05,180,14.1,91,1,2021-12-28 09:13:12
1640682793299408000,14.1,10,14.05,180,14.1,81,1,2021-12-28 09:13:13
1640682794055532000,14.05,10,14.05,173,14.1,81,2,2021-12-28 09:13:14
1640682795227945000,14.05,2,14.05,179,14.1,81,2,2021-12-28 09:13:15
1640682795812587000,14.05,1,14.05,178,14.1,81,2,2021-12-28 09:13:15
1640682799298944000,14.05,3,14.05,176,14.1,81,2,2021-12-28 09:13:19
1640682799978158000,14.05,1,14.05,175,14.1,81,2,2021-12-28 09:13:19
1640682800212672000,14.05,1,14.05,174,14.1,81,2,2021-12-28 09:13:20
1640682800604306000,14.1,4,14.05,174,14.1,77,1,2021-12-28 09:13:20
1640682800714444000,14.05,3,14.05,171,14.1,77,2,2021-12-28 09:13:20
1640682801555589000,14.05,4,14.05,167,14.1,77,2,2021-12-28 09:13:21
1640682802396761000,14.05,10,14.05,157,14.1,77,2,2021-12-28 09:13:22
1640682805815148000,14.05,1,14.05,158,14.1,79,2,2021-12-28 09:13:25
1640682806080455000,14.05,3,14.05,155,14.1,79,2,2021-12-28 09:13:26
1640682806554504000,14.05,1,14.05,154,14.1,79,2,2021-12-28 09:13:26
1640682810621729000,14.05,20,14.05,144,14.1,89,2,2021-12-28 09:13:30
1640682812920566000,14.05,8,14.05,136,14.1,89,2,2021-12-28 09:13:32
1640682812987175000,14.05,1,14.05,135,14.1,89,2,2021-12-28 09:13:32
1640682813221682000,14.05,1,14.05,134,14.1,89,2,2021-12-28 09:13:33
1640682814346527000,14.05,1,14.05,133,14.1,89,2,2021-12-28 09:13:34
1640682814428352000,14.05,1,14.05,132,14.1,89,2,2021-12-28 09:13:34
1640682814437830000,14.1,5,14.05,132,14.1,84,1,2021-12-28 09:13:34
1640682821327695000,14.05,1,14.05,133,14.1,101,2,2021-12-28 09:13:41
1640682821446366000,14.05,14,14.05,119,14.1,101,2,2021-12-28 09:13:41
1640682821454183000,14.05,1,14.05,118,14.1,101,2,2021-12-28 09:13:41
1640682821921728000,14.05,1,14.05,117,14.1,102,2,2021-12-28 09:13:41
1640682823042659000,14.1,1,14.05,118,14.1,103,1,2021-12-28 09:13:43
1640682823164559000,14.05,30,14.05,88,14.1,103,2,2021-12-28 09:13:43
1640682823566443000,14.1,5,14.05,88,14.1,100,1,2021-12-28 09:13:43
1640682823676950000,14.1,2,14.05,88,14.1,98,1,2021-12-28 09:13:43
1640682824152842000,14.05,1,14.05,87,14.1,98,2,2021-12-28 09:13:44
1640682824844250000,14.05,1,14.05,86,14.1,98,2,2021-12-28 09:13:44
1640682825998679000,14.05,1,14.05,87,14.1,100,2,2021-12-28 09:13:45
1640682826036628000,14.05,2,14.05,85,14.1,100,2,2021-12-28 09:13:46
1640682826233273000,14.05,1,14.05,84,14.1,100,2,2021-12-28 09:13:46
1640682829173576000,14.1,2,14.05,110,14.1,98,1,2021-12-28 09:13:49
1640682829993311000,14.05,1,14.05,109,14.1,100,2,2021-12-28 09:13:49
1640682833057503000,14.1,1,14.05,109,14.1,100,1,2021-12-28 09:13:53
1640682834517922000,14.1,1,14.05,110,14.1,99,1,2021-12-28 09:13:54
1640682839007465000,14.05,1,14.05,129,14.1,103,2,2021-12-28 09:13:59
1640682839244823000,14.05,1,14.05,128,14.1,103,2,2021-12-28 09:13:59
1640682844491424000,14.05,2,14.05,132,14.1,103,2,2021-12-28 09:14:04
1640682844875653000,14.1,10,14.05,132,14.1,93,1,2021-12-28 09:14:04
1640682847392235000,14.1,2,14.05,138,14.1,88,1,2021-12-28 09:14:07
1640682851904139000,14.1,2,14.05,139,14.1,98,1,2021-12-28 09:14:11
1640682852019186000,14.05,1,14.05,138,14.1,98,2,2021-12-28 09:14:12
1640682852253678000,14.05,1,14.05,137,14.1,98,2,2021-12-28 09:14:12
1640682852360527000,14.1,1,14.05,137,14.1,97,1,2021-12-28 09:14:12
1640682852824304000,14.05,70,14.05,67,14.1,97,2,2021-12-28 09:14:12
1640682854738109000,14.1,1,14.05,67,14.1,96,1,2021-12-28 09:14:14
1640682860811459000,14.05,1,14.05,67,14.1,102,2,2021-12-28 09:14:20
1640682862367381000,14.1,1,14.05,68,14.1,101,1,2021-12-28 09:14:22
1640682864951693000,14.05,1,14.05,67,14.1,101,2,2021-12-28 09:14:24
1640682865184710000,14.05,1,14.05,66,14.1,101,2,2021-12-28 09:14:25
1640682869312681000,14.05,1,14.05,76,14.1,103,2,2021-12-28 09:14:29
1640682874506557000,14.1,100,14.05,106,14.1,3,1,2021-12-28 09:14:34
1640682874541284000,14.1,3,14.05,106,14.15,49,1,2021-12-28 09:14:34
1640682878163490000,14.1,1,14.05,107,14.1,2,1,2021-12-28 09:14:38
1640682879096661000,14.1,1,14.05,107,14.1,1,1,2021-12-28 09:14:39
1640682882432430000,14.1,1,14.05,249,14.15,49,1,2021-12-28 09:14:42
1640682883002593000,14.1,1,14.1,9,14.15,49,1,2021-12-28 09:14:43
1640682889770552000,14.15,3,14.1,37,14.15,47,1,2021-12-28 09:14:49
1640682890407951000,14.15,5,14.1,37,14.15,42,1,2021-12-28 09:14:50
1640682890875080000,14.1,1,14.1,37,14.15,42,2,2021-12-28 09:14:50
1640682891109094000,14.1,1,14.1,36,14.15,42,2,2021-12-28 09:14:51
1640682891872292000,14.1,1,14.1,35,14.15,42,2,2021-12-28 09:14:51
1640682891895892000,14.15,10,14.1,35,14.15,32,1,2021-12-28 09:14:51
1640682895765543000,14.15,2,14.1,49,14.15,30,1,2021-12-28 09:14:55
1640682897382511000,14.15,2,14.1,50,14.15,25,1,2021-12-28 09:14:57
1640682900745489000,14.15,1,14.1,51,14.15,22,1,2021-12-28 09:15:00
1640682903863089000,14.1,1,14.1,51,14.15,26,2,2021-12-28 09:15:03
1640682904097311000,14.1,1,14.1,55,14.15,26,2,2021-12-28 09:15:04
1640682905474441000,14.15,2,14.1,68,14.15,24,1,2021-12-28 09:15:05
1640682907947906000,14.1,2,14.1,71,14.15,22,2,2021-12-28 09:15:07
1640682909177304000,14.15,5,14.1,73,14.15,17,1,2021-12-28 09:15:09
1640682913642032000,14.15,1,14.1,73,14.15,15,1,2021-12-28 09:15:13
1640682914850477000,14.15,1,14.1,78,14.15,64,1,2021-12-28 09:15:14
1640682915540358000,14.15,20,14.1,78,14.15,44,1,2021-12-28 09:15:15
1640682916858324000,14.1,1,14.1,78,14.15,57,2,2021-12-28 09:15:16
1640682917092598000,14.1,1,14.1,77,14.15,57,2,2021-12-28 09:15:17
1640682918901050000,14.15,2,14.1,77,14.15,57,1,2021-12-28 09:15:18
1640682920619120000,14.1,79,14.05,247,14.1,19,2,2021-12-28 09:15:20
1640682921822793000,14.1,3,14.05,248,14.1,17,1,2021-12-28 09:15:21
1640682922026523000,14.1,2,14.05,248,14.1,15,1,2021-12-28 09:15:22
1640682922339545000,14.1,1,14.05,248,14.1,14,1,2021-12-28 09:15:22
1640682924136807000,14.1,1,14.05,250,14.1,13,1,2021-12-28 09:15:24
1640682924552468000,14.1,5,14.05,250,14.1,8,1,2021-12-28 09:15:24
1640682925478486000,14.1,1,14.05,250,14.1,7,1,2021-12-28 09:15:25
1640682925614837000,14.1,1,14.05,250,14.1,6,1,2021-12-28 09:15:25
1640682926046327000,14.1,5,14.05,250,14.1,1,1,2021-12-28 09:15:26
1640682926242270000,14.1,1,14.05,250,14.15,66,1,2021-12-28 09:15:26
1640682926242270000,14.15,2,14.05,250,14.15,66,1,2021-12-28 09:15:26
1640682926453994000,14.05,1,14.05,249,14.15,66,2,2021-12-28 09:15:26
1640682929855821000,14.1,1,14.1,6,14.15,73,2,2021-12-28 09:15:29
1640682930090096000,14.1,1,14.1,5,14.15,73,2,2021-12-28 09:15:30
1640682930728272000,14.1,5,14.1,15,14.15,73,2,2021-12-28 09:15:30
1640682939568821000,14.15,2,14.1,19,14.15,76,1,2021-12-28 09:15:39
1640682942854252000,14.1,1,14.1,19,14.15,76,2,2021-12-28 09:15:42
1640682943088599000,14.1,1,14.1,18,14.15,76,2,2021-12-28 09:15:43
1640682945972197000,14.15,1,14.1,19,14.15,75,1,2021-12-28 09:15:45
1640682948671903000,14.1,5,14.1,15,14.15,75,2,2021-12-28 09:15:48
1640682951955864000,14.15,9,14.1,18,14.15,66,1,2021-12-28 09:15:51
1640682953379264000,14.1,19,14.05,258,14.15,66,2,2021-12-28 09:15:53
1640682953379264000,14.05,1,14.05,258,14.15,66,2,2021-12-28 09:15:53
1640682957223482000,14.05,20,14.05,240,14.1,12,2,2021-12-28 09:15:57
1640682959030848000,14.1,10,14.05,240,14.1,2,1,2021-12-28 09:15:59
1640682960443604000,14.1,1,14.05,240,14.1,1,1,2021-12-28 09:16:00
1640682964079534000,14.1,3,14.05,240,14.1,7,1,2021-12-28 09:16:04
1640682964558809000,14.1,1,14.05,240,14.1,6,1,2021-12-28 09:16:04
1640682966363140000,14.1,3,14.05,235,14.1,39,1,2021-12-28 09:16:06
1640682968848948000,14.05,1,14.05,236,14.1,40,2,2021-12-28 09:16:08
1640682968860561000,14.1,2,14.05,236,14.1,38,1,2021-12-28 09:16:08
1640682969083199000,14.05,1,14.05,235,14.1,38,2,2021-12-28 09:16:09
1640682969939009000,14.05,70,14.05,165,14.1,38,2,2021-12-28 09:16:09
1640682972832506000,14.1,1,14.05,170,14.1,37,1,2021-12-28 09:16:12
1640682975220692000,14.1,3,14.05,182,14.1,39,1,2021-12-28 09:16:15
1640682975809367000,14.1,1,14.05,182,14.1,38,1,2021-12-28 09:16:15
1640682976368864000,14.1,2,14.05,182,14.1,36,1,2021-12-28 09:16:16
1640682977654689000,14.1,5,14.05,182,14.1,32,1,2021-12-28 09:16:17
1640682979127536000,14.1,1,14.05,182,14.1,35,1,2021-12-28 09:16:19
1640682981803465000,14.1,1,14.05,182,14.1,34,1,2021-12-28 09:16:21
1640682981845056000,14.05,1,14.05,181,14.1,34,2,2021-12-28 09:16:21
1640682982079302000,14.05,1,14.05,180,14.1,34,2,2021-12-28 09:16:22
1640682989805510000,14.1,1,14.05,180,14.1,33,1,2021-12-28 09:16:29
1640682990928036000,14.1,1,14.05,180,14.1,35,1,2021-12-28 09:16:30
1640682991356885000,14.1,5,14.05,180,14.1,30,1,2021-12-28 09:16:31
1640682992182040000,14.1,2,14.05,180,14.1,28,1,2021-12-28 09:16:32
1640682992853692000,14.1,1,14.05,180,14.1,27,1,2021-12-28 09:16:32
1640682994842202000,14.05,1,14.05,179,14.1,27,2,2021-12-28 09:16:34
1640682995042352000,14.1,1,14.05,179,14.1,26,1,2021-12-28 09:16:35
1640682995076499000,14.05,1,14.05,178,14.1,26,2,2021-12-28 09:16:35
1640683000974845000,14.05,1,14.05,177,14.1,40,2,2021-12-28 09:16:40
1640683001950554000,14.1,5,14.05,177,14.1,35,1,2021-12-28 09:16:41
1640683007044752000,14.1,1,14.05,183,14.1,34,1,2021-12-28 09:16:47
1640683007744017000,14.1,1,14.05,183,14.1,33,1,2021-12-28 09:16:47
1640683007838985000,14.05,1,14.05,182,14.1,33,2,2021-12-28 09:16:47
1640683008073275000,14.05,1,14.05,181,14.1,34,2,2021-12-28 09:16:48
1640683008446676000,14.1,2,14.05,181,14.1,32,1,2021-12-28 09:16:48
1640683017707127000,14.1,2,14.05,186,14.1,31,1,2021-12-28 09:16:57
1640683020836260000,14.05,1,14.05,185,14.1,31,2,2021-12-28 09:17:00
1640683021070576000,14.05,1,14.05,184,14.1,31,2,2021-12-28 09:17:01
1640683026168532000,14.1,2,14.05,184,14.1,29,1,2021-12-28 09:17:06
1640683031994223000,14.1,1,14.05,192,14.1,29,1,2021-12-28 09:17:11
1640683032890063000,14.1,2,14.05,192,14.1,27,1,2021-12-28 09:17:12
1640683033833122000,14.05,1,14.05,192,14.1,26,2,2021-12-28 09:17:13
1640683034067448000,14.05,1,14.05,191,14.1,26,2,2021-12-28 09:17:14
1640683034802174000,14.05,1,14.05,190,14.1,26,2,2021-12-28 09:17:14
1640683034880312000,14.1,2,14.05,190,14.1,24,1,2021-12-28 09:17:14
1640683037149918000,14.05,5,14.05,190,14.1,22,2,2021-12-28 09:17:17
1640683040088208000,14.1,1,14.05,190,14.1,25,1,2021-12-28 09:17:20
1640683046541613000,14.05,1,14.05,190,14.1,25,2,2021-12-28 09:17:26
1640683046830144000,14.05,1,14.05,189,14.1,25,2,2021-12-28 09:17:26
1640683047064426000,14.05,1,14.05,198,14.1,25,2,2021-12-28 09:17:27
1640683050935011000,14.1,2,14.05,198,14.1,23,1,2021-12-28 09:17:30
1640683053451147000,14.1,3,14.05,198,14.1,20,1,2021-12-28 09:17:33
1640683055881686000,14.1,22,14.05,199,14.1,10,1,2021-12-28 09:17:35
1640683059668680000,14.1,1,14.05,199,14.1,10,1,2021-12-28 09:17:39
1640683059826492000,14.05,1,14.05,198,14.1,10,2,2021-12-28 09:17:39
1640683060060755000,14.05,1,14.05,197,14.1,10,2,2021-12-28 09:17:40
1640683060560089000,14.1,2,14.05,197,14.1,8,1,2021-12-28 09:17:40
1640683061556176000,14.1,8,14.1,2,14.15,169,1,2021-12-28 09:17:41
1640683061740813000,14.1,2,14.05,191,14.15,169,2,2021-12-28 09:17:41
1640683061740813000,14.05,6,14.05,191,14.15,169,2,2021-12-28 09:17:41
1640683065129881000,14.1,10,14.1,20,14.15,169,1,2021-12-28 09:17:45
1640683065265648000,14.1,12,14.1,8,14.15,169,2,2021-12-28 09:17:45
1640683068477963000,14.1,2,14.1,6,14.15,169,2,2021-12-28 09:17:48
1640683072823703000,14.1,1,14.1,6,14.15,173,2,2021-12-28 09:17:52
1640683073057983000,14.1,1,14.1,5,14.15,173,2,2021-12-28 09:17:53
1640683084087013000,14.1,17,14.05,205,14.1,3,2,2021-12-28 09:18:04
1640683086842672000,14.1,1,14.05,206,14.1,18,1,2021-12-28 09:18:06
1640683095660450000,14.05,1,14.05,205,14.1,26,2,2021-12-28 09:18:15
1640683097391390000,14.1,1,14.05,205,14.1,25,1,2021-12-28 09:18:17
1640683098819693000,14.05,1,14.05,209,14.1,26,2,2021-12-28 09:18:18
1640683099053995000,14.05,1,14.05,208,14.1,26,2,2021-12-28 09:18:19
1640683101365734000,14.1,1,14.05,208,14.1,39,1,2021-12-28 09:18:21
1640683111035167000,14.05,1,14.05,206,14.1,41,2,2021-12-28 09:18:31
1640683111818149000,14.05,1,14.05,205,14.1,41,2,2021-12-28 09:18:31
1640683112052448000,14.05,1,14.05,204,14.1,41,2,2021-12-28 09:18:32
1640683117232437000,14.1,30,14.05,203,14.1,11,1,2021-12-28 09:18:37
1640683120707538000,14.05,1,14.05,202,14.1,30,2,2021-12-28 09:18:40
1640683124814888000,14.05,1,14.05,202,14.1,30,2,2021-12-28 09:18:44
1640683125049136000,14.05,1,14.05,201,14.1,30,2,2021-12-28 09:18:45
1640683126851869000,14.1,2,14.05,201,14.1,28,1,2021-12-28 09:18:46
1640683127877393000,14.1,10,14.05,203,14.1,18,1,2021-12-28 09:18:47
1640683129909331000,14.1,3,14.05,204,14.1,15,1,2021-12-28 09:18:49
1640683131017485000,14.1,10,14.05,204,14.1,5,1,2021-12-28 09:18:51
1640683131051097000,14.1,5,14.05,204,14.15,180,1,2021-12-28 09:18:51
1640683137810600000,14.1,1,14.05,205,14.15,180,2,2021-12-28 09:18:57
1640683147134448000,14.1,2,14.05,258,14.1,16,1,2021-12-28 09:19:07
1640683150260610000,14.05,40,14.05,218,14.1,16,2,2021-12-28 09:19:10
1640683150805964000,14.05,1,14.05,217,14.1,16,2,2021-12-28 09:19:10
1640683151040261000,14.05,1,14.05,219,14.1,16,2,2021-12-28 09:19:11
1640683158220747000,14.05,2,14.05,218,14.1,26,2,2021-12-28 09:19:18
1640683163248883000,14.1,5,14.05,219,14.1,22,1,2021-12-28 09:19:23
1640683163877504000,14.05,1,14.05,218,14.1,22,2,2021-12-28 09:19:23
1640683164041987000,14.1,5,14.05,218,14.1,17,1,2021-12-28 09:19:24
1640683164113258000,14.05,1,14.05,217,14.1,17,2,2021-12-28 09:19:24
1640683164450089000,14.05,3,14.05,214,14.1,17,2,2021-12-28 09:19:24
1640683167511788000,14.05,5,14.05,209,14.1,17,2,2021-12-28 09:19:27
1640683171064358000,14.05,2,14.05,208,14.1,96,2,2021-12-28 09:19:31
1640683176833077000,14.05,1,14.05,210,14.1,108,2,2021-12-28 09:19:36
1640683176937058000,14.05,1,14.05,209,14.1,108,2,2021-12-28 09:19:36
1640683177172160000,14.05,1,14.05,208,14.1,108,2,2021-12-28 09:19:37
1640683184888576000,14.05,8,14.05,204,14.1,108,2,2021-12-28 09:19:44
1640683189071579000,14.05,7,14.05,159,14.1,113,2,2021-12-28 09:19:49
1640683189968702000,14.05,1,14.05,158,14.1,113,2,2021-12-28 09:19:49
1640683190203459000,14.05,1,14.05,157,14.1,113,2,2021-12-28 09:19:50
1640683192423434000,14.1,1,14.05,157,14.1,112,1,2021-12-28 09:19:52
1640683194430427000,14.05,5,14.05,152,14.1,112,2,2021-12-28 09:19:54
1640683202988522000,14.05,1,14.05,161,14.1,114,2,2021-12-28 09:20:02
1640683203223183000,14.05,1,14.05,160,14.1,114,2,2021-12-28 09:20:03
1640683203316485000,14.1,3,14.05,160,14.1,111,1,2021-12-28 09:20:03
1640683214893901000,14.1,15,14.05,181,14.1,99,1,2021-12-28 09:20:14
1640683216001810000,14.05,1,14.05,180,14.1,99,2,2021-12-28 09:20:16
1640683216236404000,14.05,1,14.05,179,14.1,99,2,2021-12-28 09:20:16
1640683218216443000,14.1,1,14.05,182,14.1,100,1,2021-12-28 09:20:18
1640683219451916000,14.1,5,14.05,182,14.1,95,1,2021-12-28 09:20:19
1640683220099526000,14.1,1,14.05,183,14.1,94,1,2021-12-28 09:20:20
1640683229013041000,14.05,1,14.05,182,14.1,94,2,2021-12-28 09:20:29
1640683229247510000,14.05,1,14.05,181,14.1,94,2,2021-12-28 09:20:29
1640683233296502000,14.1,1,14.05,181,14.1,93,1,2021-12-28 09:20:33
1640683233357659000,14.1,2,14.05,231,14.1,91,1,2021-12-28 09:20:33
1640683240867108000,14.1,2,14.05,265,14.1,90,1,2021-12-28 09:20:40
1640683242022747000,14.05,1,14.05,264,14.1,90,2,2021-12-28 09:20:42
1640683242257254000,14.05,1,14.05,263,14.1,90,2,2021-12-28 09:20:42
1640683244436646000,14.1,1,14.05,264,14.1,106,1,2021-12-28 09:20:44
1640683255033322000,14.05,1,14.05,275,14.1,108,2,2021-12-28 09:20:55
1640683255267866000,14.05,1,14.05,274,14.1,108,2,2021-12-28 09:20:55
1640683257472982000,14.1,3,14.05,274,14.1,106,1,2021-12-28 09:20:57
1640683259164649000,14.1,1,14.05,274,14.1,105,1,2021-12-28 09:20:59
1640683262295374000,14.1,10,14.05,275,14.1,95,1,2021-12-28 09:21:02
1640683262400840000,14.1,1,14.05,275,14.1,94,1,2021-12-28 09:21:02
1640683268043112000,14.05,1,14.05,275,14.1,84,2,2021-12-28 09:21:08
1640683268277727000,14.05,1,14.05,273,14.1,84,2,2021-12-28 09:21:08
1640683268606101000,14.1,1,14.05,273,14.1,83,1,2021-12-28 09:21:08
1640683270105244000,14.1,1,14.05,273,14.1,82,1,2021-12-28 09:21:10
1640683273444055000,14.1,5,14.05,279,14.1,41,1,2021-12-28 09:21:13
1640683274675739000,14.1,1,14.05,279,14.1,40,1,2021-12-28 09:21:14
1640683278838105000,14.1,2,14.05,280,14.1,39,1,2021-12-28 09:21:18
1640683280726837000,14.1,5,14.05,280,14.1,40,1,2021-12-28 09:21:20
1640683280896562000,14.1,1,14.05,280,14.1,39,1,2021-12-28 09:21:20
1640683281052781000,14.05,1,14.05,279,14.1,39,2,2021-12-28 09:21:21
1640683281287286000,14.05,1,14.05,278,14.1,39,2,2021-12-28 09:21:21
1640683283570132000,14.1,5,14.05,278,14.1,43,1,2021-12-28 09:21:23
1640683284610463000,14.1,10,14.05,278,14.1,33,1,2021-12-28 09:21:24
1640683286791640000,14.1,2,14.05,278,14.1,31,1,2021-12-28 09:21:26
1640683288668309000,14.1,15,14.05,289,14.1,16,1,2021-12-28 09:21:28
1640683289425773000,14.1,1,14.05,288,14.1,15,1,2021-12-28 09:21:29
1640683289545588000,14.1,5,14.05,288,14.1,11,1,2021-12-28 09:21:29
1640683290676770000,14.1,1,14.05,289,14.1,12,1,2021-12-28 09:21:30
1640683291832320000,14.1,5,14.05,284,14.1,2,1,2021-12-28 09:21:31
1640683292032345000,14.1,2,14.1,8,14.15,180,1,2021-12-28 09:21:32
1640683292066607000,14.1,4,14.1,4,14.15,180,2,2021-12-28 09:21:32
1640683294060906000,14.1,1,14.1,3,14.15,180,2,2021-12-28 09:21:34
1640683294295480000,14.1,1,14.1,2,14.15,180,2,2021-12-28 09:21:34
1640683307070820000,14.1,1,14.1,11,14.15,217,2,2021-12-28 09:21:47
1640683307305417000,14.1,1,14.1,13,14.15,217,2,2021-12-28 09:21:47
1640683311286072000,14.1,3,14.1,20,14.15,217,2,2021-12-28 09:21:51
1640683312470909000,14.15,10,14.1,20,14.15,207,1,2021-12-28 09:21:52
1640683312905390000,14.1,1,14.1,19,14.15,207,2,2021-12-28 09:21:52
1640683319690848000,14.15,1,14.1,21,14.15,206,1,2021-12-28 09:21:59
1640683320080177000,14.1,1,14.1,20,14.15,206,2,2021-12-28 09:22:00
1640683320314645000,14.1,1,14.1,19,14.15,206,2,2021-12-28 09:22:00
1640683333089984000,14.1,1,14.1,28,14.15,206,2,2021-12-28 09:22:13
1640683333324531000,14.1,1,14.1,27,14.15,206,2,2021-12-28 09:22:13
1640683335007242000,14.1,1,14.1,26,14.15,206,2,2021-12-28 09:22:15
1640683335749877000,14.1,10,14.1,16,14.15,206,2,2021-12-28 09:22:15
