ts,close,volume,bid_price,bid_volume,ask_price,ask_volume,tick_type,datetime
1640682018379932000,53.9,263,53.8,6,53.9,19,2,2021-12-28 09:00:18
1640682018408886000,53.8,6,53.7,1,53.9,19,2,2021-12-28 09:00:18
1640682018426445000,53.8,1,53.7,1,53.8,5,1,2021-12-28 09:00:18
1640682018990308000,53.7,1,53.3,8,53.8,5,2,2021-12-28 09:00:18
1640682018990308000,53.6,3,53.3,8,53.8,5,2,2021-12-28 09:00:18
1640682018990308000,53.5,2,53.3,8,53.8,5,2,2021-12-28 09:00:18
1640682018990308000,53.3,2,53.3,8,53.8,5,2,2021-12-28 09:00:18
1640682019089885000,53.3,1,53.3,7,53.7,4,2,2021-12-28 09:00:19
1640682024131647000,53.3,1,53.3,6,53.7,3,2,2021-12-28 09:00:24
1640682025504824000,53.3,4,53.3,2,53.6,4,2,2021-12-28 09:00:25
1640682027520881000,53.4,2,53.2,2,53.6,4,2,2021-12-28 09:00:27
1640682027520881000,53.3,4,53.2,2,53.6,4,2,2021-12-28 09:00:27
1640682027520881000,53.2,2,53.2,2,53.6,4,2,2021-12-28 09:00:27
1640682027626016000,53.2,1,53.2,1,53.5,5,2,2021-12-28 09:00:27
1640682030705770000,53.2,1,53.1,8,53.5,2,2,2021-12-28 09:00:30
1640682030705770000,53.1,1,53.1,8,53.5,2,2,2021-12-28 09:00:30
1640682035147829000,53.4,1,53.4,3,53.5,3,2,2021-12-28 09:00:35
1640682035170660000,53.4,2,53.4,1,53.5,3,2,2021-12-28 09:00:35
1640682035694741000,53.5,1,53.4,1,53.5,2,1,2021-12-28 09:00:35
1640682036630692000,53.4,1,53.3,1,53.5,2,2,2021-12-28 09:00:36
1640682041002330000,53.5,2,53.3,5,53.5,1,1,2021-12-28 09:00:41
1640682042425707000,53.5,1,53.4,1,53.6,4,1,2021-12-28 09:00:42
1640682043536854000,53.4,1,53.3,5,53.6,4,2,2021-12-28 09:00:43
1640682044572111000,53.5,1,53.3,5,53.6,6,2,2021-12-28 09:00:44
1640682045133332000,53.6,2,53.3,5,53.6,4,1,2021-12-28 09:00:45
1640682045631156000,53.6,2,53.3,5,53.6,2,1,2021-12-28 09:00:45
1640682046098868000,53.6,2,53.5,1,53.7,4,1,2021-12-28 09:00:46
1640682047238093000,53.6,1,53.5,1,53.7,3,1,2021-12-28 09:00:47
1640682047238093000,53.7,1,53.5,1,53.7,3,1,2021-12-28 09:00:47
1640682047872986000,53.5,1,53.3,5,53.7,3,2,2021-12-28 09:00:47
1640682048113173000,53.3,1,53.3,4,53.6,3,2,2021-12-28 09:00:48
1640682051100730000,53.5,1,53.3,4,53.7,9,1,2021-12-28 09:00:51
1640682054801231000,53.3,1,53.3,5,53.6,1,2,2021-12-28 09:00:54
1640682057664396000,53.4,1,53.4,1,53.5,9,2,2021-12-28 09:00:57
1640682059795640000,53.4,2,53.3,8,53.4,4,2,2021-12-28 09:00:59
1640682060567549000,53.4,1,53.3,9,53.4,3,1,2021-12-28 09:01:00
1640682060813624000,53.4,2,53.3,9,53.4,1,1,2021-12-28 09:01:00
1640682061683627000,53.4,1,53.3,10,53.5,9,1,2021-12-28 09:01:01
1640682063117404000,53.4,1,53.3,11,53.5,9,1,2021-12-28 09:01:03
1640682063549969000,53.4,1,53.3,11,53.5,9,2,2021-12-28 09:01:03
1640682066217158000,53.4,2,53.3,11,53.4,4,2,2021-12-28 09:01:06
1640682066303868000,53.3,1,53.3,10,53.4,4,2,2021-12-28 09:01:06
1640682068106912000,53.4,1,53.3,11,53.4,5,1,2021-12-28 09:01:08
1640682068214904000,53.4,1,53.3,11,53.4,4,1,2021-12-28 09:01:08
1640682068604573000,53.3,1,53.3,10,53.4,4,2,2021-12-28 09:01:08
1640682070131290000,53.4,1,53.3,13,53.4,3,1,2021-12-28 09:01:10
1640682071232673000,53.3,6,53.3,7,53.4,3,2,2021-12-28 09:01:11
1640682072248841000,53.4,1,53.3,8,53.4,2,1,2021-12-28 09:01:12
1640682072537946000,53.4,1,53.3,8,53.4,1,1,2021-12-28 09:01:12
1640682074427645000,53.4,1,53.3,9,53.4,2,1,2021-12-28 09:01:14
1640682076011488000,53.3,1,53.3,8,53.4,2,2,2021-12-28 09:01:16
1640682076672908000,53.4,1,53.3,9,53.4,7,1,2021-12-28 09:01:16
1640682076685988000,53.4,7,53.3,9,53.5,6,1,2021-12-28 09:01:16
1640682076685988000,53.5,3,53.3,9,53.5,6,1,2021-12-28 09:01:16
1640682076726525000,53.3,1,53.3,8,53.5,6,2,2021-12-28 09:01:16
1640682076741800000,53.5,1,53.3,8,53.5,5,1,2021-12-28 09:01:16
1640682078343573000,53.4,1,53.4,6,53.5,5,1,2021-12-28 09:01:18
1640682080279649000,53.4,6,53.3,9,53.5,5,2,2021-12-28 09:01:20
1640682081196858000,53.4,1,53.4,1,53.5,5,2,2021-12-28 09:01:21
1640682081611024000,53.5,1,53.4,1,53.5,4,1,2021-12-28 09:01:21
1640682085338329000,53.4,5,53.3,13,53.5,8,2,2021-12-28 09:01:25
1640682089319182000,53.5,6,53.4,3,53.5,2,1,2021-12-28 09:01:29
1640682090255327000,53.4,1,53.4,2,53.5,2,2,2021-12-28 09:01:30
1640682092387318000,53.5,1,53.4,2,53.5,1,1,2021-12-28 09:01:32
1640682093016479000,53.5,1,53.4,2,53.6,3,1,2021-12-28 09:01:33
1640682096300923000,53.5,1,53.4,5,53.5,1,1,2021-12-28 09:01:36
1640682096817101000,53.5,1,53.4,5,53.6,8,1,2021-12-28 09:01:36
1640682097252098000,53.6,1,53.4,6,53.6,7,1,2021-12-28 09:01:37
1640682103321755000,53.6,1,53.5,3,53.6,8,1,2021-12-28 09:01:43
1640682105808462000,53.5,3,53.4,5,53.5,3,2,2021-12-28 09:01:45
1640682105853367000,53.4,1,53.4,4,53.5,3,2,2021-12-28 09:01:45
1640682105926633000,53.4,1,53.4,3,53.5,3,2,2021-12-28 09:01:45
1640682106172244000,53.5,1,53.4,3,53.5,2,1,2021-12-28 09:01:46
1640682109594561000,53.5,2,53.6,10,53.7,4,1,2021-12-28 09:01:49
1640682109594561000,53.6,8,53.6,10,53.7,4,1,2021-12-28 09:01:49
1640682109636164000,53.6,1,53.6,9,53.7,4,2,2021-12-28 09:01:49
1640682109638216000,53.6,1,53.6,8,53.7,4,2,2021-12-28 09:01:49
1640682109644525000,53.6,1,53.6,7,53.7,4,2,2021-12-28 09:01:49
1640682109658307000,53.6,1,53.6,6,53.7,4,2,2021-12-28 09:01:49
1640682109673763000,53.6,2,53.6,4,53.7,4,2,2021-12-28 09:01:49
1640682109686922000,53.6,1,53.6,3,53.7,4,2,2021-12-28 09:01:49
1640682109706724000,53.6,1,53.4,3,53.7,4,2,2021-12-28 09:01:49
1640682109706751000,53.6,2,53.4,3,53.7,4,2,2021-12-28 09:01:49
1640682109945714000,53.7,1,53.4,3,53.7,3,1,2021-12-28 09:01:49
1640682114385265000,53.5,1,53.5,4,53.7,3,1,2021-12-28 09:01:54
1640682118476702000,53.5,1,53.5,3,53.7,3,2,2021-12-28 09:01:58
1640682124490554000,53.6,1,53.5,4,53.7,3,2,2021-12-28 09:02:04
1640682124490554000,53.5,4,53.5,4,53.7,3,2,2021-12-28 09:02:04
1640682124885729000,53.5,3,53.5,1,53.7,3,2,2021-12-28 09:02:04
1640682125019363000,53.7,1,53.5,1,53.7,2,1,2021-12-28 09:02:05
1640682125552703000,53.5,1,53.4,5,53.7,2,2,2021-12-28 09:02:05
1640682134205612000,53.6,1,53.5,8,53.9,15,1,2021-12-28 09:02:14
1640682134205612000,53.7,3,53.5,8,53.9,15,1,2021-12-28 09:02:14
1640682134205612000,53.8,3,53.5,8,53.9,15,1,2021-12-28 09:02:14
1640682134205612000,53.9,3,53.5,8,53.9,15,1,2021-12-28 09:02:14
1640682134650081000,53.9,1,53.5,8,53.9,14,1,2021-12-28 09:02:14
1640682136716537000,53.5,2,53.5,7,53.7,5,2,2021-12-28 09:02:16
1640682138233519000,53.6,1,53.6,1,53.7,5,2,2021-12-28 09:02:18
1640682140041442000,53.6,2,53.5,7,53.7,13,2,2021-12-28 09:02:20
1640682144502456000,53.7,3,53.6,1,53.7,10,1,2021-12-28 09:02:24
1640682147617822000,53.6,1,53.5,9,53.6,1,2,2021-12-28 09:02:27
1640682147648218000,53.5,9,53.4,8,53.6,1,2,2021-12-28 09:02:27
1640682149067174000,53.6,1,53.4,8,53.7,10,1,2021-12-28 09:02:29
1640682150790332000,53.5,1,53.4,8,53.7,12,2,2021-12-28 09:02:30
1640682154035893000,53.5,1,53.4,8,53.6,4,2,2021-12-28 09:02:34
1640682154068637000,53.4,2,53.4,6,53.6,4,2,2021-12-28 09:02:34
1640682154840643000,53.6,1,53.4,6,53.6,3,1,2021-12-28 09:02:34
1640682157238358000,53.6,3,53.4,6,53.7,14,1,2021-12-28 09:02:37
1640682157238358000,53.7,1,53.4,6,53.7,14,1,2021-12-28 09:02:37
1640682167080002000,53.6,1,53.5,2,53.6,2,1,2021-12-28 09:02:47
1640682168927961000,53.6,1,53.5,3,53.6,1,1,2021-12-28 09:02:48
1640682169517068000,53.5,3,53.4,9,53.5,3,2,2021-12-28 09:02:49
1640682170927684000,53.4,1,53.4,8,53.5,3,2,2021-12-28 09:02:50
1640682171021576000,53.5,1,53.4,8,53.5,2,1,2021-12-28 09:02:51
1640682177909250000,53.5,1,53.4,9,53.5,1,1,2021-12-28 09:02:57
1640682179752109000,53.5,1,53.5,2,53.6,9,1,2021-12-28 09:02:59
1640682183481368000,53.5,4,53.4,8,53.5,1,2,2021-12-28 09:03:03
1640682183519933000,53.4,1,53.4,7,53.5,1,2,2021-12-28 09:03:03
1640682183573641000,53.4,1,53.4,6,53.5,1,2,2021-12-28 09:03:03
1640682183684782000,53.5,1,53.4,6,53.6,9,1,2021-12-28 09:03:03
1640682183778263000,53.4,4,53.4,2,53.6,9,2,2021-12-28 09:03:03
1640682188913454000,53.5,2,53.4,2,53.5,3,1,2021-12-28 09:03:08
1640682190101841000,53.5,4,53.5,11,53.6,9,1,2021-12-28 09:03:10
1640682193007497000,53.5,5,53.5,6,53.6,9,2,2021-12-28 09:03:13
1640682193033819000,53.5,6,53.4,2,53.6,9,2,2021-12-28 09:03:13
1640682199621975000,53.4,1,53.4,1,53.5,2,2,2021-12-28 09:03:19
1640682200604767000,53.5,1,53.4,1,53.5,1,1,2021-12-28 09:03:20
1640682200673601000,53.4,1,53.3,12,53.5,1,2,2021-12-28 09:03:20
1640682201463298000,53.5,1,53.5,4,53.6,9,1,2021-12-28 09:03:21
1640682208083003000,53.5,2,53.5,2,53.6,9,2,2021-12-28 09:03:28
1640682209544639000,53.5,1,53.5,1,53.6,11,2,2021-12-28 09:03:29
1640682209562777000,53.5,1,53.4,1,53.6,11,2,2021-12-28 09:03:29
1640682210228287000,53.6,1,53.4,1,53.6,10,1,2021-12-28 09:03:30
1640682214332482000,53.4,1,53.3,12,53.5,2,2,2021-12-28 09:03:34
1640682217799385000,53.3,1,53.3,11,53.5,3,2,2021-12-28 09:03:37
1640682217827118000,53.3,11,53.2,12,53.5,3,2,2021-12-28 09:03:37
1640682218089143000,53.4,1,53.2,12,53.4,1,1,2021-12-28 09:03:38
1640682221981841000,53.4,1,53.3,1,53.5,3,1,2021-12-28 09:03:41
1640682226202915000,53.5,1,53.3,1,53.5,2,1,2021-12-28 09:03:46
1640682227811949000,53.3,1,53.3,1,53.5,2,2,2021-12-28 09:03:47
1640682227883833000,53.5,1,53.3,1,53.5,1,1,2021-12-28 09:03:47
1640682227963999000,53.3,1,53.2,13,53.5,1,2,2021-12-28 09:03:47
1640682228243821000,53.5,1,53.2,13,53.5,3,1,2021-12-28 09:03:48
1640682230529687000,53.2,5,53.2,8,53.6,10,2,2021-12-28 09:03:50
1640682230703904000,53.2,1,53.2,7,53.5,4,2,2021-12-28 09:03:50
1640682236395701000,53.3,1,53.2,58,53.5,3,1,2021-12-28 09:03:56
1640682241282469000,53.3,1,53.2,58,53.5,3,2,2021-12-28 09:04:01
1640682241282469000,53.2,2,53.2,58,53.5,3,2,2021-12-28 09:04:01
1640682242318250000,53.3,1,53.2,58,53.5,3,2,2021-12-28 09:04:02
1640682246213618000,53.5,3,53.3,2,53.6,9,1,2021-12-28 09:04:06
1640682256692480000,53.5,1,53.3,3,53.5,1,2,2021-12-28 09:04:16
1640682263434107000,53.3,1,53.3,6,53.5,7,2,2021-12-28 09:04:23
1640682267036183000,53.3,1,53.3,5,53.4,1,2,2021-12-28 09:04:27
1640682268634781000,53.4,1,53.3,5,53.5,7,1,2021-12-28 09:04:28
1640682273582128000,53.3,1,53.3,4,53.4,1,2,2021-12-28 09:04:33
1640682273732626000,53.4,1,53.3,4,53.5,7,1,2021-12-28 09:04:33
1640682274986486000,53.3,1,53.3,3,53.5,7,2,2021-12-28 09:04:34
1640682284134504000,53.5,7,53.5,1,53.6,14,1,2021-12-28 09:04:44
1640682291052579000,53.5,1,53.5,1,53.6,14,2,2021-12-28 09:04:51
1640682301007597000,53.5,1,53.4,16,53.6,14,2,2021-12-28 09:05:01
1640682313793357000,53.5,1,53.5,1,53.6,20,2,2021-12-28 09:05:13
1640682320416242000,53.5,1,53.5,1,53.6,20,2,2021-12-28 09:05:20
1640682326528443000,53.6,1,53.5,2,53.6,19,1,2021-12-28 09:05:26
1640682332796768000,53.6,1,53.5,4,53.6,12,1,2021-12-28 09:05:32
1640682338024091000,53.6,1,53.5,4,53.6,11,1,2021-12-28 09:05:38
1640682338749293000,53.5,1,53.5,3,53.6,11,2,2021-12-28 09:05:38
1640682343053808000,53.6,5,53.5,3,53.6,6,1,2021-12-28 09:05:43
1640682345695499000,53.6,1,53.5,3,53.6,5,1,2021-12-28 09:05:45
1640682347393417000,53.6,1,53.5,3,53.6,4,1,2021-12-28 09:05:47
1640682347886441000,53.6,1,53.5,3,53.6,3,1,2021-12-28 09:05:47
1640682352847319000,53.6,1,53.5,3,53.6,2,1,2021-12-28 09:05:52
1640682359164543000,53.6,1,53.5,2,53.6,2,1,2021-12-28 09:05:59
1640682362523894000,53.6,2,53.6,3,53.7,20,1,2021-12-28 09:06:02
1640682362635969000,53.6,2,53.6,1,53.7,20,2,2021-12-28 09:06:02
1640682364161055000,53.6,2,53.5,2,53.7,20,2,2021-12-28 09:06:04
1640682370594625000,53.5,1,53.5,2,53.6,3,2,2021-12-28 09:06:10
1640682370626645000,53.5,2,53.4,15,53.6,3,2,2021-12-28 09:06:10
1640682388362222000,53.4,15,53.3,15,53.6,4,2,2021-12-28 09:06:28
1640682392167493000,53.3,1,53.3,14,53.5,2,2,2021-12-28 09:06:32
1640682392949130000,53.3,14,53.2,69,53.3,6,2,2021-12-28 09:06:32
1640682405118970000,53.2,9,53.2,59,53.3,10,2,2021-12-28 09:06:45
1640682405744099000,53.2,1,53.2,58,53.3,9,2,2021-12-28 09:06:45
1640682407506867000,53.2,9,53.2,49,53.3,9,2,2021-12-28 09:06:47
1640682409678966000,53.2,4,53.2,45,53.3,13,2,2021-12-28 09:06:49
1640682411088799000,53.2,1,53.2,44,53.3,13,2,2021-12-28 09:06:51
1640682411385020000,53.2,6,53.2,38,53.3,13,2,2021-12-28 09:06:51
1640682412573114000,53.2,10,53.2,28,53.3,13,2,2021-12-28 09:06:52
1640682413616721000,53.2,3,53.2,25,53.3,13,2,2021-12-28 09:06:53
1640682413889028000,53.2,1,53.2,24,53.3,13,2,2021-12-28 09:06:53
1640682415742995000,53.2,1,53.2,23,53.3,13,2,2021-12-28 09:06:55
1640682420126971000,53.2,1,53.2,22,53.3,13,2,2021-12-28 09:07:00
1640682428258215000,53.3,1,53.2,23,53.3,12,1,2021-12-28 09:07:08
1640682428344410000,53.2,4,53.2,19,53.3,12,2,2021-12-28 09:07:08
1640682433683194000,53.3,12,53.2,29,53.6,2,1,2021-12-28 09:07:13
1640682434186008000,53.2,1,53.2,28,53.5,1,2,2021-12-28 09:07:14
1640682438385007000,53.2,1,53.2,28,53.5,1,2,2021-12-28 09:07:18
1640682442693031000,53.3,1,53.1,19,53.2,1,2,2021-12-28 09:07:22
1640682442693031000,53.2,28,53.1,19,53.2,1,2,2021-12-28 09:07:22
1640682442791854000,53.1,1,53.1,18,53.2,1,2,2021-12-28 09:07:22
1640682443411990000,53.1,1,53.1,17,53.2,1,2,2021-12-28 09:07:23
1640682446746692000,53.1,17,53.0,20,53.1,3,2,2021-12-28 09:07:26
1640682446795058000,53.0,1,53.0,19,53.1,3,2,2021-12-28 09:07:26
1640682446816216000,53.0,1,53.0,18,53.1,3,2,2021-12-28 09:07:26
1640682446904327000,53.0,2,53.0,16,53.1,5,2,2021-12-28 09:07:26
1640682447827651000,53.0,10,53.0,6,53.1,5,2,2021-12-28 09:07:27
1640682447847561000,53.0,6,52.9,6,53.1,5,2,2021-12-28 09:07:27
1640682451246689000,52.9,6,52.8,11,53.1,6,2,2021-12-28 09:07:31
1640682451246689000,52.8,2,52.8,11,53.1,6,2,2021-12-28 09:07:31
1640682451347802000,52.8,8,52.8,3,53.1,6,2,2021-12-28 09:07:31
1640682451378843000,52.8,3,52.7,6,53.1,6,2,2021-12-28 09:07:31
1640682452421547000,52.7,1,52.7,5,53.0,3,2,2021-12-28 09:07:32
1640682455624563000,53.0,1,52.7,5,53.0,3,1,2021-12-28 09:07:35
1640682456812604000,52.7,6,52.6,4,53.0,3,2,2021-12-28 09:07:36
1640682458369182000,52.8,2,52.6,4,53.0,3,1,2021-12-28 09:07:38
1640682463121324000,52.8,1,52.7,1,52.9,1,1,2021-12-28 09:07:43
1640682465166139000,52.8,1,52.7,1,52.9,1,1,2021-12-28 09:07:45
1640682467699408000,52.9,1,52.7,1,53.0,2,1,2021-12-28 09:07:47
1640682467699408000,53.0,1,52.7,1,53.0,2,1,2021-12-28 09:07:47
1640682473120393000,52.8,1,52.8,6,53.0,1,2,2021-12-28 09:07:53
1640682475952426000,53.0,1,52.8,8,53.1,6,1,2021-12-28 09:07:55
1640682476013337000,53.0,1,52.8,8,53.1,6,1,2021-12-28 09:07:56
1640682481158092000,53.0,1,52.8,8,53.0,1,1,2021-12-28 09:08:01
1640682482669345000,53.0,1,52.8,8,53.1,6,1,2021-12-28 09:08:02
1640682485079191000,53.1,1,52.8,8,53.1,5,1,2021-12-28 09:08:05
1640682490149310000,53.0,1,52.9,1,53.1,5,1,2021-12-28 09:08:10
1640682497273373000,52.9,1,52.8,8,53.0,2,2,2021-12-28 09:08:17
1640682497372082000,52.9,1,52.8,8,53.0,2,1,2021-12-28 09:08:17
1640682501802135000,52.8,1,52.8,7,53.0,2,2,2021-12-28 09:08:21
1640682505757555000,52.8,8,52.7,9,53.0,2,2,2021-12-28 09:08:25
1640682507764022000,52.7,8,52.7,1,53.0,2,2,2021-12-28 09:08:27
1640682507803576000,52.7,1,52.6,6,53.0,2,2,2021-12-28 09:08:27
1640682514872028000,52.7,2,52.6,6,52.8,5,2,2021-12-28 09:08:34
1640682531239810000,52.8,1,52.7,4,52.8,4,1,2021-12-28 09:08:51
1640682531275008000,52.8,4,52.7,4,52.9,3,1,2021-12-28 09:08:51
1640682534377977000,52.9,3,52.8,1,53.0,2,1,2021-12-28 09:08:54
1640682541134324000,53.0,1,52.8,1,53.0,2,1,2021-12-28 09:09:01
1640682541942437000,52.9,1,52.8,1,52.9,1,1,2021-12-28 09:09:01
1640682542251505000,52.9,1,52.8,1,53.0,2,1,2021-12-28 09:09:02
1640682546948770000,53.0,1,52.8,2,53.0,1,1,2021-12-28 09:09:06
1640682552754543000,53.0,1,52.9,5,53.1,9,1,2021-12-28 09:09:12
1640682558874446000,53.1,1,53.0,7,53.1,8,1,2021-12-28 09:09:18
1640682559006745000,53.1,1,53.0,7,53.1,7,1,2021-12-28 09:09:19
1640682559068313000,53.1,2,53.0,9,53.1,5,1,2021-12-28 09:09:19
1640682560386358000,53.1,4,53.0,9,53.1,1,1,2021-12-28 09:09:20
1640682560409442000,53.1,1,53.0,9,53.4,1,1,2021-12-28 09:09:20
1640682562496411000,53.0,13,52.8,2,53.4,1,2,2021-12-28 09:09:22
1640682562496411000,52.9,5,52.8,2,53.4,1,2,2021-12-28 09:09:22
1640682562496411000,52.8,2,52.8,2,53.4,1,2,2021-12-28 09:09:22
1640682564881412000,53.4,1,53.1,1,53.5,1,1,2021-12-28 09:09:24
1640682570901760000,53.4,1,53.1,1,53.4,5,1,2021-12-28 09:09:30
1640682576940794000,53.3,1,53.1,3,53.4,5,1,2021-12-28 09:09:36
1640682582969804000,53.4,1,53.1,3,53.4,6,1,2021-12-28 09:09:42
1640682586264470000,53.3,1,53.1,4,53.4,6,1,2021-12-28 09:09:46
1640682588994043000,53.4,1,53.1,4,53.4,5,1,2021-12-28 09:09:48
1640682589022472000,53.4,1,53.1,4,53.4,4,1,2021-12-28 09:09:49
1640682595023409000,53.3,1,53.1,4,53.3,7,1,2021-12-28 09:09:55
1640682598864488000,53.3,1,53.1,4,53.3,6,1,2021-12-28 09:09:58
1640682600843184000,53.3,1,53.1,4,53.3,7,1,2021-12-28 09:10:00
1640682602102375000,53.3,1,53.2,1,53.3,6,1,2021-12-28 09:10:02
1640682603228877000,53.3,1,53.2,1,53.3,5,1,2021-12-28 09:10:03
1640682604320024000,53.3,1,53.2,1,53.3,4,1,2021-12-28 09:10:04
1640682607068693000,53.3,1,53.2,1,53.3,3,1,2021-12-28 09:10:07
1640682612284945000,53.3,1,53.2,7,53.3,6,1,2021-12-28 09:10:12
1640682613089714000,53.3,1,53.2,7,53.3,5,1,2021-12-28 09:10:13
1640682619104878000,53.3,1,53.2,7,53.3,4,1,2021-12-28 09:10:19
1640682620129898000,53.3,1,53.2,7,53.3,3,1,2021-12-28 09:10:20
1640682620542281000,53.3,2,53.2,7,53.3,1,1,2021-12-28 09:10:20
1640682624595828000,53.3,1,53.2,7,53.4,3,1,2021-12-28 09:10:24
1640682624595828000,53.4,1,53.2,7,53.4,3,1,2021-12-28 09:10:24
1640682625016964000,53.2,7,53.1,1,53.4,3,2,2021-12-28 09:10:25
1640682625016964000,53.1,3,53.1,1,53.4,3,2,2021-12-28 09:10:25
1640682625128744000,53.4,1,53.1,1,53.4,2,1,2021-12-28 09:10:25
1640682629668813000,53.2,1,53.1,1,53.4,2,1,2021-12-28 09:10:29
1640682631151216000,53.3,1,53.1,1,53.4,3,1,2021-12-28 09:10:31
1640682636971529000,53.4,1,53.3,6,53.4,2,1,2021-12-28 09:10:36
1640682642994087000,53.4,1,53.3,6,53.4,1,1,2021-12-28 09:10:42
1640682649208408000,53.4,1,53.3,6,53.5,5,1,2021-12-28 09:10:49
1640682655026335000,53.5,1,53.3,6,53.5,4,1,2021-12-28 09:10:55
1640682661048062000,53.5,1,53.3,6,53.5,3,1,2021-12-28 09:11:01
1640682667266065000,53.5,1,53.3,6,53.5,2,1,2021-12-28 09:11:07
1640682670100237000,53.5,2,53.5,1,53.6,9,1,2021-12-28 09:11:10
1640682673083407000,53.6,1,53.5,1,53.6,8,1,2021-12-28 09:11:13
1640682679105748000,53.6,1,53.5,2,53.6,7,1,2021-12-28 09:11:19
1640682680057409000,53.6,1,53.5,2,53.6,6,1,2021-12-28 09:11:20
1640682682282702000,53.5,1,53.5,1,53.6,6,2,2021-12-28 09:11:22
1640682685324319000,53.6,1,53.5,1,53.6,5,1,2021-12-28 09:11:25
1640682687350853000,53.5,1,53.5,1,53.6,5,2,2021-12-28 09:11:27
1640682691345943000,53.6,1,53.5,1,53.6,4,1,2021-12-28 09:11:31
1640682692693097000,53.5,1,53.4,1,53.6,4,2,2021-12-28 09:11:32
1640682697159966000,53.6,1,53.3,3,53.6,3,1,2021-12-28 09:11:37
1640682703382380000,53.6,1,53.5,1,53.6,2,1,2021-12-28 09:11:43
1640682707115085000,53.5,1,53.0,9,53.6,2,2,2021-12-28 09:11:47
1640682707115085000,53.3,4,53.0,9,53.6,2,2,2021-12-28 09:11:47
1640682707115085000,53.2,5,53.0,9,53.6,2,2,2021-12-28 09:11:47
1640682707115085000,53.1,4,53.0,9,53.6,2,2,2021-12-28 09:11:47
1640682707115085000,53.0,6,53.0,9,53.6,2,2,2021-12-28 09:11:47
1640682707678833000,53.6,1,53.0,9,53.6,1,1,2021-12-28 09:11:47
1640682709204222000,53.5,1,53.1,4,53.5,1,1,2021-12-28 09:11:49
1640682711238467000,53.5,1,53.1,3,53.7,4,1,2021-12-28 09:11:51
1640682711238467000,53.6,1,53.1,3,53.7,4,1,2021-12-28 09:11:51
1640682715217853000,53.7,1,53.1,3,53.7,3,1,2021-12-28 09:11:55
1640682718782971000,53.6,1,53.2,3,53.7,3,1,2021-12-28 09:11:58
1640682721448334000,53.6,1,53.3,1,53.7,4,1,2021-12-28 09:12:01
1640682727263949000,53.7,1,53.3,1,53.7,3,1,2021-12-28 09:12:07
1640682731197688000,53.3,1,53.1,3,53.7,3,2,2021-12-28 09:12:11
1640682731197688000,53.2,4,53.1,3,53.7,3,2,2021-12-28 09:12:11
1640682733076379000,53.7,1,53.1,3,53.7,2,1,2021-12-28 09:12:13
1640682733211932000,53.7,1,53.2,1,53.7,1,1,2021-12-28 09:12:13
1640682739297501000,53.7,1,53.1,4,53.7,1,1,2021-12-28 09:12:19
1640682745113136000,53.7,1,53.1,5,53.8,6,1,2021-12-28 09:12:25
1640682751134838000,53.7,1,53.2,1,53.7,3,1,2021-12-28 09:12:31
1640682752688329000,53.7,3,53.3,1,53.7,1,1,2021-12-28 09:12:32
1640682755216756000,53.7,2,53.6,1,53.8,2,1,2021-12-28 09:12:35
1640682755216756000,53.8,4,53.6,1,53.8,2,1,2021-12-28 09:12:35
1640682755248349000,53.6,1,53.2,1,53.8,2,2,2021-12-28 09:12:35
1640682757357944000,53.7,1,53.2,1,53.8,2,1,2021-12-28 09:12:37
1640682763170971000,53.8,1,53.3,2,53.8,6,1,2021-12-28 09:12:43
1640682765782722000,53.5,1,53.3,3,53.8,7,2,2021-12-28 09:12:45
1640682765782722000,53.4,1,53.3,3,53.8,7,2,2021-12-28 09:12:45
1640682768398853000,53.7,1,53.3,3,53.8,7,1,2021-12-28 09:12:48
1640682770596113000,53.7,1,53.4,1,53.8,7,1,2021-12-28 09:12:50
1640682775407702000,53.8,1,53.5,2,53.8,7,1,2021-12-28 09:12:55
1640682777763856000,53.8,1,53.5,3,53.8,7,1,2021-12-28 09:12:57
1640682780949867000,53.8,1,53.5,3,53.8,6,1,2021-12-28 09:13:00
1640682781432500000,53.8,1,53.5,3,53.8,5,1,2021-12-28 09:13:01
1640682787449757000,53.8,1,53.5,3,53.8,5,1,2021-12-28 09:13:07
1640682791906459000,53.7,1,53.5,5,53.8,2,1,2021-12-28 09:13:11
1640682791906459000,53.8,4,53.5,5,53.8,2,1,2021-12-28 09:13:11
1640682793470065000,53.8,1,53.5,5,53.8,1,1,2021-12-28 09:13:13
1640682796006625000,53.8,1,53.5,6,53.9,17,1,2021-12-28 09:13:16
1640682796467442000,53.7,1,53.5,6,53.9,17,1,2021-12-28 09:13:16
1640682796569617000,53.8,1,53.5,6,53.9,17,2,2021-12-28 09:13:16
1640682799484587000,53.8,1,53.5,6,53.8,1,1,2021-12-28 09:13:19
1640682801112972000,53.8,1,53.5,6,53.9,17,1,2021-12-28 09:13:21
1640682805508108000,53.9,1,53.6,1,53.9,16,1,2021-12-28 09:13:25
1640682805658630000,53.9,3,53.8,1,53.9,13,1,2021-12-28 09:13:25
1640682805699425000,53.9,1,53.8,1,53.9,12,1,2021-12-28 09:13:25
1640682805719872000,53.9,12,53.8,1,54.0,10,1,2021-12-28 09:13:25
1640682810052930000,54.0,1,53.8,1,54.0,9,1,2021-12-28 09:13:30
1640682810140799000,54.0,1,53.8,1,54.0,8,1,2021-12-28 09:13:30
1640682810170318000,54.0,2,53.8,1,54.0,6,1,2021-12-28 09:13:30
1640682810324819000,54.0,1,53.8,1,54.0,5,1,2021-12-28 09:13:30
1640682811521841000,54.0,1,53.8,1,54.0,4,1,2021-12-28 09:13:31
1640682812082051000,53.9,1,53.8,1,54.0,4,2,2021-12-28 09:13:32
1640682816004563000,54.0,1,53.9,1,54.0,3,1,2021-12-28 09:13:36
1640682816804597000,54.0,3,53.9,4,54.0,1,1,2021-12-28 09:13:36
1640682817247194000,54.0,1,53.9,4,54.1,19,1,2021-12-28 09:13:37
1640682817545348000,54.1,1,53.9,4,54.1,18,1,2021-12-28 09:13:37
1640682818253364000,54.1,1,53.9,4,54.1,17,1,2021-12-28 09:13:38
1640682822984623000,54.1,1,54.0,1,54.1,16,1,2021-12-28 09:13:42
1640682823107667000,54.0,1,53.9,5,54.0,2,2,2021-12-28 09:13:43
1640682823365645000,54.0,1,53.9,5,54.0,1,1,2021-12-28 09:13:43
1640682824403069000,54.0,1,53.9,5,54.1,16,1,2021-12-28 09:13:44
1640682824587074000,54.1,1,53.9,5,54.1,15,1,2021-12-28 09:13:44
1640682824623708000,53.9,1,53.9,4,54.1,15,2,2021-12-28 09:13:44
1640682824791533000,54.1,3,53.9,5,54.1,12,1,2021-12-28 09:13:44
1640682824989674000,53.9,5,53.6,1,54.1,12,2,2021-12-28 09:13:44
1640682824989674000,53.8,1,53.6,1,54.1,12,2,2021-12-28 09:13:44
1640682824989674000,53.6,1,53.6,1,54.1,12,2,2021-12-28 09:13:44
1640682827350055000,54.0,1,53.7,1,54.1,12,1,2021-12-28 09:13:47
1640682829578684000,54.0,1,53.7,1,54.1,12,1,2021-12-28 09:13:49
1640682830313388000,54.0,1,53.8,1,54.1,12,2,2021-12-28 09:13:50
1640682833808262000,53.9,1,53.7,1,53.9,3,1,2021-12-28 09:13:53
1640682835159155000,53.9,3,54.0,1,54.1,12,1,2021-12-28 09:13:55
1640682835159155000,54.0,1,54.0,1,54.1,12,1,2021-12-28 09:13:55
1640682835397514000,54.1,1,54.0,1,54.1,11,1,2021-12-28 09:13:55
1640682840065755000,54.1,2,54.0,1,54.1,9,1,2021-12-28 09:14:00
1640682841420567000,54.1,1,54.0,1,54.1,8,1,2021-12-28 09:14:01
1640682841545108000,54.1,1,54.0,1,54.1,7,1,2021-12-28 09:14:01
1640682841796092000,54.1,1,54.0,1,54.1,6,1,2021-12-28 09:14:01
1640682841953083000,54.0,2,53.7,1,54.1,6,2,2021-12-28 09:14:01
1640682842515923000,54.0,1,54.0,2,54.1,6,1,2021-12-28 09:14:02
1640682843325295000,54.1,1,54.0,2,54.1,5,1,2021-12-28 09:14:03
1640682844411029000,54.1,1,54.0,2,54.1,4,1,2021-12-28 09:14:04
1640682845836467000,54.0,1,54.0,1,54.1,5,2,2021-12-28 09:14:05
1640682847467186000,54.1,1,54.0,1,54.1,4,1,2021-12-28 09:14:07
1640682847639413000,54.1,1,54.0,1,54.1,3,1,2021-12-28 09:14:07
1640682848551716000,54.1,2,54.0,2,54.1,1,1,2021-12-28 09:14:08
1640682851596915000,54.1,1,54.0,2,54.2,15,1,2021-12-28 09:14:11
1640682852500624000,54.2,10,54.0,2,54.2,5,1,2021-12-28 09:14:12
1640682853460804000,54.1,1,54.0,3,54.2,5,1,2021-12-28 09:14:13
1640682853584827000,54.2,5,54.1,1,54.3,4,1,2021-12-28 09:14:13
1640682859442708000,54.2,1,54.1,2,54.3,5,1,2021-12-28 09:14:19
1640682862768847000,54.3,1,54.1,2,54.3,4,1,2021-12-28 09:14:22
1640682864095640000,54.2,1,54.2,4,54.3,4,1,2021-12-28 09:14:24
1640682864343557000,54.3,1,54.2,4,54.3,4,1,2021-12-28 09:14:24
1640682865619614000,54.3,1,54.2,5,54.3,4,1,2021-12-28 09:14:25
1640682867385147000,54.2,1,54.2,5,54.3,4,2,2021-12-28 09:14:27
1640682868622140000,54.3,2,54.2,5,54.3,2,1,2021-12-28 09:14:28
1640682870668372000,54.3,1,54.2,5,54.3,1,1,2021-12-28 09:14:30
1640682871404093000,54.3,1,54.2,5,54.4,16,1,2021-12-28 09:14:31
1640682875849548000,54.4,8,54.3,2,54.4,8,1,2021-12-28 09:14:35
1640682876074649000,54.4,1,54.3,2,54.4,7,1,2021-12-28 09:14:36
1640682876112773000,54.4,2,54.3,2,54.4,5,1,2021-12-28 09:14:36
1640682876133470000,54.4,3,54.3,2,54.4,2,1,2021-12-28 09:14:36
1640682876137673000,54.4,1,54.3,2,54.4,1,1,2021-12-28 09:14:36
1640682876153649000,54.4,1,54.3,2,54.5,52,1,2021-12-28 09:14:36
1640682877392159000,54.5,1,54.4,1,54.5,51,1,2021-12-28 09:14:37
1640682877692914000,54.5,1,54.4,1,54.5,52,1,2021-12-28 09:14:37
1640682877719421000,54.5,12,54.4,1,54.5,40,1,2021-12-28 09:14:37
1640682877746363000,54.5,6,54.4,1,54.5,34,1,2021-12-28 09:14:37
1640682877940420000,54.4,1,54.3,2,54.5,34,2,2021-12-28 09:14:37
1640682879937817000,54.5,1,54.3,2,54.5,33,1,2021-12-28 09:14:39
1640682880162883000,54.5,3,54.3,3,54.5,30,1,2021-12-28 09:14:40
1640682880875855000,54.5,2,54.3,3,54.5,28,1,2021-12-28 09:14:40
1640682881548013000,54.5,4,54.4,1,54.5,24,1,2021-12-28 09:14:41
1640682881572185000,54.5,4,54.4,1,54.5,20,1,2021-12-28 09:14:41
1640682881593210000,54.5,3,54.4,1,54.5,17,1,2021-12-28 09:14:41
1640682881714426000,54.5,5,54.4,1,54.5,12,1,2021-12-28 09:14:41
1640682881747864000,54.5,5,54.4,1,54.5,7,1,2021-12-28 09:14:41
1640682881778488000,54.5,5,54.4,1,54.5,2,1,2021-12-28 09:14:41
1640682881811602000,54.5,2,54.4,1,54.6,6,1,2021-12-28 09:14:41
1640682883597609000,54.6,1,54.4,1,54.6,5,1,2021-12-28 09:14:43
1640682884072453000,54.6,4,54.4,3,54.6,1,1,2021-12-28 09:14:44
1640682884104122000,54.6,1,54.4,3,54.7,7,1,2021-12-28 09:14:44
1640682887743659000,54.7,1,54.5,13,54.7,6,1,2021-12-28 09:14:47
1640682888001771000,54.7,2,54.5,13,54.7,4,1,2021-12-28 09:14:48
1640682888117433000,54.7,1,54.5,13,54.7,3,1,2021-12-28 09:14:48
1640682888287913000,54.5,1,54.5,12,54.7,3,2,2021-12-28 09:14:48
1640682889193495000,54.7,1,54.5,12,54.7,2,1,2021-12-28 09:14:49
1640682889404074000,54.7,1,54.5,14,54.7,1,1,2021-12-28 09:14:49
1640682889796856000,54.7,1,54.5,14,54.8,7,1,2021-12-28 09:14:49
1640682891805768000,54.7,1,54.6,1,54.9,1,1,2021-12-28 09:14:51
1640682891805768000,54.8,7,54.6,1,54.9,1,1,2021-12-28 09:14:51
1640682891805768000,54.9,2,54.6,1,54.9,1,1,2021-12-28 09:14:51
1640682894369081000,54.9,1,54.7,1,55.0,12,1,2021-12-28 09:14:54
1640682895416317000,55.0,1,54.7,2,55.0,11,1,2021-12-28 09:14:55
1640682895743915000,55.0,1,54.9,1,55.0,10,1,2021-12-28 09:14:55
1640682895914839000,54.9,1,54.8,1,55.0,10,2,2021-12-28 09:14:55
1640682897345481000,55.0,1,54.9,2,55.0,9,1,2021-12-28 09:14:57
1640682898845654000,54.9,1,54.9,1,55.0,8,2,2021-12-28 09:14:58
1640682899499417000,54.9,1,54.9,1,55.0,9,2,2021-12-28 09:14:59
1640682899978824000,55.0,10,54.9,1,55.0,4,1,2021-12-28 09:14:59
1640682900507829000,55.0,4,55.0,1,55.1,3,1,2021-12-28 09:15:00
1640682900791660000,55.1,3,55.0,1,55.2,11,1,2021-12-28 09:15:00
1640682901002901000,55.0,3,54.8,1,54.9,1,2,2021-12-28 09:15:01
1640682901002901000,54.9,1,54.8,1,54.9,1,2,2021-12-28 09:15:01
1640682901401236000,54.9,2,54.8,1,55.0,2,1,2021-12-28 09:15:01
1640682901540478000,55.0,1,54.8,1,55.0,1,1,2021-12-28 09:15:01
1640682901592768000,55.0,1,54.8,1,55.2,11,1,2021-12-28 09:15:01
1640682901621800000,55.0,1,54.8,1,55.2,11,1,2021-12-28 09:15:01
1640682901645965000,55.2,2,54.8,1,55.2,9,1,2021-12-28 09:15:01
1640682904143986000,55.0,1,54.9,1,55.1,1,1,2021-12-28 09:15:04
1640682904155274000,55.1,1,54.9,1,55.2,9,1,2021-12-28 09:15:04
1640682904932656000,55.2,1,55.1,1,55.2,8,1,2021-12-28 09:15:04
1640682905231136000,55.2,5,55.1,1,55.2,3,1,2021-12-28 09:15:05
1640682905490000000,55.1,1,54.9,1,55.2,4,2,2021-12-28 09:15:05
1640682905849798000,55.2,1,54.9,1,55.2,3,1,2021-12-28 09:15:05
1640682906425072000,55.2,1,55.0,1,55.2,2,1,2021-12-28 09:15:06
1640682906710222000,55.2,1,55.0,1,55.2,1,1,2021-12-28 09:15:06
1640682908555907000,55.1,1,55.1,3,55.2,1,2,2021-12-28 09:15:08
1640682909308881000,55.2,1,55.1,3,55.3,1,1,2021-12-28 09:15:09
1640682910454326000,55.2,1,55.1,3,55.3,1,2,2021-12-28 09:15:10
1640682911324710000,55.3,2,55.1,3,55.4,4,1,2021-12-28 09:15:11
1640682912315073000,55.4,1,55.2,1,55.4,3,1,2021-12-28 09:15:12
1640682912435923000,55.2,4,55.2,4,55.4,3,2,2021-12-28 09:15:12
1640682913438394000,55.4,1,55.2,4,55.4,2,1,2021-12-28 09:15:13
1640682913675189000,55.2,1,55.2,3,55.4,2,2,2021-12-28 09:15:13
1640682914552390000,55.4,1,55.2,3,55.4,1,1,2021-12-28 09:15:14
1640682916172328000,55.4,1,55.2,4,55.5,12,1,2021-12-28 09:15:16
1640682917180974000,55.4,1,55.2,4,55.4,2,1,2021-12-28 09:15:17
1640682917821160000,55.4,1,55.2,4,55.4,1,1,2021-12-28 09:15:17
1640682918160256000,55.4,1,55.2,4,55.4,1,1,2021-12-28 09:15:18
1640682919348830000,55.3,1,55.2,24,55.4,2,1,2021-12-28 09:15:19
1640682919348830000,55.4,4,55.2,24,55.4,2,1,2021-12-28 09:15:19
1640682919483435000,55.4,2,55.4,1,55.5,11,1,2021-12-28 09:15:19
1640682919652719000,55.5,1,55.4,1,55.5,10,1,2021-12-28 09:15:19
1640682919658569000,55.4,1,55.2,24,55.5,10,2,2021-12-28 09:15:19
1640682920419576000,55.2,1,55.2,23,55.5,10,2,2021-12-28 09:15:20
1640682920785124000,55.4,1,55.2,23,55.5,10,2,2021-12-28 09:15:20
1640682922530840000,55.5,2,55.4,10,55.5,8,1,2021-12-28 09:15:22
1640682922570516000,55.5,1,55.4,10,55.5,7,1,2021-12-28 09:15:22
1640682922619250000,55.4,1,55.4,9,55.5,7,2,2021-12-28 09:15:22
1640682923008996000,55.4,5,55.4,5,55.5,7,2,2021-12-28 09:15:23
1640682924255156000,55.5,1,55.4,5,55.5,8,1,2021-12-28 09:15:24
1640682924505813000,55.4,1,55.4,4,55.5,8,2,2021-12-28 09:15:24
1640682925464971000,55.4,2,55.4,2,55.5,8,2,2021-12-28 09:15:25
1640682925469675000,55.5,1,55.4,2,55.5,7,1,2021-12-28 09:15:25
1640682925507277000,55.4,2,55.3,1,55.5,7,2,2021-12-28 09:15:25
1640682926767879000,55.4,1,55.4,2,55.5,8,2,2021-12-28 09:15:26
1640682926961713000,55.5,1,55.4,2,55.5,7,1,2021-12-28 09:15:26
1640682927076540000,55.5,2,55.4,2,55.5,5,1,2021-12-28 09:15:27
1640682927086597000,55.4,1,55.4,1,55.5,5,2,2021-12-28 09:15:27
1640682928055082000,55.4,1,55.3,2,55.5,5,2,2021-12-28 09:15:28
1640682928558134000,55.5,1,55.3,1,55.5,4,1,2021-12-28 09:15:28
1640682929341746000,55.5,1,55.4,1,55.5,3,1,2021-12-28 09:15:29
1640682930035185000,55.4,1,55.3,1,55.5,3,2,2021-12-28 09:15:30
1640682930823099000,55.4,1,55.3,1,55.4,1,2,2021-12-28 09:15:30
1640682930926080000,55.3,1,55.2,24,55.4,1,2,2021-12-28 09:15:30
1640682931681004000,55.4,1,55.2,24,55.4,1,1,2021-12-28 09:15:31
1640682933209884000,55.3,1,55.2,24,55.4,6,1,2021-12-28 09:15:33
1640682933747585000,55.4,6,55.3,1,55.6,2,1,2021-12-28 09:15:33
1640682933747585000,55.5,4,55.3,1,55.6,2,1,2021-12-28 09:15:33
1640682934167476000,55.3,1,55.2,24,55.6,2,2,2021-12-28 09:15:34
1640682934849844000,55.4,1,55.2,24,55.6,2,2,2021-12-28 09:15:34
1640682935815639000,55.3,1,55.2,24,55.5,5,2,2021-12-28 09:15:35
1640682936490681000,55.4,1,55.3,1,55.4,1,1,2021-12-28 09:15:36
1640682937948416000,55.3,1,55.2,24,55.4,3,2,2021-12-28 09:15:37
1640682939012308000,55.3,1,55.2,24,55.4,3,1,2021-12-28 09:15:39
1640682939110351000,55.4,1,55.2,24,55.4,2,1,2021-12-28 09:15:39
1640682939147874000,55.4,2,55.2,24,55.5,5,1,2021-12-28 09:15:39
1640682939147874000,55.5,1,55.2,24,55.5,5,1,2021-12-28 09:15:39
1640682939160224000,55.2,1,55.2,23,55.5,5,2,2021-12-28 09:15:39
1640682942275604000,55.3,1,55.2,23,55.4,6,2,2021-12-28 09:15:42
1640682943504310000,55.4,1,55.2,23,55.4,9,1,2021-12-28 09:15:43
1640682945624318000,55.2,20,55.2,5,55.3,1,2,2021-12-28 09:15:45
1640682945657022000,55.2,5,55.1,5,55.3,1,2,2021-12-28 09:15:45
1640682945787208000,55.3,1,55.2,1,55.4,13,1,2021-12-28 09:15:45
1640682946793265000,55.2,1,55.2,2,55.4,13,2,2021-12-28 09:15:46
1640682947524502000,55.2,1,55.2,2,55.3,1,2,2021-12-28 09:15:47
1640682947865010000,55.2,4,54.8,9,55.3,2,2,2021-12-28 09:15:47
1640682947865010000,55.1,5,54.8,9,55.3,2,2,2021-12-28 09:15:47
1640682947865010000,55.0,10,54.8,9,55.3,2,2,2021-12-28 09:15:47
1640682947865010000,54.9,4,54.8,9,55.3,2,2,2021-12-28 09:15:47
1640682947865010000,54.8,2,54.8,9,55.3,2,2,2021-12-28 09:15:47
1640682948111568000,54.9,1,54.8,7,55.2,2,2,2021-12-28 09:15:48
1640682948111568000,54.8,2,54.8,7,55.2,2,2,2021-12-28 09:15:48
1640682948515066000,55.2,1,54.8,7,55.2,1,1,2021-12-28 09:15:48
1640682949257006000,54.9,1,54.8,7,55.2,3,2,2021-12-28 09:15:49
1640682949334989000,54.9,1,54.8,7,55.1,2,2,2021-12-28 09:15:49
1640682949692220000,55.1,2,54.9,1,55.2,1,1,2021-12-28 09:15:49
1640682949692220000,55.2,2,54.9,1,55.2,1,1,2021-12-28 09:15:49
1640682953591784000,54.9,1,54.8,7,55.1,1,2,2021-12-28 09:15:53
1640682953591784000,54.8,2,54.8,7,55.1,1,2,2021-12-28 09:15:53
1640682954428373000,54.8,7,54.7,2,55.0,50,2,2021-12-28 09:15:54
1640682954523418000,55.0,1,54.7,2,55.0,49,1,2021-12-28 09:15:54
1640682954628759000,54.7,1,54.7,1,55.0,49,2,2021-12-28 09:15:54
1640682954656639000,54.7,1,54.6,5,55.0,49,2,2021-12-28 09:15:54
1640682956153810000,54.9,1,54.6,6,55.0,49,1,2021-12-28 09:15:56
1640682957733434000,54.9,1,54.6,6,55.0,40,1,2021-12-28 09:15:57
1640682957733434000,55.0,9,54.6,6,55.0,40,1,2021-12-28 09:15:57
1640682960363751000,54.7,2,54.6,5,54.8,1,2,2021-12-28 09:16:00
1640682960536603000,54.8,1,54.6,5,55.0,42,1,2021-12-28 09:16:00
1640682963759455000,54.7,1,54.6,5,55.0,42,2,2021-12-28 09:16:03
1640682965541617000,54.7,1,54.7,1,54.9,1,1,2021-12-28 09:16:05
1640682966554136000,54.9,1,54.7,1,55.0,42,1,2021-12-28 09:16:06
1640682971348799000,54.8,1,54.7,6,55.0,41,1,2021-12-28 09:16:11
1640682971494561000,54.7,5,54.7,1,55.0,41,2,2021-12-28 09:16:11
1640682971758274000,54.7,2,54.4,2,54.5,1,2,2021-12-28 09:16:11
1640682971758274000,54.6,5,54.4,2,54.5,1,2,2021-12-28 09:16:11
1640682971758274000,54.5,42,54.4,2,54.5,1,2,2021-12-28 09:16:11
1640682971766967000,54.5,1,54.4,2,55.0,41,1,2021-12-28 09:16:11
1640682972571816000,54.8,1,54.6,2,54.8,5,1,2021-12-28 09:16:12
1640682978378912000,54.7,1,54.6,4,54.8,5,1,2021-12-28 09:16:18
1640682980140568000,54.8,1,54.6,5,54.8,4,1,2021-12-28 09:16:20
1640682983102875000,54.7,1,54.5,12,54.6,44,2,2021-12-28 09:16:23
1640682983102875000,54.6,5,54.5,12,54.6,44,2,2021-12-28 09:16:23
1640682983969665000,54.6,1,54.5,12,54.6,43,1,2021-12-28 09:16:23
1640682984391915000,54.6,1,54.5,12,54.6,42,1,2021-12-28 09:16:24
1640682985270415000,54.6,1,54.5,12,54.6,41,1,2021-12-28 09:16:25
1640682988092403000,54.5,14,54.4,2,54.5,27,2,2021-12-28 09:16:28
1640682988109005000,54.5,1,54.4,2,54.5,26,1,2021-12-28 09:16:28
1640682990399031000,54.5,1,54.4,2,54.5,25,1,2021-12-28 09:16:30
1640682993484929000,54.5,1,54.4,2,54.5,24,1,2021-12-28 09:16:33
1640682996073140000,54.5,2,54.4,2,54.5,22,1,2021-12-28 09:16:36
1640682996419230000,54.5,1,54.4,2,54.5,22,1,2021-12-28 09:16:36
1640682999797968000,54.5,1,54.4,2,54.5,21,1,2021-12-28 09:16:39
1640683001118920000,54.5,1,54.4,2,54.5,20,1,2021-12-28 09:16:41
1640683002438459000,54.5,1,54.4,2,54.5,19,1,2021-12-28 09:16:42
1640683002465046000,54.5,7,54.4,2,54.5,12,1,2021-12-28 09:16:42
1640683002487527000,54.5,2,54.4,2,54.5,10,1,2021-12-28 09:16:42
1640683005456071000,54.5,2,54.4,5,54.5,8,1,2021-12-28 09:16:45
1640683006295311000,54.5,1,54.4,5,54.5,7,1,2021-12-28 09:16:46
1640683008442996000,54.5,1,54.4,5,54.5,7,1,2021-12-28 09:16:48
1640683009777771000,54.5,5,54.4,5,54.5,3,1,2021-12-28 09:16:49
1640683009802522000,54.5,2,54.4,5,54.5,1,1,2021-12-28 09:16:49
1640683009803460000,54.5,1,54.4,5,54.8,5,1,2021-12-28 09:16:49
1640683011701204000,54.5,1,54.4,5,54.5,29,2,2021-12-28 09:16:51
1640683011982411000,54.5,1,54.4,5,54.5,28,1,2021-12-28 09:16:51
1640683012969219000,54.5,1,54.4,5,54.5,27,1,2021-12-28 09:16:52
1640683013667017000,54.5,1,54.4,6,54.5,26,1,2021-12-28 09:16:53
1640683014455012000,54.5,1,54.4,6,54.5,25,1,2021-12-28 09:16:54
1640683017746805000,54.4,1,54.4,5,54.5,25,2,2021-12-28 09:16:57
1640683020471250000,54.5,1,54.4,6,54.5,24,1,2021-12-28 09:17:00
1640683020734222000,54.5,1,54.4,6,54.5,23,1,2021-12-28 09:17:00
1640683020896150000,54.4,1,54.4,5,54.5,23,2,2021-12-28 09:17:00
1640683026488747000,54.5,1,54.4,5,54.5,22,1,2021-12-28 09:17:06
1640683026609807000,54.4,1,54.4,4,54.5,22,2,2021-12-28 09:17:06
1640683027331821000,54.4,3,54.4,1,54.5,22,2,2021-12-28 09:17:07
1640683027409671000,54.4,1,54.3,4,54.5,22,2,2021-12-28 09:17:07
1640683027409671000,54.3,1,54.3,4,54.5,22,2,2021-12-28 09:17:07
1640683031704725000,54.5,1,54.3,4,54.5,22,1,2021-12-28 09:17:11
1640683032491205000,54.5,1,54.3,4,54.5,21,1,2021-12-28 09:17:12
1640683036738339000,54.4,1,54.3,4,54.5,21,1,2021-12-28 09:17:16
1640683037101280000,54.3,2,54.3,2,54.5,21,2,2021-12-28 09:17:17
1640683037421213000,54.3,2,54.2,8,54.5,21,2,2021-12-28 09:17:17
1640683037603980000,54.5,10,54.2,8,54.5,11,1,2021-12-28 09:17:17
1640683038510611000,54.5,1,54.2,8,54.5,10,1,2021-12-28 09:17:18
1640683040077344000,54.3,1,54.3,4,54.5,10,2,2021-12-28 09:17:20
1640683043373163000,54.3,2,54.3,3,54.5,10,2,2021-12-28 09:17:23
1640683044723484000,54.5,1,54.3,3,54.5,9,1,2021-12-28 09:17:24
1640683048943709000,54.5,1,54.3,3,54.5,8,1,2021-12-28 09:17:28
1640683049327304000,54.5,3,54.4,10,54.5,5,1,2021-12-28 09:17:29
1640683050735996000,54.5,1,54.4,10,54.5,4,1,2021-12-28 09:17:30
1640683051513329000,54.5,4,54.5,1,54.7,1,1,2021-12-28 09:17:31
1640683052277938000,54.5,1,54.5,1,54.7,1,2,2021-12-28 09:17:32
1640683053494636000,54.5,1,54.4,10,54.7,1,2,2021-12-28 09:17:33
1640683056551396000,54.7,1,54.5,3,54.8,5,1,2021-12-28 09:17:36
1640683057040246000,54.5,3,54.4,10,54.5,7,2,2021-12-28 09:17:37
1640683057075932000,54.5,2,54.4,10,54.5,1,1,2021-12-28 09:17:37
1640683057075935000,54.5,2,54.4,10,54.5,1,1,2021-12-28 09:17:37
1640683057075953000,54.5,2,54.4,10,54.5,1,1,2021-12-28 09:17:37
1640683057076875000,54.5,1,54.4,10,54.8,5,1,2021-12-28 09:17:37
1640683062765323000,54.7,1,54.5,2,54.8,5,1,2021-12-28 09:17:42
1640683067498493000,54.7,5,54.5,3,54.8,5,1,2021-12-28 09:17:47
1640683068572467000,54.8,1,54.6,1,54.8,4,1,2021-12-28 09:17:48
1640683074401013000,54.8,1,54.7,2,54.8,2,1,2021-12-28 09:17:54
1640683076408808000,54.8,2,54.8,3,55.0,4,1,2021-12-28 09:17:56
1640683080594777000,54.9,1,54.8,3,54.9,2,1,2021-12-28 09:18:00
1640683082998589000,54.9,1,54.8,3,54.9,1,1,2021-12-28 09:18:02
1640683085430354000,54.8,1,54.8,4,54.9,1,2,2021-12-28 09:18:05
1640683085632346000,54.9,1,54.9,4,55.0,4,1,2021-12-28 09:18:05
1640683085660628000,54.9,1,54.9,3,55.0,4,2,2021-12-28 09:18:05
1640683087618841000,55.0,1,54.9,4,55.0,3,1,2021-12-28 09:18:07
1640683092366370000,55.0,1,54.9,4,55.0,3,1,2021-12-28 09:18:12
1640683092424424000,55.0,1,54.9,4,55.0,1,1,2021-12-28 09:18:12
1640683092932910000,55.0,1,54.9,4,55.1,7,1,2021-12-28 09:18:12
1640683095187535000,55.0,1,54.9,4,55.1,7,1,2021-12-28 09:18:15
1640683096829939000,55.0,1,55.0,2,55.1,7,2,2021-12-28 09:18:16
1640683098438411000,55.1,1,55.0,4,55.1,6,1,2021-12-28 09:18:18
1640683099125623000,55.1,6,55.0,4,55.2,16,1,2021-12-28 09:18:19
1640683100473493000,55.0,1,55.0,3,55.2,16,2,2021-12-28 09:18:20
1640683100882085000,55.2,1,55.0,3,55.2,15,1,2021-12-28 09:18:20
1640683101060994000,55.2,2,55.0,3,55.2,13,1,2021-12-28 09:18:21
1640683101728972000,55.2,6,55.0,3,55.2,7,1,2021-12-28 09:18:21
1640683103456930000,55.2,7,55.2,13,55.3,10,1,2021-12-28 09:18:23
1640683104322533000,55.2,5,55.2,8,55.3,10,2,2021-12-28 09:18:24
1640683104452697000,55.3,1,55.2,8,55.3,9,1,2021-12-28 09:18:24
1640683104483826000,55.3,1,55.2,8,55.3,8,1,2021-12-28 09:18:24
1640683106276341000,55.2,1,55.2,7,55.3,8,2,2021-12-28 09:18:26
1640683106338903000,55.2,1,55.2,6,55.3,8,2,2021-12-28 09:18:26
1640683107864994000,55.3,2,55.2,7,55.3,6,1,2021-12-28 09:18:27
1640683108132545000,55.3,1,55.2,8,55.3,5,1,2021-12-28 09:18:28
1640683108596929000,55.3,1,55.2,8,55.3,4,1,2021-12-28 09:18:28
1640683108609727000,55.2,1,55.2,7,55.3,4,2,2021-12-28 09:18:28
1640683109090890000,55.3,2,55.2,7,55.3,2,1,2021-12-28 09:18:29
1640683110340032000,55.3,1,55.2,7,55.3,1,1,2021-12-28 09:18:30
1640683110468275000,55.3,1,55.2,7,55.4,18,1,2021-12-28 09:18:30
1640683111296273000,55.3,2,55.2,7,55.3,1,2,2021-12-28 09:18:31
1640683111709445000,55.2,3,55.2,4,55.3,1,2,2021-12-28 09:18:31
1640683111868520000,55.3,1,55.3,4,55.4,18,1,2021-12-28 09:18:31
1640683112415168000,55.3,4,55.2,4,55.3,1,2,2021-12-28 09:18:32
1640683113565096000,55.3,1,55.2,4,55.4,18,1,2021-12-28 09:18:33
1640683114321457000,55.3,1,55.2,4,55.4,18,2,2021-12-28 09:18:34
1640683114936607000,55.3,1,55.2,4,55.4,18,2,2021-12-28 09:18:34
1640683115197369000,55.2,1,55.2,3,55.4,18,2,2021-12-28 09:18:35
1640683116345014000,55.3,1,55.2,4,55.4,18,2,2021-12-28 09:18:36
1640683116486348000,55.4,1,55.2,4,55.4,17,1,2021-12-28 09:18:36
1640683117225327000,55.3,1,55.2,5,55.3,1,1,2021-12-28 09:18:37
1640683118570148000,55.3,1,55.2,5,55.4,8,1,2021-12-28 09:18:38
1640683118570148000,55.4,9,55.2,5,55.4,8,1,2021-12-28 09:18:38
1640683119629537000,55.3,2,55.2,4,55.4,8,2,2021-12-28 09:18:39
1640683119629537000,55.2,1,55.2,4,55.4,8,2,2021-12-28 09:18:39
1640683121406922000,55.3,2,55.2,4,55.3,1,2,2021-12-28 09:18:41
1640683122493357000,55.3,1,55.2,7,55.4,9,1,2021-12-28 09:18:42
1640683122719918000,55.4,1,55.2,7,55.4,8,1,2021-12-28 09:18:42
1640683126695801000,55.4,1,55.3,10,55.4,7,1,2021-12-28 09:18:46
1640683128501260000,55.4,1,55.3,11,55.4,6,1,2021-12-28 09:18:48
1640683128529963000,55.4,1,55.3,11,55.4,5,1,2021-12-28 09:18:48
1640683128564884000,55.4,2,55.3,11,55.4,3,1,2021-12-28 09:18:48
1640683128587453000,55.4,1,55.3,11,55.4,2,1,2021-12-28 09:18:48
1640683128736577000,55.3,1,55.3,10,55.4,2,2,2021-12-28 09:18:48
1640683129294480000,55.4,3,55.4,1,55.5,7,1,2021-12-28 09:18:49
1640683129890930000,55.4,1,55.3,11,55.5,7,2,2021-12-28 09:18:49
1640683131324354000,55.4,1,55.3,12,55.5,7,1,2021-12-28 09:18:51
1640683133685268000,55.5,2,55.4,1,55.5,5,1,2021-12-28 09:18:53
1640683133709496000,55.4,1,55.3,12,55.4,9,2,2021-12-28 09:18:53
1640683134716490000,55.4,1,55.3,12,55.4,16,1,2021-12-28 09:18:54
1640683134752245000,55.3,2,55.3,10,55.4,16,2,2021-12-28 09:18:54
1640683135505743000,55.4,1,55.3,10,55.4,15,1,2021-12-28 09:18:55
1640683136076443000,55.3,2,55.3,8,55.4,16,2,2021-12-28 09:18:56
1640683136290987000,55.4,4,55.3,8,55.4,12,1,2021-12-28 09:18:56
1640683137471214000,55.4,1,55.3,8,55.4,12,1,2021-12-28 09:18:57
1640683137653970000,55.4,1,55.3,8,55.4,11,1,2021-12-28 09:18:57
1640683138226820000,55.4,1,55.3,8,55.4,10,1,2021-12-28 09:18:58
1640683138759896000,55.4,5,55.3,8,55.4,5,1,2021-12-28 09:18:58
1640683138767419000,55.3,1,55.3,7,55.4,5,2,2021-12-28 09:18:58
1640683139360136000,55.4,5,55.3,7,55.6,6,1,2021-12-28 09:18:59
1640683139360136000,55.5,5,55.3,7,55.6,6,1,2021-12-28 09:18:59
1640683139360136000,55.6,3,55.3,7,55.6,6,1,2021-12-28 09:18:59
1640683139442652000,55.3,1,55.3,7,55.6,6,2,2021-12-28 09:18:59
1640683140459797000,55.4,1,55.3,8,55.4,10,1,2021-12-28 09:19:00
1640683140726751000,55.4,1,55.3,8,55.4,10,1,2021-12-28 09:19:00
1640683140967131000,55.4,1,55.3,8,55.4,9,1,2021-12-28 09:19:00
1640683143929466000,55.3,1,55.3,10,55.4,12,2,2021-12-28 09:19:03
1640683144540217000,55.4,1,55.3,10,55.4,11,1,2021-12-28 09:19:04
1640683146741495000,55.4,1,55.3,14,55.4,10,1,2021-12-28 09:19:06
1640683147862858000,55.4,1,55.3,13,55.4,9,1,2021-12-28 09:19:07
1640683148012923000,55.4,1,55.3,13,55.4,8,1,2021-12-28 09:19:08
1640683148715748000,55.3,2,55.3,11,55.4,8,2,2021-12-28 09:19:08
1640683149585164000,55.4,1,55.3,11,55.4,7,1,2021-12-28 09:19:09
1640683150026050000,55.3,1,55.3,10,55.4,11,2,2021-12-28 09:19:10
1640683150393736000,55.4,10,55.3,10,55.4,1,1,2021-12-28 09:19:10
1640683150701092000,55.3,1,55.3,9,55.4,1,2,2021-12-28 09:19:10
1640683150713049000,55.4,1,55.3,9,55.6,2,1,2021-12-28 09:19:10
1640683150713049000,55.6,4,55.3,9,55.6,2,1,2021-12-28 09:19:10
1640683152759035000,55.6,1,55.4,1,55.6,1,1,2021-12-28 09:19:12
1640683152849214000,55.6,1,55.6,1,55.7,8,1,2021-12-28 09:19:12
1640683152875976000,55.6,1,55.4,1,55.7,8,2,2021-12-28 09:19:12
1640683155916885000,55.7,1,55.4,2,55.7,7,1,2021-12-28 09:19:15
1640683157407803000,55.7,2,55.4,6,55.7,5,1,2021-12-28 09:19:17
1640683157532369000,55.7,1,55.4,6,55.7,4,1,2021-12-28 09:19:17
1640683157588121000,55.7,4,55.4,6,55.8,9,1,2021-12-28 09:19:17
1640683158403934000,55.6,1,55.4,6,55.8,9,1,2021-12-28 09:19:18
1640683158534159000,55.7,1,55.5,1,55.8,9,1,2021-12-28 09:19:18
1640683158622717000,55.7,2,55.5,1,55.8,9,2,2021-12-28 09:19:18
1640683158623828000,55.8,1,55.5,1,55.8,8,1,2021-12-28 09:19:18
1640683159479268000,55.6,1,55.5,1,55.6,1,1,2021-12-28 09:19:19
1640683159965916000,55.6,1,55.5,2,55.8,8,1,2021-12-28 09:19:19
1640683160381177000,55.7,1,55.5,2,55.8,8,2,2021-12-28 09:19:20
1640683162253855000,55.6,1,55.5,2,55.7,17,2,2021-12-28 09:19:22
1640683163622975000,55.6,1,55.5,3,55.7,17,1,2021-12-28 09:19:23
1640683163851241000,55.6,1,55.5,3,55.7,17,2,2021-12-28 09:19:23
1640683163904086000,55.7,6,55.5,3,55.7,11,1,2021-12-28 09:19:23
1640683164144395000,55.7,1,55.5,3,55.7,11,1,2021-12-28 09:19:24
1640683164330946000,55.6,1,55.5,3,55.7,6,1,2021-12-28 09:19:24
1640683164330946000,55.7,5,55.5,3,55.7,6,1,2021-12-28 09:19:24
1640683164659417000,55.7,1,55.6,1,55.7,5,1,2021-12-28 09:19:24
1640683167442337000,55.7,1,55.6,4,55.7,5,1,2021-12-28 09:19:27
1640683167886375000,55.6,4,55.5,4,55.6,5,2,2021-12-28 09:19:27
1640683167886964000,55.6,1,55.5,4,55.6,5,1,2021-12-28 09:19:27
1640683168814788000,55.6,1,55.5,4,55.6,4,1,2021-12-28 09:19:28
1640683168999250000,55.6,1,55.5,4,55.6,3,1,2021-12-28 09:19:28
1640683169609356000,55.6,1,55.5,4,55.6,2,1,2021-12-28 09:19:29
1640683169668908000,55.5,1,55.5,3,55.6,2,2,2021-12-28 09:19:29
1640683170068287000,55.6,2,55.5,3,55.7,10,1,2021-12-28 09:19:30
1640683170709309000,55.7,1,55.5,3,55.7,10,1,2021-12-28 09:19:30
1640683170849245000,55.7,2,55.5,3,55.7,8,1,2021-12-28 09:19:30
1640683171297650000,55.6,1,55.6,1,55.7,9,2,2021-12-28 09:19:31
1640683171327607000,55.6,1,55.5,3,55.7,9,2,2021-12-28 09:19:31
1640683171583215000,55.7,1,55.5,3,55.7,8,1,2021-12-28 09:19:31
1640683171911359000,55.7,1,55.5,3,55.7,7,1,2021-12-28 09:19:31
1640683173286703000,55.7,3,55.6,4,55.7,4,1,2021-12-28 09:19:33
1640683174169106000,55.6,1,55.6,3,55.7,4,2,2021-12-28 09:19:34
1640683174612418000,55.7,4,55.7,4,55.8,11,1,2021-12-28 09:19:34
1640683174665084000,55.7,1,55.7,3,55.8,11,2,2021-12-28 09:19:34
1640683176737958000,55.8,1,55.7,5,55.8,11,1,2021-12-28 09:19:36
1640683177016952000,55.7,1,55.7,4,55.8,12,2,2021-12-28 09:19:37
1640683177069795000,55.8,1,55.7,4,55.8,11,1,2021-12-28 09:19:37
1640683178013817000,55.7,1,55.7,4,55.8,11,2,2021-12-28 09:19:38
1640683179477717000,55.7,1,55.7,3,55.8,11,2,2021-12-28 09:19:39
1640683179669815000,55.7,1,55.7,2,55.8,11,2,2021-12-28 09:19:39
1640683179779992000,55.7,2,55.6,3,55.8,11,2,2021-12-28 09:19:39
1640683179779992000,55.6,1,55.6,3,55.8,11,2,2021-12-28 09:19:39
1640683181661557000,55.6,3,55.5,10,55.7,5,2,2021-12-28 09:19:41
1640683182475892000,55.7,1,55.5,10,55.7,5,1,2021-12-28 09:19:42
1640683182774391000,55.7,1,55.5,10,55.7,4,1,2021-12-28 09:19:42
1640683185460351000,55.6,1,55.5,10,55.6,2,1,2021-12-28 09:19:45
1640683185952487000,55.5,7,55.5,3,55.6,3,2,2021-12-28 09:19:45
1640683185983012000,55.5,3,55.4,8,55.6,4,2,2021-12-28 09:19:45
1640683185993451000,55.6,2,55.4,8,55.6,2,1,2021-12-28 09:19:45
1640683186457950000,55.4,3,55.4,5,55.6,2,2,2021-12-28 09:19:46
1640683186643579000,55.5,1,55.4,6,55.6,2,2,2021-12-28 09:19:46
1640683187120716000,55.4,1,55.4,5,55.5,1,2,2021-12-28 09:19:47
1640683187370080000,55.4,2,55.4,3,55.5,2,2,2021-12-28 09:19:47
1640683187395529000,55.5,2,55.4,3,55.6,3,1,2021-12-28 09:19:47
1640683187402725000,55.4,3,55.3,12,55.6,3,2,2021-12-28 09:19:47
1640683187887204000,55.6,2,55.3,12,55.6,1,1,2021-12-28 09:19:47
1640683188397503000,55.5,1,55.3,12,55.6,2,1,2021-12-28 09:19:48
1640683188397503000,55.6,1,55.3,12,55.6,2,1,2021-12-28 09:19:48
1640683189801708000,55.6,1,55.3,12,55.6,3,1,2021-12-28 09:19:49
1640683190274823000,55.3,2,55.3,10,55.6,3,2,2021-12-28 09:19:50
1640683190311364000,55.6,1,55.3,10,55.6,2,1,2021-12-28 09:19:50
1640683190919368000,55.3,1,55.3,9,55.6,2,2,2021-12-28 09:19:50
1640683191000954000,55.6,2,55.3,9,55.7,13,1,2021-12-28 09:19:51
1640683194221596000,55.6,2,55.4,1,55.6,1,1,2021-12-28 09:19:54
1640683194889008000,55.6,1,55.4,1,55.7,14,1,2021-12-28 09:19:54
1640683196830933000,55.6,1,55.4,1,55.7,14,1,2021-12-28 09:19:56
1640683200172858000,55.4,1,55.3,11,55.6,2,2,2021-12-28 09:20:00
1640683202003201000,55.6,4,55.6,1,55.7,18,1,2021-12-28 09:20:02
1640683202033877000,55.6,1,55.4,1,55.7,18,2,2021-12-28 09:20:02
1640683202381576000,55.6,1,55.4,1,55.6,1,1,2021-12-28 09:20:02
1640683203250334000,55.6,2,55.4,1,55.7,12,1,2021-12-28 09:20:03
1640683203250334000,55.7,6,55.4,1,55.7,12,1,2021-12-28 09:20:03
1640683204054897000,55.7,1,55.4,1,55.7,11,1,2021-12-28 09:20:04
1640683204189948000,55.6,1,55.4,2,55.7,11,1,2021-12-28 09:20:04
1640683205924624000,55.6,1,55.4,3,55.7,12,2,2021-12-28 09:20:05
1640683207149913000,55.7,2,55.4,7,55.7,10,1,2021-12-28 09:20:07
1640683208915092000,55.6,1,55.5,2,55.7,11,1,2021-12-28 09:20:08
1640683210882778000,55.7,1,55.5,2,55.7,11,1,2021-12-28 09:20:10
1640683212704765000,55.7,2,55.6,4,55.7,9,1,2021-12-28 09:20:12
1640683213259932000,55.7,1,55.6,5,55.7,8,1,2021-12-28 09:20:13
1640683213865768000,55.6,2,55.6,3,55.7,8,2,2021-12-28 09:20:13
1640683216991518000,55.6,2,55.6,5,55.7,10,2,2021-12-28 09:20:16
1640683217916117000,55.7,1,55.6,6,55.7,9,1,2021-12-28 09:20:17
1640683220003005000,55.6,1,55.6,5,55.7,9,2,2021-12-28 09:20:20
1640683220044434000,55.7,5,55.6,5,55.7,4,1,2021-12-28 09:20:20
1640683221202558000,55.7,1,55.6,5,55.7,3,1,2021-12-28 09:20:21
1640683221440563000,55.7,2,55.6,5,55.7,1,1,2021-12-28 09:20:21
1640683221999106000,55.6,1,55.6,4,55.7,1,2,2021-12-28 09:20:21
1640683223922254000,55.6,2,55.6,2,55.7,1,2,2021-12-28 09:20:23
1640683225131051000,55.7,1,55.6,2,55.7,1,1,2021-12-28 09:20:25
1640683225430419000,55.7,1,55.6,2,55.8,17,1,2021-12-28 09:20:25
1640683225644556000,55.6,2,55.6,2,55.8,17,2,2021-12-28 09:20:25
1640683228148585000,55.7,1,55.6,4,55.8,17,1,2021-12-28 09:20:28
1640683231432300000,55.7,1,55.6,10,55.7,2,1,2021-12-28 09:20:31
1640683231955215000,55.7,1,55.6,10,55.7,1,1,2021-12-28 09:20:31
1640683232604890000,55.7,1,55.6,10,55.8,17,1,2021-12-28 09:20:32
1640683236001034000,55.7,1,55.6,15,55.7,1,1,2021-12-28 09:20:36
1640683236339737000,55.7,1,55.6,15,55.8,17,1,2021-12-28 09:20:36
1640683236892806000,55.8,1,55.6,15,55.8,16,1,2021-12-28 09:20:36
1640683238114338000,55.7,3,55.6,17,55.8,16,1,2021-12-28 09:20:38
1640683238973971000,55.7,1,55.6,17,55.8,16,1,2021-12-28 09:20:38
1640683241036395000,55.7,3,55.6,17,55.8,14,1,2021-12-28 09:20:41
1640683241036395000,55.8,2,55.6,17,55.8,14,1,2021-12-28 09:20:41
1640683242842278000,55.8,10,55.7,2,55.8,4,1,2021-12-28 09:20:42
1640683242870394000,55.8,3,55.7,2,55.9,47,1,2021-12-28 09:20:42
1640683242870415000,55.8,1,55.7,2,55.9,47,1,2021-12-28 09:20:42
1640683244535820000,55.9,2,55.8,3,55.9,45,1,2021-12-28 09:20:44
1640683244563088000,55.9,23,55.8,3,55.9,22,1,2021-12-28 09:20:44
1640683244597753000,55.9,10,55.8,3,55.9,12,1,2021-12-28 09:20:44
1640683244624501000,55.9,1,55.8,3,55.9,11,1,2021-12-28 09:20:44
1640683244667998000,55.9,1,55.8,3,55.9,10,1,2021-12-28 09:20:44
1640683245999063000,55.9,1,55.8,6,55.9,9,1,2021-12-28 09:20:45
1640683246171861000,55.9,1,55.8,6,55.9,8,1,2021-12-28 09:20:46
1640683246553822000,55.9,1,55.8,7,55.9,7,1,2021-12-28 09:20:46
1640683246788697000,55.9,1,55.8,7,55.9,6,1,2021-12-28 09:20:46
1640683246841380000,55.9,1,55.8,7,55.9,5,1,2021-12-28 09:20:46
1640683246922722000,55.9,5,55.8,7,56.2,5,1,2021-12-28 09:20:46
1640683246922722000,56.0,24,55.8,7,56.2,5,1,2021-12-28 09:20:46
1640683246922722000,56.1,1,55.8,7,56.2,5,1,2021-12-28 09:20:46
1640683250930907000,55.9,3,55.9,12,56.1,1,2,2021-12-28 09:20:50
1640683252529507000,56.1,1,56.1,2,56.2,5,1,2021-12-28 09:20:52
1640683253019331000,56.2,1,56.1,2,56.2,4,1,2021-12-28 09:20:53
1640683253419582000,56.1,2,56.1,1,56.2,4,2,2021-12-28 09:20:53
1640683254840760000,56.1,1,56.0,1,56.2,3,2,2021-12-28 09:20:54
1640683255607790000,56.1,1,56.1,1,56.2,3,2,2021-12-28 09:20:55
1640683255866378000,56.1,1,56.0,1,56.2,3,2,2021-12-28 09:20:55
1640683256108696000,56.0,1,55.9,18,56.2,3,2,2021-12-28 09:20:56
1640683256936304000,56.1,1,56.1,1,56.2,3,2,2021-12-28 09:20:56
1640683256959686000,56.1,1,55.9,11,56.2,3,2,2021-12-28 09:20:56
1640683257515871000,56.2,1,55.9,11,56.2,2,1,2021-12-28 09:20:57
1640683258086917000,55.9,1,55.9,11,56.2,3,2,2021-12-28 09:20:58
1640683258923044000,56.2,1,55.9,12,56.2,2,1,2021-12-28 09:20:58
1640683258986929000,56.2,1,55.9,12,56.2,1,1,2021-12-28 09:20:58
1640683259040902000,56.2,1,55.9,12,56.3,11,1,2021-12-28 09:20:59
1640683259992250000,56.1,1,55.9,12,56.3,11,1,2021-12-28 09:20:59
1640683260045040000,56.2,1,56.0,2,56.3,11,1,2021-12-28 09:21:00
1640683260351674000,56.0,1,55.9,12,56.0,4,2,2021-12-28 09:21:00
1640683260714716000,56.0,1,55.9,12,56.0,3,1,2021-12-28 09:21:00
1640683260812604000,56.0,2,55.9,12,56.0,1,1,2021-12-28 09:21:00
1640683260998896000,56.0,1,55.9,12,56.3,11,1,2021-12-28 09:21:00
1640683265832154000,56.2,1,56.1,1,56.2,2,1,2021-12-28 09:21:05
1640683267066784000,56.2,1,56.1,3,56.2,9,1,2021-12-28 09:21:07
1640683269385751000,56.2,2,56.1,4,56.2,13,1,2021-12-28 09:21:09
1640683269610661000,56.1,1,56.1,3,56.2,13,2,2021-12-28 09:21:09
1640683269624503000,56.2,1,56.1,3,56.2,12,1,2021-12-28 09:21:09
1640683270045272000,56.2,1,56.1,3,56.2,11,1,2021-12-28 09:21:10
1640683270511350000,56.2,1,56.1,3,56.2,10,1,2021-12-28 09:21:10
1640683270831833000,56.2,1,56.1,3,56.2,9,1,2021-12-28 09:21:10
1640683271654330000,56.1,1,56.1,2,56.2,15,2,2021-12-28 09:21:11
1640683271964048000,56.2,2,56.1,2,56.2,13,1,2021-12-28 09:21:11
1640683272513408000,56.2,1,56.1,2,56.2,12,1,2021-12-28 09:21:12
1640683273426900000,56.2,2,56.1,2,56.2,10,1,2021-12-28 09:21:13
1640683273533068000,56.2,4,56.1,2,56.2,6,1,2021-12-28 09:21:13
1640683274088534000,56.2,1,56.1,2,56.2,10,1,2021-12-28 09:21:14
1640683274156744000,56.2,1,56.1,2,56.2,9,1,2021-12-28 09:21:14
1640683274444189000,56.2,1,56.1,2,56.2,10,1,2021-12-28 09:21:14
1640683275455212000,56.2,1,56.1,2,56.2,9,1,2021-12-28 09:21:15
1640683275764087000,56.2,1,56.1,2,56.2,8,1,2021-12-28 09:21:15
1640683276327454000,56.1,2,56.0,15,56.1,3,2,2021-12-28 09:21:16
1640683276845574000,56.1,1,56.0,15,56.1,2,1,2021-12-28 09:21:16
1640683277576673000,56.1,2,56.0,15,56.2,1,1,2021-12-28 09:21:17
1640683277576673000,56.2,8,56.0,15,56.2,1,1,2021-12-28 09:21:17
1640683277786818000,56.2,1,56.0,15,56.3,11,1,2021-12-28 09:21:17
1640683279577481000,56.1,1,56.0,15,56.1,2,1,2021-12-28 09:21:19
1640683280381112000,56.1,1,56.0,15,56.1,1,1,2021-12-28 09:21:20
1640683281104431000,56.1,1,56.0,15,56.2,3,1,2021-12-28 09:21:21
1640683282461552000,56.1,1,56.0,15,56.1,2,2,2021-12-28 09:21:22
1640683283254326000,56.1,1,56.0,15,56.1,1,1,2021-12-28 09:21:23
1640683284338370000,56.0,1,56.0,14,56.1,1,2,2021-12-28 09:21:24
1640683284647502000,56.1,1,56.0,14,56.2,13,1,2021-12-28 09:21:24
1640683285638126000,56.2,3,56.0,15,56.2,10,1,2021-12-28 09:21:25
1640683286107912000,56.1,1,56.0,15,56.2,10,1,2021-12-28 09:21:26
1640683286202669000,56.1,2,56.0,15,56.1,8,1,2021-12-28 09:21:26
1640683286229894000,56.0,15,55.9,17,56.1,8,2,2021-12-28 09:21:26
1640683286645870000,56.0,1,55.9,16,56.1,8,2,2021-12-28 09:21:26
1640683286701831000,56.1,2,55.9,16,56.1,6,1,2021-12-28 09:21:26
1640683287644405000,55.9,1,55.9,15,56.0,1,2,2021-12-28 09:21:27
1640683287804762000,56.0,1,55.9,15,56.1,10,1,2021-12-28 09:21:27
1640683287804762000,56.1,1,55.9,15,56.1,10,1,2021-12-28 09:21:27
1640683288334833000,56.1,1,55.9,15,56.1,9,1,2021-12-28 09:21:28
1640683289322242000,55.9,15,55.8,2,55.9,15,2,2021-12-28 09:21:29
1640683289350515000,55.8,2,55.7,9,55.9,15,2,2021-12-28 09:21:29
1640683290417180000,55.9,1,55.7,9,55.9,14,1,2021-12-28 09:21:30
1640683292405127000,55.8,1,55.7,9,55.9,14,1,2021-12-28 09:21:32
1640683292931598000,55.9,1,55.7,8,55.9,13,1,2021-12-28 09:21:32
1640683295353968000,55.9,1,55.7,8,55.9,12,1,2021-12-28 09:21:35
1640683299131823000,55.8,2,55.7,8,55.9,12,2,2021-12-28 09:21:39
1640683300711391000,55.8,1,55.7,8,55.9,12,1,2021-12-28 09:21:40
1640683301399630000,55.7,5,55.7,3,55.9,12,2,2021-12-28 09:21:41
1640683301438092000,55.7,3,55.6,15,55.9,12,2,2021-12-28 09:21:41
1640683301964661000,55.6,1,55.6,14,55.9,12,2,2021-12-28 09:21:41
1640683302372927000,55.9,1,55.6,14,55.9,12,1,2021-12-28 09:21:42
1640683303081151000,55.8,1,55.6,14,55.9,12,2,2021-12-28 09:21:43
1640683306594393000,55.6,2,55.6,12,55.8,2,2,2021-12-28 09:21:46
1640683309191618000,55.8,1,55.7,1,55.8,2,1,2021-12-28 09:21:49
1640683310431011000,55.8,1,55.7,1,55.8,1,1,2021-12-28 09:21:50
1640683310489169000,55.7,1,55.6,11,55.8,1,2,2021-12-28 09:21:50
1640683310489169000,55.6,1,55.6,11,55.8,1,2,2021-12-28 09:21:50
1640683311765955000,55.6,13,55.5,10,55.7,2,2,2021-12-28 09:21:51
1640683311854865000,55.7,2,55.7,4,55.8,2,1,2021-12-28 09:21:51
1640683311889097000,55.7,4,55.5,10,55.8,2,2,2021-12-28 09:21:51
1640683312116407000,55.5,1,55.5,9,55.8,2,2,2021-12-28 09:21:52
1640683312523258000,55.7,2,55.5,9,55.8,2,2,2021-12-28 09:21:52
1640683312748339000,55.8,1,55.5,9,55.8,1,1,2021-12-28 09:21:52
1640683315675306000,55.8,1,55.5,9,55.8,1,1,2021-12-28 09:21:55
1640683316418809000,55.8,1,55.5,9,55.9,12,1,2021-12-28 09:21:56
1640683316947015000,55.6,1,55.5,9,55.8,1,2,2021-12-28 09:21:56
1640683319214568000,55.8,2,55.9,2,56.0,5,1,2021-12-28 09:21:59
1640683319214568000,55.9,11,55.9,2,56.0,5,1,2021-12-28 09:21:59
1640683319247230000,55.9,2,55.6,1,56.0,5,2,2021-12-28 09:21:59
1640683323441287000,56.0,1,55.8,3,56.0,4,1,2021-12-28 09:22:03
1640683323895811000,56.0,3,55.8,3,56.0,1,1,2021-12-28 09:22:03
1640683324334790000,55.8,1,55.8,2,56.0,1,2,2021-12-28 09:22:04
1640683324464889000,56.0,1,55.8,2,56.1,5,1,2021-12-28 09:22:04
1640683329073223000,56.0,1,56.0,4,56.1,4,2,2021-12-28 09:22:09
1640683330462374000,56.1,1,56.0,4,56.1,3,1,2021-12-28 09:22:10
1640683330524752000,56.1,1,56.0,4,56.1,2,1,2021-12-28 09:22:10
1640683330858078000,56.1,2,56.0,4,56.2,10,1,2021-12-28 09:22:10
1640683330858078000,56.2,2,56.0,4,56.2,10,1,2021-12-28 09:22:10
1640683331225371000,56.2,1,56.0,4,56.2,9,1,2021-12-28 09:22:11
1640683331287407000,56.2,1,56.1,6,56.2,8,1,2021-12-28 09:22:11
1640683331774747000,56.2,5,56.1,7,56.2,3,1,2021-12-28 09:22:11
1640683331806087000,56.2,3,56.1,7,56.3,18,1,2021-12-28 09:22:11
1640683334832302000,56.2,1,56.2,1,56.3,18,2,2021-12-28 09:22:14
1640683335036958000,56.2,1,56.1,11,56.2,4,2,2021-12-28 09:22:15
1640683335332041000,56.2,1,56.1,11,56.2,3,1,2021-12-28 09:22:15
1640683335354051000,56.2,2,56.1,11,56.2,1,1,2021-12-28 09:22:15
1640683335359132000,56.2,1,56.1,11,56.3,18,1,2021-12-28 09:22:15
1640683335704771000,56.3,2,56.1,11,56.3,16,1,2021-12-28 09:22:15
1640683335729705000,56.3,8,56.1,11,56.3,8,1,2021-12-28 09:22:15
1640683336237650000,56.2,1,56.0,11,56.1,23,2,2021-12-28 09:22:16
1640683336237650000,56.1,11,56.0,11,56.1,23,2,2021-12-28 09:22:16
1640683336889251000,56.1,1,56.0,11,56.1,22,1,2021-12-28 09:22:16
1640683337485378000,56.1,1,56.0,11,56.1,21,1,2021-12-28 09:22:17
1640683337748805000,56.1,5,56.0,11,56.1,16,1,2021-12-28 09:22:17
1640683338407573000,56.0,1,56.0,10,56.1,16,2,2021-12-28 09:22:18
1640683340344324000,56.1,1,56.0,14,56.1,15,1,2021-12-28 09:22:20
1640683341228204000,56.0,10,56.0,4,56.1,15,2,2021-12-28 09:22:21
1640683342287991000,56.1,1,56.0,5,56.1,14,1,2021-12-28 09:22:22
1640683343108266000,56.1,10,56.0,6,56.1,4,1,2021-12-28 09:22:23
1640683343136348000,56.1,2,56.0,6,56.1,2,1,2021-12-28 09:22:23
1640683343516326000,56.1,1,56.0,6,56.1,1,1,2021-12-28 09:22:23
1640683343680482000,56.1,1,56.0,6,56.1,10,1,2021-12-28 09:22:23
1640683344502431000,56.1,1,56.0,6,56.1,9,1,2021-12-28 09:22:24
1640683346106918000,56.0,5,56.0,2,56.1,9,2,2021-12-28 09:22:26
1640683347347357000,56.0,1,56.0,1,56.1,9,2,2021-12-28 09:22:27
1640683347721989000,56.1,1,56.0,1,56.1,8,1,2021-12-28 09:22:27
1640683348008429000,56.0,1,55.9,2,56.0,1,2,2021-12-28 09:22:28
1640683349553706000,56.0,2,55.9,4,56.0,8,1,2021-12-28 09:22:29
1640683349814721000,55.9,1,55.9,3,56.0,8,2,2021-12-28 09:22:29
1640683351327638000,56.0,1,55.9,3,56.0,7,1,2021-12-28 09:22:31
1640683356146475000,56.0,1,55.9,3,56.0,6,1,2021-12-28 09:22:36
1640683356270908000,56.0,4,55.9,4,56.0,2,1,2021-12-28 09:22:36
1640683356575408000,56.0,2,56.0,8,56.1,22,1,2021-12-28 09:22:36
1640683356697125000,56.0,2,56.0,6,56.1,22,2,2021-12-28 09:22:36
1640683356819694000,56.0,1,56.0,5,56.1,22,2,2021-12-28 09:22:36
1640683357118766000,56.0,1,56.0,4,56.1,22,2,2021-12-28 09:22:37
1640683358352161000,56.1,1,56.0,11,56.1,21,1,2021-12-28 09:22:38
1640683359246582000,56.0,2,56.0,9,56.1,27,2,2021-12-28 09:22:39
1640683359365487000,56.0,1,56.0,8,56.1,27,2,2021-12-28 09:22:39
1640683361144774000,56.1,1,56.0,10,56.1,27,1,2021-12-28 09:22:41
1640683361698846000,56.0,3,56.0,7,56.1,28,2,2021-12-28 09:22:41
1640683362242454000,56.0,2,56.0,6,56.1,28,2,2021-12-28 09:22:42
1640683363199844000,56.1,2,56.0,6,56.1,26,1,2021-12-28 09:22:43
1640683363552870000,56.0,1,56.0,6,56.1,26,2,2021-12-28 09:22:43
1640683363680719000,56.0,1,56.0,5,56.1,26,2,2021-12-28 09:22:43
1640683363721932000,56.0,1,56.0,4,56.1,26,2,2021-12-28 09:22:43
1640683364345434000,56.0,1,56.0,3,56.1,26,2,2021-12-28 09:22:44
1640683364699474000,56.0,1,56.0,2,56.1,26,2,2021-12-28 09:22:44
1640683365373132000,56.1,1,56.0,3,56.1,25,1,2021-12-28 09:22:45
1640683367201937000,56.0,1,56.0,4,56.1,25,2,2021-12-28 09:22:47
1640683369508599000,56.0,5,56.0,4,56.1,26,2,2021-12-28 09:22:49
1640683370841885000,56.1,1,56.0,4,56.1,25,1,2021-12-28 09:22:50
1640683371519096000,56.0,1,56.0,3,56.1,25,2,2021-12-28 09:22:51
1640683372086463000,56.0,4,55.9,12,56.0,6,2,2021-12-28 09:22:52
1640683372399565000,56.0,1,55.9,12,56.0,5,1,2021-12-28 09:22:52
1640683372403732000,56.0,2,55.9,12,56.0,3,1,2021-12-28 09:22:52
1640683373214345000,56.0,3,55.9,12,56.1,18,1,2021-12-28 09:22:53
1640683373214345000,56.1,7,55.9,12,56.1,18,1,2021-12-28 09:22:53
1640683373279737000,56.0,1,55.9,12,56.1,18,2,2021-12-28 09:22:53
1640683375465308000,56.0,1,55.9,12,56.1,18,1,2021-12-28 09:22:55
1640683375633269000,55.9,1,55.9,11,56.1,18,2,2021-12-28 09:22:55
1640683378906495000,56.0,9,55.9,11,56.0,11,2,2021-12-28 09:22:58
1640683379421234000,56.0,1,55.9,11,56.0,11,1,2021-12-28 09:22:59
1640683379719423000,56.0,2,55.9,11,56.0,9,1,2021-12-28 09:22:59
1640683379784580000,55.9,1,55.9,10,56.0,9,2,2021-12-28 09:22:59
1640683380514756000,56.0,6,55.9,10,56.0,3,1,2021-12-28 09:23:00
1640683380981540000,56.0,1,55.9,10,56.0,2,1,2021-12-28 09:23:00
1640683381801825000,55.9,1,55.9,9,56.0,3,2,2021-12-28 09:23:01
1640683382800166000,56.0,3,56.0,2,56.1,19,1,2021-12-28 09:23:02
1640683383822661000,56.0,1,56.0,1,56.1,19,2,2021-12-28 09:23:03
1640683384167441000,56.0,1,55.9,9,56.0,1,2,2021-12-28 09:23:04
1640683384428444000,56.0,1,55.9,9,56.1,16,1,2021-12-28 09:23:04
1640683384428444000,56.1,3,55.9,9,56.1,16,1,2021-12-28 09:23:04
1640683386100745000,56.0,2,56.0,3,56.1,16,2,2021-12-28 09:23:06
1640683386442981000,56.1,1,56.0,3,56.1,15,1,2021-12-28 09:23:06
1640683389564306000,56.1,1,56.0,8,56.1,14,1,2021-12-28 09:23:09
1640683390232403000,56.0,1,56.0,7,56.1,14,2,2021-12-28 09:23:10
1640683390947582000,56.0,2,56.0,5,56.1,15,2,2021-12-28 09:23:10
1640683391881197000,56.1,3,56.0,5,56.1,12,1,2021-12-28 09:23:11
1640683391938297000,56.0,5,55.9,9,56.1,12,2,2021-12-28 09:23:11
1640683393459602000,56.1,1,56.0,1,56.1,11,1,2021-12-28 09:23:13
1640683394705926000,56.1,1,56.0,1,56.1,11,1,2021-12-28 09:23:14
1640683394749849000,56.0,1,55.9,9,56.1,11,2,2021-12-28 09:23:14
1640683396377975000,56.0,1,55.9,10,56.0,1,1,2021-12-28 09:23:16
1640683397121787000,56.0,1,55.9,10,56.1,13,1,2021-12-28 09:23:17
1640683397121787000,56.1,3,55.9,10,56.1,13,1,2021-12-28 09:23:17
1640683399212660000,56.0,1,55.9,10,56.1,13,1,2021-12-28 09:23:19
1640683400486418000,56.1,1,55.9,10,56.1,12,1,2021-12-28 09:23:20
1640683400704841000,55.9,1,55.9,9,56.1,12,2,2021-12-28 09:23:20
1640683400845723000,55.9,1,55.9,8,56.1,12,2,2021-12-28 09:23:20
1640683401386304000,56.1,10,56.0,1,56.1,2,1,2021-12-28 09:23:21
1640683401961648000,56.0,1,55.9,8,56.1,2,2,2021-12-28 09:23:21
1640683403138041000,56.1,1,55.9,8,56.1,6,1,2021-12-28 09:23:23
1640683404035701000,56.1,2,55.9,8,56.1,4,1,2021-12-28 09:23:24
1640683407504756000,56.1,1,56.0,3,56.1,4,1,2021-12-28 09:23:27
1640683408350515000,56.0,1,56.0,2,56.1,4,2,2021-12-28 09:23:28
1640683414532339000,56.1,1,56.0,26,56.1,5,1,2021-12-28 09:23:34
1640683415964868000,56.1,1,56.0,26,56.1,4,1,2021-12-28 09:23:35
1640683416105930000,56.1,1,56.0,26,56.1,3,1,2021-12-28 09:23:36
1640683416949806000,56.0,10,56.0,17,56.1,3,2,2021-12-28 09:23:36
1640683417059129000,56.1,1,56.0,24,56.1,2,1,2021-12-28 09:23:37
1640683417470129000,56.1,2,56.0,24,56.2,6,1,2021-12-28 09:23:37
1640683418245248000,56.1,1,56.1,5,56.2,6,2,2021-12-28 09:23:38
1640683418667046000,56.2,5,56.1,5,56.2,1,1,2021-12-28 09:23:38
1640683418805312000,56.2,1,56.1,5,56.3,11,1,2021-12-28 09:23:38
1640683420391302000,56.3,1,56.2,5,56.3,10,1,2021-12-28 09:23:40
1640683420421382000,56.3,1,56.2,5,56.3,9,1,2021-12-28 09:23:40
1640683420599361000,56.3,5,56.2,5,56.3,4,1,2021-12-28 09:23:40
1640683420626418000,56.3,2,56.2,5,56.4,14,1,2021-12-28 09:23:40
1640683420626486000,56.3,2,56.2,5,56.4,14,1,2021-12-28 09:23:40
1640683420670907000,56.4,1,56.2,5,56.4,13,1,2021-12-28 09:23:40
1640683421451474000,56.4,3,56.2,5,56.4,10,1,2021-12-28 09:23:41
1640683421476714000,56.4,1,56.2,5,56.4,9,1,2021-12-28 09:23:41
1640683421555687000,56.4,1,56.2,5,56.4,8,1,2021-12-28 09:23:41
1640683421764114000,56.4,1,56.2,5,56.4,7,1,2021-12-28 09:23:41
1640683421982112000,56.4,1,56.2,9,56.4,6,1,2021-12-28 09:23:41
1640683423250092000,56.2,1,56.2,9,56.4,6,2,2021-12-28 09:23:43
1640683423473605000,56.4,1,56.2,9,56.4,5,1,2021-12-28 09:23:43
1640683423671213000,56.4,1,56.2,9,56.4,4,1,2021-12-28 09:23:43
1640683424662326000,56.2,1,56.2,9,56.4,5,2,2021-12-28 09:23:44
1640683425479378000,56.3,1,56.2,9,56.4,5,1,2021-12-28 09:23:45
1640683427985862000,56.4,1,56.2,9,56.4,1,1,2021-12-28 09:23:47
1640683428185617000,56.4,1,56.2,9,56.5,34,1,2021-12-28 09:23:48
1640683428379451000,56.5,1,56.2,9,56.5,33,1,2021-12-28 09:23:48
1640683429441954000,56.4,1,56.3,1,56.4,3,1,2021-12-28 09:23:49
1640683432353966000,56.4,1,56.3,2,56.4,2,1,2021-12-28 09:23:52
1640683433428349000,56.3,2,56.2,6,56.4,3,2,2021-12-28 09:23:53
1640683433428349000,56.2,3,56.2,6,56.4,3,2,2021-12-28 09:23:53
1640683433435636000,56.4,1,56.2,6,56.4,2,1,2021-12-28 09:23:53
1640683434700689000,56.4,1,56.3,1,56.4,2,1,2021-12-28 09:23:54
1640683435237307000,56.3,1,56.2,5,56.3,4,2,2021-12-28 09:23:55
1640683435362587000,56.3,1,56.2,5,56.3,3,1,2021-12-28 09:23:55
1640683435387526000,56.3,2,56.2,5,56.3,1,1,2021-12-28 09:23:55
1640683435596404000,56.3,1,56.2,5,56.4,3,1,2021-12-28 09:23:55
1640683436112601000,56.4,1,56.2,5,56.4,2,1,2021-12-28 09:23:56
1640683436114524000,56.4,1,56.2,5,56.4,1,1,2021-12-28 09:23:56
1640683436811834000,56.4,1,56.2,5,56.4,3,1,2021-12-28 09:23:56
1640683438504800000,56.3,1,56.2,4,56.4,6,2,2021-12-28 09:23:58
1640683438504800000,56.2,1,56.2,4,56.4,6,2,2021-12-28 09:23:58
1640683439012067000,56.4,2,56.2,5,56.4,4,1,2021-12-28 09:23:59
1640683439507548000,56.2,1,56.2,4,56.4,4,2,2021-12-28 09:23:59
1640683440487912000,56.4,2,56.2,10,56.4,2,1,2021-12-28 09:24:00
1640683440798446000,56.3,1,56.2,6,56.4,2,2,2021-12-28 09:24:00
1640683440798446000,56.2,4,56.2,6,56.4,2,2,2021-12-28 09:24:00
1640683440816457000,56.2,5,56.2,1,56.4,2,2,2021-12-28 09:24:00
1640683440935849000,56.2,1,56.1,12,56.4,2,2,2021-12-28 09:24:00
1640683440935849000,56.1,4,56.1,12,56.4,2,2,2021-12-28 09:24:00
1640683441003082000,56.1,5,56.1,7,56.4,2,2,2021-12-28 09:24:01
1640683441098066000,56.4,2,56.1,7,56.5,33,1,2021-12-28 09:24:01
1640683442465167000,56.3,1,56.2,1,56.4,6,2,2021-12-28 09:24:02
1640683442540387000,56.2,1,56.1,7,56.4,6,2,2021-12-28 09:24:02
1640683442626255000,56.4,1,56.1,7,56.4,4,1,2021-12-28 09:24:02
1640683442757703000,56.4,1,56.1,7,56.4,3,1,2021-12-28 09:24:02
1640683443527672000,56.4,1,56.1,7,56.4,8,1,2021-12-28 09:24:03
1640683445271255000,56.4,5,56.1,7,56.4,4,1,2021-12-28 09:24:05
1640683445423208000,56.4,3,56.1,7,56.4,1,1,2021-12-28 09:24:05
1640683449639000000,56.4,1,56.2,1,56.4,3,1,2021-12-28 09:24:09
1640683450873182000,56.4,2,56.2,4,56.4,1,1,2021-12-28 09:24:10
1640683451229741000,56.4,1,56.2,4,56.4,1,1,2021-12-28 09:24:11
1640683453198787000,56.4,1,56.2,4,56.4,2,1,2021-12-28 09:24:13
1640683454773553000,56.4,1,56.2,4,56.4,1,1,2021-12-28 09:24:14
1640683455793665000,56.4,1,56.2,4,56.5,42,1,2021-12-28 09:24:15
1640683456659116000,56.4,1,56.2,4,56.5,43,1,2021-12-28 09:24:16
1640683458100469000,56.5,1,56.2,5,56.5,42,1,2021-12-28 09:24:18
1640683458197204000,56.4,1,56.2,5,56.5,42,2,2021-12-28 09:24:18
1640683459350450000,56.3,1,56.2,5,56.5,41,1,2021-12-28 09:24:19
1640683459709820000,56.4,1,56.2,5,56.5,41,1,2021-12-28 09:24:19
1640683459843957000,56.4,1,56.2,5,56.5,41,2,2021-12-28 09:24:19
1640683460020643000,56.4,1,56.2,5,56.5,41,2,2021-12-28 09:24:20
1640683462623215000,56.4,1,56.2,5,56.4,7,1,2021-12-28 09:24:22
1640683462975743000,56.2,1,56.2,4,56.4,7,2,2021-12-28 09:24:22
1640683463615906000,56.3,1,56.2,4,56.4,7,2,2021-12-28 09:24:23
1640683465152103000,56.3,1,56.2,4,56.4,7,1,2021-12-28 09:24:25
1640683465152103000,56.4,1,56.2,4,56.4,7,1,2021-12-28 09:24:25
1640683465863346000,56.4,10,56.2,4,56.5,46,1,2021-12-28 09:24:25
1640683470604089000,56.5,1,56.3,2,56.5,45,1,2021-12-28 09:24:30
1640683471494592000,56.3,2,56.2,15,56.3,33,2,2021-12-28 09:24:31
1640683472006423000,56.2,15,56.1,12,56.3,33,2,2021-12-28 09:24:32
1640683473219437000,56.2,1,56.1,12,56.2,4,1,2021-12-28 09:24:33
1640683473843113000,56.2,4,56.1,12,56.3,29,1,2021-12-28 09:24:33
1640683473843113000,56.3,4,56.1,12,56.3,29,1,2021-12-28 09:24:33
1640683474409226000,56.2,2,56.1,12,56.3,26,1,2021-12-28 09:24:34
1640683474409226000,56.3,3,56.1,12,56.3,26,1,2021-12-28 09:24:34
1640683476596407000,56.3,1,56.1,12,56.3,25,1,2021-12-28 09:24:36
1640683476848194000,56.3,2,56.1,12,56.3,23,1,2021-12-28 09:24:36
1640683477849083000,56.3,1,56.2,11,56.3,22,1,2021-12-28 09:24:37
1640683477879410000,56.3,3,56.2,11,56.3,19,1,2021-12-28 09:24:37
1640683478456729000,56.3,1,56.2,11,56.3,18,1,2021-12-28 09:24:38
1640683481200123000,56.3,1,56.2,11,56.3,18,1,2021-12-28 09:24:41
1640683482516061000,56.2,1,56.2,10,56.3,18,2,2021-12-28 09:24:42
1640683483075294000,56.3,2,56.2,10,56.3,16,1,2021-12-28 09:24:43
1640683483447564000,56.2,10,56.1,3,56.3,16,2,2021-12-28 09:24:43
1640683483447564000,56.1,10,56.1,3,56.3,16,2,2021-12-28 09:24:43
1640683483597319000,56.3,1,56.1,3,56.3,15,1,2021-12-28 09:24:43
1640683484517583000,56.3,1,56.2,1,56.3,14,1,2021-12-28 09:24:44
1640683484588135000,56.2,1,56.1,3,56.2,9,2,2021-12-28 09:24:44
1640683485077957000,56.2,1,56.1,3,56.2,9,1,2021-12-28 09:24:45
1640683485887708000,56.2,2,56.1,4,56.2,7,1,2021-12-28 09:24:45
1640683486100367000,56.2,7,56.1,4,56.3,13,1,2021-12-28 09:24:46
1640683486100367000,56.3,1,56.1,4,56.3,13,1,2021-12-28 09:24:46
1640683486590060000,56.3,1,56.1,4,56.3,12,1,2021-12-28 09:24:46
1640683486693964000,56.3,10,56.1,4,56.3,2,1,2021-12-28 09:24:46
1640683487358763000,56.1,3,56.1,1,56.3,2,2,2021-12-28 09:24:47
1640683487468025000,56.2,2,56.1,1,56.3,2,2,2021-12-28 09:24:47
1640683490601672000,56.3,1,56.2,1,56.3,1,1,2021-12-28 09:24:50
1640683491383636000,56.2,1,56.1,2,56.2,1,2,2021-12-28 09:24:51
1640683496340831000,56.2,1,56.1,4,56.4,4,1,2021-12-28 09:24:56
1640683496340831000,56.3,1,56.1,4,56.4,4,1,2021-12-28 09:24:56
1640683496340831000,56.4,2,56.1,4,56.4,4,1,2021-12-28 09:24:56
1640683497612512000,56.2,1,56.1,4,56.3,1,1,2021-12-28 09:24:57
1640683501219634000,56.1,1,56.1,4,56.3,11,2,2021-12-28 09:25:01
1640683504417547000,56.3,1,56.1,4,56.3,20,1,2021-12-28 09:25:04
1640683506044924000,56.3,1,56.1,5,56.3,20,1,2021-12-28 09:25:06
1640683507330460000,56.2,2,56.1,5,56.3,21,2,2021-12-28 09:25:07
1640683508335143000,56.3,2,56.1,5,56.3,19,1,2021-12-28 09:25:08
1640683511427530000,56.2,1,56.1,6,56.2,1,1,2021-12-28 09:25:11
1640683513161219000,56.2,1,56.1,6,56.3,19,1,2021-12-28 09:25:13
1640683513161219000,56.3,2,56.1,6,56.3,19,1,2021-12-28 09:25:13
1640683516739210000,56.2,2,56.1,6,56.3,20,1,2021-12-28 09:25:16
1640683517312573000,56.1,1,56.1,5,56.3,20,2,2021-12-28 09:25:17
1640683517994614000,56.1,3,56.1,2,56.3,25,2,2021-12-28 09:25:17
1640683518449229000,56.3,1,56.1,2,56.3,24,1,2021-12-28 09:25:18
1640683519602336000,56.1,1,56.1,1,56.3,25,2,2021-12-28 09:25:19
1640683522186683000,56.3,1,56.1,1,56.3,24,1,2021-12-28 09:25:22
1640683523359040000,56.1,1,56.1,2,56.2,5,2,2021-12-28 09:25:23
1640683524099093000,56.1,1,56.1,1,56.2,5,2,2021-12-28 09:25:24
1640683524128759000,56.1,1,56.0,62,56.2,5,2,2021-12-28 09:25:24
1640683525098685000,56.1,1,56.0,62,56.2,5,2,2021-12-28 09:25:25
1640683525466787000,56.2,1,56.0,62,56.2,4,1,2021-12-28 09:25:25
1640683526589991000,56.0,10,56.0,52,56.2,4,2,2021-12-28 09:25:26
1640683526838535000,56.0,3,56.0,49,56.2,4,2,2021-12-28 09:25:26
1640683526867313000,56.0,22,56.0,27,56.2,4,2,2021-12-28 09:25:26
1640683526900052000,56.0,10,55.9,14,56.2,4,2,2021-12-28 09:25:26
1640683526900182000,56.0,17,55.9,14,56.2,4,2,2021-12-28 09:25:26
1640683527731763000,56.1,1,55.9,14,56.2,4,2,2021-12-28 09:25:27
1640683529192006000,55.9,1,55.9,13,56.1,1,2,2021-12-28 09:25:29
1640683530168518000,55.9,10,55.9,3,56.1,1,2,2021-12-28 09:25:30
1640683530200718000,55.9,3,55.8,6,56.1,1,2,2021-12-28 09:25:30
1640683531285816000,56.0,1,55.8,6,56.1,2,1,2021-12-28 09:25:31
1640683532482839000,56.0,1,55.8,6,56.1,2,1,2021-12-28 09:25:32
1640683532700692000,55.8,1,55.8,5,56.1,3,2,2021-12-28 09:25:32
1640683532756468000,55.8,1,55.8,4,56.0,1,2,2021-12-28 09:25:32
1640683532788074000,55.8,4,55.7,3,56.0,1,2,2021-12-28 09:25:32
1640683532860024000,55.7,2,55.7,1,56.0,1,2,2021-12-28 09:25:32
1640683536373376000,55.7,1,55.6,7,55.9,1,2,2021-12-28 09:25:36
1640683536373376000,55.6,1,55.6,7,55.9,1,2,2021-12-28 09:25:36
1640683537198133000,55.6,1,55.6,6,55.9,1,2,2021-12-28 09:25:37
1640683539495493000,55.9,1,55.6,6,56.0,15,1,2021-12-28 09:25:39
1640683540079145000,55.9,1,55.7,1,56.0,7,1,2021-12-28 09:25:40
1640683540079145000,56.0,9,55.7,1,56.0,7,1,2021-12-28 09:25:40
1640683543559300000,55.8,1,55.8,2,55.9,1,2,2021-12-28 09:25:43
1640683544712931000,55.8,1,55.8,1,55.9,1,2,2021-12-28 09:25:44
1640683546503660000,55.9,1,55.8,1,55.9,1,1,2021-12-28 09:25:46
1640683547518151000,55.8,2,55.6,6,55.9,1,2,2021-12-28 09:25:47
1640683547518151000,55.7,2,55.6,6,55.9,1,2,2021-12-28 09:25:47
1640683552590543000,55.7,1,55.7,2,55.8,1,2,2021-12-28 09:25:52
1640683553515827000,55.8,1,55.7,2,55.9,3,1,2021-12-28 09:25:53
1640683553706883000,55.7,1,55.7,1,55.9,3,2,2021-12-28 09:25:53
1640683555006083000,55.9,1,55.7,3,55.9,2,1,2021-12-28 09:25:55
1640683556607343000,55.7,2,55.7,1,55.9,2,2,2021-12-28 09:25:56
1640683559127200000,55.7,1,55.7,1,55.8,1,2,2021-12-28 09:25:59
1640683560529720000,55.8,1,55.7,6,55.9,2,1,2021-12-28 09:26:00
1640683560951319000,55.7,5,55.7,1,55.9,2,2,2021-12-28 09:26:00
1640683563193699000,55.7,1,55.6,10,55.9,3,2,2021-12-28 09:26:03
1640683563193699000,55.6,4,55.6,10,55.9,3,2,2021-12-28 09:26:03
1640683565332216000,55.7,1,55.6,6,55.9,3,2,2021-12-28 09:26:05
1640683565332216000,55.6,3,55.6,6,55.9,3,2,2021-12-28 09:26:05
1640683567551374000,55.8,1,55.6,6,55.9,3,1,2021-12-28 09:26:07
1640683573275377000,55.9,2,55.6,7,55.9,1,1,2021-12-28 09:26:13
1640683573909990000,55.6,4,55.6,3,55.9,1,2,2021-12-28 09:26:13
1640683574568747000,55.9,1,55.6,3,55.9,1,1,2021-12-28 09:26:14
1640683581581133000,55.9,1,55.6,12,55.9,2,1,2021-12-28 09:26:21
1640683588597046000,55.8,1,55.6,12,55.9,5,1,2021-12-28 09:26:28
1640683589051604000,55.6,10,55.6,2,55.9,5,2,2021-12-28 09:26:29
1640683589072870000,55.6,2,55.5,21,55.9,5,2,2021-12-28 09:26:29
1640683593514052000,55.8,2,55.6,1,55.9,5,1,2021-12-28 09:26:33
1640683593514052000,55.9,1,55.6,1,55.9,5,1,2021-12-28 09:26:33
1640683595607941000,55.9,1,55.6,2,55.9,4,1,2021-12-28 09:26:35
1640683602347704000,55.7,1,55.6,3,55.9,5,1,2021-12-28 09:26:42
1640683602628812000,55.9,1,55.6,3,55.9,4,1,2021-12-28 09:26:42
1640683605020438000,55.9,1,55.6,3,55.9,3,1,2021-12-28 09:26:45
1640683609634419000,55.7,1,55.5,23,55.6,3,2,2021-12-28 09:26:49
1640683609634419000,55.6,3,55.5,23,55.6,3,2,2021-12-28 09:26:49
1640683609646611000,55.6,1,55.5,23,55.6,2,1,2021-12-28 09:26:49
1640683609682290000,55.6,2,55.5,23,55.8,2,1,2021-12-28 09:26:49
1640683616657545000,55.8,1,55.7,2,55.8,3,1,2021-12-28 09:26:56
1640683623470584000,55.8,1,55.7,3,55.8,2,1,2021-12-28 09:27:03
1640683626954282000,55.7,3,55.6,6,55.7,2,2,2021-12-28 09:27:06
1640683630077798000,55.6,2,55.6,5,55.7,2,2,2021-12-28 09:27:10
1640683630891203000,55.7,1,55.6,5,55.7,1,1,2021-12-28 09:27:10
1640683632311743000,55.6,1,55.6,5,55.7,1,2,2021-12-28 09:27:12
1640683635039256000,55.7,1,55.6,7,55.8,2,1,2021-12-28 09:27:15
1640683635984987000,55.7,1,55.6,7,55.8,2,2,2021-12-28 09:27:15
1640683637997188000,55.6,1,55.6,6,55.8,2,2,2021-12-28 09:27:17
1640683638108120000,55.8,1,55.6,8,55.8,1,1,2021-12-28 09:27:18
1640683640510400000,55.7,1,55.6,9,55.8,1,2,2021-12-28 09:27:20
1640683644524610000,55.8,1,55.6,9,55.9,4,1,2021-12-28 09:27:24
1640683651530252000,55.9,1,55.6,9,55.9,3,1,2021-12-28 09:27:31
1640683657495332000,55.7,1,55.6,10,55.8,1,1,2021-12-28 09:27:37
1640683658546939000,55.8,1,55.6,10,55.9,4,1,2021-12-28 09:27:38
1640683661120360000,55.9,2,55.6,10,55.9,3,1,2021-12-28 09:27:41
1640683665567774000,55.9,1,55.7,1,55.9,2,1,2021-12-28 09:27:45
1640683667214737000,55.9,2,55.7,1,56.0,20,1,2021-12-28 09:27:47
1640683670219046000,55.7,1,55.6,11,55.9,1,2,2021-12-28 09:27:50
1640683672576598000,55.8,1,55.6,11,55.9,1,1,2021-12-28 09:27:52
1640683677399046000,55.7,1,55.6,10,55.8,2,2,2021-12-28 09:27:57
1640683679596375000,55.8,1,55.6,10,55.8,1,1,2021-12-28 09:27:59
1640683681286418000,55.8,1,55.6,10,55.8,1,1,2021-12-28 09:28:01
1640683682995726000,55.8,1,55.7,2,55.9,1,1,2021-12-28 09:28:02
1640683686809158000,55.9,1,55.7,3,55.9,1,1,2021-12-28 09:28:06
1640683690080262000,55.7,1,55.7,2,55.8,1,2,2021-12-28 09:28:10
1640683691059795000,55.7,1,55.7,1,55.8,1,2,2021-12-28 09:28:11
1640683693827522000,55.9,1,55.7,1,55.9,1,1,2021-12-28 09:28:13
1640683695280185000,55.9,1,55.7,1,56.0,21,1,2021-12-28 09:28:15
1640683700665665000,55.9,2,55.7,1,55.9,1,1,2021-12-28 09:28:20
1640683700836589000,55.9,1,55.7,1,56.0,21,1,2021-12-28 09:28:20
1640683702803563000,55.8,1,55.8,2,55.9,1,1,2021-12-28 09:28:22
1640683707387999000,55.8,1,55.8,1,55.9,2,2,2021-12-28 09:28:27
1640683707653317000,55.9,1,55.8,1,55.9,1,1,2021-12-28 09:28:27
1640683710554295000,55.8,1,55.7,4,55.9,1,2,2021-12-28 09:28:30
1640683713165518000,55.9,1,55.7,4,56.0,21,1,2021-12-28 09:28:33
1640683714667715000,56.0,1,55.7,5,56.0,20,1,2021-12-28 09:28:34
1640683721480136000,56.0,1,55.8,1,56.0,19,1,2021-12-28 09:28:41
1640683722019600000,56.0,5,55.8,1,56.0,14,1,2021-12-28 09:28:42
1640683728492906000,56.0,1,55.9,1,56.0,12,1,2021-12-28 09:28:48
1640683729983626000,56.0,10,55.9,1,56.0,2,1,2021-12-28 09:28:49
1640683730008731000,56.0,2,55.9,1,56.2,10,1,2021-12-28 09:28:50
1640683734078588000,56.0,1,55.9,1,56.0,4,1,2021-12-28 09:28:54
1640683735717613000,56.0,1,55.9,1,56.0,3,1,2021-12-28 09:28:55
1640683738050636000,56.0,2,55.9,1,56.0,1,1,2021-12-28 09:28:58
1640683739338871000,56.0,1,55.9,2,56.2,10,1,2021-12-28 09:28:59
1640683741217635000,56.2,1,56.0,1,56.2,9,1,2021-12-28 09:29:01
1640683742527181000,56.2,1,56.0,6,56.2,8,1,2021-12-28 09:29:02
1640683748041869000,56.2,2,56.1,1,56.2,6,1,2021-12-28 09:29:08
1640683749543876000,56.2,1,56.1,1,56.2,5,1,2021-12-28 09:29:09
1640683751534567000,56.2,2,56.1,2,56.2,3,1,2021-12-28 09:29:11
1640683754486304000,56.2,1,56.1,5,56.2,2,1,2021-12-28 09:29:14
1640683755121493000,56.2,1,56.1,5,56.2,1,1,2021-12-28 09:29:15
1640683755716227000,56.2,1,56.1,6,56.3,26,1,2021-12-28 09:29:15
1640683756578368000,56.3,1,56.1,6,56.3,25,1,2021-12-28 09:29:16
1640683760659468000,56.3,2,56.2,3,56.3,23,1,2021-12-28 09:29:20
1640683761224713000,56.3,1,56.2,3,56.3,22,1,2021-12-28 09:29:21
1640683762177340000,56.3,2,56.2,5,56.3,22,1,2021-12-28 09:29:22
1640683762814909000,56.3,2,56.2,5,56.3,20,1,2021-12-28 09:29:22
1640683763224036000,56.3,1,56.2,5,56.3,21,1,2021-12-28 09:29:23
1640683763649131000,56.3,1,56.2,5,56.3,20,1,2021-12-28 09:29:23
1640683763708732000,56.3,2,56.2,5,56.3,18,1,2021-12-28 09:29:23
1640683763785391000,56.3,2,56.2,5,56.3,16,1,2021-12-28 09:29:23
1640683763814563000,56.3,16,56.2,5,56.4,24,1,2021-12-28 09:29:23
1640683764607583000,56.3,1,56.3,4,56.4,24,2,2021-12-28 09:29:24
1640683766292375000,56.4,1,56.3,4,56.4,23,1,2021-12-28 09:29:26
1640683766308058000,56.3,2,56.3,2,56.4,23,2,2021-12-28 09:29:26
1640683766572271000,56.4,1,56.3,2,56.4,22,1,2021-12-28 09:29:26
1640683766575780000,56.4,1,56.3,2,56.4,21,1,2021-12-28 09:29:26
1640683768360394000,56.4,1,56.3,6,56.4,20,1,2021-12-28 09:29:28
1640683770621569000,56.3,1,56.3,5,56.4,20,2,2021-12-28 09:29:30
1640683770705785000,56.4,1,56.3,5,56.4,19,1,2021-12-28 09:29:30
1640683772123472000,56.4,1,56.3,6,56.4,20,1,2021-12-28 09:29:32
1640683772336393000,56.4,2,56.3,6,56.4,18,1,2021-12-28 09:29:32
1640683772437307000,56.4,1,56.3,6,56.4,17,1,2021-12-28 09:29:32
1640683772736052000,56.4,1,56.3,6,56.4,16,1,2021-12-28 09:29:32
1640683773375737000,56.4,1,56.3,6,56.4,15,1,2021-12-28 09:29:33
1640683774264115000,56.4,2,56.3,6,56.4,13,1,2021-12-28 09:29:34
1640683775897586000,56.4,1,56.3,8,56.4,12,1,2021-12-28 09:29:35
1640683777245214000,56.4,1,56.3,8,56.4,11,1,2021-12-28 09:29:37
1640683777744042000,56.4,1,56.3,8,56.4,10,1,2021-12-28 09:29:37
1640683777807698000,56.4,1,56.3,8,56.4,9,1,2021-12-28 09:29:37
1640683778028380000,56.3,8,55.7,7,56.4,9,2,2021-12-28 09:29:38
1640683778028380000,56.2,4,55.7,7,56.4,9,2,2021-12-28 09:29:38
1640683778028380000,56.1,2,55.7,7,56.4,9,2,2021-12-28 09:29:38
1640683778028380000,56.0,2,55.7,7,56.4,9,2,2021-12-28 09:29:38
1640683778028380000,55.9,1,55.7,7,56.4,9,2,2021-12-28 09:29:38
1640683778028380000,55.8,2,55.7,7,56.4,9,2,2021-12-28 09:29:38
1640683778028380000,55.7,1,55.7,7,56.4,9,2,2021-12-28 09:29:38
1640683778955263000,56.3,1,55.8,1,56.4,8,1,2021-12-28 09:29:38
1640683778955263000,56.4,1,55.8,1,56.4,8,1,2021-12-28 09:29:38
1640683778956022000,56.4,3,55.8,1,56.4,5,1,2021-12-28 09:29:38
1640683784773584000,56.3,1,56.0,2,56.3,1,1,2021-12-28 09:29:44
1640683788785116000,56.1,1,56.1,7,56.3,7,2,2021-12-28 09:29:48
1640683791848355000,56.3,1,56.1,8,56.3,8,1,2021-12-28 09:29:51
1640683797103334000,56.1,8,55.7,7,56.3,9,2,2021-12-28 09:29:57
1640683797103334000,56.0,1,55.7,7,56.3,9,2,2021-12-28 09:29:57
1640683797103334000,55.9,1,55.7,7,56.3,9,2,2021-12-28 09:29:57
1640683797103334000,55.8,7,55.7,7,56.3,9,2,2021-12-28 09:29:57
1640683797103334000,55.7,3,55.7,7,56.3,9,2,2021-12-28 09:29:57
1640683797179704000,56.1,1,55.8,1,56.2,1,2,2021-12-28 09:29:57
1640683798877662000,56.1,1,55.9,1,56.1,2,1,2021-12-28 09:29:58
1640683801878082000,56.1,1,56.0,1,56.2,3,1,2021-12-28 09:30:01
1640683802096146000,56.2,1,56.0,1,56.2,2,1,2021-12-28 09:30:02
1640683802243061000,56.1,1,55.9,1,56.0,3,2,2021-12-28 09:30:02
1640683802243061000,56.0,1,55.9,1,56.0,3,2,2021-12-28 09:30:02
1640683802338843000,56.0,1,55.9,1,56.0,17,1,2021-12-28 09:30:02
1640683802433207000,55.9,1,55.8,1,56.0,34,2,2021-12-28 09:30:02
1640683805560153000,55.7,1,55.7,3,56.0,34,2,2021-12-28 09:30:05
1640683805605229000,56.0,10,55.7,3,56.0,24,1,2021-12-28 09:30:05
1640683805900643000,56.0,1,55.7,3,56.0,23,1,2021-12-28 09:30:05
1640683812918333000,56.0,1,55.7,2,56.0,22,1,2021-12-28 09:30:12
1640683819744585000,55.9,1,55.7,2,55.9,11,1,2021-12-28 09:30:19
1640683820499819000,55.7,2,55.6,10,55.8,2,2,2021-12-28 09:30:20
1640683820837157000,55.8,1,55.7,1,55.8,1,1,2021-12-28 09:30:20
1640683824279676000,55.8,1,55.7,1,55.9,11,1,2021-12-28 09:30:24
1640683826771616000,55.9,1,55.7,1,55.9,10,1,2021-12-28 09:30:26
1640683830031490000,55.8,1,55.7,1,55.8,2,1,2021-12-28 09:30:30
1640683830371614000,55.7,1,55.6,9,55.8,2,2,2021-12-28 09:30:30
1640683833081429000,55.7,1,55.6,9,55.7,11,1,2021-12-28 09:30:33
1640683833788828000,55.7,1,55.6,9,55.7,10,1,2021-12-28 09:30:33
1640683835005602000,55.7,1,55.6,9,55.7,9,1,2021-12-28 09:30:35
1640683836436952000,55.6,1,55.6,8,55.7,9,2,2021-12-28 09:30:36
1640683838092290000,55.6,8,55.5,12,55.7,9,2,2021-12-28 09:30:38
1640683838092290000,55.5,12,55.5,12,55.7,9,2,2021-12-28 09:30:38
1640683838151870000,55.5,1,55.5,11,55.7,9,2,2021-12-28 09:30:38
1640683838157932000,55.5,1,55.5,10,55.7,9,2,2021-12-28 09:30:38
1640683838188863000,55.5,7,55.5,3,55.7,9,2,2021-12-28 09:30:38
1640683838220022000,55.5,3,55.4,6,55.7,9,2,2021-12-28 09:30:38
1640683841022323000,55.6,1,55.4,6,55.7,9,1,2021-12-28 09:30:41
1640683841374350000,55.4,2,55.4,4,55.7,9,2,2021-12-28 09:30:41
1640683841391811000,55.4,4,55.3,11,55.7,9,2,2021-12-28 09:30:41
1640683843656038000,55.5,2,55.3,11,55.5,1,1,2021-12-28 09:30:43
1640683844130355000,55.3,3,55.3,8,55.5,1,2,2021-12-28 09:30:44
1640683844533602000,55.3,2,55.3,6,55.5,1,2,2021-12-28 09:30:44
1640683844730754000,55.3,1,55.3,5,55.5,1,2,2021-12-28 09:30:44
1640683845814893000,55.3,1,55.3,4,55.5,1,2,2021-12-28 09:30:45
1640683848033034000,55.4,1,55.3,4,55.5,3,1,2021-12-28 09:30:48
1640683848063478000,55.5,2,55.3,4,55.5,1,1,2021-12-28 09:30:48
1640683848207997000,55.3,1,55.3,3,55.5,1,2,2021-12-28 09:30:48
1640683848673394000,55.3,2,55.3,2,55.4,1,2,2021-12-28 09:30:48
1640683849839563000,55.3,2,55.2,5,55.3,7,2,2021-12-28 09:30:49
1640683850142050000,55.2,1,55.2,4,55.3,10,2,2021-12-28 09:30:50
1640683851889683000,55.3,1,55.2,4,55.3,9,1,2021-12-28 09:30:51
1640683852328395000,55.3,5,55.2,4,55.3,4,1,2021-12-28 09:30:52
1640683853010543000,55.2,4,55.1,5,55.3,4,2,2021-12-28 09:30:53
1640683854853189000,55.3,1,55.1,6,55.3,7,1,2021-12-28 09:30:54
1640683858760399000,55.2,1,55.2,3,55.3,7,2,2021-12-28 09:30:58
1640683859971845000,55.2,1,55.2,4,55.3,7,2,2021-12-28 09:30:59
1640683860818441000,55.2,1,55.2,4,55.3,7,2,2021-12-28 09:31:00
1640683861884802000,55.3,1,55.2,4,55.3,7,1,2021-12-28 09:31:01
1640683862230123000,55.2,1,55.2,3,55.3,6,2,2021-12-28 09:31:02
1640683863181958000,55.2,1,55.2,2,55.3,6,2,2021-12-28 09:31:03
1640683864569599000,55.2,2,55.1,6,55.3,7,2,2021-12-28 09:31:04
1640683865127837000,55.1,1,55.1,5,55.3,7,2,2021-12-28 09:31:05
1640683868072238000,55.1,1,55.1,4,55.2,2,2,2021-12-28 09:31:08
1640683868674255000,55.1,1,55.1,3,55.2,2,2,2021-12-28 09:31:08
1640683869117513000,55.2,1,55.1,3,55.2,1,1,2021-12-28 09:31:09
1640683869738548000,55.1,1,55.1,2,55.2,1,2,2021-12-28 09:31:09
1640683870281434000,55.2,1,55.1,2,55.3,8,1,2021-12-28 09:31:10
1640683871749069000,55.1,1,55.1,1,55.3,8,2,2021-12-28 09:31:11
1640683875932518000,55.3,1,55.2,2,55.3,6,1,2021-12-28 09:31:15
1640683876104253000,55.2,1,55.2,1,55.3,6,2,2021-12-28 09:31:16
1640683879070719000,55.2,1,55.1,4,55.2,1,2,2021-12-28 09:31:19
1640683880969930000,55.1,1,55.1,3,55.2,2,2,2021-12-28 09:31:20
1640683882951042000,55.2,1,55.1,3,55.2,1,1,2021-12-28 09:31:22
1640683884222737000,55.2,1,55.1,3,55.2,1,1,2021-12-28 09:31:24
1640683885733020000,55.1,1,55.1,3,55.2,1,2,2021-12-28 09:31:25
1640683888134896000,55.1,1,55.1,5,55.2,1,2,2021-12-28 09:31:28
1640683888407163000,55.1,1,55.1,4,55.2,1,2,2021-12-28 09:31:28
1640683889933558000,55.2,1,55.1,4,55.3,7,1,2021-12-28 09:31:29
1640683889972836000,55.3,1,55.1,4,55.3,6,1,2021-12-28 09:31:29
1640683892853773000,55.2,1,55.1,5,55.3,6,2,2021-12-28 09:31:32
1640683893349738000,55.1,1,55.1,4,55.3,6,2,2021-12-28 09:31:33
1640683894018343000,55.1,1,55.1,4,55.3,6,2,2021-12-28 09:31:34
1640683894651254000,55.1,2,55.1,2,55.3,6,2,2021-12-28 09:31:34
1640683896619996000,55.2,1,55.2,10,55.3,6,2,2021-12-28 09:31:36
1640683896993029000,55.3,1,55.2,10,55.3,5,1,2021-12-28 09:31:36
1640683900403568000,55.2,1,55.2,14,55.3,5,2,2021-12-28 09:31:40
1640683903802460000,55.2,1,55.2,14,55.3,6,2,2021-12-28 09:31:43
1640683904017375000,55.3,1,55.2,14,55.3,5,1,2021-12-28 09:31:44
1640683908531830000,55.3,3,55.2,15,55.3,3,1,2021-12-28 09:31:48
1640683911037092000,55.3,1,55.2,15,55.3,3,1,2021-12-28 09:31:51
1640683911856973000,55.3,1,55.2,15,55.3,2,1,2021-12-28 09:31:51
1640683912118839000,55.3,1,55.2,15,55.3,1,1,2021-12-28 09:31:52
1640683913192869000,55.3,1,55.2,17,55.4,1,1,2021-12-28 09:31:53
1640683917864241000,55.3,1,55.2,17,55.3,2,1,2021-12-28 09:31:57
1640683923739257000,55.2,1,55.2,15,55.3,1,2,2021-12-28 09:32:03
1640683925080379000,55.3,1,55.2,15,55.4,2,1,2021-12-28 09:32:05
1640683931694100000,55.3,2,55.2,15,55.3,5,1,2021-12-28 09:32:11
1640683932105570000,55.3,1,55.2,15,55.3,4,1,2021-12-28 09:32:12
1640683934667773000,55.3,4,55.3,1,55.4,1,1,2021-12-28 09:32:14
1640683935495268000,55.3,1,55.2,14,55.4,1,2,2021-12-28 09:32:15
1640683939139838000,55.4,1,55.2,14,55.5,1,1,2021-12-28 09:32:19
1640683946146823000,55.5,1,55.2,14,55.6,2,1,2021-12-28 09:32:26
1640683953375325000,55.5,1,55.3,7,55.5,1,1,2021-12-28 09:32:33
1640683953537099000,55.5,1,55.5,1,55.6,4,1,2021-12-28 09:32:33
1640683953565518000,55.5,1,55.3,7,55.6,4,2,2021-12-28 09:32:33
1640683958028195000,55.5,1,55.3,14,55.6,4,1,2021-12-28 09:32:38
1640683960194537000,55.6,1,55.3,14,55.6,3,1,2021-12-28 09:32:40
1640683963068158000,55.3,2,55.3,5,55.5,10,2,2021-12-28 09:32:43
1640683963068175000,55.3,7,55.3,5,55.5,10,2,2021-12-28 09:32:43
1640683963109412000,55.3,5,55.2,9,55.5,10,2,2021-12-28 09:32:43
1640683966062568000,55.5,4,55.2,9,55.5,6,1,2021-12-28 09:32:46
1640683967218062000,55.5,1,55.2,9,55.5,5,1,2021-12-28 09:32:47
1640683967413773000,55.5,1,55.2,9,55.5,4,1,2021-12-28 09:32:47
1640683969241193000,55.5,1,55.3,2,55.5,3,1,2021-12-28 09:32:49
1640683972381117000,55.3,1,55.3,1,55.5,6,2,2021-12-28 09:32:52
1640683972405840000,55.3,1,55.2,9,55.5,6,2,2021-12-28 09:32:52
1640683974040990000,55.5,1,55.2,9,55.5,5,1,2021-12-28 09:32:54
1640683981265771000,55.4,1,55.2,9,55.4,4,1,2021-12-28 09:33:01
1640683982272496000,55.4,1,55.2,9,55.4,3,1,2021-12-28 09:33:02
1640683985375669000,55.4,1,55.2,9,55.4,2,1,2021-12-28 09:33:05
1640683985808379000,55.4,2,55.4,1,55.5,7,1,2021-12-28 09:33:05
1640683985847284000,55.4,1,55.2,9,55.5,7,2,2021-12-28 09:33:05
1640683988083945000,55.5,1,55.3,1,55.5,6,1,2021-12-28 09:33:08
1640683992439573000,55.3,1,55.2,9,55.4,3,2,2021-12-28 09:33:12
1640683992450622000,55.4,1,55.2,9,55.4,2,1,2021-12-28 09:33:12
1640683995110451000,55.4,1,55.2,9,55.4,1,1,2021-12-28 09:33:15
1640683999445390000,55.4,1,55.2,9,55.4,2,1,2021-12-28 09:33:19
1640684000072454000,55.4,2,55.4,2,55.5,18,1,2021-12-28 09:33:20
1640684000098524000,55.4,2,55.2,9,55.5,18,2,2021-12-28 09:33:20
1640684001567944000,55.3,1,55.2,9,55.5,18,2,2021-12-28 09:33:21
1640684001570664000,55.2,1,55.2,8,55.5,18,2,2021-12-28 09:33:21
1640684002329266000,55.4,1,55.2,8,55.4,1,1,2021-12-28 09:33:22
1640684009350885000,55.4,1,55.2,9,55.4,4,1,2021-12-28 09:33:29
1640684010717130000,55.2,1,55.2,8,55.4,15,2,2021-12-28 09:33:30
1640684010747912000,55.2,3,55.2,5,55.4,15,2,2021-12-28 09:33:30
1640684012515639000,55.2,2,55.2,3,55.4,15,2,2021-12-28 09:33:32
1640684012548805000,55.2,2,55.2,1,55.4,15,2,2021-12-28 09:33:32
1640684012549003000,55.2,1,55.1,10,55.4,15,2,2021-12-28 09:33:32
1640684016399942000,55.3,1,55.2,1,55.4,16,1,2021-12-28 09:33:36
1640684020519738000,55.2,1,55.1,8,55.4,17,2,2021-12-28 09:33:40
1640684020519738000,55.1,1,55.1,8,55.4,17,2,2021-12-28 09:33:40
1640684023398205000,55.2,1,55.1,8,55.2,1,1,2021-12-28 09:33:43
1640684026396763000,55.1,2,55.1,6,55.2,1,2,2021-12-28 09:33:46
1640684028480809000,55.1,1,55.1,5,55.2,14,2,2021-12-28 09:33:48
1640684028521537000,55.1,5,55.0,15,55.2,14,2,2021-12-28 09:33:48
1640684028726167000,55.2,1,55.0,15,55.2,13,1,2021-12-28 09:33:48
1640684028839917000,55.0,2,55.0,13,55.2,13,2,2021-12-28 09:33:48
1640684030302742000,55.1,1,55.0,13,55.2,13,1,2021-12-28 09:33:50
1640684030420450000,55.2,1,55.0,13,55.2,12,1,2021-12-28 09:33:50
1640684031867399000,55.0,1,55.0,12,55.1,2,2,2021-12-28 09:33:51
1640684035634011000,55.0,5,55.0,7,55.1,4,2,2021-12-28 09:33:55
1640684035665030000,55.0,7,54.9,4,55.1,4,2,2021-12-28 09:33:55
1640684036876803000,54.9,2,54.9,2,55.1,4,2,2021-12-28 09:33:56
1640684036900191000,54.9,2,54.8,4,55.1,4,2,2021-12-28 09:33:56
1640684037098576000,55.0,1,54.8,4,55.1,4,2,2021-12-28 09:33:57
1640684037433037000,55.1,1,54.8,4,55.1,3,1,2021-12-28 09:33:57
1640684038410442000,54.8,1,54.8,3,55.1,7,2,2021-12-28 09:33:58
1640684041353250000,54.8,2,54.8,1,55.0,10,2,2021-12-28 09:34:01
1640684041390155000,54.8,1,54.7,3,55.0,10,2,2021-12-28 09:34:01
1640684041640465000,54.7,1,54.7,2,55.0,10,2,2021-12-28 09:34:01
1640684044258187000,54.8,1,54.7,2,54.8,1,1,2021-12-28 09:34:04
1640684044882567000,54.7,1,54.7,1,54.8,1,2,2021-12-28 09:34:04
1640684046763629000,54.7,1,54.6,9,54.7,1,2,2021-12-28 09:34:06
1640684047721192000,54.7,1,54.6,9,54.8,3,1,2021-12-28 09:34:07
1640684048981168000,54.7,1,54.6,9,54.8,3,1,2021-12-28 09:34:08
1640684050887252000,54.7,1,54.6,9,54.7,4,2,2021-12-28 09:34:10
1640684051276335000,54.7,1,54.6,9,54.7,3,1,2021-12-28 09:34:11
1640684051301851000,54.7,3,54.6,9,54.8,3,1,2021-12-28 09:34:11
1640684051874928000,54.6,1,54.6,8,54.8,3,2,2021-12-28 09:34:11
1640684053269158000,54.6,8,54.5,5,54.6,1,2,2021-12-28 09:34:13
1640684054682140000,54.6,1,54.5,5,54.7,3,1,2021-12-28 09:34:14
1640684058283807000,54.6,1,54.5,4,54.6,3,1,2021-12-28 09:34:18
1640684058321314000,54.6,3,54.5,4,54.7,6,1,2021-12-28 09:34:18
1640684060586269000,54.6,1,54.5,2,54.6,1,1,2021-12-28 09:34:20
1640684061576259000,54.6,1,54.5,2,54.7,6,1,2021-12-28 09:34:21
1640684064245000000,54.5,1,54.5,1,54.7,6,2,2021-12-28 09:34:24
1640684065248039000,54.7,1,54.5,1,54.7,5,1,2021-12-28 09:34:25
1640684069651608000,54.6,2,54.5,10,54.7,6,1,2021-12-28 09:34:29
1640684070820126000,54.7,6,54.6,35,54.9,13,1,2021-12-28 09:34:30
1640684071904950000,54.6,2,54.6,33,54.9,13,2,2021-12-28 09:34:31
1640684072230526000,54.9,1,54.6,33,54.9,12,1,2021-12-28 09:34:32
1640684073703784000,54.7,2,54.7,3,54.9,12,2,2021-12-28 09:34:33
1640684077533067000,54.8,1,54.7,6,54.9,12,2,2021-12-28 09:34:37
1640684079230648000,54.9,1,54.7,9,54.9,11,1,2021-12-28 09:34:39
1640684084023129000,54.8,1,54.7,10,54.9,11,2,2021-12-28 09:34:44
1640684084789764000,54.9,2,54.7,10,54.9,9,1,2021-12-28 09:34:44
1640684085817308000,54.9,2,54.7,10,54.9,7,1,2021-12-28 09:34:45
1640684086233684000,54.9,1,54.7,10,54.9,6,1,2021-12-28 09:34:46
1640684088135703000,54.9,6,54.8,9,55.0,15,1,2021-12-28 09:34:48
1640684088913409000,54.8,5,54.8,4,55.0,15,2,2021-12-28 09:34:48
1640684089047456000,54.8,1,54.8,3,55.0,15,2,2021-12-28 09:34:49
1640684093238334000,55.0,1,54.8,3,55.0,9,1,2021-12-28 09:34:53
1640684098840012000,55.0,1,54.8,3,55.0,8,1,2021-12-28 09:34:58
1640684099467912000,54.8,1,54.8,2,55.0,8,2,2021-12-28 09:34:59
1640684099577639000,54.8,1,54.8,1,55.0,8,2,2021-12-28 09:34:59
1640684100251986000,55.0,1,54.8,1,55.0,7,1,2021-12-28 09:35:00
1640684107277106000,54.9,1,54.8,4,54.9,4,1,2021-12-28 09:35:07
1640684108173362000,54.9,1,54.8,4,54.9,3,1,2021-12-28 09:35:08
1640684110092210000,54.9,1,54.8,4,54.9,2,1,2021-12-28 09:35:10
1640684112534584000,54.9,1,54.8,4,54.9,1,1,2021-12-28 09:35:12
1640684114298316000,54.9,1,54.8,5,55.0,29,1,2021-12-28 09:35:14
1640684117841349000,54.9,1,54.9,1,55.0,29,2,2021-12-28 09:35:17
1640684117863734000,54.9,1,54.8,6,55.0,29,2,2021-12-28 09:35:17
1640684121309172000,54.9,1,54.8,7,55.0,29,1,2021-12-28 09:35:21
1640684128317118000,54.9,1,54.8,8,54.9,4,1,2021-12-28 09:35:28
1640684135333004000,54.9,1,54.8,7,54.9,3,1,2021-12-28 09:35:35
1640684142160579000,54.9,1,54.8,7,54.9,2,1,2021-12-28 09:35:42
1640684143452973000,54.8,1,54.8,6,54.9,1,2,2021-12-28 09:35:43
1640684149175011000,54.9,1,54.8,6,54.9,11,1,2021-12-28 09:35:49
1640684155149559000,54.8,6,54.7,10,54.8,4,2,2021-12-28 09:35:55
1640684155830025000,54.8,1,54.7,10,54.8,3,1,2021-12-28 09:35:55
1640684156193879000,54.8,1,54.7,10,54.8,2,1,2021-12-28 09:35:56
1640684160310662000,54.8,1,54.7,10,54.8,4,1,2021-12-28 09:36:00
1640684161581608000,54.8,1,54.7,10,54.8,4,1,2021-12-28 09:36:01
1640684163205353000,54.8,1,54.7,10,54.8,3,1,2021-12-28 09:36:03
1640684167241747000,54.8,1,54.7,10,54.8,2,1,2021-12-28 09:36:07
1640684170223308000,54.8,1,54.7,10,54.8,1,1,2021-12-28 09:36:10
1640684173994014000,54.8,1,54.7,10,54.9,12,1,2021-12-28 09:36:13
1640684177237887000,54.9,1,54.8,4,54.9,11,1,2021-12-28 09:36:17
1640684184256261000,54.9,1,54.8,5,54.9,12,1,2021-12-28 09:36:24
1640684187999712000,54.8,5,54.7,9,54.9,14,2,2021-12-28 09:36:27
1640684188708060000,54.7,1,54.7,8,54.9,16,2,2021-12-28 09:36:28
1640684188789107000,54.8,1,54.7,8,54.9,16,2,2021-12-28 09:36:28
1640684191088427000,54.8,2,54.7,8,54.9,16,1,2021-12-28 09:36:31
1640684191268441000,54.9,1,54.7,8,54.9,15,1,2021-12-28 09:36:31
1640684196958880000,54.8,1,54.8,2,54.9,27,2,2021-12-28 09:36:36
1640684196985601000,54.8,2,54.7,8,54.9,27,2,2021-12-28 09:36:36
1640684198016052000,54.9,4,54.7,8,54.9,23,1,2021-12-28 09:36:38
1640684198289132000,54.9,1,54.7,8,54.9,22,1,2021-12-28 09:36:38
1640684201650839000,54.7,2,54.7,7,54.9,23,2,2021-12-28 09:36:41
1640684205493474000,54.9,1,54.7,7,54.9,22,1,2021-12-28 09:36:45
1640684211389660000,54.8,1,54.7,8,54.9,22,1,2021-12-28 09:36:51
1640684212512667000,54.9,1,54.7,8,54.9,21,1,2021-12-28 09:36:52
1640684218544005000,54.9,1,54.7,10,54.9,20,1,2021-12-28 09:36:58
1640684218912361000,54.7,1,54.7,9,54.9,20,2,2021-12-28 09:36:58
1640684221419570000,54.9,1,54.7,8,54.9,19,1,2021-12-28 09:37:01
1640684225543734000,54.9,1,54.7,10,54.9,18,1,2021-12-28 09:37:05
1640684232356089000,54.9,1,54.7,11,54.9,18,1,2021-12-28 09:37:12
1640684237287577000,54.9,2,54.8,1,54.9,16,1,2021-12-28 09:37:17
1640684237327036000,54.9,1,54.8,1,54.9,15,1,2021-12-28 09:37:17
1640684239371140000,54.9,1,54.8,1,54.9,14,1,2021-12-28 09:37:19
1640684246591689000,54.9,1,54.8,1,54.9,13,1,2021-12-28 09:37:26
1640684247067425000,54.9,5,54.8,1,54.9,8,1,2021-12-28 09:37:27
1640684251353499000,54.9,2,54.8,1,54.9,7,1,2021-12-28 09:37:31
1640684252552568000,54.9,7,54.8,7,55.0,12,1,2021-12-28 09:37:32
1640684253406023000,55.0,1,54.8,7,55.0,11,1,2021-12-28 09:37:33
1640684255981623000,55.0,8,54.9,4,55.0,3,1,2021-12-28 09:37:35
1640684256008216000,55.0,3,54.9,4,55.1,6,1,2021-12-28 09:37:36
1640684256039781000,55.1,6,54.9,4,55.2,2,1,2021-12-28 09:37:36
1640684256336110000,55.2,1,54.9,4,55.2,1,1,2021-12-28 09:37:36
1640684260415305000,55.0,1,54.9,4,55.0,9,1,2021-12-28 09:37:40
1640684260553511000,55.0,2,54.9,4,55.0,7,1,2021-12-28 09:37:40
1640684262326226000,55.0,1,54.9,4,55.0,6,1,2021-12-28 09:37:42
1640684262502404000,55.0,2,54.9,4,55.0,4,1,2021-12-28 09:37:42
1640684262525479000,55.0,1,54.9,4,55.0,3,1,2021-12-28 09:37:42
1640684262526649000,55.0,3,54.9,4,55.2,1,1,2021-12-28 09:37:42
1640684263009244000,55.2,1,55.0,1,55.3,2,1,2021-12-28 09:37:43
1640684267630995000,55.2,1,55.0,6,55.2,1,1,2021-12-28 09:37:47
1640684273721380000,55.2,1,55.2,4,55.3,2,1,2021-12-28 09:37:53
1640684274440923000,55.3,1,55.2,4,55.3,1,1,2021-12-28 09:37:54
1640684276063850000,55.2,1,55.2,3,55.3,1,2,2021-12-28 09:37:56
1640684280072524000,55.3,1,55.2,5,55.4,2,1,2021-12-28 09:38:00
1640684280406116000,55.2,5,55.1,2,55.4,2,2,2021-12-28 09:38:00
1640684280411830000,55.1,2,55.0,8,55.1,3,2,2021-12-28 09:38:00
1640684280420612000,55.1,1,55.0,8,55.1,2,1,2021-12-28 09:38:00
1640684281035804000,55.1,1,55.0,8,55.1,16,1,2021-12-28 09:38:01
1640684281459795000,55.1,1,55.0,8,55.1,15,1,2021-12-28 09:38:01
1640684288472886000,55.1,1,55.0,17,55.1,15,1,2021-12-28 09:38:08
1640684295486343000,55.1,1,55.0,17,55.1,14,1,2021-12-28 09:38:15
1640684296581345000,55.1,2,55.0,17,55.1,12,1,2021-12-28 09:38:16
1640684298013718000,55.0,1,55.0,16,55.1,12,2,2021-12-28 09:38:18
