ts,close,volume,bid_price,bid_volume,ask_price,ask_volume,tick_type,datetime
1662109328220988000,26.0,767,26.0,31,26.05,1,1,2022-09-02 09:02:08
1662109328253638000,26.05,1,26.0,31,26.15,2,1,2022-09-02 09:02:08
1662109328293099000,26.0,6,26.0,25,26.15,2,2,2022-09-02 09:02:08
1662109328853465000,26.0,7,26.0,18,26.15,2,2,2022-09-02 09:02:08
1662109328889021000,26.0,18,25.8,69,25.85,14,2,2022-09-02 09:02:08
1662109328889021000,25.95,2,25.8,69,25.85,14,2,2022-09-02 09:02:08
1662109328889021000,25.9,3,25.8,69,25.85,14,2,2022-09-02 09:02:08
1662109328889021000,25.85,1,25.8,69,25.85,14,2,2022-09-02 09:02:08
1662109328912609000,25.85,14,25.8,69,26.0,7,1,2022-09-02 09:02:08
1662109328922349000,25.8,1,25.8,68,26.0,7,2,2022-09-02 09:02:08
1662109328923329000,25.8,1,25.8,67,26.0,7,2,2022-09-02 09:02:08
1662109328941129000,25.8,1,25.8,66,26.0,7,2,2022-09-02 09:02:08
1662109330095074000,25.8,11,25.8,55,25.85,57,2,2022-09-02 09:02:10
1662109330126683000,25.8,1,25.8,54,25.85,57,2,2022-09-02 09:02:10
1662109330835278000,25.8,1,25.8,53,25.85,57,2,2022-09-02 09:02:10
1662109330855542000,25.8,5,25.8,48,25.85,57,2,2022-09-02 09:02:10
1662109330880351000,25.8,1,25.8,47,25.85,57,2,2022-09-02 09:02:10
1662109331056883000,25.8,1,25.8,46,25.85,57,2,2022-09-02 09:02:11
1662109331081539000,25.8,2,25.8,44,25.85,57,2,2022-09-02 09:02:11
1662109331082429000,25.8,1,25.8,43,25.85,57,2,2022-09-02 09:02:11
1662109331086087000,25.8,1,25.8,42,25.85,57,2,2022-09-02 09:02:11
1662109331102128000,25.8,10,25.8,32,25.85,57,2,2022-09-02 09:02:11
1662109331102244000,25.8,6,25.8,26,25.85,57,2,2022-09-02 09:02:11
1662109331122197000,25.8,8,25.8,18,25.85,57,2,2022-09-02 09:02:11
1662109331122243000,25.8,8,25.8,10,25.85,57,2,2022-09-02 09:02:11
1662109331159352000,25.8,1,25.8,9,25.85,57,2,2022-09-02 09:02:11
1662109331194297000,25.8,4,25.8,5,25.85,57,2,2022-09-02 09:02:11
1662109332027948000,25.85,1,25.8,5,25.85,56,1,2022-09-02 09:02:12
1662109332979583000,25.85,2,25.8,7,25.85,54,1,2022-09-02 09:02:12
1662109333775976000,25.85,3,25.8,7,25.85,51,1,2022-09-02 09:02:13
1662109333811771000,25.85,2,25.8,7,25.85,49,1,2022-09-02 09:02:13
1662109334357783000,25.8,1,25.8,6,25.85,49,2,2022-09-02 09:02:14
1662109335036231000,25.85,1,25.8,4,25.85,48,1,2022-09-02 09:02:15
1662109335405680000,25.8,4,25.75,2,25.8,1,2,2022-09-02 09:02:15
1662109335426682000,25.75,1,25.75,1,25.8,1,2,2022-09-02 09:02:15
1662109335505315000,25.75,1,25.7,2,25.8,1,2,2022-09-02 09:02:15
1662109335505315000,25.7,5,25.7,2,25.8,1,2,2022-09-02 09:02:15
1662109335716708000,25.75,1,25.7,2,25.75,1,1,2022-09-02 09:02:15
1662109335741437000,25.75,1,25.7,2,25.8,1,1,2022-09-02 09:02:15
1662109335945081000,25.8,1,25.8,1,25.85,48,1,2022-09-02 09:02:15
1662109336030701000,25.85,3,25.8,1,25.85,45,1,2022-09-02 09:02:16
1662109336054630000,25.8,1,25.7,2,25.85,45,2,2022-09-02 09:02:16
1662109336683949000,25.85,4,25.8,1,25.85,45,1,2022-09-02 09:02:16
1662109337475241000,25.85,10,25.8,1,25.85,31,1,2022-09-02 09:02:17
1662109337506674000,25.85,11,25.8,1,25.85,20,1,2022-09-02 09:02:17
1662109337506749000,25.85,20,25.8,1,25.95,1,1,2022-09-02 09:02:17
1662109337510954000,25.8,1,25.7,4,25.95,1,2,2022-09-02 09:02:17
1662109337548162000,25.8,1,25.7,4,25.9,3,1,2022-09-02 09:02:17
1662109337703425000,25.8,2,25.7,4,25.9,3,1,2022-09-02 09:02:17
1662109339074092000,25.9,2,25.85,14,25.95,1,1,2022-09-02 09:02:19
1662109339094285000,25.95,1,25.85,14,26.0,7,1,2022-09-02 09:02:19
1662109339194290000,25.9,2,25.85,13,26.0,7,2,2022-09-02 09:02:19
1662109339194290000,25.85,1,25.85,13,26.0,7,2,2022-09-02 09:02:19
1662109339290736000,26.0,1,25.85,14,26.0,6,1,2022-09-02 09:02:19
1662109339334952000,25.85,3,25.85,11,26.0,6,2,2022-09-02 09:02:19
1662109339468009000,25.9,1,25.9,1,26.0,6,2,2022-09-02 09:02:19
1662109339495325000,26.0,1,25.9,1,26.0,5,1,2022-09-02 09:02:19
1662109339585014000,25.9,1,25.85,11,26.0,5,2,2022-09-02 09:02:19
1662109339688730000,25.9,1,25.9,1,26.0,5,2,2022-09-02 09:02:19
1662109339787145000,25.9,1,25.85,2,26.0,5,2,2022-09-02 09:02:19
1662109339787145000,25.85,9,25.85,2,26.0,5,2,2022-09-02 09:02:19
1662109341428736000,26.0,5,25.95,1,26.2,4,1,2022-09-02 09:02:21
1662109342162311000,26.2,1,26.0,1,26.2,4,1,2022-09-02 09:02:22
1662109342423996000,26.0,1,25.95,1,26.2,3,2,2022-09-02 09:02:22
1662109344148086000,26.15,4,26.0,2,26.15,1,1,2022-09-02 09:02:24
1662109344168751000,26.15,1,26.0,2,26.2,3,1,2022-09-02 09:02:24
1662109345926543000,26.2,2,26.05,2,26.2,1,1,2022-09-02 09:02:25
1662109345963993000,26.2,1,26.05,2,26.25,10,1,2022-09-02 09:02:25
1662109347068942000,26.15,1,26.05,13,26.25,10,2,2022-09-02 09:02:27
1662109347068942000,26.05,1,26.05,13,26.25,10,2,2022-09-02 09:02:27
1662109347876459000,26.05,11,26.05,2,26.2,5,2,2022-09-02 09:02:27
1662109347881737000,26.05,2,26.0,18,26.2,5,2,2022-09-02 09:02:27
1662109348104838000,26.0,4,26.0,19,26.15,8,2,2022-09-02 09:02:28
1662109348856857000,26.0,3,26.0,12,26.1,20,2,2022-09-02 09:02:28
1662109348912595000,26.1,1,26.0,12,26.1,19,1,2022-09-02 09:02:28
1662109349087251000,26.1,5,26.0,12,26.1,15,1,2022-09-02 09:02:29
1662109349259890000,26.1,1,26.0,12,26.1,14,1,2022-09-02 09:02:29
1662109349271651000,26.1,1,26.0,12,26.1,13,1,2022-09-02 09:02:29
1662109349296578000,26.1,1,26.0,12,26.1,12,1,2022-09-02 09:02:29
1662109349328284000,26.1,2,26.0,12,26.1,15,1,2022-09-02 09:02:29
1662109349365833000,26.1,2,26.0,12,26.1,8,1,2022-09-02 09:02:29
1662109349399749000,26.1,8,26.0,12,26.15,11,1,2022-09-02 09:02:29
1662109350164198000,26.15,1,26.0,12,26.15,10,1,2022-09-02 09:02:30
1662109350176562000,26.0,5,26.0,7,26.15,10,2,2022-09-02 09:02:30
1662109350236895000,26.15,1,26.0,7,26.15,9,1,2022-09-02 09:02:30
1662109350312127000,26.15,1,26.0,7,26.15,8,1,2022-09-02 09:02:30
1662109350613656000,26.05,1,26.0,7,26.1,23,2,2022-09-02 09:02:30
1662109350668561000,26.1,1,26.0,12,26.1,23,1,2022-09-02 09:02:30
1662109351177885000,26.05,1,26.0,14,26.1,22,2,2022-09-02 09:02:31
1662109352186036000,26.05,1,26.0,15,26.1,22,1,2022-09-02 09:02:32
1662109352256623000,26.1,1,26.0,15,26.1,21,1,2022-09-02 09:02:32
1662109352368163000,26.1,1,26.05,5,26.1,20,1,2022-09-02 09:02:32
1662109352410870000,26.1,1,26.05,5,26.1,19,1,2022-09-02 09:02:32
1662109352709154000,26.1,1,26.05,5,26.1,18,1,2022-09-02 09:02:32
1662109353048533000,26.1,1,26.05,5,26.1,17,1,2022-09-02 09:02:33
1662109353403571000,26.1,1,26.05,8,26.1,16,1,2022-09-02 09:02:33
1662109353535108000,26.1,1,26.05,8,26.1,15,1,2022-09-02 09:02:33
1662109353699558000,26.1,2,26.05,8,26.1,13,1,2022-09-02 09:02:33
1662109354685596000,26.05,1,26.05,8,26.1,16,2,2022-09-02 09:02:34
1662109355298821000,26.1,1,26.05,7,26.1,16,1,2022-09-02 09:02:35
1662109355418036000,26.1,10,26.05,7,26.1,5,1,2022-09-02 09:02:35
1662109355444905000,26.1,5,26.05,7,26.15,25,1,2022-09-02 09:02:35
1662109355975729000,26.1,1,26.05,7,26.1,1,2,2022-09-02 09:02:35
1662109356076807000,26.1,1,26.1,1,26.15,25,1,2022-09-02 09:02:36
1662109357209217000,26.1,1,26.1,1,26.15,25,2,2022-09-02 09:02:37
1662109357591927000,26.05,1,26.05,12,26.15,25,2,2022-09-02 09:02:37
1662109358188015000,26.15,2,26.05,12,26.15,25,1,2022-09-02 09:02:38
1662109358768415000,26.05,1,26.05,11,26.15,23,2,2022-09-02 09:02:38
1662109359281345000,26.1,1,26.05,11,26.1,1,2,2022-09-02 09:02:39
1662109359314747000,26.05,3,26.05,11,26.1,2,2,2022-09-02 09:02:39
1662109359719805000,26.1,1,26.05,8,26.1,1,1,2022-09-02 09:02:39
1662109359821004000,26.1,1,26.05,8,26.15,20,1,2022-09-02 09:02:39
1662109360169955000,26.15,5,26.05,8,26.15,15,1,2022-09-02 09:02:40
1662109360892894000,26.1,1,26.05,9,26.15,16,1,2022-09-02 09:02:40
1662109361953937000,26.1,2,26.1,1,26.15,17,1,2022-09-02 09:02:41
1662109362020656000,26.1,1,26.05,12,26.1,2,2,2022-09-02 09:02:42
1662109363378424000,26.1,2,26.05,12,26.1,2,1,2022-09-02 09:02:43
1662109363485294000,26.1,1,26.05,12,26.1,1,1,2022-09-02 09:02:43
1662109364223636000,26.1,1,26.05,13,26.1,1,1,2022-09-02 09:02:44
1662109364636624000,26.1,2,26.05,13,26.15,16,1,2022-09-02 09:02:44
1662109364636624000,26.15,3,26.05,13,26.15,16,1,2022-09-02 09:02:44
1662109365248629000,26.05,1,26.05,13,26.15,16,2,2022-09-02 09:02:45
1662109365453458000,26.05,1,26.05,13,26.15,16,2,2022-09-02 09:02:45
1662109366136822000,26.1,2,26.05,16,26.15,16,2,2022-09-02 09:02:46
1662109366321600000,26.1,1,26.1,1,26.15,16,2,2022-09-02 09:02:46
1662109366829175000,26.15,1,26.05,16,26.15,15,1,2022-09-02 09:02:46
1662109366852956000,26.15,6,26.05,16,26.15,9,1,2022-09-02 09:02:46
1662109366884450000,26.15,9,26.05,16,26.2,29,1,2022-09-02 09:02:46
1662109366996044000,26.2,1,26.05,16,26.2,28,1,2022-09-02 09:02:46
1662109367754846000,26.05,1,26.05,16,26.2,28,2,2022-09-02 09:02:47
1662109368956914000,26.2,1,26.1,5,26.2,27,1,2022-09-02 09:02:48
1662109371544775000,26.2,1,26.15,3,26.2,27,1,2022-09-02 09:02:51
1662109372181132000,26.15,3,26.05,15,26.2,26,2,2022-09-02 09:02:52
1662109372181132000,26.1,14,26.05,15,26.2,26,2,2022-09-02 09:02:52
1662109372181132000,26.05,3,26.05,15,26.2,26,2,2022-09-02 09:02:52
1662109372314826000,26.05,6,26.05,9,26.15,1,2,2022-09-02 09:02:52
1662109372846553000,26.1,1,26.05,109,26.15,1,1,2022-09-02 09:02:52
1662109372962223000,26.15,1,26.05,109,26.2,27,1,2022-09-02 09:02:52
1662109374248626000,26.2,5,26.15,5,26.2,38,1,2022-09-02 09:02:54
1662109375033460000,26.15,1,26.15,4,26.2,33,2,2022-09-02 09:02:55
1662109375033614000,26.2,2,26.15,4,26.2,31,1,2022-09-02 09:02:55
1662109375464817000,26.15,1,26.15,3,26.2,31,2,2022-09-02 09:02:55
1662109375804623000,26.15,3,26.15,4,26.2,31,2,2022-09-02 09:02:55
1662109377059072000,26.15,1,26.1,4,26.15,5,1,2022-09-02 09:02:57
1662109377916838000,26.15,1,26.1,6,26.15,6,1,2022-09-02 09:02:57
1662109379044810000,26.15,1,26.1,9,26.15,6,1,2022-09-02 09:02:59
1662109379312429000,26.15,1,26.1,9,26.15,6,1,2022-09-02 09:02:59
1662109379499695000,26.1,2,26.1,7,26.15,10,2,2022-09-02 09:02:59
1662109379662788000,26.15,1,26.1,7,26.15,9,1,2022-09-02 09:02:59
1662109379666620000,26.15,9,26.1,7,26.15,10,1,2022-09-02 09:02:59
1662109379666620000,26.2,6,26.1,7,26.15,10,1,2022-09-02 09:02:59
1662109380294747000,26.1,1,26.1,11,26.15,1,2,2022-09-02 09:03:00
1662109380583559000,26.1,4,26.1,6,26.15,3,2,2022-09-02 09:03:00
1662109380600258000,26.1,6,26.05,110,26.15,3,2,2022-09-02 09:03:00
1662109380792476000,26.05,4,26.05,106,26.15,14,2,2022-09-02 09:03:00
1662109380804976000,26.05,11,26.05,95,26.15,14,2,2022-09-02 09:03:00
1662109380842027000,26.05,1,26.0,165,26.15,14,2,2022-09-02 09:03:00
1662109381326208000,26.1,1,26.1,1,26.15,51,1,2022-09-02 09:03:01
1662109381359891000,26.1,1,26.0,165,26.15,51,2,2022-09-02 09:03:01
1662109382410522000,26.0,4,26.0,161,26.05,1,2,2022-09-02 09:03:02
1662109382455705000,26.05,1,26.0,160,26.1,7,1,2022-09-02 09:03:02
1662109383189617000,26.1,1,26.0,161,26.1,10,1,2022-09-02 09:03:03
1662109383939353000,26.05,1,26.0,161,26.1,13,2,2022-09-02 09:03:03
1662109385190126000,26.05,1,26.0,160,26.1,17,2,2022-09-02 09:03:05
1662109385276554000,26.0,16,26.0,144,26.05,1,2,2022-09-02 09:03:05
1662109385311003000,26.0,1,26.0,160,26.05,1,2,2022-09-02 09:03:05
1662109385623356000,26.05,1,26.0,143,26.1,15,1,2022-09-02 09:03:05
1662109386701189000,26.0,5,26.0,143,26.05,1,2,2022-09-02 09:03:06
1662109387111563000,26.0,1,26.0,142,26.05,2,2,2022-09-02 09:03:07
1662109387310751000,26.05,1,26.0,143,26.05,2,1,2022-09-02 09:03:07
1662109387327541000,26.0,50,26.0,92,26.05,1,2,2022-09-02 09:03:07
1662109387359822000,26.0,5,25.95,4,26.05,1,2,2022-09-02 09:03:07
1662109388236363000,26.0,1,25.95,4,26.0,8,1,2022-09-02 09:03:08
1662109388938344000,25.95,3,25.95,1,26.0,26,2,2022-09-02 09:03:08
1662109388972609000,25.95,1,25.9,103,26.0,26,2,2022-09-02 09:03:08
1662109388986752000,25.9,3,25.9,100,26.0,26,2,2022-09-02 09:03:08
1662109389028239000,25.95,1,25.9,1,26.0,27,1,2022-09-02 09:03:09
1662109389113915000,25.95,1,25.9,1,26.0,27,1,2022-09-02 09:03:09
1662109389120801000,25.9,1,25.8,122,26.0,27,2,2022-09-02 09:03:09
1662109389120801000,25.85,2,25.8,122,26.0,27,2,2022-09-02 09:03:09
1662109389120801000,25.8,1,25.8,122,26.0,27,2,2022-09-02 09:03:09
1662109389176735000,25.8,9,25.8,13,25.95,8,2,2022-09-02 09:03:09
1662109389207453000,25.8,13,25.75,31,25.95,8,2,2022-09-02 09:03:09
1662109389260978000,25.9,1,25.75,31,25.9,4,1,2022-09-02 09:03:09
1662109389371445000,25.75,2,25.75,29,25.9,4,2,2022-09-02 09:03:09
1662109389499093000,25.9,4,25.75,29,25.95,7,1,2022-09-02 09:03:09
1662109389499093000,25.95,1,25.75,29,25.95,7,1,2022-09-02 09:03:09
1662109389682984000,25.95,1,25.8,1,25.95,8,1,2022-09-02 09:03:09
1662109390811006000,25.85,1,25.8,2,25.85,2,1,2022-09-02 09:03:10
1662109390834881000,25.85,1,25.8,2,25.9,2,1,2022-09-02 09:03:10
1662109391131264000,25.9,1,25.8,2,25.9,1,1,2022-09-02 09:03:11
1662109391968826000,25.9,1,25.8,3,25.95,11,1,2022-09-02 09:03:11
1662109392649117000,25.95,2,25.8,3,25.95,3,1,2022-09-02 09:03:12
1662109394104975000,25.8,1,25.8,5,25.95,9,2,2022-09-02 09:03:14
1662109394472393000,25.9,1,25.8,4,25.95,9,2,2022-09-02 09:03:14
1662109395142622000,25.85,1,25.8,6,25.95,9,2,2022-09-02 09:03:15
1662109395567879000,25.8,2,25.8,4,25.95,8,2,2022-09-02 09:03:15
1662109396551624000,25.8,2,25.8,2,25.9,5,2,2022-09-02 09:03:16
1662109398085222000,25.85,3,25.8,2,25.85,3,1,2022-09-02 09:03:18
1662109398123179000,25.85,3,25.8,2,25.9,5,1,2022-09-02 09:03:18
1662109398615563000,25.8,1,25.8,1,25.9,5,2,2022-09-02 09:03:18
1662109400497278000,25.8,4,25.75,31,25.85,1,2,2022-09-02 09:03:20
1662109400947527000,25.75,1,25.75,30,25.8,1,2,2022-09-02 09:03:20
1662109400949054000,25.8,1,25.75,30,25.85,1,1,2022-09-02 09:03:20
1662109401593989000,25.8,1,25.75,30,25.85,1,2,2022-09-02 09:03:21
1662109401669539000,25.75,15,25.75,15,25.85,1,2,2022-09-02 09:03:21
1662109402044873000,25.8,2,25.75,15,25.8,1,1,2022-09-02 09:03:22
1662109402097320000,25.75,2,25.75,13,25.8,1,2,2022-09-02 09:03:22
1662109402212582000,25.8,1,25.75,15,25.8,1,1,2022-09-02 09:03:22
1662109402542053000,25.85,1,25.75,13,25.9,9,1,2022-09-02 09:03:22
1662109402985386000,25.8,3,25.75,13,25.85,1,1,2022-09-02 09:03:22
1662109403041066000,25.75,1,25.75,12,25.85,1,2,2022-09-02 09:03:23
1662109403857946000,25.8,1,25.8,2,25.85,2,2,2022-09-02 09:03:23
1662109403956157000,25.8,2,25.75,12,25.85,2,2,2022-09-02 09:03:23
1662109404217629000,25.75,1,25.75,12,25.8,5,2,2022-09-02 09:03:24
1662109404614525000,25.8,1,25.75,11,25.8,4,1,2022-09-02 09:03:24
1662109404620811000,25.75,1,25.75,10,25.8,4,2,2022-09-02 09:03:24
1662109404742721000,25.8,4,25.75,10,25.9,5,1,2022-09-02 09:03:24
1662109404742721000,25.85,2,25.75,10,25.9,5,1,2022-09-02 09:03:24
1662109404742721000,25.9,4,25.75,10,25.9,5,1,2022-09-02 09:03:24
1662109404877466000,25.8,1,25.75,11,25.85,1,2,2022-09-02 09:03:24
1662109405312511000,25.75,2,25.75,11,25.85,6,2,2022-09-02 09:03:25
1662109405937373000,25.75,1,25.75,8,25.8,1,2,2022-09-02 09:03:25
1662109406135622000,25.8,1,25.75,8,25.85,6,1,2022-09-02 09:03:26
1662109407972606000,25.8,1,25.75,8,25.8,4,2,2022-09-02 09:03:27
1662109407986300000,25.8,1,25.75,8,25.8,3,1,2022-09-02 09:03:27
1662109408199080000,25.8,3,25.8,5,25.85,10,1,2022-09-02 09:03:28
1662109409417558000,25.8,1,25.8,8,25.85,11,2,2022-09-02 09:03:29
1662109409675810000,25.8,6,25.8,2,25.85,11,2,2022-09-02 09:03:29
1662109409719110000,25.8,1,25.8,1,25.85,11,2,2022-09-02 09:03:29
1662109412429308000,25.8,1,25.8,3,25.85,16,2,2022-09-02 09:03:32
1662109414131129000,25.8,3,25.8,5,25.85,15,2,2022-09-02 09:03:34
1662109414909782000,25.8,2,25.75,15,25.8,24,2,2022-09-02 09:03:34
1662109414954981000,25.75,1,25.75,14,25.8,24,2,2022-09-02 09:03:34
1662109414964449000,25.8,2,25.75,14,25.8,22,1,2022-09-02 09:03:34
1662109415282447000,25.75,1,25.75,13,25.8,23,2,2022-09-02 09:03:35
1662109415653319000,25.75,1,25.75,12,25.8,23,2,2022-09-02 09:03:35
1662109417421132000,25.75,3,25.75,9,25.8,27,2,2022-09-02 09:03:37
1662109417444287000,25.75,2,25.75,7,25.8,27,2,2022-09-02 09:03:37
1662109418536096000,25.8,5,25.75,7,25.8,22,1,2022-09-02 09:03:38
1662109418993544000,25.75,8,25.7,105,25.8,22,2,2022-09-02 09:03:38
1662109418993544000,25.7,7,25.7,105,25.8,22,2,2022-09-02 09:03:38
1662109419576217000,25.75,5,25.7,5,25.75,3,1,2022-09-02 09:03:39
1662109420834629000,25.7,2,25.7,3,25.75,3,2,2022-09-02 09:03:40
1662109421990606000,25.7,2,25.7,1,25.75,3,2,2022-09-02 09:03:41
1662109422158810000,25.7,2,25.65,3,25.75,8,2,2022-09-02 09:03:42
1662109422158810000,25.65,1,25.65,3,25.75,8,2,2022-09-02 09:03:42
1662109423668725000,25.65,3,25.6,19,25.75,9,2,2022-09-02 09:03:43
1662109424232399000,25.6,3,25.6,16,25.7,1,2,2022-09-02 09:03:44
1662109424353976000,25.6,1,25.6,15,25.65,1,2,2022-09-02 09:03:44
1662109424388852000,25.6,1,25.6,14,25.65,1,2,2022-09-02 09:03:44
1662109426018186000,25.6,3,25.6,11,25.65,1,2,2022-09-02 09:03:46
1662109426051312000,25.6,1,25.6,10,25.65,1,2,2022-09-02 09:03:46
1662109426158660000,25.65,1,25.6,10,25.7,1,1,2022-09-02 09:03:46
1662109426376932000,25.7,1,25.6,10,25.7,4,1,2022-09-02 09:03:46
1662109427847875000,25.6,1,25.6,9,25.7,2,2,2022-09-02 09:03:47
1662109429068750000,25.7,1,25.6,11,25.7,2,1,2022-09-02 09:03:49
1662109429448606000,25.7,1,25.6,12,25.7,3,1,2022-09-02 09:03:49
1662109430882194000,25.7,1,25.6,12,25.7,1,1,2022-09-02 09:03:50
1662109430912912000,25.7,1,25.6,12,25.75,10,1,2022-09-02 09:03:50
1662109431694804000,25.7,1,25.65,2,25.7,4,1,2022-09-02 09:03:51
1662109432360960000,25.7,1,25.65,4,25.7,3,1,2022-09-02 09:03:52
1662109432394739000,25.7,3,25.65,4,25.75,9,1,2022-09-02 09:03:52
1662109432444330000,25.7,1,25.65,4,25.75,9,1,2022-09-02 09:03:52
1662109432974053000,25.7,1,25.6,12,25.75,9,2,2022-09-02 09:03:52
1662109432974053000,25.65,4,25.6,12,25.75,9,2,2022-09-02 09:03:52
1662109433279124000,25.7,1,25.6,12,25.7,1,1,2022-09-02 09:03:53
1662109436633832000,25.7,3,25.65,3,25.7,14,1,2022-09-02 09:03:56
1662109436660852000,25.7,6,25.65,3,25.7,17,1,2022-09-02 09:03:56
1662109436910262000,25.7,8,25.65,3,25.75,12,1,2022-09-02 09:03:56
1662109438313671000,25.75,8,25.7,1,25.75,2,1,2022-09-02 09:03:58
1662109438337400000,25.75,2,25.7,1,25.8,5,1,2022-09-02 09:03:58
1662109438361479000,25.7,1,25.65,5,25.8,5,2,2022-09-02 09:03:58
1662109440761246000,25.75,2,25.65,8,25.7,8,2,2022-09-02 09:04:00
1662109441208069000,25.7,1,25.65,8,25.7,7,1,2022-09-02 09:04:01
1662109441212225000,25.65,3,25.65,5,25.7,7,2,2022-09-02 09:04:01
1662109441655753000,25.65,5,25.6,21,25.65,6,2,2022-09-02 09:04:01
1662109441690180000,25.6,1,25.6,20,25.65,6,2,2022-09-02 09:04:01
1662109442176014000,25.6,10,25.6,10,25.65,6,2,2022-09-02 09:04:02
1662109442214661000,25.6,4,25.6,6,25.65,6,2,2022-09-02 09:04:02
1662109442220557000,25.6,1,25.6,5,25.65,6,2,2022-09-02 09:04:02
1662109442225966000,25.6,1,25.6,4,25.65,6,2,2022-09-02 09:04:02
1662109442300363000,25.65,2,25.6,4,25.65,4,1,2022-09-02 09:04:02
1662109443152923000,25.65,2,25.6,4,25.65,2,1,2022-09-02 09:04:03
1662109443184688000,25.6,1,25.6,3,25.65,2,2,2022-09-02 09:04:03
1662109444307386000,25.6,4,25.55,15,25.65,2,2,2022-09-02 09:04:04
1662109444455603000,25.55,3,25.55,12,25.6,1,2,2022-09-02 09:04:04
1662109445352766000,25.6,1,25.55,12,25.65,2,1,2022-09-02 09:04:05
1662109446684457000,25.55,5,25.55,8,25.6,3,2,2022-09-02 09:04:06
1662109446714847000,25.6,1,25.55,8,25.6,2,1,2022-09-02 09:04:06
1662109446718556000,25.55,8,25.5,61,25.6,2,2,2022-09-02 09:04:06
1662109447266435000,25.55,1,25.5,61,25.55,1,1,2022-09-02 09:04:07
1662109447650694000,25.55,1,25.5,61,25.65,2,1,2022-09-02 09:04:07
1662109447650694000,25.6,2,25.5,61,25.65,2,1,2022-09-02 09:04:07
1662109451203624000,25.55,1,25.55,1,25.6,9,2,2022-09-02 09:04:11
1662109451718843000,25.55,1,25.5,65,25.55,2,1,2022-09-02 09:04:11
1662109451891952000,25.5,1,25.5,64,25.55,1,2,2022-09-02 09:04:11
1662109451926309000,25.5,1,25.5,63,25.55,1,2,2022-09-02 09:04:11
1662109451961812000,25.5,1,25.5,62,25.55,1,2,2022-09-02 09:04:11
1662109451992729000,25.5,2,25.5,60,25.55,1,2,2022-09-02 09:04:11
1662109452099806000,25.5,2,25.5,58,25.55,1,2,2022-09-02 09:04:12
1662109452866880000,25.5,2,25.5,56,25.55,1,2,2022-09-02 09:04:12
1662109453009262000,25.55,1,25.55,4,25.6,11,1,2022-09-02 09:04:13
1662109453040702000,25.55,2,25.5,555,25.55,1,2,2022-09-02 09:04:13
1662109453559802000,25.55,2,25.5,555,25.6,11,2,2022-09-02 09:04:13
1662109453755873000,25.5,2,25.5,555,25.6,11,2,2022-09-02 09:04:13
1662109454023235000,25.6,2,25.5,553,25.6,9,1,2022-09-02 09:04:14
1662109454953645000,25.5,1,25.5,552,25.6,9,2,2022-09-02 09:04:14
1662109455246413000,25.5,2,25.5,552,25.6,8,2,2022-09-02 09:04:15
1662109455431083000,25.5,1,25.5,549,25.6,8,2,2022-09-02 09:04:15
1662109455887034000,25.6,3,25.5,549,25.6,5,1,2022-09-02 09:04:15
1662109456216931000,25.5,2,25.5,547,25.6,5,2,2022-09-02 09:04:16
1662109456364918000,25.5,2,25.5,545,25.6,5,2,2022-09-02 09:04:16
1662109457372491000,25.55,1,25.55,4,25.6,6,2,2022-09-02 09:04:17
1662109457703348000,25.55,1,25.55,4,25.6,7,2,2022-09-02 09:04:17
1662109458119570000,25.55,3,25.5,542,25.6,7,2,2022-09-02 09:04:18
1662109458119570000,25.5,7,25.5,542,25.6,7,2,2022-09-02 09:04:18
1662109458771950000,25.5,4,25.5,542,25.55,10,2,2022-09-02 09:04:18
1662109458800430000,25.5,1,25.5,537,25.55,10,2,2022-09-02 09:04:18
1662109458800529000,25.5,1,25.5,536,25.55,10,2,2022-09-02 09:04:18
1662109458962463000,25.55,2,25.5,536,25.55,8,1,2022-09-02 09:04:18
1662109459061407000,25.55,1,25.5,536,25.55,7,1,2022-09-02 09:04:19
1662109460815361000,25.5,5,25.5,532,25.55,7,2,2022-09-02 09:04:20
1662109461113713000,25.55,3,25.5,532,25.55,4,1,2022-09-02 09:04:21
1662109461173632000,25.5,1,25.5,531,25.55,4,2,2022-09-02 09:04:21
1662109461603380000,25.5,2,25.5,529,25.55,4,2,2022-09-02 09:04:21
1662109461648624000,25.5,30,25.45,2,25.55,4,2,2022-09-02 09:04:21
1662109462411945000,25.5,7,25.45,2,25.55,3,1,2022-09-02 09:04:22
1662109462411945000,25.55,1,25.45,2,25.55,3,1,2022-09-02 09:04:22
1662109462777273000,25.45,2,25.45,2,25.55,4,2,2022-09-02 09:04:22
1662109462927172000,25.4,5,25.35,3,25.55,13,2,2022-09-02 09:04:22
1662109462927172000,25.35,1,25.35,3,25.55,13,2,2022-09-02 09:04:22
1662109462952975000,25.35,3,25.3,12,25.55,13,2,2022-09-02 09:04:22
1662109462974800000,25.3,1,25.3,11,25.55,13,2,2022-09-02 09:04:22
1662109463480554000,25.5,1,25.3,11,25.55,12,2,2022-09-02 09:04:23
1662109463670380000,25.55,8,25.3,11,25.55,5,1,2022-09-02 09:04:23
1662109463973585000,25.5,2,25.35,5,25.55,6,1,2022-09-02 09:04:23
1662109464900327000,25.35,1,25.35,3,25.45,1,2,2022-09-02 09:04:24
1662109465030233000,25.35,3,25.3,11,25.45,1,2,2022-09-02 09:04:25
1662109466662944000,25.4,1,25.35,5,25.45,4,1,2022-09-02 09:04:26
1662109466662944000,25.45,2,25.35,5,25.45,4,1,2022-09-02 09:04:26
1662109466706253000,25.45,1,25.35,5,25.45,3,1,2022-09-02 09:04:26
1662109467098867000,25.35,5,25.3,6,25.45,3,2,2022-09-02 09:04:27
1662109467098867000,25.3,5,25.3,6,25.45,3,2,2022-09-02 09:04:27
1662109467768332000,25.35,1,25.35,1,25.45,5,2,2022-09-02 09:04:27
1662109468627505000,25.3,3,25.3,2,25.35,1,2,2022-09-02 09:04:28
1662109469736305000,25.3,2,25.3,2,25.35,1,2,2022-09-02 09:04:29
1662109469790746000,25.25,1,25.25,3,25.3,3,2,2022-09-02 09:04:29
1662109470092435000,25.25,1,25.25,2,25.3,3,2,2022-09-02 09:04:30
1662109470796801000,25.3,2,25.25,1,25.3,1,1,2022-09-02 09:04:30
1662109472435638000,25.25,1,25.25,1,25.3,1,2,2022-09-02 09:04:32
1662109473518487000,25.3,1,25.25,6,25.35,1,1,2022-09-02 09:04:33
1662109473518487000,25.35,2,25.25,6,25.35,1,1,2022-09-02 09:04:33
1662109474051067000,25.25,1,25.25,5,25.3,1,2,2022-09-02 09:04:34
1662109474183015000,25.3,1,25.25,5,25.35,1,1,2022-09-02 09:04:34
1662109474622937000,25.25,4,25.25,1,25.35,1,2,2022-09-02 09:04:34
1662109474653826000,25.25,1,25.2,6,25.35,1,2,2022-09-02 09:04:34
1662109475931056000,25.3,1,25.25,1,25.35,2,2,2022-09-02 09:04:35
1662109475970843000,25.35,2,25.25,1,25.4,9,1,2022-09-02 09:04:35
1662109478741441000,25.3,2,25.25,2,25.3,2,1,2022-09-02 09:04:38
1662109478741441000,25.35,1,25.25,2,25.3,2,1,2022-09-02 09:04:38
1662109478741441000,25.4,2,25.25,2,25.3,2,1,2022-09-02 09:04:38
1662109481721122000,25.3,1,25.3,12,25.35,1,2,2022-09-02 09:04:41
1662109482850838000,25.35,2,25.35,3,25.4,8,1,2022-09-02 09:04:42
1662109483311535000,25.35,4,25.3,11,25.4,8,2,2022-09-02 09:04:43
1662109483311535000,25.3,1,25.3,11,25.4,8,2,2022-09-02 09:04:43
1662109484491210000,25.3,1,25.3,10,25.4,8,2,2022-09-02 09:04:44
1662109485744211000,25.3,3,25.3,15,25.4,8,2,2022-09-02 09:04:45
1662109486427783000,25.35,1,25.3,17,25.4,8,1,2022-09-02 09:04:46
1662109486525074000,25.4,1,25.3,17,25.4,8,1,2022-09-02 09:04:46
1662109489507736000,25.35,1,25.35,4,25.4,7,2,2022-09-02 09:04:49
1662109489615941000,25.4,1,25.35,4,25.4,7,1,2022-09-02 09:04:49
1662109490939947000,25.4,1,25.35,4,25.4,5,1,2022-09-02 09:04:50
1662109490999786000,25.35,1,25.35,3,25.4,5,2,2022-09-02 09:04:50
1662109491205518000,25.35,2,25.35,1,25.4,5,2,2022-09-02 09:04:51
1662109494095805000,25.4,5,25.35,10,25.45,6,1,2022-09-02 09:04:54
1662109495174440000,25.4,1,25.35,14,25.4,2,1,2022-09-02 09:04:55
1662109495363064000,25.4,1,25.4,4,25.45,6,1,2022-09-02 09:04:55
1662109498011831000,25.4,1,25.4,7,25.45,6,2,2022-09-02 09:04:58
1662109499097765000,25.4,4,25.4,16,25.45,6,2,2022-09-02 09:04:59
1662109500318092000,25.4,10,25.4,6,25.45,16,2,2022-09-02 09:05:00
1662109500394342000,25.45,2,25.4,6,25.45,14,1,2022-09-02 09:05:00
1662109500637593000,25.4,3,25.4,3,25.45,14,2,2022-09-02 09:05:00
1662109500957991000,25.45,1,25.4,3,25.45,13,1,2022-09-02 09:05:00
1662109500961222000,25.4,2,25.4,1,25.45,13,2,2022-09-02 09:05:00
1662109501883298000,25.4,2,25.35,24,25.4,3,2,2022-09-02 09:05:01
1662109501960954000,25.4,1,25.35,24,25.4,2,1,2022-09-02 09:05:01
1662109502760812000,25.4,1,25.35,25,25.4,10,1,2022-09-02 09:05:02
1662109503281510000,25.4,1,25.35,25,25.4,9,1,2022-09-02 09:05:03
1662109504146726000,25.4,2,25.35,25,25.4,6,1,2022-09-02 09:05:04
1662109504428052000,25.4,5,25.35,25,25.4,1,1,2022-09-02 09:05:04
1662109505635434000,25.4,1,25.35,25,25.45,14,1,2022-09-02 09:05:05
1662109505836817000,25.45,1,25.4,2,25.45,13,1,2022-09-02 09:05:05
1662109509351819000,25.4,1,25.4,3,25.45,13,2,2022-09-02 09:05:09
1662109510185099000,25.4,3,25.4,2,25.45,13,2,2022-09-02 09:05:10
1662109512127930000,25.45,1,25.4,7,25.45,11,1,2022-09-02 09:05:12
1662109514667088000,25.45,1,25.4,13,25.45,12,1,2022-09-02 09:05:14
1662109516722400000,25.45,1,25.4,15,25.45,13,1,2022-09-02 09:05:16
1662109519189350000,25.45,1,25.4,16,25.45,14,1,2022-09-02 09:05:19
1662109519286272000,25.45,10,25.4,16,25.45,4,1,2022-09-02 09:05:19
1662109519312761000,25.45,4,25.4,16,25.5,32,1,2022-09-02 09:05:19
1662109521170156000,25.45,1,25.4,26,25.5,32,1,2022-09-02 09:05:21
1662109522678700000,25.45,3,25.45,3,25.5,82,2,2022-09-02 09:05:22
1662109522853369000,25.4,4,25.4,27,25.5,82,2,2022-09-02 09:05:22
1662109523851349000,25.5,1,25.4,23,25.5,81,1,2022-09-02 09:05:23
1662109524149589000,25.5,1,25.4,23,25.5,80,1,2022-09-02 09:05:24
1662109527456706000,25.5,1,25.45,3,25.5,30,1,2022-09-02 09:05:27
1662109527546724000,25.5,3,25.45,3,25.5,27,1,2022-09-02 09:05:27
1662109527551342000,25.5,5,25.45,3,25.5,22,1,2022-09-02 09:05:27
1662109527601817000,25.45,3,25.4,20,25.5,22,2,2022-09-02 09:05:27
1662109529568677000,25.45,1,25.4,21,25.5,22,2,2022-09-02 09:05:29
1662109532439404000,25.5,2,25.45,12,25.5,20,1,2022-09-02 09:05:32
1662109532849754000,25.5,1,25.45,12,25.5,19,1,2022-09-02 09:05:32
1662109534694562000,25.5,1,25.45,12,25.5,19,1,2022-09-02 09:05:34
1662109536139000000,25.5,1,25.45,16,25.5,18,1,2022-09-02 09:05:36
1662109536740374000,25.45,1,25.45,17,25.5,19,2,2022-09-02 09:05:36
1662109537712582000,25.5,1,25.45,17,25.5,18,1,2022-09-02 09:05:37
1662109538393263000,25.5,1,25.45,17,25.5,18,1,2022-09-02 09:05:38
1662109539255968000,25.5,4,25.45,69,25.5,18,1,2022-09-02 09:05:39
1662109539292305000,25.5,2,25.45,69,25.5,12,1,2022-09-02 09:05:39
1662109542874165000,25.5,1,25.45,73,25.5,11,1,2022-09-02 09:05:42
1662109542903151000,25.5,3,25.45,73,25.5,8,1,2022-09-02 09:05:42
1662109543502395000,25.5,1,25.45,73,25.5,8,1,2022-09-02 09:05:43
1662109543733180000,25.5,3,25.45,73,25.5,9,1,2022-09-02 09:05:43
1662109545399994000,25.5,1,25.45,173,25.5,4,1,2022-09-02 09:05:45
1662109545421748000,25.5,2,25.45,173,25.5,2,1,2022-09-02 09:05:45
1662109546487012000,25.5,1,25.45,173,25.5,1,1,2022-09-02 09:05:46
1662109546516858000,25.5,1,25.45,173,25.55,21,1,2022-09-02 09:05:46
1662109546541110000,25.55,2,25.45,173,25.55,19,1,2022-09-02 09:05:46
1662109553237136000,25.55,1,25.5,16,25.55,20,1,2022-09-02 09:05:53
1662109554283267000,25.55,1,25.5,17,25.55,19,1,2022-09-02 09:05:54
1662109555685765000,25.55,1,25.5,30,25.55,18,1,2022-09-02 09:05:55
1662109555807873000,25.55,1,25.5,30,25.55,19,1,2022-09-02 09:05:55
1662109557052291000,25.55,10,25.5,32,25.55,7,1,2022-09-02 09:05:57
1662109557306474000,25.55,4,25.5,32,25.55,7,1,2022-09-02 09:05:57
1662109558142466000,25.55,2,25.5,32,25.55,1,1,2022-09-02 09:05:58
1662109558175579000,25.55,1,25.5,32,25.6,24,1,2022-09-02 09:05:58
1662109559397872000,25.55,3,25.5,32,25.55,2,2,2022-09-02 09:05:59
1662109560769388000,25.55,2,25.5,34,25.55,1,1,2022-09-02 09:06:00
1662109560849994000,25.55,1,25.5,34,25.55,3,1,2022-09-02 09:06:00
1662109561194622000,25.5,3,25.5,31,25.6,24,2,2022-09-02 09:06:01
1662109561247321000,25.5,5,25.5,31,25.55,1,2,2022-09-02 09:06:01
1662109561590655000,25.5,2,25.5,24,25.55,1,2,2022-09-02 09:06:01
1662109563908093000,25.5,3,25.5,71,25.55,7,2,2022-09-02 09:06:03
1662109563938721000,25.5,1,25.5,70,25.55,7,2,2022-09-02 09:06:03
1662109564516002000,25.55,1,25.5,69,25.55,6,1,2022-09-02 09:06:04
1662109564749652000,25.55,3,25.5,69,25.55,7,1,2022-09-02 09:06:04
1662109565468086000,25.55,3,25.5,68,25.55,4,1,2022-09-02 09:06:05
1662109565972582000,25.55,1,25.5,68,25.55,14,1,2022-09-02 09:06:05
1662109566095311000,25.55,5,25.5,68,25.55,9,1,2022-09-02 09:06:06
1662109566322692000,25.55,2,25.5,68,25.55,7,1,2022-09-02 09:06:06
1662109566382399000,25.55,5,25.5,68,25.55,15,1,2022-09-02 09:06:06
1662109566910958000,25.5,1,25.5,67,25.55,2,2,2022-09-02 09:06:06
1662109567431525000,25.55,1,25.5,66,25.55,1,1,2022-09-02 09:06:07
1662109571253667000,25.55,1,25.5,168,25.55,46,1,2022-09-02 09:06:11
1662109572326517000,25.55,1,25.5,168,25.55,45,1,2022-09-02 09:06:12
1662109574724566000,25.5,1,25.5,184,25.55,46,2,2022-09-02 09:06:14
1662109577570272000,25.5,15,25.5,169,25.55,84,2,2022-09-02 09:06:17
1662109577595560000,25.5,1,25.5,184,25.55,84,2,2022-09-02 09:06:17
1662109578268359000,25.5,1,25.5,169,25.55,84,2,2022-09-02 09:06:18
1662109579674787000,25.55,6,25.5,168,25.55,78,1,2022-09-02 09:06:19
1662109581962059000,25.5,3,25.5,167,25.55,78,2,2022-09-02 09:06:21
1662109582710741000,25.55,1,25.5,168,25.55,77,1,2022-09-02 09:06:22
1662109586064458000,25.55,1,25.5,170,25.55,77,1,2022-09-02 09:06:26
1662109586899087000,25.55,1,25.5,170,25.55,76,1,2022-09-02 09:06:26
1662109589371632000,25.55,1,25.5,271,25.55,75,1,2022-09-02 09:06:29
1662109590249116000,25.55,1,25.5,272,25.55,74,1,2022-09-02 09:06:30
1662109590249355000,25.5,2,25.5,270,25.55,74,2,2022-09-02 09:06:30
1662109592523302000,25.55,5,25.5,270,25.55,69,1,2022-09-02 09:06:32
1662109593298888000,25.5,1,25.5,269,25.55,69,2,2022-09-02 09:06:33
1662109594086174000,25.5,1,25.5,268,25.55,69,2,2022-09-02 09:06:34
1662109595770124000,25.55,1,25.5,276,25.55,68,1,2022-09-02 09:06:35
1662109596637389000,25.5,2,25.5,274,25.55,68,2,2022-09-02 09:06:36
1662109597213163000,25.55,1,25.5,274,25.55,67,1,2022-09-02 09:06:37
1662109598794530000,25.55,1,25.5,274,25.55,66,1,2022-09-02 09:06:38
1662109599438419000,25.55,1,25.5,273,25.55,65,1,2022-09-02 09:06:39
1662109602282275000,25.55,1,25.5,273,25.55,64,1,2022-09-02 09:06:42
1662109602914709000,25.55,4,25.5,274,25.55,60,1,2022-09-02 09:06:42
1662109605771830000,25.5,1,25.5,275,25.55,60,2,2022-09-02 09:06:45
1662109607016494000,25.5,40,25.5,235,25.55,60,2,2022-09-02 09:06:47
1662109607048151000,25.5,1,25.5,134,25.55,60,2,2022-09-02 09:06:47
1662109607069890000,25.5,1,25.5,133,25.55,60,2,2022-09-02 09:06:47
1662109608535266000,25.5,1,25.5,32,25.55,60,2,2022-09-02 09:06:48
1662109608609184000,25.5,5,25.5,27,25.55,60,2,2022-09-02 09:06:48
1662109608643187000,25.5,2,25.5,25,25.55,60,2,2022-09-02 09:06:48
1662109609012748000,25.5,5,25.5,20,25.55,60,2,2022-09-02 09:06:49
1662109609109665000,25.5,1,25.5,19,25.55,60,2,2022-09-02 09:06:49
1662109609205977000,25.5,1,25.5,18,25.55,60,2,2022-09-02 09:06:49
1662109609239008000,25.5,1,25.5,17,25.55,60,2,2022-09-02 09:06:49
1662109609458879000,25.5,3,25.5,14,25.55,60,2,2022-09-02 09:06:49
1662109609485268000,25.5,14,25.45,133,25.5,36,2,2022-09-02 09:06:49
1662109609524155000,25.45,1,25.45,32,25.5,36,2,2022-09-02 09:06:49
1662109609551035000,25.45,1,25.45,31,25.5,36,2,2022-09-02 09:06:49
1662109611054970000,25.5,1,25.45,31,25.5,42,1,2022-09-02 09:06:51
1662109612699140000,25.45,5,25.45,26,25.5,39,2,2022-09-02 09:06:52
1662109613546532000,25.45,2,25.45,24,25.5,39,2,2022-09-02 09:06:53
1662109615143519000,25.45,10,25.45,12,25.5,39,2,2022-09-02 09:06:55
1662109615182300000,25.45,1,25.45,11,25.5,39,2,2022-09-02 09:06:55
1662109616291581000,25.45,2,25.45,9,25.5,39,2,2022-09-02 09:06:56
1662109616336596000,25.45,1,25.45,8,25.5,39,2,2022-09-02 09:06:56
1662109616336788000,25.45,1,25.45,7,25.5,39,2,2022-09-02 09:06:56
1662109616407384000,25.45,2,25.45,5,25.5,39,2,2022-09-02 09:06:56
1662109616426031000,25.45,1,25.45,4,25.5,39,2,2022-09-02 09:06:56
1662109616434487000,25.45,2,25.45,2,25.5,39,2,2022-09-02 09:06:56
1662109617300880000,25.45,1,25.45,1,25.5,39,2,2022-09-02 09:06:57
1662109617422767000,25.5,1,25.45,1,25.5,38,1,2022-09-02 09:06:57
1662109619157507000,25.45,1,25.4,426,25.5,38,2,2022-09-02 09:06:59
1662109619261451000,25.45,1,25.4,426,25.5,38,2,2022-09-02 09:06:59
1662109619806149000,25.5,1,25.4,426,25.5,37,1,2022-09-02 09:06:59
1662109620239478000,25.45,1,25.4,426,25.5,37,2,2022-09-02 09:07:00
1662109620575136000,25.4,3,25.4,423,25.45,12,2,2022-09-02 09:07:00
1662109621073044000,25.45,2,25.4,122,25.45,10,1,2022-09-02 09:07:01
1662109622575477000,25.4,4,25.4,7,25.45,12,2,2022-09-02 09:07:02
1662109622697567000,25.4,5,25.4,2,25.45,12,2,2022-09-02 09:07:02
1662109624027746000,25.4,1,25.4,11,25.45,32,2,2022-09-02 09:07:04
1662109625247963000,25.45,1,25.4,11,25.45,31,1,2022-09-02 09:07:05
1662109629314803000,25.45,1,25.4,16,25.45,30,1,2022-09-02 09:07:09
1662109630486964000,25.4,1,25.4,116,25.45,30,2,2022-09-02 09:07:10
1662109632308902000,25.45,1,25.4,116,25.45,29,1,2022-09-02 09:07:12
1662109637322284000,25.4,1,25.4,118,25.45,34,2,2022-09-02 09:07:17
1662109637345263000,25.4,2,25.4,116,25.45,34,2,2022-09-02 09:07:17
1662109637420525000,25.45,1,25.4,116,25.45,33,1,2022-09-02 09:07:17
1662109638489347000,25.45,30,25.4,116,25.45,3,1,2022-09-02 09:07:18
1662109638549044000,25.4,1,25.4,115,25.45,3,2,2022-09-02 09:07:18
1662109638549082000,25.4,1,25.4,114,25.45,3,2,2022-09-02 09:07:18
1662109638549334000,25.4,1,25.4,113,25.45,3,2,2022-09-02 09:07:18
1662109639180680000,25.45,1,25.4,113,25.45,3,1,2022-09-02 09:07:19
1662109639180774000,25.4,1,25.4,112,25.45,3,2,2022-09-02 09:07:19
1662109640897215000,25.4,1,25.4,112,25.45,13,2,2022-09-02 09:07:20
1662109641952990000,25.45,13,25.45,6,25.5,118,1,2022-09-02 09:07:21
1662109646222417000,25.45,2,25.45,5,25.5,118,2,2022-09-02 09:07:26
1662109647395671000,25.45,5,25.4,112,25.5,118,2,2022-09-02 09:07:27
1662109652200833000,25.45,3,25.4,113,25.45,13,1,2022-09-02 09:07:32
1662109653230937000,25.4,1,25.4,112,25.45,13,2,2022-09-02 09:07:33
1662109658134660000,25.45,1,25.4,112,25.45,13,1,2022-09-02 09:07:38
1662109658374044000,25.4,1,25.4,112,25.45,13,2,2022-09-02 09:07:38
1662109660761989000,25.45,5,25.4,114,25.45,8,1,2022-09-02 09:07:40
1662109660888410000,25.4,1,25.4,113,25.45,8,2,2022-09-02 09:07:40
1662109660932551000,25.4,1,25.4,112,25.45,8,2,2022-09-02 09:07:40
1662109661054783000,25.4,1,25.4,111,25.45,8,2,2022-09-02 09:07:41
1662109661592890000,25.4,10,25.35,121,25.4,10,2,2022-09-02 09:07:41
1662109664839986000,25.4,1,25.35,121,25.4,9,1,2022-09-02 09:07:44
1662109665084033000,25.4,1,25.35,121,25.4,8,1,2022-09-02 09:07:45
1662109665644840000,25.35,12,25.35,8,25.4,8,2,2022-09-02 09:07:45
1662109667909069000,25.35,4,25.35,4,25.4,8,2,2022-09-02 09:07:47
1662109667994406000,25.35,2,25.35,2,25.4,8,2,2022-09-02 09:07:47
1662109669145003000,25.4,1,25.35,2,25.4,7,1,2022-09-02 09:07:49
1662109673470278000,25.35,3,25.35,3,25.4,9,2,2022-09-02 09:07:53
1662109673607660000,25.35,1,25.3,120,25.35,6,1,2022-09-02 09:07:53
1662109680591978000,25.35,3,25.3,120,25.35,9,1,2022-09-02 09:08:00
1662109680642610000,25.3,1,25.3,119,25.35,9,2,2022-09-02 09:08:00
1662109681195076000,25.3,2,25.3,17,25.35,9,2,2022-09-02 09:08:01
1662109681487677000,25.35,2,25.3,17,25.35,10,1,2022-09-02 09:08:01
1662109681986423000,25.3,1,25.3,16,25.35,8,2,2022-09-02 09:08:01
1662109683374376000,25.35,1,25.3,18,25.35,7,1,2022-09-02 09:08:03
1662109689047263000,25.3,1,25.3,118,25.35,7,2,2022-09-02 09:08:09
1662109689459239000,25.3,3,25.3,115,25.35,7,2,2022-09-02 09:08:09
1662109689485226000,25.3,1,25.3,114,25.35,7,2,2022-09-02 09:08:09
1662109694922663000,25.3,1,25.3,114,25.35,7,2,2022-09-02 09:08:14
1662109697954084000,25.35,1,25.3,114,25.35,6,1,2022-09-02 09:08:17
1662109698905769000,25.35,2,25.3,114,25.35,8,1,2022-09-02 09:08:18
1662109699088426000,25.3,3,25.3,111,25.35,8,2,2022-09-02 09:08:19
1662109699145398000,25.3,1,25.3,110,25.35,8,2,2022-09-02 09:08:19
1662109700990745000,25.3,2,25.3,8,25.35,8,2,2022-09-02 09:08:20
1662109705961596000,25.3,1,25.3,8,25.35,9,2,2022-09-02 09:08:25
1662109708585944000,25.3,9,25.25,518,25.3,1,2,2022-09-02 09:08:28
1662109709935515000,25.3,1,25.3,6,25.35,10,1,2022-09-02 09:08:29
1662109709992369000,25.3,1,25.3,5,25.35,10,2,2022-09-02 09:08:29
1662109712036378000,25.3,1,25.3,4,25.35,10,2,2022-09-02 09:08:32
1662109713683010000,25.3,1,25.3,3,25.35,10,2,2022-09-02 09:08:33
1662109713702836000,25.3,1,25.3,2,25.35,10,2,2022-09-02 09:08:33
1662109716093086000,25.3,2,25.25,517,25.35,9,2,2022-09-02 09:08:36
1662109719018738000,25.3,1,25.3,4,25.35,9,1,2022-09-02 09:08:39
1662109720934637000,25.3,1,25.3,103,25.35,9,2,2022-09-02 09:08:40
1662109720980136000,25.3,1,25.3,104,25.35,9,2,2022-09-02 09:08:40
1662109723084900000,25.3,1,25.3,102,25.35,9,2,2022-09-02 09:08:43
1662109724384921000,25.35,10,25.3,104,25.4,14,1,2022-09-02 09:08:44
1662109728239047000,25.35,3,25.35,6,25.4,14,2,2022-09-02 09:08:48
1662109729297373000,25.35,1,25.35,5,25.4,13,2,2022-09-02 09:08:49
1662109730326954000,25.3,20,25.3,86,25.4,13,2,2022-09-02 09:08:50
1662109731263174000,25.35,2,25.3,5,25.4,13,2,2022-09-02 09:08:51
1662109737099078000,25.35,5,25.3,7,25.35,16,1,2022-09-02 09:08:57
1662109737887459000,25.35,1,25.3,7,25.35,15,1,2022-09-02 09:08:57
1662109738764781000,25.3,4,25.3,17,25.35,15,2,2022-09-02 09:08:58
1662109741142450000,25.35,5,25.3,24,25.35,10,1,2022-09-02 09:09:01
1662109745477866000,25.35,2,25.3,26,25.35,8,1,2022-09-02 09:09:05
1662109755815198000,25.35,1,25.3,128,25.35,7,1,2022-09-02 09:09:15
1662109758671327000,25.35,2,25.3,128,25.35,7,1,2022-09-02 09:09:18
1662109759229943000,25.35,3,25.3,128,25.35,2,1,2022-09-02 09:09:19
1662109762634099000,25.35,2,25.35,1,25.4,13,1,2022-09-02 09:09:22
1662109766177800000,25.4,2,25.35,2,25.4,11,1,2022-09-02 09:09:26
1662109766353709000,25.35,3,25.3,128,25.35,1,2,2022-09-02 09:09:26
1662109766765621000,25.35,1,25.3,128,25.4,11,1,2022-09-02 09:09:26
1662109774821112000,25.35,5,25.3,129,25.4,11,1,2022-09-02 09:09:34
1662109781990848000,25.35,1,25.35,1,25.4,11,2,2022-09-02 09:09:41
1662109782196034000,25.35,1,25.3,133,25.35,2,2,2022-09-02 09:09:42
1662109784434011000,25.35,1,25.3,133,25.35,1,1,2022-09-02 09:09:44
1662109787234142000,25.35,1,25.3,132,25.35,1,1,2022-09-02 09:09:47
1662109790097766000,25.35,1,25.3,132,25.4,11,1,2022-09-02 09:09:50
1662109793943760000,25.4,11,25.35,2,25.5,57,1,2022-09-02 09:09:53
1662109793943760000,25.45,30,25.35,2,25.5,57,1,2022-09-02 09:09:53
1662109793943760000,25.5,59,25.35,2,25.5,57,1,2022-09-02 09:09:53
1662109802632989000,25.5,1,25.35,107,25.5,56,1,2022-09-02 09:10:02
1662109819639244000,25.45,2,25.4,105,25.45,18,1,2022-09-02 09:10:19
1662109820128272000,25.45,1,25.4,105,25.45,17,1,2022-09-02 09:10:20
1662109820886807000,25.45,1,25.4,105,25.45,16,1,2022-09-02 09:10:20
1662109821566666000,25.45,1,25.4,104,25.45,15,1,2022-09-02 09:10:21
1662109822081387000,25.45,1,25.4,104,25.45,14,1,2022-09-02 09:10:22
1662109824454931000,25.45,2,25.4,104,25.45,12,1,2022-09-02 09:10:24
1662109825138122000,25.45,2,25.4,104,25.45,10,1,2022-09-02 09:10:25
1662109828771227000,25.45,1,25.4,104,25.45,9,1,2022-09-02 09:10:28
1662109835023621000,25.45,4,25.4,104,25.45,5,1,2022-09-02 09:10:35
1662109836895401000,25.45,1,25.4,104,25.45,4,1,2022-09-02 09:10:36
1662109837333827000,25.45,1,25.4,104,25.45,3,1,2022-09-02 09:10:37
1662109838063669000,25.45,1,25.4,104,25.45,7,1,2022-09-02 09:10:38
1662109838239232000,25.45,4,25.4,104,25.45,2,1,2022-09-02 09:10:38
1662109839826137000,25.45,2,25.45,3,25.5,75,1,2022-09-02 09:10:39
1662109842066293000,25.45,1,25.45,2,25.5,75,2,2022-09-02 09:10:42
1662109845551842000,25.45,2,25.4,106,25.5,75,2,2022-09-02 09:10:45
1662109845593913000,25.5,1,25.4,106,25.5,74,1,2022-09-02 09:10:45
1662109848368059000,25.4,10,25.4,96,25.5,74,2,2022-09-02 09:10:48
1662109857049814000,25.4,5,25.35,105,25.45,27,2,2022-09-02 09:10:57
1662109857049814000,25.35,5,25.35,105,25.45,27,2,2022-09-02 09:10:57
1662109863006979000,25.4,10,25.35,7,25.4,10,1,2022-09-02 09:11:03
1662109863076091000,25.35,1,25.35,6,25.4,10,2,2022-09-02 09:11:03
1662109867240977000,25.35,3,25.35,5,25.4,10,2,2022-09-02 09:11:07
1662109872346628000,25.4,1,25.35,105,25.4,9,1,2022-09-02 09:11:12
1662109872398279000,25.35,1,25.35,104,25.4,9,2,2022-09-02 09:11:12
1662109891137490000,25.4,1,25.35,61,25.4,10,1,2022-09-02 09:11:31
1662109895847509000,25.4,10,25.35,61,25.45,28,1,2022-09-02 09:11:35
1662109901609791000,25.45,1,25.4,110,25.45,26,1,2022-09-02 09:11:41
1662109904488774000,25.45,1,25.35,69,25.45,25,1,2022-09-02 09:11:44
1662109909373792000,25.45,1,25.4,2,25.45,25,1,2022-09-02 09:11:49
1662109909431432000,25.4,1,25.4,1,25.45,25,2,2022-09-02 09:11:49
1662109909458385000,25.4,1,25.35,69,25.45,25,2,2022-09-02 09:11:49
1662109912606692000,25.4,2,25.35,69,25.4,4,1,2022-09-02 09:11:52
1662109914215909000,25.4,1,25.35,69,25.4,3,1,2022-09-02 09:11:54
1662109915212253000,25.4,1,25.35,69,25.4,2,1,2022-09-02 09:11:55
1662109916550915000,25.4,2,25.4,1,25.45,26,1,2022-09-02 09:11:56
1662109917721399000,25.4,1,25.35,69,25.4,4,2,2022-09-02 09:11:57
1662109928114321000,25.35,1,25.35,70,25.4,11,2,2022-09-02 09:12:08
1662109931798415000,25.4,1,25.35,170,25.4,10,1,2022-09-02 09:12:11
1662109937233273000,25.4,1,25.35,173,25.4,9,1,2022-09-02 09:12:17
1662109943393616000,25.4,1,25.35,175,25.4,10,1,2022-09-02 09:12:23
1662109947832524000,25.35,2,25.35,173,25.4,11,2,2022-09-02 09:12:27
1662109950528028000,25.4,2,25.35,173,25.4,9,1,2022-09-02 09:12:30
1662109950566241000,25.4,3,25.35,173,25.4,6,1,2022-09-02 09:12:30
1662109955915639000,25.4,4,25.35,173,25.4,12,1,2022-09-02 09:12:35
1662109956499241000,25.4,8,25.4,62,25.45,26,1,2022-09-02 09:12:36
1662109959973115000,25.45,2,25.4,63,25.45,24,1,2022-09-02 09:12:39
1662109963110793000,25.45,1,25.4,166,25.45,23,1,2022-09-02 09:12:43
1662109966350112000,25.45,1,25.4,171,25.45,22,1,2022-09-02 09:12:46
1662109969992817000,25.45,3,25.4,172,25.45,19,1,2022-09-02 09:12:49
1662109970029878000,25.45,2,25.4,172,25.45,17,1,2022-09-02 09:12:50
1662109981142028000,25.45,5,25.4,172,25.45,71,1,2022-09-02 09:13:01
1662109987193031000,25.45,1,25.4,172,25.45,70,1,2022-09-02 09:13:07
1662109991495454000,25.45,1,25.4,172,25.45,69,1,2022-09-02 09:13:11
1662110005325161000,25.4,2,25.4,269,25.45,117,2,2022-09-02 09:13:25
1662110006292392000,25.45,8,25.4,269,25.45,109,1,2022-09-02 09:13:26
1662110007919106000,25.4,2,25.4,267,25.45,109,2,2022-09-02 09:13:27
1662110014274604000,25.45,1,25.4,267,25.45,108,1,2022-09-02 09:13:34
1662110021958888000,25.4,2,25.4,265,25.45,108,2,2022-09-02 09:13:41
1662110041436345000,25.45,1,25.4,267,25.45,127,1,2022-09-02 09:14:01
1662110042132027000,25.45,1,25.4,267,25.45,126,1,2022-09-02 09:14:02
1662110045237539000,25.45,1,25.4,267,25.45,125,1,2022-09-02 09:14:05
1662110045481365000,25.45,1,25.4,267,25.45,124,1,2022-09-02 09:14:05
1662110046049975000,25.4,1,25.4,266,25.45,124,2,2022-09-02 09:14:06
1662110046161973000,25.45,2,25.4,266,25.45,122,1,2022-09-02 09:14:06
1662110062170815000,25.45,1,25.4,269,25.45,126,1,2022-09-02 09:14:22
1662110064776214000,25.45,1,25.4,269,25.45,125,1,2022-09-02 09:14:24
1662110070354147000,25.45,3,25.4,269,25.45,122,1,2022-09-02 09:14:30
1662110071632325000,25.4,1,25.4,268,25.45,122,2,2022-09-02 09:14:31
1662110073374428000,25.4,1,25.4,267,25.45,122,2,2022-09-02 09:14:33
1662110082265338000,25.45,1,25.4,269,25.45,121,1,2022-09-02 09:14:42
1662110098286273000,25.45,1,25.4,270,25.45,120,1,2022-09-02 09:14:58
1662110099211921000,25.45,5,25.4,270,25.45,115,1,2022-09-02 09:14:59
1662110101362208000,25.45,4,25.4,270,25.45,111,1,2022-09-02 09:15:01
1662110112890615000,25.45,5,25.4,271,25.45,106,1,2022-09-02 09:15:12
1662110113770413000,25.45,1,25.4,271,25.45,105,1,2022-09-02 09:15:13
1662110119005534000,25.4,1,25.4,270,25.45,105,2,2022-09-02 09:15:19
1662110124187391000,25.4,5,25.4,265,25.45,105,2,2022-09-02 09:15:24
1662110142027979000,25.45,1,25.4,318,25.45,124,1,2022-09-02 09:15:42
1662110151480320000,25.45,1,25.4,318,25.45,123,1,2022-09-02 09:15:51
1662110156917226000,25.45,1,25.4,318,25.45,122,1,2022-09-02 09:15:56
1662110157301211000,25.45,1,25.4,318,25.45,121,1,2022-09-02 09:15:57
1662110161123159000,25.45,10,25.4,318,25.45,111,1,2022-09-02 09:16:01
1662110167536072000,25.4,1,25.4,318,25.45,112,2,2022-09-02 09:16:07
1662110171996356000,25.45,4,25.4,317,25.45,110,1,2022-09-02 09:16:11
1662110172362281000,25.45,2,25.4,317,25.45,108,1,2022-09-02 09:16:12
1662110174008311000,25.45,1,25.4,317,25.45,107,1,2022-09-02 09:16:14
1662110178254673000,25.45,2,25.4,317,25.45,105,1,2022-09-02 09:16:18
1662110178767301000,25.4,5,25.4,312,25.45,105,2,2022-09-02 09:16:18
1662110181018279000,25.45,2,25.4,312,25.45,103,1,2022-09-02 09:16:21
1662110190693146000,25.45,1,25.4,313,25.45,102,1,2022-09-02 09:16:30
1662110195809415000,25.45,1,25.4,313,25.45,101,1,2022-09-02 09:16:35
1662110200482071000,25.45,3,25.4,313,25.45,98,1,2022-09-02 09:16:40
1662110203352781000,25.4,1,25.4,312,25.45,98,2,2022-09-02 09:16:43
1662110204737573000,25.45,1,25.4,312,25.45,97,1,2022-09-02 09:16:44
1662110205464496000,25.45,1,25.4,312,25.45,96,1,2022-09-02 09:16:45
1662110207786476000,25.4,1,25.4,311,25.45,98,2,2022-09-02 09:16:47
1662110208480512000,25.45,1,25.4,310,25.45,97,1,2022-09-02 09:16:48
1662110212142870000,25.4,2,25.4,310,25.45,97,2,2022-09-02 09:16:52
1662110212144620000,25.45,1,25.4,310,25.45,96,1,2022-09-02 09:16:52
1662110212655060000,25.45,1,25.4,310,25.45,95,1,2022-09-02 09:16:52
1662110214640781000,25.45,1,25.4,311,25.45,94,1,2022-09-02 09:16:54
1662110215128253000,25.45,1,25.4,311,25.45,93,1,2022-09-02 09:16:55
1662110216543910000,25.45,1,25.4,311,25.45,92,1,2022-09-02 09:16:56
1662110224911990000,25.45,3,25.4,311,25.45,89,1,2022-09-02 09:17:04
1662110231377498000,25.45,1,25.4,311,25.45,93,1,2022-09-02 09:17:11
1662110233897060000,25.45,1,25.4,311,25.45,92,1,2022-09-02 09:17:13
1662110234547978000,25.45,2,25.4,311,25.45,92,1,2022-09-02 09:17:14
1662110240014370000,25.45,1,25.4,311,25.45,89,1,2022-09-02 09:17:20
1662110241273820000,25.45,2,25.4,311,25.45,87,1,2022-09-02 09:17:21
1662110247933001000,25.45,1,25.4,312,25.45,86,1,2022-09-02 09:17:27
1662110251141200000,25.45,2,25.4,312,25.45,84,1,2022-09-02 09:17:31
1662110263317967000,25.45,2,25.4,313,25.45,82,1,2022-09-02 09:17:43
1662110263812870000,25.45,1,25.4,313,25.45,81,1,2022-09-02 09:17:43
1662110275294269000,25.45,3,25.4,313,25.45,78,1,2022-09-02 09:17:55
1662110277052536000,25.45,2,25.4,312,25.45,76,1,2022-09-02 09:17:57
1662110279980034000,25.45,1,25.4,310,25.45,76,1,2022-09-02 09:17:59
1662110287891601000,25.45,1,25.4,310,25.45,79,1,2022-09-02 09:18:07
1662110289714835000,25.45,1,25.4,310,25.45,78,1,2022-09-02 09:18:09
1662110289908282000,25.4,2,25.4,308,25.45,78,2,2022-09-02 09:18:09
1662110291530755000,25.45,2,25.4,308,25.45,76,1,2022-09-02 09:18:11
1662110292019775000,25.4,13,25.4,295,25.45,76,2,2022-09-02 09:18:12
1662110293319348000,25.45,5,25.4,145,25.45,71,1,2022-09-02 09:18:13
1662110293337791000,25.45,1,25.4,145,25.45,70,1,2022-09-02 09:18:13
1662110293775834000,25.4,12,25.4,133,25.45,70,2,2022-09-02 09:18:13
1662110295289599000,25.4,1,25.4,132,25.45,70,2,2022-09-02 09:18:15
1662110299416142000,25.4,3,25.4,129,25.45,90,2,2022-09-02 09:18:19
1662110300381565000,25.4,30,25.35,162,25.4,20,2,2022-09-02 09:18:20
1662110300411161000,25.35,19,25.35,143,25.4,20,2,2022-09-02 09:18:20
1662110300502736000,25.35,1,25.3,152,25.4,20,2,2022-09-02 09:18:20
1662110312275269000,25.35,1,25.3,142,25.35,8,1,2022-09-02 09:18:32
1662110317629834000,25.35,1,25.3,142,25.35,7,1,2022-09-02 09:18:37
1662110318191798000,25.35,2,25.3,142,25.35,5,1,2022-09-02 09:18:38
1662110318244898000,25.35,1,25.3,142,25.35,4,1,2022-09-02 09:18:38
1662110319775252000,25.35,1,25.3,142,25.35,3,1,2022-09-02 09:18:39
1662110320532836000,25.35,1,25.3,142,25.35,2,1,2022-09-02 09:18:40
1662110320586601000,25.3,1,25.3,141,25.35,2,2,2022-09-02 09:18:40
1662110321886644000,25.35,2,25.35,10,25.4,21,1,2022-09-02 09:18:41
1662110321949420000,25.35,1,25.35,9,25.4,21,2,2022-09-02 09:18:41
1662110322158800000,25.35,9,25.3,341,25.35,2,2,2022-09-02 09:18:42
1662110324137607000,25.35,1,25.3,340,25.35,2,1,2022-09-02 09:18:44
1662110326875961000,25.35,4,25.3,340,25.35,4,1,2022-09-02 09:18:46
1662110328329540000,25.35,2,25.3,340,25.35,6,1,2022-09-02 09:18:48
1662110329202432000,25.35,1,25.3,340,25.35,5,1,2022-09-02 09:18:49
1662110329236196000,25.35,5,25.35,5,25.4,21,1,2022-09-02 09:18:49
1662110330383617000,25.35,6,25.3,340,25.35,4,2,2022-09-02 09:18:50
1662110333439685000,25.35,2,25.3,340,25.35,2,1,2022-09-02 09:18:53
1662110335179525000,25.35,2,25.35,4,25.4,21,1,2022-09-02 09:18:55
1662110339183602000,25.35,1,25.35,4,25.4,21,2,2022-09-02 09:18:59
1662110339577281000,25.4,2,25.35,4,25.4,19,1,2022-09-02 09:18:59
1662110339611364000,25.4,2,25.35,4,25.4,17,1,2022-09-02 09:18:59
1662110344797912000,25.35,1,25.35,5,25.4,17,2,2022-09-02 09:19:04
1662110349069841000,25.4,10,25.35,26,25.4,7,1,2022-09-02 09:19:09
1662110350322391000,25.4,1,25.35,26,25.4,6,1,2022-09-02 09:19:10
1662110353242330000,25.4,1,25.35,45,25.4,5,1,2022-09-02 09:19:13
1662110354291647000,25.4,1,25.35,45,25.4,4,1,2022-09-02 09:19:14
1662110361502444000,25.4,1,25.35,45,25.4,7,1,2022-09-02 09:19:21
1662110369606161000,25.35,1,25.35,44,25.4,12,2,2022-09-02 09:19:29
1662110377017168000,25.4,5,25.35,45,25.4,15,1,2022-09-02 09:19:37
1662110377548241000,25.35,1,25.35,44,25.4,15,2,2022-09-02 09:19:37
1662110393829817000,25.4,1,25.35,44,25.4,16,1,2022-09-02 09:19:53
1662110395604259000,25.4,1,25.35,44,25.4,17,1,2022-09-02 09:19:55
1662110401319865000,25.35,2,25.35,42,25.4,19,2,2022-09-02 09:20:01
1662110402091460000,25.35,1,25.35,41,25.4,19,2,2022-09-02 09:20:02
1662110403359141000,25.35,4,25.35,37,25.4,19,2,2022-09-02 09:20:03
1662110405548171000,25.35,5,25.35,12,25.4,19,2,2022-09-02 09:20:05
1662110410342209000,25.35,3,25.35,9,25.4,19,2,2022-09-02 09:20:10
1662110412894407000,25.35,19,25.3,342,25.35,385,2,2022-09-02 09:20:12
1662110427056807000,25.35,3,25.3,342,25.35,7,1,2022-09-02 09:20:27
1662110428188862000,25.35,1,25.3,342,25.35,6,1,2022-09-02 09:20:28
1662110430447206000,25.35,1,25.3,342,25.35,5,1,2022-09-02 09:20:30
1662110430723132000,25.35,1,25.3,342,25.35,4,1,2022-09-02 09:20:30
1662110437501754000,25.3,9,25.3,334,25.35,4,2,2022-09-02 09:20:37
1662110445424646000,25.3,1,25.3,333,25.35,3,2,2022-09-02 09:20:45
1662110446157295000,25.3,1,25.3,332,25.35,3,2,2022-09-02 09:20:46
1662110449364693000,25.3,2,25.3,330,25.35,3,2,2022-09-02 09:20:49
1662110471391204000,25.3,5,25.3,327,25.35,17,2,2022-09-02 09:21:11
1662110471760853000,25.3,1,25.3,326,25.35,17,2,2022-09-02 09:21:11
1662110472606080000,25.3,1,25.3,325,25.35,16,2,2022-09-02 09:21:12
1662110477351725000,25.3,2,25.3,325,25.35,16,2,2022-09-02 09:21:17
1662110484374212000,25.3,6,25.3,320,25.35,16,2,2022-09-02 09:21:24
1662110485843679000,25.3,1,25.3,19,25.35,16,2,2022-09-02 09:21:25
1662110487002619000,25.3,19,25.25,545,25.3,1,2,2022-09-02 09:21:27
1662110492288925000,25.3,1,25.25,545,25.3,6,1,2022-09-02 09:21:32
1662110493243602000,25.25,1,25.25,544,25.3,6,2,2022-09-02 09:21:33
1662110493342706000,25.25,1,25.25,543,25.3,6,2,2022-09-02 09:21:33
1662110493434395000,25.25,34,25.25,509,25.3,11,2,2022-09-02 09:21:33
1662110493464496000,25.25,1,25.25,9,25.3,11,2,2022-09-02 09:21:33
1662110493495731000,25.25,9,25.25,10,25.3,11,2,2022-09-02 09:21:33
1662110494558515000,25.25,1,25.2,116,25.3,10,1,2022-09-02 09:21:34
1662110494558515000,25.3,1,25.2,116,25.3,10,1,2022-09-02 09:21:34
1662110494827623000,25.3,1,25.2,116,25.3,9,1,2022-09-02 09:21:34
1662110495230742000,25.2,2,25.2,114,25.3,10,2,2022-09-02 09:21:35
1662110495287002000,25.2,1,25.2,13,25.3,10,2,2022-09-02 09:21:35
1662110495297486000,25.2,4,25.2,9,25.3,10,2,2022-09-02 09:21:35
1662110495316868000,25.2,1,25.2,8,25.3,10,2,2022-09-02 09:21:35
1662110495325155000,25.2,8,25.15,104,25.3,10,2,2022-09-02 09:21:35
1662110495384961000,25.15,6,25.15,98,25.3,10,2,2022-09-02 09:21:35
1662110495417655000,25.1,3,25.1,110,25.3,10,2,2022-09-02 09:21:35
1662110495545304000,25.1,1,25.1,10,25.25,1,2,2022-09-02 09:21:35
1662110495571692000,25.1,1,25.1,8,25.25,1,2,2022-09-02 09:21:35
1662110495578718000,25.1,8,25.05,20,25.25,1,2,2022-09-02 09:21:35
1662110495835648000,25.25,1,25.05,20,25.3,6,1,2022-09-02 09:21:35
1662110495835648000,25.3,4,25.05,20,25.3,6,1,2022-09-02 09:21:35
1662110496122702000,25.1,1,25.1,1,25.3,6,2,2022-09-02 09:21:36
1662110499531129000,25.1,1,25.1,3,25.15,5,2,2022-09-02 09:21:39
1662110500360936000,25.15,1,25.1,3,25.15,4,1,2022-09-02 09:21:40
1662110504300892000,25.1,1,25.1,8,25.15,6,2,2022-09-02 09:21:44
1662110504672955000,25.1,1,25.1,7,25.15,6,2,2022-09-02 09:21:44
1662110510154231000,25.15,1,25.1,8,25.15,5,1,2022-09-02 09:21:50
1662110510355744000,25.1,1,25.1,7,25.15,5,2,2022-09-02 09:21:50
1662110511915484000,25.1,3,25.1,11,25.15,5,2,2022-09-02 09:21:51
1662110513183798000,25.1,1,25.1,8,25.15,4,2,2022-09-02 09:21:53
1662110513214601000,25.1,1,25.1,7,25.15,4,2,2022-09-02 09:21:53
1662110513432906000,25.1,1,25.1,6,25.15,4,2,2022-09-02 09:21:53
1662110514058218000,25.1,6,25.05,121,25.15,4,2,2022-09-02 09:21:54
1662110514606785000,25.1,1,25.05,121,25.1,9,2,2022-09-02 09:21:54
1662110515044857000,25.1,1,25.05,121,25.1,8,1,2022-09-02 09:21:55
1662110515779056000,25.1,1,25.05,121,25.1,7,1,2022-09-02 09:21:55
1662110516422136000,25.1,1,25.05,121,25.1,6,1,2022-09-02 09:21:56
1662110516562249000,25.05,1,25.05,120,25.1,6,2,2022-09-02 09:21:56
1662110519221677000,25.05,1,25.05,119,25.1,8,2,2022-09-02 09:21:59
1662110519727640000,25.1,1,25.05,119,25.1,7,1,2022-09-02 09:21:59
1662110521089048000,25.1,2,25.05,119,25.1,5,1,2022-09-02 09:22:01
1662110521237287000,25.1,1,25.05,119,25.1,4,1,2022-09-02 09:22:01
1662110526270834000,25.1,1,25.05,120,25.1,29,1,2022-09-02 09:22:06
1662110527367692000,25.1,2,25.05,120,25.1,27,1,2022-09-02 09:22:07
1662110529068716000,25.1,1,25.05,120,25.1,36,1,2022-09-02 09:22:09
1662110529113182000,25.05,1,25.05,119,25.1,36,2,2022-09-02 09:22:09
1662110531030483000,25.05,1,25.05,8,25.1,37,2,2022-09-02 09:22:11
1662110531183423000,25.05,5,25.05,2,25.1,37,2,2022-09-02 09:22:11
1662110531221867000,25.05,2,25.0,202,25.1,37,2,2022-09-02 09:22:11
1662110532485337000,25.1,1,25.0,202,25.1,38,1,2022-09-02 09:22:12
1662110535786882000,25.05,2,25.0,202,25.05,2,2,2022-09-02 09:22:15
1662110536667065000,25.05,1,25.0,202,25.05,1,1,2022-09-02 09:22:16
1662110537412316000,25.05,1,25.0,203,25.05,1,1,2022-09-02 09:22:17
1662110538134150000,25.0,1,25.0,202,25.1,37,2,2022-09-02 09:22:18
1662110538162916000,25.0,61,25.0,41,25.1,37,2,2022-09-02 09:22:18
1662110538164638000,25.0,41,24.85,19,25.1,37,2,2022-09-02 09:22:18
1662110538164638000,24.95,4,24.85,19,25.1,37,2,2022-09-02 09:22:18
1662110538164638000,24.9,11,24.85,19,25.1,37,2,2022-09-02 09:22:18
1662110538164638000,24.85,5,24.85,19,25.1,37,2,2022-09-02 09:22:18
1662110541237126000,24.95,1,24.95,1,25.05,5,2,2022-09-02 09:22:21
1662110541263351000,25.05,1,24.95,1,25.05,4,1,2022-09-02 09:22:21
1662110545752991000,25.0,1,24.95,1,25.0,21,1,2022-09-02 09:22:25
1662110549772577000,24.95,1,24.95,1,25.0,21,2,2022-09-02 09:22:29
1662110550060164000,24.95,1,24.9,3,24.95,1,2,2022-09-02 09:22:30
1662110553511959000,24.9,1,24.9,3,24.95,11,2,2022-09-02 09:22:33
1662110554799429000,24.9,1,24.9,1,24.95,11,2,2022-09-02 09:22:34
1662110554880875000,24.9,1,24.85,19,24.95,11,2,2022-09-02 09:22:34
1662110556990772000,24.85,1,24.85,18,24.9,1,2,2022-09-02 09:22:36
1662110557308388000,24.85,5,24.85,13,24.9,1,2,2022-09-02 09:22:37
1662110557442066000,24.9,1,24.9,1,24.95,11,1,2022-09-02 09:22:37
1662110558141067000,24.9,2,24.85,5,24.95,1,2,2022-09-02 09:22:38
1662110558141067000,24.85,8,24.85,5,24.95,1,2,2022-09-02 09:22:38
1662110558188903000,24.85,1,24.85,4,24.95,1,2,2022-09-02 09:22:38
1662110558880008000,24.9,1,24.85,2,24.95,1,2,2022-09-02 09:22:38
1662110558880008000,24.85,2,24.85,2,24.95,1,2,2022-09-02 09:22:38
1662110559516922000,24.85,1,24.85,1,24.95,1,2,2022-09-02 09:22:39
1662110560122921000,24.85,1,24.8,31,24.95,6,2,2022-09-02 09:22:40
1662110562132088000,24.9,1,24.8,31,24.95,16,1,2022-09-02 09:22:42
1662110562307504000,24.95,1,24.8,31,24.95,16,1,2022-09-02 09:22:42
1662110564488568000,24.9,1,24.9,1,24.95,15,2,2022-09-02 09:22:44
1662110565091234000,24.9,1,24.85,1,24.95,15,2,2022-09-02 09:22:45
1662110565240667000,24.95,6,24.85,1,24.95,15,1,2022-09-02 09:22:45
1662110567000900000,24.9,1,24.85,1,24.95,9,2,2022-09-02 09:22:47
1662110568453450000,24.85,3,24.8,25,24.95,9,2,2022-09-02 09:22:48
1662110568928200000,24.85,10,24.8,15,24.95,9,2,2022-09-02 09:22:48
1662110568928200000,24.8,10,24.8,15,24.95,9,2,2022-09-02 09:22:48
1662110569094304000,24.95,1,24.8,15,24.95,8,1,2022-09-02 09:22:49
1662110574165726000,24.9,1,24.85,3,24.9,4,1,2022-09-02 09:22:54
1662110574281481000,24.85,1,24.85,2,24.9,4,2,2022-09-02 09:22:54
1662110575226283000,24.85,2,24.8,14,24.85,2,2,2022-09-02 09:22:55
1662110575313550000,24.85,1,24.8,14,24.85,1,1,2022-09-02 09:22:55
1662110577208436000,24.85,1,24.8,14,24.85,1,1,2022-09-02 09:22:57
1662110578321233000,24.85,1,24.85,2,24.9,4,1,2022-09-02 09:22:58
1662110580522101000,24.85,1,24.85,6,24.9,9,2,2022-09-02 09:23:00
1662110581053643000,24.9,1,24.85,7,24.9,8,1,2022-09-02 09:23:01
1662110581365577000,24.85,4,24.85,7,24.9,8,2,2022-09-02 09:23:01
1662110581841061000,24.9,1,24.85,3,24.9,7,1,2022-09-02 09:23:01
1662110583094196000,24.85,2,24.85,3,24.9,7,2,2022-09-02 09:23:03
1662110591106484000,24.9,1,24.85,15,24.9,7,1,2022-09-02 09:23:11
1662110591137473000,24.9,7,24.85,15,24.95,11,1,2022-09-02 09:23:11
1662110593411097000,24.9,1,24.85,16,24.95,11,1,2022-09-02 09:23:13
1662110595713944000,24.9,1,24.9,1,24.95,11,2,2022-09-02 09:23:15
1662110597475535000,24.95,5,24.9,7,24.95,6,1,2022-09-02 09:23:17
1662110603146726000,24.95,5,24.9,17,24.95,11,1,2022-09-02 09:23:23
1662110603366310000,24.95,3,24.9,17,24.95,8,1,2022-09-02 09:23:23
1662110604180274000,24.95,1,24.9,17,24.95,7,1,2022-09-02 09:23:24
1662110607136169000,24.9,6,24.9,8,24.95,9,2,2022-09-02 09:23:27
1662110607243513000,24.95,1,24.9,8,24.95,8,1,2022-09-02 09:23:27
1662110608167592000,24.95,1,24.9,10,24.95,7,1,2022-09-02 09:23:28
1662110608172192000,24.9,2,24.9,8,24.95,7,2,2022-09-02 09:23:28
1662110608266840000,24.95,1,24.9,8,24.95,6,1,2022-09-02 09:23:28
1662110608451330000,24.9,5,24.9,1,24.95,6,2,2022-09-02 09:23:28
1662110610630467000,24.9,1,24.85,16,24.95,6,2,2022-09-02 09:23:30
1662110610630467000,24.85,2,24.85,16,24.95,6,2,2022-09-02 09:23:30
1662110615682662000,24.95,1,24.9,5,24.95,30,1,2022-09-02 09:23:35
1662110619126209000,24.95,2,24.9,6,24.95,28,1,2022-09-02 09:23:39
1662110620093023000,24.9,5,24.9,1,24.95,28,2,2022-09-02 09:23:40
1662110620930790000,24.9,1,24.85,67,24.9,2,2,2022-09-02 09:23:40
1662110621540512000,24.9,1,24.85,67,24.9,1,1,2022-09-02 09:23:41
1662110623547933000,24.9,1,24.9,1,24.95,28,1,2022-09-02 09:23:43
1662110623766659000,24.9,1,24.85,70,24.9,4,2,2022-09-02 09:23:43
1662110625587672000,24.9,1,24.85,70,24.9,3,1,2022-09-02 09:23:45
1662110626488390000,24.9,1,24.85,70,24.9,3,1,2022-09-02 09:23:46
1662110626744836000,24.9,1,24.85,70,24.9,2,1,2022-09-02 09:23:46
1662110627946255000,24.9,1,24.85,70,24.9,1,1,2022-09-02 09:23:47
1662110628621758000,24.9,1,24.85,70,24.95,29,1,2022-09-02 09:23:48
1662110629721254000,24.9,1,24.85,70,24.9,5,1,2022-09-02 09:23:49
1662110632299286000,24.9,2,24.85,70,24.9,3,1,2022-09-02 09:23:52
1662110633739965000,24.9,1,24.85,70,24.9,2,1,2022-09-02 09:23:53
1662110634108265000,24.9,2,24.85,70,24.95,23,1,2022-09-02 09:23:54
1662110634108265000,24.95,6,24.85,70,24.95,23,1,2022-09-02 09:23:54
1662110637124721000,24.9,3,24.9,5,24.95,23,2,2022-09-02 09:23:57
1662110637849244000,24.95,1,24.9,5,24.95,22,1,2022-09-02 09:23:57
1662110639260038000,24.9,2,24.9,3,24.95,22,2,2022-09-02 09:23:59
1662110643145881000,24.95,5,24.9,13,24.95,17,1,2022-09-02 09:24:03
1662110647401735000,24.95,1,24.9,64,24.95,16,1,2022-09-02 09:24:07
1662110647949574000,24.95,1,24.9,65,24.95,15,1,2022-09-02 09:24:07
1662110651860974000,24.95,1,24.9,66,24.95,14,1,2022-09-02 09:24:11
1662110654072479000,24.95,10,24.9,66,24.95,4,1,2022-09-02 09:24:14
1662110654106220000,24.95,2,24.9,66,24.95,2,1,2022-09-02 09:24:14
1662110655020821000,24.95,1,24.9,66,24.95,1,1,2022-09-02 09:24:15
1662110655053472000,24.95,1,24.9,66,25.0,26,1,2022-09-02 09:24:15
1662110658531333000,24.95,1,24.95,2,25.0,26,2,2022-09-02 09:24:18
1662110659362827000,24.95,2,24.95,1,25.0,26,2,2022-09-02 09:24:19
1662110659388302000,24.95,1,24.9,70,25.0,26,2,2022-09-02 09:24:19
1662110661613918000,24.95,1,24.9,69,25.0,26,1,2022-09-02 09:24:21
1662110661785944000,24.95,2,24.9,69,24.95,3,2,2022-09-02 09:24:21
1662110663480908000,24.95,1,24.9,70,24.95,8,1,2022-09-02 09:24:23
1662110663656722000,24.95,1,24.9,69,24.95,6,1,2022-09-02 09:24:23
1662110664120635000,24.95,6,24.95,2,25.0,26,1,2022-09-02 09:24:24
1662110667421761000,24.95,5,24.95,7,25.0,26,2,2022-09-02 09:24:27
1662110668369380000,24.95,1,24.95,8,25.0,26,2,2022-09-02 09:24:28
1662110672154854000,25.0,3,24.95,63,25.0,23,1,2022-09-02 09:24:32
1662110673733989000,24.95,5,24.95,59,25.0,23,2,2022-09-02 09:24:33
1662110675069458000,25.0,5,24.95,9,25.0,18,1,2022-09-02 09:24:35
1662110675456341000,25.0,5,24.95,9,25.0,13,1,2022-09-02 09:24:35
1662110675982499000,25.0,1,24.95,9,25.0,12,1,2022-09-02 09:24:35
1662110676626887000,25.0,1,24.95,9,25.0,11,1,2022-09-02 09:24:36
1662110678528478000,25.0,1,24.95,9,25.0,15,1,2022-09-02 09:24:38
1662110678725264000,25.0,5,24.95,9,25.0,10,1,2022-09-02 09:24:38
1662110679959085000,25.0,1,24.95,9,25.0,9,1,2022-09-02 09:24:39
1662110680761264000,25.0,1,24.95,14,25.0,8,1,2022-09-02 09:24:40
1662110681704242000,25.0,1,24.95,14,25.0,7,1,2022-09-02 09:24:41
1662110682935674000,25.0,1,24.95,13,25.0,6,1,2022-09-02 09:24:42
1662110686299416000,25.0,1,24.95,65,25.0,5,1,2022-09-02 09:24:46
1662110686335544000,25.0,2,24.95,65,25.0,3,1,2022-09-02 09:24:46
1662110686486810000,25.0,3,24.95,65,25.05,21,1,2022-09-02 09:24:46
1662110687989372000,25.0,1,24.95,65,25.0,4,1,2022-09-02 09:24:47
1662110689054679000,25.0,4,25.0,1,25.05,21,1,2022-09-02 09:24:49
1662110689762672000,25.0,1,24.95,65,25.0,4,2,2022-09-02 09:24:49
1662110692158670000,25.0,1,24.95,65,25.0,3,1,2022-09-02 09:24:52
1662110693934866000,25.0,10,24.95,65,25.0,3,1,2022-09-02 09:24:53
1662110695039313000,25.0,1,24.95,65,25.0,12,1,2022-09-02 09:24:55
1662110695124207000,25.0,1,24.95,65,25.0,11,1,2022-09-02 09:24:55
1662110695717619000,25.0,5,24.95,65,25.0,6,1,2022-09-02 09:24:55
1662110696649255000,25.0,1,24.95,65,25.0,5,1,2022-09-02 09:24:56
1662110697100474000,25.0,1,24.95,65,25.0,4,1,2022-09-02 09:24:57
1662110698354545000,25.0,3,24.95,65,25.0,1,1,2022-09-02 09:24:58
1662110700279873000,25.0,1,24.95,66,25.05,21,1,2022-09-02 09:25:00
1662110711102223000,25.05,2,25.0,72,25.05,19,1,2022-09-02 09:25:11
1662110711797199000,25.0,2,25.0,70,25.05,19,2,2022-09-02 09:25:11
1662110712780414000,25.05,1,25.0,70,25.05,18,1,2022-09-02 09:25:12
1662110714157847000,25.05,1,25.0,70,25.05,17,1,2022-09-02 09:25:14
1662110716642665000,25.05,1,25.0,71,25.05,16,1,2022-09-02 09:25:16
1662110726034942000,25.05,2,25.0,89,25.05,14,1,2022-09-02 09:25:26
1662110728643920000,25.05,3,25.0,89,25.05,11,1,2022-09-02 09:25:28
1662110732285331000,25.05,1,25.0,88,25.05,10,1,2022-09-02 09:25:32
1662110738839157000,25.05,1,25.0,88,25.05,14,1,2022-09-02 09:25:38
1662110740270473000,25.0,10,25.0,78,25.05,14,2,2022-09-02 09:25:40
1662110740439348000,25.05,1,25.0,78,25.05,13,1,2022-09-02 09:25:40
1662110743550350000,25.05,2,25.0,78,25.05,12,1,2022-09-02 09:25:43
1662110745663994000,25.05,1,25.0,78,25.05,11,1,2022-09-02 09:25:45
1662110758275605000,25.05,5,25.0,173,25.05,6,1,2022-09-02 09:25:58
1662110759037281000,25.05,1,25.0,174,25.05,5,1,2022-09-02 09:25:59
1662110761589829000,25.05,2,25.0,174,25.05,8,1,2022-09-02 09:26:01
1662110765892025000,25.05,1,25.0,182,25.05,7,1,2022-09-02 09:26:05
1662110767209667000,25.05,1,25.0,183,25.05,6,1,2022-09-02 09:26:07
1662110767558157000,25.05,3,25.0,183,25.05,3,1,2022-09-02 09:26:07
1662110769926230000,25.05,1,25.0,184,25.05,7,1,2022-09-02 09:26:09
1662110777170475000,25.05,2,25.0,184,25.05,6,1,2022-09-02 09:26:17
1662110784782961000,25.05,1,25.0,184,25.05,5,1,2022-09-02 09:26:24
1662110787709498000,25.05,1,25.0,184,25.05,4,1,2022-09-02 09:26:27
1662110789510060000,25.05,1,25.0,184,25.05,3,1,2022-09-02 09:26:29
1662110791190640000,25.05,2,25.0,188,25.05,2,1,2022-09-02 09:26:31
1662110792969402000,25.05,7,25.05,3,25.1,20,1,2022-09-02 09:26:32
1662110793573862000,25.05,1,25.05,5,25.1,20,2,2022-09-02 09:26:33
1662110794112834000,25.05,2,25.05,5,25.1,20,2,2022-09-02 09:26:34
1662110800678530000,25.05,1,25.05,10,25.1,20,2,2022-09-02 09:26:40
1662110802357407000,25.05,1,25.05,11,25.1,20,2,2022-09-02 09:26:42
1662110806841247000,25.05,5,25.05,1,25.1,21,2,2022-09-02 09:26:46
1662110807259147000,25.05,1,25.0,189,25.1,21,2,2022-09-02 09:26:47
1662110807403563000,25.05,1,25.05,1,25.1,21,2,2022-09-02 09:26:47
1662110807940245000,25.05,1,25.0,189,25.05,4,2,2022-09-02 09:26:47
1662110808164296000,25.05,1,25.0,189,25.05,6,1,2022-09-02 09:26:48
1662110810089561000,25.0,4,25.0,185,25.05,6,2,2022-09-02 09:26:50
1662110814143101000,25.05,1,25.0,184,25.05,5,1,2022-09-02 09:26:54
1662110823864219000,25.05,6,25.0,186,25.05,4,1,2022-09-02 09:27:03
1662110826212570000,25.05,1,25.0,186,25.05,8,1,2022-09-02 09:27:06
1662110829419480000,25.05,3,25.0,186,25.05,12,1,2022-09-02 09:27:09
1662110847266705000,25.0,1,25.0,187,25.05,19,2,2022-09-02 09:27:27
1662110852616571000,25.0,5,25.0,184,25.05,21,2,2022-09-02 09:27:32
1662110856419005000,25.0,2,25.0,183,25.05,21,2,2022-09-02 09:27:36
1662110857991997000,25.0,1,25.0,182,25.05,21,2,2022-09-02 09:27:37
1662110858118851000,25.05,2,25.0,182,25.05,19,1,2022-09-02 09:27:38
1662110858431528000,25.0,2,25.0,180,25.05,19,2,2022-09-02 09:27:38
1662110862690708000,25.0,3,25.0,177,25.05,19,2,2022-09-02 09:27:42
1662110864166962000,25.05,1,25.0,177,25.05,18,1,2022-09-02 09:27:44
1662110871628246000,25.0,1,25.0,176,25.05,18,2,2022-09-02 09:27:51
1662110872575330000,25.05,1,25.0,176,25.05,17,1,2022-09-02 09:27:52
1662110877718837000,25.0,1,25.0,177,25.05,22,2,2022-09-02 09:27:57
1662110878013479000,25.05,1,25.0,177,25.05,21,1,2022-09-02 09:27:58
1662110880526699000,25.05,1,25.0,227,25.05,20,1,2022-09-02 09:28:00
1662110886381124000,25.05,2,25.0,225,25.05,18,1,2022-09-02 09:28:06
1662110886400744000,25.05,7,25.0,225,25.05,11,1,2022-09-02 09:28:06
1662110889420663000,25.05,2,25.0,225,25.05,9,1,2022-09-02 09:28:09
1662110890151827000,25.05,5,25.0,225,25.05,6,1,2022-09-02 09:28:10
1662110891133977000,25.0,6,25.0,219,25.05,6,2,2022-09-02 09:28:11
1662110900232465000,25.05,5,25.0,171,25.05,1,1,2022-09-02 09:28:20
1662110904373673000,25.05,1,25.0,171,25.05,2,1,2022-09-02 09:28:24
1662110904843731000,25.05,2,25.05,1,25.1,21,1,2022-09-02 09:28:24
1662110913383040000,25.05,1,25.05,1,25.1,21,2,2022-09-02 09:28:33
1662110914685074000,25.05,1,25.0,225,25.05,1,2,2022-09-02 09:28:34
1662110921883759000,25.05,1,25.0,224,25.05,3,1,2022-09-02 09:28:41
1662110923565265000,25.05,5,25.05,5,25.1,23,1,2022-09-02 09:28:43
1662110923818941000,25.05,2,25.05,3,25.1,23,2,2022-09-02 09:28:43
1662110925176876000,25.05,2,25.05,1,25.1,23,2,2022-09-02 09:28:45
1662110925983397000,25.05,1,25.0,225,25.05,1,2,2022-09-02 09:28:45
1662110927520160000,25.05,1,25.05,2,25.1,23,1,2022-09-02 09:28:47
1662110935288838000,25.1,1,25.05,3,25.1,22,1,2022-09-02 09:28:55
1662110935337540000,25.1,1,25.05,3,25.1,21,1,2022-09-02 09:28:55
1662110935411683000,25.1,1,25.05,3,25.1,20,1,2022-09-02 09:28:55
1662110941431508000,25.1,1,25.05,29,25.1,19,1,2022-09-02 09:29:01
1662110942257416000,25.1,4,25.05,30,25.1,15,1,2022-09-02 09:29:02
1662110947724638000,25.1,10,25.05,30,25.1,5,1,2022-09-02 09:29:07
1662110947755583000,25.1,5,25.1,5,25.15,14,1,2022-09-02 09:29:07
1662110953063686000,25.1,1,25.1,4,25.15,14,2,2022-09-02 09:29:13
1662110954497612000,25.1,1,25.1,4,25.15,14,2,2022-09-02 09:29:14
1662110966234568000,25.1,5,25.1,1,25.15,14,2,2022-09-02 09:29:26
1662110968797478000,25.1,3,25.05,37,25.1,2,2,2022-09-02 09:29:28
1662110992649840000,25.1,1,25.05,37,25.1,11,1,2022-09-02 09:29:52
1662111004611529000,25.1,1,25.05,86,25.1,10,1,2022-09-02 09:30:04
1662111016903989000,25.1,1,25.05,92,25.1,28,1,2022-09-02 09:30:16
1662111018571008000,25.05,1,25.05,91,25.1,28,2,2022-09-02 09:30:18
1662111020608041000,25.1,1,25.05,21,25.1,27,1,2022-09-02 09:30:20
1662111025074188000,25.05,5,25.05,17,25.1,27,2,2022-09-02 09:30:25
1662111027598571000,25.1,1,25.05,67,25.1,26,1,2022-09-02 09:30:27
1662111028310613000,25.05,3,25.05,64,25.1,26,2,2022-09-02 09:30:28
1662111030361249000,25.1,1,25.05,64,25.1,25,1,2022-09-02 09:30:30
1662111033879980000,25.1,1,25.05,64,25.1,24,1,2022-09-02 09:30:33
1662111037324472000,25.1,1,25.05,65,25.1,23,1,2022-09-02 09:30:37
1662111037564571000,25.1,23,25.1,7,25.15,13,1,2022-09-02 09:30:37
1662111037597049000,25.15,4,25.1,7,25.15,9,1,2022-09-02 09:30:37
1662111037658160000,25.1,7,25.05,65,25.1,3,2,2022-09-02 09:30:37
1662111038141337000,25.1,1,25.05,65,25.1,2,1,2022-09-02 09:30:38
1662111038174858000,25.1,2,25.05,65,25.15,9,1,2022-09-02 09:30:38
1662111038237543000,25.05,1,25.05,64,25.15,9,2,2022-09-02 09:30:38
1662111040674539000,25.1,1,25.05,64,25.1,10,1,2022-09-02 09:30:40
1662111045409178000,25.1,1,25.05,65,25.1,8,1,2022-09-02 09:30:45
1662111046845136000,25.1,1,25.05,65,25.1,7,1,2022-09-02 09:30:46
1662111048835751000,25.1,1,25.05,65,25.1,6,1,2022-09-02 09:30:48
1662111053323722000,25.1,6,25.1,4,25.15,20,1,2022-09-02 09:30:53
1662111060820847000,25.1,2,25.1,2,25.15,20,2,2022-09-02 09:31:00
1662111061956467000,25.15,1,25.1,2,25.15,19,1,2022-09-02 09:31:01
1662111066924458000,25.1,2,25.05,65,25.15,19,2,2022-09-02 09:31:06
1662111072446760000,25.15,10,25.1,2,25.15,9,1,2022-09-02 09:31:12
1662111076027700000,25.15,9,25.15,1,25.2,19,1,2022-09-02 09:31:16
1662111077928598000,25.15,1,25.1,4,25.15,9,2,2022-09-02 09:31:17
1662111078522404000,25.15,1,25.1,4,25.15,8,1,2022-09-02 09:31:18
1662111079674370000,25.15,1,25.1,4,25.15,7,1,2022-09-02 09:31:19
1662111080814242000,25.15,1,25.1,4,25.15,6,1,2022-09-02 09:31:20
1662111086774882000,25.15,6,25.15,4,25.2,19,1,2022-09-02 09:31:26
1662111087820375000,25.2,2,25.15,4,25.2,17,1,2022-09-02 09:31:27
1662111087821039000,25.15,1,25.15,3,25.2,17,2,2022-09-02 09:31:27
1662111088489930000,25.15,4,25.15,4,25.2,12,2,2022-09-02 09:31:28
1662111088489930000,25.1,1,25.15,4,25.2,12,2,2022-09-02 09:31:28
1662111093800240000,25.15,1,25.1,26,25.15,4,1,2022-09-02 09:31:33
1662111098153449000,25.15,1,25.1,27,25.15,8,1,2022-09-02 09:31:38
1662111099435583000,25.15,2,25.1,27,25.15,6,1,2022-09-02 09:31:39
1662111104788592000,25.15,3,25.1,27,25.15,3,1,2022-09-02 09:31:44
1662111105028702000,25.15,1,25.1,27,25.15,2,1,2022-09-02 09:31:45
1662111107271542000,25.15,1,25.1,27,25.15,1,1,2022-09-02 09:31:47
1662111115770290000,25.15,1,25.1,29,25.15,6,1,2022-09-02 09:31:55
1662111117432355000,25.15,6,25.15,4,25.2,12,1,2022-09-02 09:31:57
1662111119209016000,25.15,2,25.15,2,25.2,12,2,2022-09-02 09:31:59
1662111130204711000,25.15,3,25.1,32,25.15,2,2,2022-09-02 09:32:10
1662111142805539000,25.15,4,25.15,1,25.2,12,1,2022-09-02 09:32:22
1662111143419037000,25.15,1,25.1,33,25.2,12,2,2022-09-02 09:32:23
1662111149610407000,25.15,5,25.1,34,25.2,12,1,2022-09-02 09:32:29
1662111153238389000,25.15,1,25.1,34,25.2,12,1,2022-09-02 09:32:33
1662111170879233000,25.2,1,25.15,29,25.2,11,1,2022-09-02 09:32:50
1662111176936945000,25.2,1,25.15,29,25.2,11,1,2022-09-02 09:32:56
1662111184958962000,25.2,2,25.15,29,25.2,14,1,2022-09-02 09:33:04
1662111185625840000,25.2,2,25.15,30,25.2,12,1,2022-09-02 09:33:05
1662111186549944000,25.2,1,25.15,30,25.2,11,1,2022-09-02 09:33:06
1662111189176938000,25.2,5,25.15,30,25.2,6,1,2022-09-02 09:33:09
1662111189463662000,25.2,3,25.15,30,25.2,3,1,2022-09-02 09:33:09
1662111193534498000,25.2,3,25.15,32,25.25,6,1,2022-09-02 09:33:13
1662111193534498000,25.25,17,25.15,32,25.25,6,1,2022-09-02 09:33:13
1662111193595269000,25.25,5,25.15,32,25.25,1,1,2022-09-02 09:33:13
1662111198505203000,25.25,1,25.25,2,25.3,24,1,2022-09-02 09:33:18
1662111200050440000,25.25,1,25.25,3,25.3,24,2,2022-09-02 09:33:20
1662111209019137000,25.25,2,25.25,2,25.3,24,2,2022-09-02 09:33:29
1662111209041587000,25.25,2,25.2,22,25.3,24,2,2022-09-02 09:33:29
1662111209983879000,25.25,2,25.25,6,25.3,24,2,2022-09-02 09:33:29
1662111215455570000,25.25,5,25.25,6,25.3,24,2,2022-09-02 09:33:35
1662111215487271000,25.25,6,25.2,22,25.3,24,2,2022-09-02 09:33:35
1662111219520652000,25.25,1,25.2,22,25.25,2,1,2022-09-02 09:33:39
1662111221124239000,25.25,1,25.2,22,25.3,26,1,2022-09-02 09:33:41
1662111222971645000,25.25,1,25.2,22,25.25,2,1,2022-09-02 09:33:42
1662111231787467000,25.25,4,25.2,22,25.25,6,1,2022-09-02 09:33:51
1662111237401316000,25.25,1,25.2,23,25.25,5,1,2022-09-02 09:33:57
1662111242315904000,25.25,1,25.2,23,25.25,4,1,2022-09-02 09:34:02
1662111248591967000,25.25,2,25.2,24,25.25,3,1,2022-09-02 09:34:08
1662111250304512000,25.2,1,25.2,23,25.25,4,2,2022-09-02 09:34:10
1662111254489139000,25.2,1,25.2,3,25.25,4,2,2022-09-02 09:34:14
1662111257107822000,25.2,12,25.2,22,25.25,4,2,2022-09-02 09:34:17
1662111260988997000,25.2,1,25.2,10,25.25,4,2,2022-09-02 09:34:20
1662111263845652000,25.25,1,25.2,10,25.25,8,1,2022-09-02 09:34:23
1662111286775539000,25.25,1,25.2,31,25.25,16,1,2022-09-02 09:34:46
1662111310073648000,25.25,3,25.2,83,25.25,13,1,2022-09-02 09:35:10
1662111311250481000,25.25,13,25.2,85,25.3,1,1,2022-09-02 09:35:11
1662111311250481000,25.3,27,25.2,85,25.3,1,1,2022-09-02 09:35:11
1662111311279003000,25.3,1,25.2,85,25.35,11,1,2022-09-02 09:35:11
1662111315301491000,25.25,1,25.2,85,25.3,10,2,2022-09-02 09:35:15
1662111324089327000,25.25,1,25.25,1,25.3,10,2,2022-09-02 09:35:24
1662111324108937000,25.25,1,25.2,85,25.3,10,2,2022-09-02 09:35:24
1662111325185409000,25.25,1,25.25,3,25.3,10,1,2022-09-02 09:35:25
1662111327249575000,25.3,5,25.25,6,25.3,5,1,2022-09-02 09:35:27
1662111336152767000,25.3,3,25.25,122,25.3,2,1,2022-09-02 09:35:36
1662111345152568000,25.3,1,25.25,122,25.3,6,1,2022-09-02 09:35:45
1662111347054968000,25.3,6,25.3,4,25.35,12,1,2022-09-02 09:35:47
1662111349148470000,25.35,10,25.3,4,25.35,2,1,2022-09-02 09:35:49
1662111349177428000,25.35,1,25.3,4,25.35,1,1,2022-09-02 09:35:49
1662111349177498000,25.35,1,25.3,4,25.4,25,1,2022-09-02 09:35:49
1662111354399523000,25.35,1,25.3,5,25.35,4,1,2022-09-02 09:35:54
1662111358636202000,25.35,1,25.3,8,25.35,3,1,2022-09-02 09:35:58
1662111358763917000,25.35,1,25.3,8,25.35,2,1,2022-09-02 09:35:58
1662111359373658000,25.35,2,25.35,3,25.4,25,1,2022-09-02 09:35:59
1662111362359654000,25.35,3,25.3,7,25.35,2,2,2022-09-02 09:36:02
1662111362579920000,25.35,1,25.3,7,25.35,1,1,2022-09-02 09:36:02
1662111370302753000,25.35,1,25.3,58,25.35,3,1,2022-09-02 09:36:10
1662111373287638000,25.35,1,25.3,58,25.35,7,1,2022-09-02 09:36:13
1662111374100972000,25.35,1,25.3,60,25.35,6,1,2022-09-02 09:36:14
1662111377643504000,25.35,2,25.3,60,25.35,4,1,2022-09-02 09:36:17
1662111381095624000,25.35,1,25.3,60,25.35,3,1,2022-09-02 09:36:21
1662111381139255000,25.35,2,25.3,60,25.35,4,1,2022-09-02 09:36:21
1662111384098085000,25.35,1,25.3,61,25.4,32,1,2022-09-02 09:36:24
1662111392666954000,25.4,1,25.35,139,25.4,32,1,2022-09-02 09:36:32
1662111394412420000,25.4,1,25.35,140,25.4,31,1,2022-09-02 09:36:34
1662111394647111000,25.4,1,25.35,140,25.4,30,1,2022-09-02 09:36:34
1662111396906257000,25.4,10,25.35,140,25.4,20,1,2022-09-02 09:36:36
1662111397637534000,25.4,2,25.35,138,25.4,16,1,2022-09-02 09:36:37
1662111397900176000,25.4,3,25.35,138,25.4,13,1,2022-09-02 09:36:37
1662111403963196000,25.4,2,25.35,138,25.4,16,1,2022-09-02 09:36:43
1662111407097360000,25.4,1,25.35,139,25.4,16,1,2022-09-02 09:36:47
1662111410405768000,25.4,1,25.35,140,25.4,20,1,2022-09-02 09:36:50
1662111412976284000,25.4,3,25.35,140,25.4,19,1,2022-09-02 09:36:52
1662111413553840000,25.4,20,25.4,17,25.45,65,1,2022-09-02 09:36:53
1662111415388654000,25.45,1,25.4,18,25.45,64,1,2022-09-02 09:36:55
1662111415570779000,25.45,1,25.4,18,25.45,63,1,2022-09-02 09:36:55
1662111418674500000,25.45,10,25.4,19,25.45,53,1,2022-09-02 09:36:58
1662111420015294000,25.45,1,25.4,22,25.45,52,1,2022-09-02 09:37:00
1662111422351474000,25.45,1,25.4,73,25.45,51,1,2022-09-02 09:37:02
1662111423127660000,25.45,2,25.4,73,25.45,49,1,2022-09-02 09:37:03
1662111430755417000,25.45,1,25.4,80,25.45,47,1,2022-09-02 09:37:10
1662111430869715000,25.4,1,25.4,79,25.45,47,2,2022-09-02 09:37:10
1662111430925817000,25.45,2,25.4,79,25.45,45,1,2022-09-02 09:37:10
1662111432531847000,25.45,1,25.4,78,25.45,47,1,2022-09-02 09:37:12
1662111434734563000,25.45,10,25.4,78,25.45,56,1,2022-09-02 09:37:14
1662111435185517000,25.45,10,25.4,78,25.45,46,1,2022-09-02 09:37:15
1662111435208308000,25.45,8,25.4,78,25.45,38,1,2022-09-02 09:37:15
1662111435228062000,25.45,38,25.45,4,25.5,86,1,2022-09-02 09:37:15
1662111436546921000,25.5,9,25.45,5,25.5,77,1,2022-09-02 09:37:16
1662111436833271000,25.45,5,25.4,78,25.45,15,2,2022-09-02 09:37:16
1662111436870921000,25.45,5,25.4,78,25.45,10,1,2022-09-02 09:37:16
1662111437086427000,25.4,2,25.4,76,25.45,10,2,2022-09-02 09:37:17
1662111441325739000,25.45,5,25.4,78,25.45,5,1,2022-09-02 09:37:21
1662111446358316000,25.45,1,25.4,79,25.45,7,1,2022-09-02 09:37:26
1662111447853614000,25.45,1,25.4,79,25.45,11,1,2022-09-02 09:37:27
1662111448369676000,25.45,1,25.4,79,25.45,10,1,2022-09-02 09:37:28
1662111450642761000,25.45,1,25.4,79,25.45,17,1,2022-09-02 09:37:30
1662111451952337000,25.45,1,25.4,78,25.45,26,1,2022-09-02 09:37:31
1662111455240328000,25.4,1,25.4,83,25.45,26,2,2022-09-02 09:37:35
1662111456281292000,25.45,4,25.4,83,25.45,23,1,2022-09-02 09:37:36
1662111456284330000,25.45,1,25.4,83,25.45,22,1,2022-09-02 09:37:36
1662111458267246000,25.45,1,25.4,83,25.45,22,1,2022-09-02 09:37:38
1662111464054049000,25.45,1,25.4,82,25.45,23,1,2022-09-02 09:37:44
1662111466448685000,25.45,1,25.4,182,25.45,24,1,2022-09-02 09:37:46
1662111473081474000,25.4,1,25.4,85,25.45,24,2,2022-09-02 09:37:53
1662111474961896000,25.4,2,25.4,83,25.45,26,2,2022-09-02 09:37:54
1662111481581079000,25.4,1,25.4,183,25.45,26,2,2022-09-02 09:38:01
1662111482063580000,25.4,1,25.4,182,25.45,26,2,2022-09-02 09:38:02
1662111486291376000,25.4,4,25.4,179,25.45,27,2,2022-09-02 09:38:06
1662111487493029000,25.4,1,25.4,178,25.45,27,2,2022-09-02 09:38:07
1662111488443108000,25.4,5,25.4,173,25.45,60,2,2022-09-02 09:38:08
1662111488505773000,25.4,7,25.4,66,25.45,60,2,2022-09-02 09:38:08
1662111488536314000,25.4,2,25.4,64,25.45,60,2,2022-09-02 09:38:08
1662111489004974000,25.4,12,25.4,2,25.45,60,2,2022-09-02 09:38:09
1662111489028683000,25.4,2,25.35,101,25.45,60,2,2022-09-02 09:38:09
1662111491176560000,25.35,1,25.3,155,25.4,14,2,2022-09-02 09:38:11
1662111491508753000,25.35,1,25.3,155,25.35,1,1,2022-09-02 09:38:11
1662111491532430000,25.35,1,25.3,155,25.4,14,1,2022-09-02 09:38:11
1662111493818750000,25.3,4,25.3,154,25.35,1,2,2022-09-02 09:38:13
1662111497387830000,25.3,1,25.3,50,25.35,6,2,2022-09-02 09:38:17
1662111501252606000,25.3,1,25.25,112,25.35,8,2,2022-09-02 09:38:21
1662111502153025000,25.25,1,25.25,112,25.3,1,2,2022-09-02 09:38:22
1662111505121611000,25.25,1,25.25,110,25.3,12,2,2022-09-02 09:38:25
1662111506857465000,25.25,1,25.25,9,25.3,12,2,2022-09-02 09:38:26
1662111506863435000,25.25,1,25.25,8,25.3,12,2,2022-09-02 09:38:26
1662111507095397000,25.25,1,25.25,7,25.3,12,2,2022-09-02 09:38:27
1662111507123232000,25.25,1,25.25,6,25.3,12,2,2022-09-02 09:38:27
1662111507274625000,25.25,1,25.25,5,25.3,12,2,2022-09-02 09:38:27
1662111507821698000,25.25,1,25.25,5,25.3,12,2,2022-09-02 09:38:27
1662111507929984000,25.25,1,25.25,3,25.3,12,2,2022-09-02 09:38:27
1662111507947022000,25.25,2,25.25,1,25.3,12,2,2022-09-02 09:38:27
1662111507948727000,25.25,1,25.2,478,25.3,12,2,2022-09-02 09:38:27
1662111508046084000,25.3,10,25.2,478,25.3,2,1,2022-09-02 09:38:28
1662111508296057000,25.25,2,25.2,478,25.25,2,1,2022-09-02 09:38:28
1662111508714218000,25.25,1,25.2,478,25.25,1,1,2022-09-02 09:38:28
1662111514554975000,25.25,1,25.25,6,25.3,9,2,2022-09-02 09:38:34
1662111519021912000,25.25,2,25.25,28,25.3,32,2,2022-09-02 09:38:39
1662111519696119000,25.25,1,25.25,27,25.3,32,2,2022-09-02 09:38:39
1662111523299565000,25.25,1,25.25,26,25.3,32,2,2022-09-02 09:38:43
1662111525166054000,25.25,1,25.25,25,25.3,31,2,2022-09-02 09:38:45
1662111535891964000,25.3,6,25.25,106,25.3,3,1,2022-09-02 09:38:55
1662111535898633000,25.25,3,25.25,103,25.3,3,2,2022-09-02 09:38:55
1662111540836389000,25.3,1,25.25,3,25.3,2,1,2022-09-02 09:39:00
1662111542478955000,25.25,1,25.25,2,25.3,3,2,2022-09-02 09:39:02
1662111556309686000,25.25,1,25.25,2,25.3,11,2,2022-09-02 09:39:16
1662111558417959000,25.25,2,25.2,478,25.25,1,2,2022-09-02 09:39:18
1662111563561813000,25.2,3,25.2,475,25.25,4,2,2022-09-02 09:39:23
1662111567144993000,25.2,1,25.2,7,25.25,4,2,2022-09-02 09:39:27
1662111572760277000,25.2,1,25.2,1,25.25,30,2,2022-09-02 09:39:32
1662111572914857000,25.25,1,25.2,1,25.25,29,1,2022-09-02 09:39:32
1662111573724345000,25.2,1,25.15,128,25.25,29,2,2022-09-02 09:39:33
1662111582515813000,25.2,20,25.15,128,25.2,8,1,2022-09-02 09:39:42
1662111582547598000,25.2,4,25.15,128,25.2,4,1,2022-09-02 09:39:42
1662111582578244000,25.2,4,25.15,128,25.25,5,1,2022-09-02 09:39:42
1662111584717858000,25.15,1,25.15,127,25.2,2,2,2022-09-02 09:39:44
1662111585680201000,25.2,1,25.15,27,25.2,1,1,2022-09-02 09:39:45
1662111586002115000,25.15,1,25.15,26,25.2,1,2,2022-09-02 09:39:46
1662111586355899000,25.2,1,25.15,26,25.25,15,1,2022-09-02 09:39:46
1662111590291194000,25.15,1,25.15,27,25.2,2,2,2022-09-02 09:39:50
1662111596214940000,25.2,1,25.15,76,25.2,3,1,2022-09-02 09:39:56
1662111597584813000,25.2,1,25.15,76,25.2,2,1,2022-09-02 09:39:57
1662111598817185000,25.2,2,25.15,76,25.25,1,1,2022-09-02 09:39:58
1662111598817185000,25.25,13,25.15,76,25.25,1,1,2022-09-02 09:39:58
1662111608944806000,25.25,1,25.2,32,25.25,7,1,2022-09-02 09:40:08
1662111610538200000,25.25,1,25.2,32,25.25,6,1,2022-09-02 09:40:10
1662111619631377000,25.2,1,25.2,33,25.25,11,2,2022-09-02 09:40:19
1662111634502283000,25.25,1,25.2,88,25.25,4,1,2022-09-02 09:40:34
1662111637787786000,25.25,1,25.2,87,25.25,3,1,2022-09-02 09:40:37
1662111642153320000,25.25,1,25.2,87,25.25,2,1,2022-09-02 09:40:42
1662111657228241000,25.25,1,25.2,97,25.25,2,1,2022-09-02 09:40:57
1662111681898878000,25.25,1,25.2,102,25.25,7,1,2022-09-02 09:41:21
1662111683437953000,25.25,2,25.2,102,25.25,5,1,2022-09-02 09:41:23
1662111689863142000,25.25,2,25.2,102,25.25,3,1,2022-09-02 09:41:29
1662111689884475000,25.25,2,25.2,102,25.25,1,1,2022-09-02 09:41:29
1662111689906822000,25.25,1,25.2,102,25.3,26,1,2022-09-02 09:41:29
1662111699141722000,25.25,3,25.25,3,25.3,28,2,2022-09-02 09:41:39
1662111702038820000,25.25,1,25.25,2,25.3,28,2,2022-09-02 09:41:42
1662111724809739000,25.25,1,25.25,21,25.3,28,2,2022-09-02 09:42:04
1662111727291940000,25.25,1,25.2,202,25.25,4,2,2022-09-02 09:42:07
1662111732694224000,25.25,1,25.2,92,25.25,4,1,2022-09-02 09:42:12
1662111734535516000,25.25,4,25.2,92,25.45,41,1,2022-09-02 09:42:14
1662111734535516000,25.3,28,25.2,92,25.45,41,1,2022-09-02 09:42:14
1662111734535516000,25.35,18,25.2,92,25.45,41,1,2022-09-02 09:42:14
1662111734535516000,25.4,27,25.2,92,25.45,41,1,2022-09-02 09:42:14
1662111734535516000,25.45,23,25.2,92,25.45,41,1,2022-09-02 09:42:14
1662111737191025000,25.25,2,25.2,92,25.45,19,1,2022-09-02 09:42:17
1662111750149599000,25.3,1,25.3,1,25.35,7,2,2022-09-02 09:42:30
1662111765259821000,25.3,1,25.25,115,25.35,47,2,2022-09-02 09:42:45
1662111774117168000,25.3,1,25.25,113,25.3,4,1,2022-09-02 09:42:54
1662111775647705000,25.3,2,25.25,113,25.3,2,1,2022-09-02 09:42:55
1662111779066950000,25.3,1,25.25,113,25.3,1,1,2022-09-02 09:42:59
1662111791125545000,25.3,1,25.25,113,25.3,6,1,2022-09-02 09:43:11
1662111793575394000,25.3,6,25.3,4,25.35,16,1,2022-09-02 09:43:13
1662111796119618000,25.3,4,25.25,103,25.3,1,2,2022-09-02 09:43:16
1662111803186091000,25.3,1,25.25,23,25.35,16,1,2022-09-02 09:43:23
1662111808734973000,25.25,1,25.25,2,25.3,5,2,2022-09-02 09:43:28
1662111812856298000,25.25,1,25.25,1,25.3,5,2,2022-09-02 09:43:32
1662111814685704000,25.25,1,25.2,193,25.25,1,2,2022-09-02 09:43:34
1662111824183365000,25.25,1,25.25,5,25.3,5,1,2022-09-02 09:43:44
1662111830337085000,25.25,7,25.25,18,25.3,5,2,2022-09-02 09:43:50
1662111839517709000,25.25,2,25.25,8,25.3,5,1,2022-09-02 09:43:59
1662111845579270000,25.25,5,25.25,3,25.3,5,2,2022-09-02 09:44:05
1662111845605169000,25.25,3,25.2,243,25.3,5,2,2022-09-02 09:44:05
1662111846530052000,25.25,1,25.2,243,25.3,5,2,2022-09-02 09:44:06
1662111853879802000,25.25,1,25.2,243,25.25,3,1,2022-09-02 09:44:13
1662111859627937000,25.25,1,25.2,243,25.25,2,1,2022-09-02 09:44:19
1662111876329017000,25.25,3,25.2,243,25.3,8,1,2022-09-02 09:44:36
1662111876329017000,25.3,2,25.2,243,25.3,8,1,2022-09-02 09:44:36
1662111887838219000,25.25,3,25.2,243,25.3,6,1,2022-09-02 09:44:47
1662111887838219000,25.3,2,25.2,243,25.3,6,1,2022-09-02 09:44:47
1662111901514600000,25.3,1,25.25,103,25.3,5,1,2022-09-02 09:45:01
1662111908593859000,25.3,2,25.25,103,25.3,3,1,2022-09-02 09:45:08
1662111912201660000,25.3,2,25.25,103,25.3,3,1,2022-09-02 09:45:12
1662111916681487000,25.3,2,25.25,105,25.3,1,1,2022-09-02 09:45:16
1662111916710804000,25.3,1,25.25,105,25.35,15,1,2022-09-02 09:45:16
1662111932089507000,25.3,1,25.25,105,25.3,4,1,2022-09-02 09:45:32
1662111933475068000,25.3,1,25.25,104,25.3,3,1,2022-09-02 09:45:33
1662111947103308000,25.3,2,25.25,104,25.3,5,1,2022-09-02 09:45:47
1662111949596100000,25.3,3,25.25,104,25.3,2,1,2022-09-02 09:45:49
1662111959392940000,25.3,4,25.25,105,25.4,3,1,2022-09-02 09:45:59
1662111959392940000,25.35,15,25.25,105,25.4,3,1,2022-09-02 09:45:59
1662111959392940000,25.4,21,25.25,105,25.4,3,1,2022-09-02 09:45:59
1662111959465653000,25.4,3,25.25,105,25.45,50,1,2022-09-02 09:45:59
1662111965775299000,25.4,1,25.25,104,25.4,1,1,2022-09-02 09:46:05
1662111994512772000,25.4,1,25.35,23,25.4,1,1,2022-09-02 09:46:34
1662112001590469000,25.4,1,25.35,23,25.4,3,1,2022-09-02 09:46:41
1662112002688684000,25.4,1,25.35,22,25.4,2,1,2022-09-02 09:46:42
1662112014064451000,25.4,1,25.35,22,25.4,3,1,2022-09-02 09:46:54
1662112024712333000,25.4,1,25.35,22,25.4,2,1,2022-09-02 09:47:04
1662112029528925000,25.4,2,25.35,72,25.45,62,1,2022-09-02 09:47:09
1662112033081521000,25.4,1,25.35,72,25.45,62,1,2022-09-02 09:47:13
1662112042468733000,25.4,1,25.35,72,25.4,1,1,2022-09-02 09:47:22
1662112049472761000,25.4,10,25.35,72,25.4,1,1,2022-09-02 09:47:29
1662112054848898000,25.4,1,25.35,72,25.4,3,1,2022-09-02 09:47:34
1662112062909623000,25.4,3,25.35,72,25.45,52,1,2022-09-02 09:47:42
1662112063087461000,25.35,3,25.35,69,25.45,52,2,2022-09-02 09:47:43
1662112063115899000,25.35,2,25.35,2,25.45,52,2,2022-09-02 09:47:43
1662112064538219000,25.4,1,25.3,74,25.45,52,2,2022-09-02 09:47:44
1662112071280500000,25.4,1,25.3,124,25.4,3,1,2022-09-02 09:47:51
1662112083496452000,25.35,2,25.3,124,25.4,8,1,2022-09-02 09:48:03
1662112124951202000,25.35,1,25.3,124,25.35,6,1,2022-09-02 09:48:44
1662112127279731000,25.35,6,25.3,124,25.45,21,1,2022-09-02 09:48:47
1662112127279731000,25.4,8,25.3,124,25.45,21,1,2022-09-02 09:48:47
1662112127279731000,25.45,36,25.3,124,25.45,21,1,2022-09-02 09:48:47
1662112127445293000,25.45,1,25.3,124,25.45,21,1,2022-09-02 09:48:47
1662112145835146000,25.4,2,25.35,64,25.4,5,1,2022-09-02 09:49:05
1662112149395581000,25.4,1,25.35,64,25.4,9,1,2022-09-02 09:49:09
1662112154188816000,25.4,9,25.4,11,25.45,30,1,2022-09-02 09:49:14
1662112170620075000,25.4,1,25.4,62,25.45,26,2,2022-09-02 09:49:30
1662112173749990000,25.4,2,25.4,60,25.45,26,2,2022-09-02 09:49:33
1662112175741716000,25.4,1,25.4,58,25.45,26,2,2022-09-02 09:49:35
1662112176164252000,25.4,1,25.4,57,25.45,26,2,2022-09-02 09:49:36
1662112176713624000,25.45,1,25.4,57,25.45,25,1,2022-09-02 09:49:36
1662112207368149000,25.4,1,25.4,164,25.45,24,2,2022-09-02 09:50:07
1662112231374595000,25.45,1,25.4,164,25.45,28,1,2022-09-02 09:50:31
1662112233811328000,25.45,1,25.4,164,25.45,27,1,2022-09-02 09:50:33
1662112240757359000,25.45,2,25.4,166,25.45,25,1,2022-09-02 09:50:40
1662112253753307000,25.45,2,25.4,236,25.45,23,1,2022-09-02 09:50:53
1662112255421760000,25.45,2,25.4,236,25.45,21,1,2022-09-02 09:50:55
1662112260848291000,25.45,1,25.4,236,25.45,20,1,2022-09-02 09:51:00
1662112264256011000,25.4,2,25.4,234,25.45,20,2,2022-09-02 09:51:04
1662112265934468000,25.45,10,25.4,234,25.45,10,1,2022-09-02 09:51:05
1662112265966788000,25.45,10,25.4,234,25.5,84,1,2022-09-02 09:51:05
1662112280104798000,25.45,2,25.4,234,25.45,8,1,2022-09-02 09:51:20
1662112300595240000,25.45,3,25.4,234,25.45,23,1,2022-09-02 09:51:40
1662112305124256000,25.4,1,25.4,233,25.45,24,2,2022-09-02 09:51:45
1662112306360495000,25.45,2,25.4,233,25.45,22,1,2022-09-02 09:51:46
1662112308203861000,25.45,1,25.4,233,25.45,21,1,2022-09-02 09:51:48
1662112310013313000,25.45,1,25.4,233,25.45,20,1,2022-09-02 09:51:50
1662112324600181000,25.4,1,25.4,232,25.45,23,2,2022-09-02 09:52:04
1662112324669167000,25.45,15,25.4,232,25.45,8,1,2022-09-02 09:52:04
1662112326252697000,25.45,1,25.4,232,25.45,7,1,2022-09-02 09:52:06
1662112345463160000,25.45,1,25.4,233,25.45,18,1,2022-09-02 09:52:25
1662112352286341000,25.4,2,25.4,231,25.45,20,2,2022-09-02 09:52:32
1662112357442000000,25.45,1,25.4,231,25.45,19,1,2022-09-02 09:52:37
1662112358770940000,25.45,1,25.4,231,25.45,18,1,2022-09-02 09:52:38
1662112364838683000,25.45,1,25.4,231,25.45,17,1,2022-09-02 09:52:44
1662112389562789000,25.45,1,25.4,231,25.45,18,1,2022-09-02 09:53:09
1662112399275043000,25.45,5,25.4,251,25.45,13,1,2022-09-02 09:53:19
1662112405611411000,25.45,6,25.4,251,25.45,7,1,2022-09-02 09:53:25
1662112422695107000,25.45,1,25.4,251,25.45,9,1,2022-09-02 09:53:42
1662112433284121000,25.45,1,25.4,251,25.45,9,1,2022-09-02 09:53:53
1662112439131380000,25.45,3,25.4,251,25.45,6,1,2022-09-02 09:53:59
1662112441058258000,25.45,6,25.45,6,25.5,86,1,2022-09-02 09:54:01
1662112441709808000,25.45,6,25.4,251,25.45,4,2,2022-09-02 09:54:01
1662112443712486000,25.45,1,25.4,251,25.45,7,1,2022-09-02 09:54:03
1662112447879518000,25.45,4,25.4,251,25.45,3,1,2022-09-02 09:54:07
1662112465414021000,25.45,5,25.45,5,25.5,86,1,2022-09-02 09:54:25
1662112468734425000,25.45,5,25.4,274,25.45,5,2,2022-09-02 09:54:28
1662112539554904000,25.45,8,25.4,273,25.45,18,1,2022-09-02 09:55:39
1662112554524740000,25.45,2,25.4,273,25.45,11,1,2022-09-02 09:55:54
1662112560738098000,25.45,1,25.4,273,25.45,10,1,2022-09-02 09:56:00
1662112564477750000,25.45,1,25.4,273,25.45,9,1,2022-09-02 09:56:04
1662112587281967000,25.45,10,25.4,273,25.45,12,1,2022-09-02 09:56:27
1662112596249257000,25.45,1,25.4,273,25.45,21,1,2022-09-02 09:56:36
1662112617727847000,25.45,20,25.4,258,25.45,3,1,2022-09-02 09:56:57
1662112617751390000,25.45,3,25.4,238,25.5,88,1,2022-09-02 09:56:57
1662112622936605000,25.45,2,25.4,238,25.45,8,1,2022-09-02 09:57:02
1662112626749517000,25.45,8,25.45,2,25.5,87,1,2022-09-02 09:57:06
1662112629837001000,25.45,1,25.45,1,25.5,87,2,2022-09-02 09:57:09
1662112638286184000,25.5,1,25.45,1,25.5,86,1,2022-09-02 09:57:18
1662112638333300000,25.5,1,25.45,1,25.5,62,1,2022-09-02 09:57:18
1662112640274055000,25.5,3,25.45,21,25.5,59,1,2022-09-02 09:57:20
1662112640386282000,25.5,59,25.45,22,25.5,59,1,2022-09-02 09:57:20
1662112642594631000,25.55,8,25.45,22,25.55,41,1,2022-09-02 09:57:22
1662112642616415000,25.55,41,25.45,22,25.6,31,1,2022-09-02 09:57:22
1662112642616415000,25.6,20,25.45,22,25.6,31,1,2022-09-02 09:57:22
1662112642617968000,25.6,31,25.45,22,25.65,50,1,2022-09-02 09:57:22
1662112642617968000,25.65,30,25.45,22,25.65,50,1,2022-09-02 09:57:22
1662112642633694000,25.65,1,25.45,22,25.65,49,1,2022-09-02 09:57:22
1662112642635096000,25.65,1,25.45,22,25.65,48,1,2022-09-02 09:57:22
1662112642635120000,25.65,1,25.45,22,25.65,47,1,2022-09-02 09:57:22
1662112642661290000,25.65,1,25.45,22,25.65,46,1,2022-09-02 09:57:22
1662112642663003000,25.65,1,25.45,22,25.65,45,1,2022-09-02 09:57:22
1662112642664295000,25.65,1,25.45,22,25.65,44,1,2022-09-02 09:57:22
1662112642665539000,25.65,2,25.45,22,25.65,42,1,2022-09-02 09:57:22
1662112642666083000,25.65,1,25.45,22,25.65,41,1,2022-09-02 09:57:22
1662112642668126000,25.65,1,25.45,22,25.65,40,1,2022-09-02 09:57:22
1662112642676857000,25.65,1,25.45,23,25.65,39,1,2022-09-02 09:57:22
1662112642678819000,25.65,2,25.45,23,25.65,37,1,2022-09-02 09:57:22
1662112642679539000,25.65,1,25.45,23,25.65,36,1,2022-09-02 09:57:22
1662112642691235000,25.65,2,25.6,8,25.65,34,1,2022-09-02 09:57:22
1662112642711384000,25.65,34,25.6,8,25.7,49,1,2022-09-02 09:57:22
1662112642756811000,25.7,1,25.6,8,25.7,48,1,2022-09-02 09:57:22
1662112642757249000,25.7,1,25.6,8,25.7,47,1,2022-09-02 09:57:22
1662112642797899000,25.7,2,25.6,8,25.7,45,1,2022-09-02 09:57:22
1662112642865815000,25.7,15,25.6,8,25.7,30,1,2022-09-02 09:57:22
1662112642878704000,25.7,1,25.6,8,25.7,29,1,2022-09-02 09:57:22
1662112642889841000,25.7,5,25.6,8,25.7,24,1,2022-09-02 09:57:22
1662112643120893000,25.7,1,25.65,4,25.7,23,1,2022-09-02 09:57:23
1662112643123213000,25.7,1,25.65,4,25.7,22,1,2022-09-02 09:57:23
1662112645638804000,25.7,1,25.65,4,25.7,21,1,2022-09-02 09:57:25
1662112648385421000,25.7,15,25.65,6,25.7,6,1,2022-09-02 09:57:28
1662112648424425000,25.7,6,25.65,6,25.75,3,1,2022-09-02 09:57:28
1662112648444207000,25.65,2,25.65,4,25.75,3,2,2022-09-02 09:57:28
1662112656450864000,25.7,1,25.7,20,25.75,3,2,2022-09-02 09:57:36
1662112661772160000,25.7,1,25.7,19,25.75,105,2,2022-09-02 09:57:41
1662112661797864000,25.7,12,25.7,7,25.75,105,2,2022-09-02 09:57:41
1662112661798068000,25.7,7,25.65,4,25.75,105,2,2022-09-02 09:57:41
1662112662721526000,25.7,1,25.65,4,25.7,2,1,2022-09-02 09:57:42
1662112665952802000,25.7,1,25.65,4,25.7,1,1,2022-09-02 09:57:45
1662112667085981000,25.7,2,25.65,4,25.7,1,1,2022-09-02 09:57:47
1662112668359728000,25.65,1,25.65,3,25.7,9,2,2022-09-02 09:57:48
1662112670131708000,25.7,1,25.65,3,25.7,9,1,2022-09-02 09:57:50
1662112670400893000,25.7,2,25.65,3,25.7,7,1,2022-09-02 09:57:50
1662112671625688000,25.7,7,25.65,4,25.8,36,1,2022-09-02 09:57:51
1662112671625688000,25.75,6,25.65,4,25.8,36,1,2022-09-02 09:57:51
1662112671625688000,25.8,7,25.65,4,25.8,36,1,2022-09-02 09:57:51
1662112671663196000,25.8,4,25.65,4,25.8,32,1,2022-09-02 09:57:51
1662112671816491000,25.8,1,25.75,2,25.8,31,1,2022-09-02 09:57:51
1662112671818286000,25.8,3,25.75,2,25.8,28,1,2022-09-02 09:57:51
1662112671850829000,25.8,1,25.75,2,25.8,27,1,2022-09-02 09:57:51
1662112671879717000,25.8,1,25.75,2,25.8,26,1,2022-09-02 09:57:51
1662112671903034000,25.8,1,25.75,2,25.8,25,1,2022-09-02 09:57:51
1662112671911943000,25.8,1,25.75,2,25.8,24,1,2022-09-02 09:57:51
1662112671911993000,25.75,1,25.75,1,25.8,24,2,2022-09-02 09:57:51
1662112671940877000,25.8,1,25.75,1,25.8,23,1,2022-09-02 09:57:51
1662112671972961000,25.8,1,25.75,4,25.8,22,1,2022-09-02 09:57:51
1662112672007820000,25.8,1,25.75,4,25.8,21,1,2022-09-02 09:57:52
1662112672037122000,25.8,1,25.75,4,25.8,20,1,2022-09-02 09:57:52
1662112672069092000,25.8,1,25.75,4,25.8,19,1,2022-09-02 09:57:52
1662112672100853000,25.8,1,25.75,4,25.8,18,1,2022-09-02 09:57:52
1662112672130140000,25.8,1,25.75,4,25.8,17,1,2022-09-02 09:57:52
1662112672159419000,25.8,1,25.75,4,25.8,16,1,2022-09-02 09:57:52
1662112672188063000,25.8,1,25.75,4,25.8,15,1,2022-09-02 09:57:52
1662112672191267000,25.8,1,25.75,4,25.8,14,1,2022-09-02 09:57:52
1662112673465642000,25.75,1,25.75,4,25.8,14,2,2022-09-02 09:57:53
1662112675084926000,25.8,5,25.75,3,25.8,9,1,2022-09-02 09:57:55
1662112675665385000,25.75,3,25.7,1,25.75,5,2,2022-09-02 09:57:55
1662112675894974000,25.75,1,25.7,1,25.75,5,1,2022-09-02 09:57:55
1662112676406196000,25.75,4,25.7,1,25.8,8,1,2022-09-02 09:57:56
1662112676406196000,25.8,1,25.7,1,25.8,8,1,2022-09-02 09:57:56
1662112676818928000,25.8,2,25.7,1,25.8,6,1,2022-09-02 09:57:56
1662112677227759000,25.8,2,25.65,4,25.8,6,1,2022-09-02 09:57:57
1662112678008358000,25.65,4,25.65,4,25.8,5,2,2022-09-02 09:57:58
1662112678008358000,25.6,11,25.65,4,25.8,5,2,2022-09-02 09:57:58
1662112678008358000,25.5,8,25.65,4,25.8,5,2,2022-09-02 09:57:58
1662112678008358000,25.45,5,25.65,4,25.8,5,2,2022-09-02 09:57:58
1662112678008358000,25.4,23,25.65,4,25.8,5,2,2022-09-02 09:57:58
1662112678008358000,25.35,11,25.65,4,25.8,5,2,2022-09-02 09:57:58
1662112678008358000,25.3,2,25.65,4,25.8,5,2,2022-09-02 09:57:58
1662112678008358000,25.25,6,25.65,4,25.8,5,2,2022-09-02 09:57:58
1662112678008358000,25.2,25,25.65,4,25.8,5,2,2022-09-02 09:57:58
1662112678008358000,25.15,17,25.65,4,25.8,5,2,2022-09-02 09:57:58
1662112678057995000,25.15,1,25.15,2,25.75,5,2,2022-09-02 09:57:58
1662112685760282000,25.7,1,25.25,4,25.75,10,1,2022-09-02 09:58:05
1662112685760282000,25.75,1,25.25,4,25.75,10,1,2022-09-02 09:58:05
1662112686033550000,25.35,8,25.25,4,25.35,8,1,2022-09-02 09:58:06
1662112687997397000,25.7,1,25.3,4,25.75,6,1,2022-09-02 09:58:07
1662112687997397000,25.75,4,25.3,4,25.75,6,1,2022-09-02 09:58:07
1662112692706888000,25.5,2,25.35,1,25.5,1,1,2022-09-02 09:58:12
1662112692747747000,25.5,1,25.35,1,25.7,1,1,2022-09-02 09:58:12
1662112695320241000,25.6,1,25.4,1,25.6,2,1,2022-09-02 09:58:15
1662112695968802000,25.6,1,25.4,1,25.6,1,1,2022-09-02 09:58:15
1662112695993087000,25.6,1,25.4,1,25.7,6,1,2022-09-02 09:58:15
1662112701645501000,25.6,1,25.5,8,25.6,3,1,2022-09-02 09:58:21
1662112702609263000,25.6,3,25.5,8,25.7,9,1,2022-09-02 09:58:22
1662112702659081000,25.55,1,25.5,8,25.7,9,2,2022-09-02 09:58:22
1662112709807544000,25.65,1,25.55,5,25.7,8,1,2022-09-02 09:58:29
1662112709807544000,25.7,1,25.55,5,25.7,8,1,2022-09-02 09:58:29
1662112714396538000,25.6,2,25.55,6,25.7,8,2,2022-09-02 09:58:34
1662112717358663000,25.65,1,25.6,1,25.65,1,1,2022-09-02 09:58:37
1662112720184491000,25.65,1,25.6,1,25.7,9,1,2022-09-02 09:58:40
1662112720572107000,25.65,4,25.6,1,25.7,9,2,2022-09-02 09:58:40
1662112720616364000,25.6,1,25.55,7,25.7,9,2,2022-09-02 09:58:40
1662112721633609000,25.55,1,25.55,6,25.7,9,2,2022-09-02 09:58:41
1662112725083425000,25.65,1,25.55,6,25.65,2,1,2022-09-02 09:58:45
1662112729552858000,25.65,2,25.6,2,25.7,4,1,2022-09-02 09:58:49
1662112730119851000,25.6,1,25.6,1,25.7,4,2,2022-09-02 09:58:50
1662112731280416000,25.65,2,25.6,3,25.7,5,2,2022-09-02 09:58:51
1662112742961898000,25.6,1,25.6,1,25.65,5,2,2022-09-02 09:59:02
1662112745328256000,25.6,1,25.55,6,25.65,5,2,2022-09-02 09:59:05
1662112746881314000,25.55,1,25.55,5,25.6,1,2,2022-09-02 09:59:06
1662112751334580000,25.6,1,25.6,1,25.65,5,1,2022-09-02 09:59:11
1662112751376469000,25.6,1,25.55,1,25.65,5,2,2022-09-02 09:59:11
1662112751376469000,25.55,4,25.55,1,25.65,5,2,2022-09-02 09:59:11
1662112754631850000,25.55,1,25.5,7,25.6,2,2,2022-09-02 09:59:14
1662112760366279000,25.55,1,25.5,7,25.55,1,1,2022-09-02 09:59:20
1662112762367252000,25.5,2,25.5,5,25.55,1,2,2022-09-02 09:59:22
1662112763471906000,25.55,1,25.5,5,25.6,9,1,2022-09-02 09:59:23
1662112764021702000,25.5,5,25.45,1,25.6,9,2,2022-09-02 09:59:24
