ts,close,volume,bid_price,bid_volume,ask_price,ask_volume,tick_type,datetime
1663318807221138000,30.95,485,30.85,4,30.95,7,1,2022-09-16 09:00:07
1663318807293107000,30.95,6,30.85,4,30.95,1,1,2022-09-16 09:00:07
1663318807297051000,30.85,4,30.8,4,30.95,1,2,2022-09-16 09:00:07
1663318807297051000,30.8,9,30.8,4,30.95,1,2,2022-09-16 09:00:07
1663318807310856000,30.8,1,30.8,3,30.95,6,2,2022-09-16 09:00:07
1663318807325091000,30.95,1,30.8,3,30.95,5,1,2022-09-16 09:00:07
1663318807331713000,30.8,1,30.8,2,30.9,13,2,2022-09-16 09:00:07
1663318807335739000,30.8,2,30.75,3,30.9,13,2,2022-09-16 09:00:07
1663318807514736000,30.9,2,30.75,3,30.9,12,1,2022-09-16 09:00:07
1663318807952077000,30.75,3,30.7,1,30.75,7,2,2022-09-16 09:00:07
1663318807976232000,30.75,7,30.7,1,30.95,4,1,2022-09-16 09:00:07
1663318807976232000,30.9,32,30.7,1,30.95,4,1,2022-09-16 09:00:07
1663318807976232000,30.95,1,30.7,1,30.95,4,1,2022-09-16 09:00:07
1663318809484755000,30.95,4,30.7,1,31.1,8,1,2022-09-16 09:00:09
1663318809484755000,31.0,8,30.7,1,31.1,8,1,2022-09-16 09:00:09
1663318809484755000,31.1,13,30.7,1,31.1,8,1,2022-09-16 09:00:09
1663318809635997000,31.1,1,30.75,1,31.1,6,1,2022-09-16 09:00:09
1663318809818782000,30.75,1,30.7,1,31.1,6,2,2022-09-16 09:00:09
1663318809860243000,31.1,1,30.7,1,31.1,5,1,2022-09-16 09:00:09
1663318810256364000,30.8,1,30.7,1,31.05,1,1,2022-09-16 09:00:10
1663318811187794000,30.8,1,30.8,13,31.0,1,2,2022-09-16 09:00:11
1663318811216625000,31.0,1,30.8,13,31.05,1,1,2022-09-16 09:00:11
1663318811414989000,31.0,1,30.85,1,31.05,1,1,2022-09-16 09:00:11
1663318811742226000,31.05,1,30.85,1,31.1,3,1,2022-09-16 09:00:11
1663318811742226000,31.1,2,30.85,1,31.1,3,1,2022-09-16 09:00:11
1663318812302251000,31.0,1,30.85,10,31.1,3,1,2022-09-16 09:00:12
1663318812340820000,31.05,1,30.9,2,31.1,3,1,2022-09-16 09:00:12
1663318812573634000,31.1,1,30.9,7,31.1,2,1,2022-09-16 09:00:12
1663318812613719000,31.1,2,30.9,7,31.2,5,1,2022-09-16 09:00:12
1663318812928738000,31.2,5,30.9,8,31.25,1,1,2022-09-16 09:00:12
1663318813318052000,31.25,1,31.1,6,31.25,3,1,2022-09-16 09:00:13
1663318813986732000,31.15,1,31.1,8,31.15,9,1,2022-09-16 09:00:13
1663318814366400000,31.1,1,31.1,9,31.15,9,2,2022-09-16 09:00:14
1663318814509654000,31.15,3,31.1,8,31.15,6,1,2022-09-16 09:00:14
1663318814814483000,31.15,2,31.1,8,31.15,4,1,2022-09-16 09:00:14
1663318814893607000,31.15,1,31.1,8,31.15,3,1,2022-09-16 09:00:14
1663318815684313000,31.15,3,31.15,1,31.25,3,1,2022-09-16 09:00:15
1663318815808278000,31.25,3,31.15,1,31.3,8,1,2022-09-16 09:00:15
1663318815808278000,31.3,2,31.15,1,31.3,8,1,2022-09-16 09:00:15
1663318815811574000,31.3,1,31.15,1,31.3,7,1,2022-09-16 09:00:15
1663318815963305000,31.3,1,31.15,6,31.3,6,1,2022-09-16 09:00:15
1663318816209644000,31.3,1,31.15,6,31.3,5,1,2022-09-16 09:00:16
1663318816234532000,31.3,5,31.15,6,31.35,1,1,2022-09-16 09:00:16
1663318816603324000,31.3,1,31.25,1,31.35,1,1,2022-09-16 09:00:16
1663318816620202000,31.25,1,31.2,2,31.35,1,2,2022-09-16 09:00:16
1663318816684462000,31.35,1,31.35,2,31.4,16,1,2022-09-16 09:00:16
1663318816696212000,31.4,4,31.35,2,31.4,12,1,2022-09-16 09:00:16
1663318816708049000,31.35,2,31.2,2,31.4,12,2,2022-09-16 09:00:16
1663318817158431000,31.25,1,31.2,7,31.4,12,1,2022-09-16 09:00:17
1663318817380651000,31.2,2,31.2,7,31.4,12,2,2022-09-16 09:00:17
1663318817517741000,31.2,1,31.2,4,31.4,12,2,2022-09-16 09:00:17
1663318817521529000,31.4,1,31.2,4,31.4,11,1,2022-09-16 09:00:17
1663318817595484000,31.35,1,31.25,1,31.4,2,1,2022-09-16 09:00:17
1663318817595484000,31.4,9,31.25,1,31.4,2,1,2022-09-16 09:00:17
1663318817901247000,31.4,2,31.3,1,31.5,48,1,2022-09-16 09:00:17
1663318817901247000,31.5,3,31.3,1,31.5,48,1,2022-09-16 09:00:17
1663318817907898000,31.3,1,31.25,1,31.3,9,2,2022-09-16 09:00:17
1663318817937309000,31.3,5,31.25,1,31.3,4,1,2022-09-16 09:00:17
1663318817946708000,31.3,1,31.25,1,31.3,3,1,2022-09-16 09:00:17
1663318817992027000,31.25,1,31.15,22,31.25,19,2,2022-09-16 09:00:17
1663318818005253000,31.25,1,31.15,22,31.25,18,1,2022-09-16 09:00:18
1663318818023575000,31.25,1,31.15,22,31.25,17,1,2022-09-16 09:00:18
1663318818096090000,31.25,2,31.15,22,31.25,15,1,2022-09-16 09:00:18
1663318818121863000,31.25,1,31.15,22,31.25,14,1,2022-09-16 09:00:18
1663318818171747000,31.2,1,31.2,1,31.25,14,2,2022-09-16 09:00:18
1663318818313570000,31.25,2,31.2,2,31.25,12,1,2022-09-16 09:00:18
1663318818319591000,31.25,1,31.2,2,31.25,11,1,2022-09-16 09:00:18
1663318818415477000,31.25,10,31.2,3,31.25,1,1,2022-09-16 09:00:18
1663318818445512000,31.25,1,31.2,3,31.3,3,1,2022-09-16 09:00:18
1663318818458986000,31.3,1,31.2,3,31.3,2,1,2022-09-16 09:00:18
1663318818571237000,31.3,2,31.2,4,31.45,10,1,2022-09-16 09:00:18
1663318818863194000,31.35,1,31.25,4,31.45,7,1,2022-09-16 09:00:18
1663318818863194000,31.4,1,31.25,4,31.45,7,1,2022-09-16 09:00:18
1663318818863194000,31.45,3,31.25,4,31.45,7,1,2022-09-16 09:00:18
1663318819562160000,31.35,1,31.25,4,31.45,14,1,2022-09-16 09:00:19
1663318820311531000,31.25,3,31.15,15,31.3,21,2,2022-09-16 09:00:20
1663318820311531000,31.2,9,31.15,15,31.3,21,2,2022-09-16 09:00:20
1663318820311531000,31.15,8,31.15,15,31.3,21,2,2022-09-16 09:00:20
1663318820536500000,31.3,1,31.15,15,31.3,20,1,2022-09-16 09:00:20
1663318820825154000,31.3,1,31.15,15,31.3,19,1,2022-09-16 09:00:20
1663318821104715000,31.15,2,31.15,14,31.3,19,2,2022-09-16 09:00:21
1663318821267181000,31.25,1,31.15,14,31.3,19,2,2022-09-16 09:00:21
1663318821373054000,31.3,1,31.15,14,31.3,18,1,2022-09-16 09:00:21
1663318821375891000,31.15,1,31.15,13,31.3,18,2,2022-09-16 09:00:21
1663318821899565000,31.2,5,31.15,12,31.2,5,1,2022-09-16 09:00:21
1663318821914168000,31.25,1,31.15,12,31.25,5,1,2022-09-16 09:00:21
1663318822007905000,31.15,14,31.1,18,31.15,11,2,2022-09-16 09:00:22
1663318822119034000,31.15,1,31.1,18,31.15,10,1,2022-09-16 09:00:22
1663318822129510000,31.1,10,31.1,8,31.15,10,2,2022-09-16 09:00:22
1663318822131266000,31.15,1,31.1,8,31.15,9,1,2022-09-16 09:00:22
1663318822153802000,31.15,2,31.1,8,31.15,7,1,2022-09-16 09:00:22
1663318822178123000,31.15,1,31.1,18,31.15,11,1,2022-09-16 09:00:22
1663318822402999000,31.15,5,31.1,8,31.15,1,1,2022-09-16 09:00:22
1663318822645932000,31.15,1,31.1,38,31.25,10,1,2022-09-16 09:00:22
1663318822768265000,31.25,1,31.1,39,31.25,9,1,2022-09-16 09:00:22
1663318822979393000,31.2,1,31.1,39,31.2,17,1,2022-09-16 09:00:22
1663318823164926000,31.1,8,31.1,31,31.2,17,2,2022-09-16 09:00:23
1663318823230375000,31.2,2,31.1,31,31.2,15,1,2022-09-16 09:00:23
1663318823263123000,31.1,1,31.1,30,31.15,5,2,2022-09-16 09:00:23
1663318823326501000,31.1,1,31.1,29,31.15,5,2,2022-09-16 09:00:23
1663318823400172000,31.15,1,31.1,29,31.15,5,1,2022-09-16 09:00:23
1663318823572719000,31.15,1,31.1,29,31.15,3,1,2022-09-16 09:00:23
1663318823949604000,31.15,1,31.1,29,31.15,6,1,2022-09-16 09:00:23
1663318823990377000,31.15,1,31.1,29,31.15,6,1,2022-09-16 09:00:23
1663318824081119000,31.15,3,31.1,29,31.15,3,1,2022-09-16 09:00:24
1663318824237858000,31.15,4,31.1,29,31.15,5,1,2022-09-16 09:00:24
1663318824509309000,31.1,1,31.1,28,31.15,7,2,2022-09-16 09:00:24
1663318824574643000,31.1,2,31.1,26,31.15,7,2,2022-09-16 09:00:24
1663318824586446000,31.15,3,31.1,26,31.15,4,1,2022-09-16 09:00:24
1663318824697876000,31.15,1,31.1,26,31.15,3,1,2022-09-16 09:00:24
1663318824788351000,31.15,1,31.1,26,31.15,4,1,2022-09-16 09:00:24
1663318824861910000,31.1,10,31.1,16,31.15,4,2,2022-09-16 09:00:24
1663318824876069000,31.1,2,31.1,26,31.15,5,2,2022-09-16 09:00:24
1663318824949308000,31.15,1,31.1,14,31.15,3,1,2022-09-16 09:00:24
1663318825151463000,31.15,3,31.15,2,31.2,34,1,2022-09-16 09:00:25
1663318825197058000,31.15,2,31.1,14,31.15,3,2,2022-09-16 09:00:25
1663318825841722000,31.1,1,31.1,13,31.15,7,2,2022-09-16 09:00:25
1663318825858449000,31.15,1,31.1,14,31.15,7,1,2022-09-16 09:00:25
1663318826011557000,31.15,6,31.1,13,31.2,30,1,2022-09-16 09:00:26
1663318826011557000,31.2,4,31.1,13,31.2,30,1,2022-09-16 09:00:26
1663318826247218000,31.2,1,31.15,1,31.2,29,1,2022-09-16 09:00:26
1663318826248722000,31.15,1,31.15,1,31.2,30,2,2022-09-16 09:00:26
1663318826442253000,31.15,1,31.1,13,31.2,29,2,2022-09-16 09:00:26
1663318826481603000,31.1,2,31.1,14,31.2,29,2,2022-09-16 09:00:26
1663318826547752000,31.2,1,31.15,1,31.2,28,1,2022-09-16 09:00:26
1663318826576516000,31.15,1,31.1,14,31.2,28,2,2022-09-16 09:00:26
1663318826729054000,31.1,14,31.05,6,31.1,5,2,2022-09-16 09:00:26
1663318826846487000,31.1,1,31.05,6,31.1,4,1,2022-09-16 09:00:26
1663318826918332000,31.1,1,31.05,6,31.1,3,1,2022-09-16 09:00:26
1663318827057070000,31.05,1,31.05,5,31.1,3,2,2022-09-16 09:00:27
1663318827076690000,31.1,1,31.05,5,31.1,2,1,2022-09-16 09:00:27
1663318827117050000,31.1,2,31.05,5,31.15,6,1,2022-09-16 09:00:27
1663318827245018000,31.1,1,31.05,5,31.1,2,1,2022-09-16 09:00:27
1663318827502204000,31.05,1,31.05,4,31.1,1,2,2022-09-16 09:00:27
1663318827592751000,31.1,1,31.05,4,31.15,11,1,2022-09-16 09:00:27
1663318827727198000,31.05,4,31.0,10,31.05,1,2,2022-09-16 09:00:27
1663318827846889000,31.05,1,31.0,11,31.15,11,1,2022-09-16 09:00:27
1663318827865129000,31.0,10,31.0,1,31.15,11,2,2022-09-16 09:00:27
1663318827905507000,31.0,1,30.95,1,31.15,11,2,2022-09-16 09:00:27
1663318827967166000,31.1,1,30.95,4,31.1,1,1,2022-09-16 09:00:27
1663318827973065000,31.1,1,30.95,4,31.15,12,1,2022-09-16 09:00:27
1663318828019090000,31.05,1,30.95,4,31.15,12,2,2022-09-16 09:00:28
1663318828244227000,31.1,1,30.95,4,31.15,12,2,2022-09-16 09:00:28
1663318828326509000,31.1,1,31.0,5,31.15,12,2,2022-09-16 09:00:28
1663318828367539000,31.1,2,31.1,2,31.15,12,2,2022-09-16 09:00:28
1663318828641997000,31.15,5,31.0,5,31.15,9,1,2022-09-16 09:00:28
1663318828673577000,31.15,1,31.0,5,31.15,8,1,2022-09-16 09:00:28
1663318828955237000,31.1,1,31.0,5,31.15,8,1,2022-09-16 09:00:28
1663318829250082000,31.0,1,31.0,4,31.1,5,2,2022-09-16 09:00:29
1663318829352525000,31.1,1,31.0,4,31.1,4,1,2022-09-16 09:00:29
1663318829857658000,31.1,2,31.0,4,31.1,10,1,2022-09-16 09:00:29
1663318829986314000,31.0,1,31.0,3,31.1,8,2,2022-09-16 09:00:29
1663318830045396000,31.0,3,30.95,1,31.0,26,2,2022-09-16 09:00:30
1663318830178725000,30.95,2,30.95,2,31.0,26,2,2022-09-16 09:00:30
1663318830195116000,30.95,1,30.95,1,31.0,26,2,2022-09-16 09:00:30
1663318830215823000,30.95,1,30.9,18,31.0,26,2,2022-09-16 09:00:30
1663318830257362000,30.9,3,30.9,15,31.0,26,2,2022-09-16 09:00:30
1663318830266818000,31.0,1,30.9,15,31.0,25,1,2022-09-16 09:00:30
1663318830317588000,31.0,1,30.9,15,31.0,24,1,2022-09-16 09:00:30
1663318830362096000,31.0,1,30.95,1,31.0,26,1,2022-09-16 09:00:30
1663318830665511000,31.0,10,30.9,15,31.0,13,1,2022-09-16 09:00:30
1663318830697701000,30.9,1,30.9,14,31.0,13,2,2022-09-16 09:00:30
1663318830750877000,30.9,3,30.9,11,31.0,13,2,2022-09-16 09:00:30
1663318830783921000,31.0,10,30.9,11,31.0,3,1,2022-09-16 09:00:30
1663318830789970000,31.0,3,30.9,11,31.05,2,1,2022-09-16 09:00:30
1663318830829952000,31.05,1,30.9,11,31.0,13,1,2022-09-16 09:00:30
1663318831090786000,30.95,3,30.9,11,31.1,10,1,2022-09-16 09:00:31
1663318831090786000,31.05,1,30.9,11,31.1,10,1,2022-09-16 09:00:31
1663318831090786000,31.1,3,30.9,11,31.1,10,1,2022-09-16 09:00:31
1663318831098156000,31.1,3,30.9,11,31.1,7,1,2022-09-16 09:00:31
1663318831185828000,31.1,1,30.9,11,31.1,6,1,2022-09-16 09:00:31
1663318831341491000,31.05,1,30.9,12,30.95,2,2,2022-09-16 09:00:31
1663318831380237000,30.95,1,31.05,1,31.1,6,1,2022-09-16 09:00:31
1663318831444332000,30.9,1,30.9,11,30.95,1,2,2022-09-16 09:00:31
1663318831521722000,30.9,2,30.9,9,30.95,1,2,2022-09-16 09:00:31
1663318831731948000,30.95,1,30.9,9,31.0,2,1,2022-09-16 09:00:31
1663318831731948000,31.0,1,30.9,9,31.0,2,1,2022-09-16 09:00:31
1663318831747761000,31.0,1,30.9,9,31.0,1,1,2022-09-16 09:00:31
1663318831850735000,30.95,1,30.9,8,31.0,1,2,2022-09-16 09:00:31
1663318831850735000,30.9,1,30.9,8,31.0,1,2,2022-09-16 09:00:31
1663318832571381000,31.0,1,30.9,9,31.0,20,1,2022-09-16 09:00:32
1663318832654399000,30.95,1,30.9,7,31.0,20,2,2022-09-16 09:00:32
1663318832654399000,30.9,2,30.9,7,31.0,20,2,2022-09-16 09:00:32
1663318832691710000,31.0,1,30.9,7,31.0,19,1,2022-09-16 09:00:32
1663318832773695000,31.0,1,30.9,7,31.0,18,1,2022-09-16 09:00:32
1663318832975698000,31.0,5,30.9,7,31.0,13,1,2022-09-16 09:00:32
1663318833055526000,30.9,2,30.9,5,31.0,13,2,2022-09-16 09:00:33
1663318833221314000,30.9,2,30.9,3,31.0,13,2,2022-09-16 09:00:33
1663318833347642000,30.9,3,30.85,5,31.0,13,2,2022-09-16 09:00:33
1663318833347642000,30.85,2,30.85,5,31.0,13,2,2022-09-16 09:00:33
1663318834007277000,30.9,1,30.9,3,30.95,1,2,2022-09-16 09:00:34
1663318834007631000,30.9,2,30.9,1,30.95,1,2,2022-09-16 09:00:34
1663318834033080000,30.9,1,30.85,5,30.95,1,2,2022-09-16 09:00:34
1663318834077536000,30.95,1,30.85,5,31.0,16,1,2022-09-16 09:00:34
1663318834130966000,30.85,5,30.8,2,31.0,16,2,2022-09-16 09:00:34
1663318834137379000,31.0,1,30.8,2,31.0,15,1,2022-09-16 09:00:34
1663318834222983000,31.0,2,30.9,5,31.0,13,1,2022-09-16 09:00:34
1663318834857366000,30.9,1,30.9,5,30.95,1,2,2022-09-16 09:00:34
1663318834998827000,30.95,1,30.9,4,31.0,18,1,2022-09-16 09:00:34
1663318835224108000,30.9,1,30.9,3,31.0,18,2,2022-09-16 09:00:35
1663318835244225000,30.9,1,30.9,2,31.0,18,2,2022-09-16 09:00:35
1663318835248709000,30.9,2,30.85,3,31.0,18,2,2022-09-16 09:00:35
1663318835352816000,30.85,3,30.8,2,31.0,23,2,2022-09-16 09:00:35
1663318835641598000,30.8,2,30.75,3,30.95,3,2,2022-09-16 09:00:35
1663318835641598000,30.75,6,30.75,3,30.95,3,2,2022-09-16 09:00:35
1663318835704987000,30.75,3,30.65,11,30.95,3,2,2022-09-16 09:00:35
1663318835704987000,30.7,3,30.65,11,30.95,3,2,2022-09-16 09:00:35
1663318835704987000,30.65,4,30.65,11,30.95,3,2,2022-09-16 09:00:35
1663318835835084000,30.7,1,30.65,10,30.9,2,2,2022-09-16 09:00:35
1663318835835084000,30.65,1,30.65,10,30.9,2,2,2022-09-16 09:00:35
1663318835978954000,30.9,2,30.85,2,31.0,38,1,2022-09-16 09:00:35
1663318835978954000,30.95,3,30.85,2,31.0,38,1,2022-09-16 09:00:35
1663318835978954000,31.0,5,30.85,2,31.0,38,1,2022-09-16 09:00:35
1663318836217105000,30.9,2,30.85,2,30.95,1,2,2022-09-16 09:00:36
1663318836244430000,30.85,2,30.8,1,30.95,1,2,2022-09-16 09:00:36
1663318836642218000,30.85,2,30.65,10,30.95,4,2,2022-09-16 09:00:36
1663318836642218000,30.8,2,30.65,10,30.95,4,2,2022-09-16 09:00:36
1663318836642218000,30.7,1,30.65,10,30.95,4,2,2022-09-16 09:00:36
1663318836699229000,30.9,1,30.7,1,30.9,1,1,2022-09-16 09:00:36
1663318836731426000,30.9,1,30.9,4,30.95,7,1,2022-09-16 09:00:36
1663318836737551000,30.9,2,30.9,2,30.95,7,2,2022-09-16 09:00:36
1663318836750155000,30.9,2,30.7,1,30.95,7,2,2022-09-16 09:00:36
1663318836766518000,30.95,1,30.7,1,30.95,6,1,2022-09-16 09:00:36
1663318836818849000,30.9,1,30.7,1,30.9,4,1,2022-09-16 09:00:36
1663318836918135000,30.75,1,30.7,1,30.9,5,2,2022-09-16 09:00:36
1663318837049316000,30.9,5,30.7,1,30.95,3,1,2022-09-16 09:00:37
1663318837049316000,30.95,5,30.7,1,30.95,3,1,2022-09-16 09:00:37
1663318837050669000,30.95,1,30.7,1,30.95,2,1,2022-09-16 09:00:37
1663318837087137000,30.95,1,30.75,4,30.95,1,1,2022-09-16 09:00:37
1663318837616418000,30.8,1,30.75,5,30.9,29,2,2022-09-16 09:00:37
1663318837735658000,30.9,1,30.75,5,30.9,33,1,2022-09-16 09:00:37
1663318837741921000,30.9,1,30.75,5,30.9,32,1,2022-09-16 09:00:37
1663318837830873000,30.9,5,30.75,5,30.9,27,1,2022-09-16 09:00:37
1663318837940217000,30.85,5,30.75,5,30.85,5,2,2022-09-16 09:00:37
1663318838466666000,30.85,2,30.8,2,30.85,8,1,2022-09-16 09:00:38
1663318838490396000,30.85,1,30.8,2,30.85,7,1,2022-09-16 09:00:38
1663318838943838000,30.8,1,30.8,2,30.85,19,2,2022-09-16 09:00:38
1663318838983833000,30.8,1,30.8,1,30.85,19,2,2022-09-16 09:00:38
1663318839412716000,30.85,1,30.8,2,30.85,18,1,2022-09-16 09:00:39
1663318839769223000,30.8,4,30.8,1,30.85,20,2,2022-09-16 09:00:39
1663318839823210000,30.85,1,30.8,1,30.85,30,1,2022-09-16 09:00:39
1663318839969696000,30.8,1,30.75,10,30.8,4,2,2022-09-16 09:00:39
1663318840151568000,30.8,4,30.75,13,30.85,26,1,2022-09-16 09:00:40
1663318840151568000,30.85,1,30.75,13,30.85,26,1,2022-09-16 09:00:40
1663318840366395000,30.75,3,30.75,10,30.85,26,2,2022-09-16 09:00:40
1663318840801871000,30.8,1,30.75,10,30.8,1,1,2022-09-16 09:00:40
1663318840827443000,30.75,4,30.75,6,30.8,1,2,2022-09-16 09:00:40
1663318840830258000,30.75,4,30.7,2,30.8,1,2,2022-09-16 09:00:40
1663318840830258000,30.7,5,30.7,2,30.8,1,2,2022-09-16 09:00:40
1663318840875579000,30.8,1,30.8,1,30.85,26,1,2022-09-16 09:00:40
1663318840891642000,30.8,1,30.75,4,30.8,1,2,2022-09-16 09:00:40
1663318841338276000,30.7,2,30.65,8,30.85,26,2,2022-09-16 09:00:41
1663318841338276000,30.65,2,30.65,8,30.85,26,2,2022-09-16 09:00:41
1663318841476802000,30.8,2,30.75,2,30.8,3,1,2022-09-16 09:00:41
1663318841545727000,30.85,5,30.75,2,30.85,21,1,2022-09-16 09:00:41
1663318841834417000,30.8,2,30.75,2,30.85,20,1,2022-09-16 09:00:41
1663318841834417000,30.85,1,30.75,2,30.85,20,1,2022-09-16 09:00:41
1663318841965751000,30.75,1,30.75,1,30.8,3,2,2022-09-16 09:00:41
1663318841995820000,30.75,1,30.7,2,30.8,3,2,2022-09-16 09:00:41
1663318842162981000,30.75,1,30.7,2,30.8,8,1,2022-09-16 09:00:42
1663318842247650000,30.7,2,30.55,19,30.8,8,2,2022-09-16 09:00:42
1663318842247650000,30.65,8,30.55,19,30.8,8,2,2022-09-16 09:00:42
1663318842247650000,30.6,9,30.55,19,30.8,8,2,2022-09-16 09:00:42
1663318842247650000,30.55,1,30.55,19,30.8,8,2,2022-09-16 09:00:42
1663318842457839000,30.75,1,30.6,2,30.75,2,1,2022-09-16 09:00:42
1663318842756996000,30.65,2,30.55,18,30.75,2,2,2022-09-16 09:00:42
1663318842756996000,30.6,2,30.55,18,30.75,2,2,2022-09-16 09:00:42
1663318842756996000,30.55,1,30.55,18,30.75,2,2,2022-09-16 09:00:42
1663318842923588000,30.55,5,30.55,13,30.7,5,2,2022-09-16 09:00:42
1663318843055787000,30.7,2,30.55,13,30.7,3,1,2022-09-16 09:00:43
1663318843160126000,30.6,2,30.55,13,30.7,10,2,2022-09-16 09:00:43
1663318843196853000,30.7,1,30.55,13,30.7,9,1,2022-09-16 09:00:43
1663318843205542000,30.7,1,30.55,13,30.7,10,1,2022-09-16 09:00:43
1663318843398269000,30.6,4,30.6,5,30.7,10,2,2022-09-16 09:00:43
1663318843637543000,30.65,1,30.6,1,30.7,13,1,2022-09-16 09:00:43
1663318843656163000,30.7,2,30.6,1,30.7,11,1,2022-09-16 09:00:43
1663318843704752000,30.7,2,30.6,1,30.7,9,1,2022-09-16 09:00:43
1663318843836157000,30.6,1,30.55,16,30.7,11,2,2022-09-16 09:00:43
1663318843891334000,30.7,1,30.55,16,30.7,10,1,2022-09-16 09:00:43
1663318844019548000,30.7,2,30.55,16,30.7,30,1,2022-09-16 09:00:44
1663318844030731000,30.55,3,30.55,13,30.7,30,2,2022-09-16 09:00:44
1663318844099284000,30.7,2,30.55,13,30.7,30,1,2022-09-16 09:00:44
1663318844189584000,30.7,1,30.55,13,30.7,29,1,2022-09-16 09:00:44
1663318844290438000,30.7,1,30.55,16,30.7,28,1,2022-09-16 09:00:44
1663318844344371000,30.7,2,30.6,1,30.7,26,1,2022-09-16 09:00:44
1663318844357996000,30.7,1,30.6,1,30.7,25,1,2022-09-16 09:00:44
1663318844443470000,30.6,1,30.6,11,30.7,25,2,2022-09-16 09:00:44
1663318844501788000,30.6,2,30.6,9,30.7,25,2,2022-09-16 09:00:44
1663318844511524000,30.7,1,30.6,9,30.7,24,1,2022-09-16 09:00:44
1663318844559866000,30.6,4,30.6,5,30.7,24,2,2022-09-16 09:00:44
1663318844605635000,30.7,4,30.6,5,30.7,20,1,2022-09-16 09:00:44
1663318844627638000,30.6,5,30.55,16,30.7,20,2,2022-09-16 09:00:44
1663318844686673000,30.7,1,30.55,16,30.7,19,1,2022-09-16 09:00:44
1663318844816535000,30.55,10,30.55,6,30.7,19,2,2022-09-16 09:00:44
1663318844996657000,30.6,1,30.6,4,30.7,19,2,2022-09-16 09:00:44
1663318845067748000,30.6,4,30.55,6,30.7,19,2,2022-09-16 09:00:45
1663318845067748000,30.55,1,30.55,6,30.7,19,2,2022-09-16 09:00:45
1663318845403551000,30.55,2,30.55,6,30.7,21,2,2022-09-16 09:00:45
1663318845533990000,30.7,5,30.55,1,30.7,16,1,2022-09-16 09:00:45
1663318845632564000,30.55,1,30.5,15,30.7,16,2,2022-09-16 09:00:45
1663318845632564000,30.5,9,30.5,15,30.7,16,2,2022-09-16 09:00:45
1663318845685026000,30.5,4,30.5,11,30.65,6,2,2022-09-16 09:00:45
1663318845931078000,30.6,10,30.6,5,30.65,1,2,2022-09-16 09:00:45
1663318845960364000,30.6,5,30.5,11,30.65,1,2,2022-09-16 09:00:45
1663318846085851000,30.65,2,30.5,11,30.65,4,1,2022-09-16 09:00:46
1663318846349006000,30.65,8,30.55,1,30.7,15,1,2022-09-16 09:00:46
1663318846349006000,30.7,2,30.55,1,30.7,15,1,2022-09-16 09:00:46
1663318846373060000,30.55,1,30.5,11,30.7,15,2,2022-09-16 09:00:46
1663318846457739000,30.65,3,30.55,4,30.7,15,1,2022-09-16 09:00:46
1663318846526931000,30.55,4,30.5,10,30.7,18,2,2022-09-16 09:00:46
1663318846526931000,30.5,1,30.5,10,30.7,18,2,2022-09-16 09:00:46
1663318847063394000,30.65,3,30.55,4,30.65,1,1,2022-09-16 09:00:47
1663318847127009000,30.65,1,30.55,4,30.7,18,1,2022-09-16 09:00:47
1663318847582269000,30.65,2,30.55,9,30.65,4,1,2022-09-16 09:00:47
1663318847837667000,30.55,2,30.55,9,30.65,4,2,2022-09-16 09:00:47
1663318847914945000,30.55,7,30.55,7,30.65,4,2,2022-09-16 09:00:47
1663318847955320000,30.5,3,30.5,8,30.55,3,2,2022-09-16 09:00:47
1663318848139294000,30.55,2,30.5,9,30.55,1,1,2022-09-16 09:00:48
1663318848226046000,30.5,2,30.5,7,30.55,1,2,2022-09-16 09:00:48
1663318848276337000,30.55,1,30.55,1,30.65,5,1,2022-09-16 09:00:48
1663318848607116000,30.55,6,30.45,75,30.65,6,2,2022-09-16 09:00:48
1663318848607116000,30.5,7,30.45,75,30.65,6,2,2022-09-16 09:00:48
1663318848607116000,30.45,47,30.45,75,30.65,6,2,2022-09-16 09:00:48
1663318848627230000,30.45,1,30.45,74,30.6,5,2,2022-09-16 09:00:48
1663318848713782000,30.6,3,30.45,107,30.6,2,1,2022-09-16 09:00:48
1663318848730347000,30.45,2,30.45,105,30.6,2,2,2022-09-16 09:00:48
1663318848792231000,30.55,2,30.5,3,30.6,2,1,2022-09-16 09:00:48
1663318848881246000,30.5,1,30.5,3,30.6,2,2,2022-09-16 09:00:48
1663318849111479000,30.5,1,30.5,1,30.55,12,2,2022-09-16 09:00:49
1663318849271715000,30.55,1,30.5,1,30.55,11,1,2022-09-16 09:00:49
1663318849397310000,30.5,1,30.5,1,30.55,11,2,2022-09-16 09:00:49
1663318849397310000,30.45,1,30.5,1,30.55,11,2,2022-09-16 09:00:49
1663318849459590000,30.45,2,30.45,102,30.55,11,2,2022-09-16 09:00:49
1663318849504520000,30.55,3,30.45,102,30.55,8,1,2022-09-16 09:00:49
1663318849590528000,30.45,1,30.45,101,30.55,8,2,2022-09-16 09:00:49
1663318850182441000,30.5,1,30.45,101,30.55,8,1,2022-09-16 09:00:50
1663318850230075000,30.45,5,30.45,96,30.55,8,2,2022-09-16 09:00:50
1663318850255704000,30.55,2,30.45,96,30.55,6,1,2022-09-16 09:00:50
1663318850293984000,30.45,1,30.45,95,30.55,6,2,2022-09-16 09:00:50
1663318850477331000,30.45,1,30.45,94,30.55,6,2,2022-09-16 09:00:50
1663318850882601000,30.45,10,30.45,94,30.55,6,2,2022-09-16 09:00:50
1663318851378152000,30.45,1,30.45,84,30.5,10,2,2022-09-16 09:00:51
1663318851513623000,30.45,1,30.45,82,30.5,10,2,2022-09-16 09:00:51
1663318851516164000,30.5,1,30.45,82,30.5,9,1,2022-09-16 09:00:51
1663318851599349000,30.45,2,30.45,80,30.5,9,2,2022-09-16 09:00:51
1663318851679634000,30.45,2,30.45,78,30.5,9,2,2022-09-16 09:00:51
1663318851756093000,30.45,2,30.45,76,30.5,9,2,2022-09-16 09:00:51
1663318851781393000,30.45,1,30.45,75,30.5,9,2,2022-09-16 09:00:51
1663318851783555000,30.45,5,30.45,70,30.5,9,2,2022-09-16 09:00:51
1663318851798272000,30.5,2,30.45,70,30.5,7,1,2022-09-16 09:00:51
1663318851908348000,30.5,3,30.45,70,30.5,7,1,2022-09-16 09:00:51
1663318852558481000,30.45,1,30.45,69,30.5,4,2,2022-09-16 09:00:52
1663318852949855000,30.45,1,30.45,68,30.5,4,2,2022-09-16 09:00:52
1663318853037258000,30.45,1,30.45,67,30.5,4,2,2022-09-16 09:00:53
1663318853090388000,30.45,1,30.45,66,30.5,5,2,2022-09-16 09:00:53
1663318853109107000,30.45,1,30.45,65,30.5,5,2,2022-09-16 09:00:53
1663318853325735000,30.45,1,30.45,64,30.5,5,2,2022-09-16 09:00:53
1663318853392102000,30.45,1,30.45,67,30.5,5,2,2022-09-16 09:00:53
1663318853492260000,30.45,5,30.45,58,30.5,5,2,2022-09-16 09:00:53
1663318853986092000,30.45,5,30.45,53,30.5,5,2,2022-09-16 09:00:53
1663318854298438000,30.45,3,30.45,51,30.5,5,2,2022-09-16 09:00:54
1663318854350355000,30.45,1,30.45,50,30.5,5,2,2022-09-16 09:00:54
1663318854407884000,30.45,30,30.45,20,30.5,5,2,2022-09-16 09:00:54
1663318854411388000,30.45,6,30.45,54,30.5,5,2,2022-09-16 09:00:54
1663318854438746000,30.45,14,30.4,10,30.5,5,2,2022-09-16 09:00:54
1663318855084716000,30.45,2,30.4,10,30.45,1,2,2022-09-16 09:00:55
1663318855138492000,30.45,1,30.45,4,30.5,11,1,2022-09-16 09:00:55
1663318855371548000,30.5,1,30.45,4,30.5,10,1,2022-09-16 09:00:55
1663318855374922000,30.45,1,30.45,2,30.5,11,2,2022-09-16 09:00:55
1663318855520404000,30.45,2,30.45,1,30.5,10,2,2022-09-16 09:00:55
1663318855549809000,30.45,1,30.4,10,30.5,10,2,2022-09-16 09:00:55
1663318855584790000,30.5,5,30.4,10,30.5,5,1,2022-09-16 09:00:55
1663318855848723000,30.4,2,30.4,8,30.45,1,2,2022-09-16 09:00:55
1663318855851568000,30.45,1,30.4,8,30.5,5,1,2022-09-16 09:00:55
1663318856263515000,30.4,4,30.4,4,30.45,8,2,2022-09-16 09:00:56
1663318856283249000,30.4,4,30.35,12,30.45,8,2,2022-09-16 09:00:56
1663318856377222000,30.45,1,30.35,12,30.45,9,1,2022-09-16 09:00:56
1663318856472589000,30.45,1,30.35,12,30.45,8,1,2022-09-16 09:00:56
1663318856482874000,30.45,1,30.35,12,30.45,7,1,2022-09-16 09:00:56
1663318856858020000,30.45,1,30.35,12,30.45,13,1,2022-09-16 09:00:56
1663318857014431000,30.45,1,30.35,12,30.45,16,1,2022-09-16 09:00:57
1663318857426657000,30.4,2,30.35,12,30.45,16,1,2022-09-16 09:00:57
1663318857447732000,30.45,2,30.35,12,30.45,14,1,2022-09-16 09:00:57
1663318857511188000,30.45,1,30.35,12,30.45,13,1,2022-09-16 09:00:57
1663318857875991000,30.45,1,30.35,12,30.45,12,1,2022-09-16 09:00:57
1663318857936143000,30.45,1,30.35,12,30.45,11,1,2022-09-16 09:00:57
1663318857970459000,30.45,1,30.35,12,30.45,10,1,2022-09-16 09:00:57
1663318857980468000,30.35,10,30.35,2,30.45,10,2,2022-09-16 09:00:57
1663318858010429000,30.35,2,30.3,11,30.45,11,2,2022-09-16 09:00:58
1663318859273992000,30.4,1,30.4,2,30.45,13,2,2022-09-16 09:00:59
1663318859328417000,30.45,1,30.4,7,30.45,12,1,2022-09-16 09:00:59
1663318859367507000,30.45,1,30.4,7,30.45,10,1,2022-09-16 09:00:59
1663318860196537000,30.45,1,30.4,13,30.45,9,1,2022-09-16 09:01:00
1663318860242536000,30.45,9,30.4,13,30.45,6,1,2022-09-16 09:01:00
1663318860270314000,30.4,1,30.4,12,30.45,6,2,2022-09-16 09:01:00
1663318860305696000,30.45,1,30.4,12,30.45,5,1,2022-09-16 09:01:00
1663318860460097000,30.4,4,30.4,8,30.45,5,2,2022-09-16 09:01:00
1663318860473263000,30.4,5,30.4,3,30.45,5,2,2022-09-16 09:01:00
1663318860489837000,30.4,3,30.35,4,30.4,6,2,2022-09-16 09:01:00
1663318860626078000,30.35,4,30.3,11,30.35,2,2,2022-09-16 09:01:00
1663318860719970000,30.3,6,30.3,5,30.35,2,2,2022-09-16 09:01:00
1663318860721893000,30.35,1,30.3,5,30.35,1,1,2022-09-16 09:01:00
1663318860987790000,30.3,1,30.3,4,30.35,1,2,2022-09-16 09:01:00
1663318861062871000,30.35,1,30.3,4,30.4,21,1,2022-09-16 09:01:01
1663318861062871000,30.4,1,30.3,4,30.4,21,1,2022-09-16 09:01:01
1663318861312904000,30.4,5,30.3,4,30.4,16,1,2022-09-16 09:01:01
1663318861348327000,30.4,2,30.3,4,30.4,14,1,2022-09-16 09:01:01
1663318861350823000,30.4,3,30.3,4,30.4,11,1,2022-09-16 09:01:01
1663318861358244000,30.4,3,30.3,4,30.4,8,1,2022-09-16 09:01:01
1663318861370912000,30.4,2,30.3,4,30.4,6,1,2022-09-16 09:01:01
1663318862635647000,30.35,1,30.35,1,30.4,6,2,2022-09-16 09:01:02
1663318863018986000,30.35,2,30.35,3,30.4,6,2,2022-09-16 09:01:03
1663318863026212000,30.4,1,30.35,3,30.4,5,1,2022-09-16 09:01:03
1663318863137983000,30.4,2,30.35,3,30.4,3,1,2022-09-16 09:01:03
1663318863308667000,30.4,1,30.35,3,30.4,2,1,2022-09-16 09:01:03
1663318863318653000,30.35,3,30.3,7,30.4,2,2,2022-09-16 09:01:03
1663318863356709000,30.4,1,30.3,7,30.4,1,1,2022-09-16 09:01:03
1663318863384081000,30.4,1,30.3,7,30.45,18,1,2022-09-16 09:01:03
1663318864132804000,30.35,1,30.35,2,30.4,3,2,2022-09-16 09:01:04
1663318864367654000,30.35,2,30.35,3,30.4,3,2,2022-09-16 09:01:04
1663318864504886000,30.35,4,30.3,4,30.4,3,2,2022-09-16 09:01:04
1663318864504886000,30.3,4,30.3,4,30.4,3,2,2022-09-16 09:01:04
1663318864547589000,30.3,2,30.3,2,30.4,3,2,2022-09-16 09:01:04
1663318864987101000,30.35,1,30.3,2,30.35,1,2,2022-09-16 09:01:04
1663318865009079000,30.35,1,30.3,2,30.4,1,1,2022-09-16 09:01:05
1663318865009079000,30.4,2,30.3,2,30.4,1,1,2022-09-16 09:01:05
1663318865073401000,30.35,1,30.25,19,30.4,1,2,2022-09-16 09:01:05
1663318865073401000,30.3,2,30.25,19,30.4,1,2,2022-09-16 09:01:05
1663318865073401000,30.25,2,30.25,19,30.4,1,2,2022-09-16 09:01:05
1663318865089113000,30.4,1,30.25,19,30.45,21,1,2022-09-16 09:01:05
1663318865672757000,30.4,2,30.25,19,30.4,4,1,2022-09-16 09:01:05
1663318866258705000,30.3,2,30.25,18,30.4,16,2,2022-09-16 09:01:06
1663318866258705000,30.25,1,30.25,18,30.4,16,2,2022-09-16 09:01:06
1663318866579221000,30.35,1,30.35,9,30.4,18,2,2022-09-16 09:01:06
1663318867130254000,30.35,1,30.35,12,30.4,14,2,2022-09-16 09:01:07
1663318867519458000,30.4,1,30.35,11,30.4,13,1,2022-09-16 09:01:07
1663318867675808000,30.35,11,30.25,5,30.4,16,2,2022-09-16 09:01:07
1663318867675808000,30.3,16,30.25,5,30.4,16,2,2022-09-16 09:01:07
1663318867675808000,30.25,13,30.25,5,30.4,16,2,2022-09-16 09:01:07
1663318867683987000,30.25,5,30.2,21,30.4,16,2,2022-09-16 09:01:07
1663318867924875000,30.2,10,30.2,11,30.35,25,2,2022-09-16 09:01:07
1663318868263485000,30.35,2,30.25,5,30.35,18,1,2022-09-16 09:01:08
1663318868336498000,30.35,1,30.25,5,30.35,20,1,2022-09-16 09:01:08
1663318868793484000,30.3,1,30.3,9,30.35,25,2,2022-09-16 09:01:08
1663318868854575000,30.35,1,30.3,9,30.35,24,1,2022-09-16 09:01:08
1663318869545857000,30.3,1,30.3,10,30.35,24,2,2022-09-16 09:01:09
1663318870002786000,30.3,1,30.3,10,30.35,24,2,2022-09-16 09:01:10
1663318870114205000,30.3,1,30.3,9,30.35,24,2,2022-09-16 09:01:10
1663318870913488000,30.3,4,30.3,11,30.35,24,2,2022-09-16 09:01:10
1663318871091643000,30.35,3,30.3,7,30.35,22,1,2022-09-16 09:01:11
1663318871258074000,30.35,1,30.3,6,30.35,22,1,2022-09-16 09:01:11
1663318871508011000,30.35,1,30.3,6,30.35,20,1,2022-09-16 09:01:11
1663318871589142000,30.35,2,30.3,6,30.35,18,1,2022-09-16 09:01:11
1663318871757354000,30.35,2,30.3,6,30.35,16,1,2022-09-16 09:01:11
1663318871793315000,30.3,1,30.3,5,30.35,16,2,2022-09-16 09:01:11
1663318872112154000,30.3,4,30.3,1,30.35,16,2,2022-09-16 09:01:12
1663318872150222000,30.3,1,30.1,59,30.35,16,2,2022-09-16 09:01:12
1663318872150222000,30.25,6,30.1,59,30.35,16,2,2022-09-16 09:01:12
1663318872150222000,30.2,13,30.1,59,30.35,16,2,2022-09-16 09:01:12
1663318872150222000,30.15,5,30.1,59,30.35,16,2,2022-09-16 09:01:12
1663318872150222000,30.1,5,30.1,59,30.35,16,2,2022-09-16 09:01:12
1663318872288974000,30.15,2,30.1,59,30.3,8,2,2022-09-16 09:01:12
1663318872671733000,30.25,1,30.1,59,30.25,59,1,2022-09-16 09:01:12
1663318872686346000,30.25,1,30.1,59,30.25,58,1,2022-09-16 09:01:12
1663318873122900000,30.2,1,30.1,59,30.25,58,2,2022-09-16 09:01:13
1663318873164231000,30.1,2,30.1,57,30.25,58,2,2022-09-16 09:01:13
1663318873377441000,30.2,3,30.1,57,30.25,58,1,2022-09-16 09:01:13
1663318873425296000,30.25,1,30.1,57,30.2,3,1,2022-09-16 09:01:13
1663318873514009000,30.1,4,30.1,53,30.2,4,2,2022-09-16 09:01:13
1663318873710589000,30.2,1,30.1,53,30.2,10,1,2022-09-16 09:01:13
1663318874981693000,30.15,1,30.1,63,30.15,4,1,2022-09-16 09:01:14
1663318875055115000,30.15,2,30.1,63,30.15,2,1,2022-09-16 09:01:15
1663318875121193000,30.15,2,30.15,3,30.2,9,1,2022-09-16 09:01:15
1663318875276676000,30.15,3,30.15,3,30.2,9,2,2022-09-16 09:01:15
1663318876225852000,30.15,2,30.15,5,30.2,9,2,2022-09-16 09:01:16
1663318876438067000,30.15,1,30.15,2,30.2,9,2,2022-09-16 09:01:16
1663318876466743000,30.15,2,30.1,53,30.2,9,2,2022-09-16 09:01:16
1663318876562597000,30.1,7,30.1,46,30.2,9,2,2022-09-16 09:01:16
1663318877213597000,30.15,2,30.15,10,30.2,9,2,2022-09-16 09:01:17
1663318877509244000,30.15,1,30.15,7,30.2,9,2,2022-09-16 09:01:17
1663318877604862000,30.15,2,30.15,5,30.2,9,2,2022-09-16 09:01:17
1663318877942840000,30.15,5,30.1,46,30.15,5,2,2022-09-16 09:01:17
1663318877957859000,30.1,1,30.1,45,30.15,5,2,2022-09-16 09:01:17
1663318877985532000,30.15,5,30.1,45,30.2,7,1,2022-09-16 09:01:17
1663318878000163000,30.2,2,30.1,45,30.2,5,1,2022-09-16 09:01:18
1663318878605836000,30.2,1,30.1,47,30.2,4,1,2022-09-16 09:01:18
1663318878830070000,30.1,5,30.1,42,30.2,6,2,2022-09-16 09:01:18
1663318878923364000,30.1,6,30.1,36,30.2,7,2,2022-09-16 09:01:18
1663318879300280000,30.15,1,30.1,31,30.2,13,2,2022-09-16 09:01:19
1663318879300280000,30.1,5,30.1,31,30.2,13,2,2022-09-16 09:01:19
1663318879302017000,30.1,4,30.15,1,30.2,13,2,2022-09-16 09:01:19
1663318880305578000,30.15,3,30.1,29,30.2,33,2,2022-09-16 09:01:20
1663318880327703000,30.1,1,30.1,28,30.2,33,2,2022-09-16 09:01:20
1663318880782996000,30.15,3,30.15,18,30.2,33,2,2022-09-16 09:01:20
1663318880853394000,30.15,1,30.15,17,30.2,33,2,2022-09-16 09:01:20
1663318881097539000,30.15,2,30.15,15,30.2,35,2,2022-09-16 09:01:21
1663318881153448000,30.2,1,30.15,15,30.2,34,1,2022-09-16 09:01:21
1663318881167461000,30.2,2,30.15,15,30.2,32,1,2022-09-16 09:01:21
1663318881283825000,30.2,1,30.15,15,30.2,32,1,2022-09-16 09:01:21
1663318881365597000,30.2,1,30.15,15,30.2,30,1,2022-09-16 09:01:21
1663318881589134000,30.15,1,30.15,14,30.2,30,2,2022-09-16 09:01:21
1663318881672493000,30.15,1,30.15,13,30.2,30,2,2022-09-16 09:01:21
1663318881727449000,30.15,1,30.15,13,30.2,31,2,2022-09-16 09:01:21
1663318882101753000,30.15,2,30.15,19,30.2,31,2,2022-09-16 09:01:22
1663318882339231000,30.15,2,30.15,21,30.2,31,2,2022-09-16 09:01:22
1663318882637548000,30.2,1,30.15,17,30.2,30,1,2022-09-16 09:01:22
1663318882931657000,30.15,10,30.15,10,30.2,30,2,2022-09-16 09:01:22
1663318883233881000,30.2,4,30.15,11,30.2,26,1,2022-09-16 09:01:23
1663318883652240000,30.2,2,30.15,12,30.2,24,1,2022-09-16 09:01:23
1663318883674431000,30.2,1,30.15,12,30.2,23,1,2022-09-16 09:01:23
1663318883704093000,30.15,1,30.15,12,30.2,23,2,2022-09-16 09:01:23
1663318883717341000,30.15,2,30.15,10,30.2,23,2,2022-09-16 09:01:23
1663318884319374000,30.15,1,30.15,11,30.2,25,2,2022-09-16 09:01:24
1663318884345989000,30.15,2,30.15,13,30.2,25,2,2022-09-16 09:01:24
1663318884787616000,30.15,1,30.15,11,30.2,26,2,2022-09-16 09:01:24
1663318884834267000,30.15,1,30.15,10,30.2,26,2,2022-09-16 09:01:24
1663318884835761000,30.15,5,30.15,12,30.2,26,2,2022-09-16 09:01:24
1663318885114624000,30.15,6,30.1,31,30.2,26,2,2022-09-16 09:01:25
1663318885114624000,30.1,14,30.1,31,30.2,26,2,2022-09-16 09:01:25
1663318885337803000,30.2,1,30.1,31,30.2,26,1,2022-09-16 09:01:25
1663318885391970000,30.1,1,30.1,30,30.15,1,2,2022-09-16 09:01:25
1663318885472111000,30.1,2,30.1,28,30.15,1,2,2022-09-16 09:01:25
1663318885571572000,30.1,6,30.1,22,30.15,1,2,2022-09-16 09:01:25
1663318886238065000,30.1,10,30.1,12,30.15,1,2,2022-09-16 09:01:26
1663318886803599000,30.1,3,30.1,14,30.15,3,2,2022-09-16 09:01:26
1663318886825771000,30.15,1,30.1,17,30.15,3,1,2022-09-16 09:01:26
1663318886929444000,30.1,1,30.1,13,30.15,2,2,2022-09-16 09:01:26
1663318887072542000,30.15,1,30.1,13,30.15,1,1,2022-09-16 09:01:27
1663318887780319000,30.1,5,30.1,13,30.15,4,2,2022-09-16 09:01:27
1663318887836527000,30.15,1,30.1,8,30.15,3,1,2022-09-16 09:01:27
1663318887874036000,30.1,8,30.05,24,30.1,2,2,2022-09-16 09:01:27
1663318888034498000,30.1,2,30.05,24,30.15,2,1,2022-09-16 09:01:28
1663318888034498000,30.15,1,30.05,24,30.15,2,1,2022-09-16 09:01:28
1663318888572231000,30.15,2,30.05,24,30.2,30,1,2022-09-16 09:01:28
1663318888572231000,30.2,3,30.05,24,30.2,30,1,2022-09-16 09:01:28
1663318888754272000,30.2,1,30.05,24,30.2,29,1,2022-09-16 09:01:28
1663318888988041000,30.1,1,30.05,24,30.1,4,2,2022-09-16 09:01:28
1663318889258476000,30.1,3,30.05,24,30.1,4,1,2022-09-16 09:01:29
1663318889442416000,30.1,1,30.1,9,30.15,2,1,2022-09-16 09:01:29
1663318889504553000,30.1,1,30.1,8,30.15,2,2,2022-09-16 09:01:29
1663318889539807000,30.1,1,30.1,7,30.15,2,2,2022-09-16 09:01:29
1663318889541101000,30.1,1,30.1,6,30.15,2,2,2022-09-16 09:01:29
1663318889771916000,30.15,1,30.1,7,30.15,1,1,2022-09-16 09:01:29
1663318889978467000,30.1,1,30.1,6,30.15,3,2,2022-09-16 09:01:29
1663318890054005000,30.1,1,30.1,5,30.15,3,2,2022-09-16 09:01:30
1663318890060856000,30.1,1,30.1,4,30.15,3,2,2022-09-16 09:01:30
1663318890314534000,30.1,4,30.1,4,30.15,7,2,2022-09-16 09:01:30
1663318890700916000,30.1,1,30.05,24,30.1,1,1,2022-09-16 09:01:30
1663318891138075000,30.05,1,30.05,24,30.1,1,2,2022-09-16 09:01:31
1663318891317191000,30.1,1,30.05,25,30.15,8,1,2022-09-16 09:01:31
1663318891317191000,30.15,1,30.05,25,30.15,8,1,2022-09-16 09:01:31
1663318891321145000,30.05,3,30.05,25,30.1,1,2,2022-09-16 09:01:31
1663318892399874000,30.1,5,30.1,4,30.15,59,2,2022-09-16 09:01:32
1663318892511117000,30.1,1,30.1,3,30.15,59,2,2022-09-16 09:01:32
1663318893013156000,30.1,1,30.1,9,30.15,69,2,2022-09-16 09:01:33
1663318893209056000,30.1,2,30.1,7,30.15,69,2,2022-09-16 09:01:33
1663318893255684000,30.1,2,30.1,6,30.15,69,2,2022-09-16 09:01:33
1663318893471909000,30.1,5,30.1,2,30.15,69,2,2022-09-16 09:01:33
1663318893530932000,30.15,1,30.1,2,30.15,68,1,2022-09-16 09:01:33
1663318894583588000,30.1,5,30.1,28,30.15,71,2,2022-09-16 09:01:34
1663318894724325000,30.1,1,30.1,27,30.15,71,2,2022-09-16 09:01:34
1663318894811439000,30.1,1,30.1,33,30.15,71,2,2022-09-16 09:01:34
1663318895270436000,30.1,5,30.1,21,30.15,71,2,2022-09-16 09:01:35
1663318895552218000,30.1,5,30.1,16,30.15,73,2,2022-09-16 09:01:35
1663318895592627000,30.1,5,30.1,11,30.15,73,2,2022-09-16 09:01:35
1663318896715217000,30.15,2,30.1,16,30.15,73,1,2022-09-16 09:01:36
1663318897377491000,30.1,1,30.1,15,30.15,71,2,2022-09-16 09:01:37
1663318897774204000,30.15,1,30.1,15,30.15,70,1,2022-09-16 09:01:37
1663318897802391000,30.1,10,30.1,5,30.15,70,2,2022-09-16 09:01:37
1663318898299929000,30.15,1,30.1,5,30.15,70,1,2022-09-16 09:01:38
1663318899158001000,30.1,2,30.1,15,30.15,70,2,2022-09-16 09:01:39
1663318899162903000,30.1,10,30.1,5,30.15,70,2,2022-09-16 09:01:39
1663318899163113000,30.1,2,30.1,3,30.15,70,2,2022-09-16 09:01:39
1663318899332199000,30.15,1,30.1,3,30.15,69,1,2022-09-16 09:01:39
1663318899344493000,30.1,1,30.1,2,30.15,69,2,2022-09-16 09:01:39
1663318899355457000,30.1,2,30.05,25,30.1,4,2,2022-09-16 09:01:39
1663318899440484000,30.1,1,30.05,25,30.1,3,1,2022-09-16 09:01:39
1663318899637424000,30.1,3,30.05,25,30.15,62,1,2022-09-16 09:01:39
1663318899637424000,30.15,7,30.05,25,30.15,62,1,2022-09-16 09:01:39
1663318899689344000,30.05,25,30.0,37,30.15,62,2,2022-09-16 09:01:39
1663318899689344000,30.0,5,30.0,37,30.15,62,2,2022-09-16 09:01:39
1663318899775646000,30.0,2,30.0,35,30.15,62,2,2022-09-16 09:01:39
1663318900434585000,30.05,5,30.05,8,30.1,9,2,2022-09-16 09:01:40
1663318900782474000,30.05,2,30.05,6,30.1,10,2,2022-09-16 09:01:40
1663318900805222000,30.05,6,30.0,35,30.1,10,2,2022-09-16 09:01:40
1663318901790586000,30.0,1,30.0,36,30.05,13,2,2022-09-16 09:01:41
1663318901968884000,30.0,10,30.0,26,30.05,13,2,2022-09-16 09:01:41
1663318902192770000,30.05,1,30.0,26,30.05,12,1,2022-09-16 09:01:42
1663318902324597000,30.05,1,30.0,26,30.05,11,1,2022-09-16 09:01:42
1663318902405044000,30.05,1,30.0,26,30.05,10,1,2022-09-16 09:01:42
1663318902429410000,30.0,2,30.0,24,30.05,10,2,2022-09-16 09:01:42
1663318902715958000,30.0,10,30.0,14,30.05,10,2,2022-09-16 09:01:42
1663318902751032000,30.0,14,30.0,24,30.05,10,2,2022-09-16 09:01:42
1663318902976114000,29.95,1,29.95,10,30.0,1,2,2022-09-16 09:01:42
1663318903114542000,30.0,1,29.95,11,30.0,1,1,2022-09-16 09:01:43
1663318903424896000,29.95,10,29.95,10,30.0,3,2,2022-09-16 09:01:43
1663318903424896000,29.9,19,29.95,10,30.0,3,2,2022-09-16 09:01:43
1663319023741488000,30.1,149,30.05,16,30.1,25,1,2022-09-16 09:03:43
1663319023790729000,30.05,6,30.05,10,30.1,25,2,2022-09-16 09:03:43
1663319023795952000,30.1,1,30.05,10,30.1,24,1,2022-09-16 09:03:43
1663319023819614000,30.05,7,30.05,3,30.1,24,2,2022-09-16 09:03:43
1663319023819838000,30.05,2,30.05,1,30.1,24,2,2022-09-16 09:03:43
1663319023879919000,30.05,1,30.0,19,30.1,24,2,2022-09-16 09:03:43
1663319023953033000,30.0,15,30.0,4,30.1,34,2,2022-09-16 09:03:43
1663319023971982000,30.1,1,30.0,4,30.1,33,1,2022-09-16 09:03:43
1663319023983981000,30.0,4,29.9,23,30.05,9,2,2022-09-16 09:03:43
1663319024046387000,29.9,3,29.9,20,30.05,9,2,2022-09-16 09:03:44
1663319024179611000,30.05,1,29.9,20,30.05,9,1,2022-09-16 09:03:44
1663319025126901000,29.9,2,29.9,18,30.05,8,2,2022-09-16 09:03:45
1663319026218341000,30.05,1,29.95,5,30.05,7,1,2022-09-16 09:03:46
1663319030271308000,30.0,1,29.95,7,30.0,9,1,2022-09-16 09:03:50
1663319030595039000,30.0,1,29.95,7,30.0,8,1,2022-09-16 09:03:50
1663319032069847000,29.95,7,29.9,15,30.0,8,2,2022-09-16 09:03:52
1663319032069847000,29.9,3,29.9,15,30.0,8,2,2022-09-16 09:03:52
1663319033359577000,29.9,1,29.9,14,30.0,8,2,2022-09-16 09:03:53
1663319033478472000,30.0,1,29.9,14,30.0,7,1,2022-09-16 09:03:53
1663319034326710000,29.95,1,29.9,13,30.0,19,2,2022-09-16 09:03:54
1663319034326710000,29.9,1,29.9,13,30.0,19,2,2022-09-16 09:03:54
1663319034384705000,29.9,1,29.9,12,30.0,20,2,2022-09-16 09:03:54
1663319034459684000,29.9,2,29.9,10,30.0,20,2,2022-09-16 09:03:54
1663319034465090000,29.9,10,29.85,6,30.0,20,2,2022-09-16 09:03:54
1663319035335747000,29.95,1,29.85,6,29.95,10,1,2022-09-16 09:03:55
1663319035339325000,29.95,1,29.85,6,29.95,9,1,2022-09-16 09:03:55
1663319035713912000,29.95,1,29.85,6,29.95,9,1,2022-09-16 09:03:55
1663319036065923000,29.9,2,29.85,6,29.95,8,2,2022-09-16 09:03:56
1663319036243796000,29.9,1,29.9,1,29.95,10,1,2022-09-16 09:03:56
1663319036567304000,29.9,2,29.85,6,29.95,8,2,2022-09-16 09:03:56
1663319036762866000,29.85,6,29.8,121,29.9,2,2,2022-09-16 09:03:56
1663319036762866000,29.8,2,29.8,121,29.9,2,2,2022-09-16 09:03:56
1663319036791062000,29.8,1,29.8,120,29.9,2,2,2022-09-16 09:03:56
1663319037457135000,29.9,2,29.8,20,29.95,8,1,2022-09-16 09:03:57
1663319038757892000,29.85,3,29.85,6,29.9,13,2,2022-09-16 09:03:58
1663319039963041000,29.85,6,29.8,32,29.9,18,2,2022-09-16 09:03:59
1663319041134762000,29.85,1,29.8,32,29.85,1,1,2022-09-16 09:04:01
1663319041320610000,29.8,2,29.8,30,29.85,3,2,2022-09-16 09:04:01
1663319041541276000,29.8,3,29.8,27,29.85,3,2,2022-09-16 09:04:01
1663319041571506000,29.8,7,29.8,20,29.85,3,2,2022-09-16 09:04:01
1663319041571716000,29.8,2,29.8,18,29.85,3,2,2022-09-16 09:04:01
1663319041683903000,29.85,1,29.8,18,29.85,2,1,2022-09-16 09:04:01
1663319041715242000,29.8,5,29.8,18,29.85,2,2,2022-09-16 09:04:01
1663319041906051000,29.8,1,29.8,12,29.85,2,2,2022-09-16 09:04:01
1663319042192082000,29.8,10,29.8,2,29.85,2,2,2022-09-16 09:04:02
1663319042210435000,29.8,1,29.8,1,29.85,2,2,2022-09-16 09:04:02
1663319042210608000,29.8,1,29.75,4,29.85,2,2,2022-09-16 09:04:02
1663319042344488000,29.85,1,29.75,4,29.85,1,1,2022-09-16 09:04:02
1663319043033567000,29.8,2,29.75,4,29.9,9,1,2022-09-16 09:04:03
1663319043033567000,29.85,1,29.75,4,29.9,9,1,2022-09-16 09:04:03
1663319043033567000,29.9,2,29.75,4,29.9,9,1,2022-09-16 09:04:03
1663319043070905000,29.75,4,29.7,11,29.75,3,2,2022-09-16 09:04:03
1663319043954254000,29.85,1,29.7,11,29.85,1,1,2022-09-16 09:04:03
1663319044761682000,29.85,5,29.8,2,29.9,14,1,2022-09-16 09:04:04
1663319044761682000,29.9,5,29.8,2,29.9,14,1,2022-09-16 09:04:04
1663319044843201000,29.8,2,29.75,4,29.8,8,2,2022-09-16 09:04:04
1663319045069839000,29.75,4,29.7,11,29.8,8,2,2022-09-16 09:04:05
1663319045650460000,29.75,3,29.75,3,29.8,8,2,2022-09-16 09:04:05
1663319045650460000,29.7,2,29.75,3,29.8,8,2,2022-09-16 09:04:05
1663319045768798000,29.7,2,29.7,7,29.8,8,2,2022-09-16 09:04:05
1663319045794701000,29.7,1,29.7,6,29.8,8,2,2022-09-16 09:04:05
1663319045921342000,29.8,1,29.7,6,29.8,7,1,2022-09-16 09:04:05
1663319046201941000,29.7,5,29.7,6,29.8,7,2,2022-09-16 09:04:06
1663319046295777000,29.7,1,29.65,9,29.8,7,2,2022-09-16 09:04:06
1663319046387927000,29.65,1,29.65,8,29.8,7,2,2022-09-16 09:04:06
1663319046441178000,29.65,1,29.65,7,29.8,7,2,2022-09-16 09:04:06
1663319046507174000,29.65,1,29.65,6,29.7,10,2,2022-09-16 09:04:06
1663319046789348000,29.7,1,29.65,7,29.7,9,1,2022-09-16 09:04:06
1663319046967866000,29.7,6,29.65,7,29.7,3,1,2022-09-16 09:04:06
1663319047051338000,29.65,5,29.65,2,29.7,3,2,2022-09-16 09:04:07
1663319047079538000,29.7,1,29.65,2,29.7,2,1,2022-09-16 09:04:07
1663319047521572000,29.65,1,29.65,1,29.7,2,2,2022-09-16 09:04:07
1663319047532900000,29.65,1,29.6,24,29.7,2,2,2022-09-16 09:04:07
1663319047771455000,29.7,1,29.6,24,29.7,1,1,2022-09-16 09:04:07
1663319048293777000,29.65,1,29.6,24,29.65,14,1,2022-09-16 09:04:08
1663319048488651000,29.65,2,29.6,24,29.65,12,1,2022-09-16 09:04:08
1663319048683608000,29.6,24,29.55,9,29.65,12,2,2022-09-16 09:04:08
1663319048683608000,29.55,1,29.55,9,29.65,12,2,2022-09-16 09:04:08
1663319048858626000,29.65,2,29.55,9,29.65,11,1,2022-09-16 09:04:08
1663319048873335000,29.65,1,29.55,9,29.65,10,1,2022-09-16 09:04:08
1663319049190278000,29.6,3,29.55,9,29.6,3,1,2022-09-16 09:04:09
1663319049351555000,29.65,1,29.55,9,29.65,9,1,2022-09-16 09:04:09
1663319049762257000,29.55,1,29.55,8,29.6,8,2,2022-09-16 09:04:09
1663319049764002000,29.55,1,29.55,7,29.6,8,2,2022-09-16 09:04:09
1663319050853357000,29.55,7,29.5,13,29.6,10,2,2022-09-16 09:04:10
1663319050853357000,29.5,3,29.5,13,29.6,10,2,2022-09-16 09:04:10
1663319051657866000,29.55,3,29.55,1,29.6,10,2,2022-09-16 09:04:11
1663319051722767000,29.55,1,29.55,4,29.6,10,2,2022-09-16 09:04:11
1663319051893404000,29.55,1,29.5,13,29.6,10,2,2022-09-16 09:04:11
1663319052165631000,29.55,1,29.5,13,29.55,1,1,2022-09-16 09:04:12
1663319052476812000,29.6,3,29.55,1,29.6,6,1,2022-09-16 09:04:12
1663319052504825000,29.55,1,29.5,13,29.6,6,2,2022-09-16 09:04:12
1663319052863186000,29.5,1,29.5,12,29.6,6,2,2022-09-16 09:04:12
1663319052935036000,29.6,2,29.5,12,29.6,4,1,2022-09-16 09:04:12
1663319052975502000,29.6,4,29.5,12,29.65,8,1,2022-09-16 09:04:12
1663319053630721000,29.55,1,29.55,7,29.65,8,2,2022-09-16 09:04:13
1663319053676339000,29.55,1,29.55,8,29.65,8,2,2022-09-16 09:04:13
1663319053896128000,29.55,1,29.55,15,29.65,8,2,2022-09-16 09:04:13
1663319053986577000,29.55,1,29.55,14,29.65,8,2,2022-09-16 09:04:13
1663319054660722000,29.65,1,29.6,14,29.65,7,1,2022-09-16 09:04:14
1663319054759196000,29.6,2,29.6,12,29.65,7,2,2022-09-16 09:04:14
1663319055017589000,29.65,3,29.6,13,29.65,4,1,2022-09-16 09:04:15
1663319055126092000,29.6,2,29.6,11,29.65,4,2,2022-09-16 09:04:15
1663319055169220000,29.6,2,29.6,9,29.65,4,2,2022-09-16 09:04:15
1663319055205423000,29.65,1,29.6,10,29.65,4,1,2022-09-16 09:04:15
1663319055308013000,29.6,2,29.6,8,29.65,3,2,2022-09-16 09:04:15
1663319055503898000,29.6,8,29.6,8,29.65,3,2,2022-09-16 09:04:15
1663319055775864000,29.65,3,29.55,33,29.7,9,1,2022-09-16 09:04:15
1663319055911105000,29.7,2,29.55,33,29.7,7,1,2022-09-16 09:04:15
1663319055998223000,29.6,1,29.55,33,29.7,7,2,2022-09-16 09:04:15
1663319056002366000,29.7,7,29.55,33,29.75,11,1,2022-09-16 09:04:16
1663319056530124000,29.6,3,29.55,34,29.6,22,1,2022-09-16 09:04:16
1663319056564122000,29.6,12,29.55,34,29.6,10,1,2022-09-16 09:04:16
1663319056567586000,29.6,10,29.55,34,29.75,11,1,2022-09-16 09:04:16
1663319057204754000,29.65,1,29.65,1,29.7,1,2,2022-09-16 09:04:17
1663319057204754000,29.6,1,29.65,1,29.7,1,2,2022-09-16 09:04:17
1663319057241843000,29.6,10,29.6,5,29.7,1,2,2022-09-16 09:04:17
1663319057753087000,29.6,2,29.6,9,29.7,5,2,2022-09-16 09:04:17
1663319057879693000,29.6,1,29.6,10,29.7,5,2,2022-09-16 09:04:17
1663319057895464000,29.6,1,29.6,9,29.7,5,2,2022-09-16 09:04:17
1663319058383947000,29.65,1,29.6,9,29.65,1,1,2022-09-16 09:04:18
1663319059264378000,29.65,1,29.65,9,29.7,6,1,2022-09-16 09:04:19
1663319059440605000,29.65,9,29.6,9,29.7,6,2,2022-09-16 09:04:19
1663319059440605000,29.6,1,29.6,9,29.7,6,2,2022-09-16 09:04:19
1663319060030168000,29.6,3,29.6,14,29.7,6,2,2022-09-16 09:04:20
1663319060552632000,29.6,2,29.6,13,29.7,6,2,2022-09-16 09:04:20
1663319060957139000,29.6,1,29.6,14,29.7,6,2,2022-09-16 09:04:20
1663319060979099000,29.6,3,29.6,11,29.7,5,2,2022-09-16 09:04:20
1663319061137256000,29.6,1,29.6,11,29.7,5,2,2022-09-16 09:04:21
1663319061187321000,29.65,1,29.65,1,29.7,5,2,2022-09-16 09:04:21
1663319061995684000,29.65,1,29.6,24,29.7,5,2,2022-09-16 09:04:21
1663319061995684000,29.6,3,29.6,24,29.7,5,2,2022-09-16 09:04:21
1663319062066141000,29.6,5,29.65,1,29.7,5,2,2022-09-16 09:04:22
1663319062596622000,29.65,1,29.6,21,29.65,3,2,2022-09-16 09:04:22
1663319062820529000,29.6,2,29.6,23,29.65,3,2,2022-09-16 09:04:22
1663319062868799000,29.65,1,29.6,23,29.65,2,1,2022-09-16 09:04:22
1663319063343011000,29.6,2,29.6,25,29.65,2,2,2022-09-16 09:04:23
1663319063728578000,29.65,2,29.6,29,29.7,7,1,2022-09-16 09:04:23
1663319063773408000,29.7,1,29.6,29,29.7,6,1,2022-09-16 09:04:23
1663319064562618000,29.65,2,29.6,35,29.7,6,2,2022-09-16 09:04:24
1663319064732961000,29.65,1,29.6,35,29.65,1,2,2022-09-16 09:04:24
1663319064756910000,29.65,1,29.6,35,29.7,6,1,2022-09-16 09:04:24
1663319064966780000,29.65,1,29.65,1,29.7,7,2,2022-09-16 09:04:24
1663319065104069000,29.65,1,29.6,35,29.7,7,2,2022-09-16 09:04:25
1663319065381885000,29.65,1,29.65,8,29.7,7,2,2022-09-16 09:04:25
1663319065653143000,29.65,1,29.65,9,29.7,7,2,2022-09-16 09:04:25
1663319065967311000,29.65,9,29.6,34,29.7,7,2,2022-09-16 09:04:25
1663319065967311000,29.6,1,29.6,34,29.7,7,2,2022-09-16 09:04:25
1663319065992593000,29.7,1,29.6,34,29.7,6,1,2022-09-16 09:04:25
1663319066773041000,29.65,2,29.6,27,29.7,6,2,2022-09-16 09:04:26
1663319066773041000,29.6,8,29.6,27,29.7,6,2,2022-09-16 09:04:26
1663319066877086000,29.7,1,29.6,27,29.7,5,1,2022-09-16 09:04:26
1663319067040599000,29.65,3,29.6,25,29.7,5,2,2022-09-16 09:04:27
1663319067040599000,29.6,2,29.6,25,29.7,5,2,2022-09-16 09:04:27
1663319068348046000,29.65,6,29.55,20,29.6,26,2,2022-09-16 09:04:28
1663319068348046000,29.6,25,29.55,20,29.6,26,2,2022-09-16 09:04:28
1663319068376138000,29.6,3,29.55,20,29.6,23,1,2022-09-16 09:04:28
1663319068376656000,29.6,23,29.55,20,29.7,8,1,2022-09-16 09:04:28
1663319068528521000,29.7,1,29.65,1,29.7,8,1,2022-09-16 09:04:28
1663319068562630000,29.65,1,29.55,20,29.65,6,2,2022-09-16 09:04:28
1663319068648107000,29.65,1,29.6,2,29.7,8,2,2022-09-16 09:04:28
1663319068717883000,29.6,1,29.6,1,29.7,8,2,2022-09-16 09:04:28
1663319068722322000,29.6,1,29.55,18,29.7,8,2,2022-09-16 09:04:28
1663319068722322000,29.55,1,29.55,18,29.7,8,2,2022-09-16 09:04:28
1663319068862122000,29.65,1,29.55,18,29.65,4,1,2022-09-16 09:04:28
1663319069257273000,29.6,1,29.55,18,29.6,4,1,2022-09-16 09:04:29
1663319069913729000,29.55,1,29.55,17,29.6,7,2,2022-09-16 09:04:29
1663319070197753000,29.55,1,29.55,17,29.6,8,2,2022-09-16 09:04:30
1663319070550456000,29.6,1,29.55,16,29.6,7,1,2022-09-16 09:04:30
1663319070646514000,29.6,1,29.55,16,29.6,8,1,2022-09-16 09:04:30
1663319070925224000,29.6,1,29.55,16,29.6,5,1,2022-09-16 09:04:30
1663319071100562000,29.55,2,29.55,20,29.6,5,2,2022-09-16 09:04:31
1663319072246545000,29.6,2,29.55,19,29.6,5,1,2022-09-16 09:04:32
1663319072961883000,29.55,5,29.55,14,29.6,5,2,2022-09-16 09:04:32
1663319073169636000,29.55,2,29.55,14,29.6,5,2,2022-09-16 09:04:33
1663319073541671000,29.6,5,29.55,12,29.65,2,1,2022-09-16 09:04:33
1663319073541671000,29.65,5,29.55,12,29.65,2,1,2022-09-16 09:04:33
1663319073615427000,29.65,1,29.55,12,29.65,2,1,2022-09-16 09:04:33
1663319073827174000,29.65,1,29.55,12,29.7,7,1,2022-09-16 09:04:33
1663319073827174000,29.7,2,29.55,12,29.7,7,1,2022-09-16 09:04:33
1663319074247163000,29.7,2,29.55,15,29.7,6,1,2022-09-16 09:04:34
1663319074265257000,29.7,2,29.55,15,29.7,4,1,2022-09-16 09:04:34
1663319074278341000,29.6,1,29.55,16,29.6,2,1,2022-09-16 09:04:34
1663319074304366000,29.6,2,29.55,21,29.7,4,1,2022-09-16 09:04:34
1663319074664570000,29.7,3,29.55,18,29.7,1,1,2022-09-16 09:04:34
1663319075205533000,29.6,2,29.6,29,29.65,1,2,2022-09-16 09:04:35
1663319075208300000,29.6,5,29.6,31,29.65,1,2,2022-09-16 09:04:35
1663319075621580000,29.65,1,29.6,25,29.7,11,1,2022-09-16 09:04:35
1663319075643285000,29.6,3,29.6,22,29.7,11,2,2022-09-16 09:04:35
1663319075962482000,29.7,10,29.6,26,29.7,11,1,2022-09-16 09:04:35
1663319076419911000,29.6,3,29.6,23,29.7,1,2,2022-09-16 09:04:36
1663319076803961000,29.65,1,29.6,23,29.7,1,1,2022-09-16 09:04:36
1663319078121020000,29.65,1,29.65,3,29.7,10,2,2022-09-16 09:04:38
1663319078282639000,29.65,1,29.65,1,29.7,10,2,2022-09-16 09:04:38
1663319078948148000,29.65,1,29.65,5,29.7,14,2,2022-09-16 09:04:38
1663319079252160000,29.65,4,29.65,3,29.7,14,2,2022-09-16 09:04:39
1663319079387344000,29.7,1,29.65,3,29.7,13,1,2022-09-16 09:04:39
1663319079576155000,29.65,2,29.65,6,29.7,13,2,2022-09-16 09:04:39
1663319079946925000,29.7,1,29.65,4,29.7,13,1,2022-09-16 09:04:39
1663319080464701000,29.7,1,29.65,6,29.7,12,1,2022-09-16 09:04:40
1663319080499700000,29.7,2,29.65,6,29.7,10,1,2022-09-16 09:04:40
1663319080561123000,29.7,10,29.65,6,29.75,12,1,2022-09-16 09:04:40
1663319081714357000,29.7,2,29.65,9,29.75,12,2,2022-09-16 09:04:41
1663319081875816000,29.65,1,29.65,8,29.7,5,2,2022-09-16 09:04:41
1663319082264808000,29.7,1,29.65,9,29.7,4,1,2022-09-16 09:04:42
1663319082567759000,29.65,1,29.65,9,29.7,4,2,2022-09-16 09:04:42
1663319082942506000,29.7,1,29.65,10,29.7,3,1,2022-09-16 09:04:42
1663319083056162000,29.7,3,29.7,2,29.75,12,1,2022-09-16 09:04:43
1663319083064694000,29.75,1,29.7,2,29.75,11,1,2022-09-16 09:04:43
1663319083107089000,29.75,1,29.7,2,29.75,10,1,2022-09-16 09:04:43
1663319083335600000,29.75,9,29.7,3,29.75,1,1,2022-09-16 09:04:43
1663319083372259000,29.75,1,29.7,3,29.8,10,1,2022-09-16 09:04:43
1663319083661248000,29.7,1,29.7,3,29.8,10,2,2022-09-16 09:04:43
1663319084245976000,29.8,3,29.7,5,29.8,7,1,2022-09-16 09:04:44
1663319084364757000,29.8,4,29.7,5,29.8,3,1,2022-09-16 09:04:44
1663319084397054000,29.8,3,29.7,5,29.85,4,1,2022-09-16 09:04:44
1663319084666650000,29.7,5,29.65,13,29.7,5,2,2022-09-16 09:04:44
1663319084688285000,29.7,2,29.65,13,29.7,3,1,2022-09-16 09:04:44
1663319084693519000,29.7,3,29.65,13,29.75,1,1,2022-09-16 09:04:44
1663319087799419000,29.75,1,29.7,15,29.75,2,2,2022-09-16 09:04:47
1663319088987099000,29.75,1,29.7,20,29.75,1,1,2022-09-16 09:04:48
1663319089011024000,29.75,1,29.7,20,29.8,1,1,2022-09-16 09:04:49
1663319090300441000,29.8,1,29.75,1,29.8,6,1,2022-09-16 09:04:50
1663319092018109000,29.75,1,29.75,2,29.8,6,2,2022-09-16 09:04:52
1663319093007620000,29.8,1,29.75,5,29.8,5,1,2022-09-16 09:04:53
1663319093014567000,29.8,3,29.75,5,29.8,2,1,2022-09-16 09:04:53
1663319093146602000,29.8,2,29.75,5,29.85,2,1,2022-09-16 09:04:53
1663319093146602000,29.85,3,29.75,5,29.85,2,1,2022-09-16 09:04:53
1663319093504838000,29.85,2,29.75,6,29.9,8,1,2022-09-16 09:04:53
1663319093798812000,29.75,2,29.75,4,29.9,8,2,2022-09-16 09:04:53
1663319094460891000,29.8,1,29.75,5,29.8,2,1,2022-09-16 09:04:54
1663319095248051000,29.8,1,29.75,6,29.8,6,1,2022-09-16 09:04:55
1663319095697979000,29.8,1,29.75,8,29.8,6,1,2022-09-16 09:04:55
1663319096539224000,29.8,1,29.75,14,29.8,4,1,2022-09-16 09:04:56
1663319097882824000,29.8,6,29.75,20,29.85,10,1,2022-09-16 09:04:57
1663319097891285000,29.75,5,29.75,15,29.85,10,2,2022-09-16 09:04:57
1663319098382630000,29.85,1,29.75,16,29.85,10,1,2022-09-16 09:04:58
1663319101925933000,29.85,1,29.8,9,29.85,16,1,2022-09-16 09:05:01
1663319102425799000,29.85,1,29.8,10,29.85,15,1,2022-09-16 09:05:02
1663319102806059000,29.8,2,29.8,8,29.85,15,2,2022-09-16 09:05:02
1663319103286312000,29.8,1,29.8,7,29.85,15,2,2022-09-16 09:05:03
1663319104079261000,29.8,1,29.8,6,29.85,15,2,2022-09-16 09:05:04
1663319104527322000,29.8,1,29.8,5,29.85,15,2,2022-09-16 09:05:04
1663319105761490000,29.8,5,29.75,34,29.8,2,2,2022-09-16 09:05:05
1663319105997754000,29.75,2,29.75,32,29.8,2,2,2022-09-16 09:05:05
1663319106247513000,29.8,2,29.8,1,29.85,20,1,2022-09-16 09:05:06
1663319106270045000,29.8,1,29.75,32,29.85,20,2,2022-09-16 09:05:06
1663319106475320000,29.85,1,29.75,32,29.85,19,1,2022-09-16 09:05:06
1663319107340768000,29.8,2,29.75,32,29.8,4,1,2022-09-16 09:05:07
1663319107758774000,29.75,1,29.75,31,29.8,5,2,2022-09-16 09:05:07
1663319107800650000,29.8,5,29.75,31,29.85,23,1,2022-09-16 09:05:07
1663319107800650000,29.85,1,29.75,31,29.85,23,1,2022-09-16 09:05:07
1663319108350783000,29.8,1,29.75,36,29.85,6,1,2022-09-16 09:05:08
1663319108350783000,29.85,17,29.75,36,29.85,6,1,2022-09-16 09:05:08
1663319108542374000,29.75,2,29.75,38,29.85,6,2,2022-09-16 09:05:08
1663319111687227000,29.8,1,29.75,39,29.8,1,1,2022-09-16 09:05:11
1663319112427200000,29.85,1,29.8,5,29.85,9,1,2022-09-16 09:05:12
1663319112429358000,29.85,1,29.8,5,29.85,8,1,2022-09-16 09:05:12
1663319112585449000,29.8,5,29.8,5,29.85,10,2,2022-09-16 09:05:12
1663319112585449000,29.75,1,29.8,5,29.85,10,2,2022-09-16 09:05:12
1663319113029220000,29.85,1,29.75,41,29.85,7,1,2022-09-16 09:05:13
1663319113832334000,29.85,3,29.75,41,29.85,4,1,2022-09-16 09:05:13
1663319114931855000,29.85,1,29.8,1,29.85,6,1,2022-09-16 09:05:14
1663319115071186000,29.8,1,29.75,42,29.85,6,2,2022-09-16 09:05:15
1663319115247235000,29.85,1,29.75,42,29.85,8,1,2022-09-16 09:05:15
1663319116047898000,29.8,1,29.8,1,29.85,9,2,2022-09-16 09:05:16
1663319116902352000,29.8,1,29.75,43,29.85,7,1,2022-09-16 09:05:16
1663319116902352000,29.85,2,29.75,43,29.85,7,1,2022-09-16 09:05:16
1663319118071636000,29.8,3,29.75,43,29.8,2,1,2022-09-16 09:05:18
1663319118115510000,29.8,1,29.75,44,29.8,1,1,2022-09-16 09:05:18
1663319119025841000,29.75,1,29.75,43,29.8,2,2,2022-09-16 09:05:19
1663319119594917000,29.8,1,29.75,49,29.8,2,1,2022-09-16 09:05:19
1663319119896006000,29.8,1,29.75,49,29.85,12,1,2022-09-16 09:05:19
1663319120781474000,29.8,2,29.75,49,29.8,3,2,2022-09-16 09:05:20
1663319123278222000,29.8,3,29.75,50,29.8,3,1,2022-09-16 09:05:23
1663319123314342000,29.8,3,29.75,50,29.85,11,1,2022-09-16 09:05:23
1663319123314342000,29.85,2,29.75,50,29.85,11,1,2022-09-16 09:05:23
1663319123674570000,29.8,1,29.8,1,29.85,11,2,2022-09-16 09:05:23
1663319124161826000,29.8,1,29.8,1,29.85,11,2,2022-09-16 09:05:24
1663319125103833000,29.8,1,29.75,53,29.8,4,1,2022-09-16 09:05:25
1663319125762691000,29.8,1,29.75,54,29.8,2,1,2022-09-16 09:05:25
1663319126350511000,29.8,2,29.75,53,29.85,11,1,2022-09-16 09:05:26
1663319126965796000,29.85,1,29.75,53,29.85,10,1,2022-09-16 09:05:26
1663319127472633000,29.8,1,29.75,53,29.85,10,1,2022-09-16 09:05:27
1663319127731016000,29.85,2,29.75,53,29.85,8,1,2022-09-16 09:05:27
1663319127738115000,29.85,8,29.75,53,29.9,11,1,2022-09-16 09:05:27
1663319127738115000,29.9,2,29.75,53,29.9,11,1,2022-09-16 09:05:27
1663319127783565000,29.9,1,29.75,53,29.9,10,1,2022-09-16 09:05:27
1663319127984632000,29.8,1,29.8,2,29.9,10,2,2022-09-16 09:05:27
1663319128363143000,29.9,5,29.8,1,29.9,5,1,2022-09-16 09:05:28
1663319128554102000,29.9,1,29.8,1,29.9,4,1,2022-09-16 09:05:28
1663319130470190000,29.9,2,29.8,38,29.9,2,1,2022-09-16 09:05:30
1663319133348707000,29.9,1,29.8,44,29.9,2,1,2022-09-16 09:05:33
1663319133928033000,29.9,1,29.8,44,29.9,1,1,2022-09-16 09:05:33
1663319135178678000,29.9,1,29.9,9,29.95,3,1,2022-09-16 09:05:35
1663319135198826000,29.9,9,29.8,12,29.95,3,2,2022-09-16 09:05:35
1663319136939100000,29.85,1,29.8,16,29.9,10,1,2022-09-16 09:05:36
1663319137041417000,29.9,3,29.8,20,29.9,7,1,2022-09-16 09:05:37
1663319137154872000,29.9,1,29.8,20,29.9,7,1,2022-09-16 09:05:37
1663319138041818000,29.9,1,29.8,21,29.9,5,1,2022-09-16 09:05:38
1663319138113575000,29.9,1,29.8,21,29.9,4,1,2022-09-16 09:05:38
1663319138352108000,29.9,1,29.8,21,29.9,3,1,2022-09-16 09:05:38
1663319138765072000,29.9,1,29.8,21,29.9,2,1,2022-09-16 09:05:38
1663319139848032000,29.9,2,29.9,2,29.95,3,1,2022-09-16 09:05:39
1663319140877417000,29.9,1,29.9,1,29.95,3,2,2022-09-16 09:05:40
1663319141247668000,29.9,1,29.9,3,29.95,3,2,2022-09-16 09:05:41
1663319141473458000,29.9,1,29.9,2,29.95,3,2,2022-09-16 09:05:41
1663319141888925000,29.9,3,29.85,4,29.9,7,2,2022-09-16 09:05:41
1663319141926132000,29.9,1,29.85,4,29.9,6,1,2022-09-16 09:05:41
1663319142124351000,29.9,6,29.9,4,29.95,3,1,2022-09-16 09:05:42
1663319143865094000,29.95,2,29.9,8,29.95,1,1,2022-09-16 09:05:43
1663319144095523000,29.95,1,29.9,8,30.0,21,1,2022-09-16 09:05:44
1663319144931058000,30.0,10,29.9,28,30.0,11,1,2022-09-16 09:05:44
1663319146502310000,30.0,1,29.95,5,30.0,9,1,2022-09-16 09:05:46
1663319146665376000,30.0,1,29.95,5,30.0,8,1,2022-09-16 09:05:46
1663319147165068000,30.0,1,29.95,5,30.0,7,1,2022-09-16 09:05:47
1663319147332077000,29.95,1,29.95,4,30.0,7,2,2022-09-16 09:05:47
1663319147466499000,30.0,2,29.95,4,30.0,5,1,2022-09-16 09:05:47
1663319148302193000,29.95,1,29.95,3,30.0,5,2,2022-09-16 09:05:48
1663319148341047000,30.0,1,29.95,3,30.0,4,1,2022-09-16 09:05:48
1663319148510483000,29.95,2,29.95,1,30.0,12,2,2022-09-16 09:05:48
1663319148576839000,29.95,1,29.9,28,30.0,12,2,2022-09-16 09:05:48
1663319149047355000,30.0,6,29.9,28,30.0,12,1,2022-09-16 09:05:49
1663319149648826000,30.0,1,29.95,1,30.0,6,1,2022-09-16 09:05:49
1663319150139823000,30.0,1,29.95,1,30.0,4,1,2022-09-16 09:05:50
1663319150832484000,30.0,4,30.0,29,30.05,6,1,2022-09-16 09:05:50
1663319152006096000,30.0,1,30.0,28,30.05,6,2,2022-09-16 09:05:52
1663319152608953000,30.0,5,30.0,30,30.05,6,2,2022-09-16 09:05:52
1663319152863773000,30.0,1,30.0,24,30.05,9,2,2022-09-16 09:05:52
1663319155189508000,30.0,1,30.0,29,30.05,9,2,2022-09-16 09:05:55
1663319156071076000,30.05,3,30.0,32,30.05,6,1,2022-09-16 09:05:56
1663319156494156000,30.05,6,30.0,34,30.1,23,1,2022-09-16 09:05:56
1663319157611699000,30.05,1,30.05,1,30.1,23,2,2022-09-16 09:05:57
1663319158431502000,30.05,1,30.0,38,30.1,23,1,2022-09-16 09:05:58
1663319158880741000,30.05,1,30.0,39,30.1,23,1,2022-09-16 09:05:58
1663319160108970000,30.0,5,30.0,39,30.05,10,2,2022-09-16 09:06:00
1663319160551812000,30.05,5,30.0,34,30.05,11,1,2022-09-16 09:06:00
1663319160683274000,30.05,1,30.0,34,30.05,5,1,2022-09-16 09:06:00
1663319161045669000,30.05,1,30.0,35,30.05,4,1,2022-09-16 09:06:01
1663319161065087000,30.05,1,30.0,35,30.05,3,1,2022-09-16 09:06:01
1663319161212112000,30.05,3,30.05,2,30.1,23,1,2022-09-16 09:06:01
1663319161573411000,30.05,2,30.0,35,30.1,23,2,2022-09-16 09:06:01
1663319162054334000,30.05,3,30.0,35,30.1,23,2,2022-09-16 09:06:02
1663319162500653000,30.05,1,30.0,39,30.1,23,2,2022-09-16 09:06:02
1663319162543464000,30.05,1,30.05,1,30.1,23,2,2022-09-16 09:06:02
1663319164418786000,30.1,10,30.05,1,30.1,14,1,2022-09-16 09:06:04
1663319164466342000,30.1,2,30.05,1,30.1,12,1,2022-09-16 09:06:04
1663319164517437000,30.1,2,30.05,1,30.1,10,1,2022-09-16 09:06:04
1663319165764873000,30.1,4,30.05,2,30.1,8,1,2022-09-16 09:06:05
1663319165948575000,30.05,2,30.0,41,30.1,8,2,2022-09-16 09:06:05
1663319165948575000,30.0,3,30.0,41,30.1,8,2,2022-09-16 09:06:05
1663319166080299000,30.0,1,30.0,40,30.1,8,2,2022-09-16 09:06:06
1663319166605405000,30.0,7,30.0,41,30.1,9,2,2022-09-16 09:06:06
1663319166877676000,30.05,1,30.05,1,30.1,9,1,2022-09-16 09:06:06
1663319167320965000,30.05,1,30.05,4,30.1,9,2,2022-09-16 09:06:07
1663319168213503000,30.1,1,30.05,5,30.1,9,1,2022-09-16 09:06:08
1663319168812014000,30.1,9,30.1,1,30.15,24,1,2022-09-16 09:06:08
1663319168859152000,30.1,1,30.05,6,30.15,24,2,2022-09-16 09:06:08
1663319169025685000,30.15,1,30.1,1,30.15,23,1,2022-09-16 09:06:09
1663319169143342000,30.1,1,30.1,1,30.15,23,2,2022-09-16 09:06:09
1663319169383708000,30.1,3,30.05,6,30.15,23,1,2022-09-16 09:06:09
1663319170992193000,30.1,4,30.1,2,30.15,23,1,2022-09-16 09:06:10
1663319173027066000,30.1,1,30.1,2,30.15,22,2,2022-09-16 09:06:13
1663319174778203000,30.1,1,30.1,1,30.15,22,2,2022-09-16 09:06:14
1663319176989183000,30.1,4,30.1,1,30.15,22,2,2022-09-16 09:06:16
1663319177629949000,30.1,1,30.05,37,30.15,22,2,2022-09-16 09:06:17
1663319178476507000,30.1,2,30.05,37,30.1,5,1,2022-09-16 09:06:18
1663319180965953000,30.1,1,30.05,37,30.1,12,1,2022-09-16 09:06:20
1663319182114567000,30.1,1,30.05,38,30.1,21,1,2022-09-16 09:06:22
1663319182230563000,30.1,1,30.05,39,30.1,21,1,2022-09-16 09:06:22
1663319183143396000,30.1,1,30.05,42,30.1,19,1,2022-09-16 09:06:23
1663319183360801000,30.1,1,30.05,51,30.1,18,1,2022-09-16 09:06:23
1663319183524357000,30.1,1,30.05,51,30.1,17,1,2022-09-16 09:06:23
1663319183846287000,30.1,2,30.05,52,30.1,15,1,2022-09-16 09:06:23
1663319184398273000,30.1,2,30.05,52,30.1,16,1,2022-09-16 09:06:24
1663319185030692000,30.1,5,30.05,52,30.1,13,1,2022-09-16 09:06:25
1663319185108794000,30.05,1,30.05,51,30.1,13,2,2022-09-16 09:06:25
1663319185861099000,30.1,2,30.05,49,30.1,11,1,2022-09-16 09:06:25
1663319185960028000,30.1,1,30.05,49,30.1,10,1,2022-09-16 09:06:25
1663319186893964000,30.1,2,30.05,39,30.1,12,1,2022-09-16 09:06:26
1663319186987627000,30.1,5,30.05,39,30.1,7,1,2022-09-16 09:06:26
1663319187035906000,30.05,5,30.05,34,30.1,7,2,2022-09-16 09:06:27
1663319187732358000,30.1,1,30.05,34,30.1,10,1,2022-09-16 09:06:27
1663319188352208000,30.1,1,30.05,34,30.1,19,1,2022-09-16 09:06:28
1663319188364082000,30.05,2,30.05,32,30.1,19,2,2022-09-16 09:06:28
1663319188395334000,30.05,9,30.05,23,30.1,19,2,2022-09-16 09:06:28
1663319188424729000,30.05,9,30.05,14,30.1,20,2,2022-09-16 09:06:28
1663319188582327000,30.1,1,30.05,23,30.1,20,1,2022-09-16 09:06:28
1663319188870880000,30.1,5,30.05,14,30.1,14,1,2022-09-16 09:06:28
1663319189047413000,30.05,4,30.05,11,30.1,14,2,2022-09-16 09:06:29
1663319189070956000,30.05,9,30.05,2,30.1,14,2,2022-09-16 09:06:29
1663319189366880000,30.05,1,30.05,1,30.1,14,2,2022-09-16 09:06:29
1663319189555072000,30.05,1,30.0,154,30.1,15,2,2022-09-16 09:06:29
1663319189555072000,30.0,2,30.0,154,30.1,15,2,2022-09-16 09:06:29
1663319190168451000,30.0,3,30.0,152,30.05,4,2,2022-09-16 09:06:30
1663319190537886000,30.0,5,30.0,147,30.05,17,2,2022-09-16 09:06:30
1663319190614208000,30.05,1,30.0,147,30.05,16,1,2022-09-16 09:06:30
1663319190723979000,30.0,3,30.0,147,30.05,17,2,2022-09-16 09:06:30
1663319191386297000,30.0,3,30.0,141,30.05,24,2,2022-09-16 09:06:31
1663319191513618000,30.05,1,30.0,141,30.05,23,1,2022-09-16 09:06:31
1663319191629982000,30.0,5,30.0,136,30.05,24,2,2022-09-16 09:06:31
1663319191667168000,30.0,7,30.0,129,30.05,24,2,2022-09-16 09:06:31
1663319191667331000,30.0,2,30.0,127,30.05,24,2,2022-09-16 09:06:31
1663319191688639000,30.0,32,30.0,95,30.05,24,2,2022-09-16 09:06:31
1663319191708465000,30.0,3,30.0,7,30.05,24,2,2022-09-16 09:06:31
1663319191708484000,30.0,3,30.0,4,30.05,24,2,2022-09-16 09:06:31
1663319191720366000,30.0,1,30.0,3,30.05,24,2,2022-09-16 09:06:31
1663319191728799000,30.0,3,29.95,10,30.0,4,2,2022-09-16 09:06:31
1663319192476518000,29.95,5,29.95,5,30.0,13,2,2022-09-16 09:06:32
1663319192506060000,29.95,5,29.9,24,30.0,13,2,2022-09-16 09:06:32
1663319192725211000,29.9,1,29.9,23,30.0,14,2,2022-09-16 09:06:32
1663319193239586000,30.0,1,29.9,24,30.0,16,1,2022-09-16 09:06:33
1663319193719267000,29.9,2,29.9,22,30.0,15,2,2022-09-16 09:06:33
1663319194507768000,29.95,1,29.9,22,30.0,25,2,2022-09-16 09:06:34
1663319194564240000,29.9,6,29.9,16,30.0,25,2,2022-09-16 09:06:34
1663319194894617000,30.0,2,29.9,18,30.0,33,1,2022-09-16 09:06:34
1663319195531753000,30.0,2,29.9,18,30.0,33,1,2022-09-16 09:06:35
1663319197433316000,29.9,10,29.9,9,29.95,13,2,2022-09-16 09:06:37
1663319197559553000,29.95,2,29.9,9,29.95,11,1,2022-09-16 09:06:37
1663319198006740000,29.95,1,29.9,11,29.95,10,1,2022-09-16 09:06:38
1663319198109058000,29.9,3,29.9,8,29.95,10,2,2022-09-16 09:06:38
1663319198173549000,29.9,1,29.9,7,29.95,10,2,2022-09-16 09:06:38
1663319198181388000,29.9,1,29.9,6,29.95,10,2,2022-09-16 09:06:38
1663319198629877000,29.95,1,29.9,6,29.95,8,1,2022-09-16 09:06:38
1663319199264819000,29.9,1,29.9,6,29.95,8,2,2022-09-16 09:06:39
1663319199327269000,29.95,1,29.9,5,29.95,7,1,2022-09-16 09:06:39
1663319199918001000,29.9,1,29.9,4,29.95,8,2,2022-09-16 09:06:39
1663319199947757000,29.95,2,29.9,4,29.95,6,1,2022-09-16 09:06:39
1663319200309454000,29.9,2,29.9,4,29.95,6,2,2022-09-16 09:06:40
1663319200468851000,29.9,1,29.9,1,29.95,6,2,2022-09-16 09:06:40
1663319200632276000,29.9,1,29.85,4,29.9,2,2,2022-09-16 09:06:40
1663319201337480000,29.9,1,29.85,4,29.9,1,1,2022-09-16 09:06:41
1663319201939057000,29.85,2,29.85,2,29.9,4,2,2022-09-16 09:06:41
1663319204574284000,29.85,2,29.8,7,29.9,10,2,2022-09-16 09:06:44
1663319204574284000,29.8,18,29.8,7,29.9,10,2,2022-09-16 09:06:44
1663319206029745000,29.85,1,29.8,7,29.9,10,1,2022-09-16 09:06:46
1663319206029745000,29.9,1,29.8,7,29.9,10,1,2022-09-16 09:06:46
1663319206086009000,29.9,2,29.8,7,29.9,8,1,2022-09-16 09:06:46
1663319207864722000,29.8,12,29.75,57,29.85,3,2,2022-09-16 09:06:47
1663319207864722000,29.75,8,29.75,57,29.85,3,2,2022-09-16 09:06:47
1663319208006293000,29.75,2,29.75,57,29.85,3,2,2022-09-16 09:06:48
1663319210893368000,29.8,3,29.8,3,29.85,6,2,2022-09-16 09:06:50
1663319210947383000,29.8,3,29.75,55,29.8,77,2,2022-09-16 09:06:50
1663319211229677000,29.8,5,29.75,55,29.8,72,1,2022-09-16 09:06:51
1663319211282328000,29.8,1,29.75,55,29.8,71,1,2022-09-16 09:06:51
1663319211333567000,29.75,9,29.75,46,29.8,71,2,2022-09-16 09:06:51
1663319211337358000,29.75,2,29.75,44,29.8,71,2,2022-09-16 09:06:51
1663319211348162000,29.75,25,29.75,19,29.8,71,2,2022-09-16 09:06:51
1663319211386675000,29.75,7,29.75,12,29.8,71,2,2022-09-16 09:06:51
1663319211386889000,29.75,2,29.75,10,29.8,71,2,2022-09-16 09:06:51
1663319211389672000,29.75,10,29.7,123,29.8,71,2,2022-09-16 09:06:51
1663319211899438000,29.7,1,29.7,22,29.75,2,2,2022-09-16 09:06:51
1663319212034964000,29.7,2,29.7,20,29.75,2,2,2022-09-16 09:06:52
1663319212282722000,29.75,5,29.7,20,29.75,7,1,2022-09-16 09:06:52
1663319212914658000,29.75,1,29.7,12,29.75,1,1,2022-09-16 09:06:52
1663319213125811000,29.7,1,29.7,11,29.75,1,2,2022-09-16 09:06:53
1663319213241169000,29.75,1,29.75,4,29.8,75,1,2022-09-16 09:06:53
1663319213358950000,29.75,1,29.75,3,29.8,75,2,2022-09-16 09:06:53
1663319213403493000,29.75,3,29.7,11,29.8,75,2,2022-09-16 09:06:53
1663319214669437000,29.7,1,29.7,12,29.75,6,2,2022-09-16 09:06:54
1663319215808408000,29.7,3,29.7,12,29.75,6,2,2022-09-16 09:06:55
1663319216129399000,29.75,4,29.7,22,29.75,2,1,2022-09-16 09:06:56
1663319216160833000,29.75,2,29.7,22,29.8,72,1,2022-09-16 09:06:56
1663319217338540000,29.75,1,29.75,1,29.8,78,2,2022-09-16 09:06:57
1663319217338540000,29.7,9,29.75,1,29.8,78,2,2022-09-16 09:06:57
1663319217374188000,29.7,1,29.7,11,29.8,78,2,2022-09-16 09:06:57
1663319217940419000,29.7,5,29.7,7,29.75,3,2,2022-09-16 09:06:57
1663319217959978000,29.7,3,29.7,4,29.75,3,2,2022-09-16 09:06:57
1663319218252703000,29.75,2,29.7,4,29.75,3,1,2022-09-16 09:06:58
1663319219090974000,29.75,1,29.7,4,29.8,79,1,2022-09-16 09:06:59
1663319219728239000,29.75,1,29.7,5,29.8,79,1,2022-09-16 09:06:59
1663319219760813000,29.8,9,29.7,5,29.75,1,1,2022-09-16 09:06:59
1663319220133868000,29.75,1,29.7,5,29.75,5,1,2022-09-16 09:07:00
1663319220810846000,29.7,5,29.65,7,29.75,6,2,2022-09-16 09:07:00
1663319220810846000,29.65,5,29.65,7,29.75,6,2,2022-09-16 09:07:00
1663319222593471000,29.7,3,29.65,8,29.75,7,2,2022-09-16 09:07:02
1663319222593471000,29.65,1,29.65,8,29.75,7,2,2022-09-16 09:07:02
1663319224002262000,29.7,2,29.65,9,29.7,8,1,2022-09-16 09:07:04
1663319224550487000,29.7,5,29.65,9,29.7,5,1,2022-09-16 09:07:04
1663319224580261000,29.7,5,29.65,9,29.75,7,1,2022-09-16 09:07:04
1663319224737286000,29.65,1,29.65,9,29.75,7,2,2022-09-16 09:07:04
1663319226176192000,29.75,1,29.65,8,29.75,7,1,2022-09-16 09:07:06
1663319226563067000,29.65,8,29.6,22,29.65,2,2,2022-09-16 09:07:06
1663319226597981000,29.65,2,29.6,22,29.75,6,1,2022-09-16 09:07:06
1663319226628294000,29.6,1,29.6,21,29.75,6,2,2022-09-16 09:07:06
1663319227739381000,29.7,1,29.65,1,29.75,6,1,2022-09-16 09:07:07
1663319228539954000,29.65,2,29.6,26,29.7,2,2,2022-09-16 09:07:08
1663319233467265000,29.7,1,29.65,6,29.7,6,1,2022-09-16 09:07:13
1663319233499902000,29.65,1,29.65,5,29.7,6,2,2022-09-16 09:07:13
1663319233518614000,29.65,1,29.65,4,29.7,6,2,2022-09-16 09:07:13
1663319233540413000,29.7,5,29.65,4,29.7,1,1,2022-09-16 09:07:13
1663319233571998000,29.7,1,29.65,4,29.75,21,1,2022-09-16 09:07:13
1663319234397638000,29.7,1,29.65,5,29.7,3,1,2022-09-16 09:07:14
1663319234504971000,29.7,1,29.65,5,29.7,2,1,2022-09-16 09:07:14
1663319234525185000,29.7,2,29.65,5,29.75,21,1,2022-09-16 09:07:14
1663319235878524000,29.7,1,29.65,6,29.75,20,2,2022-09-16 09:07:15
1663319236093690000,29.75,8,29.65,8,29.75,12,1,2022-09-16 09:07:16
1663319236251340000,29.7,1,29.65,8,29.7,1,1,2022-09-16 09:07:16
1663319237500263000,29.7,1,29.7,2,29.75,12,2,2022-09-16 09:07:17
1663319239524062000,29.75,11,29.7,5,29.75,2,1,2022-09-16 09:07:19
1663319239548946000,29.75,2,29.7,5,29.8,72,1,2022-09-16 09:07:19
1663319240150069000,29.7,5,29.65,4,29.8,72,2,2022-09-16 09:07:20
1663319240150069000,29.65,13,29.65,4,29.8,72,2,2022-09-16 09:07:20
1663319240321609000,29.65,1,29.65,4,29.75,1,2,2022-09-16 09:07:20
1663319241099251000,29.65,1,29.65,5,29.75,1,2,2022-09-16 09:07:21
1663319241481707000,29.75,1,29.7,1,29.8,72,1,2022-09-16 09:07:21
1663319241570784000,29.75,1,29.65,5,29.7,1,2,2022-09-16 09:07:21
1663319241570784000,29.7,1,29.65,5,29.7,1,2,2022-09-16 09:07:21
1663319241610524000,29.7,1,29.65,5,29.8,72,1,2022-09-16 09:07:21
1663319241997154000,29.7,1,29.65,3,29.8,72,2,2022-09-16 09:07:21
1663319241997154000,29.65,2,29.65,3,29.8,72,2,2022-09-16 09:07:21
1663319243280847000,29.7,1,29.65,4,29.7,5,1,2022-09-16 09:07:23
1663319243318431000,29.7,2,29.65,4,29.7,6,1,2022-09-16 09:07:23
1663319243746080000,29.7,2,29.65,4,29.7,1,1,2022-09-16 09:07:23
1663319243802060000,29.7,1,29.65,4,29.8,72,1,2022-09-16 09:07:23
1663319246110981000,29.65,10,29.65,6,29.7,9,2,2022-09-16 09:07:26
1663319247173590000,29.65,1,29.65,9,29.7,9,2,2022-09-16 09:07:27
1663319247718263000,29.7,1,29.65,14,29.7,8,1,2022-09-16 09:07:27
1663319248375218000,29.7,2,29.65,14,29.7,6,1,2022-09-16 09:07:28
1663319248862061000,29.65,5,29.65,9,29.7,6,2,2022-09-16 09:07:28
1663319250914523000,29.7,5,29.65,10,29.7,2,1,2022-09-16 09:07:30
1663319252283450000,29.65,2,29.65,12,29.7,4,2,2022-09-16 09:07:32
1663319252545600000,29.65,1,29.65,12,29.7,4,2,2022-09-16 09:07:32
1663319252633989000,29.7,1,29.65,13,29.7,4,1,2022-09-16 09:07:32
1663319252970610000,29.65,1,29.65,11,29.7,3,2,2022-09-16 09:07:32
1663319253446119000,29.65,2,29.65,9,29.7,3,2,2022-09-16 09:07:33
1663319253563558000,29.7,3,29.7,2,29.75,1,1,2022-09-16 09:07:33
1663319254900321000,29.7,1,29.7,1,29.75,1,2,2022-09-16 09:07:34
1663319254988508000,29.7,1,29.65,17,29.75,1,2,2022-09-16 09:07:34
1663319256762493000,29.7,1,29.65,17,29.7,1,2,2022-09-16 09:07:36
1663319256793167000,29.7,1,29.65,17,29.75,1,1,2022-09-16 09:07:36
1663319257323619000,29.7,1,29.7,1,29.75,1,2,2022-09-16 09:07:37
1663319257397704000,29.7,1,29.7,2,29.75,1,2,2022-09-16 09:07:37
1663319258803219000,29.65,10,29.65,14,29.75,4,2,2022-09-16 09:07:38
1663319260403421000,29.65,1,29.65,15,29.75,11,2,2022-09-16 09:07:40
1663319262563744000,29.7,1,29.65,18,29.75,11,1,2022-09-16 09:07:42
1663319264055262000,29.65,5,29.65,13,29.7,4,2,2022-09-16 09:07:44
1663319264676892000,29.65,1,29.65,12,29.7,5,2,2022-09-16 09:07:44
1663319265392132000,29.7,2,29.65,13,29.7,3,1,2022-09-16 09:07:45
1663319269909095000,29.7,1,29.65,18,29.7,4,1,2022-09-16 09:07:49
1663319271116239000,29.7,1,29.65,18,29.7,5,1,2022-09-16 09:07:51
1663319271310582000,29.7,5,29.65,18,29.75,10,1,2022-09-16 09:07:51
1663319275449684000,29.7,1,29.65,26,29.75,12,1,2022-09-16 09:07:55
1663319276843118000,29.65,5,29.65,22,29.7,5,2,2022-09-16 09:07:56
1663319278416048000,29.7,1,29.65,22,29.7,6,1,2022-09-16 09:07:58
1663319278774442000,29.7,5,29.65,22,29.7,1,1,2022-09-16 09:07:58
1663319280136937000,29.7,1,29.65,23,29.7,3,1,2022-09-16 09:08:00
1663319280248356000,29.7,3,29.65,23,29.75,13,1,2022-09-16 09:08:00
1663319280737176000,29.7,1,29.7,1,29.75,13,1,2022-09-16 09:08:00
1663319280990629000,29.7,1,29.65,24,29.75,12,2,2022-09-16 09:08:00
1663319281724186000,29.65,2,29.65,26,29.75,12,2,2022-09-16 09:08:01
1663319281934343000,29.7,1,29.7,2,29.75,11,2,2022-09-16 09:08:01
1663319284516150000,29.7,4,29.65,23,29.75,11,2,2022-09-16 09:08:04
1663319284516150000,29.65,6,29.65,23,29.75,11,2,2022-09-16 09:08:04
1663319286364801000,29.65,22,29.65,3,29.7,1,2,2022-09-16 09:08:06
1663319287131641000,29.65,4,29.6,132,29.7,4,2,2022-09-16 09:08:07
1663319289541906000,29.65,1,29.65,1,29.7,12,2,2022-09-16 09:08:09
1663319289665237000,29.65,1,29.6,132,29.7,12,2,2022-09-16 09:08:09
1663319290540478000,29.65,5,29.65,1,29.7,12,2,2022-09-16 09:08:10
1663319290820651000,29.65,1,29.6,132,29.7,12,2,2022-09-16 09:08:10
1663319290968168000,29.65,1,29.65,9,29.7,12,2,2022-09-16 09:08:10
1663319292953599000,29.65,1,29.65,9,29.7,12,2,2022-09-16 09:08:12
1663319293040725000,29.65,1,29.65,8,29.7,12,2,2022-09-16 09:08:13
1663319293134685000,29.65,1,29.65,7,29.7,12,2,2022-09-16 09:08:13
1663319296510660000,29.65,9,29.65,6,29.7,13,2,2022-09-16 09:08:16
1663319296544324000,29.65,6,29.6,122,29.65,1,2,2022-09-16 09:08:16
1663319296574895000,29.65,1,29.6,122,29.65,3,1,2022-09-16 09:08:16
1663319297141307000,29.65,1,29.6,122,29.7,13,1,2022-09-16 09:08:17
1663319297534466000,29.7,5,29.6,126,29.7,8,1,2022-09-16 09:08:17
1663319300990742000,29.6,2,29.6,125,29.65,1,2,2022-09-16 09:08:20
1663319301117243000,29.65,1,29.6,125,29.7,10,1,2022-09-16 09:08:21
1663319307460992000,29.65,1,29.65,2,29.7,16,2,2022-09-16 09:08:27
1663319307573155000,29.65,3,29.6,125,29.65,3,2,2022-09-16 09:08:27
1663319308698926000,29.65,1,29.6,126,29.65,6,1,2022-09-16 09:08:28
1663319308799353000,29.65,1,29.6,126,29.65,7,1,2022-09-16 09:08:28
1663319311045281000,29.65,1,29.6,136,29.65,4,1,2022-09-16 09:08:31
1663319311674899000,29.65,2,29.6,136,29.65,4,1,2022-09-16 09:08:31
1663319312530736000,29.6,1,29.6,135,29.65,2,2,2022-09-16 09:08:32
1663319313705806000,29.65,3,29.6,136,29.65,4,1,2022-09-16 09:08:33
1663319314147188000,29.65,1,29.6,136,29.7,16,1,2022-09-16 09:08:34
1663319315963847000,29.65,1,29.6,136,29.65,1,1,2022-09-16 09:08:35
1663319316318766000,29.65,1,29.6,136,29.7,21,1,2022-09-16 09:08:36
1663319318434171000,29.65,3,29.6,134,29.7,21,2,2022-09-16 09:08:38
1663319318434171000,29.6,2,29.6,134,29.7,21,2,2022-09-16 09:08:38
1663319319642259000,29.65,1,29.6,134,29.7,21,2,2022-09-16 09:08:39
1663319320356043000,29.65,1,29.6,134,29.7,21,1,2022-09-16 09:08:40
1663319322618994000,29.65,1,29.65,1,29.7,21,1,2022-09-16 09:08:42
1663319324133105000,29.7,19,29.65,1,29.7,2,1,2022-09-16 09:08:44
1663319324164336000,29.7,2,29.65,1,29.75,75,1,2022-09-16 09:08:44
1663319325097470000,29.65,1,29.65,6,29.75,75,2,2022-09-16 09:08:45
1663319326566614000,29.75,1,29.65,7,29.75,74,1,2022-09-16 09:08:46
1663319331266925000,29.75,1,29.7,10,29.75,70,1,2022-09-16 09:08:51
1663319331295202000,29.75,43,29.7,10,29.75,27,1,2022-09-16 09:08:51
1663319331325684000,29.75,10,29.7,10,29.75,17,1,2022-09-16 09:08:51
1663319331326152000,29.75,17,29.7,10,29.8,12,1,2022-09-16 09:08:51
1663319331868122000,29.75,2,29.75,4,29.8,12,2,2022-09-16 09:08:51
1663319332281988000,29.75,2,29.65,65,29.8,12,2,2022-09-16 09:08:52
1663319332281988000,29.7,10,29.65,65,29.8,12,2,2022-09-16 09:08:52
1663319332281988000,29.65,8,29.65,65,29.8,12,2,2022-09-16 09:08:52
1663319332323069000,29.75,1,29.75,10,29.8,12,2,2022-09-16 09:08:52
1663319332719968000,29.8,1,29.75,9,29.8,11,1,2022-09-16 09:08:52
1663319332770892000,29.8,1,29.75,9,29.8,11,1,2022-09-16 09:08:52
1663319333949424000,29.8,12,29.75,16,29.8,3,1,2022-09-16 09:08:53
1663319334138371000,29.75,1,29.75,16,29.8,3,2,2022-09-16 09:08:54
1663319334986277000,29.8,2,29.75,16,29.8,1,1,2022-09-16 09:08:54
1663319336162150000,29.8,1,29.75,16,29.85,6,1,2022-09-16 09:08:56
1663319336819921000,29.85,5,29.8,1,29.85,1,1,2022-09-16 09:08:56
1663319336861346000,29.85,1,29.8,1,29.9,9,1,2022-09-16 09:08:56
1663319342751676000,29.85,1,29.8,2,29.85,7,1,2022-09-16 09:09:02
1663319343990669000,29.85,2,29.8,2,29.85,4,1,2022-09-16 09:09:03
1663319345110209000,29.85,1,29.8,4,29.85,3,1,2022-09-16 09:09:05
1663319345339942000,29.85,3,29.85,1,29.9,14,1,2022-09-16 09:09:05
1663319347136329000,29.85,1,29.8,6,29.85,4,2,2022-09-16 09:09:07
1663319348104784000,29.85,1,29.8,6,29.85,3,1,2022-09-16 09:09:08
1663319348139880000,29.85,3,29.8,6,29.9,14,1,2022-09-16 09:09:08
1663319349873553000,29.85,1,29.8,7,29.9,15,2,2022-09-16 09:09:09
1663319351579886000,29.85,1,29.8,11,29.9,15,1,2022-09-16 09:09:11
1663319353981211000,29.85,1,29.8,13,29.85,4,1,2022-09-16 09:09:13
1663319355084321000,29.85,1,29.8,14,29.85,8,1,2022-09-16 09:09:15
1663319355784642000,29.85,1,29.8,15,29.85,8,1,2022-09-16 09:09:15
1663319355842370000,29.85,3,29.8,15,29.85,5,1,2022-09-16 09:09:15
1663319355872613000,29.85,1,29.8,16,29.85,4,1,2022-09-16 09:09:15
1663319355887280000,29.85,1,29.8,16,29.85,3,1,2022-09-16 09:09:15
1663319358314777000,29.85,1,29.8,16,29.85,2,1,2022-09-16 09:09:18
1663319360083752000,29.85,1,29.8,16,29.85,11,1,2022-09-16 09:09:20
1663319360613904000,29.85,1,29.8,16,29.85,10,1,2022-09-16 09:09:20
1663319361362379000,29.85,5,29.8,16,29.85,11,1,2022-09-16 09:09:21
1663319364022215000,29.85,1,29.8,16,29.85,11,1,2022-09-16 09:09:24
1663319364139446000,29.85,1,29.8,16,29.85,10,1,2022-09-16 09:09:24
1663319365258781000,29.85,1,29.8,16,29.85,9,1,2022-09-16 09:09:25
1663319367464453000,29.85,1,29.8,18,29.85,9,1,2022-09-16 09:09:27
1663319368648163000,29.8,1,29.8,19,29.85,15,2,2022-09-16 09:09:28
1663319369549768000,29.8,12,29.8,2,29.85,20,2,2022-09-16 09:09:29
1663319369678962000,29.8,2,29.75,66,29.85,20,2,2022-09-16 09:09:29
1663319371216035000,29.85,1,29.75,58,29.85,19,1,2022-09-16 09:09:31
1663319373290599000,29.8,1,29.75,58,29.85,18,1,2022-09-16 09:09:33
1663319375504803000,29.75,1,29.75,57,29.85,18,2,2022-09-16 09:09:35
1663319377992319000,29.8,1,29.75,7,29.8,2,1,2022-09-16 09:09:37
1663319379215644000,29.75,1,29.75,6,29.8,3,2,2022-09-16 09:09:39
1663319380863947000,29.75,2,29.75,5,29.8,3,2,2022-09-16 09:09:40
1663319381541277000,29.8,1,29.75,6,29.8,3,1,2022-09-16 09:09:41
1663319382892779000,29.8,4,29.75,6,29.85,16,1,2022-09-16 09:09:42
1663319382892779000,29.85,1,29.75,6,29.85,16,1,2022-09-16 09:09:42
1663319383008990000,29.75,5,29.75,1,29.85,16,2,2022-09-16 09:09:43
1663319397306221000,29.8,2,29.75,3,29.8,1,1,2022-09-16 09:09:57
1663319397337357000,29.8,1,29.75,3,29.8,3,1,2022-09-16 09:09:57
1663319397562681000,29.75,2,29.75,1,29.85,18,2,2022-09-16 09:09:57
1663319400618626000,29.75,1,29.75,1,29.8,6,2,2022-09-16 09:10:00
1663319403775963000,29.75,1,29.75,1,29.8,6,2,2022-09-16 09:10:03
1663319403847079000,29.75,1,29.7,37,29.75,2,2,2022-09-16 09:10:03
1663319403877871000,29.75,2,29.7,37,29.75,2,1,2022-09-16 09:10:03
1663319404641740000,29.8,5,29.7,37,29.8,1,1,2022-09-16 09:10:04
1663319406124506000,29.8,6,29.7,37,29.85,18,1,2022-09-16 09:10:06
1663319407885888000,29.75,2,29.7,37,29.85,18,2,2022-09-16 09:10:07
1663319409133925000,29.75,1,29.7,37,29.85,18,1,2022-09-16 09:10:09
1663319409162421000,29.85,3,29.7,37,29.85,15,1,2022-09-16 09:10:09
1663319419615704000,29.75,1,29.75,3,29.8,5,2,2022-09-16 09:10:19
1663319422189871000,29.75,1,29.75,9,29.8,6,2,2022-09-16 09:10:22
1663319422390910000,29.75,1,29.75,8,29.8,6,2,2022-09-16 09:10:22
1663319422532001000,29.75,5,29.75,3,29.8,6,2,2022-09-16 09:10:22
1663319423805972000,29.8,1,29.75,3,29.8,7,1,2022-09-16 09:10:23
1663319424105599000,29.75,1,29.75,2,29.8,6,2,2022-09-16 09:10:24
1663319426145621000,29.8,6,29.8,4,29.85,11,1,2022-09-16 09:10:26
1663319428703240000,29.8,4,29.75,12,29.8,1,2,2022-09-16 09:10:28
1663319431746753000,29.8,1,29.75,13,29.85,7,1,2022-09-16 09:10:31
1663319431746753000,29.85,4,29.75,13,29.85,7,1,2022-09-16 09:10:31
1663319436272341000,29.85,1,29.8,6,29.85,11,1,2022-09-16 09:10:36
1663319436364869000,29.8,1,29.8,5,29.85,10,2,2022-09-16 09:10:36
1663319441437266000,29.85,1,29.8,15,29.85,11,1,2022-09-16 09:10:41
1663319443735957000,29.85,10,29.8,16,29.9,15,1,2022-09-16 09:10:43
1663319447270690000,29.85,1,29.8,13,29.9,15,2,2022-09-16 09:10:47
1663319447270690000,29.8,3,29.8,13,29.9,15,2,2022-09-16 09:10:47
1663319453088536000,29.85,1,29.8,15,29.85,1,2,2022-09-16 09:10:53
1663319455862182000,29.85,1,29.8,16,29.85,33,1,2022-09-16 09:10:55
1663319463590698000,29.8,1,29.8,15,29.85,35,2,2022-09-16 09:11:03
1663319463875503000,29.8,15,29.75,23,29.85,68,2,2022-09-16 09:11:03
1663319468285931000,29.8,5,29.75,25,29.8,2,1,2022-09-16 09:11:08
1663319468657970000,29.75,1,29.75,24,29.8,2,2,2022-09-16 09:11:08
1663319468992030000,29.8,1,29.75,24,29.8,1,1,2022-09-16 09:11:08
1663319471163257000,29.8,2,29.75,24,29.8,7,1,2022-09-16 09:11:11
1663319471420334000,29.8,2,29.75,24,29.8,5,1,2022-09-16 09:11:11
1663319472337697000,29.8,2,29.75,24,29.8,3,1,2022-09-16 09:11:12
1663319473206214000,29.8,3,29.75,24,29.85,61,1,2022-09-16 09:11:13
1663319473206214000,29.85,11,29.75,24,29.85,61,1,2022-09-16 09:11:13
1663319474415595000,29.8,1,29.75,24,29.8,5,1,2022-09-16 09:11:14
1663319474444292000,29.8,5,29.75,24,29.85,61,1,2022-09-16 09:11:14
1663319475717560000,29.8,1,29.8,1,29.85,61,1,2022-09-16 09:11:15
1663319476225162000,29.8,1,29.75,24,29.8,4,2,2022-09-16 09:11:16
1663319476417372000,29.8,1,29.75,24,29.8,3,1,2022-09-16 09:11:16
1663319478270790000,29.8,1,29.75,24,29.8,4,1,2022-09-16 09:11:18
1663319480272656000,29.8,3,29.75,24,29.8,5,1,2022-09-16 09:11:20
1663319481588919000,29.8,1,29.75,24,29.8,5,1,2022-09-16 09:11:21
1663319481679825000,29.75,2,29.75,25,29.8,5,2,2022-09-16 09:11:21
1663319483835340000,29.8,1,29.75,23,29.8,4,1,2022-09-16 09:11:23
1663319484741937000,29.8,4,29.8,6,29.85,61,1,2022-09-16 09:11:24
1663319488289001000,29.8,1,29.8,6,29.85,61,2,2022-09-16 09:11:28
1663319491594663000,29.85,1,29.8,9,29.85,60,1,2022-09-16 09:11:31
1663319492246702000,29.8,5,29.8,4,29.85,60,2,2022-09-16 09:11:32
1663319492272865000,29.8,1,29.8,3,29.85,60,2,2022-09-16 09:11:32
1663319493104116000,29.85,3,29.8,2,29.85,57,1,2022-09-16 09:11:33
1663319493281154000,29.8,2,29.75,25,29.85,57,2,2022-09-16 09:11:33
1663319494163508000,29.8,1,29.75,25,29.85,57,1,2022-09-16 09:11:34
1663319498380923000,29.8,3,29.8,4,29.85,57,2,2022-09-16 09:11:38
1663319498446828000,29.8,1,29.75,25,29.85,57,2,2022-09-16 09:11:38
1663319501980262000,29.8,1,29.75,31,29.85,67,1,2022-09-16 09:11:41
1663319507827622000,29.8,1,29.75,81,29.8,10,1,2022-09-16 09:11:47
1663319510503892000,29.8,1,29.75,81,29.8,9,1,2022-09-16 09:11:50
1663319511607817000,29.8,1,29.75,81,29.8,8,1,2022-09-16 09:11:51
1663319511698120000,29.8,3,29.75,81,29.8,5,1,2022-09-16 09:11:51
1663319511903539000,29.8,2,29.75,81,29.8,3,1,2022-09-16 09:11:51
1663319512887277000,29.8,1,29.75,81,29.8,2,1,2022-09-16 09:11:52
1663319513684527000,29.8,1,29.75,81,29.8,1,1,2022-09-16 09:11:53
1663319513897275000,29.8,1,29.8,9,29.85,63,1,2022-09-16 09:11:53
1663319514550546000,29.8,1,29.8,9,29.85,63,2,2022-09-16 09:11:54
1663319516290517000,29.8,1,29.8,9,29.85,63,2,2022-09-16 09:11:56
1663319517389675000,29.8,4,29.8,5,29.85,63,2,2022-09-16 09:11:57
1663319518731648000,29.85,1,29.8,5,29.85,62,1,2022-09-16 09:11:58
1663319521905756000,29.8,1,29.8,6,29.85,62,2,2022-09-16 09:12:01
1663319524135594000,29.8,5,29.8,6,29.85,62,2,2022-09-16 09:12:04
1663319525858738000,29.8,1,29.8,5,29.85,62,2,2022-09-16 09:12:05
1663319528538666000,29.8,1,29.8,66,29.85,62,2,2022-09-16 09:12:08
1663319530584086000,29.8,1,29.8,66,29.85,62,2,2022-09-16 09:12:10
1663319534628387000,29.8,2,29.8,66,29.85,62,2,2022-09-16 09:12:14
1663319543594072000,29.85,1,29.8,66,29.85,61,1,2022-09-16 09:12:23
1663319549573319000,29.85,1,29.8,116,29.85,60,1,2022-09-16 09:12:29
1663319549604239000,29.85,15,29.8,116,29.85,45,1,2022-09-16 09:12:29
1663319549633634000,29.85,24,29.8,116,29.85,21,1,2022-09-16 09:12:29
1663319550494116000,29.85,3,29.8,116,29.85,18,1,2022-09-16 09:12:30
1663319550738152000,29.85,1,29.8,116,29.85,17,1,2022-09-16 09:12:30
1663319551003976000,29.85,1,29.8,116,29.85,16,1,2022-09-16 09:12:31
1663319551923688000,29.85,9,29.8,116,29.85,17,1,2022-09-16 09:12:31
1663319552763409000,29.85,6,29.8,116,29.85,18,1,2022-09-16 09:12:32
1663319552922327000,29.85,1,29.8,116,29.85,11,1,2022-09-16 09:12:32
1663319553064317000,29.85,1,29.8,116,29.85,10,1,2022-09-16 09:12:33
1663319553432582000,29.85,1,29.8,116,29.85,9,1,2022-09-16 09:12:33
1663319553506787000,29.85,1,29.8,116,29.85,8,1,2022-09-16 09:12:33
1663319553771689000,29.85,1,29.8,116,29.85,7,1,2022-09-16 09:12:33
1663319553970986000,29.85,1,29.8,116,29.85,6,1,2022-09-16 09:12:33
1663319554056715000,29.85,2,29.8,116,29.85,4,1,2022-09-16 09:12:34
1663319556363687000,29.85,1,29.8,115,29.85,3,1,2022-09-16 09:12:36
1663319556429767000,29.85,2,29.8,115,29.85,1,1,2022-09-16 09:12:36
1663319556839357000,29.85,1,29.8,117,29.9,17,1,2022-09-16 09:12:36
1663319565200016000,29.85,1,29.85,7,29.9,17,2,2022-09-16 09:12:45
1663319568712403000,29.9,2,29.85,7,29.9,15,1,2022-09-16 09:12:48
1663319568748611000,29.9,1,29.85,7,29.9,14,1,2022-09-16 09:12:48
1663319568793615000,29.9,1,29.85,7,29.9,13,1,2022-09-16 09:12:48
1663319573676807000,29.9,1,29.85,9,29.9,12,1,2022-09-16 09:12:53
1663319575246865000,29.9,1,29.85,9,29.9,11,1,2022-09-16 09:12:55
1663319576959338000,29.9,11,29.9,9,29.95,26,1,2022-09-16 09:12:56
1663319581060187000,29.95,3,29.9,9,29.95,23,1,2022-09-16 09:13:01
1663319581085292000,29.95,2,29.9,9,29.95,21,1,2022-09-16 09:13:01
1663319581146260000,29.95,14,29.9,9,29.95,7,1,2022-09-16 09:13:01
1663319581170317000,29.95,7,29.9,9,30.0,35,1,2022-09-16 09:13:01
1663319581355456000,29.9,9,29.85,14,29.9,11,2,2022-09-16 09:13:01
1663319581593285000,29.9,1,29.85,14,29.9,10,1,2022-09-16 09:13:01
1663319583300285000,29.9,1,29.85,14,29.9,11,1,2022-09-16 09:13:03
1663319583340341000,29.9,1,29.85,14,29.9,12,1,2022-09-16 09:13:03
1663319585496267000,29.9,1,29.85,19,29.9,9,1,2022-09-16 09:13:05
1663319586081622000,29.9,2,29.85,29,29.9,7,1,2022-09-16 09:13:06
1663319587259207000,29.9,1,29.85,30,29.9,7,1,2022-09-16 09:13:07
1663319587614879000,29.9,1,29.85,30,29.9,6,1,2022-09-16 09:13:07
1663319587792970000,29.9,1,29.85,30,29.9,5,1,2022-09-16 09:13:07
1663319588784458000,29.9,1,29.85,30,29.9,4,1,2022-09-16 09:13:08
1663319589739394000,29.9,1,29.85,32,29.9,4,1,2022-09-16 09:13:09
1663319590069755000,29.9,1,29.85,32,29.9,2,1,2022-09-16 09:13:10
1663319591230143000,29.9,2,29.9,8,29.95,10,1,2022-09-16 09:13:11
1663319605612237000,29.95,1,29.9,23,29.95,6,1,2022-09-16 09:13:25
1663319606510605000,29.95,1,29.9,23,29.95,5,1,2022-09-16 09:13:26
1663319611550838000,29.95,1,29.9,23,29.95,4,1,2022-09-16 09:13:31
1663319611759826000,29.95,1,29.9,24,29.95,3,1,2022-09-16 09:13:31
1663319613124129000,29.95,1,29.9,29,29.95,2,1,2022-09-16 09:13:33
1663319613216715000,29.95,1,29.9,29,29.95,1,1,2022-09-16 09:13:33
1663319613976126000,29.95,1,29.9,29,30.0,35,1,2022-09-16 09:13:33
1663319614233124000,30.0,1,29.9,29,30.0,34,1,2022-09-16 09:13:34
1663319616084410000,30.0,2,29.95,5,30.0,32,1,2022-09-16 09:13:36
1663319616119426000,29.95,5,29.9,28,29.95,6,2,2022-09-16 09:13:36
1663319617516993000,29.95,1,29.9,28,29.95,11,1,2022-09-16 09:13:37
1663319619200174000,29.95,1,29.9,28,29.95,10,1,2022-09-16 09:13:39
1663319621389630000,29.95,10,29.9,28,30.0,32,1,2022-09-16 09:13:41
1663319622608670000,30.0,5,29.9,28,30.0,27,1,2022-09-16 09:13:42
1663319625572877000,30.0,10,29.95,3,30.0,27,1,2022-09-16 09:13:45
1663319628367268000,30.0,1,29.95,4,30.0,26,1,2022-09-16 09:13:48
1663319630177887000,30.0,2,29.95,4,30.0,25,1,2022-09-16 09:13:50
1663319631197024000,30.0,6,29.95,4,30.0,19,1,2022-09-16 09:13:51
1663319631218716000,29.95,4,29.9,20,29.95,1,2,2022-09-16 09:13:51
1663319631321403000,29.95,1,29.9,20,30.0,19,1,2022-09-16 09:13:51
1663319631876881000,29.95,1,29.9,20,29.95,4,1,2022-09-16 09:13:51
1663319632770630000,29.95,1,29.9,20,29.95,3,1,2022-09-16 09:13:52
1663319634415940000,29.95,1,29.9,14,29.95,2,1,2022-09-16 09:13:54
1663319636177370000,29.95,1,29.9,14,29.95,6,1,2022-09-16 09:13:56
1663319636522677000,29.95,1,29.9,14,29.95,10,1,2022-09-16 09:13:56
1663319639679316000,29.95,1,29.9,17,29.95,10,1,2022-09-16 09:13:59
1663319640749407000,29.95,1,29.9,18,29.95,9,1,2022-09-16 09:14:00
1663319641047830000,29.95,1,29.9,18,29.95,8,1,2022-09-16 09:14:01
1663319642846435000,29.95,1,29.9,20,29.95,7,1,2022-09-16 09:14:02
1663319643326961000,29.95,2,29.9,70,29.95,5,1,2022-09-16 09:14:03
1663319643720614000,29.95,1,29.9,70,29.95,4,1,2022-09-16 09:14:03
1663319644281264000,29.95,1,29.9,70,29.95,9,1,2022-09-16 09:14:04
1663319645972986000,29.95,1,29.9,70,29.95,8,1,2022-09-16 09:14:05
1663319646704147000,29.95,3,29.9,72,29.95,16,1,2022-09-16 09:14:06
1663319647156798000,29.95,2,29.9,72,29.95,11,1,2022-09-16 09:14:07
1663319648717050000,29.95,1,29.9,72,29.95,15,1,2022-09-16 09:14:08
1663319649351192000,29.95,1,29.9,72,29.95,13,1,2022-09-16 09:14:09
1663319649664291000,29.95,1,29.9,72,29.95,12,1,2022-09-16 09:14:09
1663319651589312000,29.95,5,29.9,78,29.95,4,1,2022-09-16 09:14:11
1663319651640421000,29.95,1,29.9,77,29.95,3,1,2022-09-16 09:14:11
1663319652950962000,29.95,1,29.9,78,29.95,16,1,2022-09-16 09:14:12
1663319654381507000,29.95,3,29.9,78,29.95,13,1,2022-09-16 09:14:14
1663319655935840000,29.95,3,29.9,78,29.95,13,1,2022-09-16 09:14:15
1663319659377006000,29.95,3,29.9,79,29.95,15,1,2022-09-16 09:14:19
1663319659817456000,29.95,2,29.9,79,29.95,13,1,2022-09-16 09:14:19
1663319660306965000,29.95,1,29.9,78,29.95,12,1,2022-09-16 09:14:20
1663319660744067000,29.95,2,29.9,78,29.95,10,1,2022-09-16 09:14:20
1663319660935244000,29.95,2,29.9,78,29.95,8,1,2022-09-16 09:14:20
1663319662105779000,29.95,2,29.9,78,29.95,6,1,2022-09-16 09:14:22
1663319662785927000,29.95,1,29.9,79,29.95,5,1,2022-09-16 09:14:22
1663319664139773000,29.95,1,29.9,82,29.95,4,1,2022-09-16 09:14:24
1663319664458611000,29.95,1,29.9,82,29.95,3,1,2022-09-16 09:14:24
1663319664845916000,29.95,2,29.9,82,29.95,1,1,2022-09-16 09:14:24
1663319665687096000,29.95,1,29.9,82,30.0,18,1,2022-09-16 09:14:25
1663319668181712000,29.95,2,29.95,23,30.0,18,1,2022-09-16 09:14:28
1663319676907803000,29.95,2,29.95,82,30.0,26,2,2022-09-16 09:14:36
1663319678325122000,30.0,1,29.95,83,30.0,25,1,2022-09-16 09:14:38
1663319678476710000,30.0,5,29.95,85,30.0,20,1,2022-09-16 09:14:38
1663319682608271000,30.0,3,29.95,85,30.0,17,1,2022-09-16 09:14:42
1663319682658152000,30.0,1,29.95,85,30.0,16,1,2022-09-16 09:14:42
1663319683246493000,30.0,1,29.95,85,30.0,15,1,2022-09-16 09:14:43
1663319685845957000,30.0,16,30.0,9,30.05,21,1,2022-09-16 09:14:45
1663319688577168000,30.05,5,30.0,23,30.05,16,1,2022-09-16 09:14:48
1663319689905831000,30.05,1,30.0,25,30.05,15,1,2022-09-16 09:14:49
1663319689926665000,30.05,1,30.0,25,30.05,14,1,2022-09-16 09:14:49
1663319692853115000,30.05,3,30.0,27,30.05,11,1,2022-09-16 09:14:52
1663319693165819000,30.05,1,30.0,27,30.05,10,1,2022-09-16 09:14:53
1663319694584958000,30.05,2,30.0,25,30.05,8,1,2022-09-16 09:14:54
1663319694693966000,30.05,1,30.0,25,30.05,7,1,2022-09-16 09:14:54
1663319694796921000,30.05,3,30.0,40,30.05,4,1,2022-09-16 09:14:54
1663319694857817000,30.05,4,30.05,4,30.1,27,1,2022-09-16 09:14:54
1663319695233270000,30.05,6,30.05,6,30.1,27,2,2022-09-16 09:14:55
1663319695680851000,30.05,2,30.0,40,30.05,2,1,2022-09-16 09:14:55
1663319696925979000,30.05,1,30.0,51,30.05,3,1,2022-09-16 09:14:56
1663319697282721000,30.05,1,30.0,51,30.05,2,1,2022-09-16 09:14:57
1663319699350621000,30.05,2,30.0,49,30.05,12,1,2022-09-16 09:14:59
1663319700863696000,30.05,2,30.0,50,30.05,11,1,2022-09-16 09:15:00
1663319701419483000,30.0,11,30.0,39,30.05,11,2,2022-09-16 09:15:01
1663319701441033000,30.0,16,30.0,23,30.05,27,2,2022-09-16 09:15:01
1663319701467897000,30.0,9,30.0,14,30.05,32,2,2022-09-16 09:15:01
1663319701498271000,30.05,1,30.0,15,30.05,40,1,2022-09-16 09:15:01
1663319701500468000,30.0,2,30.0,13,30.05,40,2,2022-09-16 09:15:01
1663319701500488000,30.0,2,30.0,11,30.05,40,2,2022-09-16 09:15:01
1663319701532764000,30.0,2,30.0,9,30.05,40,2,2022-09-16 09:15:01
1663319701614631000,30.0,5,30.0,4,30.05,40,2,2022-09-16 09:15:01
1663319701645707000,30.0,4,29.95,84,30.05,40,2,2022-09-16 09:15:01
1663319701710190000,30.05,1,30.0,15,30.05,41,1,2022-09-16 09:15:01
1663319702745787000,30.0,1,29.95,85,30.0,15,1,2022-09-16 09:15:02
1663319703337400000,30.0,1,29.95,85,30.0,13,1,2022-09-16 09:15:03
1663319703920663000,29.95,10,29.95,75,30.0,13,2,2022-09-16 09:15:03
1663319703972595000,29.95,1,29.95,74,30.0,15,2,2022-09-16 09:15:03
1663319704255032000,30.0,1,29.95,74,30.0,16,1,2022-09-16 09:15:04
1663319704705418000,29.95,3,29.95,74,30.0,15,2,2022-09-16 09:15:04
1663319707325582000,29.95,1,29.95,71,30.0,16,2,2022-09-16 09:15:07
1663319708791304000,30.0,6,29.95,71,30.0,10,1,2022-09-16 09:15:08
1663319709494266000,30.0,10,29.95,71,30.05,34,1,2022-09-16 09:15:09
1663319711259731000,30.0,1,29.95,71,30.0,1,1,2022-09-16 09:15:11
1663319712817911000,30.0,1,29.95,73,30.05,34,1,2022-09-16 09:15:12
1663319715415130000,30.05,1,30.0,3,30.05,31,1,2022-09-16 09:15:15
1663319715886183000,30.0,3,29.95,73,30.0,2,2,2022-09-16 09:15:15
1663319716139591000,29.95,1,29.95,72,30.0,2,2,2022-09-16 09:15:16
1663319716211001000,30.0,1,29.95,72,30.0,1,1,2022-09-16 09:15:16
1663319718090910000,30.0,1,29.95,71,30.0,2,1,2022-09-16 09:15:18
1663319720737244000,30.0,2,29.95,71,30.0,2,1,2022-09-16 09:15:20
1663319722633718000,30.0,2,29.95,71,30.0,12,1,2022-09-16 09:15:22
1663319723508975000,30.0,2,29.95,71,30.0,10,1,2022-09-16 09:15:23
1663319723859831000,30.0,2,29.95,71,30.0,8,1,2022-09-16 09:15:23
1663319726044857000,30.0,1,29.95,71,30.0,7,1,2022-09-16 09:15:26
1663319727858596000,30.0,5,29.95,20,30.0,2,1,2022-09-16 09:15:27
1663319728120142000,30.0,2,29.95,20,30.05,31,1,2022-09-16 09:15:28
1663319729699254000,30.0,3,29.95,21,30.0,4,1,2022-09-16 09:15:29
1663319730348175000,30.0,5,30.0,2,30.05,31,1,2022-09-16 09:15:30
1663319733227192000,30.0,2,30.0,50,30.05,31,2,2022-09-16 09:15:33
1663319734016924000,30.0,2,30.0,48,30.05,31,2,2022-09-16 09:15:34
1663319734686001000,30.05,1,30.0,48,30.05,30,1,2022-09-16 09:15:34
1663319736618402000,30.0,1,30.0,47,30.05,30,2,2022-09-16 09:15:36
1663319741205831000,30.05,10,30.0,108,30.05,20,1,2022-09-16 09:15:41
1663319743684240000,30.05,1,30.0,111,30.05,19,1,2022-09-16 09:15:43
1663319743932624000,30.05,1,30.0,111,30.05,18,1,2022-09-16 09:15:43
1663319744446152000,30.05,4,30.0,112,30.05,14,1,2022-09-16 09:15:44
1663319745732875000,30.05,5,30.0,115,30.05,9,1,2022-09-16 09:15:45
1663319746256579000,30.05,7,30.0,115,30.05,2,1,2022-09-16 09:15:46
1663319746519464000,30.05,2,30.0,115,30.1,28,1,2022-09-16 09:15:46
1663319752106911000,30.1,1,30.05,7,30.1,26,1,2022-09-16 09:15:52
1663319752152643000,30.1,3,30.05,7,30.1,23,1,2022-09-16 09:15:52
1663319752343144000,30.05,6,30.05,8,30.1,23,2,2022-09-16 09:15:52
1663319753003523000,30.05,2,30.05,6,30.1,23,2,2022-09-16 09:15:53
1663319755900054000,30.1,5,30.05,6,30.1,18,1,2022-09-16 09:15:55
1663319756116774000,30.05,6,30.0,113,30.05,2,2,2022-09-16 09:15:56
1663319757959129000,30.05,5,30.05,3,30.1,18,1,2022-09-16 09:15:57
1663319758180581000,30.05,3,30.0,113,30.05,2,2,2022-09-16 09:15:58
1663319758867254000,30.05,2,30.05,3,30.1,18,1,2022-09-16 09:15:58
1663319760814696000,30.1,5,30.05,4,30.1,13,1,2022-09-16 09:16:00
1663319762179101000,30.1,5,30.05,4,30.1,8,1,2022-09-16 09:16:02
1663319765961120000,30.1,1,30.05,9,30.1,14,1,2022-09-16 09:16:05
1663319766111785000,30.1,1,30.05,9,30.1,13,1,2022-09-16 09:16:06
1663319767804921000,30.1,1,30.05,9,30.1,11,1,2022-09-16 09:16:07
1663319771341305000,30.1,1,30.05,9,30.1,11,1,2022-09-16 09:16:11
1663319773944033000,30.1,1,30.05,60,30.1,9,1,2022-09-16 09:16:13
1663319774609035000,30.05,1,30.05,69,30.1,9,2,2022-09-16 09:16:14
1663319775518346000,30.1,1,30.05,69,30.1,8,1,2022-09-16 09:16:15
1663319778298043000,30.05,1,30.05,76,30.1,11,2,2022-09-16 09:16:18
1663319779651737000,30.1,1,30.05,75,30.1,10,1,2022-09-16 09:16:19
1663319782486527000,30.1,1,30.05,75,30.1,10,1,2022-09-16 09:16:22
1663319784156050000,30.1,1,30.05,75,30.1,9,1,2022-09-16 09:16:24
1663319785538095000,30.1,2,30.05,75,30.1,18,1,2022-09-16 09:16:25
1663319786665943000,30.1,1,30.05,75,30.1,19,1,2022-09-16 09:16:26
1663319787589639000,30.1,1,30.05,76,30.1,22,1,2022-09-16 09:16:27
1663319789240120000,30.1,1,30.05,77,30.1,21,1,2022-09-16 09:16:29
1663319789689465000,30.1,1,30.05,77,30.1,24,1,2022-09-16 09:16:29
1663319790343341000,30.1,2,30.05,77,30.1,22,1,2022-09-16 09:16:30
1663319791377940000,30.1,1,30.05,80,30.1,22,1,2022-09-16 09:16:31
1663319795126587000,30.05,10,30.05,70,30.1,21,2,2022-09-16 09:16:35
1663319795585936000,30.05,1,30.05,69,30.1,21,2,2022-09-16 09:16:35
1663319796297596000,30.05,1,30.05,68,30.1,21,2,2022-09-16 09:16:36
1663319796419233000,30.1,1,30.05,68,30.1,20,1,2022-09-16 09:16:36
1663319796541571000,30.05,16,30.05,52,30.1,23,2,2022-09-16 09:16:36
1663319796565551000,30.05,2,30.0,133,30.1,23,2,2022-09-16 09:16:36
1663319797097401000,30.05,1,30.0,127,30.1,23,2,2022-09-16 09:16:37
1663319797097401000,30.0,6,30.0,127,30.1,23,2,2022-09-16 09:16:37
