ts,close,volume,bid_price,bid_volume,ask_price,ask_volume,tick_type,datetime
1663318938906748000,16.6,742,16.6,16,16.65,31,2,2022-09-16 09:02:18
1663318938928973000,16.6,10,16.6,6,16.65,31,2,2022-09-16 09:02:18
1663318938969807000,16.6,6,16.55,9,16.65,31,2,2022-09-16 09:02:18
1663318938969807000,16.55,1,16.55,9,16.65,31,2,2022-09-16 09:02:18
1663318939009237000,16.55,9,16.5,26,16.6,1,2,2022-09-16 09:02:19
1663318939009237000,16.5,28,16.5,26,16.6,1,2,2022-09-16 09:02:19
1663318939014228000,16.5,11,16.5,15,16.6,2,2,2022-09-16 09:02:19
1663318939015519000,16.5,15,16.45,7,16.6,2,2,2022-09-16 09:02:19
1663318939015519000,16.45,10,16.45,7,16.6,2,2,2022-09-16 09:02:19
1663318939016408000,16.45,1,16.45,6,16.6,2,2,2022-09-16 09:02:19
1663318939028963000,16.45,6,16.4,1,16.6,2,2,2022-09-16 09:02:19
1663318939028963000,16.4,8,16.4,1,16.6,2,2,2022-09-16 09:02:19
1663318940257436000,16.55,1,16.45,5,16.55,4,1,2022-09-16 09:02:20
1663318940286240000,16.55,3,16.45,5,16.6,2,1,2022-09-16 09:02:20
1663318940358110000,16.6,1,16.45,5,16.6,1,1,2022-09-16 09:02:20
1663318940606481000,16.55,10,16.45,5,16.6,1,1,2022-09-16 09:02:20
1663318940802226000,16.6,1,16.45,5,16.65,30,1,2022-09-16 09:02:20
1663318940802226000,16.65,1,16.45,5,16.65,30,1,2022-09-16 09:02:20
1663318941004807000,16.55,2,16.5,3,16.55,12,1,2022-09-16 09:02:21
1663318941074864000,16.55,8,16.5,3,16.65,30,1,2022-09-16 09:02:21
1663318941080121000,16.5,1,16.5,2,16.55,1,2,2022-09-16 09:02:21
1663318941462755000,16.55,2,16.5,4,16.65,30,1,2022-09-16 09:02:21
1663318941822016000,16.6,1,16.5,4,16.65,28,1,2022-09-16 09:02:21
1663318941822016000,16.65,2,16.5,4,16.65,28,1,2022-09-16 09:02:21
1663318942207393000,16.5,1,16.5,3,16.65,28,2,2022-09-16 09:02:22
1663318942428489000,16.55,2,16.45,6,16.65,28,2,2022-09-16 09:02:22
1663318942428489000,16.5,3,16.45,6,16.65,28,2,2022-09-16 09:02:22
1663318942619467000,16.6,2,16.6,8,16.65,28,1,2022-09-16 09:02:22
1663318942642534000,16.6,8,16.5,1,16.65,28,2,2022-09-16 09:02:22
1663318942642891000,16.65,28,16.5,1,16.7,23,1,2022-09-16 09:02:22
1663318942704109000,16.65,1,16.5,1,16.7,23,2,2022-09-16 09:02:22
1663318944218335000,16.65,1,16.6,10,16.65,11,1,2022-09-16 09:02:24
1663318944368373000,16.65,1,16.6,10,16.65,9,1,2022-09-16 09:02:24
1663318945591203000,16.65,3,16.6,11,16.65,6,1,2022-09-16 09:02:25
1663318945928784000,16.65,3,16.6,11,16.65,3,1,2022-09-16 09:02:25
1663318946868675000,16.65,3,16.6,13,16.7,33,1,2022-09-16 09:02:26
1663318947200852000,16.65,1,16.65,2,16.7,33,2,2022-09-16 09:02:27
1663318947227703000,16.65,2,16.6,13,16.7,33,2,2022-09-16 09:02:27
1663318947761504000,16.65,1,16.65,31,16.7,33,2,2022-09-16 09:02:27
1663318948466203000,16.7,1,16.65,32,16.7,32,1,2022-09-16 09:02:28
1663318948850329000,16.7,10,16.65,32,16.7,22,1,2022-09-16 09:02:28
1663318948861083000,16.65,2,16.65,30,16.7,22,2,2022-09-16 09:02:28
1663318948879457000,16.7,22,16.65,30,16.75,68,1,2022-09-16 09:02:28
1663318948996760000,16.65,1,16.65,30,16.75,68,2,2022-09-16 09:02:28
1663318950340120000,16.75,68,16.65,61,16.8,121,1,2022-09-16 09:02:30
1663318952242409000,16.8,1,16.7,6,16.8,122,1,2022-09-16 09:02:32
1663318952427711000,16.8,10,16.7,6,16.8,111,1,2022-09-16 09:02:32
1663318952437596000,16.8,10,16.7,6,16.8,101,1,2022-09-16 09:02:32
1663318953262231000,16.8,1,16.7,6,16.8,100,1,2022-09-16 09:02:33
1663318954310570000,16.8,2,16.75,3,16.8,98,1,2022-09-16 09:02:34
1663318954843016000,16.75,1,16.75,5,16.8,99,2,2022-09-16 09:02:34
1663318954858939000,16.8,1,16.75,5,16.8,98,1,2022-09-16 09:02:34
1663318954976597000,16.8,1,16.75,5,16.8,97,1,2022-09-16 09:02:34
1663318955143654000,16.8,1,16.75,5,16.8,96,1,2022-09-16 09:02:35
1663318955165939000,16.8,2,16.75,5,16.8,94,1,2022-09-16 09:02:35
1663318955381917000,16.8,1,16.75,5,16.8,93,1,2022-09-16 09:02:35
1663318955530831000,16.8,1,16.75,5,16.8,92,1,2022-09-16 09:02:35
1663318955684513000,16.8,9,16.75,6,16.8,92,1,2022-09-16 09:02:35
1663318956279308000,16.75,1,16.75,5,16.8,83,2,2022-09-16 09:02:36
1663318956301319000,16.8,1,16.75,5,16.8,82,1,2022-09-16 09:02:36
1663318957204928000,16.75,1,16.75,4,16.8,82,2,2022-09-16 09:02:37
1663318958075546000,16.8,1,16.75,5,16.8,85,1,2022-09-16 09:02:38
1663318958572281000,16.8,2,16.75,6,16.8,83,1,2022-09-16 09:02:38
1663318958971985000,16.8,3,16.75,6,16.8,80,1,2022-09-16 09:02:38
1663318959166493000,16.8,1,16.75,6,16.8,79,1,2022-09-16 09:02:39
1663318960518690000,16.8,4,16.75,6,16.8,78,1,2022-09-16 09:02:40
1663318960919401000,16.8,1,16.75,6,16.8,77,1,2022-09-16 09:02:40
1663318961312421000,16.8,1,16.75,7,16.8,76,1,2022-09-16 09:02:41
1663318962451104000,16.75,7,16.7,1,16.8,76,2,2022-09-16 09:02:42
1663318962451104000,16.7,7,16.7,1,16.8,76,2,2022-09-16 09:02:42
1663318962472163000,16.8,1,16.7,1,16.8,75,1,2022-09-16 09:02:42
1663318963031842000,16.8,1,16.7,1,16.8,79,1,2022-09-16 09:02:43
1663318963088624000,16.8,1,16.7,1,16.8,80,1,2022-09-16 09:02:43
1663318963907904000,16.7,1,16.65,65,16.7,21,2,2022-09-16 09:02:43
1663318963945522000,16.7,1,16.65,65,16.7,20,1,2022-09-16 09:02:43
1663318964546004000,16.65,10,16.65,55,16.7,20,2,2022-09-16 09:02:44
1663318964576298000,16.65,55,16.6,9,16.7,20,2,2022-09-16 09:02:44
1663318965273373000,16.6,9,16.55,6,16.65,50,2,2022-09-16 09:02:45
1663318966298475000,16.55,1,16.55,5,16.65,79,2,2022-09-16 09:02:46
1663318966723197000,16.6,1,16.55,5,16.6,16,1,2022-09-16 09:02:46
1663318966786572000,16.55,1,16.55,4,16.6,18,2,2022-09-16 09:02:46
1663318966800117000,16.55,2,16.55,2,16.6,18,2,2022-09-16 09:02:46
1663318966806623000,16.55,2,16.5,12,16.6,18,2,2022-09-16 09:02:46
1663318966828415000,16.55,5,16.5,12,16.55,5,1,2022-09-16 09:02:46
1663318967362549000,16.5,10,16.5,2,16.55,5,2,2022-09-16 09:02:47
1663318968366913000,16.5,2,16.45,3,16.5,8,2,2022-09-16 09:02:48
1663318968511769000,16.45,1,16.45,2,16.5,8,2,2022-09-16 09:02:48
1663318969102917000,16.45,1,16.45,1,16.5,8,2,2022-09-16 09:02:49
1663318969961710000,16.5,1,16.45,1,16.5,12,1,2022-09-16 09:02:49
1663318970575109000,16.5,12,16.45,1,16.55,7,1,2022-09-16 09:02:50
1663318972393798000,16.5,1,16.5,5,16.55,9,2,2022-09-16 09:02:52
1663318975021935000,16.55,2,16.5,8,16.55,7,1,2022-09-16 09:02:55
1663318975527188000,16.5,1,16.5,7,16.55,7,2,2022-09-16 09:02:55
1663318975677375000,16.5,1,16.5,6,16.55,7,2,2022-09-16 09:02:55
1663318976636497000,16.55,9,16.5,8,16.6,16,1,2022-09-16 09:02:56
1663318976636497000,16.6,1,16.5,8,16.6,16,1,2022-09-16 09:02:56
1663318978479079000,16.55,5,16.5,13,16.6,16,2,2022-09-16 09:02:58
1663318979663724000,16.55,1,16.5,14,16.6,16,2,2022-09-16 09:02:59
1663318981363283000,16.5,10,16.5,11,16.6,16,2,2022-09-16 09:03:01
1663318982271366000,16.55,1,16.5,12,16.55,79,1,2022-09-16 09:03:02
1663318982305492000,16.5,11,16.5,1,16.55,79,2,2022-09-16 09:03:02
1663318982346538000,16.5,1,16.45,9,16.55,79,2,2022-09-16 09:03:02
1663318982907157000,16.55,1,16.45,9,16.55,88,1,2022-09-16 09:03:02
1663318983283581000,16.5,2,16.45,7,16.55,88,2,2022-09-16 09:03:03
1663318983283581000,16.45,2,16.45,7,16.55,88,2,2022-09-16 09:03:03
1663318984914149000,16.5,1,16.45,11,16.55,88,2,2022-09-16 09:03:04
1663318986640354000,16.55,3,16.5,12,16.55,85,1,2022-09-16 09:03:06
1663318987000406000,16.5,12,16.45,12,16.5,8,2,2022-09-16 09:03:07
1663318987036870000,16.5,6,16.45,12,16.5,2,1,2022-09-16 09:03:07
1663318987067973000,16.5,2,16.45,12,16.55,85,1,2022-09-16 09:03:07
1663318988450279000,16.5,1,16.45,12,16.5,4,2,2022-09-16 09:03:08
1663318988481268000,16.45,12,16.4,9,16.5,4,2,2022-09-16 09:03:08
1663318989665874000,16.5,1,16.4,12,16.5,52,1,2022-09-16 09:03:09
1663318990517724000,16.45,1,16.4,12,16.5,48,1,2022-09-16 09:03:10
1663318990517724000,16.5,4,16.4,12,16.5,48,1,2022-09-16 09:03:10
1663318990533970000,16.4,7,16.4,5,16.5,48,2,2022-09-16 09:03:10
1663318990900020000,16.5,1,16.4,5,16.5,47,1,2022-09-16 09:03:10
1663318991063118000,16.5,1,16.4,5,16.5,46,1,2022-09-16 09:03:11
1663318991174685000,16.5,3,16.4,7,16.5,43,1,2022-09-16 09:03:11
1663318991708233000,16.45,1,16.4,9,16.5,43,2,2022-09-16 09:03:11
1663318991901766000,16.45,4,16.4,9,16.5,43,1,2022-09-16 09:03:11
1663318992359925000,16.45,1,16.4,9,16.45,30,1,2022-09-16 09:03:12
1663318993303992000,16.45,3,16.4,10,16.45,26,1,2022-09-16 09:03:13
1663318993595669000,16.45,5,16.4,13,16.45,21,1,2022-09-16 09:03:13
1663318994600284000,16.45,12,16.4,18,16.45,9,1,2022-09-16 09:03:14
1663318994632700000,16.45,9,16.4,18,16.5,48,1,2022-09-16 09:03:14
1663318995343489000,16.4,18,16.35,21,16.4,22,2,2022-09-16 09:03:15
1663318995369585000,16.4,1,16.35,21,16.4,21,1,2022-09-16 09:03:15
1663318995373765000,16.4,21,16.35,21,16.5,48,1,2022-09-16 09:03:15
1663318995632821000,16.4,1,16.35,21,16.5,48,2,2022-09-16 09:03:15
1663318995662262000,16.45,8,16.45,12,16.5,48,2,2022-09-16 09:03:15
1663318996595551000,16.45,1,16.45,11,16.5,48,2,2022-09-16 09:03:16
1663318997118354000,16.45,12,16.4,1,16.5,48,2,2022-09-16 09:03:17
1663318997118354000,16.4,8,16.4,1,16.5,48,2,2022-09-16 09:03:17
1663318997731325000,16.5,5,16.45,12,16.5,48,1,2022-09-16 09:03:17
1663318998150399000,16.5,1,16.45,12,16.5,42,1,2022-09-16 09:03:18
1663318998389722000,16.45,13,16.4,1,16.5,42,2,2022-09-16 09:03:18
1663318999334248000,16.45,1,16.4,2,16.45,3,1,2022-09-16 09:03:19
1663318999554960000,16.5,1,16.4,7,16.5,41,1,2022-09-16 09:03:19
1663318999807984000,16.45,4,16.4,7,16.45,10,1,2022-09-16 09:03:19
1663319000496420000,16.45,2,16.4,7,16.45,4,1,2022-09-16 09:03:20
1663319002211739000,16.45,4,16.4,8,16.5,41,1,2022-09-16 09:03:22
1663319003369734000,16.5,1,16.45,5,16.5,40,1,2022-09-16 09:03:23
1663319004432853000,16.45,3,16.45,2,16.5,40,2,2022-09-16 09:03:24
1663319004661092000,16.45,3,16.4,10,16.45,5,2,2022-09-16 09:03:24
1663319005105496000,16.45,1,16.4,10,16.45,4,1,2022-09-16 09:03:25
1663319005539190000,16.45,1,16.4,15,16.45,3,1,2022-09-16 09:03:25
1663319005979112000,16.45,1,16.4,15,16.45,3,1,2022-09-16 09:03:25
1663319007135942000,16.45,7,16.4,15,16.5,50,1,2022-09-16 09:03:27
1663319007334592000,16.4,1,16.4,14,16.5,50,2,2022-09-16 09:03:27
1663319007611403000,16.45,1,16.4,14,16.45,1,2,2022-09-16 09:03:27
1663319007878636000,16.45,1,16.4,14,16.5,50,1,2022-09-16 09:03:27
1663319008437635000,16.45,1,16.4,25,16.5,50,2,2022-09-16 09:03:28
1663319009623436000,16.45,1,16.4,30,16.45,1,2,2022-09-16 09:03:29
1663319009651806000,16.45,1,16.4,30,16.5,50,1,2022-09-16 09:03:29
1663319011354396000,16.5,6,16.45,8,16.5,44,1,2022-09-16 09:03:31
1663319012007089000,16.5,10,16.45,8,16.5,34,1,2022-09-16 09:03:32
1663319012037045000,16.5,34,16.45,8,16.55,9,1,2022-09-16 09:03:32
1663319014083582000,16.5,1,16.45,30,16.55,10,1,2022-09-16 09:03:34
1663319014494466000,16.5,3,16.5,10,16.55,10,2,2022-09-16 09:03:34
1663319018455910000,16.5,12,16.45,23,16.55,10,2,2022-09-16 09:03:38
1663319018808631000,16.55,5,16.45,23,16.55,5,1,2022-09-16 09:03:38
1663319019557671000,16.55,1,16.5,1,16.55,4,1,2022-09-16 09:03:39
1663319021908153000,16.55,4,16.55,6,16.6,25,1,2022-09-16 09:03:41
1663319022420462000,16.6,4,16.55,6,16.6,21,1,2022-09-16 09:03:42
1663319022992209000,16.6,1,16.55,6,16.6,20,1,2022-09-16 09:03:42
1663319026393218000,16.55,5,16.55,1,16.6,20,2,2022-09-16 09:03:46
1663319026970511000,16.6,1,16.55,2,16.6,20,1,2022-09-16 09:03:46
1663319028577461000,16.55,2,16.5,8,16.6,19,2,2022-09-16 09:03:48
1663319028623032000,16.6,1,16.5,8,16.6,18,1,2022-09-16 09:03:48
1663319030218819000,16.6,1,16.5,14,16.6,18,1,2022-09-16 09:03:50
1663319032155504000,16.55,1,16.5,14,16.55,1,1,2022-09-16 09:03:52
1663319032402041000,16.55,1,16.5,14,16.6,33,1,2022-09-16 09:03:52
1663319032895877000,16.6,5,16.5,14,16.6,28,1,2022-09-16 09:03:52
1663319034162615000,16.55,1,16.5,14,16.6,31,2,2022-09-16 09:03:54
1663319036949553000,16.55,10,16.5,21,16.6,55,2,2022-09-16 09:03:56
1663319037645560000,16.6,3,16.5,21,16.6,52,1,2022-09-16 09:03:57
1663319039355071000,16.5,22,16.45,41,16.6,52,2,2022-09-16 09:03:59
1663319039901958000,16.55,1,16.45,41,16.55,7,1,2022-09-16 09:03:59
1663319039975043000,16.55,2,16.5,1,16.55,6,1,2022-09-16 09:03:59
1663319040292844000,16.55,2,16.5,3,16.55,4,1,2022-09-16 09:04:00
1663319040699557000,16.55,1,16.5,5,16.55,4,1,2022-09-16 09:04:00
1663319041537042000,16.55,1,16.5,32,16.55,2,1,2022-09-16 09:04:01
1663319041826832000,16.55,1,16.5,33,16.55,1,1,2022-09-16 09:04:01
1663319042956657000,16.55,5,16.55,15,16.6,67,1,2022-09-16 09:04:02
1663319044854894000,16.55,1,16.55,14,16.6,63,2,2022-09-16 09:04:04
1663319045714011000,16.55,1,16.55,14,16.6,63,2,2022-09-16 09:04:05
1663319048638611000,16.55,1,16.55,24,16.6,63,2,2022-09-16 09:04:08
1663319049305859000,16.6,2,16.55,24,16.6,61,1,2022-09-16 09:04:09
1663319050968387000,16.55,4,16.55,21,16.6,61,2,2022-09-16 09:04:10
1663319051006648000,16.55,21,16.5,40,16.6,61,2,2022-09-16 09:04:11
1663319055020796000,16.6,1,16.55,4,16.6,60,1,2022-09-16 09:04:15
1663319055471282000,16.55,4,16.5,41,16.55,1,2,2022-09-16 09:04:15
1663319055498989000,16.55,1,16.5,40,16.6,60,1,2022-09-16 09:04:15
1663319055529794000,16.6,2,16.55,5,16.6,58,1,2022-09-16 09:04:15
1663319055529911000,16.6,2,16.55,3,16.6,56,1,2022-09-16 09:04:15
1663319055529931000,16.6,1,16.55,2,16.6,55,1,2022-09-16 09:04:15
1663319055530061000,16.6,1,16.55,1,16.6,54,1,2022-09-16 09:04:15
1663319055530081000,16.6,1,16.5,33,16.6,53,1,2022-09-16 09:04:15
1663319057643242000,16.55,1,16.5,33,16.55,2,2,2022-09-16 09:04:17
1663319060661463000,16.55,2,16.5,34,16.6,52,1,2022-09-16 09:04:20
1663319060661463000,16.6,8,16.5,34,16.6,52,1,2022-09-16 09:04:20
1663319061367023000,16.55,1,16.5,34,16.55,1,2,2022-09-16 09:04:21
1663319062862486000,16.55,1,16.5,36,16.6,52,1,2022-09-16 09:04:22
1663319062967775000,16.6,1,16.5,36,16.6,51,1,2022-09-16 09:04:22
1663319065181703000,16.55,1,16.55,5,16.6,51,2,2022-09-16 09:04:25
1663319071160035000,16.55,10,16.5,87,16.6,64,2,2022-09-16 09:04:31
1663319073881109000,16.55,6,16.5,87,16.6,65,2,2022-09-16 09:04:33
1663319074526265000,16.6,1,16.55,1,16.6,65,1,2022-09-16 09:04:34
1663319075631495000,16.55,1,16.5,87,16.55,1,2,2022-09-16 09:04:35
1663319077096155000,16.55,1,16.5,87,16.6,64,1,2022-09-16 09:04:37
1663319078699771000,16.55,2,16.55,1,16.6,64,2,2022-09-16 09:04:38
1663319079249964000,16.6,1,16.55,1,16.6,63,1,2022-09-16 09:04:39
1663319082389238000,16.55,1,16.55,4,16.6,63,2,2022-09-16 09:04:42
1663319084055335000,16.6,2,16.55,4,16.6,65,1,2022-09-16 09:04:44
1663319086013620000,16.6,1,16.55,7,16.6,64,1,2022-09-16 09:04:46
1663319089418283000,16.6,5,16.55,17,16.6,59,1,2022-09-16 09:04:49
1663319089701154000,16.6,1,16.55,17,16.6,58,1,2022-09-16 09:04:49
1663319092571995000,16.6,3,16.55,28,16.6,59,1,2022-09-16 09:04:52
1663319099558949000,16.6,1,16.55,30,16.6,54,1,2022-09-16 09:04:59
1663319100027167000,16.6,1,16.55,35,16.6,53,1,2022-09-16 09:05:00
1663319100581955000,16.55,6,16.55,29,16.6,53,2,2022-09-16 09:05:00
1663319100734105000,16.55,6,16.55,23,16.6,53,2,2022-09-16 09:05:00
1663319100765737000,16.55,23,16.5,91,16.6,53,2,2022-09-16 09:05:00
1663319102803154000,16.6,53,16.6,3,16.65,67,1,2022-09-16 09:05:02
1663319102837397000,16.6,3,16.5,92,16.65,67,2,2022-09-16 09:05:02
1663319107621605000,16.55,6,16.5,90,16.55,14,2,2022-09-16 09:05:07
1663319107627239000,16.55,3,16.5,90,16.55,11,1,2022-09-16 09:05:07
1663319109372477000,16.55,1,16.5,90,16.55,10,1,2022-09-16 09:05:09
1663319112765812000,16.55,11,16.55,9,16.65,72,1,2022-09-16 09:05:12
1663319112825907000,16.6,1,16.55,9,16.65,72,2,2022-09-16 09:05:12
1663319114157815000,16.65,5,16.55,10,16.65,67,1,2022-09-16 09:05:14
1663319121695518000,16.6,4,16.6,4,16.65,65,2,2022-09-16 09:05:21
1663319123255167000,16.55,2,16.55,25,16.6,26,2,2022-09-16 09:05:23
1663319123355760000,16.6,1,16.55,25,16.6,25,1,2022-09-16 09:05:23
1663319123950512000,16.6,1,16.55,25,16.6,24,1,2022-09-16 09:05:23
1663319123959231000,16.6,1,16.55,25,16.6,23,1,2022-09-16 09:05:23
1663319134790766000,16.55,2,16.55,23,16.6,29,2,2022-09-16 09:05:34
1663319134814030000,16.55,23,16.5,105,16.6,29,2,2022-09-16 09:05:34
1663319134858324000,16.6,2,16.5,105,16.6,27,1,2022-09-16 09:05:34
1663319134949051000,16.55,4,16.5,105,16.6,27,2,2022-09-16 09:05:34
1663319136239252000,16.55,1,16.5,105,16.6,27,2,2022-09-16 09:05:36
1663319136982172000,16.55,1,16.5,105,16.55,11,1,2022-09-16 09:05:36
1663319140503060000,16.5,2,16.5,103,16.55,11,2,2022-09-16 09:05:40
1663319140614093000,16.55,8,16.5,103,16.55,3,1,2022-09-16 09:05:40
1663319143217150000,16.55,1,16.5,103,16.55,2,1,2022-09-16 09:05:43
1663319143702463000,16.55,2,16.55,3,16.6,60,1,2022-09-16 09:05:43
1663319143729891000,16.55,3,16.5,103,16.6,60,2,2022-09-16 09:05:43
1663319144018973000,16.55,1,16.5,103,16.55,5,1,2022-09-16 09:05:44
1663319144441850000,16.55,4,16.5,103,16.6,54,1,2022-09-16 09:05:44
1663319144441850000,16.6,6,16.5,103,16.6,54,1,2022-09-16 09:05:44
1663319150235565000,16.6,2,16.55,7,16.6,52,1,2022-09-16 09:05:50
1663319155748671000,16.6,1,16.55,23,16.6,59,1,2022-09-16 09:05:55
1663319158164982000,16.6,1,16.55,23,16.6,58,1,2022-09-16 09:05:58
1663319165855860000,16.6,1,16.55,32,16.6,55,1,2022-09-16 09:06:05
1663319166368244000,16.55,1,16.55,31,16.6,55,2,2022-09-16 09:06:06
1663319167688230000,16.6,1,16.55,30,16.6,54,1,2022-09-16 09:06:07
1663319168313601000,16.6,54,16.6,4,16.65,64,1,2022-09-16 09:06:08
1663319171322944000,16.6,2,16.6,2,16.65,67,2,2022-09-16 09:06:11
1663319171916826000,16.6,2,16.5,65,16.65,67,2,2022-09-16 09:06:11
1663319171916826000,16.55,35,16.5,65,16.65,67,2,2022-09-16 09:06:11
1663319173650035000,16.65,2,16.5,65,16.65,65,1,2022-09-16 09:06:13
1663319180985305000,16.6,1,16.55,2,16.6,1,1,2022-09-16 09:06:20
1663319183660107000,16.6,3,16.55,3,16.65,61,1,2022-09-16 09:06:23
1663319183660107000,16.65,2,16.55,3,16.65,61,1,2022-09-16 09:06:23
1663319184362603000,16.6,2,16.55,3,16.65,61,2,2022-09-16 09:06:24
1663319187341911000,16.55,5,16.5,77,16.6,10,2,2022-09-16 09:06:27
1663319188505055000,16.6,1,16.5,77,16.6,9,1,2022-09-16 09:06:28
1663319188684819000,16.55,1,16.5,77,16.6,9,2,2022-09-16 09:06:28
1663319190325939000,16.6,1,16.55,5,16.6,8,1,2022-09-16 09:06:30
1663319192568694000,16.55,5,16.5,77,16.6,18,2,2022-09-16 09:06:32
1663319193357759000,16.55,5,16.5,77,16.55,5,2,2022-09-16 09:06:33
1663319193614180000,16.55,4,16.5,77,16.55,5,1,2022-09-16 09:06:33
1663319194130486000,16.55,1,16.55,3,16.6,19,1,2022-09-16 09:06:34
1663319198646150000,16.55,2,16.55,8,16.6,30,2,2022-09-16 09:06:38
1663319198679196000,16.55,8,16.5,79,16.6,30,2,2022-09-16 09:06:38
1663319206610934000,16.55,5,16.5,78,16.55,45,2,2022-09-16 09:06:46
1663319206648343000,16.5,78,16.45,63,16.55,49,2,2022-09-16 09:06:46
1663319208634719000,16.55,1,16.45,63,16.55,48,1,2022-09-16 09:06:48
1663319214581538000,16.5,5,16.45,58,16.55,56,1,2022-09-16 09:06:54
1663319215524974000,16.5,1,16.45,58,16.55,52,2,2022-09-16 09:06:55
1663319218465370000,16.5,1,16.5,1,16.55,47,2,2022-09-16 09:06:58
1663319223977786000,16.5,1,16.5,25,16.55,47,2,2022-09-16 09:07:03
1663319224968766000,16.5,15,16.5,10,16.55,47,2,2022-09-16 09:07:04
1663319224999836000,16.5,4,16.5,6,16.55,47,2,2022-09-16 09:07:04
1663319225725838000,16.5,4,16.5,2,16.55,47,2,2022-09-16 09:07:05
1663319225841562000,16.55,1,16.5,2,16.55,46,1,2022-09-16 09:07:05
1663319227353315000,16.5,2,16.45,40,16.55,46,2,2022-09-16 09:07:07
1663319227353315000,16.45,8,16.45,40,16.55,46,2,2022-09-16 09:07:07
1663319237286600000,16.5,1,16.45,43,16.5,16,1,2022-09-16 09:07:17
1663319238284239000,16.5,1,16.45,43,16.5,16,1,2022-09-16 09:07:18
1663319238287330000,16.45,1,16.45,42,16.5,16,2,2022-09-16 09:07:18
1663319239014737000,16.45,14,16.45,28,16.5,2,2,2022-09-16 09:07:19
1663319241099354000,16.5,2,16.45,37,16.55,45,1,2022-09-16 09:07:21
1663319241099354000,16.55,3,16.45,37,16.55,45,1,2022-09-16 09:07:21
1663319242174231000,16.5,1,16.45,38,16.55,44,1,2022-09-16 09:07:22
1663319242616786000,16.5,1,16.45,38,16.55,44,2,2022-09-16 09:07:22
1663319243026564000,16.5,1,16.45,38,16.55,44,1,2022-09-16 09:07:23
1663319247436478000,16.5,1,16.5,24,16.55,47,2,2022-09-16 09:07:27
1663319249916751000,16.5,5,16.5,24,16.55,45,2,2022-09-16 09:07:29
1663319250625356000,16.5,20,16.5,44,16.55,45,2,2022-09-16 09:07:30
1663319256385472000,16.5,1,16.5,23,16.55,46,2,2022-09-16 09:07:36
1663319256941937000,16.5,6,16.5,17,16.55,46,2,2022-09-16 09:07:36
1663319257188268000,16.5,1,16.5,16,16.55,46,2,2022-09-16 09:07:37
1663319259236534000,16.5,5,16.5,12,16.55,46,2,2022-09-16 09:07:39
1663319259465396000,16.5,1,16.5,11,16.55,46,2,2022-09-16 09:07:39
1663319260119544000,16.5,2,16.5,9,16.55,46,2,2022-09-16 09:07:40
1663319261132857000,16.5,9,16.45,57,16.5,21,2,2022-09-16 09:07:41
1663319261169373000,16.5,21,16.45,57,16.5,4,1,2022-09-16 09:07:41
1663319261199861000,16.5,4,16.45,57,16.55,45,1,2022-09-16 09:07:41
1663319261210174000,16.55,5,16.45,57,16.55,40,1,2022-09-16 09:07:41
1663319262453786000,16.5,7,16.45,57,16.55,40,1,2022-09-16 09:07:42
1663319269148672000,16.5,2,16.5,2,16.55,48,2,2022-09-16 09:07:49
1663319270432136000,16.5,5,16.5,2,16.55,48,2,2022-09-16 09:07:50
1663319274995361000,16.5,1,16.5,11,16.55,48,2,2022-09-16 09:07:54
1663319275152619000,16.5,5,16.5,6,16.55,48,2,2022-09-16 09:07:55
1663319285273870000,16.5,1,16.5,16,16.55,48,2,2022-09-16 09:08:05
1663319285758852000,16.5,1,16.5,20,16.55,48,2,2022-09-16 09:08:05
1663319287629121000,16.5,10,16.5,11,16.55,48,2,2022-09-16 09:08:07
1663319287662561000,16.5,4,16.5,7,16.55,48,2,2022-09-16 09:08:07
1663319288400145000,16.5,8,16.45,62,16.5,12,2,2022-09-16 09:08:08
1663319288419082000,16.5,12,16.45,62,16.5,12,1,2022-09-16 09:08:08
1663319289048968000,16.5,1,16.5,5,16.55,43,2,2022-09-16 09:08:09
1663319292062594000,16.5,1,16.5,4,16.55,42,2,2022-09-16 09:08:12
1663319295958803000,16.5,5,16.45,72,16.5,5,2,2022-09-16 09:08:15
1663319295985270000,16.5,5,16.45,72,16.55,52,1,2022-09-16 09:08:15
1663319297343903000,16.45,1,16.45,71,16.55,52,2,2022-09-16 09:08:17
1663319298619471000,16.5,3,16.45,71,16.55,52,1,2022-09-16 09:08:18
1663319306268055000,16.5,3,16.5,16,16.55,52,2,2022-09-16 09:08:26
1663319331864452000,16.5,5,16.5,16,16.55,62,2,2022-09-16 09:08:51
1663319336351866000,16.55,1,16.5,21,16.55,59,1,2022-09-16 09:08:56
1663319336567057000,16.55,19,16.5,21,16.55,40,1,2022-09-16 09:08:56
1663319336591975000,16.55,24,16.5,21,16.55,16,1,2022-09-16 09:08:56
1663319336592043000,16.55,16,16.5,21,16.6,51,1,2022-09-16 09:08:56
1663319336623037000,16.6,8,16.5,21,16.6,43,1,2022-09-16 09:08:56
1663319338709488000,16.6,2,16.55,4,16.6,45,1,2022-09-16 09:08:58
1663319341904144000,16.55,3,16.55,1,16.6,41,2,2022-09-16 09:09:01
1663319353603195000,16.55,1,16.55,2,16.6,38,2,2022-09-16 09:09:13
1663319359783850000,16.55,1,16.55,1,16.6,38,2,2022-09-16 09:09:19
1663319362776418000,16.55,5,16.55,1,16.6,38,2,2022-09-16 09:09:22
1663319368198549000,16.55,2,16.5,43,16.6,38,2,2022-09-16 09:09:28
1663319368732088000,16.6,1,16.5,43,16.6,37,1,2022-09-16 09:09:28
1663319385501613000,16.6,5,16.55,5,16.6,35,1,2022-09-16 09:09:45
1663319385527315000,16.6,35,16.55,5,16.65,64,1,2022-09-16 09:09:45
1663319390070864000,16.65,10,16.6,1,16.65,54,1,2022-09-16 09:09:50
1663319390097911000,16.65,54,16.6,1,16.7,47,1,2022-09-16 09:09:50
1663319390118340000,16.7,7,16.6,1,16.7,40,1,2022-09-16 09:09:50
1663319396728082000,16.7,1,16.6,5,16.7,42,1,2022-09-16 09:09:56
1663319397045325000,16.7,2,16.6,5,16.7,40,1,2022-09-16 09:09:57
1663319398479844000,16.7,1,16.6,5,16.7,39,1,2022-09-16 09:09:58
1663319399550628000,16.7,39,16.7,11,16.75,52,1,2022-09-16 09:09:59
1663319399582981000,16.7,11,16.6,6,16.75,52,2,2022-09-16 09:09:59
1663319403247596000,16.75,1,16.7,6,16.75,51,1,2022-09-16 09:10:03
1663319403458524000,16.75,1,16.7,6,16.75,50,1,2022-09-16 09:10:03
1663319403485265000,16.75,1,16.7,6,16.75,49,1,2022-09-16 09:10:03
1663319403536896000,16.75,1,16.7,6,16.75,48,1,2022-09-16 09:10:03
1663319403555092000,16.75,10,16.7,6,16.75,38,1,2022-09-16 09:10:03
1663319403568719000,16.75,1,16.7,6,16.75,37,1,2022-09-16 09:10:03
1663319403601267000,16.75,3,16.7,6,16.75,34,1,2022-09-16 09:10:03
1663319405376929000,16.7,1,16.7,5,16.75,34,2,2022-09-16 09:10:05
1663319405413948000,16.75,1,16.7,5,16.75,33,1,2022-09-16 09:10:05
1663319405810436000,16.75,3,16.7,5,16.75,30,1,2022-09-16 09:10:05
1663319406810333000,16.75,3,16.7,7,16.75,27,1,2022-09-16 09:10:06
1663319408708819000,16.75,10,16.7,8,16.75,17,1,2022-09-16 09:10:08
1663319409659180000,16.7,1,16.7,7,16.75,17,2,2022-09-16 09:10:09
1663319410626249000,16.75,1,16.7,8,16.75,16,1,2022-09-16 09:10:10
1663319410784993000,16.75,1,16.7,8,16.75,15,1,2022-09-16 09:10:10
1663319411442540000,16.75,1,16.7,8,16.75,16,1,2022-09-16 09:10:11
1663319413430882000,16.75,7,16.7,8,16.75,8,1,2022-09-16 09:10:13
1663319413976109000,16.7,1,16.7,8,16.75,8,2,2022-09-16 09:10:13
1663319416242038000,16.75,9,16.7,9,16.8,26,1,2022-09-16 09:10:16
1663319416242038000,16.8,31,16.7,9,16.8,26,1,2022-09-16 09:10:16
1663319416617926000,16.75,2,16.7,13,16.8,36,2,2022-09-16 09:10:16
1663319417720522000,16.75,5,16.75,5,16.8,36,1,2022-09-16 09:10:17
1663319417735424000,16.75,5,16.7,10,16.8,36,2,2022-09-16 09:10:17
1663319418867537000,16.75,1,16.7,10,16.8,37,2,2022-09-16 09:10:18
1663319426489731000,16.7,1,16.7,14,16.75,14,2,2022-09-16 09:10:26
1663319426523313000,16.75,2,16.7,13,16.75,12,1,2022-09-16 09:10:26
1663319427320582000,16.75,12,16.75,8,16.8,38,1,2022-09-16 09:10:27
1663319427349664000,16.75,8,16.7,12,16.8,38,2,2022-09-16 09:10:27
1663319428014610000,16.75,1,16.7,13,16.75,4,2,2022-09-16 09:10:28
1663319429095198000,16.75,1,16.7,13,16.75,14,1,2022-09-16 09:10:29
1663319429867891000,16.75,1,16.7,13,16.75,14,1,2022-09-16 09:10:29
1663319430668707000,16.7,1,16.7,12,16.75,18,2,2022-09-16 09:10:30
1663319432142009000,16.7,10,16.7,2,16.75,20,2,2022-09-16 09:10:32
1663319432171384000,16.7,2,16.65,6,16.75,20,2,2022-09-16 09:10:32
1663319432397928000,16.75,10,16.65,6,16.75,24,1,2022-09-16 09:10:32
1663319432965437000,16.65,6,16.6,22,16.75,14,2,2022-09-16 09:10:32
1663319432965437000,16.6,4,16.6,22,16.75,14,2,2022-09-16 09:10:32
1663319433522810000,16.75,2,16.6,22,16.75,12,1,2022-09-16 09:10:33
1663319433827091000,16.6,10,16.6,12,16.75,12,2,2022-09-16 09:10:33
1663319434387055000,16.75,1,16.6,12,16.75,13,1,2022-09-16 09:10:34
1663319436316883000,16.7,1,16.6,12,16.7,9,2,2022-09-16 09:10:36
1663319436640911000,16.7,1,16.6,12,16.7,8,1,2022-09-16 09:10:36
1663319440264266000,16.7,1,16.6,13,16.7,32,1,2022-09-16 09:10:40
1663319440567341000,16.7,3,16.6,13,16.7,29,1,2022-09-16 09:10:40
1663319440717221000,16.7,10,16.6,13,16.7,20,1,2022-09-16 09:10:40
1663319441420353000,16.65,1,16.6,13,16.65,1,1,2022-09-16 09:10:41
1663319441967515000,16.7,10,16.6,13,16.7,11,1,2022-09-16 09:10:41
1663319444575713000,16.7,5,16.65,15,16.7,6,1,2022-09-16 09:10:44
1663319447201244000,16.7,1,16.65,19,16.7,6,1,2022-09-16 09:10:47
1663319448431287000,16.7,1,16.65,19,16.7,5,1,2022-09-16 09:10:48
1663319448508054000,16.7,1,16.65,19,16.7,6,1,2022-09-16 09:10:48
1663319448659873000,16.7,1,16.65,19,16.7,3,1,2022-09-16 09:10:48
1663319449806972000,16.7,2,16.65,17,16.7,1,1,2022-09-16 09:10:49
1663319451943162000,16.7,1,16.65,17,16.7,1,1,2022-09-16 09:10:51
1663319453116204000,16.7,1,16.7,1,16.75,34,1,2022-09-16 09:10:53
1663319453155912000,16.7,1,16.65,17,16.75,34,2,2022-09-16 09:10:53
1663319456251660000,16.7,1,16.65,19,16.75,34,1,2022-09-16 09:10:56
1663319456917759000,16.7,1,16.65,19,16.75,34,2,2022-09-16 09:10:56
1663319457692283000,16.7,1,16.65,19,16.7,9,2,2022-09-16 09:10:57
1663319461395863000,16.7,1,16.65,19,16.7,8,1,2022-09-16 09:11:01
1663319462479053000,16.7,6,16.65,19,16.7,2,1,2022-09-16 09:11:02
1663319462479933000,16.7,2,16.7,3,16.75,38,1,2022-09-16 09:11:02
1663319462509915000,16.7,3,16.65,19,16.75,38,2,2022-09-16 09:11:02
1663319463502582000,16.7,1,16.7,1,16.75,38,2,2022-09-16 09:11:03
1663319469788068000,16.7,1,16.7,2,16.75,38,2,2022-09-16 09:11:09
1663319472875821000,16.7,3,16.65,19,16.7,32,2,2022-09-16 09:11:12
1663319477283622000,16.7,5,16.65,39,16.7,28,1,2022-09-16 09:11:17
1663319477489698000,16.7,9,16.65,39,16.7,19,1,2022-09-16 09:11:17
1663319481493702000,16.7,20,16.7,10,16.75,36,1,2022-09-16 09:11:21
1663319485051043000,16.75,5,16.7,20,16.75,27,1,2022-09-16 09:11:25
1663319488016869000,16.75,10,16.7,20,16.75,19,1,2022-09-16 09:11:28
1663319489886162000,16.75,1,16.7,20,16.75,18,1,2022-09-16 09:11:29
1663319490707715000,16.75,18,16.75,2,16.8,70,1,2022-09-16 09:11:30
1663319490736977000,16.75,2,16.7,20,16.8,70,2,2022-09-16 09:11:30
1663319491777410000,16.8,10,16.75,1,16.8,70,1,2022-09-16 09:11:31
1663319493620708000,16.75,1,16.7,20,16.8,60,2,2022-09-16 09:11:33
1663319494470748000,16.75,1,16.7,20,16.75,4,2,2022-09-16 09:11:34
1663319496701279000,16.75,1,16.7,21,16.75,3,1,2022-09-16 09:11:36
1663319496812298000,16.75,1,16.7,21,16.75,2,1,2022-09-16 09:11:36
1663319498675019000,16.75,2,16.7,22,16.8,60,1,2022-09-16 09:11:38
1663319500944484000,16.8,10,16.75,3,16.8,53,1,2022-09-16 09:11:40
1663319504699510000,16.8,1,16.75,8,16.8,54,1,2022-09-16 09:11:44
1663319505965121000,16.8,1,16.75,18,16.8,53,1,2022-09-16 09:11:45
1663319508586019000,16.8,1,16.75,19,16.8,52,1,2022-09-16 09:11:48
1663319508596125000,16.75,3,16.75,16,16.8,52,2,2022-09-16 09:11:48
1663319511275452000,16.75,3,16.75,13,16.8,52,2,2022-09-16 09:11:51
1663319512487788000,16.75,13,16.7,31,16.75,27,2,2022-09-16 09:11:52
1663319514641684000,16.75,1,16.7,31,16.75,32,1,2022-09-16 09:11:54
1663319515261735000,16.75,10,16.7,31,16.75,22,1,2022-09-16 09:11:55
1663319515437553000,16.75,1,16.7,31,16.75,21,1,2022-09-16 09:11:55
1663319518841858000,16.7,31,16.65,64,16.7,19,2,2022-09-16 09:11:58
1663319519365111000,16.7,5,16.65,64,16.7,14,1,2022-09-16 09:11:59
1663319519717344000,16.65,5,16.65,59,16.7,15,2,2022-09-16 09:11:59
1663319519754924000,16.65,59,16.6,30,16.7,15,2,2022-09-16 09:11:59
1663319527174632000,16.7,5,16.6,31,16.7,18,1,2022-09-16 09:12:07
1663319536044966000,16.65,1,16.6,29,16.7,22,1,2022-09-16 09:12:16
1663319539561071000,16.65,2,16.6,29,16.7,22,2,2022-09-16 09:12:19
1663319543039968000,16.7,10,16.65,1,16.7,12,1,2022-09-16 09:12:23
1663319545339693000,16.65,2,16.65,2,16.7,12,2,2022-09-16 09:12:25
1663319547503875000,16.7,5,16.6,29,16.7,7,1,2022-09-16 09:12:27
1663319551731750000,16.65,2,16.6,30,16.7,22,2,2022-09-16 09:12:31
1663319557112055000,16.65,2,16.6,31,16.7,27,2,2022-09-16 09:12:37
1663319559454746000,16.65,1,16.6,31,16.65,1,1,2022-09-16 09:12:39
1663319561115346000,16.65,1,16.65,4,16.7,27,1,2022-09-16 09:12:41
1663319561475478000,16.65,3,16.65,1,16.7,27,2,2022-09-16 09:12:41
1663319561505201000,16.65,1,16.6,36,16.7,27,2,2022-09-16 09:12:41
1663319567017698000,16.65,2,16.6,37,16.7,27,2,2022-09-16 09:12:47
1663319572417142000,16.65,1,16.6,37,16.65,2,2,2022-09-16 09:12:52
1663319574799505000,16.65,2,16.6,37,16.7,24,1,2022-09-16 09:12:54
1663319578894323000,16.65,1,16.6,36,16.7,23,1,2022-09-16 09:12:58
1663319587430283000,16.65,3,16.65,2,16.7,24,2,2022-09-16 09:13:07
1663319588335596000,16.65,1,16.65,1,16.7,24,2,2022-09-16 09:13:08
1663319588365860000,16.65,1,16.6,36,16.7,24,2,2022-09-16 09:13:08
1663319593023737000,16.65,1,16.6,36,16.65,11,1,2022-09-16 09:13:13
1663319594097572000,16.65,1,16.6,36,16.65,10,1,2022-09-16 09:13:14
1663319601431907000,16.65,5,16.6,36,16.65,5,1,2022-09-16 09:13:21
1663319601463102000,16.65,5,16.6,36,16.7,24,1,2022-09-16 09:13:21
1663319606741440000,16.65,9,16.6,36,16.65,1,2,2022-09-16 09:13:26
1663319607665294000,16.65,1,16.6,36,16.7,24,1,2022-09-16 09:13:27
1663319629540668000,16.65,1,16.65,8,16.7,25,2,2022-09-16 09:13:49
1663319631812836000,16.65,2,16.65,6,16.7,25,2,2022-09-16 09:13:51
1663319633169835000,16.65,6,16.6,33,16.65,4,2,2022-09-16 09:13:53
1663319640040601000,16.6,2,16.6,31,16.65,5,2,2022-09-16 09:14:00
1663319640145404000,16.65,5,16.6,31,16.7,25,1,2022-09-16 09:14:00
1663319676026522000,16.65,1,16.65,13,16.7,23,2,2022-09-16 09:14:36
1663319683346691000,16.7,6,16.65,7,16.7,17,1,2022-09-16 09:14:43
1663319683706697000,16.7,1,16.65,7,16.7,16,1,2022-09-16 09:14:43
1663319683739904000,16.7,2,16.65,7,16.7,14,1,2022-09-16 09:14:43
1663319683770463000,16.7,14,16.65,7,16.75,19,1,2022-09-16 09:14:43
1663319697815630000,16.75,1,16.7,5,16.75,18,1,2022-09-16 09:14:57
1663319711349579000,16.7,1,16.7,7,16.75,31,2,2022-09-16 09:15:11
1663319713873635000,16.7,6,16.65,5,16.75,32,2,2022-09-16 09:15:13
1663319713873635000,16.65,2,16.65,5,16.75,32,2,2022-09-16 09:15:13
1663319729872901000,16.65,3,16.65,7,16.7,3,2,2022-09-16 09:15:29
1663319730551157000,16.65,2,16.65,5,16.7,3,2,2022-09-16 09:15:30
1663319743862367000,16.65,1,16.65,7,16.7,7,2,2022-09-16 09:15:43
1663319745511430000,16.65,1,16.65,6,16.7,11,2,2022-09-16 09:15:45
1663319761043029000,16.65,6,16.65,1,16.7,10,2,2022-09-16 09:16:01
1663319761074609000,16.65,1,16.6,38,16.7,10,2,2022-09-16 09:16:01
1663319765370240000,16.65,10,16.6,38,16.7,14,1,2022-09-16 09:16:05
1663319766405939000,16.65,2,16.6,38,16.7,14,1,2022-09-16 09:16:06
1663319771957854000,16.65,4,16.65,1,16.7,11,2,2022-09-16 09:16:11
1663319771993419000,16.65,1,16.6,38,16.7,11,2,2022-09-16 09:16:11
1663319785530276000,16.7,1,16.65,19,16.7,9,1,2022-09-16 09:16:25
1663319785850336000,16.7,1,16.65,19,16.7,8,1,2022-09-16 09:16:25
1663319787510640000,16.7,2,16.65,20,16.7,6,1,2022-09-16 09:16:27
1663319790438636000,16.7,1,16.65,23,16.7,6,1,2022-09-16 09:16:30
1663319799305840000,16.7,10,16.65,25,16.7,1,1,2022-09-16 09:16:39
1663319802055530000,16.7,1,16.65,24,16.75,35,1,2022-09-16 09:16:42
1663319802143988000,16.75,2,16.65,24,16.75,35,1,2022-09-16 09:16:42
1663319809695045000,16.7,3,16.7,7,16.75,33,1,2022-09-16 09:16:49
1663319814035974000,16.75,6,16.7,9,16.75,27,1,2022-09-16 09:16:54
1663319819262667000,16.7,3,16.7,6,16.75,27,2,2022-09-16 09:16:59
1663319831266952000,16.75,1,16.7,14,16.75,29,1,2022-09-16 09:17:11
1663319840579196000,16.75,1,16.7,21,16.75,28,1,2022-09-16 09:17:20
1663319841098318000,16.75,7,16.7,21,16.75,21,1,2022-09-16 09:17:21
1663319841128696000,16.75,21,16.7,21,16.8,63,1,2022-09-16 09:17:21
1663319852820886000,16.75,4,16.75,6,16.8,65,2,2022-09-16 09:17:32
1663319852855408000,16.75,6,16.7,21,16.8,65,2,2022-09-16 09:17:32
1663319856040339000,16.8,1,16.7,21,16.8,64,1,2022-09-16 09:17:36
1663319856594881000,16.8,1,16.7,21,16.8,73,1,2022-09-16 09:17:36
1663319860975327000,16.75,1,16.7,21,16.75,4,1,2022-09-16 09:17:40
1663319861031090000,16.75,1,16.7,21,16.75,3,1,2022-09-16 09:17:41
1663319866098803000,16.75,9,16.75,1,16.8,73,1,2022-09-16 09:17:46
1663319866122698000,16.75,1,16.75,5,16.8,73,2,2022-09-16 09:17:46
1663319867777196000,16.75,5,16.7,22,16.8,73,2,2022-09-16 09:17:47
1663319873339371000,16.75,1,16.7,22,16.75,2,1,2022-09-16 09:17:53
1663319876446840000,16.75,2,16.75,8,16.8,69,1,2022-09-16 09:17:56
1663319877533157000,16.75,1,16.75,7,16.8,69,2,2022-09-16 09:17:57
1663319879389791000,16.75,1,16.75,7,16.8,69,2,2022-09-16 09:17:59
1663319880616287000,16.75,1,16.75,6,16.8,70,2,2022-09-16 09:18:00
1663319880647847000,16.75,6,16.7,20,16.8,70,2,2022-09-16 09:18:00
1663319884079094000,16.75,1,16.75,5,16.8,70,2,2022-09-16 09:18:04
1663319885512454000,16.75,6,16.75,6,16.8,70,2,2022-09-16 09:18:05
1663319889641151000,16.75,2,16.7,21,16.75,14,1,2022-09-16 09:18:09
1663319890739913000,16.75,6,16.7,22,16.75,8,1,2022-09-16 09:18:10
1663319896825586000,16.75,1,16.7,22,16.75,9,1,2022-09-16 09:18:16
1663319897747143000,16.75,2,16.7,22,16.75,7,1,2022-09-16 09:18:17
1663319898585421000,16.75,2,16.7,22,16.75,5,1,2022-09-16 09:18:18
1663319898889061000,16.7,5,16.7,17,16.75,10,2,2022-09-16 09:18:18
1663319899329455000,16.7,1,16.7,16,16.75,10,2,2022-09-16 09:18:19
1663319904308158000,16.7,15,16.65,28,16.75,15,2,2022-09-16 09:18:24
1663319907922608000,16.7,1,16.65,28,16.75,15,2,2022-09-16 09:18:27
1663319916749974000,16.7,1,16.65,33,16.7,3,1,2022-09-16 09:18:36
1663319916777516000,16.7,3,16.65,33,16.75,33,1,2022-09-16 09:18:36
1663319918692116000,16.7,1,16.65,44,16.7,1,1,2022-09-16 09:18:38
1663319919115720000,16.7,1,16.7,4,16.75,28,1,2022-09-16 09:18:39
1663319922863109000,16.7,1,16.7,5,16.75,32,2,2022-09-16 09:18:42
1663319936049467000,16.7,10,16.7,5,16.75,31,2,2022-09-16 09:18:56
1663319936081794000,16.7,5,16.65,41,16.75,31,2,2022-09-16 09:18:56
1663319939749972000,16.7,1,16.65,41,16.7,9,1,2022-09-16 09:18:59
1663319939950451000,16.7,9,16.7,1,16.75,35,1,2022-09-16 09:18:59
1663319939981345000,16.7,1,16.65,41,16.75,35,2,2022-09-16 09:18:59
1663319953289892000,16.65,1,16.65,40,16.7,16,2,2022-09-16 09:19:13
1663319965712833000,16.65,1,16.65,39,16.7,16,2,2022-09-16 09:19:25
1663319972626487000,16.65,1,16.65,38,16.7,17,2,2022-09-16 09:19:32
1663319974495766000,16.65,5,16.65,33,16.7,17,2,2022-09-16 09:19:34
1663319974535040000,16.65,7,16.65,26,16.7,17,2,2022-09-16 09:19:34
1663319974746523000,16.65,4,16.65,22,16.7,17,2,2022-09-16 09:19:34
1663319974779819000,16.65,5,16.65,17,16.7,17,2,2022-09-16 09:19:34
1663319977838825000,16.65,1,16.65,16,16.7,21,2,2022-09-16 09:19:37
1663319981928836000,16.65,16,16.6,29,16.7,17,2,2022-09-16 09:19:41
1663319981928836000,16.6,13,16.6,29,16.7,17,2,2022-09-16 09:19:41
1663320007374169000,16.6,3,16.6,26,16.65,7,2,2022-09-16 09:20:07
1663320007803854000,16.6,15,16.6,11,16.65,7,2,2022-09-16 09:20:07
1663320010522492000,16.6,7,16.6,4,16.65,7,2,2022-09-16 09:20:10
1663320013483569000,16.65,1,16.6,4,16.65,6,1,2022-09-16 09:20:13
1663320013993157000,16.6,3,16.6,1,16.65,6,2,2022-09-16 09:20:13
1663320017066571000,16.6,1,16.55,52,16.65,6,2,2022-09-16 09:20:17
1663320017066571000,16.55,2,16.55,52,16.65,6,2,2022-09-16 09:20:17
1663320018172571000,16.6,1,16.6,9,16.65,6,2,2022-09-16 09:20:18
1663320020337023000,16.6,1,16.6,10,16.65,6,2,2022-09-16 09:20:20
1663320026280758000,16.6,15,16.5,117,16.65,6,2,2022-09-16 09:20:26
1663320026280758000,16.55,41,16.5,117,16.65,6,2,2022-09-16 09:20:26
1663320026280758000,16.5,4,16.5,117,16.65,6,2,2022-09-16 09:20:26
1663320026537098000,16.6,1,16.5,120,16.65,6,1,2022-09-16 09:20:26
1663320029241927000,16.6,1,16.55,4,16.6,9,2,2022-09-16 09:20:29
1663320029272674000,16.6,9,16.55,4,16.6,6,1,2022-09-16 09:20:29
1663320029303611000,16.6,3,16.55,4,16.65,4,1,2022-09-16 09:20:29
1663320036936433000,16.6,1,16.55,7,16.65,5,1,2022-09-16 09:20:36
1663320050794734000,16.6,1,16.5,100,16.55,2,2,2022-09-16 09:20:50
1663320050794734000,16.55,7,16.5,100,16.55,2,2,2022-09-16 09:20:50
1663320050824908000,16.55,2,16.5,100,16.65,5,1,2022-09-16 09:20:50
1663320062661007000,16.55,1,16.55,2,16.6,16,2,2022-09-16 09:21:02
1663320063884029000,16.55,1,16.55,1,16.6,16,2,2022-09-16 09:21:03
1663320068443750000,16.55,1,16.5,97,16.6,16,2,2022-09-16 09:21:08
1663320071426698000,16.55,5,16.5,97,16.6,19,1,2022-09-16 09:21:11
1663320078465355000,16.55,1,16.5,98,16.55,9,2,2022-09-16 09:21:18
1663320078497599000,16.55,1,16.5,98,16.55,8,1,2022-09-16 09:21:18
1663320078497644000,16.55,8,16.5,98,16.6,10,1,2022-09-16 09:21:18
1663320081534802000,16.55,1,16.5,98,16.6,10,1,2022-09-16 09:21:21
1663320081565695000,16.6,10,16.5,98,16.6,10,1,2022-09-16 09:21:21
1663320115094726000,16.6,4,16.6,29,16.65,13,2,2022-09-16 09:21:55
1663320126910112000,16.6,31,16.55,27,16.6,29,2,2022-09-16 09:22:06
1663320136022334000,16.6,1,16.55,26,16.6,31,1,2022-09-16 09:22:16
1663320144214724000,16.55,2,16.55,14,16.6,31,2,2022-09-16 09:22:24
1663320152939047000,16.55,14,16.5,95,16.55,2,2,2022-09-16 09:22:32
1663320152971158000,16.55,2,16.5,95,16.6,47,1,2022-09-16 09:22:32
1663320164973359000,16.6,3,16.55,19,16.6,42,1,2022-09-16 09:22:44
1663320165016535000,16.6,42,16.55,19,16.65,19,1,2022-09-16 09:22:45
1663320165057747000,16.65,19,16.55,19,16.7,29,1,2022-09-16 09:22:45
1663320201301799000,16.65,7,16.65,1,16.7,32,2,2022-09-16 09:23:21
1663320207845240000,16.65,1,16.6,11,16.7,32,2,2022-09-16 09:23:27
1663320215034418000,16.65,5,16.6,12,16.7,33,1,2022-09-16 09:23:35
1663320238456178000,16.65,10,16.6,16,16.7,33,1,2022-09-16 09:23:58
1663320238487307000,16.7,8,16.6,16,16.7,25,1,2022-09-16 09:23:58
1663320245395874000,16.7,1,16.6,16,16.7,25,1,2022-09-16 09:24:05
1663320261020649000,16.7,26,16.65,16,16.75,43,1,2022-09-16 09:24:21
1663320261082324000,16.75,7,16.65,16,16.75,36,1,2022-09-16 09:24:21
1663320261113614000,16.75,36,16.65,16,16.8,112,1,2022-09-16 09:24:21
1663320269440101000,16.8,19,16.7,29,16.8,93,1,2022-09-16 09:24:29
1663320270811198000,16.75,1,16.7,32,16.8,99,2,2022-09-16 09:24:30
1663320272213027000,16.8,40,16.7,32,16.8,59,1,2022-09-16 09:24:32
1663320272283088000,16.75,3,16.75,2,16.8,59,2,2022-09-16 09:24:32
1663320272824777000,16.8,5,16.75,5,16.8,54,1,2022-09-16 09:24:32
1663320273944716000,16.8,1,16.75,8,16.8,52,1,2022-09-16 09:24:33
1663320274126589000,16.8,3,16.75,8,16.8,49,1,2022-09-16 09:24:34
1663320274421297000,16.8,2,16.75,8,16.8,47,1,2022-09-16 09:24:34
1663320275961935000,16.8,46,16.75,8,16.85,4,1,2022-09-16 09:24:35
1663320275961935000,16.85,24,16.75,8,16.85,4,1,2022-09-16 09:24:35
1663320276005482000,16.75,1,16.75,7,16.85,14,2,2022-09-16 09:24:36
1663320276068657000,16.85,2,16.75,7,16.85,12,1,2022-09-16 09:24:36
1663320276077152000,16.85,2,16.75,7,16.85,10,1,2022-09-16 09:24:36
1663320276088955000,16.85,2,16.75,7,16.85,8,1,2022-09-16 09:24:36
1663320276175575000,16.85,1,16.75,7,16.85,7,1,2022-09-16 09:24:36
1663320276198781000,16.85,1,16.75,7,16.85,6,1,2022-09-16 09:24:36
1663320276228472000,16.85,5,16.75,7,16.85,1,1,2022-09-16 09:24:36
1663320276231963000,16.85,1,16.85,5,16.9,100,1,2022-09-16 09:24:36
1663320276234126000,16.9,1,16.85,5,16.9,99,1,2022-09-16 09:24:36
1663320276276743000,16.9,1,16.85,5,16.9,108,1,2022-09-16 09:24:36
1663320276281899000,16.9,10,16.85,5,16.9,98,1,2022-09-16 09:24:36
1663320276513651000,16.85,1,16.85,4,16.9,98,2,2022-09-16 09:24:36
1663320279936313000,16.85,1,16.85,4,16.9,98,2,2022-09-16 09:24:39
1663320284334287000,16.85,2,16.85,2,16.9,98,2,2022-09-16 09:24:44
1663320284439038000,16.9,10,16.85,2,16.9,88,1,2022-09-16 09:24:44
1663320284537582000,16.9,1,16.85,2,16.9,87,1,2022-09-16 09:24:44
1663320285243761000,16.85,2,16.8,11,16.85,8,2,2022-09-16 09:24:45
1663320285269926000,16.85,8,16.8,11,16.9,87,1,2022-09-16 09:24:45
1663320286408724000,16.9,5,16.8,9,16.9,87,1,2022-09-16 09:24:46
1663320289221726000,16.85,1,16.85,1,16.9,82,1,2022-09-16 09:24:49
1663320292369061000,16.85,1,16.85,2,16.9,82,2,2022-09-16 09:24:52
1663320293492303000,16.9,1,16.85,2,16.9,81,1,2022-09-16 09:24:53
1663320295332357000,16.9,1,16.85,3,16.9,80,1,2022-09-16 09:24:55
1663320296097275000,16.85,1,16.85,7,16.9,80,2,2022-09-16 09:24:56
1663320296410383000,16.85,4,16.85,3,16.9,80,2,2022-09-16 09:24:56
1663320296611649000,16.85,1,16.85,2,16.9,79,2,2022-09-16 09:24:56
1663320297569974000,16.85,2,16.8,7,16.85,1,2,2022-09-16 09:24:57
1663320297571727000,16.85,1,16.85,1,16.9,79,1,2022-09-16 09:24:57
1663320298375239000,16.85,1,16.8,3,16.9,79,2,2022-09-16 09:24:58
1663320298375239000,16.8,4,16.8,3,16.9,79,2,2022-09-16 09:24:58
1663320301220625000,16.8,3,16.75,12,16.8,7,2,2022-09-16 09:25:01
1663320304501709000,16.8,1,16.75,17,16.8,6,1,2022-09-16 09:25:04
1663320304534557000,16.8,4,16.75,17,16.8,2,1,2022-09-16 09:25:04
1663320307778049000,16.8,1,16.75,18,16.8,1,1,2022-09-16 09:25:07
1663320308487951000,16.75,12,16.75,6,16.8,1,2,2022-09-16 09:25:08
1663320309119555000,16.8,1,16.8,4,16.85,7,1,2022-09-16 09:25:09
1663320310534197000,16.85,1,16.8,6,16.85,8,1,2022-09-16 09:25:10
1663320310820179000,16.8,3,16.8,3,16.85,8,2,2022-09-16 09:25:10
1663320311412895000,16.8,1,16.8,3,16.85,8,2,2022-09-16 09:25:11
1663320316989342000,16.8,3,16.8,1,16.85,9,2,2022-09-16 09:25:16
1663320319916986000,16.85,4,16.8,3,16.85,27,1,2022-09-16 09:25:19
1663320319961767000,16.8,3,16.75,4,16.8,7,2,2022-09-16 09:25:19
1663320320920012000,16.75,4,16.7,32,16.8,7,2,2022-09-16 09:25:20
1663320320920012000,16.7,1,16.7,32,16.8,7,2,2022-09-16 09:25:20
1663320323242091000,16.75,1,16.7,29,16.75,9,1,2022-09-16 09:25:23
1663320323307344000,16.75,9,16.8,79,16.85,28,1,2022-09-16 09:25:23
1663320323307344000,16.8,12,16.8,79,16.85,28,1,2022-09-16 09:25:23
1663320326040570000,16.8,1,16.8,78,16.85,28,2,2022-09-16 09:25:26
1663320329617579000,16.85,26,16.85,4,16.9,79,1,2022-09-16 09:25:29
1663320329662013000,16.85,2,16.85,2,16.9,79,2,2022-09-16 09:25:29
1663320331607328000,16.85,2,16.85,3,16.9,79,2,2022-09-16 09:25:31
1663320333084230000,16.9,1,16.85,6,16.9,78,1,2022-09-16 09:25:33
1663320335448966000,16.9,50,16.85,11,16.9,28,1,2022-09-16 09:25:35
1663320335479547000,16.9,20,16.85,11,16.9,8,1,2022-09-16 09:25:35
1663320335670603000,16.9,8,16.85,11,16.95,31,1,2022-09-16 09:25:35
1663320335774233000,16.85,1,16.85,11,16.95,31,2,2022-09-16 09:25:35
1663320336176134000,16.95,10,16.85,10,16.95,21,1,2022-09-16 09:25:36
1663320336263950000,16.95,2,16.85,10,16.95,29,1,2022-09-16 09:25:36
1663320336301283000,16.95,3,16.85,10,16.95,31,1,2022-09-16 09:25:36
1663320336429541000,16.95,1,16.85,10,16.95,25,1,2022-09-16 09:25:36
1663320336459077000,16.95,1,16.85,10,16.95,24,1,2022-09-16 09:25:36
1663320337108217000,16.95,1,16.85,10,16.95,23,1,2022-09-16 09:25:37
1663320338599548000,16.95,1,16.9,4,16.95,22,1,2022-09-16 09:25:38
1663320341790033000,16.9,2,16.9,2,16.95,22,2,2022-09-16 09:25:41
1663320343205486000,16.9,1,16.85,13,16.9,5,1,2022-09-16 09:25:43
1663320343366922000,16.9,1,16.85,13,16.9,4,1,2022-09-16 09:25:43
1663320343751166000,16.9,4,16.9,1,16.95,23,1,2022-09-16 09:25:43
1663320343784268000,16.9,1,16.85,13,16.95,23,2,2022-09-16 09:25:43
1663320346400587000,16.95,2,16.9,1,16.95,21,1,2022-09-16 09:25:46
1663320346771644000,16.9,1,16.85,13,16.95,21,2,2022-09-16 09:25:46
1663320346842955000,16.95,1,16.85,13,16.95,20,1,2022-09-16 09:25:46
1663320347402661000,16.9,1,16.9,1,16.95,25,2,2022-09-16 09:25:47
1663320348636825000,16.9,1,16.85,9,16.9,4,1,2022-09-16 09:25:48
1663320349608707000,16.9,4,16.9,6,16.95,25,1,2022-09-16 09:25:49
1663320349635511000,16.9,1,16.9,5,16.95,25,2,2022-09-16 09:25:49
1663320349673244000,16.9,5,16.85,9,16.95,25,2,2022-09-16 09:25:49
1663320353295971000,16.95,1,16.9,48,16.95,28,1,2022-09-16 09:25:53
1663320353861231000,16.9,33,16.9,15,16.95,28,2,2022-09-16 09:25:53
1663320353881947000,16.9,14,16.9,1,16.95,28,2,2022-09-16 09:25:53
1663320354941210000,16.9,1,16.9,2,16.95,31,2,2022-09-16 09:25:54
1663320355203007000,16.9,2,16.85,7,16.95,31,2,2022-09-16 09:25:55
1663320355203007000,16.85,3,16.85,7,16.95,31,2,2022-09-16 09:25:55
1663320356051757000,16.9,1,16.85,7,16.9,1,1,2022-09-16 09:25:56
1663320358426365000,16.9,1,16.85,7,16.9,19,1,2022-09-16 09:25:58
1663320361863686000,16.85,20,16.75,13,16.9,53,2,2022-09-16 09:26:01
1663320361863686000,16.8,80,16.75,13,16.9,53,2,2022-09-16 09:26:01
1663320362194384000,16.9,3,16.75,16,16.9,53,1,2022-09-16 09:26:02
1663320363936237000,16.85,10,16.8,2,16.9,58,1,2022-09-16 09:26:03
1663320363936237000,16.9,1,16.8,2,16.9,58,1,2022-09-16 09:26:03
1663320369923911000,16.8,5,16.75,16,16.85,10,2,2022-09-16 09:26:09
1663320380569772000,16.8,1,16.8,2,16.85,14,1,2022-09-16 09:26:20
1663320380588508000,16.8,1,16.8,1,16.85,14,2,2022-09-16 09:26:20
1663320380601325000,16.8,1,16.75,13,16.85,14,2,2022-09-16 09:26:20
1663320380812610000,16.85,1,16.8,2,16.85,13,1,2022-09-16 09:26:20
1663320380840148000,16.8,1,16.8,1,16.85,13,2,2022-09-16 09:26:20
1663320381116608000,16.85,3,16.8,2,16.85,10,1,2022-09-16 09:26:21
1663320386184282000,16.8,3,16.75,14,16.8,7,2,2022-09-16 09:26:26
1663320387102647000,16.8,1,16.75,14,16.8,8,1,2022-09-16 09:26:27
1663320388721495000,16.8,1,16.75,14,16.8,11,1,2022-09-16 09:26:28
1663320392908427000,16.75,15,16.7,13,16.8,14,2,2022-09-16 09:26:32
1663320393066937000,16.8,14,16.8,46,16.85,43,1,2022-09-16 09:26:33
1663320393097540000,16.8,21,16.8,25,16.85,43,2,2022-09-16 09:26:33
1663320393180538000,16.8,3,16.8,25,16.85,43,2,2022-09-16 09:26:33
1663320397547833000,16.8,1,16.8,22,16.85,43,2,2022-09-16 09:26:37
1663320401410540000,16.8,1,16.8,21,16.85,43,2,2022-09-16 09:26:41
1663320404769039000,16.8,2,16.8,27,16.85,43,2,2022-09-16 09:26:44
1663320407425735000,16.8,25,16.75,28,16.8,5,2,2022-09-16 09:26:47
1663320408334650000,16.75,5,16.75,31,16.8,5,2,2022-09-16 09:26:48
1663320411592352000,16.8,1,16.75,8,16.8,5,1,2022-09-16 09:26:51
1663320414915021000,16.75,1,16.75,8,16.8,16,2,2022-09-16 09:26:54
1663320415784580000,16.75,1,16.75,7,16.8,16,2,2022-09-16 09:26:55
1663320417740035000,16.8,1,16.75,11,16.8,16,1,2022-09-16 09:26:57
1663320418227965000,16.75,3,16.75,11,16.8,16,2,2022-09-16 09:26:58
1663320419337416000,16.8,5,16.75,8,16.8,12,1,2022-09-16 09:26:59
1663320425985452000,16.8,1,16.75,18,16.8,12,1,2022-09-16 09:27:05
1663320427898768000,16.8,3,16.75,19,16.8,9,1,2022-09-16 09:27:07
1663320428872874000,16.8,2,16.75,19,16.8,9,1,2022-09-16 09:27:08
1663320432554547000,16.8,2,16.75,24,16.8,7,1,2022-09-16 09:27:12
1663320438607228000,16.8,3,16.75,29,16.8,5,1,2022-09-16 09:27:18
1663320445889328000,16.8,1,16.75,24,16.8,5,1,2022-09-16 09:27:25
1663320456061375000,16.8,1,16.75,26,16.8,19,1,2022-09-16 09:27:36
1663320458350795000,16.8,2,16.75,26,16.8,18,1,2022-09-16 09:27:38
1663320460394124000,16.75,1,16.75,25,16.8,18,2,2022-09-16 09:27:40
1663320469980653000,16.75,1,16.75,26,16.8,21,2,2022-09-16 09:27:49
1663320472246130000,16.75,5,16.75,22,16.8,19,2,2022-09-16 09:27:52
1663320479626473000,16.8,1,16.75,28,16.8,18,1,2022-09-16 09:27:59
1663320486381108000,16.8,1,16.75,24,16.8,19,1,2022-09-16 09:28:06
1663320489023689000,16.8,1,16.75,25,16.8,18,1,2022-09-16 09:28:09
1663320491132011000,16.8,1,16.75,25,16.8,17,1,2022-09-16 09:28:11
1663320491856836000,16.8,2,16.75,25,16.8,15,1,2022-09-16 09:28:11
1663320495007983000,16.8,1,16.75,26,16.8,15,1,2022-09-16 09:28:15
1663320497288634000,16.8,1,16.75,26,16.8,17,1,2022-09-16 09:28:17
1663320504908007000,16.8,1,16.75,28,16.8,16,1,2022-09-16 09:28:24
1663320509223381000,16.8,1,16.75,28,16.8,15,1,2022-09-16 09:28:29
1663320511178063000,16.8,2,16.75,28,16.8,14,1,2022-09-16 09:28:31
1663320513693663000,16.8,5,16.75,28,16.8,9,1,2022-09-16 09:28:33
1663320514601755000,16.75,3,16.75,25,16.8,6,2,2022-09-16 09:28:34
1663320515501113000,16.8,6,16.8,4,16.85,22,1,2022-09-16 09:28:35
1663320523191332000,16.8,1,16.8,6,16.85,22,2,2022-09-16 09:28:43
1663320535287242000,16.8,5,16.8,2,16.85,22,2,2022-09-16 09:28:55
1663320537435158000,16.8,2,16.75,24,16.85,22,2,2022-09-16 09:28:57
1663320537435158000,16.75,3,16.75,24,16.85,22,2,2022-09-16 09:28:57
1663320547340732000,16.75,1,16.75,25,16.85,30,2,2022-09-16 09:29:07
1663320561181328000,16.8,5,16.75,26,16.85,30,1,2022-09-16 09:29:21
1663320564006132000,16.75,3,16.75,23,16.85,30,2,2022-09-16 09:29:24
1663320569175213000,16.8,5,16.75,33,16.85,30,2,2022-09-16 09:29:29
1663320570800505000,16.8,5,16.75,33,16.85,31,2,2022-09-16 09:29:30
1663320579540418000,16.8,1,16.75,33,16.8,13,1,2022-09-16 09:29:39
1663320595592837000,16.8,1,16.75,33,16.8,14,1,2022-09-16 09:29:55
1663320628206612000,16.8,2,16.75,43,16.8,17,1,2022-09-16 09:30:28
1663320628240308000,16.8,17,16.75,43,16.85,44,1,2022-09-16 09:30:28
1663320628291421000,16.85,17,16.75,43,16.85,27,1,2022-09-16 09:30:28
1663320644263811000,16.85,2,16.8,12,16.85,24,1,2022-09-16 09:30:44
1663320649546474000,16.85,1,16.8,12,16.85,28,1,2022-09-16 09:30:49
1663320655057121000,16.85,1,16.8,14,16.85,28,1,2022-09-16 09:30:55
1663320655384571000,16.85,20,16.8,15,16.85,8,1,2022-09-16 09:30:55
1663320655415060000,16.85,8,16.8,15,16.9,23,1,2022-09-16 09:30:55
1663320656691184000,16.9,5,16.8,15,16.9,18,1,2022-09-16 09:30:56
1663320656869495000,16.9,1,16.8,15,16.9,17,1,2022-09-16 09:30:56
1663320661092524000,16.9,1,16.85,3,16.9,17,1,2022-09-16 09:31:01
1663320662136427000,16.9,1,16.85,3,16.9,16,1,2022-09-16 09:31:02
1663320663613719000,16.9,1,16.85,3,16.9,15,1,2022-09-16 09:31:03
1663320665562269000,16.9,1,16.85,4,16.9,20,1,2022-09-16 09:31:05
1663320669697906000,16.9,1,16.85,5,16.9,19,1,2022-09-16 09:31:09
1663320670282034000,16.9,1,16.85,17,16.9,18,1,2022-09-16 09:31:10
1663320678236261000,16.9,1,16.85,24,16.9,20,1,2022-09-16 09:31:18
1663320678926624000,16.9,7,16.85,24,16.9,13,1,2022-09-16 09:31:18
1663320678962462000,16.9,2,16.85,24,16.9,11,1,2022-09-16 09:31:18
1663320681692498000,16.9,2,16.85,24,16.9,9,1,2022-09-16 09:31:21
1663320681991066000,16.9,1,16.85,24,16.9,8,1,2022-09-16 09:31:21
1663320682244902000,16.9,2,16.85,22,16.9,6,1,2022-09-16 09:31:22
1663320684414183000,16.9,5,16.85,22,16.9,1,1,2022-09-16 09:31:24
1663320684444123000,16.9,1,16.85,22,16.95,50,1,2022-09-16 09:31:24
1663320688250607000,16.9,10,16.85,24,16.9,4,1,2022-09-16 09:31:28
1663320690487788000,16.85,24,16.8,26,16.9,25,2,2022-09-16 09:31:30
1663320690770875000,16.85,4,16.8,26,16.9,9,1,2022-09-16 09:31:30
1663320690770875000,16.9,16,16.8,26,16.9,9,1,2022-09-16 09:31:30
1663320693450861000,16.9,1,16.85,2,16.9,17,1,2022-09-16 09:31:33
1663320695175713000,16.9,1,16.85,2,16.9,17,1,2022-09-16 09:31:35
1663320696615323000,16.85,2,16.8,26,16.85,8,2,2022-09-16 09:31:36
1663320697866172000,16.85,1,16.8,26,16.85,7,1,2022-09-16 09:31:37
1663320698150115000,16.85,1,16.8,26,16.85,6,1,2022-09-16 09:31:38
1663320698646483000,16.85,1,16.8,26,16.85,5,1,2022-09-16 09:31:38
1663320704585860000,16.85,1,16.8,28,16.85,4,1,2022-09-16 09:31:44
1663320705622360000,16.85,3,16.8,28,16.85,1,1,2022-09-16 09:31:45
1663320705648374000,16.85,1,16.8,28,16.9,37,1,2022-09-16 09:31:45
1663320712661909000,16.85,5,16.8,28,16.85,14,1,2022-09-16 09:31:52
1663320713263279000,16.85,1,16.8,28,16.85,9,1,2022-09-16 09:31:53
1663320715501923000,16.8,27,16.75,42,16.85,18,2,2022-09-16 09:31:55
1663320716589898000,16.85,1,16.75,42,16.85,17,1,2022-09-16 09:31:56
1663320717246982000,16.85,3,16.75,42,16.85,14,1,2022-09-16 09:31:57
1663320723929674000,16.8,5,16.75,42,16.8,14,1,2022-09-16 09:32:03
1663320724300226000,16.8,5,16.75,42,16.8,9,1,2022-09-16 09:32:04
1663320728137953000,16.8,3,16.75,42,16.8,6,1,2022-09-16 09:32:08
1663320729570999000,16.8,2,16.75,42,16.8,4,1,2022-09-16 09:32:09
1663320729600567000,16.8,4,16.75,42,16.85,25,1,2022-09-16 09:32:09
1663320734438515000,16.8,1,16.75,42,16.8,9,1,2022-09-16 09:32:14
1663320740643712000,16.8,1,16.75,41,16.8,12,1,2022-09-16 09:32:20
1663320744858425000,16.8,2,16.75,41,16.8,10,1,2022-09-16 09:32:24
1663320749849473000,16.8,1,16.75,41,16.8,9,1,2022-09-16 09:32:29
1663320750019839000,16.8,2,16.75,41,16.8,7,1,2022-09-16 09:32:30
1663320750090175000,16.8,2,16.75,41,16.8,5,1,2022-09-16 09:32:30
1663320753726629000,16.8,1,16.75,41,16.8,5,1,2022-09-16 09:32:33
1663320760540608000,16.8,1,16.75,42,16.8,4,1,2022-09-16 09:32:40
1663320763228978000,16.8,1,16.75,42,16.8,3,1,2022-09-16 09:32:43
1663320764035618000,16.8,1,16.75,42,16.8,2,1,2022-09-16 09:32:44
1663320766299913000,16.8,1,16.75,42,16.8,4,1,2022-09-16 09:32:46
1663320767074633000,16.8,4,16.8,1,16.85,17,1,2022-09-16 09:32:47
1663320767099153000,16.8,1,16.75,42,16.85,17,2,2022-09-16 09:32:47
1663320772104767000,16.75,1,16.75,41,16.85,17,2,2022-09-16 09:32:52
1663320774646136000,16.85,1,16.75,41,16.85,16,1,2022-09-16 09:32:54
1663320780526136000,16.8,1,16.75,41,16.8,2,1,2022-09-16 09:33:00
1663320783152844000,16.8,1,16.75,41,16.85,16,1,2022-09-16 09:33:03
1663320785365584000,16.8,1,16.75,41,16.85,16,2,2022-09-16 09:33:05
1663320787265749000,16.8,5,16.75,41,16.8,3,1,2022-09-16 09:33:07
1663320797816227000,16.8,2,16.75,42,16.8,5,1,2022-09-16 09:33:17
1663320799452117000,16.8,1,16.75,42,16.8,4,1,2022-09-16 09:33:19
1663320811570424000,16.8,5,16.75,42,16.85,19,2,2022-09-16 09:33:31
1663320818997166000,16.8,2,16.75,44,16.85,19,2,2022-09-16 09:33:38
1663320827108321000,16.8,1,16.75,43,16.8,5,2,2022-09-16 09:33:47
1663320827926294000,16.8,2,16.75,43,16.8,7,1,2022-09-16 09:33:47
1663320833166173000,16.8,1,16.75,43,16.8,6,1,2022-09-16 09:33:53
1663320841111962000,16.8,6,16.75,43,16.8,1,1,2022-09-16 09:34:01
1663320857564156000,16.8,1,16.75,43,16.8,7,1,2022-09-16 09:34:17
1663320864658829000,16.8,1,16.75,44,16.8,6,1,2022-09-16 09:34:24
1663320865083434000,16.75,1,16.75,43,16.8,2,2,2022-09-16 09:34:25
1663320870535453000,16.8,3,16.8,7,16.85,22,1,2022-09-16 09:34:30
1663320870646758000,16.8,4,16.8,3,16.85,22,2,2022-09-16 09:34:30
1663320870679513000,16.8,3,16.75,43,16.85,22,2,2022-09-16 09:34:30
1663320930169061000,16.8,1,16.75,44,16.8,19,1,2022-09-16 09:35:30
1663320932001826000,16.8,1,16.75,44,16.8,19,1,2022-09-16 09:35:32
1663320964167744000,16.75,40,16.75,4,16.8,22,2,2022-09-16 09:36:04
1663320964203014000,16.75,4,16.7,46,16.8,22,2,2022-09-16 09:36:04
1663320966617863000,16.7,30,16.7,16,16.8,22,2,2022-09-16 09:36:06
1663320970547671000,16.7,1,16.65,55,16.75,7,2,2022-09-16 09:36:10
1663320979777413000,16.7,1,16.65,34,16.7,21,1,2022-09-16 09:36:19
1663320983085995000,16.65,5,16.65,29,16.7,22,2,2022-09-16 09:36:23
1663320988299080000,16.65,1,16.65,28,16.7,22,2,2022-09-16 09:36:28
1663320994647782000,16.7,1,16.65,30,16.7,21,1,2022-09-16 09:36:34
1663320996093778000,16.65,2,16.65,28,16.7,19,2,2022-09-16 09:36:36
1663320996846245000,16.65,5,16.65,23,16.7,19,2,2022-09-16 09:36:36
1663321003385534000,16.65,1,16.65,25,16.7,18,2,2022-09-16 09:36:43
1663321021751949000,16.65,5,16.65,29,16.7,19,2,2022-09-16 09:37:01
1663321024791162000,16.65,1,16.65,28,16.7,19,2,2022-09-16 09:37:04
1663321026040764000,16.65,1,16.65,27,16.7,19,2,2022-09-16 09:37:06
1663321026082012000,16.65,2,16.65,25,16.7,19,2,2022-09-16 09:37:06
1663321027580728000,16.65,25,16.6,2,16.7,19,2,2022-09-16 09:37:07
1663321027580728000,16.6,35,16.6,2,16.7,19,2,2022-09-16 09:37:07
1663321033542047000,16.65,10,16.6,7,16.7,19,1,2022-09-16 09:37:13
1663321033896542000,16.6,10,16.6,1,16.7,19,2,2022-09-16 09:37:13
1663321041395691000,16.65,1,16.6,4,16.65,2,1,2022-09-16 09:37:21
1663321041425564000,16.65,2,16.6,4,16.7,21,1,2022-09-16 09:37:21
1663321041458841000,16.7,3,16.6,4,16.7,18,1,2022-09-16 09:37:21
1663321055835866000,16.7,1,16.65,12,16.7,1,1,2022-09-16 09:37:35
1663321055872926000,16.7,1,16.65,12,16.75,6,1,2022-09-16 09:37:35
1663321101961071000,16.7,10,16.65,12,16.75,10,2,2022-09-16 09:38:21
1663321136315583000,16.7,1,16.65,17,16.75,10,1,2022-09-16 09:38:56
1663321145298484000,16.75,1,16.65,17,16.75,9,1,2022-09-16 09:39:05
1663321164347722000,16.75,9,16.75,3,16.8,38,1,2022-09-16 09:39:24
1663321169365409000,16.75,3,16.7,11,16.8,38,2,2022-09-16 09:39:29
1663321180368022000,16.7,11,16.7,2,16.8,41,2,2022-09-16 09:39:40
1663321202832148000,16.7,2,16.65,18,16.75,5,2,2022-09-16 09:40:02
1663321207581084000,16.7,1,16.65,18,16.75,22,2,2022-09-16 09:40:07
1663321218182837000,16.7,1,16.7,4,16.75,22,2,2022-09-16 09:40:18
1663321218200378000,16.7,4,16.65,18,16.75,22,2,2022-09-16 09:40:18
1663321242868544000,16.7,1,16.65,19,16.7,10,1,2022-09-16 09:40:42
1663321264745432000,16.7,3,16.65,19,16.7,12,1,2022-09-16 09:41:04
1663321277963706000,16.7,1,16.65,21,16.7,15,1,2022-09-16 09:41:17
1663321306056734000,16.7,10,16.65,22,16.7,6,1,2022-09-16 09:41:46
1663321308551827000,16.7,1,16.65,22,16.7,6,1,2022-09-16 09:41:48
1663321313957415000,16.7,2,16.65,22,16.7,4,1,2022-09-16 09:41:53
1663321314183130000,16.7,1,16.65,22,16.7,3,1,2022-09-16 09:41:54
1663321322584401000,16.7,1,16.65,21,16.7,6,1,2022-09-16 09:42:02
1663321333422831000,16.65,2,16.65,19,16.7,3,2,2022-09-16 09:42:13
1663321348268459000,16.65,1,16.65,17,16.7,3,2,2022-09-16 09:42:28
1663321367251724000,16.65,3,16.65,14,16.7,6,2,2022-09-16 09:42:47
1663321369492749000,16.65,1,16.65,13,16.7,5,2,2022-09-16 09:42:49
1663321381917755000,16.65,1,16.65,14,16.7,6,2,2022-09-16 09:43:01
1663321382210148000,16.65,14,16.6,53,16.65,3,2,2022-09-16 09:43:02
1663321382243139000,16.65,3,16.6,53,16.7,6,1,2022-09-16 09:43:02
1663321388057599000,16.65,1,16.6,53,16.7,6,1,2022-09-16 09:43:08
1663321402946595000,16.65,1,16.6,53,16.7,8,2,2022-09-16 09:43:22
1663321407319275000,16.65,2,16.6,53,16.7,8,2,2022-09-16 09:43:27
1663321420474940000,16.6,53,16.55,60,16.6,7,2,2022-09-16 09:43:40
1663321421408764000,16.6,13,16.55,60,16.65,9,1,2022-09-16 09:43:41
1663321441492864000,16.6,10,16.55,62,16.65,12,1,2022-09-16 09:44:01
1663321441513697000,16.65,4,16.55,62,16.65,8,1,2022-09-16 09:44:01
1663321441759025000,16.6,3,16.55,62,16.65,8,1,2022-09-16 09:44:01
1663321445421269000,16.6,2,16.6,8,16.65,8,1,2022-09-16 09:44:05
1663321446861516000,16.6,1,16.6,8,16.65,8,2,2022-09-16 09:44:06
1663321452676506000,16.6,1,16.6,12,16.65,8,2,2022-09-16 09:44:12
1663321464659086000,16.6,1,16.6,13,16.65,13,2,2022-09-16 09:44:24
1663321500328622000,16.6,1,16.6,24,16.65,16,2,2022-09-16 09:45:00
1663321503425976000,16.65,10,16.6,24,16.65,6,1,2022-09-16 09:45:03
1663321503460468000,16.65,6,16.6,24,16.7,9,1,2022-09-16 09:45:03
1663321539951084000,16.65,4,16.6,31,16.7,9,1,2022-09-16 09:45:39
1663321551557784000,16.7,5,16.6,32,16.7,4,1,2022-09-16 09:45:51
1663321551586525000,16.7,4,16.6,32,16.75,38,1,2022-09-16 09:45:51
1663321559737309000,16.7,1,16.65,1,16.7,12,1,2022-09-16 09:45:59
1663321561842949000,16.7,3,16.65,1,16.7,9,1,2022-09-16 09:46:01
1663321569588007000,16.7,1,16.65,1,16.7,9,1,2022-09-16 09:46:09
1663321574399676000,16.7,5,16.65,1,16.7,4,1,2022-09-16 09:46:14
1663321574593747000,16.65,1,16.6,37,16.65,5,2,2022-09-16 09:46:14
1663321574628690000,16.65,5,16.6,37,16.7,4,1,2022-09-16 09:46:14
1663321575829254000,16.7,5,16.6,37,16.75,38,1,2022-09-16 09:46:15
1663321598300931000,16.65,4,16.55,97,16.6,1,2,2022-09-16 09:46:38
1663321598300931000,16.6,42,16.55,97,16.6,1,2,2022-09-16 09:46:38
1663321598337309000,16.6,1,16.55,97,16.75,41,1,2022-09-16 09:46:38
1663321603518296000,16.65,2,16.55,88,16.7,1,2,2022-09-16 09:46:43
1663321603518296000,16.55,12,16.55,88,16.7,1,2,2022-09-16 09:46:43
1663321608803931000,16.65,1,16.55,143,16.7,5,1,2022-09-16 09:46:48
1663321610327561000,16.6,1,16.55,136,16.7,2,1,2022-09-16 09:46:50
1663321610857097000,16.7,4,16.55,133,16.7,1,1,2022-09-16 09:46:50
1663321611043785000,16.6,1,16.55,133,16.7,1,2,2022-09-16 09:46:51
1663321618275424000,16.6,1,16.6,9,16.7,3,2,2022-09-16 09:46:58
1663321623220436000,16.6,5,16.6,7,16.7,5,2,2022-09-16 09:47:03
1663321628352235000,16.7,8,16.6,24,16.75,42,1,2022-09-16 09:47:08
1663321645311886000,16.7,10,16.7,5,16.75,38,1,2022-09-16 09:47:25
1663321652625091000,16.7,1,16.7,4,16.75,39,2,2022-09-16 09:47:32
1663321652659926000,16.7,1,16.7,3,16.75,39,2,2022-09-16 09:47:32
1663321663373481000,16.7,2,16.7,2,16.75,39,2,2022-09-16 09:47:43
1663321666457563000,16.7,1,16.7,1,16.75,39,2,2022-09-16 09:47:46
1663321666494744000,16.7,1,16.65,6,16.75,39,2,2022-09-16 09:47:46
1663321676409070000,16.7,2,16.65,8,16.75,39,2,2022-09-16 09:47:56
1663321676409070000,16.65,4,16.65,8,16.75,39,2,2022-09-16 09:47:56
1663321685219164000,16.7,2,16.65,8,16.75,41,1,2022-09-16 09:48:05
1663321692718109000,16.65,1,16.65,7,16.75,41,2,2022-09-16 09:48:12
1663321694833606000,16.7,1,16.65,7,16.7,1,1,2022-09-16 09:48:14
1663321706659856000,16.7,2,16.65,9,16.75,41,1,2022-09-16 09:48:26
1663321709740604000,16.65,9,16.6,47,16.65,1,2,2022-09-16 09:48:29
1663321709770320000,16.65,1,16.6,47,16.75,42,1,2022-09-16 09:48:29
1663321711487596000,16.7,2,16.6,47,16.75,42,1,2022-09-16 09:48:31
1663321713467068000,16.7,2,16.6,47,16.7,1,1,2022-09-16 09:48:33
1663321719449211000,16.7,6,16.65,8,16.75,42,1,2022-09-16 09:48:39
1663321720148253000,16.7,2,16.65,8,16.75,42,1,2022-09-16 09:48:40
1663321734193592000,16.7,2,16.65,8,16.75,49,1,2022-09-16 09:48:54
1663321760350314000,16.7,3,16.65,8,16.75,50,2,2022-09-16 09:49:20
1663321825496600000,16.65,5,16.65,6,16.7,2,2,2022-09-16 09:50:25
1663321845704479000,16.65,2,16.65,1,16.7,15,2,2022-09-16 09:50:45
1663321852991690000,16.65,1,16.6,74,16.7,15,1,2022-09-16 09:50:52
1663321864681544000,16.65,1,16.6,74,16.7,16,1,2022-09-16 09:51:04
1663321864712640000,16.7,16,16.6,74,16.75,45,1,2022-09-16 09:51:04
1663321887423241000,16.7,2,16.7,18,16.75,48,2,2022-09-16 09:51:27
1663321888426773000,16.75,39,16.7,18,16.75,9,1,2022-09-16 09:51:28
1663321888451650000,16.75,6,16.7,18,16.75,3,1,2022-09-16 09:51:28
1663321888451703000,16.75,3,16.7,18,16.8,39,1,2022-09-16 09:51:28
1663321888700557000,16.8,39,16.7,22,16.85,45,1,2022-09-16 09:51:28
1663321892364256000,16.8,2,16.75,4,16.85,46,1,2022-09-16 09:51:32
1663321901274938000,16.8,2,16.7,27,16.85,49,2,2022-09-16 09:51:41
1663321902847404000,16.8,1,16.7,27,16.85,49,1,2022-09-16 09:51:42
1663321907304850000,16.8,1,16.7,27,16.85,49,2,2022-09-16 09:51:47
1663321909218891000,16.8,2,16.8,1,16.85,49,2,2022-09-16 09:51:49
1663321909247314000,16.8,1,16.75,7,16.85,49,2,2022-09-16 09:51:49
1663321909937186000,16.8,1,16.75,7,16.85,49,1,2022-09-16 09:51:49
1663321910935574000,16.75,5,16.75,2,16.85,49,2,2022-09-16 09:51:50
1663321914681694000,16.8,3,16.8,15,16.85,59,1,2022-09-16 09:51:54
1663321922603914000,16.8,4,16.8,21,16.85,60,2,2022-09-16 09:52:02
1663321922640605000,16.8,6,16.8,15,16.85,60,2,2022-09-16 09:52:02
1663321926219169000,16.8,10,16.8,5,16.85,60,2,2022-09-16 09:52:06
1663321926244446000,16.8,1,16.8,4,16.85,60,2,2022-09-16 09:52:06
1663321928844056000,16.8,2,16.8,2,16.85,60,2,2022-09-16 09:52:08
1663321935444568000,16.8,5,16.7,37,16.85,60,2,2022-09-16 09:52:15
1663321935444568000,16.75,5,16.7,37,16.85,60,2,2022-09-16 09:52:15
1663321960098588000,16.8,4,16.75,5,16.85,62,1,2022-09-16 09:52:40
1663321961138564000,16.75,5,16.7,37,16.85,62,2,2022-09-16 09:52:41
1663321962217969000,16.75,2,16.7,37,16.85,59,1,2022-09-16 09:52:42
1663321963231521000,16.8,2,16.7,37,16.85,58,1,2022-09-16 09:52:43
1663321968284262000,16.8,1,16.75,7,16.85,39,1,2022-09-16 09:52:48
1663321968284262000,16.85,19,16.75,7,16.85,39,1,2022-09-16 09:52:48
1663321968307988000,16.85,22,16.75,7,16.85,17,1,2022-09-16 09:52:48
1663321968369206000,16.85,17,16.75,7,16.9,65,1,2022-09-16 09:52:48
1663321968988876000,16.9,1,16.75,7,16.9,64,1,2022-09-16 09:52:48
1663321976837288000,16.9,2,16.8,5,16.9,63,1,2022-09-16 09:52:56
1663321982047063000,16.9,1,16.8,5,16.9,62,1,2022-09-16 09:53:02
1663321982366519000,16.9,17,16.8,5,16.9,45,1,2022-09-16 09:53:02
1663321983405279000,16.9,2,16.8,5,16.9,43,1,2022-09-16 09:53:03
1663321983432503000,16.9,7,16.8,5,16.9,36,1,2022-09-16 09:53:03
1663321983519741000,16.9,3,16.8,5,16.9,33,1,2022-09-16 09:53:03
1663321993626272000,16.9,32,16.85,1,16.95,55,1,2022-09-16 09:53:13
1663321995050402000,16.9,2,16.85,4,16.95,55,1,2022-09-16 09:53:15
1663322000395326000,16.9,1,16.85,6,16.9,2,2,2022-09-16 09:53:20
1663322003981355000,16.9,4,16.85,7,16.95,55,1,2022-09-16 09:53:23
1663322004601152000,16.95,1,16.85,7,16.95,54,1,2022-09-16 09:53:24
1663322004787834000,16.95,1,16.85,7,16.95,53,1,2022-09-16 09:53:24
1663322004919145000,16.95,1,16.85,7,16.95,52,1,2022-09-16 09:53:24
1663322004936802000,16.95,1,16.85,7,16.95,51,1,2022-09-16 09:53:24
1663322004982770000,16.95,1,16.85,7,16.95,50,1,2022-09-16 09:53:24
1663322005005781000,16.95,1,16.85,7,16.95,49,1,2022-09-16 09:53:25
1663322005046842000,16.95,1,16.85,7,16.95,48,1,2022-09-16 09:53:25
1663322005060480000,16.95,1,16.85,7,16.95,47,1,2022-09-16 09:53:25
1663322005070329000,16.95,1,16.85,7,16.95,46,1,2022-09-16 09:53:25
1663322005094972000,16.95,1,16.85,7,16.95,45,1,2022-09-16 09:53:25
1663322005138994000,16.95,1,16.85,7,16.95,44,1,2022-09-16 09:53:25
1663322005259817000,16.95,1,16.85,7,16.95,43,1,2022-09-16 09:53:25
1663322005556561000,16.95,1,16.85,7,16.95,42,1,2022-09-16 09:53:25
1663322005719535000,16.95,1,16.85,7,16.95,41,1,2022-09-16 09:53:25
1663322005996115000,16.9,1,16.85,7,16.95,41,1,2022-09-16 09:53:25
1663322011659973000,16.9,1,16.85,9,16.9,8,1,2022-09-16 09:53:31
1663322012980680000,16.9,4,16.85,10,16.9,4,1,2022-09-16 09:53:32
1663322019788217000,16.85,12,16.8,16,16.9,8,2,2022-09-16 09:53:39
1663322019788217000,16.8,8,16.8,16,16.9,8,2,2022-09-16 09:53:39
1663322020504431000,16.9,1,16.8,16,16.9,10,1,2022-09-16 09:53:40
1663322020676218000,16.9,5,16.8,16,16.9,5,1,2022-09-16 09:53:40
1663322029428950000,16.85,1,16.8,16,16.85,1,1,2022-09-16 09:53:49
1663322029816271000,16.85,1,16.8,16,16.9,20,1,2022-09-16 09:53:49
1663322029816271000,16.9,3,16.8,16,16.9,20,1,2022-09-16 09:53:49
1663322035728308000,16.9,1,16.85,1,16.9,19,1,2022-09-16 09:53:55
1663322036070313000,16.85,1,16.8,21,16.9,19,2,2022-09-16 09:53:56
1663322040476214000,16.85,3,16.8,19,16.85,1,2,2022-09-16 09:54:00
1663322044233840000,16.85,1,16.8,9,16.9,17,1,2022-09-16 09:54:04
1663322046881890000,16.85,1,16.8,9,16.9,19,1,2022-09-16 09:54:06
1663322053783545000,16.8,5,16.8,7,16.85,4,2,2022-09-16 09:54:13
1663322058239381000,16.8,2,16.8,5,16.85,4,2,2022-09-16 09:54:18
1663322071495802000,16.85,1,16.8,3,16.85,3,1,2022-09-16 09:54:31
1663322088422478000,16.8,5,16.75,9,16.85,6,2,2022-09-16 09:54:48
1663322088422478000,16.75,5,16.75,9,16.85,6,2,2022-09-16 09:54:48
1663322092131399000,16.85,5,16.75,12,16.85,1,1,2022-09-16 09:54:52
1663322092160324000,16.85,1,16.75,12,16.9,30,1,2022-09-16 09:54:52
1663322092221625000,16.9,6,16.75,12,16.9,30,1,2022-09-16 09:54:52
1663322102540640000,16.85,10,16.75,16,16.9,24,1,2022-09-16 09:55:02
1663322114261832000,16.85,1,16.8,2,16.9,26,2,2022-09-16 09:55:14
1663322114409705000,16.8,1,16.8,2,16.9,26,2,2022-09-16 09:55:14
1663322120675795000,16.8,2,16.75,27,16.85,2,2,2022-09-16 09:55:20
1663322120700754000,16.85,2,16.75,27,16.9,28,1,2022-09-16 09:55:20
1663322127344106000,16.85,1,16.8,8,16.85,2,1,2022-09-16 09:55:27
1663322127364830000,16.85,2,16.8,8,16.9,28,1,2022-09-16 09:55:27
1663322131829094000,16.85,1,16.8,10,16.85,4,2,2022-09-16 09:55:31
1663322133559876000,16.8,5,16.8,7,16.85,9,2,2022-09-16 09:55:33
1663322134084563000,16.8,5,16.8,2,16.85,9,2,2022-09-16 09:55:34
1663322135164796000,16.8,2,16.75,27,16.8,3,2,2022-09-16 09:55:35
1663322135195578000,16.8,3,16.75,27,16.8,3,1,2022-09-16 09:55:35
1663322144289430000,16.8,2,16.75,20,16.8,3,1,2022-09-16 09:55:44
1663322145131633000,16.8,3,16.75,20,16.85,14,1,2022-09-16 09:55:45
1663322179137545000,16.8,5,16.8,11,16.85,13,2,2022-09-16 09:56:19
1663322190659569000,16.8,1,16.8,10,16.85,14,2,2022-09-16 09:56:30
1663322192819210000,16.8,5,16.8,5,16.85,14,2,2022-09-16 09:56:32
1663322192838806000,16.8,1,16.8,4,16.85,14,2,2022-09-16 09:56:32
1663322194639925000,16.8,1,16.8,3,16.85,14,2,2022-09-16 09:56:34
1663322199578265000,16.8,3,16.75,10,16.85,14,2,2022-09-16 09:56:39
1663322236924752000,16.75,1,16.75,9,16.8,4,2,2022-09-16 09:57:16
1663322272931451000,16.75,1,16.75,7,16.8,9,2,2022-09-16 09:57:52
1663322474399229000,16.75,1,16.75,18,16.8,21,2,2022-09-16 10:01:14
1663322482095675000,16.75,1,16.75,17,16.8,21,2,2022-09-16 10:01:22
1663322518222509000,16.75,15,16.7,19,16.8,22,2,2022-09-16 10:01:58
1663322518222509000,16.7,1,16.7,19,16.8,22,2,2022-09-16 10:01:58
1663322559289113000,16.7,1,16.7,17,16.8,23,2,2022-09-16 10:02:39
1663322563780408000,16.7,1,16.7,17,16.8,23,2,2022-09-16 10:02:43
1663322565579196000,16.75,1,16.7,17,16.8,23,1,2022-09-16 10:02:45
1663322565599785000,16.8,23,16.7,17,16.85,20,1,2022-09-16 10:02:45
1663322567317215000,16.85,20,16.75,2,16.9,41,1,2022-09-16 10:02:47
1663322582196053000,16.9,2,16.8,2,16.9,34,1,2022-09-16 10:03:02
1663322593602578000,16.85,1,16.8,3,16.9,34,1,2022-09-16 10:03:13
1663322595897269000,16.85,1,16.8,3,16.9,33,1,2022-09-16 10:03:15
1663322595897269000,16.9,1,16.8,3,16.9,33,1,2022-09-16 10:03:15
1663322600803268000,16.9,30,16.85,3,16.9,3,1,2022-09-16 10:03:20
1663322608611118000,16.85,2,16.75,8,16.9,3,2,2022-09-16 10:03:28
1663322608611118000,16.8,5,16.75,8,16.9,3,2,2022-09-16 10:03:28
1663322608611118000,16.75,3,16.75,8,16.9,3,2,2022-09-16 10:03:28
1663322609263979000,16.9,1,16.8,2,16.9,2,1,2022-09-16 10:03:29
1663322620328135000,16.85,2,16.8,7,16.9,5,2,2022-09-16 10:03:40
1663322637877279000,16.85,4,16.8,4,16.9,18,2,2022-09-16 10:03:57
1663322637877279000,16.8,1,16.8,4,16.9,18,2,2022-09-16 10:03:57
1663322642434399000,16.85,1,16.8,4,16.85,4,2,2022-09-16 10:04:02
1663322654619813000,16.85,1,16.8,4,16.85,11,1,2022-09-16 10:04:14
1663322679987716000,16.8,7,16.75,11,16.85,11,2,2022-09-16 10:04:39
1663322706082821000,16.75,9,16.7,30,16.85,13,2,2022-09-16 10:05:06
1663322707666149000,16.8,2,16.7,30,16.85,13,1,2022-09-16 10:05:07
1663322740359436000,16.8,1,16.8,5,16.85,11,2,2022-09-16 10:05:40
1663322748881939000,16.8,7,16.75,39,16.85,11,2,2022-09-16 10:05:48
1663322748915206000,16.85,11,16.75,39,16.9,26,1,2022-09-16 10:05:48
1663322766878743000,16.85,1,16.8,8,16.85,4,2,2022-09-16 10:06:06
1663322766904021000,16.85,3,16.8,8,16.85,1,1,2022-09-16 10:06:06
1663322766904041000,16.85,1,16.8,8,16.9,21,1,2022-09-16 10:06:06
1663322767832040000,16.8,8,16.75,43,16.9,21,2,2022-09-16 10:06:07
1663322767832040000,16.75,2,16.75,43,16.9,21,2,2022-09-16 10:06:07
1663322769086115000,16.85,1,16.75,39,16.85,5,1,2022-09-16 10:06:09
1663322788099885000,16.8,2,16.8,4,16.85,16,2,2022-09-16 10:06:28
1663322794156139000,16.8,2,16.8,3,16.85,19,2,2022-09-16 10:06:34
1663322805352313000,16.85,5,16.8,14,16.85,14,1,2022-09-16 10:06:45
1663322810170649000,16.85,2,16.8,14,16.85,13,1,2022-09-16 10:06:50
1663322812472834000,16.85,13,16.85,7,16.9,15,1,2022-09-16 10:06:52
1663322814960018000,16.85,1,16.85,6,16.9,15,2,2022-09-16 10:06:54
1663322814997392000,16.9,1,16.85,6,16.9,14,1,2022-09-16 10:06:54
1663322818990344000,16.85,1,16.85,6,16.9,14,2,2022-09-16 10:06:58
1663322827190626000,16.9,5,16.85,111,16.9,14,1,2022-09-16 10:07:07
1663322827213649000,16.9,4,16.85,111,16.9,10,1,2022-09-16 10:07:07
1663322827213788000,16.9,10,16.85,111,16.95,42,1,2022-09-16 10:07:07
1663322832675657000,16.95,4,16.85,109,16.95,37,1,2022-09-16 10:07:12
1663322832675806000,16.95,37,16.85,109,17.0,120,1,2022-09-16 10:07:12
1663322833893161000,17.0,5,16.95,5,17.0,115,1,2022-09-16 10:07:13
1663322833964097000,17.0,1,16.95,5,17.0,135,1,2022-09-16 10:07:13
1663322833995988000,17.0,3,16.95,5,17.0,131,1,2022-09-16 10:07:13
1663322834005513000,17.0,2,16.95,5,17.0,129,1,2022-09-16 10:07:14
1663322834748516000,17.0,20,16.95,5,17.0,109,1,2022-09-16 10:07:14
1663322837806776000,17.0,1,16.95,7,17.0,108,1,2022-09-16 10:07:17
1663322837966902000,17.0,2,16.95,7,17.0,106,1,2022-09-16 10:07:17
1663322838075526000,17.0,10,16.95,7,17.0,96,1,2022-09-16 10:07:18
1663322838805267000,17.0,22,16.95,7,17.0,74,1,2022-09-16 10:07:18
1663322839201439000,17.0,2,16.95,7,17.0,72,1,2022-09-16 10:07:19
1663322839449848000,17.0,5,16.95,7,17.0,67,1,2022-09-16 10:07:19
1663322839473779000,17.0,5,16.95,7,17.0,62,1,2022-09-16 10:07:19
1663322839788003000,17.0,5,16.95,7,17.0,57,1,2022-09-16 10:07:19
1663322839951975000,17.0,5,16.95,2,17.0,52,1,2022-09-16 10:07:19
1663322839978352000,17.0,52,16.95,2,17.05,41,1,2022-09-16 10:07:19
1663322841311659000,17.05,5,16.95,2,17.05,34,1,2022-09-16 10:07:21
1663322841404152000,17.05,1,16.95,2,17.05,43,1,2022-09-16 10:07:21
1663322841466938000,17.05,1,16.95,2,17.05,42,1,2022-09-16 10:07:21
1663322841482865000,17.05,1,16.95,2,17.05,44,1,2022-09-16 10:07:21
1663322841509101000,17.05,1,16.95,2,17.05,40,1,2022-09-16 10:07:21
1663322841572553000,17.05,1,16.95,2,17.05,39,1,2022-09-16 10:07:21
1663322841591681000,17.05,1,16.95,2,17.05,38,1,2022-09-16 10:07:21
1663322841603780000,17.05,1,16.95,2,17.05,37,1,2022-09-16 10:07:21
1663322841637671000,17.05,1,16.95,2,17.05,36,1,2022-09-16 10:07:21
1663322841646207000,17.05,1,16.95,2,17.05,35,1,2022-09-16 10:07:21
1663322841654699000,17.05,1,16.95,2,17.05,34,1,2022-09-16 10:07:21
1663322841659676000,17.05,1,16.95,2,17.05,33,1,2022-09-16 10:07:21
1663322841671812000,17.05,1,16.95,2,17.05,32,1,2022-09-16 10:07:21
1663322841706905000,17.05,1,16.95,2,17.05,31,1,2022-09-16 10:07:21
1663322841740189000,17.05,2,16.95,2,17.05,29,1,2022-09-16 10:07:21
1663322842565670000,16.95,2,16.95,4,17.05,29,2,2022-09-16 10:07:22
1663322845147433000,17.0,4,16.9,33,17.0,18,2,2022-09-16 10:07:25
1663322845554934000,16.95,1,16.9,33,17.0,58,2,2022-09-16 10:07:25
1663322848310466000,16.95,2,16.9,33,16.95,3,1,2022-09-16 10:07:28
1663322848395273000,16.95,3,16.95,3,17.0,59,1,2022-09-16 10:07:28
1663322848421770000,16.95,3,16.9,33,17.0,59,2,2022-09-16 10:07:28
1663322850702536000,16.95,2,16.9,34,17.0,63,2,2022-09-16 10:07:30
1663322852721363000,16.9,34,16.85,8,16.9,16,2,2022-09-16 10:07:32
1663322852727874000,16.9,1,16.85,8,16.9,15,1,2022-09-16 10:07:32
1663322852745905000,16.9,15,16.85,8,16.95,2,1,2022-09-16 10:07:32
1663322855402944000,16.95,2,16.85,8,16.95,10,1,2022-09-16 10:07:35
1663322857465892000,16.9,1,16.85,13,16.95,30,2,2022-09-16 10:07:37
1663322858679060000,16.85,13,16.8,18,16.95,30,2,2022-09-16 10:07:38
1663322860694965000,16.9,1,16.8,20,16.9,1,1,2022-09-16 10:07:40
1663322861085983000,16.9,1,16.8,20,16.9,4,1,2022-09-16 10:07:41
1663322864031663000,16.9,1,16.8,22,16.9,1,1,2022-09-16 10:07:44
1663322865724746000,16.9,1,16.8,21,16.9,9,1,2022-09-16 10:07:45
1663322867193622000,16.9,1,16.8,21,16.9,8,1,2022-09-16 10:07:47
1663322869234165000,16.85,1,16.8,26,16.9,14,2,2022-09-16 10:07:49
1663322875890701000,16.85,3,16.8,23,16.9,19,2,2022-09-16 10:07:55
1663322875890701000,16.8,2,16.8,23,16.9,19,2,2022-09-16 10:07:55
1663322880265566000,16.8,23,16.75,11,16.9,19,2,2022-09-16 10:08:00
1663322880620841000,16.75,6,16.75,5,16.9,19,2,2022-09-16 10:08:00
1663322880628335000,16.75,5,16.7,54,16.9,19,2,2022-09-16 10:08:00
1663322880628335000,16.7,1,16.7,54,16.9,19,2,2022-09-16 10:08:00
1663322881203393000,16.85,4,16.85,6,16.9,24,1,2022-09-16 10:08:01
1663322881224500000,16.85,6,16.7,53,16.9,19,2,2022-09-16 10:08:01
1663322881952754000,16.9,10,16.7,53,16.9,19,1,2022-09-16 10:08:01
1663322884945643000,16.9,2,16.8,1,16.9,15,1,2022-09-16 10:08:04
1663322886239244000,16.9,10,16.8,2,16.9,3,1,2022-09-16 10:08:06
1663322886692320000,16.9,4,16.8,2,16.95,39,1,2022-09-16 10:08:06
1663322886692320000,16.95,1,16.8,2,16.95,39,1,2022-09-16 10:08:06
1663322894667521000,16.9,1,16.8,5,16.95,34,1,2022-09-16 10:08:14
1663322896821179000,16.9,1,16.8,6,16.9,4,1,2022-09-16 10:08:16
1663322900595538000,16.9,5,16.85,2,16.9,2,1,2022-09-16 10:08:20
1663322902948519000,16.9,2,16.9,18,16.95,41,1,2022-09-16 10:08:22
1663322902985797000,16.9,18,16.85,2,16.95,41,2,2022-09-16 10:08:22
1663322904734301000,16.9,1,16.85,2,16.9,1,1,2022-09-16 10:08:24
1663322907850198000,16.9,3,16.85,3,16.9,3,1,2022-09-16 10:08:27
1663322912719373000,16.9,1,16.85,3,16.9,2,1,2022-09-16 10:08:32
1663322912739590000,16.9,2,16.85,3,16.95,42,1,2022-09-16 10:08:32
1663322912821231000,16.9,2,16.85,3,16.95,42,2,2022-09-16 10:08:32
1663322913855199000,16.9,2,16.9,1,16.95,42,1,2022-09-16 10:08:33
1663322915260633000,16.9,1,16.85,4,16.9,1,2,2022-09-16 10:08:35
1663322918872586000,16.9,2,16.85,4,16.95,42,1,2022-09-16 10:08:38
1663322919451133000,16.85,4,16.8,41,16.95,42,2,2022-09-16 10:08:39
1663322919451133000,16.8,1,16.8,41,16.95,42,2,2022-09-16 10:08:39
1663322922050361000,16.9,2,16.8,41,16.9,2,1,2022-09-16 10:08:42
1663322922050361000,16.95,3,16.8,41,16.9,2,1,2022-09-16 10:08:42
1663322922961300000,16.9,1,16.8,41,16.95,40,2,2022-09-16 10:08:42
1663322929474919000,16.9,3,16.85,9,16.9,4,1,2022-09-16 10:08:49
1663322930773557000,16.9,1,16.85,9,16.9,3,1,2022-09-16 10:08:50
1663322936683157000,16.9,3,16.85,6,16.9,9,1,2022-09-16 10:08:56
1663322942243270000,16.85,1,16.85,6,16.9,9,2,2022-09-16 10:09:02
1663322943930072000,16.9,2,16.85,6,16.9,7,1,2022-09-16 10:09:03
1663322947008358000,16.9,1,16.85,7,16.9,6,1,2022-09-16 10:09:07
1663322948431226000,16.9,5,16.85,7,16.9,1,1,2022-09-16 10:09:08
1663322948462160000,16.9,1,16.85,7,16.95,32,1,2022-09-16 10:09:08
1663322967820329000,16.9,4,16.85,18,16.95,34,2,2022-09-16 10:09:27
1663322971831897000,16.85,10,16.85,8,16.9,1,2,2022-09-16 10:09:31
1663322983525006000,16.85,1,16.85,6,16.9,9,2,2022-09-16 10:09:43
1663322984125508000,16.9,3,16.85,6,16.9,6,1,2022-09-16 10:09:44
1663322988204734000,16.85,1,16.85,5,16.9,6,2,2022-09-16 10:09:48
1663322988816694000,16.9,1,16.85,5,16.9,5,1,2022-09-16 10:09:48
1663322992476034000,16.9,3,16.85,10,16.9,2,1,2022-09-16 10:09:52
1663322998692556000,16.9,2,16.85,10,16.9,1,1,2022-09-16 10:09:58
1663323005369155000,16.9,1,16.85,10,16.95,34,1,2022-09-16 10:10:05
1663323013631905000,16.9,1,16.9,1,16.95,33,2,2022-09-16 10:10:13
1663323014331550000,16.9,1,16.85,11,16.95,33,2,2022-09-16 10:10:14
1663323017379600000,16.9,1,16.9,9,16.95,33,1,2022-09-16 10:10:17
1663323018543284000,16.9,2,16.9,7,16.95,34,2,2022-09-16 10:10:18
1663323026627498000,16.9,1,16.9,6,16.95,33,2,2022-09-16 10:10:26
1663323037217375000,16.9,10,16.9,2,16.95,34,2,2022-09-16 10:10:37
1663323037246624000,16.9,2,16.85,12,16.95,34,2,2022-09-16 10:10:37
1663323057899328000,16.9,3,16.85,13,16.9,10,1,2022-09-16 10:10:57
1663323062250845000,16.9,1,16.85,13,16.9,9,1,2022-09-16 10:11:02
1663323063352442000,16.9,3,16.85,13,16.9,6,1,2022-09-16 10:11:03
1663323063383612000,16.9,6,16.85,13,16.95,33,1,2022-09-16 10:11:03
1663323076412533000,16.95,1,16.9,3,16.95,32,1,2022-09-16 10:11:16
1663323078275320000,16.95,1,16.9,3,16.95,31,1,2022-09-16 10:11:18
1663323081409971000,16.9,3,16.85,12,16.95,31,2,2022-09-16 10:11:21
1663323081409971000,16.85,2,16.85,12,16.95,31,2,2022-09-16 10:11:21
1663323091610493000,16.9,2,16.85,14,16.9,30,1,2022-09-16 10:11:31
1663323098106662000,16.85,1,16.85,16,16.9,30,2,2022-09-16 10:11:38
1663323098970762000,16.85,1,16.85,15,16.9,30,2,2022-09-16 10:11:38
1663323099900150000,16.85,1,16.85,14,16.9,30,2,2022-09-16 10:11:39
1663323100849538000,16.85,1,16.85,13,16.9,30,2,2022-09-16 10:11:40
1663323102391684000,16.85,1,16.85,12,16.9,30,2,2022-09-16 10:11:42
1663323103260879000,16.85,1,16.85,20,16.9,30,2,2022-09-16 10:11:43
1663323110254240000,16.85,18,16.8,39,16.9,30,2,2022-09-16 10:11:50
1663323112756698000,16.85,1,16.8,39,16.9,30,2,2022-09-16 10:11:52
1663323204118019000,16.8,5,16.8,28,16.85,12,2,2022-09-16 10:13:24
1663323215273347000,16.8,10,16.8,16,16.85,13,2,2022-09-16 10:13:35
1663323217474608000,16.8,2,16.8,14,16.85,17,2,2022-09-16 10:13:37
1663323217958895000,16.8,10,16.8,4,16.85,13,2,2022-09-16 10:13:37
1663323218270353000,16.8,1,16.8,3,16.85,17,2,2022-09-16 10:13:38
1663323218928519000,16.8,3,16.75,34,16.8,2,2,2022-09-16 10:13:38
1663323218980019000,16.8,2,16.75,34,16.85,17,1,2022-09-16 10:13:38
1663323221922287000,16.85,13,16.75,34,16.9,30,1,2022-09-16 10:13:41
1663323238896100000,16.8,1,16.75,24,16.85,1,2,2022-09-16 10:13:58
1663323259645908000,16.8,4,16.75,22,16.85,5,2,2022-09-16 10:14:19
1663323259645908000,16.75,1,16.75,22,16.85,5,2,2022-09-16 10:14:19
1663323288715887000,16.8,6,16.75,18,16.85,6,1,2022-09-16 10:14:48
1663323288797783000,16.8,4,16.75,18,16.85,6,1,2022-09-16 10:14:48
1663323291194890000,16.85,6,16.75,20,16.9,32,1,2022-09-16 10:14:51
1663323299845660000,16.9,14,16.75,41,16.9,23,1,2022-09-16 10:14:59
1663323300584287000,16.85,1,16.75,41,16.9,20,1,2022-09-16 10:15:00
1663323321602057000,16.8,1,16.8,4,16.9,19,2,2022-09-16 10:15:21
1663323323361114000,16.8,5,16.75,52,16.9,19,2,2022-09-16 10:15:23
1663323342857661000,16.85,1,16.8,7,16.9,24,1,2022-09-16 10:15:42
1663323342857661000,16.9,1,16.8,7,16.9,24,1,2022-09-16 10:15:42
1663323356091620000,16.8,5,16.75,56,16.9,23,2,2022-09-16 10:15:56
1663323376825281000,16.85,1,16.85,1,16.9,23,1,2022-09-16 10:16:16
1663323383347347000,16.9,1,16.85,1,16.9,23,1,2022-09-16 10:16:23
1663323384203205000,16.85,1,16.8,14,16.85,1,2,2022-09-16 10:16:24
1663323384229323000,16.85,1,16.8,14,16.9,20,1,2022-09-16 10:16:24
1663323408592651000,16.85,1,16.85,21,16.9,20,2,2022-09-16 10:16:48
1663323467522899000,16.85,2,16.85,21,16.9,23,2,2022-09-16 10:17:47
1663323474216189000,16.9,1,16.85,21,16.9,22,1,2022-09-16 10:17:54
1663323500225682000,16.85,5,16.85,16,16.9,22,2,2022-09-16 10:18:20
1663323509718998000,16.9,23,16.85,23,16.95,47,1,2022-09-16 10:18:29
1663323513456831000,16.85,1,16.85,22,16.95,47,2,2022-09-16 10:18:33
1663323523076912000,16.9,1,16.85,22,16.95,47,1,2022-09-16 10:18:43
1663323526779224000,16.9,5,16.85,22,16.95,47,2,2022-09-16 10:18:46
1663323527660777000,16.9,5,16.85,22,16.95,47,1,2022-09-16 10:18:47
1663323527691660000,16.95,22,16.85,22,16.95,25,1,2022-09-16 10:18:47
1663323527722253000,16.95,6,16.85,22,16.95,19,1,2022-09-16 10:18:47
1663323527722393000,16.95,19,16.85,22,17.0,24,1,2022-09-16 10:18:47
1663323528505953000,16.9,1,16.85,25,17.0,24,1,2022-09-16 10:18:48
1663323535095573000,16.95,1,16.9,1,16.95,4,1,2022-09-16 10:18:55
1663323536187892000,16.95,10,16.9,1,17.0,64,1,2022-09-16 10:18:56
1663323537368146000,16.95,1,16.9,1,16.95,4,1,2022-09-16 10:18:57
1663323538084394000,16.95,2,16.9,3,16.95,4,1,2022-09-16 10:18:58
1663323542879825000,16.95,1,16.9,13,16.95,6,1,2022-09-16 10:19:02
1663323543432114000,16.95,1,16.9,13,16.95,5,1,2022-09-16 10:19:03
1663323546775029000,16.95,5,16.9,13,17.0,64,1,2022-09-16 10:19:06
1663323547852422000,16.95,1,16.9,13,16.95,2,1,2022-09-16 10:19:07
1663323547956370000,16.95,2,16.95,8,17.0,64,1,2022-09-16 10:19:07
1663323550996524000,16.95,1,16.95,17,17.0,114,2,2022-09-16 10:19:10
1663323551880222000,16.95,2,16.95,15,17.0,114,2,2022-09-16 10:19:11
1663323556135459000,16.95,5,16.95,19,17.0,114,2,2022-09-16 10:19:16
1663323559048336000,16.95,18,16.95,1,17.0,113,2,2022-09-16 10:19:19
1663323561154524000,17.0,1,16.95,2,17.0,112,1,2022-09-16 10:19:21
1663323561894586000,16.95,2,16.9,16,16.95,6,2,2022-09-16 10:19:21
1663323567811362000,16.95,1,16.9,16,16.95,11,1,2022-09-16 10:19:27
1663323582317834000,16.95,1,16.9,30,16.95,12,1,2022-09-16 10:19:42
1663323582925429000,16.9,30,16.85,20,16.95,12,2,2022-09-16 10:19:42
1663323582925429000,16.85,13,16.85,20,16.95,12,2,2022-09-16 10:19:42
1663323583685009000,16.85,9,16.85,20,16.95,20,2,2022-09-16 10:19:43
1663323609820811000,16.9,2,16.85,21,16.9,5,1,2022-09-16 10:20:09
1663323609849799000,16.9,5,16.85,21,16.95,32,1,2022-09-16 10:20:09
1663323640042085000,16.9,5,16.9,6,16.95,36,2,2022-09-16 10:20:40
1663323642314830000,16.9,2,16.9,4,16.95,33,2,2022-09-16 10:20:42
1663323648323346000,16.9,3,16.9,11,16.95,23,2,2022-09-16 10:20:48
1663323675207990000,16.9,1,16.9,10,16.95,22,2,2022-09-16 10:21:15
1663323688050725000,16.95,5,16.9,11,16.95,17,1,2022-09-16 10:21:28
1663323692950728000,16.95,1,16.9,13,16.95,16,1,2022-09-16 10:21:32
1663323709202879000,16.95,26,16.9,120,17.0,7,1,2022-09-16 10:21:49
1663323709202879000,17.0,24,16.9,120,17.0,7,1,2022-09-16 10:21:49
1663323716113837000,17.0,4,16.95,6,17.0,3,1,2022-09-16 10:21:56
1663323716606511000,17.0,3,16.95,6,17.05,37,1,2022-09-16 10:21:56
1663323716606511000,17.05,2,16.95,6,17.05,37,1,2022-09-16 10:21:56
1663323716783044000,17.05,10,16.95,6,17.05,27,1,2022-09-16 10:21:56
1663323720605724000,17.05,12,17.0,4,17.05,14,1,2022-09-16 10:22:00
1663323720634615000,17.05,1,17.0,4,17.05,13,1,2022-09-16 10:22:00
1663323721131604000,17.05,1,17.0,4,17.05,12,1,2022-09-16 10:22:01
1663323721426622000,17.05,1,17.0,4,17.05,11,1,2022-09-16 10:22:01
1663323721541408000,17.05,1,17.0,4,17.05,10,1,2022-09-16 10:22:01
1663323722212284000,17.05,2,17.0,6,17.05,8,1,2022-09-16 10:22:02
1663323722638573000,17.05,1,17.0,6,17.05,7,1,2022-09-16 10:22:02
1663323726335360000,17.0,1,17.0,8,17.05,61,2,2022-09-16 10:22:06
1663323728604469000,17.0,8,16.95,8,17.0,2,2,2022-09-16 10:22:08
1663323729448035000,17.0,3,16.95,8,17.0,2,1,2022-09-16 10:22:09
1663323730825928000,17.0,2,16.95,7,17.0,13,1,2022-09-16 10:22:10
1663323732907997000,17.0,5,16.95,2,17.0,20,1,2022-09-16 10:22:12
1663323734116142000,17.0,1,16.95,2,17.0,14,1,2022-09-16 10:22:14
1663323734427703000,17.0,5,16.95,2,17.0,9,1,2022-09-16 10:22:14
1663323735976788000,17.0,1,16.95,2,17.0,11,1,2022-09-16 10:22:15
1663323737100357000,17.0,1,16.95,2,17.0,11,1,2022-09-16 10:22:17
1663323738299736000,17.0,10,16.95,2,17.0,1,1,2022-09-16 10:22:18
1663323738332108000,17.0,1,16.95,2,17.05,53,1,2022-09-16 10:22:18
1663323740052300000,17.0,1,16.95,4,17.0,8,1,2022-09-16 10:22:20
1663323741764650000,17.0,1,16.95,4,17.0,6,1,2022-09-16 10:22:21
1663323742401877000,17.0,5,16.95,4,17.0,1,1,2022-09-16 10:22:22
1663323745951982000,17.0,1,16.95,5,17.05,53,2,2022-09-16 10:22:25
1663323751511482000,17.0,1,16.95,5,17.0,1,1,2022-09-16 10:22:31
1663323753000152000,17.0,1,17.0,1,17.05,53,1,2022-09-16 10:22:33
1663323753031636000,17.0,1,16.95,6,17.05,53,2,2022-09-16 10:22:33
1663323756321139000,17.0,2,16.95,11,17.0,3,2,2022-09-16 10:22:36
1663323758557016000,17.0,3,17.0,2,17.05,54,1,2022-09-16 10:22:38
1663323759221316000,17.0,2,16.95,11,17.0,8,2,2022-09-16 10:22:39
1663323766294472000,17.0,1,16.95,16,17.0,11,1,2022-09-16 10:22:46
1663323767572076000,17.0,1,16.95,16,17.0,10,1,2022-09-16 10:22:47
1663323768082656000,17.0,10,16.95,16,17.05,54,1,2022-09-16 10:22:48
1663323770841789000,16.95,1,16.95,17,17.0,10,2,2022-09-16 10:22:50
1663323774517341000,17.0,6,16.95,15,17.0,4,1,2022-09-16 10:22:54
1663323774562040000,17.0,4,17.0,1,17.05,54,1,2022-09-16 10:22:54
1663323775828732000,17.0,1,16.95,15,17.0,4,2,2022-09-16 10:22:55
1663323780340008000,17.0,1,16.95,40,17.0,10,1,2022-09-16 10:23:00
1663323792446162000,17.0,1,16.95,40,17.0,15,1,2022-09-16 10:23:12
1663323795948284000,17.0,2,16.95,42,17.0,14,1,2022-09-16 10:23:15
1663323797151898000,17.0,1,16.95,42,17.0,15,1,2022-09-16 10:23:17
1663323803959184000,16.95,43,16.9,38,16.95,7,2,2022-09-16 10:23:23
1663323805607244000,16.95,5,16.9,33,16.95,2,1,2022-09-16 10:23:25
1663323813316855000,16.95,1,16.9,34,16.95,1,1,2022-09-16 10:23:33
1663323813720498000,16.95,2,16.9,34,16.95,2,1,2022-09-16 10:23:33
1663323813931249000,16.95,2,16.9,34,17.0,37,1,2022-09-16 10:23:33
1663323813931249000,17.0,8,16.9,34,17.0,37,1,2022-09-16 10:23:33
1663323814316802000,16.9,1,16.9,33,17.0,37,2,2022-09-16 10:23:34
1663323814448890000,16.9,10,16.9,23,17.0,37,2,2022-09-16 10:23:34
1663323820118385000,16.9,1,16.9,11,17.0,39,2,2022-09-16 10:23:40
1663323827762379000,16.9,8,16.85,28,16.95,48,2,2022-09-16 10:23:47
1663323837563034000,16.9,1,16.9,5,16.95,48,2,2022-09-16 10:23:57
1663323840761125000,16.9,5,16.85,27,16.95,50,2,2022-09-16 10:24:00
1663323853575839000,16.85,5,16.85,22,16.9,3,2,2022-09-16 10:24:13
1663323860653112000,16.85,1,16.85,12,16.9,5,2,2022-09-16 10:24:20
1663323883396806000,16.85,12,16.8,62,16.85,3,2,2022-09-16 10:24:43
1663323883433446000,16.85,3,16.8,62,16.9,9,1,2022-09-16 10:24:43
1663323885869562000,16.8,1,16.8,62,16.9,9,2,2022-09-16 10:24:45
1663323905792556000,16.8,1,16.8,29,16.85,7,2,2022-09-16 10:25:05
1663323908436861000,16.8,1,16.8,31,16.85,8,2,2022-09-16 10:25:08
1663323908624836000,16.8,12,16.8,19,16.85,8,2,2022-09-16 10:25:08
1663323910024887000,16.8,2,16.8,20,16.85,10,2,2022-09-16 10:25:10
1663323911212736000,16.8,1,16.8,17,16.85,10,2,2022-09-16 10:25:11
1663323912232244000,16.8,3,16.8,14,16.85,7,2,2022-09-16 10:25:12
1663323913915193000,16.8,2,16.8,12,16.85,8,2,2022-09-16 10:25:13
1663323913984529000,16.8,4,16.8,8,16.85,8,2,2022-09-16 10:25:13
1663323915985082000,16.8,7,16.8,1,16.85,8,2,2022-09-16 10:25:15
1663323916011645000,16.8,1,16.75,50,16.85,8,2,2022-09-16 10:25:16
1663323991310952000,16.8,15,16.8,41,16.85,8,2,2022-09-16 10:26:31
1663324012677741000,16.8,1,16.8,39,16.85,9,2,2022-09-16 10:26:52
1663324020448759000,16.8,1,16.8,38,16.85,8,2,2022-09-16 10:27:00
1663324027251642000,16.8,10,16.8,28,16.85,8,2,2022-09-16 10:27:07
1663324027989523000,16.85,1,16.8,28,16.85,7,1,2022-09-16 10:27:07
1663324028297862000,16.85,2,16.8,28,16.85,5,1,2022-09-16 10:27:08
1663324073915301000,16.8,1,16.8,36,16.85,14,2,2022-09-16 10:27:53
1663324074724932000,16.85,1,16.8,36,16.85,13,1,2022-09-16 10:27:54
1663324100911368000,16.85,1,16.8,38,16.85,13,1,2022-09-16 10:28:20
1663324124090066000,16.85,5,16.8,39,16.85,9,1,2022-09-16 10:28:44
1663324138540872000,16.85,1,16.8,41,16.85,8,1,2022-09-16 10:28:58
1663324143407865000,16.85,1,16.8,42,16.85,7,1,2022-09-16 10:29:03
1663324143446824000,16.85,7,16.8,42,16.9,10,1,2022-09-16 10:29:03
1663324156561881000,16.85,1,16.8,44,16.9,10,2,2022-09-16 10:29:16
1663324178825983000,16.85,1,16.8,45,16.85,7,1,2022-09-16 10:29:38
1663324181307458000,16.8,3,16.8,41,16.85,7,2,2022-09-16 10:29:41
1663324181342453000,16.8,41,16.75,75,16.85,7,2,2022-09-16 10:29:41
1663324198442169000,16.75,1,16.75,80,16.85,10,2,2022-09-16 10:29:58
1663324206184005000,16.85,5,16.75,80,16.85,5,1,2022-09-16 10:30:06
1663324218842418000,16.8,5,16.75,80,16.85,7,2,2022-09-16 10:30:18
1663324225409809000,16.8,1,16.75,60,16.8,2,1,2022-09-16 10:30:25
1663324230411203000,16.8,1,16.75,60,16.8,5,1,2022-09-16 10:30:30
1663324233943158000,16.75,5,16.75,55,16.8,5,2,2022-09-16 10:30:33
1663324241765204000,16.8,2,16.75,55,16.8,5,1,2022-09-16 10:30:41
1663324243359909000,16.8,5,16.8,95,16.85,8,1,2022-09-16 10:30:43
1663324243565664000,16.8,4,16.8,95,16.85,8,2,2022-09-16 10:30:43
1663324259745381000,16.85,8,16.85,2,16.9,24,1,2022-09-16 10:30:59
1663324289792949000,16.85,1,16.85,11,16.9,25,2,2022-09-16 10:31:29
1663324338178495000,16.9,1,16.85,16,16.9,24,1,2022-09-16 10:32:18
1663324428621228000,16.85,1,16.85,17,16.9,24,2,2022-09-16 10:33:48
1663324436835765000,16.85,4,16.85,13,16.9,25,2,2022-09-16 10:33:56
1663324440606726000,16.85,10,16.85,3,16.9,25,2,2022-09-16 10:34:00
1663324440621847000,16.85,3,16.8,99,16.9,25,2,2022-09-16 10:34:00
1663324443774436000,16.85,1,16.8,97,16.9,25,1,2022-09-16 10:34:03
1663324453074635000,16.85,1,16.8,97,16.9,28,2,2022-09-16 10:34:13
1663324454359247000,16.85,1,16.8,97,16.9,28,2,2022-09-16 10:34:14
1663324478417218000,16.85,2,16.8,97,16.9,36,1,2022-09-16 10:34:38
1663324500052375000,16.85,1,16.8,97,16.9,37,2,2022-09-16 10:35:00
1663324525567446000,16.85,1,16.8,97,16.85,1,1,2022-09-16 10:35:25
1663324531414887000,16.85,1,16.8,97,16.9,29,1,2022-09-16 10:35:31
1663324563085175000,16.85,1,16.85,5,16.9,30,2,2022-09-16 10:36:03
1663324568251499000,16.85,2,16.85,2,16.9,30,2,2022-09-16 10:36:08
1663324568270358000,16.85,2,16.8,97,16.9,30,2,2022-09-16 10:36:08
1663324627889272000,16.85,1,16.85,2,16.9,31,2,2022-09-16 10:37:07
1663324641839691000,16.85,3,16.85,6,16.9,31,2,2022-09-16 10:37:21
1663324682198712000,16.85,3,16.85,19,16.9,33,2,2022-09-16 10:38:02
1663324682209497000,16.85,10,16.85,9,16.9,33,2,2022-09-16 10:38:02
1663324684239293000,16.85,4,16.85,5,16.9,33,2,2022-09-16 10:38:04
1663324687159366000,16.85,1,16.85,4,16.9,33,2,2022-09-16 10:38:07
1663324700071330000,16.85,4,16.8,97,16.85,6,2,2022-09-16 10:38:20
1663324700095587000,16.85,6,16.8,97,16.9,33,1,2022-09-16 10:38:20
1663324700146326000,16.9,33,16.8,97,16.95,46,1,2022-09-16 10:38:20
1663324702912594000,16.95,34,16.85,3,16.95,12,1,2022-09-16 10:38:22
1663324702942795000,16.95,12,16.85,3,17.0,72,1,2022-09-16 10:38:22
1663324730198100000,17.0,30,16.95,2,17.0,36,1,2022-09-16 10:38:50
1663324730485507000,17.0,14,16.95,5,17.0,22,1,2022-09-16 10:38:50
1663324734122151000,17.0,5,16.95,6,17.0,17,1,2022-09-16 10:38:54
1663324741921447000,17.0,7,16.95,3,17.05,33,1,2022-09-16 10:39:01
1663324742504191000,17.05,2,16.95,6,17.05,26,1,2022-09-16 10:39:02
1663324743007654000,17.05,5,16.95,6,17.05,26,1,2022-09-16 10:39:03
1663324743947527000,17.05,20,16.95,6,17.05,6,1,2022-09-16 10:39:03
1663324743966561000,17.05,6,16.95,6,17.1,112,1,2022-09-16 10:39:03
1663324746113809000,17.05,1,16.95,6,17.0,1,2,2022-09-16 10:39:06
1663324746136287000,17.0,1,16.95,6,17.1,112,1,2022-09-16 10:39:06
1663324755497635000,17.05,1,17.0,7,17.1,111,2,2022-09-16 10:39:15
1663324760076034000,17.1,1,17.0,7,17.1,120,1,2022-09-16 10:39:20
1663324760338296000,17.1,1,17.0,7,17.1,129,1,2022-09-16 10:39:20
1663324765248481000,17.05,1,17.0,7,17.05,12,1,2022-09-16 10:39:25
1663324765757803000,17.05,1,17.0,7,17.05,12,1,2022-09-16 10:39:25
1663324766758070000,17.05,2,17.0,7,17.05,14,1,2022-09-16 10:39:26
1663324768338350000,17.05,10,17.0,7,17.05,2,1,2022-09-16 10:39:28
1663324768877088000,17.05,1,17.0,7,17.05,1,1,2022-09-16 10:39:28
1663324772445781000,17.05,1,17.0,5,17.05,41,1,2022-09-16 10:39:32
1663324772580645000,17.05,1,17.0,5,17.05,40,1,2022-09-16 10:39:32
1663324773027922000,17.05,5,17.0,5,17.05,41,1,2022-09-16 10:39:33
1663324774949256000,17.0,5,16.95,39,17.0,5,2,2022-09-16 10:39:34
1663324776006834000,17.0,1,16.95,39,17.0,4,1,2022-09-16 10:39:36
1663324776359213000,17.0,1,16.95,39,17.0,8,1,2022-09-16 10:39:36
1663324777489776000,17.0,8,16.95,39,17.05,43,1,2022-09-16 10:39:37
1663324786908743000,17.0,1,16.95,38,17.0,9,2,2022-09-16 10:39:46
1663324788799791000,17.0,10,16.95,38,17.05,45,1,2022-09-16 10:39:48
1663324790320508000,17.05,6,16.95,38,17.05,39,1,2022-09-16 10:39:50
1663324790928501000,17.05,10,16.95,38,17.05,29,1,2022-09-16 10:39:50
1663324791511879000,17.05,5,16.95,38,17.05,24,1,2022-09-16 10:39:51
1663324791544952000,17.05,3,16.95,38,17.05,21,1,2022-09-16 10:39:51
1663324792067484000,17.05,5,17.0,15,17.05,15,1,2022-09-16 10:39:52
1663324792100011000,17.05,7,17.0,15,17.05,8,1,2022-09-16 10:39:52
1663324792100046000,17.05,8,17.0,15,17.1,129,1,2022-09-16 10:39:52
1663324796887092000,17.05,2,17.0,17,17.1,129,2,2022-09-16 10:39:56
1663324800527846000,17.0,1,17.0,17,17.05,4,2,2022-09-16 10:40:00
1663324801814080000,17.05,2,17.0,17,17.05,10,1,2022-09-16 10:40:01
1663324802367217000,17.05,2,17.0,14,17.05,8,1,2022-09-16 10:40:02
1663324802954994000,17.05,6,17.0,15,17.1,115,1,2022-09-16 10:40:02
1663324802954994000,17.1,4,17.0,15,17.1,115,1,2022-09-16 10:40:02
1663324805605348000,17.05,1,17.0,20,17.1,115,1,2022-09-16 10:40:05
1663324806365305000,17.1,2,17.05,11,17.1,113,1,2022-09-16 10:40:06
1663324806840148000,17.05,3,17.05,11,17.1,113,2,2022-09-16 10:40:06
1663324815345660000,17.05,1,17.05,9,17.1,115,2,2022-09-16 10:40:15
1663324816984446000,17.05,1,17.05,8,17.1,115,2,2022-09-16 10:40:16
1663324820728851000,17.05,1,17.05,7,17.1,118,2,2022-09-16 10:40:20
1663324820746780000,17.05,7,17.0,31,17.1,118,2,2022-09-16 10:40:20
1663324822333635000,17.05,2,17.0,31,17.05,1,1,2022-09-16 10:40:22
1663324831350187000,17.0,1,17.0,25,17.05,30,2,2022-09-16 10:40:31
1663324833709866000,17.0,2,17.0,23,17.05,31,2,2022-09-16 10:40:33
1663324834267971000,17.0,10,17.0,13,17.05,32,2,2022-09-16 10:40:34
1663324834297447000,17.0,13,16.95,29,17.05,32,2,2022-09-16 10:40:34
1663324857273056000,17.0,4,17.0,6,17.05,44,1,2022-09-16 10:40:57
1663324857369765000,17.0,3,17.0,3,17.05,44,2,2022-09-16 10:40:57
1663324857393583000,17.0,3,16.95,35,17.05,44,2,2022-09-16 10:40:57
1663324861478767000,17.0,2,17.0,21,17.05,44,2,2022-09-16 10:41:01
1663324865044934000,17.05,10,17.0,22,17.05,36,1,2022-09-16 10:41:05
1663324865262883000,17.05,19,17.0,22,17.05,17,1,2022-09-16 10:41:05
1663324865288823000,17.05,17,17.0,22,17.1,114,1,2022-09-16 10:41:05
1663324869328537000,17.05,1,17.05,2,17.1,113,1,2022-09-16 10:41:09
1663324872269497000,17.05,3,17.0,23,17.05,2,2,2022-09-16 10:41:12
1663324875312229000,17.05,2,17.05,497,17.1,113,1,2022-09-16 10:41:15
1663324875389684000,17.05,5,17.05,497,17.1,113,2,2022-09-16 10:41:15
1663324877459122000,17.1,2,17.05,500,17.1,111,1,2022-09-16 10:41:17
1663324879534773000,17.05,1,17.05,2,17.1,111,2,2022-09-16 10:41:19
1663324882464391000,17.05,1,17.05,2,17.1,111,2,2022-09-16 10:41:22
1663324890028625000,17.05,5,17.05,12,17.1,111,2,2022-09-16 10:41:30
1663324890052559000,17.05,11,17.05,1,17.1,111,2,2022-09-16 10:41:30
1663324891220417000,17.05,1,17.0,20,17.1,114,2,2022-09-16 10:41:31
1663324892054862000,17.1,10,17.0,20,17.1,104,1,2022-09-16 10:41:32
1663324893243273000,17.05,1,17.0,20,17.05,3,1,2022-09-16 10:41:33
1663324895767695000,17.05,3,17.0,20,17.05,2,1,2022-09-16 10:41:35
1663324895976792000,17.05,2,17.05,9,17.1,84,1,2022-09-16 10:41:35
1663324896011399000,17.05,5,17.05,4,17.1,84,2,2022-09-16 10:41:36
1663324903627003000,17.05,1,17.05,4,17.1,85,2,2022-09-16 10:41:43
1663324903661196000,17.05,4,17.0,21,17.1,85,2,2022-09-16 10:41:43
1663324904555623000,17.05,1,17.05,1,17.1,85,1,2022-09-16 10:41:44
1663324906606237000,17.05,2,17.05,10,17.1,85,2,2022-09-16 10:41:46
1663324906759911000,17.05,1,17.05,9,17.1,85,2,2022-09-16 10:41:46
1663324912323889000,17.05,2,17.05,8,17.1,85,2,2022-09-16 10:41:52
1663324913237101000,17.05,2,17.05,6,17.1,85,2,2022-09-16 10:41:53
1663324915827810000,17.05,2,17.05,4,17.1,85,2,2022-09-16 10:41:55
1663324917261141000,17.05,4,17.0,21,17.05,1,2,2022-09-16 10:41:57
1663324918115730000,17.05,1,17.0,22,17.1,85,1,2022-09-16 10:41:58
1663324960094758000,17.05,1,17.0,20,17.05,19,1,2022-09-16 10:42:40
1663324961601051000,17.05,1,17.0,20,17.05,18,1,2022-09-16 10:42:41
1663324973575928000,17.05,1,17.0,20,17.05,15,1,2022-09-16 10:42:53
1663324977727968000,17.0,1,17.0,19,17.05,15,2,2022-09-16 10:42:57
1663324978884726000,17.05,1,17.0,19,17.05,14,1,2022-09-16 10:42:58
1663324997285962000,17.0,1,17.0,18,17.05,19,2,2022-09-16 10:43:17
1663325000629272000,17.05,2,17.0,18,17.05,17,1,2022-09-16 10:43:20
1663325005438287000,17.0,1,17.0,17,17.05,17,2,2022-09-16 10:43:25
1663325006579993000,17.0,2,17.0,15,17.05,17,2,2022-09-16 10:43:26
1663325008837743000,17.05,2,17.0,15,17.05,18,1,2022-09-16 10:43:28
1663325009602042000,17.0,15,16.95,36,17.0,8,2,2022-09-16 10:43:29
1663325013789516000,16.95,33,16.9,32,16.95,17,2,2022-09-16 10:43:33
1663325013818019000,16.95,17,16.9,32,17.0,20,1,2022-09-16 10:43:33
1663325015030836000,16.95,2,16.9,35,17.0,20,1,2022-09-16 10:43:35
1663325025937642000,16.95,1,16.95,1,17.0,15,2,2022-09-16 10:43:45
1663325031475971000,16.95,1,16.95,6,17.0,16,2,2022-09-16 10:43:51
