ts,close,volume,bid_price,bid_volume,ask_price,ask_volume,tick_type,datetime
1661418133583661000,16.4,3129,16.4,19,16.45,240,1,2022-08-25 09:02:13
1661418133637149000,16.45,12,16.4,19,16.45,228,1,2022-08-25 09:02:13
1661418133655068000,16.4,8,16.4,11,16.45,228,2,2022-08-25 09:02:13
1661418133655657000,16.4,11,16.35,45,16.45,228,2,2022-08-25 09:02:13
1661418133655657000,16.35,6,16.35,45,16.45,228,2,2022-08-25 09:02:13
1661418134351185000,16.35,1,16.35,44,16.4,3,2,2022-08-25 09:02:14
1661418134548227000,16.35,44,16.3,129,16.4,3,2,2022-08-25 09:02:14
1661418134548227000,16.3,17,16.3,129,16.4,3,2,2022-08-25 09:02:14
1661418134551198000,16.3,18,16.3,111,16.4,3,2,2022-08-25 09:02:14
1661418134569204000,16.3,30,16.3,81,16.4,3,2,2022-08-25 09:02:14
1661418134583028000,16.3,81,16.2,85,16.25,74,2,2022-08-25 09:02:14
1661418134583028000,16.25,29,16.2,85,16.25,74,2,2022-08-25 09:02:14
1661418134623918000,16.25,74,16.2,85,16.4,3,1,2022-08-25 09:02:14
1661418134769513000,16.25,1,16.2,81,16.4,3,2,2022-08-25 09:02:14
1661418134769513000,16.2,4,16.2,81,16.4,3,2,2022-08-25 09:02:14
1661418135368167000,16.35,1,16.2,81,16.4,2,1,2022-08-25 09:02:15
1661418135368167000,16.4,1,16.2,81,16.4,2,1,2022-08-25 09:02:15
1661418135451895000,16.25,1,16.2,67,16.4,2,2,2022-08-25 09:02:15
1661418135451895000,16.2,14,16.2,67,16.4,2,2,2022-08-25 09:02:15
1661418136732685000,16.2,31,16.2,36,16.4,24,2,2022-08-25 09:02:16
1661418136966297000,16.35,2,16.2,36,16.35,11,1,2022-08-25 09:02:16
1661418137387456000,16.35,1,16.25,2,16.35,11,1,2022-08-25 09:02:17
1661418137575367000,16.35,1,16.25,3,16.35,9,1,2022-08-25 09:02:17
1661418137609028000,16.35,2,16.25,3,16.35,7,1,2022-08-25 09:02:17
1661418137809925000,16.35,3,16.25,11,16.35,4,1,2022-08-25 09:02:17
1661418138674980000,16.35,6,16.3,2,16.35,10,1,2022-08-25 09:02:18
1661418138695686000,16.35,1,16.3,2,16.35,16,1,2022-08-25 09:02:18
1661418138995771000,16.35,2,16.3,2,16.35,7,1,2022-08-25 09:02:18
1661418139184759000,16.35,7,16.3,2,16.4,23,1,2022-08-25 09:02:19
1661418139184759000,16.4,3,16.3,2,16.4,23,1,2022-08-25 09:02:19
1661418139664619000,16.35,10,16.3,4,16.35,5,1,2022-08-25 09:02:19
1661418139816878000,16.3,2,16.3,2,16.35,5,2,2022-08-25 09:02:19
1661418139860535000,16.35,5,16.3,2,16.4,38,1,2022-08-25 09:02:19
1661418140054705000,16.4,1,16.3,2,16.4,37,1,2022-08-25 09:02:20
1661418140096789000,16.3,2,16.25,15,16.4,37,2,2022-08-25 09:02:20
1661418140097242000,16.4,1,16.25,15,16.4,36,1,2022-08-25 09:02:20
1661418140164230000,16.35,1,16.25,16,16.4,36,2,2022-08-25 09:02:20
1661418140449645000,16.3,2,16.25,3,16.4,18,2,2022-08-25 09:02:20
1661418140449645000,16.25,13,16.25,3,16.4,18,2,2022-08-25 09:02:20
1661418140493803000,16.4,1,16.25,3,16.4,17,1,2022-08-25 09:02:20
1661418140649101000,16.4,10,16.25,3,16.4,17,1,2022-08-25 09:02:20
1661418141133213000,16.35,1,16.3,1,16.4,32,1,2022-08-25 09:02:21
1661418141133213000,16.4,5,16.3,1,16.4,32,1,2022-08-25 09:02:21
1661418141538654000,16.4,10,16.3,2,16.4,22,1,2022-08-25 09:02:21
1661418141617384000,16.4,1,16.3,2,16.4,21,1,2022-08-25 09:02:21
1661418141829832000,16.4,2,16.3,2,16.4,19,1,2022-08-25 09:02:21
1661418141869899000,16.4,2,16.3,2,16.4,32,1,2022-08-25 09:02:21
1661418141956528000,16.4,3,16.3,2,16.4,14,1,2022-08-25 09:02:21
1661418142066121000,16.4,1,16.3,2,16.4,13,1,2022-08-25 09:02:22
1661418142345090000,16.4,13,16.3,2,16.45,228,1,2022-08-25 09:02:22
1661418142345090000,16.45,17,16.3,2,16.45,228,1,2022-08-25 09:02:22
1661418142712436000,16.35,20,16.3,1,16.4,10,1,2022-08-25 09:02:22
1661418142862499000,16.4,2,16.3,2,16.4,8,1,2022-08-25 09:02:22
1661418142895712000,16.3,2,16.3,2,16.4,10,2,2022-08-25 09:02:22
1661418142895712000,16.25,28,16.3,2,16.4,10,2,2022-08-25 09:02:22
1661418143091272000,16.4,1,16.3,1,16.4,8,1,2022-08-25 09:02:23
1661418143098291000,16.4,1,16.3,1,16.4,7,1,2022-08-25 09:02:23
1661418143105441000,16.4,1,16.3,1,16.4,6,1,2022-08-25 09:02:23
1661418143288322000,16.3,1,16.2,30,16.4,6,2,2022-08-25 09:02:23
1661418143288322000,16.25,6,16.2,30,16.4,6,2,2022-08-25 09:02:23
1661418143288322000,16.2,13,16.2,30,16.4,6,2,2022-08-25 09:02:23
1661418143371748000,16.35,1,16.2,30,16.35,1,1,2022-08-25 09:02:23
1661418143751233000,16.4,1,16.25,1,16.4,26,1,2022-08-25 09:02:23
1661418144148115000,16.35,1,16.25,1,16.35,4,2,2022-08-25 09:02:24
1661418144182174000,16.25,1,16.2,30,16.35,5,2,2022-08-25 09:02:24
1661418144197848000,16.2,1,16.2,29,16.35,5,2,2022-08-25 09:02:24
1661418144473594000,16.35,5,16.2,29,16.35,12,1,2022-08-25 09:02:24
1661418144520818000,16.35,2,16.2,29,16.35,10,1,2022-08-25 09:02:24
1661418145447419000,16.3,11,16.2,37,16.4,42,2,2022-08-25 09:02:25
1661418145447419000,16.25,2,16.2,37,16.4,42,2,2022-08-25 09:02:25
1661418145447419000,16.2,2,16.2,37,16.4,42,2,2022-08-25 09:02:25
1661418145457382000,16.4,2,16.2,37,16.4,40,1,2022-08-25 09:02:25
1661418145588294000,16.2,1,16.2,36,16.35,1,2,2022-08-25 09:02:25
1661418145695881000,16.2,10,16.2,26,16.35,13,2,2022-08-25 09:02:25
1661418145704448000,16.35,5,16.2,26,16.35,8,1,2022-08-25 09:02:25
1661418146362673000,16.35,9,16.25,5,16.4,41,1,2022-08-25 09:02:26
1661418146362673000,16.4,1,16.25,5,16.4,41,1,2022-08-25 09:02:26
1661418146436942000,16.4,1,16.25,13,16.4,40,1,2022-08-25 09:02:26
1661418146509915000,16.25,4,16.25,9,16.4,40,2,2022-08-25 09:02:26
1661418146739777000,16.25,1,16.25,9,16.35,4,2,2022-08-25 09:02:26
1661418147002756000,16.35,10,16.25,8,16.35,14,1,2022-08-25 09:02:27
1661418147071987000,16.35,1,16.25,8,16.35,13,1,2022-08-25 09:02:27
1661418147510027000,16.35,2,16.3,5,16.35,11,1,2022-08-25 09:02:27
1661418147549926000,16.35,10,16.3,5,16.35,1,1,2022-08-25 09:02:27
1661418147752766000,16.35,1,16.3,5,16.4,52,1,2022-08-25 09:02:27
1661418147752766000,16.4,9,16.3,5,16.4,52,1,2022-08-25 09:02:27
1661418147963070000,16.35,1,16.3,6,16.35,9,1,2022-08-25 09:02:27
1661418147993064000,16.35,9,16.3,6,16.4,51,1,2022-08-25 09:02:27
1661418147993064000,16.4,1,16.3,6,16.4,51,1,2022-08-25 09:02:27
1661418148321683000,16.35,1,16.35,1,16.4,51,2,2022-08-25 09:02:28
1661418148321744000,16.35,1,16.3,6,16.4,51,2,2022-08-25 09:02:28
1661418148447067000,16.4,2,16.3,6,16.4,49,1,2022-08-25 09:02:28
1661418148470587000,16.3,1,16.3,5,16.4,49,2,2022-08-25 09:02:28
1661418148722573000,16.4,5,16.3,5,16.4,44,1,2022-08-25 09:02:28
1661418148743341000,16.3,5,16.25,12,16.4,44,2,2022-08-25 09:02:28
1661418148844172000,16.25,1,16.25,11,16.4,44,2,2022-08-25 09:02:28
1661418148895485000,16.35,1,16.25,11,16.35,30,1,2022-08-25 09:02:28
1661418149184897000,16.35,1,16.25,12,16.35,28,1,2022-08-25 09:02:29
1661418149190601000,16.35,1,16.25,12,16.35,27,1,2022-08-25 09:02:29
1661418149248731000,16.25,5,16.25,12,16.35,29,2,2022-08-25 09:02:29
1661418149531207000,16.35,2,16.25,7,16.35,25,1,2022-08-25 09:02:29
1661418149683514000,16.35,2,16.25,7,16.35,28,1,2022-08-25 09:02:29
1661418149853838000,16.35,1,16.25,9,16.35,28,1,2022-08-25 09:02:29
1661418150153416000,16.35,1,16.25,9,16.35,39,1,2022-08-25 09:02:30
1661418150276466000,16.3,2,16.25,7,16.35,39,2,2022-08-25 09:02:30
1661418150276466000,16.25,2,16.25,7,16.35,39,2,2022-08-25 09:02:30
1661418150377449000,16.25,7,16.2,26,16.35,39,2,2022-08-25 09:02:30
1661418150395165000,16.2,5,16.25,7,16.35,39,2,2022-08-25 09:02:30
1661418150445232000,16.2,15,16.2,6,16.3,12,2,2022-08-25 09:02:30
1661418150505580000,16.3,1,16.25,23,16.35,39,1,2022-08-25 09:02:30
1661418150505580000,16.35,2,16.25,23,16.35,39,1,2022-08-25 09:02:30
1661418150513581000,16.25,23,16.2,6,16.35,39,2,2022-08-25 09:02:30
1661418150719446000,16.25,1,16.2,6,16.35,39,2,2022-08-25 09:02:30
1661418150787265000,16.3,12,16.2,6,16.35,21,1,2022-08-25 09:02:30
1661418150787265000,16.35,18,16.2,6,16.35,21,1,2022-08-25 09:02:30
1661418151162556000,16.35,3,16.25,12,16.35,19,1,2022-08-25 09:02:31
1661418151284257000,16.35,5,16.25,12,16.35,54,1,2022-08-25 09:02:31
1661418151383303000,16.35,1,16.25,12,16.35,53,1,2022-08-25 09:02:31
1661418151540627000,16.35,30,16.25,12,16.35,23,1,2022-08-25 09:02:31
1661418151557862000,16.3,5,16.25,12,16.3,15,1,2022-08-25 09:02:31
1661418151767534000,16.3,1,16.25,12,16.3,15,1,2022-08-25 09:02:31
1661418151950658000,16.3,2,16.25,12,16.3,12,1,2022-08-25 09:02:31
1661418151968295000,16.3,1,16.25,12,16.3,11,1,2022-08-25 09:02:31
1661418152073369000,16.25,10,16.25,2,16.3,11,2,2022-08-25 09:02:32
1661418152116225000,16.3,4,16.25,2,16.3,7,1,2022-08-25 09:02:32
1661418152384236000,16.3,1,16.25,8,16.3,7,1,2022-08-25 09:02:32
1661418152451427000,16.3,1,16.25,8,16.3,5,1,2022-08-25 09:02:32
1661418152525940000,16.3,3,16.25,8,16.3,4,1,2022-08-25 09:02:32
1661418153122892000,16.25,1,16.25,12,16.3,4,2,2022-08-25 09:02:33
1661418153198102000,16.25,10,16.25,13,16.3,4,2,2022-08-25 09:02:33
1661418153393891000,16.3,2,16.25,3,16.3,2,1,2022-08-25 09:02:33
1661418153599843000,16.3,1,16.25,3,16.3,1,1,2022-08-25 09:02:33
1661418153636934000,16.3,1,16.25,3,16.35,15,1,2022-08-25 09:02:33
1661418153636934000,16.35,29,16.25,3,16.35,15,1,2022-08-25 09:02:33
1661418153881676000,16.3,3,16.3,3,16.35,15,2,2022-08-25 09:02:33
1661418153938294000,16.3,1,16.25,4,16.3,6,1,2022-08-25 09:02:33
1661418154282976000,16.3,1,16.25,9,16.3,5,1,2022-08-25 09:02:34
1661418154432309000,16.3,5,16.25,9,16.35,1,1,2022-08-25 09:02:34
1661418154432309000,16.35,15,16.25,9,16.35,1,1,2022-08-25 09:02:34
1661418154641522000,16.35,1,16.25,10,16.4,43,1,2022-08-25 09:02:34
1661418154641522000,16.4,2,16.25,10,16.4,43,1,2022-08-25 09:02:34
1661418154967264000,16.3,2,16.3,48,16.4,43,1,2022-08-25 09:02:34
1661418155443007000,16.3,15,16.3,33,16.35,2,2,2022-08-25 09:02:35
1661418155668172000,16.35,2,16.3,33,16.4,39,1,2022-08-25 09:02:35
1661418155668172000,16.4,4,16.3,33,16.4,39,1,2022-08-25 09:02:35
1661418155977278000,16.35,2,16.3,34,16.35,8,1,2022-08-25 09:02:35
1661418156046337000,16.3,5,16.3,34,16.35,8,2,2022-08-25 09:02:36
1661418156166677000,16.35,8,16.4,103,16.45,236,1,2022-08-25 09:02:36
1661418156166677000,16.4,39,16.4,103,16.45,236,1,2022-08-25 09:02:36
1661418156216119000,16.4,103,16.3,34,16.45,236,2,2022-08-25 09:02:36
1661418156227682000,16.3,28,16.3,6,16.45,236,2,2022-08-25 09:02:36
1661418156441350000,16.45,3,16.3,6,16.45,233,1,2022-08-25 09:02:36
1661418156711856000,16.45,3,16.3,8,16.45,230,1,2022-08-25 09:02:36
1661418156812416000,16.35,5,16.35,7,16.45,230,2,2022-08-25 09:02:36
1661418157001179000,16.35,4,16.35,3,16.45,230,2,2022-08-25 09:02:37
1661418157454505000,16.4,1,16.35,8,16.4,19,1,2022-08-25 09:02:37
1661418157476994000,16.35,1,16.35,7,16.4,19,2,2022-08-25 09:02:37
1661418157713807000,16.35,8,16.25,40,16.3,30,2,2022-08-25 09:02:37
1661418157713807000,16.3,15,16.25,40,16.3,30,2,2022-08-25 09:02:37
1661418157714443000,16.3,1,16.25,40,16.3,29,1,2022-08-25 09:02:37
1661418157743596000,16.3,28,16.25,42,16.3,1,1,2022-08-25 09:02:37
1661418157743613000,16.3,1,16.25,42,16.4,19,1,2022-08-25 09:02:37
1661418157813033000,16.3,1,16.25,39,16.4,19,2,2022-08-25 09:02:37
1661418157813033000,16.25,3,16.25,39,16.4,19,2,2022-08-25 09:02:37
1661418158026936000,16.35,5,16.25,39,16.35,7,1,2022-08-25 09:02:38
1661418158397174000,16.3,4,16.3,3,16.35,7,2,2022-08-25 09:02:38
1661418158656858000,16.3,1,16.3,6,16.35,7,2,2022-08-25 09:02:38
1661418158669373000,16.35,5,16.3,6,16.35,2,1,2022-08-25 09:02:38
1661418159220535000,16.35,1,16.3,18,16.35,1,1,2022-08-25 09:02:39
1661418160075200000,16.35,4,16.3,27,16.4,17,1,2022-08-25 09:02:40
1661418160075200000,16.4,6,16.3,27,16.4,17,1,2022-08-25 09:02:40
1661418160435116000,16.35,5,16.3,28,16.4,17,2,2022-08-25 09:02:40
1661418160440824000,16.3,15,16.3,13,16.4,17,2,2022-08-25 09:02:40
1661418160541129000,16.35,1,16.3,13,16.35,9,1,2022-08-25 09:02:40
1661418160554348000,16.35,1,16.3,13,16.35,8,1,2022-08-25 09:02:40
1661418160640179000,16.35,1,16.3,13,16.35,7,1,2022-08-25 09:02:40
1661418160899350000,16.35,1,16.3,15,16.35,7,1,2022-08-25 09:02:40
1661418160902683000,16.35,1,16.3,15,16.35,5,1,2022-08-25 09:02:40
1661418161041596000,16.35,5,16.3,15,16.4,20,1,2022-08-25 09:02:41
1661418161495192000,16.4,3,16.35,1,16.4,20,1,2022-08-25 09:02:41
1661418161539936000,16.35,3,16.35,9,16.4,20,2,2022-08-25 09:02:41
1661418161800871000,16.4,1,16.35,9,16.4,40,1,2022-08-25 09:02:41
1661418162246741000,16.35,2,16.35,14,16.4,39,2,2022-08-25 09:02:42
1661418162336644000,16.35,13,16.35,1,16.4,39,2,2022-08-25 09:02:42
1661418162366458000,16.35,1,16.3,17,16.4,39,2,2022-08-25 09:02:42
1661418162821565000,16.4,1,16.35,34,16.4,38,1,2022-08-25 09:02:42
1661418162864796000,16.4,10,16.35,34,16.4,38,1,2022-08-25 09:02:42
1661418163593646000,16.4,1,16.35,59,16.4,32,1,2022-08-25 09:02:43
1661418163600868000,16.4,1,16.35,60,16.4,31,1,2022-08-25 09:02:43
1661418163826194000,16.35,2,16.35,60,16.4,31,2,2022-08-25 09:02:43
1661418163878841000,16.35,1,16.35,62,16.4,31,2,2022-08-25 09:02:43
1661418164070495000,16.4,1,16.35,59,16.4,40,1,2022-08-25 09:02:44
1661418164441858000,16.35,2,16.35,57,16.4,75,2,2022-08-25 09:02:44
1661418164672596000,16.4,2,16.35,57,16.4,73,1,2022-08-25 09:02:44
1661418164747786000,16.35,2,16.35,59,16.4,75,2,2022-08-25 09:02:44
1661418164926045000,16.35,5,16.35,50,16.4,73,2,2022-08-25 09:02:44
1661418164947258000,16.35,20,16.35,30,16.4,73,2,2022-08-25 09:02:44
1661418164966598000,16.35,5,16.35,25,16.4,73,2,2022-08-25 09:02:44
1661418165392321000,16.35,21,16.35,26,16.4,73,2,2022-08-25 09:02:45
1661418165418847000,16.35,5,16.3,36,16.4,73,2,2022-08-25 09:02:45
1661418165438610000,16.35,1,16.3,22,16.4,73,2,2022-08-25 09:02:45
1661418165438610000,16.3,14,16.3,22,16.4,73,2,2022-08-25 09:02:45
1661418165498782000,16.4,40,16.3,22,16.4,33,1,2022-08-25 09:02:45
1661418165569629000,16.35,1,16.3,22,16.4,35,2,2022-08-25 09:02:45
1661418165650741000,16.4,34,16.4,6,16.45,176,1,2022-08-25 09:02:45
1661418165685074000,16.4,6,16.35,2,16.45,176,2,2022-08-25 09:02:45
1661418166072406000,16.4,1,16.35,2,16.4,10,1,2022-08-25 09:02:46
1661418166293857000,16.4,1,16.35,3,16.4,9,1,2022-08-25 09:02:46
1661418166422687000,16.35,3,16.3,25,16.4,9,2,2022-08-25 09:02:46
1661418166447141000,16.4,2,16.35,5,16.4,7,1,2022-08-25 09:02:46
1661418166835278000,16.35,1,16.35,5,16.4,8,2,2022-08-25 09:02:46
1661418167284741000,16.35,6,16.3,31,16.35,4,2,2022-08-25 09:02:47
1661418167290518000,16.35,1,16.3,31,16.35,3,1,2022-08-25 09:02:47
1661418167685383000,16.35,3,16.35,1,16.4,10,1,2022-08-25 09:02:47
1661418167727603000,16.35,1,16.3,31,16.4,10,2,2022-08-25 09:02:47
1661418167738774000,16.3,10,16.3,21,16.4,10,2,2022-08-25 09:02:47
1661418167860796000,16.4,1,16.35,1,16.4,9,1,2022-08-25 09:02:47
1661418167899682000,16.4,1,16.35,1,16.4,8,1,2022-08-25 09:02:47
1661418167914708000,16.4,1,16.35,1,16.4,7,1,2022-08-25 09:02:47
1661418168114505000,16.35,1,16.3,23,16.4,7,2,2022-08-25 09:02:48
1661418168197887000,16.35,13,16.3,16,16.4,7,2,2022-08-25 09:02:48
1661418168197887000,16.3,7,16.3,16,16.4,7,2,2022-08-25 09:02:48
1661418168562499000,16.4,1,16.35,3,16.4,6,1,2022-08-25 09:02:48
1661418168643440000,16.4,2,16.35,3,16.4,4,1,2022-08-25 09:02:48
1661418168733103000,16.4,1,16.35,3,16.4,3,1,2022-08-25 09:02:48
1661418168807987000,16.35,2,16.35,1,16.4,3,2,2022-08-25 09:02:48
1661418168814333000,16.4,3,16.4,7,16.45,177,1,2022-08-25 09:02:48
1661418168839783000,16.4,7,16.35,1,16.45,177,2,2022-08-25 09:02:48
1661418169246098000,16.35,3,16.3,19,16.4,12,2,2022-08-25 09:02:49
1661418169696932000,16.4,2,16.35,1,16.4,20,1,2022-08-25 09:02:49
1661418169793428000,16.4,15,16.35,3,16.4,5,1,2022-08-25 09:02:49
1661418170313850000,16.4,1,16.35,5,16.4,6,1,2022-08-25 09:02:50
1661418170436389000,16.35,5,16.3,20,16.4,5,2,2022-08-25 09:02:50
1661418170436389000,16.3,10,16.3,20,16.4,5,2,2022-08-25 09:02:50
1661418170535752000,16.3,10,16.3,10,16.4,5,2,2022-08-25 09:02:50
1661418170867337000,16.4,1,16.35,4,16.4,5,1,2022-08-25 09:02:50
1661418171327927000,16.4,1,16.35,9,16.4,5,1,2022-08-25 09:02:51
1661418171402383000,16.35,7,16.35,2,16.4,4,2,2022-08-25 09:02:51
1661418171429597000,16.35,2,16.3,12,16.4,4,2,2022-08-25 09:02:51
1661418171439728000,16.3,12,16.25,69,16.4,4,2,2022-08-25 09:02:51
1661418171439728000,16.25,8,16.25,69,16.4,4,2,2022-08-25 09:02:51
1661418171501856000,16.4,2,16.25,69,16.4,2,1,2022-08-25 09:02:51
1661418171518581000,16.4,2,16.25,69,16.45,177,1,2022-08-25 09:02:51
1661418171561601000,16.4,5,16.3,3,16.45,177,2,2022-08-25 09:02:51
1661418171925974000,16.4,3,16.35,1,16.4,8,1,2022-08-25 09:02:51
1661418172234075000,16.4,3,16.35,1,16.4,6,1,2022-08-25 09:02:52
1661418172421563000,16.35,1,16.35,7,16.4,26,2,2022-08-25 09:02:52
1661418172530574000,16.4,3,16.35,8,16.4,23,1,2022-08-25 09:02:52
1661418172711587000,16.4,1,16.35,8,16.4,22,1,2022-08-25 09:02:52
1661418172745208000,16.4,1,16.35,9,16.4,21,1,2022-08-25 09:02:52
1661418172829517000,16.35,9,16.3,2,16.35,9,2,2022-08-25 09:02:52
1661418173098441000,16.35,1,16.3,2,16.35,28,1,2022-08-25 09:02:53
1661418173336282000,16.35,1,16.3,2,16.35,28,1,2022-08-25 09:02:53
1661418173525055000,16.35,10,16.3,2,16.35,17,1,2022-08-25 09:02:53
1661418173533993000,16.35,1,16.3,2,16.35,16,1,2022-08-25 09:02:53
1661418174059066000,16.35,1,16.3,4,16.35,35,1,2022-08-25 09:02:54
1661418174083369000,16.35,1,16.3,4,16.35,34,1,2022-08-25 09:02:54
1661418174336177000,16.3,3,16.3,4,16.35,34,2,2022-08-25 09:02:54
1661418174488723000,16.35,1,16.3,1,16.35,33,1,2022-08-25 09:02:54
1661418174644614000,16.35,5,16.3,2,16.35,28,1,2022-08-25 09:02:54
1661418174690033000,16.35,2,16.3,2,16.35,26,1,2022-08-25 09:02:54
1661418174824619000,16.35,1,16.3,3,16.35,32,1,2022-08-25 09:02:54
1661418174929899000,16.35,1,16.3,4,16.35,31,1,2022-08-25 09:02:54
1661418175357404000,16.35,1,16.3,11,16.35,31,1,2022-08-25 09:02:55
1661418175434176000,16.3,11,16.25,65,16.35,30,2,2022-08-25 09:02:55
1661418175434176000,16.25,4,16.25,65,16.35,30,2,2022-08-25 09:02:55
1661418175502037000,16.35,2,16.3,13,16.35,28,1,2022-08-25 09:02:55
1661418175508211000,16.35,2,16.3,13,16.35,26,1,2022-08-25 09:02:55
1661418175509207000,16.35,1,16.3,13,16.35,25,1,2022-08-25 09:02:55
1661418175525217000,16.35,1,16.3,13,16.35,24,1,2022-08-25 09:02:55
1661418175595481000,16.35,1,16.3,13,16.35,23,1,2022-08-25 09:02:55
1661418175790798000,16.3,13,16.25,64,16.35,23,2,2022-08-25 09:02:55
1661418175790798000,16.25,7,16.25,64,16.35,23,2,2022-08-25 09:02:55
1661418176006342000,16.35,1,16.3,2,16.35,22,1,2022-08-25 09:02:56
1661418176203028000,16.3,1,16.3,1,16.35,22,2,2022-08-25 09:02:56
1661418176239102000,16.3,1,16.25,63,16.35,22,2,2022-08-25 09:02:56
1661418176239102000,16.25,1,16.25,63,16.35,22,2,2022-08-25 09:02:56
1661418176265203000,16.35,5,16.25,63,16.35,17,1,2022-08-25 09:02:56
1661418176622846000,16.25,2,16.25,61,16.35,17,2,2022-08-25 09:02:56
1661418177246509000,16.3,2,16.25,61,16.35,23,2,2022-08-25 09:02:57
1661418178028588000,16.35,5,16.3,2,16.35,18,1,2022-08-25 09:02:58
1661418178080255000,16.35,1,16.3,2,16.35,17,1,2022-08-25 09:02:58
1661418178182779000,16.3,1,16.3,5,16.35,17,2,2022-08-25 09:02:58
1661418178263968000,16.3,4,16.3,1,16.35,17,2,2022-08-25 09:02:58
1661418178266595000,16.35,2,16.3,1,16.35,15,1,2022-08-25 09:02:58
1661418178287505000,16.3,1,16.25,60,16.35,15,2,2022-08-25 09:02:58
1661418178287505000,16.25,1,16.25,60,16.35,15,2,2022-08-25 09:02:58
1661418178603473000,16.35,5,16.3,3,16.35,16,1,2022-08-25 09:02:58
1661418179200966000,16.3,5,16.3,3,16.35,11,2,2022-08-25 09:02:59
1661418179204308000,16.3,3,16.25,58,16.35,11,2,2022-08-25 09:02:59
1661418179204308000,16.25,2,16.25,58,16.35,11,2,2022-08-25 09:02:59
1661418179458995000,16.3,1,16.25,58,16.35,11,1,2022-08-25 09:02:59
1661418179480677000,16.35,2,16.25,58,16.35,9,1,2022-08-25 09:02:59
1661418179627499000,16.35,1,16.3,1,16.35,8,1,2022-08-25 09:02:59
1661418179679498000,16.3,1,16.25,58,16.35,8,2,2022-08-25 09:02:59
1661418179947297000,16.3,2,16.25,58,16.35,20,2,2022-08-25 09:02:59
1661418180432024000,16.3,2,16.25,45,16.35,8,2,2022-08-25 09:03:00
1661418180432024000,16.25,13,16.25,45,16.35,8,2,2022-08-25 09:03:00
1661418180476312000,16.25,20,16.25,26,16.35,20,2,2022-08-25 09:03:00
1661418180702479000,16.35,10,16.25,26,16.35,11,1,2022-08-25 09:03:00
1661418180776671000,16.3,2,16.25,26,16.3,23,2,2022-08-25 09:03:00
1661418180831240000,16.3,5,16.25,26,16.3,43,1,2022-08-25 09:03:00
1661418180859400000,16.25,26,16.2,80,16.25,16,2,2022-08-25 09:03:00
1661418180887572000,16.25,16,16.2,80,16.3,43,1,2022-08-25 09:03:00
1661418180891070000,16.3,1,16.2,80,16.25,16,1,2022-08-25 09:03:00
1661418181195371000,16.3,1,16.2,80,16.3,43,1,2022-08-25 09:03:01
1661418181636259000,16.25,2,16.25,1,16.3,47,2,2022-08-25 09:03:01
1661418181830045000,16.3,1,16.25,1,16.3,51,1,2022-08-25 09:03:01
1661418181986319000,16.3,2,16.25,5,16.3,48,1,2022-08-25 09:03:01
1661418182269233000,16.25,5,16.2,80,16.25,50,2,2022-08-25 09:03:02
1661418182311582000,16.25,1,16.2,80,16.25,49,1,2022-08-25 09:03:02
1661418183122040000,16.25,2,16.2,83,16.25,54,1,2022-08-25 09:03:03
1661418183289087000,16.25,2,16.2,83,16.25,52,1,2022-08-25 09:03:03
1661418183519806000,16.25,1,16.2,85,16.25,6,1,2022-08-25 09:03:03
1661418183748964000,16.25,3,16.2,85,16.25,3,1,2022-08-25 09:03:03
1661418183778739000,16.25,3,16.2,85,16.3,58,1,2022-08-25 09:03:03
1661418183832778000,16.3,1,16.2,85,16.3,57,1,2022-08-25 09:03:03
1661418184229692000,16.3,20,16.2,85,16.3,37,1,2022-08-25 09:03:04
1661418184348788000,16.3,5,16.2,88,16.3,37,1,2022-08-25 09:03:04
1661418184455996000,16.2,1,16.2,87,16.25,5,2,2022-08-25 09:03:04
1661418185233456000,16.2,5,16.2,85,16.25,25,2,2022-08-25 09:03:05
1661418185322532000,16.25,2,16.2,82,16.25,25,1,2022-08-25 09:03:05
1661418185420101000,16.2,3,16.2,79,16.25,23,2,2022-08-25 09:03:05
1661418185429762000,16.2,2,16.2,77,16.25,23,2,2022-08-25 09:03:05
1661418185479101000,16.2,55,16.2,22,16.25,23,2,2022-08-25 09:03:05
1661418185509034000,16.2,12,16.2,12,16.25,28,2,2022-08-25 09:03:05
1661418185530268000,16.2,3,16.2,9,16.25,28,2,2022-08-25 09:03:05
1661418185538261000,16.2,9,16.15,17,16.25,28,2,2022-08-25 09:03:05
1661418185662292000,16.25,1,16.15,17,16.25,27,1,2022-08-25 09:03:05
1661418185903157000,16.2,2,16.1,68,16.25,27,2,2022-08-25 09:03:05
1661418185903157000,16.15,17,16.1,68,16.25,27,2,2022-08-25 09:03:05
1661418185903157000,16.1,1,16.1,68,16.25,27,2,2022-08-25 09:03:05
1661418185949746000,16.2,12,16.2,6,16.25,27,1,2022-08-25 09:03:05
1661418185972641000,16.2,6,16.1,68,16.25,27,2,2022-08-25 09:03:05
1661418186524309000,16.15,4,16.15,8,16.25,27,2,2022-08-25 09:03:06
1661418186715331000,16.2,1,16.15,8,16.2,9,1,2022-08-25 09:03:06
1661418186745212000,16.2,9,16.15,8,16.25,32,1,2022-08-25 09:03:06
1661418186914691000,16.15,4,16.15,4,16.2,5,2,2022-08-25 09:03:06
1661418187104553000,16.15,4,16.1,73,16.2,25,2,2022-08-25 09:03:07
1661418187124656000,16.2,2,16.15,6,16.2,23,1,2022-08-25 09:03:07
1661418187301967000,16.15,4,16.15,6,16.2,23,2,2022-08-25 09:03:07
1661418187427253000,16.15,2,16.1,73,16.2,23,2,2022-08-25 09:03:07
1661418187486897000,16.1,4,16.1,69,16.2,23,2,2022-08-25 09:03:07
1661418187674666000,16.2,1,16.1,69,16.2,63,1,2022-08-25 09:03:07
1661418187939665000,16.2,2,16.1,69,16.2,60,1,2022-08-25 09:03:07
1661418188301733000,16.1,5,16.1,64,16.15,5,2,2022-08-25 09:03:08
1661418188311181000,16.15,5,16.1,64,16.2,60,1,2022-08-25 09:03:08
1661418188312803000,16.1,1,16.1,63,16.2,60,2,2022-08-25 09:03:08
1661418188364057000,16.2,1,16.1,63,16.2,59,1,2022-08-25 09:03:08
1661418188369962000,16.1,37,16.1,63,16.2,60,2,2022-08-25 09:03:08
1661418188429897000,16.1,1,16.1,25,16.2,59,2,2022-08-25 09:03:08
1661418188439594000,16.2,3,16.1,25,16.2,56,1,2022-08-25 09:03:08
1661418188494816000,16.1,20,16.1,5,16.2,56,2,2022-08-25 09:03:08
1661418188715265000,16.15,2,16.1,10,16.2,48,1,2022-08-25 09:03:08
1661418188715265000,16.2,8,16.1,10,16.2,48,1,2022-08-25 09:03:08
1661418188727560000,16.1,1,16.1,9,16.2,48,2,2022-08-25 09:03:08
1661418188776840000,16.2,1,16.1,9,16.2,48,1,2022-08-25 09:03:08
1661418189186536000,16.2,1,16.1,9,16.2,46,1,2022-08-25 09:03:09
1661418189356068000,16.1,9,16.05,19,16.2,46,2,2022-08-25 09:03:09
1661418189356068000,16.05,11,16.05,19,16.2,46,2,2022-08-25 09:03:09
1661418189368060000,16.05,5,16.1,9,16.2,46,2,2022-08-25 09:03:09
1661418189504678000,16.05,5,16.05,9,16.15,12,2,2022-08-25 09:03:09
1661418189729556000,16.05,9,16.0,191,16.15,12,2,2022-08-25 09:03:09
1661418189729556000,16.0,41,16.0,191,16.15,12,2,2022-08-25 09:03:09
1661418189756473000,16.0,10,16.0,181,16.15,12,2,2022-08-25 09:03:09
1661418189764347000,16.0,1,16.0,180,16.15,12,2,2022-08-25 09:03:09
1661418190142655000,16.1,2,16.0,196,16.15,16,1,2022-08-25 09:03:10
1661418190142655000,16.15,1,16.0,196,16.15,16,1,2022-08-25 09:03:10
1661418190199146000,16.05,1,16.0,196,16.15,16,2,2022-08-25 09:03:10
1661418190272015000,16.0,1,16.0,195,16.15,16,2,2022-08-25 09:03:10
1661418190273794000,16.0,1,16.0,194,16.15,36,2,2022-08-25 09:03:10
1661418190565172000,16.15,1,16.05,6,16.15,24,1,2022-08-25 09:03:10
1661418190602521000,16.15,5,16.05,6,16.15,19,1,2022-08-25 09:03:10
1661418190662484000,16.1,1,16.05,6,16.1,29,1,2022-08-25 09:03:10
1661418190665130000,16.1,11,16.05,6,16.1,18,1,2022-08-25 09:03:10
1661418190666114000,16.1,18,16.1,12,16.15,19,1,2022-08-25 09:03:10
1661418190854578000,16.1,1,16.1,12,16.15,19,2,2022-08-25 09:03:10
1661418191108282000,16.15,2,16.1,11,16.15,21,1,2022-08-25 09:03:11
1661418191163444000,16.15,2,16.1,11,16.15,19,1,2022-08-25 09:03:11
1661418191220744000,16.15,1,16.1,11,16.15,18,1,2022-08-25 09:03:11
1661418191235301000,16.1,11,16.05,7,16.1,9,2,2022-08-25 09:03:11
1661418191260274000,16.1,1,16.05,7,16.1,8,1,2022-08-25 09:03:11
1661418191660311000,16.1,2,16.05,20,16.1,7,1,2022-08-25 09:03:11
1661418191687719000,16.1,7,16.05,20,16.15,18,1,2022-08-25 09:03:11
1661418191949478000,16.05,15,16.05,5,16.15,18,2,2022-08-25 09:03:11
1661418192182104000,16.05,2,16.05,5,16.15,18,2,2022-08-25 09:03:12
1661418192415648000,16.05,3,16.0,193,16.15,18,2,2022-08-25 09:03:12
1661418192494670000,16.0,1,16.0,192,16.15,30,2,2022-08-25 09:03:12
1661418193219258000,16.1,2,16.05,5,16.1,1,1,2022-08-25 09:03:13
1661418193255300000,16.1,1,16.05,5,16.15,20,1,2022-08-25 09:03:13
1661418193594600000,16.15,1,16.05,5,16.15,19,1,2022-08-25 09:03:13
1661418193804843000,16.05,5,16.0,192,16.1,13,2,2022-08-25 09:03:13
1661418193804843000,16.0,5,16.0,192,16.1,13,2,2022-08-25 09:03:13
1661418194162692000,16.1,5,16.05,30,16.1,8,1,2022-08-25 09:03:14
1661418194192891000,16.1,8,16.05,30,16.15,19,1,2022-08-25 09:03:14
1661418194199126000,16.05,10,16.05,20,16.15,19,2,2022-08-25 09:03:14
1661418194607647000,16.05,1,16.05,20,16.15,19,2,2022-08-25 09:03:14
1661418195748230000,16.1,1,16.1,2,16.15,40,2,2022-08-25 09:03:15
1661418195914023000,16.1,2,16.05,21,16.1,7,2,2022-08-25 09:03:15
1661418196013191000,16.05,5,16.05,16,16.1,7,2,2022-08-25 09:03:16
1661418196092368000,16.1,2,16.05,16,16.1,8,1,2022-08-25 09:03:16
1661418196114557000,16.05,16,16.0,170,16.1,8,2,2022-08-25 09:03:16
1661418196114557000,16.0,14,16.0,170,16.1,8,2,2022-08-25 09:03:16
1661418196117513000,16.1,8,16.0,170,16.15,36,1,2022-08-25 09:03:16
1661418196117513000,16.15,2,16.0,170,16.15,36,1,2022-08-25 09:03:16
1661418196511055000,16.0,1,16.0,170,16.1,15,2,2022-08-25 09:03:16
1661418196561691000,16.1,1,16.0,169,16.1,14,1,2022-08-25 09:03:16
1661418196982046000,16.1,5,16.05,3,16.1,9,1,2022-08-25 09:03:16
1661418197147423000,16.05,10,16.05,1,16.1,9,2,2022-08-25 09:03:17
1661418197268750000,16.05,5,16.0,149,16.1,9,2,2022-08-25 09:03:17
1661418197268750000,16.0,10,16.0,149,16.1,9,2,2022-08-25 09:03:17
1661418197696121000,16.05,2,16.05,2,16.1,3,2,2022-08-25 09:03:17
1661418198644211000,16.1,2,16.05,26,16.1,1,1,2022-08-25 09:03:18
1661418198681047000,16.1,1,16.05,26,16.15,41,1,2022-08-25 09:03:18
1661418198806324000,16.05,1,16.05,26,16.1,1,2,2022-08-25 09:03:18
1661418198893498000,16.1,1,16.05,26,16.15,41,1,2022-08-25 09:03:18
1661418199206751000,16.1,3,16.05,27,16.1,7,2,2022-08-25 09:03:19
1661418199236967000,16.1,7,16.05,27,16.15,41,1,2022-08-25 09:03:19
1661418199294125000,16.05,2,16.05,25,16.15,41,2,2022-08-25 09:03:19
1661418199891609000,16.1,2,16.05,31,16.1,4,2,2022-08-25 09:03:19
1661418200606837000,16.05,20,16.05,12,16.1,4,2,2022-08-25 09:03:20
1661418200823602000,16.05,1,16.05,14,16.1,4,2,2022-08-25 09:03:20
1661418201464664000,16.05,2,16.05,33,16.1,4,2,2022-08-25 09:03:21
1661418201514333000,16.1,1,16.05,33,16.1,3,1,2022-08-25 09:03:21
1661418201515016000,16.1,1,16.05,33,16.1,2,1,2022-08-25 09:03:21
1661418201704912000,16.1,1,16.05,40,16.1,1,1,2022-08-25 09:03:21
1661418201707378000,16.1,1,16.05,40,16.15,53,1,2022-08-25 09:03:21
1661418201707378000,16.15,4,16.05,40,16.15,53,1,2022-08-25 09:03:21
1661418201805934000,16.05,1,16.05,42,16.1,5,2,2022-08-25 09:03:21
1661418201806801000,16.1,5,16.05,42,16.15,53,1,2022-08-25 09:03:21
1661418202421365000,16.1,4,16.05,43,16.1,10,1,2022-08-25 09:03:22
1661418202616200000,16.05,1,16.05,47,16.1,12,2,2022-08-25 09:03:22
1661418202643944000,16.1,10,16.05,47,16.1,4,1,2022-08-25 09:03:22
1661418203050511000,16.1,1,16.05,59,16.1,3,1,2022-08-25 09:03:23
1661418203076008000,16.05,10,16.05,49,16.1,3,2,2022-08-25 09:03:23
1661418203076960000,16.1,3,16.05,49,16.15,53,1,2022-08-25 09:03:23
1661418203132468000,16.15,2,16.05,49,16.15,51,1,2022-08-25 09:03:23
1661418203156855000,16.05,1,16.05,48,16.15,51,2,2022-08-25 09:03:23
1661418203486014000,16.05,1,16.05,48,16.1,10,2,2022-08-25 09:03:23
1661418203500138000,16.1,1,16.05,48,16.1,9,1,2022-08-25 09:03:23
1661418203591423000,16.1,3,16.05,50,16.1,6,1,2022-08-25 09:03:23
1661418203594086000,16.1,5,16.05,50,16.1,1,1,2022-08-25 09:03:23
1661418203627745000,16.1,1,16.05,50,16.15,51,1,2022-08-25 09:03:23
1661418204075949000,16.1,2,16.1,5,16.15,47,2,2022-08-25 09:03:24
1661418204322954000,16.1,3,16.1,4,16.15,67,2,2022-08-25 09:03:24
1661418204747076000,16.1,15,16.1,3,16.15,67,2,2022-08-25 09:03:24
1661418204791050000,16.15,5,16.1,3,16.15,62,1,2022-08-25 09:03:24
1661418205013830000,16.1,3,16.05,82,16.15,62,2,2022-08-25 09:03:25
1661418205013830000,16.05,7,16.05,82,16.15,62,2,2022-08-25 09:03:25
1661418205208298000,16.1,2,16.1,1,16.15,62,2,2022-08-25 09:03:25
1661418205275526000,16.1,1,16.0,85,16.15,62,2,2022-08-25 09:03:25
1661418205275526000,16.05,86,16.0,85,16.15,62,2,2022-08-25 09:03:25
1661418205275526000,16.0,101,16.0,85,16.15,62,2,2022-08-25 09:03:25
1661418205404947000,16.15,1,16.05,3,16.15,61,1,2022-08-25 09:03:25
1661418205438882000,16.1,2,16.05,3,16.15,61,2,2022-08-25 09:03:25
1661418205470980000,16.05,3,15.95,245,16.15,61,2,2022-08-25 09:03:25
1661418205470980000,16.0,87,15.95,245,16.15,61,2,2022-08-25 09:03:25
1661418205470980000,15.95,98,15.95,245,16.15,61,2,2022-08-25 09:03:25
1661418205491357000,16.0,1,16.0,2,16.1,13,2,2022-08-25 09:03:25
1661418205563965000,16.0,2,15.95,243,16.1,13,2,2022-08-25 09:03:25
1661418205563965000,15.95,2,15.95,243,16.1,13,2,2022-08-25 09:03:25
1661418205655986000,16.1,1,16.05,2,16.15,64,1,2022-08-25 09:03:25
1661418205664322000,16.05,1,16.05,1,16.15,64,2,2022-08-25 09:03:25
1661418205720575000,16.1,1,16.05,1,16.15,64,2,2022-08-25 09:03:25
1661418205733874000,16.05,1,15.95,242,16.15,64,2,2022-08-25 09:03:25
1661418205733874000,16.0,1,15.95,242,16.15,64,2,2022-08-25 09:03:25
1661418205733874000,15.95,1,15.95,242,16.15,64,2,2022-08-25 09:03:25
1661418206304932000,16.05,3,16.0,1,16.1,1,2,2022-08-25 09:03:26
1661418206371113000,16.05,2,16.0,1,16.1,13,1,2022-08-25 09:03:26
1661418206517253000,16.0,1,15.95,241,16.1,23,2,2022-08-25 09:03:26
1661418206517253000,15.95,1,15.95,241,16.1,23,2,2022-08-25 09:03:26
1661418206588226000,16.05,1,15.95,241,16.05,13,1,2022-08-25 09:03:26
1661418206658721000,15.95,10,15.95,231,16.05,13,2,2022-08-25 09:03:26
1661418206887428000,16.0,1,15.95,231,16.05,1,2,2022-08-25 09:03:26
1661418207072823000,16.05,2,15.95,231,16.05,11,1,2022-08-25 09:03:27
1661418207138775000,16.0,1,15.95,229,16.05,11,2,2022-08-25 09:03:27
1661418207138775000,15.95,2,15.95,229,16.05,11,2,2022-08-25 09:03:27
1661418207144408000,16.05,1,15.95,229,16.05,10,1,2022-08-25 09:03:27
1661418207264062000,16.0,1,15.95,228,16.05,10,2,2022-08-25 09:03:27
1661418207264062000,15.95,1,15.95,228,16.05,10,2,2022-08-25 09:03:27
1661418207442255000,16.05,5,15.95,230,16.05,7,1,2022-08-25 09:03:27
1661418207515590000,16.0,5,15.95,230,16.05,9,2,2022-08-25 09:03:27
1661418207526377000,16.05,1,15.95,230,16.05,8,1,2022-08-25 09:03:27
1661418207538713000,15.95,150,15.95,80,16.05,8,2,2022-08-25 09:03:27
1661418207570390000,16.0,1,15.95,79,16.05,8,2,2022-08-25 09:03:27
1661418207570390000,15.95,1,15.95,79,16.05,8,2,2022-08-25 09:03:27
1661418208196537000,15.95,67,15.95,12,16.0,36,2,2022-08-25 09:03:28
1661418208202200000,15.95,12,15.9,15,16.0,36,2,2022-08-25 09:03:28
1661418208202200000,15.9,8,15.9,15,16.0,36,2,2022-08-25 09:03:28
1661418208367481000,15.9,3,15.9,12,16.0,36,2,2022-08-25 09:03:28
1661418208552040000,16.0,1,15.9,12,16.0,35,1,2022-08-25 09:03:28
1661418208578383000,15.9,3,15.9,9,16.0,35,2,2022-08-25 09:03:28
1661418208593469000,16.0,20,15.9,9,16.0,15,1,2022-08-25 09:03:28
1661418208616333000,16.0,1,15.9,9,16.0,14,1,2022-08-25 09:03:28
1661418208616674000,16.0,14,16.0,1,16.05,12,1,2022-08-25 09:03:28
1661418208639083000,16.0,1,15.9,9,16.05,12,2,2022-08-25 09:03:28
1661418208667535000,16.0,1,15.9,9,16.05,12,2,2022-08-25 09:03:28
1661418208845250000,15.9,2,15.9,7,16.0,12,2,2022-08-25 09:03:28
1661418209119065000,15.9,2,15.9,5,16.0,12,2,2022-08-25 09:03:29
1661418209197449000,16.0,5,15.9,5,16.0,7,1,2022-08-25 09:03:29
1661418209504606000,16.0,2,15.95,5,16.0,5,1,2022-08-25 09:03:29
1661418209672986000,15.95,7,15.9,5,15.95,3,2,2022-08-25 09:03:29
1661418209807825000,15.9,3,15.9,2,15.95,3,2,2022-08-25 09:03:29
1661418209829745000,15.9,1,15.9,5,15.95,3,2,2022-08-25 09:03:29
1661418210001603000,15.9,1,15.85,13,15.95,4,2,2022-08-25 09:03:30
1661418210001603000,15.85,1,15.85,13,15.95,4,2,2022-08-25 09:03:30
1661418210452352000,15.95,2,15.85,13,15.95,9,1,2022-08-25 09:03:30
1661418210470757000,15.95,2,15.85,13,15.95,5,1,2022-08-25 09:03:30
1661418211000114000,15.9,1,15.85,13,15.9,10,1,2022-08-25 09:03:31
1661418211273035000,15.9,5,15.85,13,15.9,5,1,2022-08-25 09:03:31
1661418211310679000,15.9,1,15.85,13,15.9,4,1,2022-08-25 09:03:31
1661418212054621000,15.9,16,15.85,13,16.0,11,1,2022-08-25 09:03:32
1661418212245971000,15.85,13,15.85,13,15.9,1,2,2022-08-25 09:03:32
1661418332802143000,16.1,346,16.1,112,16.15,71,1,2022-08-25 09:05:32
1661418332839066000,16.1,1,16.1,111,16.15,71,2,2022-08-25 09:05:32
1661418332899254000,16.1,1,16.1,110,16.15,80,2,2022-08-25 09:05:32
1661418332924910000,16.1,64,16.1,46,16.15,80,2,2022-08-25 09:05:32
1661418332996737000,16.1,46,16.05,322,16.1,9,2,2022-08-25 09:05:32
1661418333017022000,16.1,1,16.05,322,16.1,8,1,2022-08-25 09:05:33
1661418333130211000,16.05,6,16.05,316,16.1,8,2,2022-08-25 09:05:33
1661418333245970000,16.1,5,16.05,316,16.1,3,1,2022-08-25 09:05:33
1661418333275177000,16.05,41,16.05,275,16.1,3,2,2022-08-25 09:05:33
1661418333275702000,16.05,18,16.05,257,16.1,3,2,2022-08-25 09:05:33
1661418333276770000,16.1,2,16.05,257,16.1,1,1,2022-08-25 09:05:33
1661418333283019000,16.05,37,16.05,220,16.1,1,2,2022-08-25 09:05:33
1661418333283793000,16.05,18,16.05,202,16.1,1,2,2022-08-25 09:05:33
1661418333586278000,16.05,2,16.05,200,16.1,1,2,2022-08-25 09:05:33
1661418334881925000,16.1,1,16.05,202,16.1,70,1,2022-08-25 09:05:34
1661418334981644000,16.1,2,16.05,202,16.1,68,1,2022-08-25 09:05:34
1661418335318590000,16.1,1,16.05,202,16.1,74,1,2022-08-25 09:05:35
1661418335844270000,16.1,37,16.05,205,16.1,38,1,2022-08-25 09:05:35
1661418335880559000,16.05,10,16.05,195,16.1,38,2,2022-08-25 09:05:35
1661418335929407000,16.1,1,16.05,195,16.1,37,1,2022-08-25 09:05:35
1661418335999233000,16.05,6,16.05,189,16.1,37,2,2022-08-25 09:05:35
1661418336355120000,16.1,1,16.05,189,16.1,36,1,2022-08-25 09:05:36
1661418336490357000,16.1,1,16.05,189,16.1,35,1,2022-08-25 09:05:36
1661418336520952000,16.05,9,16.05,180,16.1,35,2,2022-08-25 09:05:36
1661418336568205000,16.1,1,16.05,179,16.1,34,1,2022-08-25 09:05:36
1661418337210708000,16.05,25,16.05,163,16.1,54,2,2022-08-25 09:05:37
1661418337742249000,16.1,1,16.05,163,16.1,53,1,2022-08-25 09:05:37
1661418337774563000,16.05,163,16.0,211,16.1,53,2,2022-08-25 09:05:37
1661418337864589000,16.1,3,16.0,211,16.1,50,1,2022-08-25 09:05:37
1661418337900143000,16.1,2,16.0,211,16.1,165,1,2022-08-25 09:05:37
1661418338362684000,16.1,5,16.0,216,16.1,169,1,2022-08-25 09:05:38
1661418338652423000,16.05,14,16.0,216,16.05,13,1,2022-08-25 09:05:38
1661418338803131000,16.0,3,16.0,213,16.05,13,2,2022-08-25 09:05:38
1661418339033207000,16.0,5,16.0,208,16.05,13,2,2022-08-25 09:05:39
1661418339037926000,16.0,5,16.0,203,16.05,13,2,2022-08-25 09:05:39
1661418339238023000,16.05,1,16.0,203,16.05,32,1,2022-08-25 09:05:39
1661418339350251000,16.0,20,16.0,183,16.05,32,2,2022-08-25 09:05:39
1661418340403300000,16.0,187,15.95,82,16.05,32,2,2022-08-25 09:05:40
1661418340477705000,16.05,2,15.95,82,16.05,30,1,2022-08-25 09:05:40
1661418340501370000,16.05,5,15.95,82,16.05,25,1,2022-08-25 09:05:40
1661418341238504000,15.95,5,15.95,78,16.0,104,2,2022-08-25 09:05:41
1661418341395189000,16.0,1,15.95,78,16.0,103,1,2022-08-25 09:05:41
1661418341532711000,16.0,27,15.95,78,16.0,76,1,2022-08-25 09:05:41
1661418341831434000,15.95,50,15.95,19,16.0,76,2,2022-08-25 09:05:41
1661418341869914000,15.95,2,15.95,17,16.0,76,2,2022-08-25 09:05:41
1661418341963127000,16.0,1,15.95,17,16.0,75,1,2022-08-25 09:05:41
1661418341992183000,15.95,5,15.95,12,16.0,75,2,2022-08-25 09:05:41
1661418342015491000,16.0,1,15.95,12,16.0,74,1,2022-08-25 09:05:42
1661418342090984000,16.0,1,15.95,12,16.0,73,1,2022-08-25 09:05:42
1661418342659214000,15.95,5,15.95,5,16.0,74,2,2022-08-25 09:05:42
1661418342921497000,15.95,5,15.9,125,16.0,74,2,2022-08-25 09:05:42
1661418343634974000,15.9,10,15.9,125,16.0,84,2,2022-08-25 09:05:43
1661418343723737000,16.0,5,15.9,145,16.0,129,1,2022-08-25 09:05:43
1661418343822197000,16.0,5,15.9,145,16.0,124,1,2022-08-25 09:05:43
1661418344111439000,16.0,2,15.9,144,16.0,124,1,2022-08-25 09:05:44
1661418344208987000,16.0,1,15.9,144,16.0,121,1,2022-08-25 09:05:44
1661418345843020000,15.95,1,15.9,144,15.95,6,2,2022-08-25 09:05:45
1661418345865375000,15.95,6,15.9,134,15.95,13,1,2022-08-25 09:05:45
1661418346753490000,15.95,5,15.9,135,15.95,9,1,2022-08-25 09:05:46
1661418347505679000,15.95,5,15.9,135,15.95,4,1,2022-08-25 09:05:47
1661418347983122000,15.95,1,15.9,143,15.95,3,1,2022-08-25 09:05:47
1661418348014910000,15.95,3,15.9,143,16.0,124,1,2022-08-25 09:05:48
1661418348289113000,15.9,4,15.9,139,16.0,124,2,2022-08-25 09:05:48
1661418348419515000,16.0,5,15.9,139,16.0,119,1,2022-08-25 09:05:48
1661418348626406000,16.0,2,15.9,139,16.0,122,1,2022-08-25 09:05:48
1661418348648899000,15.9,2,15.9,137,16.0,122,2,2022-08-25 09:05:48
1661418348802880000,16.0,3,15.9,137,16.0,119,1,2022-08-25 09:05:48
1661418348877648000,16.0,2,15.9,137,16.0,117,1,2022-08-25 09:05:48
1661418349152066000,16.0,5,15.9,137,16.0,112,1,2022-08-25 09:05:49
1661418349254401000,15.95,2,15.9,138,16.0,112,1,2022-08-25 09:05:49
1661418349431476000,16.0,2,15.9,138,16.0,110,1,2022-08-25 09:05:49
1661418349466343000,16.0,1,15.9,138,16.0,109,1,2022-08-25 09:05:49
1661418349521063000,15.9,8,15.9,130,16.0,109,2,2022-08-25 09:05:49
1661418349643261000,16.0,1,15.95,1,16.0,108,1,2022-08-25 09:05:49
1661418349810297000,16.0,1,15.95,1,16.0,107,1,2022-08-25 09:05:49
1661418350116674000,16.0,2,15.95,1,16.0,108,1,2022-08-25 09:05:50
1661418350329064000,16.0,1,15.95,7,16.0,104,1,2022-08-25 09:05:50
1661418350572112000,16.0,1,15.95,8,16.0,103,1,2022-08-25 09:05:50
1661418352007156000,16.0,27,15.95,9,16.0,79,1,2022-08-25 09:05:52
1661418352138381000,16.0,1,15.95,19,16.0,69,1,2022-08-25 09:05:52
1661418352253401000,16.0,5,15.95,20,16.0,63,1,2022-08-25 09:05:52
1661418352322291000,15.95,2,15.95,20,16.0,64,2,2022-08-25 09:05:52
1661418352736881000,16.0,1,15.95,18,16.0,63,1,2022-08-25 09:05:52
1661418353000861000,15.95,2,15.95,20,16.0,63,2,2022-08-25 09:05:53
1661418353201140000,16.0,5,15.95,18,16.0,58,1,2022-08-25 09:05:53
1661418353664892000,16.0,1,15.95,25,16.0,58,1,2022-08-25 09:05:53
1661418353782487000,16.0,1,15.95,26,16.0,57,1,2022-08-25 09:05:53
1661418354013392000,15.95,1,15.95,32,16.0,57,2,2022-08-25 09:05:54
1661418354083289000,15.95,2,15.95,32,16.0,57,2,2022-08-25 09:05:54
1661418354264908000,15.95,3,15.95,27,16.0,57,2,2022-08-25 09:05:54
1661418354934944000,16.0,5,15.95,40,16.0,58,1,2022-08-25 09:05:54
1661418355472819000,16.0,5,15.95,41,16.0,48,1,2022-08-25 09:05:55
1661418355535701000,16.0,48,15.95,141,16.0,1,1,2022-08-25 09:05:55
1661418355558039000,16.0,1,15.95,141,16.05,10,1,2022-08-25 09:05:55
1661418355845115000,16.0,1,16.0,2,16.05,10,2,2022-08-25 09:05:55
1661418357423925000,16.0,2,16.0,36,16.05,11,2,2022-08-25 09:05:57
1661418357610550000,16.0,1,16.0,38,16.05,11,2,2022-08-25 09:05:57
1661418357783710000,16.0,4,16.0,31,16.05,11,2,2022-08-25 09:05:57
1661418357933602000,16.05,5,16.0,31,16.05,11,1,2022-08-25 09:05:57
1661418358221397000,16.0,5,16.0,26,16.05,6,2,2022-08-25 09:05:58
1661418358741659000,16.05,6,16.0,32,16.1,14,1,2022-08-25 09:05:58
1661418358741659000,16.1,9,16.0,32,16.1,14,1,2022-08-25 09:05:58
1661418359268674000,16.1,1,16.0,25,16.1,13,1,2022-08-25 09:05:59
1661418360108270000,16.1,5,16.0,51,16.1,9,1,2022-08-25 09:06:00
1661418360590536000,16.0,6,16.0,49,16.05,3,2,2022-08-25 09:06:00
1661418360816465000,16.0,1,16.0,42,16.05,3,2,2022-08-25 09:06:00
1661418360820344000,16.05,1,16.0,42,16.05,2,1,2022-08-25 09:06:00
1661418361494168000,16.05,2,16.0,46,16.1,21,1,2022-08-25 09:06:01
1661418361494168000,16.1,4,16.0,46,16.1,21,1,2022-08-25 09:06:01
1661418363011769000,16.05,1,16.0,67,16.1,44,2,2022-08-25 09:06:03
1661418363081397000,16.1,3,16.0,67,16.1,44,1,2022-08-25 09:06:03
1661418364927965000,16.05,1,16.05,47,16.1,46,2,2022-08-25 09:06:04
1661418365122672000,16.1,3,16.05,48,16.1,46,1,2022-08-25 09:06:05
1661418365559970000,16.1,1,16.05,47,16.1,50,1,2022-08-25 09:06:05
1661418365943321000,16.05,1,16.05,46,16.1,50,2,2022-08-25 09:06:05
1661418367609506000,16.1,10,16.05,48,16.1,52,1,2022-08-25 09:06:07
1661418369076057000,16.1,10,16.05,74,16.1,34,1,2022-08-25 09:06:09
1661418369454694000,16.1,9,16.05,75,16.1,17,1,2022-08-25 09:06:09
1661418369491432000,16.1,17,16.05,75,16.15,70,1,2022-08-25 09:06:09
1661418369595316000,16.1,1,16.05,75,16.15,70,2,2022-08-25 09:06:09
1661418369835427000,16.1,2,16.05,75,16.1,1,1,2022-08-25 09:06:09
1661418369967202000,16.1,1,16.1,9,16.15,70,1,2022-08-25 09:06:09
1661418370586711000,16.15,5,16.1,11,16.15,65,1,2022-08-25 09:06:10
1661418370616922000,16.15,1,16.1,11,16.15,64,1,2022-08-25 09:06:10
1661418370632736000,16.1,1,16.1,11,16.15,70,2,2022-08-25 09:06:10
1661418370810953000,16.1,1,16.1,12,16.15,64,2,2022-08-25 09:06:10
1661418371025279000,16.15,1,16.1,13,16.15,63,1,2022-08-25 09:06:11
1661418371554194000,16.15,1,16.1,36,16.15,63,1,2022-08-25 09:06:11
1661418371668860000,16.1,1,16.1,35,16.15,62,2,2022-08-25 09:06:11
1661418372404788000,16.1,1,16.1,35,16.15,62,2,2022-08-25 09:06:12
1661418372900040000,16.15,1,16.1,37,16.15,63,1,2022-08-25 09:06:12
1661418374245614000,16.15,50,16.1,37,16.15,15,1,2022-08-25 09:06:14
1661418374630620000,16.15,5,16.1,40,16.15,8,1,2022-08-25 09:06:14
1661418374665070000,16.15,5,16.1,39,16.15,3,1,2022-08-25 09:06:14
1661418375103386000,16.15,1,16.1,39,16.15,2,1,2022-08-25 09:06:15
1661418375137432000,16.15,2,16.1,39,16.15,3,1,2022-08-25 09:06:15
1661418375235937000,16.15,1,16.15,1,16.2,158,2,2022-08-25 09:06:15
1661418375265308000,16.15,1,16.1,39,16.2,158,2,2022-08-25 09:06:15
1661418376044349000,16.15,2,16.15,2,16.2,158,2,2022-08-25 09:06:16
1661418376120799000,16.2,1,16.15,4,16.2,158,1,2022-08-25 09:06:16
1661418376433215000,16.15,10,16.15,7,16.2,157,2,2022-08-25 09:06:16
1661418377496434000,16.15,14,16.1,50,16.2,157,2,2022-08-25 09:06:17
1661418377870996000,16.15,3,16.1,51,16.2,140,1,2022-08-25 09:06:17
1661418377870996000,16.2,17,16.1,51,16.2,140,1,2022-08-25 09:06:17
1661418377943341000,16.1,1,16.1,50,16.2,140,2,2022-08-25 09:06:17
1661418378992167000,16.15,1,16.15,2,16.2,140,2,2022-08-25 09:06:18
1661418379105153000,16.15,2,16.1,53,16.2,140,2,2022-08-25 09:06:19
1661418379105153000,16.1,3,16.1,53,16.2,140,2,2022-08-25 09:06:19
1661418379310816000,16.2,5,16.15,2,16.2,135,1,2022-08-25 09:06:19
1661418379534875000,16.2,5,16.15,3,16.2,135,1,2022-08-25 09:06:19
1661418379896588000,16.2,3,16.15,3,16.2,127,1,2022-08-25 09:06:19
1661418379978463000,16.15,1,16.15,2,16.2,127,2,2022-08-25 09:06:19
1661418380041882000,16.2,2,16.15,2,16.2,128,1,2022-08-25 09:06:20
1661418380193970000,16.2,30,16.15,22,16.2,96,1,2022-08-25 09:06:20
1661418380386238000,16.15,3,16.15,21,16.2,96,2,2022-08-25 09:06:20
1661418381351310000,16.2,1,16.15,23,16.2,95,1,2022-08-25 09:06:21
1661418381418907000,16.2,3,16.15,23,16.2,92,1,2022-08-25 09:06:21
1661418381622684000,16.2,1,16.15,27,16.2,94,1,2022-08-25 09:06:21
1661418382005837000,16.2,1,16.15,28,16.2,92,1,2022-08-25 09:06:22
1661418382442921000,16.2,1,16.15,30,16.2,95,1,2022-08-25 09:06:22
1661418382625908000,16.2,10,16.15,35,16.2,95,1,2022-08-25 09:06:22
1661418382853339000,16.2,5,16.15,35,16.2,80,1,2022-08-25 09:06:22
1661418383736569000,16.2,1,16.15,45,16.2,81,1,2022-08-25 09:06:23
1661418383762895000,16.2,1,16.15,45,16.2,80,1,2022-08-25 09:06:23
1661418383766060000,16.2,7,16.15,45,16.2,73,1,2022-08-25 09:06:23
1661418384204092000,16.2,1,16.15,45,16.2,72,1,2022-08-25 09:06:24
1661418384233371000,16.2,7,16.15,45,16.2,65,1,2022-08-25 09:06:24
1661418384750377000,16.2,10,16.15,65,16.2,66,1,2022-08-25 09:06:24
1661418384873149000,16.2,1,16.15,66,16.2,65,1,2022-08-25 09:06:24
1661418385003090000,16.2,10,16.15,66,16.2,55,1,2022-08-25 09:06:25
1661418385036272000,16.2,8,16.15,66,16.2,65,1,2022-08-25 09:06:25
1661418385642237000,16.2,10,16.15,69,16.2,47,1,2022-08-25 09:06:25
1661418385670699000,16.2,37,16.15,69,16.25,53,1,2022-08-25 09:06:25
1661418386546640000,16.25,5,16.2,2,16.25,56,1,2022-08-25 09:06:26
1661418387060085000,16.25,5,16.2,4,16.25,51,1,2022-08-25 09:06:27
1661418387204007000,16.2,1,16.2,3,16.25,51,2,2022-08-25 09:06:27
1661418387312602000,16.25,2,16.2,13,16.25,49,1,2022-08-25 09:06:27
1661418387733990000,16.25,20,16.2,20,16.25,35,1,2022-08-25 09:06:27
1661418387924729000,16.25,5,16.2,21,16.25,30,1,2022-08-25 09:06:27
1661418388421219000,16.25,2,16.2,30,16.25,28,1,2022-08-25 09:06:28
1661418388573037000,16.2,3,16.2,30,16.25,30,2,2022-08-25 09:06:28
1661418389043257000,16.25,1,16.2,28,16.25,28,1,2022-08-25 09:06:29
1661418389410360000,16.25,5,16.2,28,16.25,22,1,2022-08-25 09:06:29
1661418390085740000,16.25,4,16.2,28,16.25,24,1,2022-08-25 09:06:30
1661418390314135000,16.25,2,16.2,28,16.25,18,1,2022-08-25 09:06:30
1661418390362805000,16.25,1,16.2,28,16.25,17,1,2022-08-25 09:06:30
1661418390394449000,16.25,5,16.2,28,16.25,12,1,2022-08-25 09:06:30
1661418390672485000,16.25,2,16.2,29,16.25,10,1,2022-08-25 09:06:30
1661418390728809000,16.25,1,16.2,29,16.25,9,1,2022-08-25 09:06:30
1661418391169936000,16.25,1,16.2,60,16.25,9,1,2022-08-25 09:06:31
1661418391361941000,16.25,1,16.2,61,16.25,7,1,2022-08-25 09:06:31
1661418391390541000,16.25,1,16.2,61,16.25,6,1,2022-08-25 09:06:31
1661418391693827000,16.25,1,16.2,65,16.25,5,1,2022-08-25 09:06:31
1661418391983405000,16.25,5,16.25,5,16.3,56,1,2022-08-25 09:06:31
1661418392116072000,16.3,10,16.25,6,16.3,46,1,2022-08-25 09:06:32
1661418393220352000,16.3,3,16.25,36,16.3,43,1,2022-08-25 09:06:33
1661418393225578000,16.25,27,16.25,9,16.3,43,2,2022-08-25 09:06:33
1661418393448753000,16.3,2,16.25,12,16.3,44,1,2022-08-25 09:06:33
1661418393680910000,16.3,1,16.25,12,16.3,43,1,2022-08-25 09:06:33
1661418393951589000,16.3,2,16.25,12,16.3,41,1,2022-08-25 09:06:33
1661418394066443000,16.3,3,16.25,12,16.3,43,1,2022-08-25 09:06:34
1661418394233732000,16.25,1,16.25,11,16.3,38,2,2022-08-25 09:06:34
1661418394372930000,16.3,1,16.25,11,16.3,37,1,2022-08-25 09:06:34
1661418394942378000,16.25,1,16.25,15,16.3,37,2,2022-08-25 09:06:34
1661418395631087000,16.25,2,16.25,27,16.3,37,2,2022-08-25 09:06:35
1661418395763717000,16.3,2,16.25,25,16.3,35,1,2022-08-25 09:06:35
1661418395952617000,16.25,20,16.25,5,16.3,35,2,2022-08-25 09:06:35
1661418396047375000,16.25,7,16.2,134,16.25,3,2,2022-08-25 09:06:36
1661418396126283000,16.25,1,16.2,134,16.25,4,1,2022-08-25 09:06:36
1661418396199588000,16.2,3,16.2,131,16.25,3,2,2022-08-25 09:06:36
1661418396389605000,16.25,10,16.2,131,16.3,35,1,2022-08-25 09:06:36
1661418396468793000,16.25,1,16.2,131,16.3,35,2,2022-08-25 09:06:36
1661418396927492000,16.25,1,16.25,1,16.3,36,2,2022-08-25 09:06:36
1661418397195073000,16.25,1,16.2,164,16.3,36,2,2022-08-25 09:06:37
1661418397494570000,16.25,2,16.2,164,16.3,36,1,2022-08-25 09:06:37
1661418398124726000,16.25,1,16.25,1,16.3,37,1,2022-08-25 09:06:38
1661418398144841000,16.25,1,16.2,168,16.3,37,2,2022-08-25 09:06:38
1661418398197900000,16.25,1,16.25,4,16.3,37,1,2022-08-25 09:06:38
1661418398202013000,16.3,3,16.25,4,16.3,34,1,2022-08-25 09:06:38
1661418398324504000,16.25,1,16.25,3,16.3,34,2,2022-08-25 09:06:38
1661418398482574000,16.25,3,16.2,169,16.25,2,2,2022-08-25 09:06:38
1661418398565353000,16.2,3,16.2,169,16.25,7,2,2022-08-25 09:06:38
1661418398616239000,16.25,3,16.2,169,16.25,4,1,2022-08-25 09:06:38
1661418398811276000,16.25,2,16.2,179,16.25,6,1,2022-08-25 09:06:38
1661418399228892000,16.25,4,16.25,1,16.3,42,1,2022-08-25 09:06:39
1661418399873757000,16.25,6,16.2,166,16.3,43,2,2022-08-25 09:06:39
1661418399873757000,16.2,14,16.2,166,16.3,43,2,2022-08-25 09:06:39
1661418400033769000,16.25,1,16.2,166,16.25,1,2,2022-08-25 09:06:40
1661418400154737000,16.25,1,16.2,166,16.25,1,1,2022-08-25 09:06:40
1661418400154737000,16.3,2,16.2,166,16.25,1,1,2022-08-25 09:06:40
1661418400271559000,16.2,2,16.2,164,16.25,37,2,2022-08-25 09:06:40
1661418400340838000,16.25,2,16.2,164,16.25,35,1,2022-08-25 09:06:40
1661418400456234000,16.25,1,16.2,164,16.25,36,1,2022-08-25 09:06:40
1661418400747778000,16.25,5,16.2,164,16.25,30,1,2022-08-25 09:06:40
1661418400858749000,16.25,3,16.2,164,16.25,27,1,2022-08-25 09:06:40
1661418400886015000,16.25,2,16.2,164,16.25,25,1,2022-08-25 09:06:40
1661418400978851000,16.25,5,16.2,164,16.25,20,1,2022-08-25 09:06:40
1661418400981340000,16.25,3,16.2,164,16.25,17,1,2022-08-25 09:06:40
1661418401018198000,16.25,2,16.2,164,16.25,15,1,2022-08-25 09:06:41
1661418401163682000,16.25,1,16.2,164,16.25,16,1,2022-08-25 09:06:41
1661418401744681000,16.25,2,16.2,164,16.25,43,1,2022-08-25 09:06:41
1661418401822870000,16.2,139,16.2,25,16.25,43,2,2022-08-25 09:06:41
1661418401857555000,16.2,25,16.15,85,16.25,43,2,2022-08-25 09:06:41
1661418401947546000,16.2,1,16.15,85,16.25,43,2,2022-08-25 09:06:41
1661418402156783000,16.25,5,16.15,86,16.25,43,1,2022-08-25 09:06:42
1661418402210529000,16.25,2,16.15,86,16.25,36,1,2022-08-25 09:06:42
1661418402368308000,16.25,1,16.15,86,16.25,35,1,2022-08-25 09:06:42
1661418402390228000,16.25,1,16.15,86,16.25,36,1,2022-08-25 09:06:42
1661418402434230000,16.25,10,16.15,86,16.25,26,1,2022-08-25 09:06:42
1661418402563533000,16.25,1,16.15,86,16.25,28,1,2022-08-25 09:06:42
1661418402620524000,16.2,1,16.15,86,16.25,28,2,2022-08-25 09:06:42
1661418402743367000,16.25,1,16.15,86,16.25,27,1,2022-08-25 09:06:42
1661418403025542000,16.2,2,16.15,86,16.2,18,1,2022-08-25 09:06:43
1661418403150916000,16.2,1,16.15,86,16.2,18,1,2022-08-25 09:06:43
1661418403490312000,16.2,1,16.15,86,16.2,16,1,2022-08-25 09:06:43
1661418403505581000,16.2,1,16.15,86,16.2,15,1,2022-08-25 09:06:43
1661418403662256000,16.2,10,16.15,86,16.2,15,1,2022-08-25 09:06:43
1661418403746065000,16.2,1,16.15,86,16.2,4,1,2022-08-25 09:06:43
1661418403761325000,16.2,1,16.15,86,16.2,3,1,2022-08-25 09:06:43
1661418403799333000,16.2,3,16.15,86,16.25,22,1,2022-08-25 09:06:43
1661418403799333000,16.25,7,16.15,86,16.25,22,1,2022-08-25 09:06:43
1661418403842059000,16.25,2,16.15,86,16.25,20,1,2022-08-25 09:06:43
1661418403961764000,16.25,1,16.15,86,16.25,19,1,2022-08-25 09:06:43
1661418404379863000,16.25,5,16.15,86,16.25,14,1,2022-08-25 09:06:44
1661418404445108000,16.15,3,16.15,83,16.25,17,2,2022-08-25 09:06:44
1661418404463373000,16.25,10,16.15,83,16.25,7,1,2022-08-25 09:06:44
1661418404605345000,16.25,1,16.15,83,16.25,6,1,2022-08-25 09:06:44
1661418404865428000,16.25,1,16.15,83,16.25,7,1,2022-08-25 09:06:44
1661418405460781000,16.2,1,16.2,4,16.25,19,2,2022-08-25 09:06:45
1661418405954137000,16.2,4,16.15,62,16.25,20,2,2022-08-25 09:06:45
1661418405954137000,16.15,16,16.15,62,16.25,20,2,2022-08-25 09:06:45
1661418406262251000,16.25,1,16.15,62,16.25,29,1,2022-08-25 09:06:46
1661418406754642000,16.2,1,16.15,62,16.25,25,1,2022-08-25 09:06:46
1661418406754642000,16.25,6,16.15,62,16.25,25,1,2022-08-25 09:06:46
1661418407072905000,16.2,5,16.15,5,16.25,25,2,2022-08-25 09:06:47
1661418407072905000,16.15,52,16.15,5,16.25,25,2,2022-08-25 09:06:47
1661418407237309000,16.25,1,16.15,5,16.25,24,1,2022-08-25 09:06:47
1661418407248426000,16.25,1,16.15,5,16.25,23,1,2022-08-25 09:06:47
1661418407989274000,16.25,2,16.15,11,16.25,21,1,2022-08-25 09:06:47
1661418408057084000,16.2,1,16.15,5,16.25,21,2,2022-08-25 09:06:48
1661418408082502000,16.15,2,16.15,3,16.25,21,2,2022-08-25 09:06:48
1661418408841552000,16.2,1,16.2,4,16.25,25,2,2022-08-25 09:06:48
1661418408873773000,16.2,4,16.15,3,16.25,25,2,2022-08-25 09:06:48
1661418409100073000,16.2,3,16.2,7,16.25,25,1,2022-08-25 09:06:49
1661418409404689000,16.25,1,16.2,7,16.25,28,1,2022-08-25 09:06:49
1661418409663943000,16.25,10,16.2,7,16.25,28,1,2022-08-25 09:06:49
1661418409772821000,16.2,5,16.2,10,16.25,25,2,2022-08-25 09:06:49
1661418409937600000,16.2,5,16.2,5,16.25,25,2,2022-08-25 09:06:49
1661418410126237000,16.2,5,16.2,10,16.25,25,2,2022-08-25 09:06:50
1661418410285907000,16.2,5,16.15,3,16.25,25,2,2022-08-25 09:06:50
1661418410849850000,16.2,1,16.2,24,16.25,35,2,2022-08-25 09:06:50
1661418410982906000,16.2,5,16.2,19,16.25,35,2,2022-08-25 09:06:50
1661418411249217000,16.2,16,16.2,3,16.25,35,2,2022-08-25 09:06:51
1661418411284670000,16.2,3,16.15,4,16.25,35,2,2022-08-25 09:06:51
1661418411446414000,16.25,1,16.15,4,16.25,35,1,2022-08-25 09:06:51
1661418411512641000,16.25,20,16.15,10,16.25,15,1,2022-08-25 09:06:51
1661418411987944000,16.25,3,16.2,134,16.25,15,1,2022-08-25 09:06:51
1661418412353131000,16.25,5,16.2,134,16.25,7,1,2022-08-25 09:06:52
1661418412461248000,16.2,5,16.2,131,16.25,7,2,2022-08-25 09:06:52
1661418412776533000,16.25,7,16.25,3,16.3,48,1,2022-08-25 09:06:52
1661418413110257000,16.25,3,16.2,131,16.25,2,2,2022-08-25 09:06:53
1661418413191268000,16.25,2,16.25,48,16.3,48,1,2022-08-25 09:06:53
1661418413315549000,16.25,5,16.25,43,16.3,48,2,2022-08-25 09:06:53
1661418413464573000,16.25,5,16.25,38,16.3,48,2,2022-08-25 09:06:53
1661418413606919000,16.25,5,16.25,43,16.3,48,2,2022-08-25 09:06:53
1661418413772381000,16.25,5,16.25,28,16.3,48,2,2022-08-25 09:06:53
1661418413896254000,16.25,1,16.25,35,16.3,48,2,2022-08-25 09:06:53
1661418413934103000,16.25,5,16.25,30,16.3,48,2,2022-08-25 09:06:53
1661418414418292000,16.3,2,16.25,33,16.3,45,1,2022-08-25 09:06:54
1661418414435807000,16.25,5,16.25,33,16.3,47,2,2022-08-25 09:06:54
1661418414761739000,16.3,10,16.25,28,16.3,35,1,2022-08-25 09:06:54
1661418415122853000,16.25,1,16.25,58,16.3,35,2,2022-08-25 09:06:55
1661418415562262000,16.25,29,16.25,59,16.3,35,2,2022-08-25 09:06:55
1661418415818165000,16.3,30,16.25,33,16.3,35,1,2022-08-25 09:06:55
1661418416809382000,16.3,1,16.25,33,16.3,4,1,2022-08-25 09:06:56
1661418416849000000,16.3,4,16.3,6,16.35,41,1,2022-08-25 09:06:56
1661418416905055000,16.3,1,16.3,5,16.35,51,2,2022-08-25 09:06:56
1661418417056979000,16.3,5,16.25,33,16.3,13,2,2022-08-25 09:06:57
1661418417620917000,16.3,1,16.25,34,16.3,12,1,2022-08-25 09:06:57
1661418417986951000,16.3,10,16.25,34,16.3,2,1,2022-08-25 09:06:57
1661418418073234000,16.25,5,16.25,29,16.3,2,2,2022-08-25 09:06:58
1661418418227880000,16.25,5,16.25,24,16.3,4,2,2022-08-25 09:06:58
1661418418397745000,16.25,5,16.25,19,16.3,4,2,2022-08-25 09:06:58
1661418418398109000,16.3,4,16.25,19,16.35,55,1,2022-08-25 09:06:58
1661418418398109000,16.35,6,16.25,19,16.35,55,1,2022-08-25 09:06:58
1661418418525906000,16.35,1,16.25,19,16.35,54,1,2022-08-25 09:06:58
1661418418565123000,16.3,2,16.25,19,16.35,54,1,2022-08-25 09:06:58
1661418418760114000,16.3,5,16.25,19,16.35,53,1,2022-08-25 09:06:58
1661418418760114000,16.35,1,16.25,19,16.35,53,1,2022-08-25 09:06:58
1661418419668083000,16.3,13,16.3,16,16.35,53,2,2022-08-25 09:06:59
1661418419693050000,16.3,3,16.25,19,16.35,53,2,2022-08-25 09:06:59
1661418419895807000,16.25,9,16.25,10,16.3,2,2,2022-08-25 09:06:59
1661418420197374000,16.3,2,16.25,12,16.35,54,1,2022-08-25 09:07:00
1661418420197374000,16.35,3,16.25,12,16.35,54,1,2022-08-25 09:07:00
1661418420570042000,16.25,6,16.25,8,16.35,58,2,2022-08-25 09:07:00
1661418420589766000,16.25,8,16.2,172,16.35,58,2,2022-08-25 09:07:00
1661418420589766000,16.2,10,16.2,172,16.35,58,2,2022-08-25 09:07:00
1661418420667159000,16.3,4,16.2,172,16.35,58,2,2022-08-25 09:07:00
1661418420682822000,16.2,18,16.2,172,16.35,58,2,2022-08-25 09:07:00
1661418420893350000,16.25,2,16.25,8,16.35,58,2,2022-08-25 09:07:00
1661418421157116000,16.3,2,16.25,8,16.35,55,1,2022-08-25 09:07:01
1661418421157116000,16.35,3,16.25,8,16.35,55,1,2022-08-25 09:07:01
1661418421473375000,16.35,2,16.25,8,16.35,53,1,2022-08-25 09:07:01
1661418421743580000,16.3,1,16.25,38,16.3,6,1,2022-08-25 09:07:01
1661418421974772000,16.3,1,16.25,40,16.3,5,1,2022-08-25 09:07:01
1661418422034440000,16.25,2,16.25,43,16.3,5,2,2022-08-25 09:07:02
1661418422153058000,16.3,4,16.25,45,16.3,7,1,2022-08-25 09:07:02
1661418422277830000,16.3,1,16.25,45,16.3,2,1,2022-08-25 09:07:02
1661418422346250000,16.3,2,16.25,45,16.35,53,1,2022-08-25 09:07:02
1661418422647905000,16.35,2,16.25,47,16.35,51,1,2022-08-25 09:07:02
1661418423216162000,16.3,1,16.25,63,16.35,60,2,2022-08-25 09:07:03
1661418423452869000,16.3,2,16.25,63,16.35,60,1,2022-08-25 09:07:03
1661418424657762000,16.35,5,16.3,35,16.35,60,1,2022-08-25 09:07:04
1661418424904646000,16.35,5,16.3,35,16.35,55,1,2022-08-25 09:07:04
1661418425806294000,16.3,5,16.3,134,16.35,55,2,2022-08-25 09:07:05
1661418425916645000,16.35,10,16.3,137,16.35,65,1,2022-08-25 09:07:05
1661418426851982000,16.3,1,16.3,136,16.35,55,2,2022-08-25 09:07:06
1661418427335110000,16.35,5,16.3,136,16.35,50,1,2022-08-25 09:07:07
1661418427490237000,16.3,5,16.3,131,16.35,50,2,2022-08-25 09:07:07
1661418428205439000,16.3,5,16.3,132,16.35,57,2,2022-08-25 09:07:08
1661418429812039000,16.35,1,16.3,141,16.35,59,1,2022-08-25 09:07:09
1661418430141085000,16.35,20,16.3,142,16.35,39,1,2022-08-25 09:07:10
1661418430371289000,16.35,1,16.3,148,16.35,38,1,2022-08-25 09:07:10
1661418431609665000,16.35,2,16.3,168,16.35,60,1,2022-08-25 09:07:11
1661418432024045000,16.35,1,16.3,168,16.35,58,1,2022-08-25 09:07:12
1661418432495336000,16.35,1,16.3,168,16.35,56,1,2022-08-25 09:07:12
1661418433375959000,16.35,1,16.3,169,16.35,55,1,2022-08-25 09:07:13
1661418434190776000,16.35,2,16.3,178,16.35,54,1,2022-08-25 09:07:14
1661418434693076000,16.35,1,16.3,178,16.35,53,1,2022-08-25 09:07:14
1661418434857836000,16.3,5,16.3,173,16.35,53,2,2022-08-25 09:07:14
1661418435586396000,16.35,1,16.3,173,16.35,53,1,2022-08-25 09:07:15
1661418436150453000,16.35,10,16.3,173,16.35,57,1,2022-08-25 09:07:16
1661418436303136000,16.35,10,16.3,173,16.35,37,1,2022-08-25 09:07:16
1661418436466024000,16.35,2,16.3,173,16.35,35,1,2022-08-25 09:07:16
1661418436470786000,16.35,7,16.3,173,16.35,28,1,2022-08-25 09:07:16
1661418437190801000,16.35,5,16.3,174,16.35,28,1,2022-08-25 09:07:17
1661418437741267000,16.35,3,16.3,176,16.35,23,1,2022-08-25 09:07:17
1661418438140806000,16.35,1,16.3,176,16.35,22,1,2022-08-25 09:07:18
1661418438239577000,16.35,1,16.3,176,16.35,23,1,2022-08-25 09:07:18
1661418438446175000,16.35,23,16.35,27,16.4,111,1,2022-08-25 09:07:18
1661418438699790000,16.35,22,16.35,6,16.4,111,2,2022-08-25 09:07:18
1661418438735911000,16.35,6,16.3,178,16.4,111,2,2022-08-25 09:07:18
1661418439074903000,16.35,5,16.3,178,16.4,111,2,2022-08-25 09:07:19
1661418439401861000,16.4,1,16.35,23,16.4,110,1,2022-08-25 09:07:19
1661418439529415000,16.35,5,16.35,23,16.4,111,2,2022-08-25 09:07:19
1661418439755577000,16.35,1,16.35,17,16.4,109,2,2022-08-25 09:07:19
1661418440053401000,16.35,3,16.35,19,16.4,106,2,2022-08-25 09:07:20
1661418440517492000,16.4,3,16.35,21,16.4,106,1,2022-08-25 09:07:20
1661418441403162000,16.35,3,16.35,22,16.4,106,2,2022-08-25 09:07:21
1661418442997615000,16.35,1,16.35,34,16.4,115,2,2022-08-25 09:07:22
1661418443062607000,16.35,2,16.35,34,16.4,115,2,2022-08-25 09:07:23
1661418443275383000,16.4,3,16.35,39,16.4,112,1,2022-08-25 09:07:23
1661418443382062000,16.35,1,16.35,38,16.4,112,2,2022-08-25 09:07:23
1661418443665822000,16.35,2,16.35,36,16.4,112,2,2022-08-25 09:07:23
1661418444154186000,16.4,1,16.35,36,16.4,114,1,2022-08-25 09:07:24
1661418444252547000,16.35,1,16.35,35,16.4,113,2,2022-08-25 09:07:24
1661418444678830000,16.4,1,16.35,135,16.4,113,1,2022-08-25 09:07:24
1661418444752312000,16.35,10,16.35,125,16.4,117,2,2022-08-25 09:07:24
1661418445139258000,16.4,5,16.35,125,16.4,117,1,2022-08-25 09:07:25
1661418445234274000,16.35,3,16.35,122,16.4,112,2,2022-08-25 09:07:25
1661418445274077000,16.35,3,16.35,119,16.4,112,2,2022-08-25 09:07:25
1661418445418841000,16.35,1,16.35,123,16.4,112,2,2022-08-25 09:07:25
1661418445568661000,16.4,1,16.35,124,16.4,111,1,2022-08-25 09:07:25
1661418445626539000,16.35,5,16.35,124,16.4,112,2,2022-08-25 09:07:25
1661418446233958000,16.4,5,16.35,124,16.4,106,1,2022-08-25 09:07:26
1661418446640791000,16.4,1,16.35,129,16.4,106,1,2022-08-25 09:07:26
1661418447644544000,16.4,1,16.35,133,16.4,104,1,2022-08-25 09:07:27
1661418448148517000,16.4,2,16.35,136,16.4,102,1,2022-08-25 09:07:28
1661418448185915000,16.4,2,16.35,136,16.4,104,1,2022-08-25 09:07:28
1661418448597656000,16.4,1,16.35,137,16.4,101,1,2022-08-25 09:07:28
1661418448600024000,16.35,1,16.35,136,16.4,101,2,2022-08-25 09:07:28
1661418448901085000,16.4,1,16.35,136,16.4,103,1,2022-08-25 09:07:28
1661418449034378000,16.4,1,16.35,140,16.4,102,1,2022-08-25 09:07:29
1661418449190054000,16.4,100,16.35,140,16.4,103,1,2022-08-25 09:07:29
1661418449386505000,16.4,2,16.35,142,16.4,1,1,2022-08-25 09:07:29
1661418449571640000,16.4,1,16.35,142,16.4,3,1,2022-08-25 09:07:29
1661418449794377000,16.4,1,16.35,142,16.4,1,1,2022-08-25 09:07:29
1661418449867845000,16.4,1,16.35,142,16.45,133,1,2022-08-25 09:07:29
1661418449867845000,16.45,1,16.35,142,16.45,133,1,2022-08-25 09:07:29
1661418449897199000,16.4,1,16.4,9,16.45,133,1,2022-08-25 09:07:29
1661418450023693000,16.4,9,16.35,111,16.45,133,2,2022-08-25 09:07:30
1661418450023693000,16.35,41,16.35,111,16.45,133,2,2022-08-25 09:07:30
1661418450320355000,16.4,1,16.4,19,16.45,133,2,2022-08-25 09:07:30
1661418451269776000,16.45,10,16.4,41,16.45,123,1,2022-08-25 09:07:31
1661418451532279000,16.4,7,16.4,37,16.45,123,2,2022-08-25 09:07:31
1661418451965159000,16.4,49,16.35,112,16.4,1,2,2022-08-25 09:07:31
1661418451996184000,16.4,1,16.35,112,16.45,119,1,2022-08-25 09:07:31
1661418451996184000,16.45,4,16.35,112,16.45,119,1,2022-08-25 09:07:31
1661418452367156000,16.35,1,16.35,111,16.45,119,2,2022-08-25 09:07:32
1661418452371705000,16.45,4,16.35,111,16.45,115,1,2022-08-25 09:07:32
1661418452687659000,16.4,5,16.4,5,16.45,115,2,2022-08-25 09:07:32
1661418453322400000,16.4,1,16.4,11,16.45,115,2,2022-08-25 09:07:33
1661418454694293000,16.45,1,16.4,71,16.45,125,1,2022-08-25 09:07:34
1661418454851376000,16.4,10,16.4,61,16.45,124,2,2022-08-25 09:07:34
1661418454918429000,16.45,2,16.4,61,16.45,122,1,2022-08-25 09:07:34
1661418455094503000,16.45,5,16.4,62,16.45,117,1,2022-08-25 09:07:35
1661418455175285000,16.4,2,16.4,60,16.45,117,2,2022-08-25 09:07:35
1661418455210367000,16.45,2,16.4,61,16.45,115,1,2022-08-25 09:07:35
1661418455332725000,16.45,2,16.4,61,16.45,113,1,2022-08-25 09:07:35
1661418455619426000,16.45,1,16.4,64,16.45,112,1,2022-08-25 09:07:35
1661418455693671000,16.45,2,16.4,64,16.45,113,1,2022-08-25 09:07:35
1661418455819470000,16.45,1,16.4,74,16.45,109,1,2022-08-25 09:07:35
1661418455994863000,16.4,5,16.4,69,16.45,109,2,2022-08-25 09:07:35
1661418456932842000,16.4,1,16.4,85,16.45,111,2,2022-08-25 09:07:36
1661418457080689000,16.45,70,16.4,86,16.45,41,1,2022-08-25 09:07:37
1661418457205513000,16.45,1,16.4,86,16.45,41,1,2022-08-25 09:07:37
1661418457882045000,16.45,1,16.4,87,16.45,39,1,2022-08-25 09:07:37
1661418457921590000,16.45,7,16.4,87,16.45,32,1,2022-08-25 09:07:37
1661418457969364000,16.45,1,16.4,87,16.45,31,1,2022-08-25 09:07:37
1661418458130853000,16.45,1,16.4,87,16.45,30,1,2022-08-25 09:07:38
1661418458242664000,16.45,1,16.4,89,16.45,31,1,2022-08-25 09:07:38
1661418458439404000,16.45,1,16.4,93,16.45,30,1,2022-08-25 09:07:38
1661418458516139000,16.4,1,16.4,92,16.45,30,2,2022-08-25 09:07:38
1661418458578702000,16.45,1,16.4,96,16.45,29,1,2022-08-25 09:07:38
1661418458648541000,16.45,5,16.4,96,16.45,24,1,2022-08-25 09:07:38
1661418458649948000,16.45,1,16.4,96,16.45,23,1,2022-08-25 09:07:38
1661418458692507000,16.45,10,16.4,96,16.45,13,1,2022-08-25 09:07:38
1661418458721195000,16.45,1,16.4,100,16.45,12,1,2022-08-25 09:07:38
1661418458839028000,16.45,1,16.4,100,16.45,11,1,2022-08-25 09:07:38
1661418458926459000,16.45,10,16.4,100,16.45,1,1,2022-08-25 09:07:38
1661418458937599000,16.45,1,16.4,100,16.5,172,1,2022-08-25 09:07:38
1661418458937599000,16.5,2,16.4,100,16.5,172,1,2022-08-25 09:07:38
1661418458978310000,16.5,4,16.4,100,16.5,168,1,2022-08-25 09:07:38
1661418459146538000,16.45,1,16.4,100,16.5,215,2,2022-08-25 09:07:39
1661418459569284000,16.5,1,16.45,3,16.5,216,1,2022-08-25 09:07:39
1661418459876818000,16.5,50,16.45,59,16.5,166,1,2022-08-25 09:07:39
1661418460044241000,16.5,3,16.45,69,16.5,163,1,2022-08-25 09:07:40
1661418460337354000,16.5,5,16.45,69,16.5,158,1,2022-08-25 09:07:40
1661418460469367000,16.45,32,16.45,37,16.5,158,2,2022-08-25 09:07:40
1661418460517224000,16.45,1,16.45,38,16.5,158,2,2022-08-25 09:07:40
1661418460635824000,16.45,2,16.45,36,16.5,158,2,2022-08-25 09:07:40
1661418460839537000,16.5,1,16.45,36,16.5,157,1,2022-08-25 09:07:40
1661418461064302000,16.5,2,16.45,36,16.5,158,1,2022-08-25 09:07:41
1661418461236954000,16.5,50,16.45,36,16.5,106,1,2022-08-25 09:07:41
1661418461246346000,16.5,1,16.45,36,16.5,105,1,2022-08-25 09:07:41
1661418461386401000,16.45,1,16.45,37,16.5,106,2,2022-08-25 09:07:41
1661418461781165000,16.5,1,16.45,40,16.5,104,1,2022-08-25 09:07:41
1661418461994051000,16.5,2,16.45,41,16.5,102,1,2022-08-25 09:07:41
1661418462303818000,16.5,5,16.45,41,16.5,108,1,2022-08-25 09:07:42
1661418462330036000,16.5,20,16.45,41,16.5,88,1,2022-08-25 09:07:42
1661418462462028000,16.45,1,16.45,40,16.5,88,2,2022-08-25 09:07:42
1661418462558829000,16.5,2,16.45,40,16.5,93,1,2022-08-25 09:07:42
1661418463112974000,16.5,1,16.45,45,16.5,90,1,2022-08-25 09:07:43
1661418463124895000,16.5,1,16.45,45,16.5,89,1,2022-08-25 09:07:43
1661418463314054000,16.5,7,16.45,51,16.5,82,1,2022-08-25 09:07:43
1661418463665719000,16.45,1,16.45,55,16.5,82,2,2022-08-25 09:07:43
1661418463856914000,16.45,1,16.45,53,16.5,82,2,2022-08-25 09:07:43
1661418463965821000,16.5,1,16.45,54,16.5,81,1,2022-08-25 09:07:43
1661418464297108000,16.5,3,16.45,55,16.5,78,1,2022-08-25 09:07:44
1661418464648179000,16.45,1,16.45,54,16.5,79,2,2022-08-25 09:07:44
1661418464653214000,16.5,1,16.45,55,16.5,79,1,2022-08-25 09:07:44
1661418464786274000,16.5,30,16.45,54,16.5,48,1,2022-08-25 09:07:44
1661418464870882000,16.5,1,16.45,54,16.5,57,1,2022-08-25 09:07:44
1661418464997999000,16.5,3,16.45,54,16.5,54,1,2022-08-25 09:07:44
1661418465057167000,16.5,1,16.45,54,16.5,53,1,2022-08-25 09:07:45
1661418465149600000,16.45,5,16.45,50,16.5,53,2,2022-08-25 09:07:45
1661418465168579000,16.5,7,16.45,50,16.5,46,1,2022-08-25 09:07:45
1661418465175471000,16.5,2,16.45,55,16.5,53,1,2022-08-25 09:07:45
1661418465270744000,16.5,20,16.45,50,16.5,24,1,2022-08-25 09:07:45
1661418465317558000,16.5,1,16.45,50,16.5,24,1,2022-08-25 09:07:45
1661418465327093000,16.5,1,16.45,50,16.5,23,1,2022-08-25 09:07:45
1661418465432614000,16.45,10,16.45,50,16.5,23,2,2022-08-25 09:07:45
1661418465586043000,16.5,3,16.45,51,16.5,20,1,2022-08-25 09:07:45
1661418465690536000,16.5,20,16.45,61,16.55,139,1,2022-08-25 09:07:45
1661418466243611000,16.5,1,16.5,1,16.55,140,2,2022-08-25 09:07:46
1661418466264785000,16.55,13,16.5,1,16.55,127,1,2022-08-25 09:07:46
1661418466451873000,16.55,1,16.5,1,16.55,126,1,2022-08-25 09:07:46
1661418466455922000,16.5,1,16.5,5,16.55,126,2,2022-08-25 09:07:46
1661418466466911000,16.55,1,16.5,5,16.55,125,1,2022-08-25 09:07:46
1661418466468671000,16.55,1,16.5,5,16.55,124,1,2022-08-25 09:07:46
1661418466491665000,16.55,1,16.5,55,16.55,123,1,2022-08-25 09:07:46
1661418466974696000,16.55,1,16.5,87,16.55,122,1,2022-08-25 09:07:46
1661418467105565000,16.5,1,16.5,86,16.55,123,2,2022-08-25 09:07:47
1661418467108449000,16.55,1,16.5,86,16.55,122,1,2022-08-25 09:07:47
1661418467113305000,16.55,1,16.5,87,16.55,123,1,2022-08-25 09:07:47
1661418467394789000,16.55,1,16.5,86,16.55,120,1,2022-08-25 09:07:47
1661418467448074000,16.55,1,16.5,86,16.55,119,1,2022-08-25 09:07:47
1661418467458406000,16.55,8,16.5,86,16.55,111,1,2022-08-25 09:07:47
1661418467599957000,16.55,1,16.5,88,16.55,111,1,2022-08-25 09:07:47
1661418468050234000,16.5,1,16.5,95,16.55,110,2,2022-08-25 09:07:48
1661418468717079000,16.5,1,16.5,114,16.55,110,2,2022-08-25 09:07:48
1661418468857513000,16.55,1,16.5,113,16.55,109,1,2022-08-25 09:07:48
1661418469067945000,16.5,1,16.5,113,16.55,109,2,2022-08-25 09:07:49
1661418469288538000,16.5,2,16.5,110,16.55,109,2,2022-08-25 09:07:49
1661418469303340000,16.5,2,16.5,108,16.55,109,2,2022-08-25 09:07:49
1661418469519836000,16.55,1,16.5,109,16.55,108,1,2022-08-25 09:07:49
1661418469875167000,16.55,5,16.5,137,16.55,103,1,2022-08-25 09:07:49
1661418470067469000,16.5,1,16.5,137,16.55,103,2,2022-08-25 09:07:50
1661418470625096000,16.5,2,16.5,153,16.55,108,2,2022-08-25 09:07:50
1661418470839639000,16.55,2,16.5,153,16.55,108,1,2022-08-25 09:07:50
1661418470842920000,16.55,2,16.5,153,16.55,106,1,2022-08-25 09:07:50
1661418470862996000,16.55,60,16.5,153,16.55,46,1,2022-08-25 09:07:50
1661418470904483000,16.55,5,16.5,153,16.55,43,1,2022-08-25 09:07:50
1661418471189522000,16.55,2,16.5,155,16.55,43,1,2022-08-25 09:07:51
1661418471232330000,16.55,4,16.5,155,16.55,37,1,2022-08-25 09:07:51
1661418471387245000,16.55,1,16.5,155,16.55,36,1,2022-08-25 09:07:51
1661418471422782000,16.5,1,16.5,154,16.55,36,2,2022-08-25 09:07:51
1661418471561653000,16.55,3,16.5,155,16.55,37,1,2022-08-25 09:07:51
1661418471786297000,16.55,2,16.5,154,16.55,31,1,2022-08-25 09:07:51
1661418472396007000,16.55,5,16.5,157,16.55,27,1,2022-08-25 09:07:52
1661418472455937000,16.5,1,16.5,166,16.55,27,2,2022-08-25 09:07:52
1661418472541740000,16.55,3,16.5,168,16.55,24,1,2022-08-25 09:07:52
1661418472588049000,16.55,2,16.5,168,16.55,22,1,2022-08-25 09:07:52
1661418472792759000,16.5,1,16.5,167,16.55,22,2,2022-08-25 09:07:52
1661418472950488000,16.55,10,16.5,147,16.55,12,1,2022-08-25 09:07:52
1661418472964719000,16.55,5,16.5,147,16.55,7,1,2022-08-25 09:07:52
1661418473007038000,16.55,2,16.5,147,16.55,5,1,2022-08-25 09:07:53
1661418473147890000,16.55,5,16.5,147,16.55,1,1,2022-08-25 09:07:53
1661418473169044000,16.55,1,16.5,148,16.6,262,1,2022-08-25 09:07:53
1661418473221637000,16.55,1,16.55,2,16.6,262,2,2022-08-25 09:07:53
1661418473225589000,16.55,1,16.55,1,16.6,262,2,2022-08-25 09:07:53
1661418473292699000,16.55,1,16.55,3,16.6,262,2,2022-08-25 09:07:53
1661418473400910000,16.6,2,16.55,6,16.6,260,1,2022-08-25 09:07:53
1661418473556150000,16.55,1,16.55,7,16.6,260,2,2022-08-25 09:07:53
1661418473564609000,16.55,1,16.55,6,16.6,260,2,2022-08-25 09:07:53
1661418473619170000,16.6,4,16.55,16,16.6,256,1,2022-08-25 09:07:53
1661418474009156000,16.6,5,16.55,32,16.6,251,1,2022-08-25 09:07:54
1661418474231112000,16.55,10,16.55,55,16.6,251,2,2022-08-25 09:07:54
1661418474294408000,16.55,10,16.55,56,16.6,251,2,2022-08-25 09:07:54
1661418474299544000,16.55,2,16.55,54,16.6,251,2,2022-08-25 09:07:54
1661418474480005000,16.55,1,16.55,59,16.6,251,2,2022-08-25 09:07:54
1661418474489022000,16.6,3,16.55,59,16.6,248,1,2022-08-25 09:07:54
1661418474739316000,16.6,1,16.55,74,16.6,247,1,2022-08-25 09:07:54
1661418474860875000,16.55,1,16.55,73,16.6,247,2,2022-08-25 09:07:54
1661418474934202000,16.6,4,16.55,78,16.6,243,1,2022-08-25 09:07:54
1661418475019070000,16.6,4,16.55,78,16.6,239,1,2022-08-25 09:07:55
1661418475285380000,16.6,1,16.55,84,16.6,238,1,2022-08-25 09:07:55
1661418475468160000,16.55,2,16.55,82,16.6,238,2,2022-08-25 09:07:55
1661418475915359000,16.6,50,16.55,63,16.6,188,1,2022-08-25 09:07:55
1661418475951142000,16.6,2,16.55,63,16.6,186,1,2022-08-25 09:07:55
1661418475956939000,16.6,2,16.55,63,16.6,184,1,2022-08-25 09:07:55
1661418476069979000,16.6,10,16.55,63,16.6,184,1,2022-08-25 09:07:56
1661418476263077000,16.55,2,16.55,61,16.6,174,2,2022-08-25 09:07:56
1661418476299240000,16.6,1,16.55,61,16.6,173,1,2022-08-25 09:07:56
1661418476578171000,16.6,1,16.55,61,16.6,172,1,2022-08-25 09:07:56
1661418477073492000,16.6,50,16.55,71,16.6,173,1,2022-08-25 09:07:57
1661418477464779000,16.6,1,16.55,178,16.6,122,1,2022-08-25 09:07:57
1661418477548814000,16.55,1,16.55,177,16.6,122,2,2022-08-25 09:07:57
1661418477908028000,16.6,1,16.55,200,16.6,125,1,2022-08-25 09:07:57
1661418478001105000,16.6,1,16.55,200,16.6,124,1,2022-08-25 09:07:58
1661418478067115000,16.55,4,16.55,196,16.6,124,2,2022-08-25 09:07:58
1661418478090237000,16.6,10,16.55,196,16.6,114,1,2022-08-25 09:07:58
1661418478108560000,16.6,1,16.55,196,16.6,113,1,2022-08-25 09:07:58
1661418478236374000,16.6,1,16.55,196,16.6,112,1,2022-08-25 09:07:58
1661418478392294000,16.6,10,16.55,196,16.6,102,1,2022-08-25 09:07:58
1661418478626460000,16.6,1,16.55,198,16.6,102,1,2022-08-25 09:07:58
1661418479098633000,16.6,5,16.55,198,16.6,96,1,2022-08-25 09:07:59
1661418479173047000,16.6,1,16.55,198,16.6,95,1,2022-08-25 09:07:59
1661418479186211000,16.6,1,16.55,198,16.6,94,1,2022-08-25 09:07:59
1661418479312146000,16.55,1,16.55,197,16.6,94,2,2022-08-25 09:07:59
1661418479376062000,16.6,1,16.55,199,16.6,93,1,2022-08-25 09:07:59
1661418479406501000,16.6,1,16.55,199,16.6,92,1,2022-08-25 09:07:59
1661418479457354000,16.6,6,16.55,199,16.6,86,1,2022-08-25 09:07:59
1661418479714113000,16.6,1,16.55,201,16.6,86,1,2022-08-25 09:07:59
1661418479734901000,16.6,1,16.55,201,16.6,84,1,2022-08-25 09:07:59
1661418479746861000,16.6,2,16.55,201,16.6,82,1,2022-08-25 09:07:59
1661418479750830000,16.6,2,16.55,201,16.6,80,1,2022-08-25 09:07:59
1661418479779993000,16.6,5,16.55,201,16.6,75,1,2022-08-25 09:07:59
1661418479783447000,16.6,1,16.55,201,16.6,74,1,2022-08-25 09:07:59
1661418479784889000,16.6,1,16.55,201,16.6,73,1,2022-08-25 09:07:59
1661418479814712000,16.55,5,16.55,196,16.6,73,2,2022-08-25 09:07:59
1661418479815716000,16.6,10,16.55,196,16.6,63,1,2022-08-25 09:07:59
1661418479926200000,16.6,5,16.55,196,16.6,58,1,2022-08-25 09:07:59
1661418480081367000,16.6,1,16.55,197,16.6,57,1,2022-08-25 09:08:00
1661418480138400000,16.6,1,16.55,197,16.6,56,1,2022-08-25 09:08:00
1661418480173296000,16.6,1,16.55,197,16.6,55,1,2022-08-25 09:08:00
1661418480198254000,16.6,2,16.55,197,16.6,56,1,2022-08-25 09:08:00
1661418480390394000,16.6,41,16.55,197,16.6,14,1,2022-08-25 09:08:00
1661418480456935000,16.6,3,16.55,197,16.6,11,1,2022-08-25 09:08:00
1661418480488586000,16.55,4,16.55,193,16.6,11,2,2022-08-25 09:08:00
1661418480609952000,16.55,6,16.55,187,16.6,11,2,2022-08-25 09:08:00
1661418480699743000,16.6,11,16.55,193,16.6,11,1,2022-08-25 09:08:00
1661418480734020000,16.6,9,16.55,193,16.65,111,2,2022-08-25 09:08:00
1661418481097402000,16.6,2,16.6,10,16.65,111,2,2022-08-25 09:08:01
1661418481110892000,16.6,1,16.6,9,16.65,111,2,2022-08-25 09:08:01
1661418481305000000,16.65,1,16.6,11,16.65,110,1,2022-08-25 09:08:01
1661418481499861000,16.65,1,16.6,18,16.65,109,1,2022-08-25 09:08:01
1661418481621291000,16.6,1,16.6,67,16.65,109,2,2022-08-25 09:08:01
1661418482034741000,16.6,10,16.6,58,16.65,109,2,2022-08-25 09:08:02
1661418482060725000,16.6,1,16.6,62,16.65,109,2,2022-08-25 09:08:02
1661418482135022000,16.65,1,16.6,62,16.65,108,1,2022-08-25 09:08:02
1661418482182674000,16.6,1,16.6,62,16.65,108,2,2022-08-25 09:08:02
1661418482405171000,16.6,5,16.6,57,16.65,108,2,2022-08-25 09:08:02
1661418482614925000,16.6,1,16.6,56,16.65,108,2,2022-08-25 09:08:02
1661418482743529000,16.6,1,16.6,106,16.65,108,2,2022-08-25 09:08:02
1661418482768521000,16.65,1,16.6,106,16.65,107,1,2022-08-25 09:08:02
1661418482788628000,16.6,3,16.6,103,16.65,107,2,2022-08-25 09:08:02
1661418482921143000,16.65,1,16.6,103,16.65,106,1,2022-08-25 09:08:02
1661418482976603000,16.6,5,16.6,108,16.65,106,2,2022-08-25 09:08:02
1661418483102378000,16.6,2,16.6,107,16.65,106,2,2022-08-25 09:08:03
1661418483111292000,16.65,2,16.6,107,16.65,104,1,2022-08-25 09:08:03
1661418483255523000,16.65,1,16.6,107,16.65,103,1,2022-08-25 09:08:03
1661418483371403000,16.6,1,16.6,106,16.65,103,2,2022-08-25 09:08:03
1661418483534277000,16.6,3,16.6,109,16.65,103,2,2022-08-25 09:08:03
1661418483569934000,16.6,1,16.6,111,16.65,103,2,2022-08-25 09:08:03
1661418483833339000,16.65,5,16.6,115,16.65,98,1,2022-08-25 09:08:03
1661418484029704000,16.6,1,16.6,115,16.65,98,2,2022-08-25 09:08:04
1661418484262772000,16.65,2,16.6,120,16.65,96,1,2022-08-25 09:08:04
1661418484299054000,16.6,2,16.6,118,16.65,96,2,2022-08-25 09:08:04
1661418484505429000,16.65,2,16.6,119,16.65,96,1,2022-08-25 09:08:04
1661418484623289000,16.6,1,16.6,120,16.65,96,2,2022-08-25 09:08:04
1661418484892289000,16.6,4,16.6,115,16.65,96,2,2022-08-25 09:08:04
1661418484947940000,16.6,1,16.6,114,16.65,96,2,2022-08-25 09:08:04
1661418484955379000,16.65,4,16.6,114,16.65,92,1,2022-08-25 09:08:04
1661418484955752000,16.65,2,16.6,114,16.65,90,1,2022-08-25 09:08:04
1661418485021100000,16.6,5,16.6,114,16.65,91,2,2022-08-25 09:08:05
1661418485411978000,16.65,1,16.6,110,16.65,90,1,2022-08-25 09:08:05
1661418485594527000,16.65,5,16.6,110,16.65,85,1,2022-08-25 09:08:05
1661418485621178000,16.6,1,16.6,110,16.65,85,2,2022-08-25 09:08:05
1661418486151271000,16.65,16,16.6,111,16.65,86,1,2022-08-25 09:08:06
1661418486272597000,16.65,5,16.6,111,16.65,65,1,2022-08-25 09:08:06
1661418486365817000,16.6,2,16.6,110,16.65,65,2,2022-08-25 09:08:06
1661418486605855000,16.65,5,16.6,121,16.65,65,1,2022-08-25 09:08:06
1661418486753241000,16.65,2,16.6,121,16.65,58,1,2022-08-25 09:08:06
1661418486795974000,16.65,5,16.6,121,16.65,58,1,2022-08-25 09:08:06
1661418486909316000,16.6,10,16.6,114,16.65,81,2,2022-08-25 09:08:06
1661418487027601000,16.65,2,16.6,115,16.65,79,1,2022-08-25 09:08:07
1661418487029515000,16.65,1,16.6,115,16.65,78,1,2022-08-25 09:08:07
1661418487185321000,16.6,5,16.6,111,16.65,78,2,2022-08-25 09:08:07
1661418487349431000,16.65,1,16.6,113,16.65,77,1,2022-08-25 09:08:07
1661418487385567000,16.65,5,16.6,113,16.65,72,1,2022-08-25 09:08:07
1661418487643334000,16.65,1,16.6,114,16.65,71,1,2022-08-25 09:08:07
1661418487683214000,16.65,4,16.6,114,16.65,68,1,2022-08-25 09:08:07
1661418488093613000,16.65,1,16.6,117,16.65,67,1,2022-08-25 09:08:08
1661418488225401000,16.65,1,16.6,118,16.65,67,1,2022-08-25 09:08:08
1661418488294900000,16.65,10,16.6,118,16.65,56,1,2022-08-25 09:08:08
1661418488309018000,16.65,2,16.6,118,16.65,54,1,2022-08-25 09:08:08
1661418488615182000,16.65,1,16.6,120,16.65,53,1,2022-08-25 09:08:08
1661418488720748000,16.65,1,16.6,120,16.65,54,1,2022-08-25 09:08:08
1661418488777844000,16.6,25,16.6,95,16.65,53,2,2022-08-25 09:08:08
1661418488782142000,16.6,25,16.6,70,16.65,53,2,2022-08-25 09:08:08
1661418488818034000,16.6,70,16.55,216,16.65,53,2,2022-08-25 09:08:08
1661418488876472000,16.65,5,16.55,216,16.65,48,1,2022-08-25 09:08:08
1661418489014409000,16.6,5,16.55,216,16.65,48,2,2022-08-25 09:08:09
1661418489078265000,16.65,2,16.55,216,16.65,46,1,2022-08-25 09:08:09
1661418489395944000,16.65,1,16.6,2,16.65,47,1,2022-08-25 09:08:09
1661418489431710000,16.6,2,16.6,5,16.65,47,2,2022-08-25 09:08:09
1661418489449336000,16.6,1,16.6,4,16.65,47,2,2022-08-25 09:08:09
1661418489463235000,16.6,4,16.55,216,16.65,47,2,2022-08-25 09:08:09
1661418489498170000,16.65,1,16.55,218,16.65,66,1,2022-08-25 09:08:09
1661418489561797000,16.65,1,16.55,218,16.65,65,1,2022-08-25 09:08:09
1661418489709931000,16.6,1,16.6,3,16.65,87,2,2022-08-25 09:08:09
1661418489817310000,16.6,3,16.55,224,16.65,93,2,2022-08-25 09:08:09
1661418489817310000,16.55,4,16.55,224,16.65,93,2,2022-08-25 09:08:09
1661418489826363000,16.65,1,16.55,224,16.65,92,1,2022-08-25 09:08:09
1661418489890811000,16.6,2,16.55,225,16.65,84,1,2022-08-25 09:08:09
1661418489890811000,16.65,8,16.55,225,16.65,84,1,2022-08-25 09:08:09
1661418489921342000,16.65,3,16.55,225,16.65,85,1,2022-08-25 09:08:09
1661418490048369000,16.55,60,16.55,165,16.6,1,2,2022-08-25 09:08:10
1661418490139800000,16.6,1,16.55,165,16.65,102,1,2022-08-25 09:08:10
1661418490139800000,16.65,3,16.55,165,16.65,102,1,2022-08-25 09:08:10
1661418490185650000,16.65,10,16.55,165,16.65,92,1,2022-08-25 09:08:10
1661418490337732000,16.65,2,16.55,165,16.65,107,1,2022-08-25 09:08:10
1661418490339570000,16.65,10,16.55,165,16.65,97,1,2022-08-25 09:08:10
1661418490365231000,16.55,20,16.55,145,16.6,20,2,2022-08-25 09:08:10
1661418490541223000,16.6,1,16.55,145,16.6,19,1,2022-08-25 09:08:10
1661418490591928000,16.6,1,16.55,145,16.6,18,1,2022-08-25 09:08:10
1661418490626984000,16.6,1,16.55,145,16.6,17,1,2022-08-25 09:08:10
1661418490742779000,16.6,1,16.55,145,16.6,20,1,2022-08-25 09:08:10
1661418490751862000,16.6,1,16.55,145,16.6,19,1,2022-08-25 09:08:10
1661418491079068000,16.6,10,16.55,146,16.6,25,1,2022-08-25 09:08:11
1661418491117780000,16.6,1,16.55,146,16.6,35,1,2022-08-25 09:08:11
1661418491237684000,16.6,1,16.55,146,16.6,23,1,2022-08-25 09:08:11
1661418491489053000,16.6,1,16.55,141,16.6,43,1,2022-08-25 09:08:11
1661418491701705000,16.6,5,16.55,142,16.6,48,1,2022-08-25 09:08:11
1661418491816707000,16.6,3,16.55,142,16.6,40,1,2022-08-25 09:08:11
1661418491888206000,16.6,10,16.55,142,16.6,30,1,2022-08-25 09:08:11
1661418491928699000,16.55,10,16.55,132,16.6,30,2,2022-08-25 09:08:11
1661418492066204000,16.6,2,16.55,132,16.6,49,1,2022-08-25 09:08:12
1661418492166181000,16.6,1,16.55,132,16.6,49,1,2022-08-25 09:08:12
1661418492304899000,16.6,1,16.55,132,16.6,53,1,2022-08-25 09:08:12
1661418492364946000,16.6,10,16.55,132,16.6,43,1,2022-08-25 09:08:12
1661418492373698000,16.6,1,16.55,132,16.6,42,1,2022-08-25 09:08:12
1661418492386833000,16.6,2,16.55,132,16.6,40,1,2022-08-25 09:08:12
1661418492422696000,16.55,1,16.55,131,16.6,40,2,2022-08-25 09:08:12
1661418492773096000,16.6,5,16.55,131,16.6,47,1,2022-08-25 09:08:12
1661418492775848000,16.55,1,16.55,130,16.6,47,2,2022-08-25 09:08:12
1661418493332913000,16.6,3,16.55,131,16.6,58,1,2022-08-25 09:08:13
1661418493810873000,16.6,2,16.55,136,16.6,70,1,2022-08-25 09:08:13
1661418493971249000,16.55,10,16.55,124,16.6,70,2,2022-08-25 09:08:13
1661418493990607000,16.55,51,16.55,73,16.6,70,2,2022-08-25 09:08:13
1661418494306025000,16.6,10,16.55,73,16.6,70,1,2022-08-25 09:08:14
1661418494385548000,16.6,10,16.55,73,16.6,65,1,2022-08-25 09:08:14
1661418494443447000,16.6,5,16.55,73,16.6,60,1,2022-08-25 09:08:14
1661418494471428000,16.55,1,16.55,71,16.6,60,2,2022-08-25 09:08:14
1661418494686623000,16.55,71,16.5,130,16.55,129,2,2022-08-25 09:08:14
1661418494922813000,16.55,3,16.5,130,16.55,126,1,2022-08-25 09:08:14
1661418494975670000,16.55,50,16.5,130,16.55,76,1,2022-08-25 09:08:14
1661418495079901000,16.55,5,16.5,130,16.55,71,1,2022-08-25 09:08:15
1661418495107180000,16.55,10,16.5,130,16.55,76,1,2022-08-25 09:08:15
1661418495343800000,16.55,30,16.5,132,16.55,67,1,2022-08-25 09:08:15
1661418495480794000,16.55,10,16.5,132,16.55,77,1,2022-08-25 09:08:15
1661418495564552000,16.55,1,16.5,132,16.55,87,1,2022-08-25 09:08:15
1661418495794471000,16.55,5,16.5,132,16.55,71,1,2022-08-25 09:08:15
1661418496199852000,16.55,5,16.5,133,16.55,81,1,2022-08-25 09:08:16
1661418496511617000,16.5,146,16.45,87,16.5,54,2,2022-08-25 09:08:16
1661418496553228000,16.45,10,16.45,77,16.5,54,2,2022-08-25 09:08:16
1661418496774979000,16.45,5,16.45,72,16.5,54,2,2022-08-25 09:08:16
1661418496848608000,16.5,2,16.45,72,16.5,52,1,2022-08-25 09:08:16
1661418496926981000,16.5,2,16.45,72,16.5,50,1,2022-08-25 09:08:16
1661418497056709000,16.45,1,16.45,71,16.5,50,2,2022-08-25 09:08:17
1661418497103764000,16.5,3,16.45,72,16.5,47,1,2022-08-25 09:08:17
1661418497296942000,16.5,10,16.45,72,16.5,38,1,2022-08-25 09:08:17
1661418497337047000,16.5,1,16.45,72,16.5,37,1,2022-08-25 09:08:17
1661418497436398000,16.5,34,16.45,72,16.5,3,1,2022-08-25 09:08:17
1661418497695763000,16.45,1,16.45,76,16.5,9,2,2022-08-25 09:08:17
1661418497702925000,16.5,1,16.45,76,16.5,8,1,2022-08-25 09:08:17
1661418498073472000,16.45,10,16.45,66,16.5,8,2,2022-08-25 09:08:18
1661418498130234000,16.5,5,16.45,66,16.5,4,1,2022-08-25 09:08:18
1661418498144105000,16.45,2,16.45,64,16.5,4,2,2022-08-25 09:08:18
1661418498169056000,16.5,1,16.45,65,16.5,3,1,2022-08-25 09:08:18
1661418498226779000,16.5,3,16.45,65,16.5,4,1,2022-08-25 09:08:18
1661418498727608000,16.55,1,16.45,65,16.55,137,1,2022-08-25 09:08:18
1661418498882470000,16.55,1,16.45,65,16.55,135,1,2022-08-25 09:08:18
1661418499119060000,16.5,2,16.45,73,16.5,5,1,2022-08-25 09:08:19
1661418499305726000,16.5,3,16.5,2,16.55,136,1,2022-08-25 09:08:19
1661418499309304000,16.55,5,16.5,2,16.55,131,1,2022-08-25 09:08:19
1661418499337431000,16.5,2,16.45,77,16.55,131,2,2022-08-25 09:08:19
1661418499827945000,16.5,1,16.45,85,16.55,123,1,2022-08-25 09:08:19
1661418499827945000,16.55,9,16.45,85,16.55,123,1,2022-08-25 09:08:19
1661418500283361000,16.55,3,16.45,85,16.55,120,1,2022-08-25 09:08:20
1661418500525560000,16.55,3,16.45,85,16.55,117,1,2022-08-25 09:08:20
1661418500952287000,16.5,1,16.45,85,16.55,117,2,2022-08-25 09:08:20
1661418501360747000,16.5,1,16.45,85,16.55,88,1,2022-08-25 09:08:21
1661418501360747000,16.55,29,16.45,85,16.55,88,1,2022-08-25 09:08:21
1661418501855817000,16.5,1,16.45,84,16.55,80,1,2022-08-25 09:08:21
1661418501855817000,16.55,9,16.45,84,16.55,80,1,2022-08-25 09:08:21
1661418501915219000,16.45,3,16.45,81,16.55,81,2,2022-08-25 09:08:21
1661418502361583000,16.5,5,16.45,61,16.55,81,2,2022-08-25 09:08:22
1661418502361583000,16.45,20,16.45,61,16.55,81,2,2022-08-25 09:08:22
1661418502366316000,16.45,25,16.45,36,16.55,81,2,2022-08-25 09:08:22
1661418502921872000,16.5,1,16.45,36,16.5,9,2,2022-08-25 09:08:22
1661418503045549000,16.5,1,16.45,36,16.5,8,1,2022-08-25 09:08:23
1661418503142261000,16.5,1,16.45,36,16.5,7,1,2022-08-25 09:08:23
1661418503152680000,16.5,1,16.45,36,16.5,6,1,2022-08-25 09:08:23
1661418503638023000,16.5,6,16.45,36,16.55,70,1,2022-08-25 09:08:23
1661418503638023000,16.55,4,16.45,36,16.55,70,1,2022-08-25 09:08:23
1661418503885061000,16.55,1,16.5,1,16.55,70,1,2022-08-25 09:08:23
1661418504221897000,16.5,1,16.45,36,16.5,1,2,2022-08-25 09:08:24
1661418504382679000,16.45,2,16.45,34,16.5,1,2,2022-08-25 09:08:24
1661418504409941000,16.5,1,16.45,34,16.55,70,1,2022-08-25 09:08:24
1661418504472730000,16.45,1,16.45,33,16.55,70,2,2022-08-25 09:08:24
1661418505924449000,16.5,2,16.5,7,16.55,71,2,2022-08-25 09:08:25
1661418506011910000,16.55,1,16.5,7,16.55,71,1,2022-08-25 09:08:26
1661418506172197000,16.5,1,16.5,7,16.55,72,2,2022-08-25 09:08:26
1661418506201952000,16.5,7,16.45,37,16.5,18,2,2022-08-25 09:08:26
1661418506204886000,16.5,18,16.5,12,16.55,72,1,2022-08-25 09:08:26
1661418506209474000,16.5,12,16.45,37,16.5,13,2,2022-08-25 09:08:26
1661418506591703000,16.45,1,16.45,37,16.5,15,2,2022-08-25 09:08:26
1661418506994462000,16.45,1,16.45,45,16.5,15,2,2022-08-25 09:08:26
1661418507042130000,16.5,1,16.45,45,16.5,14,1,2022-08-25 09:08:27
1661418507568275000,16.5,10,16.45,45,16.5,21,1,2022-08-25 09:08:27
1661418507704689000,16.5,1,16.45,45,16.5,21,1,2022-08-25 09:08:27
1661418508559090000,16.5,10,16.45,47,16.5,14,1,2022-08-25 09:08:28
1661418508894468000,16.45,2,16.45,45,16.5,22,2,2022-08-25 09:08:28
1661418508959908000,16.5,1,16.45,45,16.5,21,1,2022-08-25 09:08:28
1661418509072634000,16.5,1,16.45,45,16.5,20,1,2022-08-25 09:08:29
1661418509113324000,16.45,1,16.45,45,16.5,21,2,2022-08-25 09:08:29
1661418509500924000,16.5,1,16.45,45,16.5,25,1,2022-08-25 09:08:29
1661418509828895000,16.45,1,16.45,44,16.5,24,2,2022-08-25 09:08:29
1661418510190241000,16.5,1,16.45,44,16.5,29,1,2022-08-25 09:08:30
1661418510356250000,16.45,1,16.45,43,16.5,29,2,2022-08-25 09:08:30
1661418510405936000,16.45,2,16.45,41,16.5,29,2,2022-08-25 09:08:30
1661418510505055000,16.5,2,16.45,41,16.5,28,1,2022-08-25 09:08:30
1661418510578834000,16.5,10,16.45,41,16.5,23,1,2022-08-25 09:08:30
1661418510717672000,16.5,1,16.45,41,16.5,24,1,2022-08-25 09:08:30
1661418510738270000,16.5,1,16.45,41,16.5,23,1,2022-08-25 09:08:30
1661418511127194000,16.5,2,16.45,41,16.5,25,1,2022-08-25 09:08:31
1661418511176790000,16.45,1,16.45,40,16.5,23,2,2022-08-25 09:08:31
1661418511196939000,16.45,1,16.45,39,16.5,23,2,2022-08-25 09:08:31
1661418511327673000,16.45,1,16.45,39,16.5,23,2,2022-08-25 09:08:31
1661418511327960000,16.5,1,16.45,39,16.5,22,1,2022-08-25 09:08:31
1661418511341236000,16.5,10,16.45,39,16.5,12,1,2022-08-25 09:08:31
1661418511914735000,16.5,5,16.45,42,16.5,7,1,2022-08-25 09:08:31
1661418512232807000,16.5,1,16.45,42,16.5,6,1,2022-08-25 09:08:32
1661418512915965000,16.45,5,16.45,38,16.5,22,2,2022-08-25 09:08:32
1661418513531257000,16.5,5,16.45,38,16.5,28,1,2022-08-25 09:08:33
1661418513650835000,16.5,3,16.45,38,16.5,33,1,2022-08-25 09:08:33
1661418513687918000,16.5,10,16.45,38,16.5,15,1,2022-08-25 09:08:33
1661418513729856000,16.45,2,16.45,36,16.5,15,2,2022-08-25 09:08:33
1661418514246056000,16.5,1,16.45,48,16.5,14,1,2022-08-25 09:08:34
1661418514508910000,16.5,5,16.45,48,16.5,9,1,2022-08-25 09:08:34
1661418514715902000,16.45,6,16.45,47,16.5,11,2,2022-08-25 09:08:34
1661418514976196000,16.5,2,16.45,49,16.5,10,1,2022-08-25 09:08:34
1661418515057384000,16.5,10,16.45,49,16.5,14,1,2022-08-25 09:08:35
1661418515205391000,16.45,1,16.45,68,16.5,4,2,2022-08-25 09:08:35
1661418515761296000,16.45,1,16.45,69,16.5,12,2,2022-08-25 09:08:35
1661418515811679000,16.45,2,16.45,67,16.5,21,2,2022-08-25 09:08:35
1661418515819024000,16.5,3,16.45,67,16.5,18,1,2022-08-25 09:08:35
1661418515871523000,16.5,3,16.45,67,16.5,15,1,2022-08-25 09:08:35
1661418515889492000,16.5,2,16.45,67,16.5,13,1,2022-08-25 09:08:35
1661418516560367000,16.5,1,16.45,74,16.5,17,1,2022-08-25 09:08:36
1661418516578003000,16.5,3,16.45,74,16.5,14,1,2022-08-25 09:08:36
1661418516722996000,16.5,1,16.45,74,16.5,14,1,2022-08-25 09:08:36
1661418516732355000,16.45,1,16.45,73,16.5,14,2,2022-08-25 09:08:36
1661418516843568000,16.45,5,16.45,68,16.5,14,2,2022-08-25 09:08:36
1661418516875608000,16.5,14,16.45,68,16.55,21,1,2022-08-25 09:08:36
1661418516875608000,16.55,86,16.45,68,16.55,21,1,2022-08-25 09:08:36
1661418517872144000,16.5,2,16.45,69,16.5,8,1,2022-08-25 09:08:37
1661418519341911000,16.5,2,16.45,88,16.5,18,1,2022-08-25 09:08:39
1661418519677302000,16.5,1,16.45,92,16.5,17,1,2022-08-25 09:08:39
1661418519746895000,16.5,3,16.45,92,16.5,14,1,2022-08-25 09:08:39
1661418520605463000,16.5,5,16.45,98,16.5,20,1,2022-08-25 09:08:40
1661418520698031000,16.5,1,16.45,98,16.5,14,1,2022-08-25 09:08:40
1661418520731213000,16.5,5,16.45,98,16.5,9,1,2022-08-25 09:08:40
1661418520905760000,16.5,1,16.45,103,16.5,8,1,2022-08-25 09:08:40
1661418520925397000,16.5,1,16.45,103,16.5,7,1,2022-08-25 09:08:40
1661418521294836000,16.5,7,16.5,1,16.55,25,1,2022-08-25 09:08:41
1661418521718058000,16.5,1,16.5,1,16.55,26,2,2022-08-25 09:08:41
1661418521774408000,16.5,1,16.45,104,16.55,26,2,2022-08-25 09:08:41
1661418522029042000,16.5,1,16.45,108,16.5,4,1,2022-08-25 09:08:42
1661418522127938000,16.5,1,16.45,108,16.5,3,1,2022-08-25 09:08:42
1661418522257279000,16.5,1,16.45,108,16.5,2,1,2022-08-25 09:08:42
1661418522307987000,16.5,2,16.45,109,16.55,26,1,2022-08-25 09:08:42
1661418522716706000,16.5,10,16.5,13,16.55,26,2,2022-08-25 09:08:42
1661418522744601000,16.5,5,16.5,8,16.55,26,2,2022-08-25 09:08:42
1661418522772376000,16.5,8,16.45,110,16.55,26,2,2022-08-25 09:08:42
1661418523022771000,16.5,2,16.45,110,16.5,5,1,2022-08-25 09:08:43
1661418523480383000,16.5,3,16.5,17,16.55,36,1,2022-08-25 09:08:43
1661418524367235000,16.55,1,16.5,33,16.55,40,1,2022-08-25 09:08:44
1661418524555952000,16.5,4,16.5,29,16.55,40,2,2022-08-25 09:08:44
1661418524813977000,16.55,1,16.5,34,16.55,39,1,2022-08-25 09:08:44
1661418525034129000,16.5,1,16.5,33,16.55,39,2,2022-08-25 09:08:45
1661418525615845000,16.5,3,16.5,30,16.55,41,2,2022-08-25 09:08:45
1661418525710144000,16.5,2,16.5,28,16.55,41,2,2022-08-25 09:08:45
1661418525735646000,16.5,28,16.45,115,16.55,41,2,2022-08-25 09:08:45
1661418526179558000,16.5,2,16.45,116,16.5,3,1,2022-08-25 09:08:46
1661418526214202000,16.5,3,16.5,2,16.55,41,1,2022-08-25 09:08:46
1661418526225113000,16.55,1,16.5,2,16.55,40,1,2022-08-25 09:08:46
1661418526728640000,16.5,2,16.45,106,16.55,40,2,2022-08-25 09:08:46
1661418526728640000,16.45,10,16.45,106,16.55,40,2,2022-08-25 09:08:46
1661418526796634000,16.5,1,16.5,1,16.55,40,2,2022-08-25 09:08:46
1661418527031757000,16.55,15,16.5,22,16.55,40,1,2022-08-25 09:08:47
1661418527410067000,16.5,22,16.45,86,16.55,25,2,2022-08-25 09:08:47
1661418528400258000,16.5,2,16.5,9,16.55,26,2,2022-08-25 09:08:48
1661418528735520000,16.5,5,16.5,2,16.55,26,2,2022-08-25 09:08:48
1661418529510637000,16.55,1,16.5,3,16.55,26,1,2022-08-25 09:08:49
1661418529575654000,16.5,1,16.5,2,16.55,26,2,2022-08-25 09:08:49
1661418529855154000,16.55,20,16.5,25,16.55,6,1,2022-08-25 09:08:49
1661418530252059000,16.5,6,16.5,20,16.55,10,2,2022-08-25 09:08:50
1661418530432818000,16.55,3,16.5,21,16.55,8,1,2022-08-25 09:08:50
1661418530766625000,16.5,1,16.5,25,16.55,10,2,2022-08-25 09:08:50
1661418531062073000,16.55,1,16.5,29,16.55,10,1,2022-08-25 09:08:51
1661418531130902000,16.5,1,16.5,32,16.55,10,2,2022-08-25 09:08:51
1661418532135670000,16.5,1,16.5,52,16.55,15,2,2022-08-25 09:08:52
1661418532359737000,16.5,2,16.5,70,16.55,16,2,2022-08-25 09:08:52
1661418532930723000,16.55,3,16.5,78,16.55,34,1,2022-08-25 09:08:52
1661418533278750000,16.55,10,16.5,78,16.55,24,1,2022-08-25 09:08:53
1661418533368883000,16.55,1,16.5,80,16.55,23,1,2022-08-25 09:08:53
1661418534063885000,16.5,2,16.5,78,16.55,24,2,2022-08-25 09:08:54
1661418534091510000,16.5,1,16.5,80,16.55,24,2,2022-08-25 09:08:54
1661418534217958000,16.55,4,16.5,77,16.55,20,1,2022-08-25 09:08:54
1661418534301079000,16.5,5,16.5,72,16.55,21,2,2022-08-25 09:08:54
1661418534392224000,16.55,5,16.5,77,16.55,21,1,2022-08-25 09:08:54
1661418534706588000,16.5,4,16.5,84,16.55,21,2,2022-08-25 09:08:54
1661418535568661000,16.55,1,16.5,86,16.55,27,1,2022-08-25 09:08:55
1661418535672758000,16.55,10,16.5,86,16.55,16,1,2022-08-25 09:08:55
1661418535789857000,16.5,1,16.5,88,16.55,16,2,2022-08-25 09:08:55
1661418536096815000,16.55,1,16.5,87,16.55,15,1,2022-08-25 09:08:56
1661418536854797000,16.55,2,16.5,90,16.55,18,1,2022-08-25 09:08:56
1661418537065455000,16.55,1,16.5,91,16.55,18,1,2022-08-25 09:08:57
1661418537405780000,16.55,1,16.5,96,16.55,19,1,2022-08-25 09:08:57
1661418537774411000,16.5,1,16.5,95,16.55,20,2,2022-08-25 09:08:57
1661418538301209000,16.55,20,16.5,95,16.55,1,1,2022-08-25 09:08:58
1661418538475807000,16.5,2,16.5,93,16.55,1,2,2022-08-25 09:08:58
1661418538744261000,16.55,1,16.5,98,16.6,145,1,2022-08-25 09:08:58
1661418539742464000,16.55,9,16.5,98,16.6,148,2,2022-08-25 09:08:59
1661418539907409000,16.55,1,16.5,110,16.6,139,1,2022-08-25 09:08:59
1661418539907409000,16.6,9,16.5,110,16.6,139,1,2022-08-25 09:08:59
1661418540018466000,16.5,2,16.5,108,16.6,139,2,2022-08-25 09:09:00
1661418540295783000,16.55,2,16.5,108,16.55,16,2,2022-08-25 09:09:00
1661418540979851000,16.55,4,16.5,114,16.55,49,1,2022-08-25 09:09:00
1661418541778247000,16.55,1,16.5,115,16.55,48,1,2022-08-25 09:09:01
1661418541942809000,16.5,1,16.5,115,16.55,48,2,2022-08-25 09:09:01
1661418542639367000,16.5,98,16.45,235,16.55,141,2,2022-08-25 09:09:02
1661418542658756000,16.45,1,16.45,234,16.55,141,2,2022-08-25 09:09:02
1661418542836590000,16.5,1,16.45,238,16.55,141,2,2022-08-25 09:09:02
1661418543013149000,16.55,2,16.45,238,16.55,142,1,2022-08-25 09:09:03
1661418543266678000,16.5,1,16.45,238,16.55,147,2,2022-08-25 09:09:03
1661418543279295000,16.55,5,16.45,238,16.55,142,1,2022-08-25 09:09:03
1661418544038094000,16.5,1,16.45,237,16.5,14,1,2022-08-25 09:09:04
1661418545233405000,16.5,2,16.45,237,16.5,12,1,2022-08-25 09:09:05
1661418545389683000,16.45,2,16.45,237,16.5,14,2,2022-08-25 09:09:05
1661418545596854000,16.5,2,16.45,235,16.5,10,1,2022-08-25 09:09:05
1661418547219004000,16.5,1,16.45,235,16.5,66,1,2022-08-25 09:09:07
1661418547443735000,16.45,205,16.45,30,16.5,66,2,2022-08-25 09:09:07
1661418547478353000,16.45,1,16.45,29,16.5,66,2,2022-08-25 09:09:07
1661418547478421000,16.45,28,16.45,1,16.5,66,2,2022-08-25 09:09:07
1661418547478476000,16.45,1,16.4,150,16.5,66,2,2022-08-25 09:09:07
1661418547971495000,16.5,1,16.4,150,16.5,70,1,2022-08-25 09:09:07
1661418548525946000,16.5,5,16.45,1,16.5,77,1,2022-08-25 09:09:08
1661418548549483000,16.45,1,16.45,1,16.5,77,2,2022-08-25 09:09:08
1661418548978569000,16.5,4,16.4,150,16.5,79,1,2022-08-25 09:09:08
1661418549082941000,16.4,1,16.4,149,16.5,81,2,2022-08-25 09:09:09
1661418549128689000,16.4,9,16.4,140,16.5,81,2,2022-08-25 09:09:09
1661418549250947000,16.4,4,16.4,136,16.45,10,2,2022-08-25 09:09:09
1661418549694893000,16.45,1,16.4,136,16.45,9,1,2022-08-25 09:09:09
1661418550082123000,16.45,3,16.4,136,16.45,9,1,2022-08-25 09:09:10
1661418550109599000,16.45,1,16.4,136,16.45,8,1,2022-08-25 09:09:10
1661418550127600000,16.45,8,16.4,136,16.5,88,1,2022-08-25 09:09:10
1661418550565134000,16.45,1,16.45,1,16.5,89,2,2022-08-25 09:09:10
1661418550994256000,16.45,1,16.4,136,16.45,4,2,2022-08-25 09:09:10
1661418551285991000,16.45,1,16.4,136,16.45,3,1,2022-08-25 09:09:11
1661418551795188000,16.45,1,16.4,135,16.45,2,1,2022-08-25 09:09:11
1661418551837134000,16.45,2,16.4,135,16.5,88,1,2022-08-25 09:09:11
1661418551837134000,16.5,3,16.4,135,16.5,88,1,2022-08-25 09:09:11
1661418552439679000,16.4,2,16.4,128,16.5,89,2,2022-08-25 09:09:12
1661418552928644000,16.4,5,16.4,124,16.45,2,2,2022-08-25 09:09:12
1661418553434238000,16.45,1,16.4,124,16.45,8,1,2022-08-25 09:09:13
1661418554181761000,16.4,1,16.4,126,16.45,13,2,2022-08-25 09:09:14
1661418555072990000,16.45,1,16.4,126,16.45,13,1,2022-08-25 09:09:15
1661418556197710000,16.4,1,16.4,125,16.45,19,2,2022-08-25 09:09:16
1661418556494611000,16.45,1,16.4,145,16.45,23,1,2022-08-25 09:09:16
1661418556589813000,16.45,1,16.4,145,16.45,22,1,2022-08-25 09:09:16
1661418557057745000,16.45,1,16.4,155,16.45,23,1,2022-08-25 09:09:17
1661418557096946000,16.4,5,16.4,150,16.45,22,2,2022-08-25 09:09:17
1661418557610206000,16.45,5,16.4,151,16.45,17,1,2022-08-25 09:09:17
1661418557704296000,16.45,1,16.4,151,16.45,16,1,2022-08-25 09:09:17
1661418557820431000,16.45,1,16.4,151,16.45,15,1,2022-08-25 09:09:17
1661418557991612000,16.45,5,16.4,151,16.45,10,1,2022-08-25 09:09:17
1661418558291874000,16.45,10,16.4,151,16.5,77,1,2022-08-25 09:09:18
1661418558291874000,16.5,40,16.4,151,16.5,77,1,2022-08-25 09:09:18
1661418559588120000,16.45,1,16.4,160,16.5,81,1,2022-08-25 09:09:19
1661418560855579000,16.45,2,16.45,6,16.5,83,2,2022-08-25 09:09:20
1661418560879200000,16.45,6,16.4,160,16.5,83,2,2022-08-25 09:09:20
1661418561103923000,16.4,10,16.4,150,16.5,84,2,2022-08-25 09:09:21
1661418561503876000,16.45,2,16.4,139,16.5,84,2,2022-08-25 09:09:21
1661418561503876000,16.4,3,16.4,139,16.5,84,2,2022-08-25 09:09:21
1661418562259027000,16.45,5,16.4,139,16.45,45,1,2022-08-25 09:09:22
1661418562270162000,16.45,20,16.4,139,16.45,25,1,2022-08-25 09:09:22
1661418562709399000,16.45,2,16.4,139,16.45,23,1,2022-08-25 09:09:22
1661418563665954000,16.45,27,16.4,139,16.5,12,1,2022-08-25 09:09:23
1661418563665954000,16.5,73,16.4,139,16.5,12,1,2022-08-25 09:09:23
1661418563791922000,16.5,2,16.4,140,16.5,11,1,2022-08-25 09:09:23
1661418563977928000,16.5,11,16.45,3,16.55,166,1,2022-08-25 09:09:23
1661418564239460000,16.45,1,16.45,7,16.55,166,2,2022-08-25 09:09:24
1661418564608030000,16.45,1,16.45,6,16.55,166,2,2022-08-25 09:09:24
1661418564714129000,16.55,8,16.45,6,16.55,158,1,2022-08-25 09:09:24
1661418564845335000,16.5,2,16.45,1,16.5,16,1,2022-08-25 09:09:24
1661418565087404000,16.45,23,16.4,143,16.45,7,2,2022-08-25 09:09:25
1661418565091903000,16.45,2,16.4,143,16.45,5,1,2022-08-25 09:09:25
1661418565315173000,16.45,1,16.4,143,16.45,4,1,2022-08-25 09:09:25
1661418565407893000,16.45,1,16.4,144,16.45,3,1,2022-08-25 09:09:25
