ts,close,volume,bid_price,bid_volume,ask_price,ask_volume,tick_type,datetime
1661418018184374000,25.9,33,25.9,8,25.95,3,1,2022-08-25 09:00:18
1661418018215189000,25.95,3,25.9,8,26.0,11,1,2022-08-25 09:00:18
1661418018255167000,26.0,11,25.9,20,26.1,1,1,2022-08-25 09:00:18
1661418018283519000,26.1,1,25.95,2,26.2,5,1,2022-08-25 09:00:18
1661418018336380000,25.95,2,25.95,13,26.2,5,2,2022-08-25 09:00:18
1661418019946214000,26.2,4,26.0,12,26.2,1,1,2022-08-25 09:00:19
1661418019981056000,26.2,1,26.0,12,26.4,9,1,2022-08-25 09:00:19
1661418021589732000,26.05,2,26.0,11,26.4,9,2,2022-08-25 09:00:21
1661418024058995000,26.05,2,26.0,11,26.4,9,2,2022-08-25 09:00:24
1661418026588887000,26.4,9,26.15,1,26.5,14,1,2022-08-25 09:00:26
1661418032552604000,26.35,2,26.15,1,26.4,1,1,2022-08-25 09:00:32
1661418040765397000,26.3,2,26.2,7,26.35,2,1,2022-08-25 09:00:40
1661418043150221000,26.35,2,26.35,2,26.4,3,1,2022-08-25 09:00:43
1661418047055972000,26.35,1,26.35,4,26.4,5,2,2022-08-25 09:00:47
1661418047088500000,26.35,4,26.25,1,26.4,5,2,2022-08-25 09:00:47
1661418047151550000,26.4,1,26.25,1,26.4,6,1,2022-08-25 09:00:47
1661418049037093000,26.35,1,26.25,1,26.35,2,1,2022-08-25 09:00:49
1661418054599014000,26.35,3,26.35,7,26.4,6,1,2022-08-25 09:00:54
1661418054642588000,26.35,7,26.25,1,26.4,6,2,2022-08-25 09:00:54
1661418054699071000,26.35,2,26.35,16,26.4,6,2,2022-08-25 09:00:54
1661418056496781000,26.35,1,26.35,18,26.4,4,2,2022-08-25 09:00:56
1661418058709560000,26.35,1,26.35,17,26.4,4,2,2022-08-25 09:00:58
1661418058758525000,26.35,13,26.35,4,26.4,4,2,2022-08-25 09:00:58
1661418058790253000,26.35,3,26.35,1,26.4,4,2,2022-08-25 09:00:58
1661418058821153000,26.35,1,26.25,10,26.4,6,2,2022-08-25 09:00:58
1661418060345473000,26.25,1,26.2,5,26.4,4,2,2022-08-25 09:01:00
1661418060345473000,26.2,1,26.2,5,26.4,4,2,2022-08-25 09:01:00
1661418066388522000,26.2,1,26.2,4,26.35,3,2,2022-08-25 09:01:06
1661418067267239000,26.25,1,26.2,4,26.35,3,2,2022-08-25 09:01:07
1661418069356484000,26.2,4,26.0,2,26.25,1,2,2022-08-25 09:01:09
1661418069356484000,26.15,5,26.0,2,26.25,1,2,2022-08-25 09:01:09
1661418069356484000,26.05,3,26.0,2,26.25,1,2,2022-08-25 09:01:09
1661418069356484000,26.0,8,26.0,2,26.25,1,2,2022-08-25 09:01:09
1661418070199715000,26.25,1,26.35,5,26.4,3,1,2022-08-25 09:01:10
1661418070199715000,26.3,1,26.35,5,26.4,3,1,2022-08-25 09:01:10
1661418070199715000,26.35,3,26.35,5,26.4,3,1,2022-08-25 09:01:10
1661418072057445000,26.35,1,26.35,14,26.4,3,2,2022-08-25 09:01:12
1661418076245578000,26.4,3,26.35,14,26.5,15,1,2022-08-25 09:01:16
1661418081329689000,26.5,15,26.4,2,26.55,1,1,2022-08-25 09:01:21
1661418082780294000,26.4,1,26.4,2,26.55,1,2,2022-08-25 09:01:22
1661418083301306000,26.45,1,26.4,4,26.55,1,1,2022-08-25 09:01:23
1661418089102909000,26.4,1,26.4,3,26.45,23,2,2022-08-25 09:01:29
1661418090320635000,26.4,3,26.35,4,26.45,23,2,2022-08-25 09:01:30
1661418091444726000,26.45,1,26.35,4,26.45,22,1,2022-08-25 09:01:31
1661418092335764000,26.45,1,26.35,4,26.45,21,1,2022-08-25 09:01:32
1661418095818108000,26.4,1,26.35,4,26.45,21,2,2022-08-25 09:01:35
1661418096734339000,26.45,1,26.35,4,26.45,20,1,2022-08-25 09:01:36
1661418097460526000,26.45,20,26.35,19,26.55,2,1,2022-08-25 09:01:37
1661418099377975000,26.45,1,26.45,4,26.55,2,2,2022-08-25 09:01:39
1661418101147973000,26.5,1,26.5,3,26.55,2,2,2022-08-25 09:01:41
1661418104664676000,26.55,2,26.5,11,26.6,1,1,2022-08-25 09:01:44
1661418105965680000,26.5,10,26.5,1,26.6,1,2,2022-08-25 09:01:45
1661418108080872000,26.5,1,26.45,13,26.6,2,2,2022-08-25 09:01:48
1661418108080872000,26.45,1,26.45,13,26.6,2,2,2022-08-25 09:01:48
1661418115474404000,26.5,3,26.45,15,26.5,2,2,2022-08-25 09:01:55
1661418115740851000,26.45,13,26.45,2,26.5,2,2,2022-08-25 09:01:55
1661418115772929000,26.45,2,26.4,1,26.5,2,2,2022-08-25 09:01:55
1661418116879054000,26.4,1,26.35,19,26.5,2,2,2022-08-25 09:01:56
1661418121692697000,26.45,1,26.35,1,26.5,2,2,2022-08-25 09:02:01
1661418121692697000,26.4,1,26.35,1,26.5,2,2,2022-08-25 09:02:01
1661418121692697000,26.35,18,26.35,1,26.5,2,2,2022-08-25 09:02:01
1661418121736000000,26.35,1,26.25,1,26.5,2,2,2022-08-25 09:02:01
1661418134921212000,26.35,1,26.35,1,26.45,2,2,2022-08-25 09:02:14
1661418141709208000,26.35,1,26.3,1,26.45,2,2,2022-08-25 09:02:21
1661418151184101000,26.3,1,26.25,4,26.35,6,2,2022-08-25 09:02:31
1661418162330034000,26.3,1,26.25,4,26.3,4,2,2022-08-25 09:02:42
1661418162676044000,26.25,3,26.25,1,26.3,4,2,2022-08-25 09:02:42
1661418162711181000,26.25,1,26.2,4,26.3,4,2,2022-08-25 09:02:42
1661418165267402000,26.2,4,26.1,1,26.3,5,2,2022-08-25 09:02:45
1661418165267402000,26.15,1,26.1,1,26.3,5,2,2022-08-25 09:02:45
1661418171481122000,26.05,1,25.95,7,26.3,6,2,2022-08-25 09:02:51
1661418171481122000,26.0,12,25.95,7,26.3,6,2,2022-08-25 09:02:51
1661418171481122000,25.95,7,25.95,7,26.3,6,2,2022-08-25 09:02:51
1661418201602216000,26.0,2,25.95,6,26.0,8,2,2022-08-25 09:03:21
1661418201624494000,26.0,8,25.95,6,26.3,6,1,2022-08-25 09:03:21
1661418203858840000,26.0,2,26.0,3,26.3,6,2,2022-08-25 09:03:23
1661418208455561000,26.25,1,26.05,3,26.3,5,1,2022-08-25 09:03:28
1661418208455561000,26.3,1,26.05,3,26.3,5,1,2022-08-25 09:03:28
1661418217280200000,26.3,1,26.05,3,26.3,3,1,2022-08-25 09:03:37
1661418222444877000,26.3,3,26.3,1,26.35,7,1,2022-08-25 09:03:42
1661418222475532000,26.3,1,26.05,7,26.35,7,2,2022-08-25 09:03:42
1661418225963121000,26.05,1,26.05,5,26.35,7,2,2022-08-25 09:03:45
1661418248258686000,26.1,1,26.1,8,26.3,8,2,2022-08-25 09:04:08
1661418262108279000,26.25,2,26.15,5,26.3,8,1,2022-08-25 09:04:22
1661418271057084000,26.3,8,26.25,3,26.35,7,1,2022-08-25 09:04:31
1661418276200296000,26.25,3,26.1,4,26.35,7,2,2022-08-25 09:04:36
1661418276200296000,26.15,3,26.1,4,26.35,7,2,2022-08-25 09:04:36
1661418276200296000,26.1,4,26.1,4,26.35,7,2,2022-08-25 09:04:36
1661418319477503000,26.3,3,26.1,51,26.35,7,1,2022-08-25 09:05:19
1661418328260208000,26.35,7,26.3,3,26.4,5,1,2022-08-25 09:05:28
1661418328294430000,26.4,5,26.3,3,26.45,4,1,2022-08-25 09:05:28
1661418337963237000,26.4,2,26.4,1,26.45,13,2,2022-08-25 09:05:37
1661418337985452000,26.4,1,26.3,7,26.45,13,2,2022-08-25 09:05:37
1661418339624086000,26.45,10,26.3,7,26.45,3,1,2022-08-25 09:05:39
1661418339662244000,26.45,3,26.3,7,26.5,7,1,2022-08-25 09:05:39
1661418347438034000,26.5,2,26.4,3,26.5,5,1,2022-08-25 09:05:47
1661418347487988000,26.5,5,26.4,3,26.6,6,1,2022-08-25 09:05:47
1661418352525380000,26.6,6,26.6,4,26.7,1,1,2022-08-25 09:05:52
1661418352568878000,26.7,1,26.6,4,26.75,3,1,2022-08-25 09:05:52
1661418353273790000,26.6,1,26.6,3,26.75,3,2,2022-08-25 09:05:53
1661418358469951000,26.75,2,26.6,5,26.75,1,1,2022-08-25 09:05:58
1661418361315341000,26.75,1,26.6,9,26.8,3,1,2022-08-25 09:06:01
1661418370660890000,26.75,1,26.6,6,26.75,1,2,2022-08-25 09:06:10
1661418371705443000,26.75,1,26.65,2,26.8,3,1,2022-08-25 09:06:11
1661418373715927000,26.65,2,26.6,6,26.75,20,2,2022-08-25 09:06:13
1661418375386038000,26.65,1,26.65,1,26.7,2,2,2022-08-25 09:06:15
1661418376204949000,26.6,2,26.6,5,26.7,2,2,2022-08-25 09:06:16
1661418376231909000,26.6,5,26.5,2,26.7,2,2,2022-08-25 09:06:16
1661418377029564000,26.6,1,26.5,2,26.6,3,1,2022-08-25 09:06:17
1661418380205724000,26.5,2,26.3,3,26.6,3,2,2022-08-25 09:06:20
1661418380205724000,26.45,2,26.3,3,26.6,3,2,2022-08-25 09:06:20
1661418380205724000,26.4,1,26.3,3,26.6,3,2,2022-08-25 09:06:20
1661418380205724000,26.35,5,26.3,3,26.6,3,2,2022-08-25 09:06:20
1661418382515783000,26.6,3,26.3,5,26.7,1,1,2022-08-25 09:06:22
1661418388188092000,26.55,2,26.3,5,26.6,3,1,2022-08-25 09:06:28
1661418388188092000,26.6,2,26.3,5,26.6,3,1,2022-08-25 09:06:28
1661418388234237000,26.6,1,26.3,5,26.6,2,1,2022-08-25 09:06:28
1661418389735371000,26.5,2,26.3,5,26.55,3,2,2022-08-25 09:06:29
1661418390548765000,26.5,1,26.3,3,26.5,1,1,2022-08-25 09:06:30
1661418391043233000,26.5,1,26.3,3,26.5,2,1,2022-08-25 09:06:31
1661418394883447000,26.35,1,26.35,2,26.55,3,2,2022-08-25 09:06:34
1661418399281370000,26.55,1,26.35,3,26.55,2,1,2022-08-25 09:06:39
1661418409297193000,26.5,1,26.4,5,26.55,1,2,2022-08-25 09:06:49
1661418418546832000,26.5,1,26.4,7,26.5,14,2,2022-08-25 09:06:58
1661418421996941000,26.45,8,26.45,2,26.5,14,2,2022-08-25 09:07:01
1661418422034481000,26.45,2,26.4,7,26.5,14,2,2022-08-25 09:07:02
1661418426110424000,26.45,4,26.45,1,26.5,14,2,2022-08-25 09:07:06
1661418426149188000,26.45,1,26.4,7,26.5,14,2,2022-08-25 09:07:06
1661418449210252000,26.4,7,26.4,5,26.5,15,2,2022-08-25 09:07:29
1661418449999514000,26.45,1,26.4,5,26.5,15,2,2022-08-25 09:07:29
1661418451842244000,26.45,1,26.4,30,26.5,15,2,2022-08-25 09:07:31
1661418463016152000,26.4,19,26.4,13,26.45,4,2,2022-08-25 09:07:43
1661418463057713000,26.4,2,26.4,11,26.45,4,2,2022-08-25 09:07:43
1661418463280528000,26.4,11,26.35,2,26.45,4,2,2022-08-25 09:07:43
1661418466747981000,26.4,1,26.4,9,26.45,6,1,2022-08-25 09:07:46
1661418467893022000,26.4,9,26.35,3,26.4,5,2,2022-08-25 09:07:47
1661418475405508000,26.35,2,26.25,3,26.4,5,2,2022-08-25 09:07:55
1661418475405508000,26.3,7,26.25,3,26.4,5,2,2022-08-25 09:07:55
1661418475405508000,26.25,1,26.25,3,26.4,5,2,2022-08-25 09:07:55
1661418495046083000,26.3,1,26.25,17,26.4,5,2,2022-08-25 09:08:15
1661418495046083000,26.25,3,26.25,17,26.4,5,2,2022-08-25 09:08:15
1661418496697394000,26.3,1,26.25,17,26.4,5,1,2022-08-25 09:08:16
1661418502149829000,26.4,5,26.25,37,26.5,13,1,2022-08-25 09:08:22
1661418504505445000,26.3,1,26.25,37,26.4,1,1,2022-08-25 09:08:24
1661418510186619000,26.4,1,26.3,1,26.5,12,1,2022-08-25 09:08:30
1661418510638466000,26.3,1,26.3,3,26.5,12,2,2022-08-25 09:08:30
1661418521206213000,26.35,1,26.3,10,26.5,12,2,2022-08-25 09:08:41
1661418528279011000,26.3,3,26.3,7,26.5,12,2,2022-08-25 09:08:48
1661418536798476000,26.35,1,26.3,8,26.5,12,1,2022-08-25 09:08:56
1661418540375782000,26.3,1,26.3,7,26.5,13,2,2022-08-25 09:09:00
1661418547963899000,26.3,1,26.3,6,26.5,13,2,2022-08-25 09:09:07
1661418602474088000,26.35,1,26.35,2,26.5,15,2,2022-08-25 09:10:02
1661418607545012000,26.35,2,26.3,10,26.5,15,2,2022-08-25 09:10:07
1661418611635975000,26.45,1,26.3,12,26.5,15,1,2022-08-25 09:10:11
1661418620385436000,26.45,1,26.35,1,26.5,15,1,2022-08-25 09:10:20
1661418665341986000,26.45,2,26.35,15,26.5,16,1,2022-08-25 09:11:05
1661418669508752000,26.35,16,26.3,13,26.5,16,2,2022-08-25 09:11:09
1661418669508752000,26.3,3,26.3,13,26.5,16,2,2022-08-25 09:11:09
1661418675465623000,26.5,5,26.3,13,26.5,11,1,2022-08-25 09:11:15
1661418690773177000,26.5,1,26.3,19,26.5,10,1,2022-08-25 09:11:30
1661418711891089000,26.5,1,26.35,9,26.5,9,1,2022-08-25 09:11:51
1661418711930946000,26.5,1,26.35,9,26.5,8,1,2022-08-25 09:11:51
1661418756667802000,26.35,8,26.3,17,26.5,10,2,2022-08-25 09:12:36
1661418756667802000,26.3,2,26.3,17,26.5,10,2,2022-08-25 09:12:36
1661418779270554000,26.3,2,26.3,17,26.45,2,2,2022-08-25 09:12:59
1661418805025197000,26.3,10,26.3,7,26.45,2,2,2022-08-25 09:13:25
1661418805058000000,26.3,7,26.25,38,26.45,2,2,2022-08-25 09:13:25
1661418810081995000,26.3,5,26.25,40,26.45,2,2,2022-08-25 09:13:30
1661418810683158000,26.25,5,26.25,35,26.45,4,2,2022-08-25 09:13:30
1661418816083852000,26.3,1,26.3,2,26.45,4,1,2022-08-25 09:13:36
1661418827425344000,26.3,2,26.3,3,26.45,3,2,2022-08-25 09:13:47
1661418830065598000,26.3,3,26.25,28,26.45,5,2,2022-08-25 09:13:50
1661418830065598000,26.25,7,26.25,28,26.45,5,2,2022-08-25 09:13:50
1661418831780918000,26.35,5,26.25,28,26.45,5,2,2022-08-25 09:13:51
1661418876492594000,26.4,1,26.3,8,26.45,3,1,2022-08-25 09:14:36
1661418884175314000,26.3,3,26.3,7,26.45,3,2,2022-08-25 09:14:44
1661418906416413000,26.45,3,26.3,9,26.5,9,1,2022-08-25 09:15:06
1661418906416413000,26.5,1,26.3,9,26.5,9,1,2022-08-25 09:15:06
1661418943533811000,26.3,7,26.25,23,26.5,12,2,2022-08-25 09:15:43
1661418943533811000,26.25,12,26.25,23,26.5,12,2,2022-08-25 09:15:43
1661418952283696000,26.25,1,26.25,22,26.45,2,2,2022-08-25 09:15:52
1661418965635478000,26.25,3,26.25,19,26.45,2,2,2022-08-25 09:16:05
1661418973802929000,26.25,1,26.25,20,26.45,3,2,2022-08-25 09:16:13
1661418984538776000,26.25,2,26.25,39,26.45,1,2,2022-08-25 09:16:24
1661418987327657000,26.25,1,26.25,38,26.45,1,2,2022-08-25 09:16:27
1661419013930019000,26.3,9,26.25,29,26.45,1,2,2022-08-25 09:16:53
1661419013930019000,26.25,10,26.25,29,26.45,1,2,2022-08-25 09:16:53
1661419035926403000,26.25,19,26.25,13,26.4,5,2,2022-08-25 09:17:15
1661419035954710000,26.25,11,26.25,2,26.4,5,2,2022-08-25 09:17:15
1661419035984784000,26.25,2,26.2,47,26.4,7,2,2022-08-25 09:17:15
1661419041548944000,26.2,19,26.2,30,26.4,5,2,2022-08-25 09:17:21
1661419047301775000,26.2,8,26.2,22,26.4,7,2,2022-08-25 09:17:27
1661419053190140000,26.2,3,26.2,19,26.4,7,2,2022-08-25 09:17:33
1661419081795280000,26.4,1,26.2,23,26.4,4,1,2022-08-25 09:18:01
1661419092086690000,26.25,2,26.25,1,26.4,4,2,2022-08-25 09:18:12
1661419107840226000,26.2,1,26.2,23,26.4,4,2,2022-08-25 09:18:27
1661419142339566000,26.3,1,26.25,7,26.4,5,1,2022-08-25 09:19:02
1661419142564928000,26.25,6,26.25,1,26.4,5,2,2022-08-25 09:19:02
1661419155614373000,26.25,1,26.2,35,26.4,5,1,2022-08-25 09:19:15
1661419159557890000,26.25,1,26.2,37,26.4,5,1,2022-08-25 09:19:19
1661419159593015000,26.4,5,26.2,35,26.45,8,1,2022-08-25 09:19:19
1661419206274591000,26.4,7,26.4,1,26.45,8,2,2022-08-25 09:20:06
1661419206301836000,26.4,1,26.25,6,26.45,8,2,2022-08-25 09:20:06
1661419209384178000,26.45,1,26.25,6,26.45,9,1,2022-08-25 09:20:09
1661419274355870000,26.35,1,26.35,3,26.45,8,2,2022-08-25 09:21:14
1661419287653792000,26.45,1,26.35,3,26.45,7,1,2022-08-25 09:21:27
1661419317143916000,26.45,7,26.35,6,26.5,8,1,2022-08-25 09:21:57
1661419328400370000,26.45,1,26.35,6,26.45,9,1,2022-08-25 09:22:08
1661419328430869000,26.45,9,26.35,6,26.5,8,1,2022-08-25 09:22:08
1661419333889422000,26.45,1,26.4,2,26.5,5,1,2022-08-25 09:22:13
1661419333889422000,26.5,4,26.4,2,26.5,5,1,2022-08-25 09:22:13
1661419333998620000,26.5,3,26.45,2,26.5,2,1,2022-08-25 09:22:13
1661419334063403000,26.5,2,26.45,2,26.55,11,1,2022-08-25 09:22:14
1661419338313955000,26.55,5,26.45,8,26.55,6,1,2022-08-25 09:22:18
1661419338345163000,26.55,6,26.45,8,26.6,20,1,2022-08-25 09:22:18
1661419338633331000,26.6,2,26.55,5,26.6,18,1,2022-08-25 09:22:18
1661419338668621000,26.6,13,26.55,5,26.6,5,1,2022-08-25 09:22:18
1661419338694135000,26.6,1,26.55,5,26.6,4,1,2022-08-25 09:22:18
1661419338749994000,26.6,4,26.55,3,26.65,4,1,2022-08-25 09:22:18
1661419338779562000,26.55,4,26.55,1,26.65,4,2,2022-08-25 09:22:18
1661419347854723000,26.6,3,26.6,1,26.65,4,2,2022-08-25 09:22:27
1661419347885551000,26.6,1,26.55,1,26.65,4,2,2022-08-25 09:22:27
1661419349521950000,26.55,1,26.55,4,26.6,1,2,2022-08-25 09:22:29
1661419350917976000,26.55,3,26.55,1,26.6,1,2,2022-08-25 09:22:30
1661419350952376000,26.55,1,26.5,4,26.6,1,2,2022-08-25 09:22:30
1661419370875124000,26.5,7,26.45,4,26.6,2,2,2022-08-25 09:22:50
1661419370875124000,26.45,3,26.45,4,26.6,2,2,2022-08-25 09:22:50
1661419380602156000,26.6,1,26.45,5,26.6,1,1,2022-08-25 09:23:00
1661419383788865000,26.6,1,26.45,5,26.65,21,1,2022-08-25 09:23:03
1661419404441033000,26.55,1,26.5,2,26.6,4,2,2022-08-25 09:23:24
1661419419247773000,26.6,1,26.5,2,26.6,3,1,2022-08-25 09:23:39
1661419433076062000,26.5,1,26.5,2,26.6,4,2,2022-08-25 09:23:53
1661419433107324000,26.5,2,26.45,4,26.6,4,2,2022-08-25 09:23:53
1661419464544459000,26.6,2,26.5,4,26.6,2,1,2022-08-25 09:24:24
1661419467032895000,26.6,1,26.5,4,26.6,1,1,2022-08-25 09:24:27
1661419474175651000,26.6,1,26.5,4,26.65,26,1,2022-08-25 09:24:34
1661419489742705000,26.65,26,26.5,6,26.7,20,1,2022-08-25 09:24:49
1661419489742705000,26.7,4,26.5,6,26.7,20,1,2022-08-25 09:24:49
1661419496829746000,26.7,1,26.55,6,26.7,19,1,2022-08-25 09:24:56
1661419496982599000,26.7,1,26.6,3,26.7,18,1,2022-08-25 09:24:56
1661419497022693000,26.7,13,26.6,3,26.7,5,1,2022-08-25 09:24:57
1661419497062783000,26.7,1,26.6,3,26.7,4,1,2022-08-25 09:24:57
1661419497062812000,26.7,4,26.6,3,26.7,19,1,2022-08-25 09:24:57
1661419510160031000,26.7,1,26.65,6,26.7,1,2,2022-08-25 09:25:10
1661419518283439000,26.7,1,26.65,1,26.7,1,1,2022-08-25 09:25:18
1661419526072834000,26.7,1,26.65,2,26.75,23,1,2022-08-25 09:25:26
1661419528296666000,26.7,1,26.65,2,26.75,23,2,2022-08-25 09:25:28
1661419562860923000,26.7,2,26.7,10,26.75,23,2,2022-08-25 09:26:02
1661419571907409000,26.7,10,26.65,1,26.75,23,2,2022-08-25 09:26:11
1661419573633030000,26.65,1,26.6,2,26.7,40,2,2022-08-25 09:26:13
1661419589012326000,26.6,2,26.55,1,26.65,3,2,2022-08-25 09:26:29
1661419589042996000,26.55,1,26.5,12,26.65,1,2,2022-08-25 09:26:29
1661419617486282000,26.55,1,26.5,2,26.55,3,1,2022-08-25 09:26:57
1661419617518652000,26.5,2,26.4,3,26.55,3,2,2022-08-25 09:26:57
1661419623789131000,26.55,1,26.4,10,26.65,7,1,2022-08-25 09:27:03
1661419665911373000,26.55,2,26.5,2,26.6,4,2,2022-08-25 09:27:45
1661419665979496000,26.5,2,26.4,3,26.6,6,2,2022-08-25 09:27:45
1661419700761297000,26.5,1,26.5,1,26.55,2,2,2022-08-25 09:28:20
1661419735058803000,26.45,3,26.4,3,26.5,3,2,2022-08-25 09:28:55
1661419756813356000,26.5,1,26.4,5,26.55,3,1,2022-08-25 09:29:16
1661419801030978000,26.5,1,26.45,4,26.55,7,1,2022-08-25 09:30:01
1661419834975139000,26.5,1,26.5,2,26.55,5,1,2022-08-25 09:30:34
1661419846243329000,26.5,2,26.45,3,26.55,8,2,2022-08-25 09:30:46
1661419942956066000,26.5,2,26.45,2,26.5,2,1,2022-08-25 09:32:22
1661419942989320000,26.5,1,26.45,2,26.5,1,1,2022-08-25 09:32:22
1661419959910062000,26.45,2,26.4,20,26.5,1,2,2022-08-25 09:32:39
1661419968040406000,26.4,1,26.4,29,26.5,1,2,2022-08-25 09:32:48
1661419995036270000,26.4,1,26.4,29,26.5,13,2,2022-08-25 09:33:15
1661420001426237000,26.5,2,26.4,29,26.5,11,1,2022-08-25 09:33:21
1661420100806844000,26.5,1,26.45,2,26.5,10,1,2022-08-25 09:35:00
1661420157357028000,26.5,11,26.45,4,26.55,4,1,2022-08-25 09:35:57
1661420171770096000,26.55,4,26.45,4,26.6,12,1,2022-08-25 09:36:11
1661420171770096000,26.6,1,26.45,4,26.6,12,1,2022-08-25 09:36:11
1661420171811696000,26.6,1,26.45,6,26.6,11,1,2022-08-25 09:36:11
1661420181329002000,26.6,5,26.5,3,26.6,6,1,2022-08-25 09:36:21
1661420181355940000,26.6,6,26.5,3,26.65,13,1,2022-08-25 09:36:21
1661420220226613000,26.6,1,26.6,3,26.65,13,2,2022-08-25 09:37:00
1661420232518710000,26.65,2,26.6,3,26.65,11,1,2022-08-25 09:37:12
1661420232835053000,26.6,2,26.6,1,26.65,11,2,2022-08-25 09:37:12
1661420239072558000,26.6,1,26.55,5,26.6,9,2,2022-08-25 09:37:19
1661420369129064000,26.55,1,26.55,2,26.6,11,2,2022-08-25 09:39:29
1661420373482799000,26.55,1,26.5,3,26.6,11,2,2022-08-25 09:39:33
1661420373482799000,26.5,4,26.5,3,26.6,11,2,2022-08-25 09:39:33
1661420374094718000,26.55,1,26.5,3,26.6,11,2,2022-08-25 09:39:34
1661420463574065000,26.55,5,26.55,5,26.6,11,1,2022-08-25 09:41:03
1661420519782514000,26.55,1,26.55,9,26.6,11,2,2022-08-25 09:41:59
1661420536475990000,26.55,5,26.55,4,26.6,11,2,2022-08-25 09:42:16
1661420548583967000,26.55,2,26.55,2,26.6,11,2,2022-08-25 09:42:28
1661420566541522000,26.55,2,26.5,7,26.6,10,2,2022-08-25 09:42:46
1661420660248355000,26.5,8,26.45,3,26.5,2,2,2022-08-25 09:44:20
1661420673742550000,26.5,4,26.5,6,26.55,11,1,2022-08-25 09:44:33
1661420687177528000,26.5,3,26.5,3,26.55,11,2,2022-08-25 09:44:47
1661420687200128000,26.5,3,26.45,5,26.55,11,2,2022-08-25 09:44:47
1661420818611905000,26.45,2,26.45,4,26.5,1,2,2022-08-25 09:46:58
1661420818657146000,26.45,4,26.4,17,26.5,3,2,2022-08-25 09:46:58
1661420830976963000,26.45,3,26.4,17,26.5,8,2,2022-08-25 09:47:10
1661420833540419000,26.45,1,26.4,17,26.5,9,2,2022-08-25 09:47:13
1661420876077642000,26.4,16,26.35,5,26.45,10,2,2022-08-25 09:47:56
1661420876108530000,26.35,2,26.35,3,26.45,10,2,2022-08-25 09:47:56
1661420932954474000,26.35,1,26.35,2,26.45,10,2,2022-08-25 09:48:52
1661420948167054000,26.35,1,26.35,6,26.45,10,2,2022-08-25 09:49:08
1661420972594758000,26.35,1,26.35,5,26.45,10,2,2022-08-25 09:49:32
1661421037143521000,26.35,2,26.35,15,26.4,2,2,2022-08-25 09:50:37
1661421065500788000,26.4,1,26.35,16,26.4,5,1,2022-08-25 09:51:05
1661421065528325000,26.4,4,26.35,16,26.4,1,1,2022-08-25 09:51:05
1661421066459371000,26.4,1,26.35,16,26.45,10,1,2022-08-25 09:51:06
1661421088562804000,26.35,2,26.35,21,26.45,10,2,2022-08-25 09:51:28
1661421095871721000,26.4,1,26.4,11,26.45,10,2,2022-08-25 09:51:35
1661421100151937000,26.45,10,26.4,13,26.5,13,1,2022-08-25 09:51:40
1661421146260451000,26.5,1,26.4,4,26.5,1,1,2022-08-25 09:52:26
1661421149869537000,26.5,1,26.4,10,26.55,10,1,2022-08-25 09:52:29
1661421210474738000,26.55,10,26.5,7,26.6,11,1,2022-08-25 09:53:30
1661421229974987000,26.5,1,26.5,6,26.6,11,2,2022-08-25 09:53:49
1661421274288039000,26.55,1,26.5,5,26.6,12,2,2022-08-25 09:54:34
1661421274288039000,26.5,1,26.5,5,26.6,12,2,2022-08-25 09:54:34
1661421329988541000,26.5,2,26.5,5,26.55,5,2,2022-08-25 09:55:29
1661421342029999000,26.5,1,26.5,4,26.55,5,2,2022-08-25 09:55:42
1661421379770466000,26.5,1,26.5,14,26.55,5,2,2022-08-25 09:56:19
1661421433983509000,26.5,1,26.5,13,26.55,5,2,2022-08-25 09:57:13
1661421448633263000,26.5,1,26.5,12,26.55,5,2,2022-08-25 09:57:28
1661421464799361000,26.5,1,26.5,13,26.55,6,2,2022-08-25 09:57:44
1661421501752967000,26.5,9,26.5,5,26.55,6,2,2022-08-25 09:58:21
1661421501791836000,26.5,5,26.45,7,26.55,6,2,2022-08-25 09:58:21
1661421533581207000,26.5,1,26.5,2,26.55,5,1,2022-08-25 09:58:53
1661421544856714000,26.55,2,26.5,2,26.55,8,1,2022-08-25 09:59:04
1661421585069671000,26.5,1,26.5,1,26.55,11,2,2022-08-25 09:59:45
1661421585104758000,26.5,1,26.45,7,26.55,11,2,2022-08-25 09:59:45
1661421598363912000,26.55,1,26.45,7,26.55,10,1,2022-08-25 09:59:58
1661421614098834000,26.5,1,26.5,1,26.55,10,2,2022-08-25 10:00:14
1661421642185222000,26.5,1,26.45,7,26.55,8,2,2022-08-25 10:00:42
1661421717226887000,26.45,1,26.45,6,26.5,10,2,2022-08-25 10:01:57
1661421717261732000,26.45,2,26.45,4,26.5,10,2,2022-08-25 10:01:57
1661421717310660000,26.45,2,26.45,2,26.5,12,2,2022-08-25 10:01:57
1661421717340315000,26.45,2,26.4,5,26.5,10,2,2022-08-25 10:01:57
1661421790024793000,26.4,1,26.4,4,26.45,1,2,2022-08-25 10:03:10
1661421927673924000,26.4,1,26.4,3,26.45,2,2,2022-08-25 10:05:27
1661421965824746000,26.4,2,26.4,1,26.45,3,2,2022-08-25 10:06:05
1661421972719528000,26.4,1,26.35,6,26.45,2,2,2022-08-25 10:06:12
1661421986367005000,26.45,3,26.35,11,26.5,15,1,2022-08-25 10:06:26
1661422012092767000,26.5,15,26.5,3,26.55,7,1,2022-08-25 10:06:52
1661422012113653000,26.55,7,26.5,3,26.6,11,1,2022-08-25 10:06:52
1661422019383174000,26.6,8,26.5,14,26.6,3,1,2022-08-25 10:06:59
1661422019426244000,26.6,3,26.5,14,26.65,37,1,2022-08-25 10:06:59
1661422052287155000,26.6,4,26.5,3,26.6,16,2,2022-08-25 10:07:32
1661422065686789000,26.6,1,26.4,18,26.6,15,1,2022-08-25 10:07:45
1661422065741552000,26.6,3,26.4,20,26.6,12,1,2022-08-25 10:07:45
1661422073395477000,26.6,12,26.45,19,26.65,40,1,2022-08-25 10:07:53
1661422158594015000,26.6,5,26.45,22,26.6,8,1,2022-08-25 10:09:18
1661422167550514000,26.6,1,26.45,22,26.6,7,1,2022-08-25 10:09:27
1661422190362918000,26.6,7,26.5,12,26.65,37,1,2022-08-25 10:09:50
1661422190381190000,26.65,3,26.55,2,26.65,34,1,2022-08-25 10:09:50
1661422190404321000,26.65,13,26.55,2,26.65,21,1,2022-08-25 10:09:50
1661422190422614000,26.65,4,26.55,2,26.65,17,1,2022-08-25 10:09:50
1661422190445170000,26.65,2,26.5,14,26.65,15,1,2022-08-25 10:09:50
1661422200909747000,26.65,15,26.55,19,26.7,1,1,2022-08-25 10:10:00
1661422200936025000,26.7,1,26.55,19,26.75,3,1,2022-08-25 10:10:00
1661422203223791000,26.75,3,26.6,23,26.8,15,1,2022-08-25 10:10:03
1661422230104878000,26.75,1,26.7,2,26.75,11,1,2022-08-25 10:10:30
1661422236471289000,26.75,1,26.7,15,26.75,10,1,2022-08-25 10:10:36
1661422236769051000,26.75,6,26.7,15,26.75,4,1,2022-08-25 10:10:36
1661422240005203000,26.75,3,26.7,15,26.75,1,1,2022-08-25 10:10:40
1661422240042064000,26.75,1,26.7,15,26.8,15,1,2022-08-25 10:10:40
1661422245716314000,26.75,1,26.7,16,26.75,12,1,2022-08-25 10:10:45
1661422248989466000,26.75,10,26.7,16,26.75,2,1,2022-08-25 10:10:48
1661422249031456000,26.75,2,26.7,16,26.8,15,1,2022-08-25 10:10:49
1661422254187220000,26.75,2,26.7,16,26.75,13,1,2022-08-25 10:10:54
1661422255975235000,26.75,5,26.7,16,26.75,8,1,2022-08-25 10:10:55
1661422258846108000,26.75,1,26.7,16,26.75,8,1,2022-08-25 10:10:58
1661422292886710000,26.75,2,26.7,16,26.75,10,1,2022-08-25 10:11:32
1661422321916783000,26.75,5,26.7,11,26.75,5,1,2022-08-25 10:12:01
1661422323569073000,26.75,5,26.7,11,26.8,15,1,2022-08-25 10:12:03
1661422326541386000,26.75,6,26.7,13,26.75,7,2,2022-08-25 10:12:06
1661422328137347000,26.75,6,26.7,13,26.75,1,1,2022-08-25 10:12:08
1661422333163874000,26.75,1,26.7,13,26.8,15,1,2022-08-25 10:12:13
1661422358257529000,26.7,12,26.65,8,26.75,10,2,2022-08-25 10:12:38
1661422363267638000,26.65,8,26.6,4,26.7,5,2,2022-08-25 10:12:43
1661422402047437000,26.65,4,26.55,1,26.6,40,2,2022-08-25 10:13:22
1661422402047437000,26.6,6,26.55,1,26.6,40,2,2022-08-25 10:13:22
1661422408705592000,26.6,1,26.55,1,26.6,39,1,2022-08-25 10:13:28
1661422409197372000,26.55,1,26.5,2,26.6,39,2,2022-08-25 10:13:29
1661422432586887000,26.55,5,26.55,3,26.6,40,2,2022-08-25 10:13:52
1661422432613806000,26.55,3,26.45,3,26.6,40,2,2022-08-25 10:13:52
1661422456991456000,26.55,2,26.5,13,26.6,40,1,2022-08-25 10:14:16
1661422462745765000,26.6,1,26.5,13,26.6,39,1,2022-08-25 10:14:22
1661422668458162000,26.55,1,26.55,1,26.6,42,2,2022-08-25 10:17:48
1661422699224070000,26.55,1,26.5,16,26.6,44,2,2022-08-25 10:18:19
1661422720853746000,26.55,1,26.5,24,26.55,4,1,2022-08-25 10:18:40
1661422720884353000,26.55,4,26.5,24,26.6,44,1,2022-08-25 10:18:40
1661422737262579000,26.6,5,26.5,24,26.7,4,1,2022-08-25 10:18:57
1661422843622045000,26.7,1,26.6,10,26.7,3,1,2022-08-25 10:20:43
1661422843658195000,26.7,1,26.6,10,26.7,2,1,2022-08-25 10:20:43
1661422856895913000,26.7,2,26.65,39,26.75,15,1,2022-08-25 10:20:56
1661422870126767000,26.75,2,26.7,4,26.75,13,1,2022-08-25 10:21:10
1661422870147100000,26.75,13,26.7,4,26.8,34,1,2022-08-25 10:21:10
1661422872641841000,26.8,21,26.75,4,26.8,13,1,2022-08-25 10:21:12
1661422872668589000,26.8,13,26.75,4,26.85,2,1,2022-08-25 10:21:12
1661422882572129000,26.85,1,26.75,4,26.85,1,1,2022-08-25 10:21:22
1661422903087751000,26.75,10,26.6,4,26.85,1,2,2022-08-25 10:21:43
1661422903087751000,26.7,4,26.6,4,26.85,1,2,2022-08-25 10:21:43
1661422903087751000,26.65,3,26.6,4,26.85,1,2,2022-08-25 10:21:43
1661422903087751000,26.6,2,26.6,4,26.85,1,2,2022-08-25 10:21:43
1661422904927270000,26.8,1,26.8,1,26.85,2,2,2022-08-25 10:21:44
1661422924764093000,26.75,5,26.65,15,26.75,33,1,2022-08-25 10:22:04
1661422940335473000,26.65,3,26.65,12,26.75,34,2,2022-08-25 10:22:20
1661422966046806000,26.65,1,26.65,1,26.75,34,2,2022-08-25 10:22:46
1661423102815472000,26.7,1,26.65,11,26.7,9,1,2022-08-25 10:25:02
1661423103333014000,26.7,9,26.65,11,26.75,5,1,2022-08-25 10:25:03
1661423109514457000,26.65,14,26.6,7,26.65,19,2,2022-08-25 10:25:09
1661423147428144000,26.65,1,26.6,4,26.65,18,1,2022-08-25 10:25:47
1661423187410115000,26.65,3,26.6,4,26.65,15,2,2022-08-25 10:26:27
1661423344428608000,26.7,1,26.7,2,26.75,3,1,2022-08-25 10:29:04
1661423351274151000,26.7,2,26.6,5,26.75,3,2,2022-08-25 10:29:11
1661423365659304000,26.7,5,26.65,5,26.7,17,1,2022-08-25 10:29:25
1661423380518859000,26.7,2,26.6,10,26.7,15,1,2022-08-25 10:29:40
1661423390692730000,26.7,1,26.65,5,26.75,3,2,2022-08-25 10:29:50
1661423394036604000,26.75,1,26.7,2,26.75,2,1,2022-08-25 10:29:54
1661423395843498000,26.75,1,26.7,2,26.75,1,1,2022-08-25 10:29:55
1661423395881266000,26.75,1,26.7,2,26.75,2,1,2022-08-25 10:29:55
1661423402986024000,26.7,10,26.65,5,26.7,5,2,2022-08-25 10:30:02
1661423403016987000,26.7,5,26.65,5,26.85,6,1,2022-08-25 10:30:03
1661423435758897000,26.7,1,26.65,6,26.75,2,2,2022-08-25 10:30:35
1661423437233343000,26.75,2,26.65,9,26.85,6,1,2022-08-25 10:30:37
1661423438410408000,26.75,1,26.7,3,26.85,6,1,2022-08-25 10:30:38
1661423445189505000,26.7,1,26.7,2,26.85,6,2,2022-08-25 10:30:45
1661423516352030000,26.85,5,26.75,5,26.85,3,1,2022-08-25 10:31:56
1661423516381096000,26.85,3,26.75,5,26.9,8,1,2022-08-25 10:31:56
1661423522999004000,26.9,8,26.85,2,26.95,4,1,2022-08-25 10:32:02
1661423523169713000,26.95,1,26.9,2,26.95,3,1,2022-08-25 10:32:03
1661423523197871000,26.95,1,26.9,1,26.95,2,1,2022-08-25 10:32:03
1661423531704255000,26.95,2,26.9,2,27.0,8,1,2022-08-25 10:32:11
1661423532914534000,26.95,2,26.95,3,27.0,8,1,2022-08-25 10:32:12
1661423536578987000,26.95,1,26.95,2,27.0,8,2,2022-08-25 10:32:16
1661423538581891000,26.95,1,26.95,2,27.0,8,2,2022-08-25 10:32:18
1661423543852509000,27.0,2,26.95,12,27.0,6,1,2022-08-25 10:32:23
1661423543887518000,27.0,6,26.95,12,27.1,1,1,2022-08-25 10:32:23
1661423548588986000,27.0,1,27.0,1,27.1,1,2,2022-08-25 10:32:28
1661423563678363000,27.1,2,27.0,2,27.2,5,1,2022-08-25 10:32:43
1661423563678363000,27.2,3,27.0,2,27.2,5,1,2022-08-25 10:32:43
1661423565186835000,27.1,1,27.1,3,27.2,5,2,2022-08-25 10:32:45
1661423573664502000,27.1,2,27.1,2,27.2,5,2,2022-08-25 10:32:53
1661423573683109000,27.1,2,27.0,2,27.2,5,2,2022-08-25 10:32:53
1661423599801194000,27.15,1,27.1,10,27.2,2,2,2022-08-25 10:33:19
1661423615759187000,27.15,1,27.1,10,27.2,2,1,2022-08-25 10:33:35
1661423627917506000,27.2,1,27.15,2,27.2,1,1,2022-08-25 10:33:47
1661423631391034000,27.2,1,27.15,2,27.3,4,1,2022-08-25 10:33:51
1661423633126897000,27.15,3,27.0,1,27.3,6,2,2022-08-25 10:33:53
1661423633126897000,27.1,10,27.0,1,27.3,6,2,2022-08-25 10:33:53
1661423633126897000,27.05,5,27.0,1,27.3,6,2,2022-08-25 10:33:53
1661423633126897000,27.0,1,27.0,1,27.3,6,2,2022-08-25 10:33:53
1661423634429428000,27.2,1,27.0,1,27.25,2,2,2022-08-25 10:33:54
1661423636915439000,27.2,1,27.0,1,27.25,2,2,2022-08-25 10:33:56
1661423639663745000,27.2,1,27.0,1,27.25,2,2,2022-08-25 10:33:59
1661423639951831000,27.2,1,27.2,1,27.25,2,2,2022-08-25 10:33:59
1661423665766287000,27.2,3,27.1,14,27.3,6,1,2022-08-25 10:34:25
1661423665766287000,27.3,2,27.1,14,27.3,6,1,2022-08-25 10:34:25
1661423703789109000,27.3,1,27.2,13,27.3,3,1,2022-08-25 10:35:03
1661423707755183000,27.3,1,27.2,10,27.3,2,1,2022-08-25 10:35:07
1661423708168455000,27.3,2,27.2,12,27.35,5,1,2022-08-25 10:35:08
1661423720509523000,27.3,1,27.2,12,27.35,6,2,2022-08-25 10:35:20
1661423730779739000,27.3,1,27.2,10,27.3,4,1,2022-08-25 10:35:30
1661423736862136000,27.3,1,27.2,10,27.3,6,1,2022-08-25 10:35:36
1661423739016709000,27.3,6,27.3,4,27.35,8,1,2022-08-25 10:35:39
1661423743056059000,27.3,4,27.3,4,27.35,9,2,2022-08-25 10:35:43
1661423745878628000,27.3,1,27.25,2,27.35,9,1,2022-08-25 10:35:45
1661423768084575000,27.25,2,27.2,11,27.3,6,2,2022-08-25 10:36:08
1661423776347983000,27.2,5,27.2,5,27.25,3,2,2022-08-25 10:36:16
1661423776385221000,27.2,5,27.15,2,27.25,3,2,2022-08-25 10:36:16
1661423777012264000,27.2,1,27.15,2,27.25,3,2,2022-08-25 10:36:17
1661423786247199000,27.15,7,27.1,10,27.2,3,2,2022-08-25 10:36:26
1661423786880010000,27.1,10,27.05,1,27.1,2,2,2022-08-25 10:36:26
1661423786908838000,27.05,1,27.0,3,27.1,2,2,2022-08-25 10:36:26
1661423804125936000,27.0,1,26.85,3,27.05,4,2,2022-08-25 10:36:44
1661423806376445000,27.05,4,26.85,3,27.1,2,1,2022-08-25 10:36:46
1661423806376445000,27.1,1,26.85,3,27.1,2,1,2022-08-25 10:36:46
1661423862017654000,27.1,1,27.05,4,27.1,1,1,2022-08-25 10:37:42
1661423862055177000,27.1,1,27.05,4,27.2,5,1,2022-08-25 10:37:42
1661423867975949000,27.05,1,27.05,3,27.2,6,2,2022-08-25 10:37:47
1661423875738022000,27.2,3,27.05,5,27.2,3,1,2022-08-25 10:37:55
1661423893563783000,27.2,3,27.2,2,27.25,3,1,2022-08-25 10:38:13
1661423893592181000,27.2,2,27.05,5,27.25,3,2,2022-08-25 10:38:13
1661423900622581000,27.25,1,27.05,5,27.25,3,1,2022-08-25 10:38:20
1661423950854446000,27.25,1,27.15,4,27.3,3,1,2022-08-25 10:39:10
1661423955387191000,27.25,2,27.15,4,27.3,5,2,2022-08-25 10:39:15
1661424004110665000,27.3,10,27.15,5,27.3,8,1,2022-08-25 10:40:04
1661424030699561000,27.25,1,27.2,3,27.25,1,1,2022-08-25 10:40:30
1661424032260810000,27.25,1,27.25,1,27.3,6,1,2022-08-25 10:40:32
1661424032295003000,27.25,1,27.2,1,27.3,6,2,2022-08-25 10:40:32
1661424045899031000,27.3,1,27.2,5,27.3,5,1,2022-08-25 10:40:45
1661424063062044000,27.25,1,27.25,3,27.3,5,2,2022-08-25 10:41:03
1661424073003016000,27.25,1,27.25,2,27.3,5,2,2022-08-25 10:41:13
1661424102970711000,27.25,1,27.25,2,27.3,7,2,2022-08-25 10:41:42
1661424124522949000,27.25,1,27.25,1,27.3,6,2,2022-08-25 10:42:04
1661424130462732000,27.3,1,27.25,1,27.3,5,1,2022-08-25 10:42:10
1661424132135095000,27.25,1,27.2,4,27.3,5,2,2022-08-25 10:42:12
1661424143607285000,27.25,1,27.25,1,27.3,5,2,2022-08-25 10:42:23
1661424151788022000,27.25,1,27.2,4,27.3,5,2,2022-08-25 10:42:31
1661424163241410000,27.2,1,27.2,3,27.3,5,2,2022-08-25 10:42:43
1661424166446552000,27.2,3,27.15,4,27.3,5,2,2022-08-25 10:42:46
1661424184210844000,27.15,1,27.15,3,27.3,7,2,2022-08-25 10:43:04
1661424252721275000,27.2,1,27.15,4,27.25,1,2,2022-08-25 10:44:12
1661424302167964000,27.2,1,27.15,4,27.25,4,2,2022-08-25 10:45:02
1661424320815237000,27.15,1,27.15,3,27.25,4,2,2022-08-25 10:45:20
1661424337025769000,27.25,4,27.15,3,27.3,4,1,2022-08-25 10:45:37
1661424337025769000,27.3,6,27.15,3,27.3,4,1,2022-08-25 10:45:37
1661424348404402000,27.25,1,27.15,4,27.3,4,1,2022-08-25 10:45:48
1661424467757213000,27.3,2,27.25,1,27.3,29,1,2022-08-25 10:47:47
1661424502139848000,27.25,1,27.15,4,27.3,29,2,2022-08-25 10:48:22
1661424525113475000,27.3,1,27.15,5,27.3,29,1,2022-08-25 10:48:45
1661424567810384000,27.3,5,27.15,5,27.3,24,1,2022-08-25 10:49:27
1661424570990301000,27.3,1,27.15,5,27.3,23,1,2022-08-25 10:49:30
1661424612119888000,27.3,2,27.15,6,27.3,24,1,2022-08-25 10:50:12
1661424667886301000,27.3,7,27.2,10,27.3,18,1,2022-08-25 10:51:07
1661424667886355000,27.3,18,27.2,10,27.35,6,1,2022-08-25 10:51:07
1661424668021339000,27.35,1,27.25,5,27.35,6,1,2022-08-25 10:51:08
1661424676216082000,27.35,5,27.25,10,27.4,25,1,2022-08-25 10:51:16
1661424676321761000,27.4,25,27.35,5,27.5,30,1,2022-08-25 10:51:16
1661424691367969000,27.5,4,27.45,6,27.5,30,1,2022-08-25 10:51:31
1661424704694973000,27.5,15,27.45,7,27.5,11,1,2022-08-25 10:51:44
1661424704726282000,27.5,5,27.45,7,27.5,6,1,2022-08-25 10:51:44
1661424704757285000,27.5,3,27.45,7,27.5,3,1,2022-08-25 10:51:44
1661424708155136000,27.5,1,27.45,7,27.5,2,1,2022-08-25 10:51:48
1661424708184000000,27.5,2,27.45,7,27.55,3,1,2022-08-25 10:51:48
1661424708299216000,27.55,3,27.45,9,27.55,3,1,2022-08-25 10:51:48
1661424713348218000,27.6,1,27.55,9,27.6,5,1,2022-08-25 10:51:53
1661424718679130000,27.6,1,27.55,10,27.6,4,1,2022-08-25 10:51:58
1661424727759633000,27.6,1,27.55,10,27.6,3,1,2022-08-25 10:52:07
1661424731710298000,27.6,1,27.55,10,27.6,2,1,2022-08-25 10:52:11
1661424738484575000,27.6,1,27.55,10,27.6,2,1,2022-08-25 10:52:18
1661424739900449000,27.6,1,27.55,10,27.6,1,1,2022-08-25 10:52:19
1661424740407075000,27.6,1,27.6,1,27.65,10,1,2022-08-25 10:52:20
1661424744008382000,27.6,1,27.55,10,27.65,10,2,2022-08-25 10:52:24
1661424746491511000,27.6,1,27.55,10,27.65,10,2,2022-08-25 10:52:26
1661424747263486000,27.55,10,27.5,10,27.65,10,2,2022-08-25 10:52:27
1661424748355770000,27.6,4,27.5,10,27.65,6,1,2022-08-25 10:52:28
1661424748355770000,27.65,6,27.5,10,27.65,6,1,2022-08-25 10:52:28
1661424762847942000,27.6,1,27.5,10,27.65,4,1,2022-08-25 10:52:42
1661424763016977000,27.55,7,27.5,10,27.65,6,2,2022-08-25 10:52:43
1661424763047896000,27.5,10,27.4,2,27.65,4,2,2022-08-25 10:52:43
1661424803786841000,27.45,2,27.45,3,27.6,5,2,2022-08-25 10:53:23
1661424803898738000,27.45,3,27.25,4,27.6,5,2,2022-08-25 10:53:23
1661424813794531000,27.45,4,27.4,3,27.45,1,2,2022-08-25 10:53:33
1661424823471604000,27.45,1,27.4,3,27.6,4,1,2022-08-25 10:53:43
1661424825669711000,27.6,1,27.4,3,27.6,3,1,2022-08-25 10:53:45
1661424855666899000,27.6,2,27.5,4,27.6,1,1,2022-08-25 10:54:15
1661424857796481000,27.55,1,27.5,4,27.55,1,1,2022-08-25 10:54:17
1661424859424583000,27.55,1,27.5,4,27.55,2,1,2022-08-25 10:54:19
1661424892669669000,27.55,1,27.5,16,27.55,1,1,2022-08-25 10:54:52
1661424896215263000,27.55,2,27.5,17,27.55,1,1,2022-08-25 10:54:56
1661424902568333000,27.55,1,27.55,3,27.6,11,1,2022-08-25 10:55:02
1661424902665109000,27.55,2,27.55,1,27.6,11,2,2022-08-25 10:55:02
1661424909823461000,27.55,1,27.5,17,27.6,11,2,2022-08-25 10:55:09
1661424946775227000,27.6,1,27.55,1,27.6,12,1,2022-08-25 10:55:46
1661424966483278000,27.6,1,27.55,1,27.6,12,1,2022-08-25 10:56:06
1661424973706246000,27.6,1,27.55,1,27.6,11,1,2022-08-25 10:56:13
1661424977269352000,27.6,1,27.55,1,27.6,10,1,2022-08-25 10:56:17
1661424979272948000,27.6,5,27.55,1,27.6,5,1,2022-08-25 10:56:19
1661424979340927000,27.6,2,27.55,1,27.6,3,1,2022-08-25 10:56:19
1661424979826947000,27.6,3,27.55,1,27.7,3,1,2022-08-25 10:56:19
1661425010727512000,27.7,1,27.55,2,27.7,6,1,2022-08-25 10:56:50
1661425014693438000,27.7,4,27.55,2,27.7,2,1,2022-08-25 10:56:54
1661425016524883000,27.6,1,27.55,2,27.7,3,2,2022-08-25 10:56:56
1661425016639825000,27.65,3,27.65,3,27.7,3,2,2022-08-25 10:56:56
1661425022389687000,27.6,1,27.55,2,27.7,3,2,2022-08-25 10:57:02
1661425028527661000,27.6,1,27.5,20,27.7,3,2,2022-08-25 10:57:08
1661425032504773000,27.7,3,27.7,7,27.75,4,1,2022-08-25 10:57:12
1661425032532163000,27.7,7,27.5,10,27.75,4,2,2022-08-25 10:57:12
1661425037065660000,27.5,1,27.5,9,27.65,3,2,2022-08-25 10:57:17
1661425039678412000,27.65,1,27.5,10,27.65,2,1,2022-08-25 10:57:19
1661425047388639000,27.7,4,27.55,2,27.75,3,1,2022-08-25 10:57:27
1661425047388639000,27.75,1,27.55,2,27.75,3,1,2022-08-25 10:57:27
1661425047507774000,27.65,1,27.6,1,27.75,2,2,2022-08-25 10:57:27
1661425059210217000,27.65,5,27.55,3,27.75,4,2,2022-08-25 10:57:39
1661425079284389000,27.65,1,27.6,2,27.75,2,2,2022-08-25 10:57:59
1661425097321199000,27.6,1,27.6,3,27.75,2,2,2022-08-25 10:58:17
1661425099357453000,27.6,1,27.6,2,27.75,2,2,2022-08-25 10:58:19
1661425100704144000,27.6,1,27.6,2,27.75,2,2,2022-08-25 10:58:20
1661425110934637000,27.7,1,27.6,3,27.75,2,2,2022-08-25 10:58:30
1661425117114474000,27.75,1,27.7,10,27.75,1,1,2022-08-25 10:58:37
1661425119848856000,27.75,1,27.75,9,27.8,6,1,2022-08-25 10:58:39
1661425120673680000,27.75,1,27.75,8,27.8,8,2,2022-08-25 10:58:40
1661425122462473000,27.8,8,27.8,2,27.9,5,1,2022-08-25 10:58:42
1661425122603676000,27.85,1,27.8,2,27.9,7,2,2022-08-25 10:58:42
1661425135726359000,27.85,2,27.8,2,27.9,7,2,2022-08-25 10:58:55
1661425136743756000,27.85,1,27.8,2,27.85,2,1,2022-08-25 10:58:56
1661425137185046000,27.85,1,27.8,2,27.85,1,1,2022-08-25 10:58:57
1661425138085847000,27.85,1,27.8,2,27.9,7,2,2022-08-25 10:58:58
1661425141703428000,27.8,2,27.75,9,27.9,9,2,2022-08-25 10:59:01
1661425142105362000,27.85,1,27.75,9,27.85,1,1,2022-08-25 10:59:02
1661425143261007000,27.8,1,27.75,9,27.8,1,2,2022-08-25 10:59:03
1661425143885498000,27.8,1,27.75,9,27.9,9,1,2022-08-25 10:59:03
1661425152115578000,27.85,4,27.85,6,27.9,9,1,2022-08-25 10:59:12
1661425152141783000,27.85,6,27.75,9,27.9,9,2,2022-08-25 10:59:12
1661425156058023000,27.85,3,27.8,1,27.9,2,1,2022-08-25 10:59:16
1661425156058023000,27.9,7,27.8,1,27.9,2,1,2022-08-25 10:59:16
1661425156283656000,27.8,1,27.75,9,27.9,2,2,2022-08-25 10:59:16
1661425159170555000,27.8,1,27.8,5,27.9,4,2,2022-08-25 10:59:19
1661425174595216000,27.85,1,27.8,7,27.9,5,2,2022-08-25 10:59:34
1661425200117014000,27.9,4,27.9,6,27.95,9,1,2022-08-25 11:00:00
1661425200149311000,27.9,6,27.85,3,27.95,9,2,2022-08-25 11:00:00
1661425203420175000,27.85,1,27.85,2,27.95,11,2,2022-08-25 11:00:03
1661425203444624000,27.85,2,27.8,7,27.95,11,2,2022-08-25 11:00:03
1661425212565139000,27.85,5,27.85,5,27.9,3,2,2022-08-25 11:00:12
1661425218745251000,27.85,1,27.8,7,27.9,5,2,2022-08-25 11:00:18
1661425220866035000,27.8,1,27.8,6,27.85,10,2,2022-08-25 11:00:20
1661425220866118000,27.8,6,27.75,7,27.85,10,2,2022-08-25 11:00:20
1661425220962205000,27.75,7,27.7,7,27.8,2,2,2022-08-25 11:00:20
1661425220993314000,27.7,7,27.6,2,27.8,2,2,2022-08-25 11:00:20
1661425228608569000,27.7,3,27.65,3,27.85,5,1,2022-08-25 11:00:28
1661425228608569000,27.85,7,27.65,3,27.85,5,1,2022-08-25 11:00:28
1661425240214809000,27.85,1,27.65,5,27.85,7,1,2022-08-25 11:00:40
1661425259168418000,27.65,1,27.65,4,27.7,4,2,2022-08-25 11:00:59
1661425278755563000,27.7,1,27.65,13,27.7,13,1,2022-08-25 11:01:18
1661425283067407000,27.7,1,27.65,18,27.7,12,1,2022-08-25 11:01:23
1661425285891763000,27.7,1,27.65,18,27.7,11,1,2022-08-25 11:01:25
1661425290351288000,27.65,1,27.65,17,27.7,11,2,2022-08-25 11:01:30
1661425293914648000,27.7,2,27.65,17,27.7,9,1,2022-08-25 11:01:33
1661425298826265000,27.7,1,27.65,17,27.7,8,1,2022-08-25 11:01:38
1661425307890018000,27.7,2,27.65,28,27.7,6,1,2022-08-25 11:01:47
1661425309408962000,27.7,5,27.65,28,27.7,1,1,2022-08-25 11:01:49
1661425318612268000,27.7,2,27.7,1,27.8,10,1,2022-08-25 11:01:58
1661425320156358000,27.7,1,27.65,28,27.7,9,2,2022-08-25 11:02:00
1661425328239776000,27.7,1,27.65,28,27.7,13,1,2022-08-25 11:02:08
1661425342640046000,27.65,28,27.6,12,27.7,13,2,2022-08-25 11:02:22
1661425342650482000,27.6,1,27.6,12,27.7,13,2,2022-08-25 11:02:22
1661425348141172000,27.6,1,27.6,10,27.7,11,2,2022-08-25 11:02:28
1661425349554706000,27.6,3,27.6,7,27.7,11,2,2022-08-25 11:02:29
1661425361085729000,27.6,5,27.6,2,27.65,1,2,2022-08-25 11:02:41
1661425361111468000,27.6,2,27.55,12,27.65,1,2,2022-08-25 11:02:41
1661425364146042000,27.55,7,27.55,5,27.65,1,2,2022-08-25 11:02:44
1661425364170769000,27.55,5,27.5,9,27.65,1,2,2022-08-25 11:02:44
1661425378384330000,27.55,1,27.5,13,27.55,4,2,2022-08-25 11:02:58
1661425398465382000,27.55,1,27.5,18,27.55,3,1,2022-08-25 11:03:18
1661425403907955000,27.55,2,27.5,18,27.55,1,1,2022-08-25 11:03:23
1661425409908530000,27.55,1,27.5,19,27.65,6,1,2022-08-25 11:03:29
1661425430121645000,27.55,2,27.5,21,27.55,13,2,2022-08-25 11:03:50
1661425439468268000,27.5,4,27.5,17,27.55,13,2,2022-08-25 11:03:59
1661425445884472000,27.5,1,27.5,16,27.55,13,2,2022-08-25 11:04:05
1661425445907287000,27.5,1,27.5,15,27.55,13,2,2022-08-25 11:04:05
1661425456453551000,27.5,1,27.5,13,27.55,13,2,2022-08-25 11:04:16
1661425460978267000,27.5,4,27.5,9,27.55,13,2,2022-08-25 11:04:20
1661425461017243000,27.5,9,27.45,1,27.55,13,2,2022-08-25 11:04:21
1661425469650692000,27.45,1,27.4,4,27.45,12,2,2022-08-25 11:04:29
1661425471506638000,27.45,1,27.4,4,27.45,11,1,2022-08-25 11:04:31
1661425477517641000,27.4,4,27.35,2,27.4,7,2,2022-08-25 11:04:37
1661425477539400000,27.4,7,27.35,2,27.5,2,1,2022-08-25 11:04:37
1661425510342163000,27.45,1,27.45,2,27.5,1,2,2022-08-25 11:05:10
1661425574850933000,27.5,1,27.45,3,27.6,9,2,2022-08-25 11:06:14
1661425651693178000,27.6,2,27.5,5,27.6,8,1,2022-08-25 11:07:31
1661425659236992000,27.6,1,27.5,5,27.6,7,1,2022-08-25 11:07:39
1661425667541245000,27.6,1,27.5,5,27.6,6,1,2022-08-25 11:07:47
1661425673406962000,27.5,1,27.5,4,27.6,6,2,2022-08-25 11:07:53
1661425704611443000,27.6,3,27.55,2,27.6,3,1,2022-08-25 11:08:24
1661425704640512000,27.6,3,27.55,2,27.65,2,1,2022-08-25 11:08:24
1661425759562733000,27.65,1,27.6,6,27.65,1,1,2022-08-25 11:09:19
1661425759771432000,27.65,1,27.6,6,27.7,9,1,2022-08-25 11:09:19
1661425785089270000,27.65,1,27.6,5,27.7,9,1,2022-08-25 11:09:45
1661425825433199000,27.6,5,27.6,1,27.7,9,2,2022-08-25 11:10:25
1661425842440605000,27.6,1,27.6,1,27.7,9,2,2022-08-25 11:10:42
1661425842476322000,27.6,1,27.55,1,27.7,9,2,2022-08-25 11:10:42
1661425842577143000,27.6,1,27.55,1,27.7,9,2,2022-08-25 11:10:42
1661425882804178000,27.6,1,27.55,1,27.6,10,1,2022-08-25 11:11:22
1661425937917510000,27.6,11,27.55,1,27.7,9,1,2022-08-25 11:12:17
1661426050183341000,27.6,2,27.6,1,27.7,9,2,2022-08-25 11:14:10
1661426167661017000,27.6,2,27.6,3,27.7,11,2,2022-08-25 11:16:07
1661426219195988000,27.6,3,27.55,7,27.6,7,2,2022-08-25 11:16:59
1661426275390253000,27.6,1,27.55,8,27.6,6,1,2022-08-25 11:17:55
1661426382352170000,27.55,1,27.55,7,27.6,6,2,2022-08-25 11:19:42
1661426436171918000,27.55,1,27.55,6,27.6,6,2,2022-08-25 11:20:36
1661426483456040000,27.6,1,27.55,6,27.6,6,1,2022-08-25 11:21:23
1661426508659619000,27.6,1,27.55,7,27.6,5,1,2022-08-25 11:21:48
1661426510958062000,27.6,1,27.55,7,27.6,4,1,2022-08-25 11:21:50
1661426518414797000,27.6,1,27.55,7,27.6,3,1,2022-08-25 11:21:58
1661426524163553000,27.6,1,27.55,7,27.6,3,1,2022-08-25 11:22:04
1661426535577242000,27.55,2,27.55,5,27.6,5,2,2022-08-25 11:22:15
1661426669411987000,27.55,1,27.55,5,27.6,5,2,2022-08-25 11:24:29
1661426669434072000,27.55,5,27.5,18,27.6,5,2,2022-08-25 11:24:29
1661426698069932000,27.5,4,27.5,14,27.55,1,2,2022-08-25 11:24:58
1661426698101666000,27.5,14,27.45,2,27.55,1,2,2022-08-25 11:24:58
1661426713721935000,27.45,2,27.4,7,27.55,3,2,2022-08-25 11:25:13
1661426713836456000,27.45,1,27.45,1,27.55,3,2,2022-08-25 11:25:13
1661426723622719000,27.4,7,27.35,4,27.5,4,2,2022-08-25 11:25:23
1661426743850989000,27.4,1,27.35,3,27.45,1,2,2022-08-25 11:25:43
1661426743915633000,27.35,3,27.3,4,27.45,3,2,2022-08-25 11:25:43
1661426745654279000,27.3,1,27.3,12,27.45,1,2,2022-08-25 11:25:45
1661426748768860000,27.35,1,27.3,12,27.5,4,1,2022-08-25 11:25:48
1661426775044926000,27.35,1,27.3,5,27.4,10,1,2022-08-25 11:26:15
1661426793322814000,27.3,2,27.3,2,27.35,2,2,2022-08-25 11:26:33
1661426809944047000,27.35,11,27.3,2,27.35,1,1,2022-08-25 11:26:49
1661426809978254000,27.35,1,27.3,2,27.6,7,1,2022-08-25 11:26:49
1661426842253204000,27.4,1,27.4,12,27.6,7,2,2022-08-25 11:27:22
1661426861822514000,27.45,1,27.4,12,27.6,7,1,2022-08-25 11:27:41
1661427030390642000,27.4,1,27.4,10,27.5,9,2,2022-08-25 11:30:30
1661427061696461000,27.4,2,27.4,5,27.45,7,2,2022-08-25 11:31:01
1661427061716960000,27.4,5,27.35,3,27.45,7,2,2022-08-25 11:31:01
1661427067086426000,27.45,2,27.35,5,27.45,5,1,2022-08-25 11:31:07
1661427131684561000,27.4,4,27.35,4,27.45,5,2,2022-08-25 11:32:11
1661427131684561000,27.35,1,27.35,4,27.45,5,2,2022-08-25 11:32:11
1661427140614856000,27.45,1,27.35,4,27.45,4,1,2022-08-25 11:32:20
1661427141102857000,27.4,1,27.35,4,27.45,4,2,2022-08-25 11:32:21
1661427226930609000,27.35,1,27.35,11,27.45,4,2,2022-08-25 11:33:46
1661427239373587000,27.35,5,27.35,6,27.45,4,2,2022-08-25 11:33:59
1661427263841503000,27.35,2,27.35,5,27.45,4,2,2022-08-25 11:34:23
1661427269671461000,27.4,4,27.35,8,27.5,3,1,2022-08-25 11:34:29
1661427420179768000,27.45,1,27.4,1,27.5,14,1,2022-08-25 11:37:00
1661427420179768000,27.5,2,27.4,1,27.5,14,1,2022-08-25 11:37:00
1661427454378218000,27.45,3,27.4,7,27.5,14,2,2022-08-25 11:37:34
1661427471423945000,27.4,5,27.4,3,27.5,14,2,2022-08-25 11:37:51
1661427471457391000,27.4,3,27.35,10,27.5,14,2,2022-08-25 11:37:51
1661427522792865000,27.4,2,27.4,1,27.45,2,2,2022-08-25 11:38:42
1661427522829308000,27.4,1,27.35,10,27.45,2,2,2022-08-25 11:38:42
1661427646887369000,27.4,4,27.35,10,27.4,5,1,2022-08-25 11:40:46
1661427674978473000,27.4,5,27.4,5,27.45,2,1,2022-08-25 11:41:14
1661427711929726000,27.4,5,27.4,3,27.45,2,2,2022-08-25 11:41:51
1661427868789302000,27.4,1,27.4,5,27.45,2,2,2022-08-25 11:44:28
1661427906267294000,27.4,1,27.4,2,27.45,2,2,2022-08-25 11:45:06
1661427926959143000,27.4,2,27.35,4,27.45,3,2,2022-08-25 11:45:26
1661427926959143000,27.35,8,27.35,4,27.45,3,2,2022-08-25 11:45:26
1661427926987755000,27.35,4,27.3,8,27.45,3,2,2022-08-25 11:45:26
1661427964368691000,27.35,1,27.3,8,27.4,1,2,2022-08-25 11:46:04
1661427970223237000,27.3,1,27.3,9,27.4,12,2,2022-08-25 11:46:10
1661427970248315000,27.3,1,27.3,8,27.4,12,2,2022-08-25 11:46:10
1661427981168863000,27.3,6,27.25,4,27.4,21,2,2022-08-25 11:46:21
1661427999409093000,27.25,2,27.25,2,27.3,10,2,2022-08-25 11:46:39
1661427999437109000,27.25,2,27.2,7,27.3,10,2,2022-08-25 11:46:39
1661428010527729000,27.2,1,27.2,12,27.3,10,2,2022-08-25 11:46:50
1661428016887192000,27.2,2,27.2,12,27.3,10,2,2022-08-25 11:46:56
1661428021373172000,27.25,1,27.2,12,27.3,10,1,2022-08-25 11:47:01
1661428033911766000,27.25,1,27.25,1,27.3,10,2,2022-08-25 11:47:13
1661428061884115000,27.25,1,27.2,7,27.3,10,2,2022-08-25 11:47:41
1661428061910696000,27.3,2,27.2,7,27.3,8,1,2022-08-25 11:47:41
1661428071185479000,27.25,1,27.25,5,27.35,9,2,2022-08-25 11:47:51
1661428178238502000,27.3,5,27.25,7,27.35,10,1,2022-08-25 11:49:38
1661428189255329000,27.25,10,27.25,5,27.35,20,2,2022-08-25 11:49:49
1661428218948876000,27.25,5,27.2,11,27.25,5,2,2022-08-25 11:50:18
1661428218969170000,27.25,5,27.2,11,27.35,20,1,2022-08-25 11:50:18
1661428248215686000,27.35,14,27.25,6,27.35,6,1,2022-08-25 11:50:48
1661428248238272000,27.35,2,27.25,6,27.35,4,1,2022-08-25 11:50:48
1661428248238347000,27.35,4,27.25,6,27.45,4,1,2022-08-25 11:50:48
1661428249245008000,27.45,4,27.35,5,27.5,16,1,2022-08-25 11:50:49
1661428340217443000,27.45,1,27.4,8,27.5,16,1,2022-08-25 11:52:20
1661428457394831000,27.45,3,27.4,11,27.45,2,2,2022-08-25 11:54:17
1661428457427274000,27.45,2,27.4,11,27.5,16,1,2022-08-25 11:54:17
1661428508508220000,27.5,9,27.45,5,27.5,7,1,2022-08-25 11:55:08
1661428508546723000,27.5,7,27.45,5,27.55,12,1,2022-08-25 11:55:08
1661428511794408000,27.55,12,27.5,9,27.6,15,1,2022-08-25 11:55:11
1661428568738593000,27.6,10,27.5,11,27.6,6,1,2022-08-25 11:56:08
1661428568772679000,27.6,6,27.5,11,27.65,11,1,2022-08-25 11:56:08
1661428632803859000,27.6,2,27.6,13,27.65,13,1,2022-08-25 11:57:12
1661428634262570000,27.6,1,27.6,12,27.65,13,2,2022-08-25 11:57:14
1661428645009895000,27.6,1,27.6,14,27.65,12,2,2022-08-25 11:57:25
1661428676025120000,27.6,1,27.6,12,27.65,12,2,2022-08-25 11:57:56
1661428697936954000,27.65,5,27.6,18,27.65,7,1,2022-08-25 11:58:17
1661428720265378000,27.65,1,27.6,18,27.65,6,1,2022-08-25 11:58:40
1661428722412721000,27.65,3,27.6,18,27.65,3,1,2022-08-25 11:58:42
1661428723933676000,27.65,1,27.6,17,27.65,2,1,2022-08-25 11:58:43
1661428727134363000,27.65,1,27.6,17,27.65,1,1,2022-08-25 11:58:47
1661428742444067000,27.65,1,27.6,16,27.7,13,1,2022-08-25 11:59:02
1661428758322340000,27.7,1,27.65,2,27.7,12,1,2022-08-25 11:59:18
1661428774883242000,27.65,2,27.6,17,27.7,24,2,2022-08-25 11:59:34
1661428779232750000,27.6,1,27.6,16,27.7,23,2,2022-08-25 11:59:39
1661428791463459000,27.6,4,27.6,12,27.7,25,2,2022-08-25 11:59:51
1661428791463575000,27.6,12,27.5,7,27.7,25,2,2022-08-25 11:59:51
1661428798268084000,27.6,1,27.5,6,27.65,4,2,2022-08-25 11:59:58
1661428863590518000,27.6,7,27.6,3,27.65,23,1,2022-08-25 12:01:03
1661428863610389000,27.6,2,27.6,1,27.65,23,2,2022-08-25 12:01:03
1661428863610459000,27.6,1,27.5,7,27.65,23,2,2022-08-25 12:01:03
1661428881011523000,27.5,9,27.45,2,27.65,23,2,2022-08-25 12:01:21
1661428881011523000,27.45,1,27.45,2,27.65,23,2,2022-08-25 12:01:21
1661428959959353000,27.5,1,27.45,4,27.6,15,2,2022-08-25 12:02:39
1661428998760974000,27.5,4,27.45,4,27.55,2,2,2022-08-25 12:03:18
1661429070341589000,27.5,1,27.45,4,27.55,2,2,2022-08-25 12:04:30
1661429148383636000,27.5,1,27.45,4,27.5,1,2,2022-08-25 12:05:48
1661429207255046000,27.5,1,27.45,4,27.55,3,1,2022-08-25 12:06:47
1661429229946417000,27.55,1,27.5,3,27.55,2,1,2022-08-25 12:07:09
1661429262657015000,27.55,1,27.5,1,27.55,1,1,2022-08-25 12:07:42
1661429286684938000,27.5,1,27.5,1,27.55,11,2,2022-08-25 12:08:06
1661429315646183000,27.5,1,27.5,1,27.55,11,2,2022-08-25 12:08:35
1661429319351482000,27.55,1,27.5,1,27.55,10,1,2022-08-25 12:08:39
1661429342760523000,27.5,5,27.45,3,27.55,10,2,2022-08-25 12:09:02
1661429342760523000,27.45,5,27.45,3,27.55,10,2,2022-08-25 12:09:02
1661429373675652000,27.5,1,27.5,1,27.55,20,2,2022-08-25 12:09:33
1661429380221892000,27.5,1,27.45,4,27.5,1,2,2022-08-25 12:09:40
1661429408612433000,27.45,2,27.45,2,27.5,1,2,2022-08-25 12:10:08
1661429437925008000,27.45,2,27.4,16,27.45,1,2,2022-08-25 12:10:37
1661429437954751000,27.45,1,27.4,16,27.5,2,1,2022-08-25 12:10:37
1661429462372447000,27.45,1,27.45,3,27.5,2,2,2022-08-25 12:11:02
1661429502265939000,27.5,2,27.45,5,27.55,25,1,2022-08-25 12:11:42
1661429508931658000,27.55,9,27.45,9,27.55,16,1,2022-08-25 12:11:48
1661429508957942000,27.55,1,27.45,9,27.55,15,1,2022-08-25 12:11:48
1661429508957992000,27.55,15,27.45,9,27.6,12,1,2022-08-25 12:11:48
1661429509113422000,27.6,12,27.55,3,27.65,14,1,2022-08-25 12:11:49
1661429509310905000,27.65,4,27.6,4,27.65,10,1,2022-08-25 12:11:49
1661429509355848000,27.65,1,27.6,3,27.65,10,1,2022-08-25 12:11:49
1661429510982842000,27.65,1,27.6,3,27.65,8,1,2022-08-25 12:11:50
1661429541859452000,27.6,5,27.6,1,27.65,8,2,2022-08-25 12:12:21
1661429564301164000,27.6,2,27.55,3,27.65,8,2,2022-08-25 12:12:44
1661429576412469000,27.6,1,27.55,3,27.6,1,1,2022-08-25 12:12:56
1661429600212444000,27.6,1,27.55,3,27.65,7,1,2022-08-25 12:13:20
1661429600212444000,27.65,1,27.55,3,27.65,7,1,2022-08-25 12:13:20
1661429649124771000,27.6,1,27.6,1,27.65,8,2,2022-08-25 12:14:09
1661429821536766000,27.6,1,27.55,1,27.6,1,1,2022-08-25 12:17:01
1661429839951620000,27.6,1,27.55,1,27.6,1,1,2022-08-25 12:17:19
1661429899128061000,27.6,1,27.6,1,27.65,10,1,2022-08-25 12:18:19
1661429932306335000,27.6,1,27.55,1,27.65,10,2,2022-08-25 12:18:52
1661430001885340000,27.65,2,27.55,1,27.65,8,1,2022-08-25 12:20:01
1661430030802828000,27.65,4,27.55,1,27.65,9,1,2022-08-25 12:20:30
1661430056459742000,27.6,1,27.55,1,27.7,17,1,2022-08-25 12:20:56
1661430056459742000,27.65,9,27.55,1,27.7,17,1,2022-08-25 12:20:56
1661430130499486000,27.65,2,27.6,3,27.7,17,2,2022-08-25 12:22:10
1661430130527093000,27.6,3,27.55,1,27.7,17,2,2022-08-25 12:22:10
1661430153654479000,27.6,1,27.6,1,27.7,17,2,2022-08-25 12:22:33
1661430287134805000,27.65,1,27.55,1,27.65,15,1,2022-08-25 12:24:47
1661430355000834000,27.65,9,27.55,3,27.65,6,1,2022-08-25 12:25:55
1661430355024009000,27.65,6,27.55,3,27.7,22,1,2022-08-25 12:25:55
1661430364976582000,27.65,1,27.6,1,27.7,21,2,2022-08-25 12:26:04
1661430397077741000,27.65,1,27.6,4,27.7,21,2,2022-08-25 12:26:37
1661430459419559000,27.65,3,27.6,4,27.7,16,1,2022-08-25 12:27:39
1661430536792269000,27.6,1,27.55,2,27.6,2,2,2022-08-25 12:28:56
1661430537282660000,27.55,3,27.5,4,27.6,2,2,2022-08-25 12:28:57
1661430581248744000,27.6,3,27.55,9,27.65,5,1,2022-08-25 12:29:41
1661430581861022000,27.65,1,27.6,1,27.65,4,1,2022-08-25 12:29:41
1661430609501816000,27.6,1,27.5,5,27.65,4,2,2022-08-25 12:30:09
1661430825765897000,27.65,1,27.5,24,27.65,4,1,2022-08-25 12:33:45
1661430842517268000,27.6,5,27.5,4,27.65,14,2,2022-08-25 12:34:02
1661430848016671000,27.65,13,27.5,17,27.65,1,1,2022-08-25 12:34:08
1661430848045896000,27.65,1,27.5,17,27.7,18,1,2022-08-25 12:34:08
1661430882540874000,27.65,2,27.6,2,27.7,18,2,2022-08-25 12:34:42
1661430906508973000,27.65,1,27.6,2,27.7,18,2,2022-08-25 12:35:06
1661430906539974000,27.6,2,27.55,3,27.7,18,2,2022-08-25 12:35:06
1661430933191560000,27.6,3,27.5,4,27.7,18,2,2022-08-25 12:35:33
1661430933191560000,27.55,2,27.5,4,27.7,18,2,2022-08-25 12:35:33
1661430951293068000,27.5,1,27.5,19,27.7,18,2,2022-08-25 12:35:51
1661431079373702000,27.55,1,27.5,3,27.65,12,2,2022-08-25 12:37:59
1661431085084039000,27.5,2,27.5,9,27.65,12,2,2022-08-25 12:38:05
1661431145288284000,27.5,3,27.5,3,27.55,1,2,2022-08-25 12:39:05
1661431149872944000,27.5,3,27.45,6,27.5,2,2,2022-08-25 12:39:09
1661431158216283000,27.5,1,27.45,6,27.5,1,1,2022-08-25 12:39:18
1661431169222336000,27.5,1,27.45,7,27.55,1,1,2022-08-25 12:39:29
1661431194283429000,27.5,1,27.45,6,27.6,1,2,2022-08-25 12:39:54
1661431249223181000,27.45,6,27.4,12,27.5,52,2,2022-08-25 12:40:49
1661431253422597000,27.4,1,27.4,11,27.5,102,2,2022-08-25 12:40:53
1661431265208567000,27.4,11,27.35,2,27.5,102,2,2022-08-25 12:41:05
1661431265236126000,27.35,2,27.3,2,27.5,102,2,2022-08-25 12:41:05
1661431295789745000,27.35,1,27.35,3,27.5,103,2,2022-08-25 12:41:35
1661431297071846000,27.35,3,27.3,2,27.35,7,2,2022-08-25 12:41:37
1661431309427872000,27.3,2,27.25,5,27.3,5,2,2022-08-25 12:41:49
1661431309497800000,27.3,1,27.25,5,27.3,4,1,2022-08-25 12:41:49
1661431322887529000,27.25,4,27.25,1,27.35,3,2,2022-08-25 12:42:02
1661431353746814000,27.3,1,27.25,2,27.35,3,2,2022-08-25 12:42:33
1661431357706817000,27.3,1,27.3,1,27.45,1,1,2022-08-25 12:42:37
1661431488845720000,27.3,3,27.3,2,27.35,1,2,2022-08-25 12:44:48
1661431491740538000,27.3,2,27.2,50,27.25,8,2,2022-08-25 12:44:51
1661431491740538000,27.25,10,27.2,50,27.25,8,2,2022-08-25 12:44:51
1661431491761635000,27.25,7,27.2,50,27.25,1,1,2022-08-25 12:44:51
1661431491782451000,27.25,1,27.2,50,27.35,1,1,2022-08-25 12:44:51
1661431516440638000,27.35,1,27.3,4,27.4,1,1,2022-08-25 12:45:16
1661431532746061000,27.35,1,27.35,1,27.4,1,2,2022-08-25 12:45:32
1661431546710407000,27.4,1,27.35,1,27.45,4,1,2022-08-25 12:45:46
1661431602818758000,27.35,3,27.25,6,27.3,44,2,2022-08-25 12:46:42
1661431602818758000,27.3,3,27.25,6,27.3,44,2,2022-08-25 12:46:42
1661431604536174000,27.3,1,27.25,6,27.3,43,1,2022-08-25 12:46:44
1661431665330073000,27.25,1,27.25,10,27.3,93,2,2022-08-25 12:47:45
1661431711220604000,27.25,1,27.25,8,27.3,94,2,2022-08-25 12:48:31
1661431777367972000,27.25,5,27.2,51,27.25,38,2,2022-08-25 12:49:37
1661431801209150000,27.25,4,27.2,57,27.25,84,1,2022-08-25 12:50:01
1661431806900769000,27.2,34,27.2,23,27.25,50,2,2022-08-25 12:50:06
1661431811943955000,27.2,1,27.2,22,27.25,50,2,2022-08-25 12:50:11
1661431812320441000,27.2,22,27.15,7,27.2,28,2,2022-08-25 12:50:12
1661431815038528000,27.2,24,27.15,9,27.2,4,1,2022-08-25 12:50:15
1661431815059961000,27.2,4,27.15,9,27.3,1,1,2022-08-25 12:50:15
1661431825389081000,27.3,1,27.2,9,27.5,1,1,2022-08-25 12:50:25
1661432032297435000,27.3,3,27.3,10,27.4,2,2,2022-08-25 12:53:52
1661432078988482000,27.3,1,27.3,14,27.4,2,2,2022-08-25 12:54:38
1661432085388831000,27.3,1,27.3,13,27.4,2,2,2022-08-25 12:54:45
1661432108375747000,27.4,1,27.3,13,27.4,1,1,2022-08-25 12:55:08
1661432149171666000,27.3,1,27.3,12,27.4,1,2,2022-08-25 12:55:49
1661432233376659000,27.4,1,27.35,5,27.5,1,1,2022-08-25 12:57:13
1661432247663465000,27.35,3,27.35,7,27.5,1,2,2022-08-25 12:57:27
1661432369493137000,27.35,7,27.3,3,27.35,43,2,2022-08-25 12:59:29
1661432411651526000,27.35,2,27.3,4,27.35,41,1,2022-08-25 13:00:11
1661432465924934000,27.35,1,27.3,4,27.35,40,1,2022-08-25 13:01:05
1661432480815669000,27.3,1,27.3,4,27.35,40,2,2022-08-25 13:01:20
1661432492408111000,27.3,1,27.3,3,27.35,40,2,2022-08-25 13:01:32
1661432548736364000,27.3,1,27.3,3,27.35,40,2,2022-08-25 13:02:28
1661432575051795000,27.3,1,27.3,2,27.35,40,2,2022-08-25 13:02:55
1661432630985964000,27.3,1,27.3,1,27.35,40,2,2022-08-25 13:03:50
1661432631023344000,27.3,1,27.25,2,27.35,40,2,2022-08-25 13:03:51
1661432735305950000,27.3,1,27.25,3,27.35,40,1,2022-08-25 13:05:35
1661432792785273000,27.25,4,27.25,4,27.35,40,2,2022-08-25 13:06:32
1661432803242106000,27.25,1,27.25,3,27.35,40,2,2022-08-25 13:06:43
1661432963895544000,27.25,4,27.2,7,27.25,1,2,2022-08-25 13:09:23
1661433050551692000,27.25,1,27.2,7,27.3,2,1,2022-08-25 13:10:50
1661433260398012000,27.25,1,27.25,1,27.3,2,2,2022-08-25 13:14:20
1661433350163684000,27.25,1,27.2,6,27.3,2,2,2022-08-25 13:15:50
1661433378435313000,27.3,2,27.2,7,27.35,42,1,2022-08-25 13:16:18
1661433414788394000,27.3,1,27.3,1,27.35,42,2,2022-08-25 13:16:54
1661433501305718000,27.35,1,27.3,9,27.35,41,1,2022-08-25 13:18:21
1661433513191135000,27.3,1,27.3,8,27.35,41,2,2022-08-25 13:18:33
1661433543467841000,27.3,1,27.3,23,27.35,41,2,2022-08-25 13:19:03
1661433553171853000,27.35,2,27.3,22,27.35,39,1,2022-08-25 13:19:13
1661433564588822000,27.35,10,27.3,22,27.35,29,1,2022-08-25 13:19:24
1661433564700471000,27.35,1,27.3,22,27.35,28,1,2022-08-25 13:19:24
1661433570876492000,27.35,1,27.3,21,27.35,28,1,2022-08-25 13:19:30
1661433626038834000,27.35,1,27.3,19,27.35,27,1,2022-08-25 13:20:26
1661433636158168000,27.3,1,27.3,19,27.35,28,2,2022-08-25 13:20:36
1661433677988706000,27.3,3,27.3,16,27.35,28,2,2022-08-25 13:21:17
1661433685315737000,27.3,1,27.3,15,27.35,27,2,2022-08-25 13:21:25
1661433691102663000,27.3,1,27.3,14,27.35,27,2,2022-08-25 13:21:31
1661433700605356000,27.3,1,27.3,13,27.35,27,2,2022-08-25 13:21:40
1661433717411580000,27.3,2,27.3,12,27.35,27,2,2022-08-25 13:21:57
1661433753269737000,27.3,14,27.25,2,27.3,6,2,2022-08-25 13:22:33
1661433766846540000,27.3,1,27.25,2,27.3,5,1,2022-08-25 13:22:46
1661433787818582000,27.25,2,27.2,3,27.3,10,2,2022-08-25 13:23:07
1661433789883724000,27.2,3,27.15,6,27.3,10,2,2022-08-25 13:23:09
1661433789883724000,27.15,1,27.15,6,27.3,10,2,2022-08-25 13:23:09
1661433790001285000,27.2,1,27.2,1,27.3,10,2,2022-08-25 13:23:10
1661433809640072000,27.25,1,27.2,5,27.3,9,1,2022-08-25 13:23:29
1661433809640072000,27.3,1,27.2,5,27.3,9,1,2022-08-25 13:23:29
1661433851728940000,27.3,1,27.25,4,27.3,12,1,2022-08-25 13:24:11
1661433854411602000,27.25,4,27.2,4,27.3,12,2,2022-08-25 13:24:14
1661433854884111000,27.3,7,27.2,4,27.3,5,1,2022-08-25 13:24:14
1661433854912128000,27.3,5,27.2,4,27.35,26,1,2022-08-25 13:24:14
1661433894584246000,27.3,1,27.25,5,27.35,27,1,2022-08-25 13:24:54
1661434200000000000,27.05,121,27.05,9,27.25,2,2,2022-08-25 13:30:00
