ts,close,volume,bid_price,bid_volume,ask_price,ask_volume,tick_type,datetime
1661418139597726000,55.1,704,55.1,11,55.2,28,1,2022-08-25 09:02:19
1661418139631008000,55.2,9,55.1,11,55.2,19,1,2022-08-25 09:02:19
1661418139634017000,55.1,4,55.1,7,55.2,19,2,2022-08-25 09:02:19
1661418139634037000,55.1,4,55.1,3,55.2,19,2,2022-08-25 09:02:19
1661418139634349000,55.1,3,55.0,83,55.1,1,2,2022-08-25 09:02:19
1661418139661797000,55.0,5,55.0,78,55.1,1,2,2022-08-25 09:02:19
1661418139663410000,55.1,1,55.0,78,55.2,1,1,2022-08-25 09:02:19
1661418139663410000,55.2,18,55.0,78,55.2,1,1,2022-08-25 09:02:19
1661418139673739000,55.1,1,55.0,78,55.2,5,1,2022-08-25 09:02:19
1661418139691536000,55.0,5,55.0,73,55.1,1,2,2022-08-25 09:02:19
1661418139695694000,55.1,1,55.0,73,55.2,5,1,2022-08-25 09:02:19
1661418139695714000,55.0,3,55.0,70,55.2,5,2,2022-08-25 09:02:19
1661418139696322000,55.0,10,55.0,60,55.2,5,2,2022-08-25 09:02:19
1661418139705425000,55.0,2,55.0,58,55.2,5,2,2022-08-25 09:02:19
1661418139715562000,55.1,1,55.0,58,55.2,5,1,2022-08-25 09:02:19
1661418139718590000,55.2,1,55.0,58,55.2,4,1,2022-08-25 09:02:19
1661418139769044000,55.1,1,55.0,58,55.2,4,1,2022-08-25 09:02:19
1661418139902635000,55.2,1,55.0,58,55.1,1,1,2022-08-25 09:02:19
1661418139932719000,55.2,3,55.0,58,55.3,18,1,2022-08-25 09:02:19
1661418140285580000,55.0,2,55.0,58,55.3,18,2,2022-08-25 09:02:20
1661418140416711000,55.0,5,55.0,51,55.3,18,2,2022-08-25 09:02:20
1661418140877673000,55.0,9,55.0,42,55.3,18,2,2022-08-25 09:02:20
1661418140879961000,55.0,5,55.0,37,55.3,18,2,2022-08-25 09:02:20
1661418140887333000,55.0,37,54.9,66,55.3,18,2,2022-08-25 09:02:20
1661418140887333000,54.9,35,54.9,66,55.3,18,2,2022-08-25 09:02:20
1661418140973449000,55.1,1,55.1,1,55.2,1,2,2022-08-25 09:02:20
1661418140976878000,55.1,1,54.9,66,55.2,1,2,2022-08-25 09:02:20
1661418141873726000,55.0,1,54.9,66,55.0,9,1,2022-08-25 09:02:21
1661418141873933000,54.9,17,54.9,66,55.0,10,2,2022-08-25 09:02:21
1661418141939057000,55.0,1,54.9,49,55.0,8,1,2022-08-25 09:02:21
1661418141942549000,54.9,4,54.9,45,55.0,8,2,2022-08-25 09:02:21
1661418141959825000,54.9,6,54.9,39,55.0,8,2,2022-08-25 09:02:21
1661418142132119000,55.0,1,54.9,39,55.0,7,1,2022-08-25 09:02:22
1661418142171065000,55.0,2,54.9,64,55.0,5,1,2022-08-25 09:02:22
1661418142281515000,54.9,1,54.9,63,55.0,5,2,2022-08-25 09:02:22
1661418142933548000,54.9,15,54.9,48,55.0,8,2,2022-08-25 09:02:22
1661418143097061000,54.9,3,54.9,45,55.0,11,2,2022-08-25 09:02:23
1661418143648706000,55.0,1,54.9,45,55.0,8,1,2022-08-25 09:02:23
1661418143651214000,55.0,3,54.9,45,55.0,5,1,2022-08-25 09:02:23
1661418143666661000,54.9,6,54.9,39,55.0,5,2,2022-08-25 09:02:23
1661418143840499000,54.9,5,54.9,39,55.0,10,2,2022-08-25 09:02:23
1661418143914363000,54.9,5,54.9,29,55.0,10,2,2022-08-25 09:02:23
1661418144213306000,54.9,2,54.9,27,55.0,10,2,2022-08-25 09:02:24
1661418144380577000,54.9,10,54.9,17,55.0,10,2,2022-08-25 09:02:24
1661418144392875000,55.0,3,54.9,17,55.0,7,1,2022-08-25 09:02:24
1661418144900533000,54.9,2,54.9,15,55.0,8,2,2022-08-25 09:02:24
1661418144931354000,55.0,3,54.9,15,55.0,5,1,2022-08-25 09:02:24
1661418144991106000,54.9,8,54.9,7,55.0,5,2,2022-08-25 09:02:24
1661418145001004000,55.0,5,54.9,7,55.1,1,1,2022-08-25 09:02:25
1661418146681445000,55.1,1,55.0,3,55.1,1,1,2022-08-25 09:02:26
1661418147118235000,55.1,5,55.0,4,55.1,1,1,2022-08-25 09:02:27
1661418147543930000,55.1,1,55.0,5,55.1,1,1,2022-08-25 09:02:27
1661418147568040000,55.1,1,55.0,5,55.2,2,1,2022-08-25 09:02:27
1661418147575002000,55.0,5,54.8,19,55.2,2,2,2022-08-25 09:02:27
1661418147575002000,54.9,3,54.8,19,55.2,2,2,2022-08-25 09:02:27
1661418147575002000,54.8,2,54.8,19,55.2,2,2,2022-08-25 09:02:27
1661418148234592000,55.2,1,55.0,4,55.2,1,1,2022-08-25 09:02:28
1661418148861987000,55.1,1,55.0,4,55.2,6,2,2022-08-25 09:02:28
1661418149249595000,55.0,1,55.0,9,55.2,7,2,2022-08-25 09:02:29
1661418149251410000,55.2,1,55.0,9,55.2,6,1,2022-08-25 09:02:29
1661418149986116000,55.1,1,55.0,9,55.2,6,2,2022-08-25 09:02:29
1661418150027963000,55.2,1,55.0,9,55.2,5,1,2022-08-25 09:02:30
1661418150120956000,55.0,1,55.0,8,55.2,5,2,2022-08-25 09:02:30
1661418150267339000,55.0,3,55.0,5,55.2,5,2,2022-08-25 09:02:30
1661418150706401000,55.0,2,55.0,3,55.2,5,2,2022-08-25 09:02:30
1661418150708987000,55.2,4,55.0,5,55.2,5,1,2022-08-25 09:02:30
1661418150949562000,55.0,1,55.0,2,55.2,1,2,2022-08-25 09:02:30
1661418150995331000,55.2,1,55.0,2,55.3,17,1,2022-08-25 09:02:30
1661418150998206000,55.0,1,55.0,1,55.3,17,2,2022-08-25 09:02:30
1661418151066531000,55.0,1,54.9,5,55.2,1,2,2022-08-25 09:02:31
1661418151066531000,54.9,4,54.9,5,55.2,1,2,2022-08-25 09:02:31
1661418151074857000,55.2,1,54.9,5,55.3,17,1,2022-08-25 09:02:31
1661418151734686000,55.1,1,55.0,5,55.2,2,1,2022-08-25 09:02:31
1661418152253763000,55.1,1,55.1,19,55.2,4,1,2022-08-25 09:02:32
1661418152269175000,55.2,4,55.2,6,55.3,17,1,2022-08-25 09:02:32
1661418152393568000,55.3,2,55.2,6,55.3,17,1,2022-08-25 09:02:32
1661418152548031000,55.3,2,55.2,6,55.3,18,1,2022-08-25 09:02:32
1661418153105591000,55.2,3,55.2,4,55.3,18,2,2022-08-25 09:02:33
1661418153315957000,55.2,4,55.0,5,55.1,15,2,2022-08-25 09:02:33
1661418153315957000,55.1,19,55.0,5,55.1,15,2,2022-08-25 09:02:33
1661418153512841000,55.1,2,55.0,5,55.1,14,1,2022-08-25 09:02:33
1661418153550210000,55.1,1,55.0,5,55.1,13,1,2022-08-25 09:02:33
1661418153585730000,55.1,1,55.0,5,55.1,12,1,2022-08-25 09:02:33
1661418154243125000,55.1,1,55.0,7,55.1,11,1,2022-08-25 09:02:34
1661418154306136000,55.1,2,55.0,8,55.1,9,1,2022-08-25 09:02:34
1661418154338382000,55.1,6,55.0,8,55.1,3,1,2022-08-25 09:02:34
1661418154372597000,55.1,3,55.0,8,55.2,1,1,2022-08-25 09:02:34
1661418154755245000,55.0,5,55.0,3,55.2,5,2,2022-08-25 09:02:34
1661418154765779000,55.2,1,55.0,8,55.2,5,1,2022-08-25 09:02:34
1661418155225959000,55.2,1,55.0,4,55.2,3,1,2022-08-25 09:02:35
1661418155400007000,55.2,1,55.0,4,55.2,3,1,2022-08-25 09:02:35
1661418155483097000,55.2,1,55.0,4,55.2,1,1,2022-08-25 09:02:35
1661418156075204000,55.1,1,55.0,6,55.2,2,2,2022-08-25 09:02:36
1661418156681342000,55.2,1,55.1,2,55.2,1,1,2022-08-25 09:02:36
1661418156727459000,55.2,1,55.1,2,55.3,21,1,2022-08-25 09:02:36
1661418157256190000,55.2,3,55.1,2,55.3,20,1,2022-08-25 09:02:37
1661418157256190000,55.3,7,55.1,2,55.3,20,1,2022-08-25 09:02:37
1661418157368391000,55.3,1,55.1,2,55.3,20,1,2022-08-25 09:02:37
1661418158136748000,55.2,1,55.2,8,55.3,19,2,2022-08-25 09:02:38
1661418158397764000,55.2,1,55.2,9,55.3,19,2,2022-08-25 09:02:38
1661418158775825000,55.2,5,55.2,5,55.3,19,2,2022-08-25 09:02:38
1661418159012083000,55.2,5,55.2,40,55.3,19,2,2022-08-25 09:02:39
1661418159084477000,55.3,19,55.2,78,55.4,2,1,2022-08-25 09:02:39
1661418159104789000,55.4,2,55.2,78,55.5,9,1,2022-08-25 09:02:39
1661418159104789000,55.5,8,55.2,78,55.5,9,1,2022-08-25 09:02:39
1661418159342592000,55.5,2,55.3,6,55.5,9,1,2022-08-25 09:02:39
1661418159875655000,55.5,7,55.3,6,55.5,7,1,2022-08-25 09:02:39
1661418159875655000,55.6,3,55.3,6,55.5,7,1,2022-08-25 09:02:39
1661418160372375000,55.5,4,55.5,6,55.6,7,2,2022-08-25 09:02:40
1661418160421220000,55.6,3,55.5,2,55.6,4,1,2022-08-25 09:02:40
1661418160589052000,55.5,1,55.5,1,55.6,4,2,2022-08-25 09:02:40
1661418160890225000,55.6,3,55.5,3,55.6,4,1,2022-08-25 09:02:40
1661418160959750000,55.6,1,55.5,3,55.7,16,1,2022-08-25 09:02:40
1661418160959750000,55.7,4,55.5,3,55.7,16,1,2022-08-25 09:02:40
1661418161356541000,55.7,1,55.5,5,55.7,16,1,2022-08-25 09:02:41
1661418161546007000,55.5,5,55.4,7,55.7,15,2,2022-08-25 09:02:41
1661418161546007000,55.4,2,55.4,7,55.7,15,2,2022-08-25 09:02:41
1661418161586099000,55.4,2,55.4,5,55.7,15,2,2022-08-25 09:02:41
1661418161752151000,55.5,2,55.3,16,55.4,31,2,2022-08-25 09:02:41
1661418161752151000,55.4,5,55.3,16,55.4,31,2,2022-08-25 09:02:41
1661418161773453000,55.4,9,55.3,16,55.4,22,1,2022-08-25 09:02:41
1661418161773509000,55.4,2,55.3,16,55.4,20,1,2022-08-25 09:02:41
1661418161793535000,55.4,11,55.3,16,55.4,9,1,2022-08-25 09:02:41
1661418161793579000,55.4,9,55.3,16,55.7,20,1,2022-08-25 09:02:41
1661418161930655000,55.6,1,55.4,8,55.6,5,1,2022-08-25 09:02:41
1661418162225431000,55.6,2,55.3,10,55.7,20,2,2022-08-25 09:02:42
1661418162303453000,55.5,1,55.3,10,55.7,20,2,2022-08-25 09:02:42
1661418162592008000,55.6,1,55.5,1,55.6,1,1,2022-08-25 09:02:42
1661418162623745000,55.6,5,55.5,1,55.6,3,1,2022-08-25 09:02:42
1661418163025108000,55.5,1,55.3,10,55.6,18,2,2022-08-25 09:02:43
1661418163132541000,55.6,1,55.3,8,55.6,17,1,2022-08-25 09:02:43
1661418163179436000,55.5,1,55.3,8,55.6,17,2,2022-08-25 09:02:43
1661418163218589000,55.6,1,55.3,8,55.6,17,1,2022-08-25 09:02:43
1661418163278753000,55.6,10,55.3,8,55.6,18,1,2022-08-25 09:02:43
1661418163620236000,55.3,8,55.2,48,55.6,7,2,2022-08-25 09:02:43
1661418163620236000,55.2,42,55.2,48,55.6,7,2,2022-08-25 09:02:43
1661418163808660000,55.5,2,55.2,48,55.5,5,1,2022-08-25 09:02:43
1661418164158940000,55.5,1,55.2,48,55.5,2,1,2022-08-25 09:02:44
1661418164408467000,55.5,2,55.2,48,55.5,5,1,2022-08-25 09:02:44
1661418164423546000,55.5,1,55.2,48,55.5,2,1,2022-08-25 09:02:44
1661418164461540000,55.5,2,55.2,48,55.6,14,1,2022-08-25 09:02:44
1661418164461540000,55.6,3,55.2,48,55.6,14,1,2022-08-25 09:02:44
1661418164614712000,55.5,3,55.5,3,55.6,14,1,2022-08-25 09:02:44
1661418164616323000,55.6,1,55.5,3,55.6,13,1,2022-08-25 09:02:44
1661418164640746000,55.5,3,55.2,49,55.6,13,2,2022-08-25 09:02:44
1661418164714054000,55.5,1,55.3,8,55.6,13,2,2022-08-25 09:02:44
1661418164787936000,55.6,1,55.3,8,55.6,13,1,2022-08-25 09:02:44
1661418165002759000,55.6,1,55.3,8,55.6,11,1,2022-08-25 09:02:45
1661418165331002000,55.5,2,55.2,49,55.5,5,1,2022-08-25 09:02:45
1661418165516764000,55.5,1,55.2,49,55.5,3,1,2022-08-25 09:02:45
1661418166073388000,55.5,1,55.3,4,55.5,2,1,2022-08-25 09:02:46
1661418166199652000,55.4,4,55.3,6,55.5,2,2,2022-08-25 09:02:46
1661418166552579000,55.5,1,55.3,6,55.5,1,1,2022-08-25 09:02:46
1661418166576988000,55.5,1,55.3,6,55.6,17,1,2022-08-25 09:02:46
1661418166604642000,55.3,6,55.1,14,55.2,7,2,2022-08-25 09:02:46
1661418166604642000,55.2,25,55.1,14,55.2,7,2,2022-08-25 09:02:46
1661418166608431000,55.2,7,55.3,1,55.6,17,1,2022-08-25 09:02:46
1661418166642012000,55.2,1,55.1,14,55.5,7,2,2022-08-25 09:02:46
1661418166652168000,55.5,3,55.1,14,55.5,4,1,2022-08-25 09:02:46
1661418166693750000,55.4,1,55.1,14,55.4,2,1,2022-08-25 09:02:46
1661418167038365000,55.1,1,55.1,13,55.4,1,2,2022-08-25 09:02:47
1661418167423935000,55.2,2,55.1,13,55.4,3,2,2022-08-25 09:02:47
1661418167439772000,55.4,1,55.1,13,55.4,2,1,2022-08-25 09:02:47
1661418167672396000,55.2,1,55.1,9,55.4,8,2,2022-08-25 09:02:47
1661418167672396000,55.1,4,55.1,9,55.4,8,2,2022-08-25 09:02:47
1661418167842535000,55.3,1,55.1,9,55.3,1,1,2022-08-25 09:02:47
1661418167911009000,55.4,1,55.1,9,55.4,11,1,2022-08-25 09:02:47
1661418168087284000,55.1,9,55.0,19,55.1,29,2,2022-08-25 09:02:48
1661418168133396000,55.0,19,54.9,22,55.1,29,2,2022-08-25 09:02:48
1661418168359301000,55.1,2,54.9,22,55.1,29,1,2022-08-25 09:02:48
1661418168534163000,54.9,5,54.9,17,55.1,27,2,2022-08-25 09:02:48
1661418168650854000,55.1,1,54.9,17,55.1,26,1,2022-08-25 09:02:48
1661418168691053000,55.1,1,54.9,17,55.1,25,1,2022-08-25 09:02:48
1661418168759195000,55.1,1,54.9,17,55.1,24,1,2022-08-25 09:02:48
1661418168901452000,54.9,1,54.9,16,55.1,24,2,2022-08-25 09:02:48
1661418168966309000,54.9,11,54.8,21,55.1,24,2,2022-08-25 09:02:48
1661418169008196000,54.8,5,54.8,16,55.1,24,2,2022-08-25 09:02:49
1661418169035452000,54.8,4,54.8,12,55.1,24,2,2022-08-25 09:02:49
1661418169072037000,55.0,1,54.8,12,55.0,1,1,2022-08-25 09:02:49
1661418169287646000,54.8,8,54.8,4,54.9,4,2,2022-08-25 09:02:49
1661418169287881000,54.9,4,54.8,4,55.0,5,1,2022-08-25 09:02:49
1661418169372974000,54.8,2,54.8,4,54.9,1,2,2022-08-25 09:02:49
1661418169524732000,54.9,1,54.8,2,54.9,5,1,2022-08-25 09:02:49
1661418169634302000,54.8,2,54.7,16,54.9,5,2,2022-08-25 09:02:49
1661418169634302000,54.7,3,54.7,16,54.9,5,2,2022-08-25 09:02:49
1661418169681461000,54.7,1,54.7,15,54.8,1,2,2022-08-25 09:02:49
1661418169694555000,54.8,1,54.7,15,54.9,5,1,2022-08-25 09:02:49
1661418169914725000,54.8,5,54.7,15,54.8,6,1,2022-08-25 09:02:49
1661418169939599000,54.8,1,54.7,15,54.8,5,1,2022-08-25 09:02:49
1661418169979034000,54.8,1,54.7,15,54.8,4,1,2022-08-25 09:02:49
1661418170020674000,54.7,10,54.7,5,54.8,4,2,2022-08-25 09:02:50
1661418170050406000,54.7,1,54.7,4,54.8,4,2,2022-08-25 09:02:50
1661418170079977000,54.7,1,54.7,3,54.8,4,2,2022-08-25 09:02:50
1661418170164743000,54.8,4,54.7,3,54.9,4,1,2022-08-25 09:02:50
1661418170164743000,54.9,1,54.7,3,54.9,4,1,2022-08-25 09:02:50
1661418170282412000,54.7,3,54.6,38,54.9,4,2,2022-08-25 09:02:50
1661418170282412000,54.6,2,54.6,38,54.9,4,2,2022-08-25 09:02:50
1661418170365661000,54.7,5,54.6,38,54.7,15,1,2022-08-25 09:02:50
1661418170485497000,54.6,1,54.6,37,54.7,10,2,2022-08-25 09:02:50
1661418170518484000,54.7,1,54.6,37,54.7,9,1,2022-08-25 09:02:50
1661418170540956000,54.6,30,54.6,7,54.7,9,2,2022-08-25 09:02:50
1661418170564273000,54.6,4,54.6,3,54.7,9,2,2022-08-25 09:02:50
1661418170567115000,54.6,1,54.6,2,54.7,9,2,2022-08-25 09:02:50
1661418170573460000,54.6,1,54.6,1,54.7,9,2,2022-08-25 09:02:50
1661418170573686000,54.6,1,54.5,27,54.7,9,2,2022-08-25 09:02:50
1661418170828777000,54.6,1,54.5,27,54.6,18,1,2022-08-25 09:02:50
1661418171068165000,54.6,5,54.5,27,54.6,12,1,2022-08-25 09:02:51
1661418171239654000,54.6,1,54.5,27,54.6,26,1,2022-08-25 09:02:51
1661418171346960000,54.6,1,54.5,27,54.6,25,1,2022-08-25 09:02:51
1661418171381018000,54.6,25,54.5,27,54.6,26,1,2022-08-25 09:02:51
1661418171455096000,54.5,1,54.5,26,54.6,1,2,2022-08-25 09:02:51
1661418171464787000,54.5,5,54.5,21,54.6,1,2,2022-08-25 09:02:51
1661418171500608000,54.5,1,54.5,20,54.6,1,2,2022-08-25 09:02:51
1661418171507809000,54.5,1,54.5,19,54.6,1,2,2022-08-25 09:02:51
1661418171572344000,54.5,19,54.4,15,54.6,16,2,2022-08-25 09:02:51
1661418171852065000,54.5,1,54.4,15,54.5,3,1,2022-08-25 09:02:51
1661418171860894000,54.5,1,54.4,15,54.5,4,1,2022-08-25 09:02:51
1661418171897485000,54.4,1,54.4,14,54.5,2,2,2022-08-25 09:02:51
1661418172006312000,54.5,2,54.4,14,54.6,16,1,2022-08-25 09:02:52
1661418172246366000,54.6,2,54.4,14,54.6,18,1,2022-08-25 09:02:52
1661418172331780000,54.5,1,54.4,14,54.5,4,1,2022-08-25 09:02:52
1661418172408691000,54.4,4,54.4,10,54.5,3,2,2022-08-25 09:02:52
1661418172444425000,54.4,1,54.4,9,54.5,3,2,2022-08-25 09:02:52
1661418172590073000,54.5,3,54.4,9,54.5,8,1,2022-08-25 09:02:52
1661418172665589000,54.4,1,54.4,8,54.5,8,2,2022-08-25 09:02:52
1661418172733827000,54.5,1,54.4,8,54.5,7,1,2022-08-25 09:02:52
1661418172780928000,54.4,2,54.4,9,54.5,8,2,2022-08-25 09:02:52
1661418172958461000,54.5,2,54.4,6,54.5,5,1,2022-08-25 09:02:52
1661418173010426000,54.5,1,54.4,6,54.5,4,1,2022-08-25 09:02:53
1661418173043574000,54.4,1,54.4,5,54.5,4,2,2022-08-25 09:02:53
1661418173100557000,54.5,1,54.4,5,54.5,3,1,2022-08-25 09:02:53
1661418173509455000,54.4,2,54.4,3,54.5,3,2,2022-08-25 09:02:53
1661418173525073000,54.5,3,54.4,3,54.9,9,1,2022-08-25 09:02:53
1661418173976992000,54.8,1,54.5,2,54.9,9,1,2022-08-25 09:02:53
1661418174037666000,54.7,2,54.5,2,54.9,9,2,2022-08-25 09:02:54
1661418174567394000,54.5,2,54.5,8,54.9,5,2,2022-08-25 09:02:54
1661418175331286000,54.6,1,54.6,1,54.7,4,2,2022-08-25 09:02:55
1661418175518614000,54.7,2,54.6,1,54.7,2,1,2022-08-25 09:02:55
1661418175537726000,54.7,2,54.6,1,54.8,5,1,2022-08-25 09:02:55
1661418176006826000,54.6,1,54.6,1,54.8,2,2,2022-08-25 09:02:56
1661418176714288000,54.7,1,54.6,3,54.8,4,1,2022-08-25 09:02:56
1661418176826368000,54.6,1,54.6,3,54.8,4,2,2022-08-25 09:02:56
1661418177208320000,54.6,1,54.6,1,54.8,5,2,2022-08-25 09:02:57
1661418177323766000,54.8,1,54.6,1,54.8,5,1,2022-08-25 09:02:57
1661418177497195000,54.8,1,54.6,2,54.8,3,1,2022-08-25 09:02:57
1661418177878133000,54.8,1,54.6,5,54.8,3,1,2022-08-25 09:02:57
1661418178017465000,54.7,1,54.6,2,54.8,12,2,2022-08-25 09:02:58
1661418178017465000,54.6,3,54.6,2,54.8,12,2,2022-08-25 09:02:58
1661418178557649000,54.7,1,54.6,15,54.7,2,1,2022-08-25 09:02:58
1661418178747621000,54.6,1,54.6,18,54.7,2,2,2022-08-25 09:02:58
1661418178753315000,54.6,18,54.4,11,54.7,2,2,2022-08-25 09:02:58
1661418178753315000,54.5,11,54.4,11,54.7,2,2,2022-08-25 09:02:58
1661418178753315000,54.4,1,54.4,11,54.7,2,2,2022-08-25 09:02:58
1661418178797077000,54.6,1,54.5,7,54.7,10,2,2022-08-25 09:02:58
1661418179063318000,54.7,2,54.6,3,54.8,18,1,2022-08-25 09:02:59
1661418179063318000,54.8,1,54.6,3,54.8,18,1,2022-08-25 09:02:59
1661418179094232000,54.6,1,54.6,2,54.7,2,2,2022-08-25 09:02:59
1661418179215777000,54.6,1,54.6,3,54.7,2,2,2022-08-25 09:02:59
1661418179629349000,54.6,2,54.6,1,54.7,9,2,2022-08-25 09:02:59
1661418179660064000,54.6,1,54.5,7,54.7,9,2,2022-08-25 09:02:59
1661418179750750000,54.6,1,54.5,7,54.7,9,1,2022-08-25 09:02:59
1661418180087799000,54.7,2,54.5,7,54.7,13,1,2022-08-25 09:03:00
1661418180188002000,54.5,5,54.5,2,54.7,13,2,2022-08-25 09:03:00
1661418180223983000,54.5,2,54.4,11,54.7,13,2,2022-08-25 09:03:00
1661418180240841000,54.7,1,54.4,11,54.7,12,1,2022-08-25 09:03:00
1661418180393106000,54.5,5,54.4,11,54.5,5,1,2022-08-25 09:03:00
1661418180464826000,54.5,1,54.4,11,54.5,9,1,2022-08-25 09:03:00
1661418180792341000,54.5,1,54.4,11,54.5,8,1,2022-08-25 09:03:00
1661418180838484000,54.4,1,54.4,10,54.5,8,2,2022-08-25 09:03:00
1661418181111090000,54.5,1,54.4,10,54.5,9,1,2022-08-25 09:03:01
1661418181672183000,54.4,2,54.4,8,54.5,11,2,2022-08-25 09:03:01
1661418181681380000,54.5,1,54.4,8,54.5,10,1,2022-08-25 09:03:01
1661418181845198000,54.4,3,54.4,8,54.5,14,2,2022-08-25 09:03:01
1661418181879195000,54.4,3,54.4,2,54.5,14,2,2022-08-25 09:03:01
1661418181882843000,54.4,1,54.4,1,54.5,14,2,2022-08-25 09:03:01
1661418181914414000,54.4,1,54.3,26,54.5,14,2,2022-08-25 09:03:01
1661418181974027000,54.5,1,54.3,26,54.5,13,1,2022-08-25 09:03:01
1661418181986266000,54.3,1,54.3,25,54.5,13,2,2022-08-25 09:03:01
1661418182022047000,54.5,1,54.3,25,54.5,12,1,2022-08-25 09:03:02
1661418182121790000,54.3,1,54.3,24,54.4,3,2,2022-08-25 09:03:02
1661418182244583000,54.4,1,54.3,24,54.4,4,1,2022-08-25 09:03:02
1661418182280730000,54.3,17,54.3,7,54.4,9,2,2022-08-25 09:03:02
1661418182319840000,54.3,7,54.2,18,54.4,9,2,2022-08-25 09:03:02
1661418182569837000,54.3,1,54.2,18,54.3,5,1,2022-08-25 09:03:02
1661418182580857000,54.3,4,54.2,18,54.3,1,1,2022-08-25 09:03:02
1661418182601361000,54.2,1,54.2,17,54.3,1,2,2022-08-25 09:03:02
1661418182618248000,54.2,1,54.2,16,54.3,1,2,2022-08-25 09:03:02
1661418182668541000,54.3,1,54.2,16,54.3,5,1,2022-08-25 09:03:02
1661418182688326000,54.2,1,54.2,15,54.3,5,2,2022-08-25 09:03:02
1661418182760801000,54.3,1,54.2,15,54.3,5,1,2022-08-25 09:03:02
1661418182912528000,54.2,3,54.2,12,54.3,4,2,2022-08-25 09:03:02
1661418182949793000,54.2,1,54.2,11,54.3,4,2,2022-08-25 09:03:02
1661418183057698000,54.3,4,54.2,11,54.4,13,1,2022-08-25 09:03:03
1661418183057698000,54.4,1,54.2,11,54.4,13,1,2022-08-25 09:03:03
1661418183092326000,54.4,1,54.2,11,54.4,12,1,2022-08-25 09:03:03
1661418183215919000,54.4,1,54.2,11,54.4,11,1,2022-08-25 09:03:03
1661418183525770000,54.2,1,54.2,10,54.4,2,2,2022-08-25 09:03:03
1661418183556391000,54.4,2,54.4,3,54.5,15,1,2022-08-25 09:03:03
1661418183576628000,54.5,1,54.4,3,54.5,14,1,2022-08-25 09:03:03
1661418183579248000,54.4,3,54.2,10,54.5,14,2,2022-08-25 09:03:03
1661418183728112000,54.2,8,54.2,2,54.5,14,2,2022-08-25 09:03:03
1661418183755611000,54.2,2,54.1,7,54.5,14,2,2022-08-25 09:03:03
1661418183982250000,54.4,1,54.1,7,54.4,9,1,2022-08-25 09:03:03
1661418184099355000,54.4,1,54.1,7,54.4,8,1,2022-08-25 09:03:04
1661418184275531000,54.4,5,54.1,7,54.4,3,1,2022-08-25 09:03:04
1661418184285605000,54.1,5,54.1,2,54.4,3,2,2022-08-25 09:03:04
1661418184539348000,54.3,1,54.2,5,54.4,5,1,2022-08-25 09:03:04
1661418184793867000,54.2,1,54.2,4,54.3,1,2,2022-08-25 09:03:04
1661418185080083000,54.3,1,54.2,4,54.4,9,1,2022-08-25 09:03:05
1661418185086871000,54.4,3,54.2,4,54.4,6,1,2022-08-25 09:03:05
1661418185361781000,54.4,1,54.2,7,54.4,6,1,2022-08-25 09:03:05
1661418185778075000,54.3,1,54.2,5,54.5,12,2,2022-08-25 09:03:05
1661418185778075000,54.2,2,54.2,5,54.5,12,2,2022-08-25 09:03:05
1661418186074604000,54.3,1,54.2,5,54.3,1,1,2022-08-25 09:03:06
1661418186130770000,54.3,1,54.3,1,54.5,12,1,2022-08-25 09:03:06
1661418187124128000,54.4,1,54.3,2,54.4,10,1,2022-08-25 09:03:07
1661418187184210000,54.3,1,54.3,1,54.4,10,2,2022-08-25 09:03:07
1661418187692252000,54.4,1,54.3,1,54.4,10,1,2022-08-25 09:03:07
1661418187766910000,54.3,1,54.2,4,54.4,10,2,2022-08-25 09:03:07
1661418187766910000,54.2,2,54.2,4,54.4,10,2,2022-08-25 09:03:07
1661418188001181000,54.2,1,54.2,8,54.3,1,2,2022-08-25 09:03:08
1661418188054762000,54.2,1,54.2,7,54.3,1,2,2022-08-25 09:03:08
1661418188144256000,54.2,3,54.2,4,54.3,1,2,2022-08-25 09:03:08
1661418188282189000,54.2,1,54.2,3,54.3,1,2,2022-08-25 09:03:08
1661418188585405000,54.3,1,54.3,1,54.4,12,1,2022-08-25 09:03:08
1661418188625489000,54.3,1,54.1,2,54.4,12,2,2022-08-25 09:03:08
1661418188625489000,54.2,3,54.1,2,54.4,12,2,2022-08-25 09:03:08
1661418188625489000,54.1,1,54.1,2,54.4,12,2,2022-08-25 09:03:08
1661418189226264000,54.3,1,54.2,3,54.4,12,1,2022-08-25 09:03:09
1661418189722090000,54.3,1,54.2,14,54.3,3,1,2022-08-25 09:03:09
1661418190041349000,54.3,2,54.3,4,54.4,12,1,2022-08-25 09:03:10
1661418190067269000,54.3,1,54.3,4,54.4,12,2,2022-08-25 09:03:10
1661418190162774000,54.4,1,54.3,4,54.4,11,1,2022-08-25 09:03:10
1661418190242200000,54.3,4,54.2,15,54.4,11,2,2022-08-25 09:03:10
1661418190836573000,54.2,1,54.2,15,54.3,4,2,2022-08-25 09:03:10
1661418190917306000,54.3,1,54.2,14,54.3,3,1,2022-08-25 09:03:10
1661418190993188000,54.3,1,54.2,14,54.3,2,1,2022-08-25 09:03:10
1661418191353191000,54.3,2,54.2,14,54.3,4,1,2022-08-25 09:03:11
1661418191672698000,54.3,1,54.2,14,54.3,11,1,2022-08-25 09:03:11
1661418191707721000,54.2,1,54.2,13,54.3,11,2,2022-08-25 09:03:11
1661418191747795000,54.2,1,54.2,12,54.3,11,2,2022-08-25 09:03:11
1661418191794211000,54.3,2,54.2,14,54.3,12,1,2022-08-25 09:03:11
1661418191952949000,54.3,1,54.2,12,54.3,8,1,2022-08-25 09:03:11
1661418192237849000,54.3,1,54.2,13,54.3,9,1,2022-08-25 09:03:12
1661418192609145000,54.3,1,54.2,13,54.3,7,1,2022-08-25 09:03:12
1661418192639805000,54.3,7,54.2,13,54.4,12,1,2022-08-25 09:03:12
1661418193277410000,54.4,10,54.2,13,54.4,12,1,2022-08-25 09:03:13
1661418193975493000,54.3,1,54.3,1,54.4,2,2,2022-08-25 09:03:13
1661418193989605000,54.3,1,54.2,14,54.4,2,2,2022-08-25 09:03:13
1661418194353271000,54.4,1,54.2,15,54.4,2,1,2022-08-25 09:03:14
1661418194865698000,54.3,1,54.3,7,54.4,1,2,2022-08-25 09:03:14
1661418194914168000,54.3,1,54.3,5,54.4,1,2,2022-08-25 09:03:14
1661418195345458000,54.4,1,54.3,7,54.5,11,1,2022-08-25 09:03:15
1661418195633459000,54.5,2,54.3,8,54.5,9,1,2022-08-25 09:03:15
1661418195714170000,54.4,2,54.4,3,54.5,9,1,2022-08-25 09:03:15
1661418196023513000,54.5,2,54.4,3,54.5,7,1,2022-08-25 09:03:16
1661418196266672000,54.4,1,54.4,2,54.5,7,2,2022-08-25 09:03:16
1661418196655303000,54.5,2,54.4,3,54.5,5,1,2022-08-25 09:03:16
1661418196674899000,54.4,1,54.4,2,54.5,5,2,2022-08-25 09:03:16
1661418197382878000,54.4,2,54.3,22,54.5,4,2,2022-08-25 09:03:17
1661418197382878000,54.3,2,54.3,22,54.5,4,2,2022-08-25 09:03:17
1661418197896005000,54.5,1,54.3,22,54.5,3,1,2022-08-25 09:03:17
1661418198232353000,54.5,1,54.3,22,54.5,3,1,2022-08-25 09:03:18
1661418198361524000,54.3,1,54.3,21,54.5,2,2,2022-08-25 09:03:18
1661418198983096000,54.5,2,54.3,23,54.6,18,1,2022-08-25 09:03:18
1661418198983096000,54.6,3,54.3,23,54.6,18,1,2022-08-25 09:03:18
1661418199456779000,54.5,1,54.4,1,54.5,9,1,2022-08-25 09:03:19
1661418199729995000,54.4,1,54.3,25,54.4,1,2,2022-08-25 09:03:19
1661418199757583000,54.4,1,54.3,25,54.5,9,1,2022-08-25 09:03:19
1661418200028304000,54.4,1,54.3,25,54.5,12,1,2022-08-25 09:03:20
1661418200080960000,54.5,3,54.3,25,54.4,1,1,2022-08-25 09:03:20
1661418201154973000,54.4,4,54.3,28,54.6,17,1,2022-08-25 09:03:21
1661418201154973000,54.5,9,54.3,28,54.6,17,1,2022-08-25 09:03:21
1661418201154973000,54.6,2,54.3,28,54.6,17,1,2022-08-25 09:03:21
1661418202838363000,54.4,1,54.3,45,54.4,2,2,2022-08-25 09:03:22
1661418202874326000,54.4,2,54.3,45,54.5,10,1,2022-08-25 09:03:22
1661418202890937000,54.3,4,54.4,1,54.5,10,2,2022-08-25 09:03:22
1661418203684280000,54.4,2,54.4,3,54.5,10,2,2022-08-25 09:03:23
1661418203872577000,54.5,1,54.4,3,54.5,9,1,2022-08-25 09:03:23
1661418204407863000,54.5,1,54.4,10,54.5,9,1,2022-08-25 09:03:24
1661418204761335000,54.5,1,54.4,10,54.5,7,1,2022-08-25 09:03:24
1661418205020340000,54.5,1,54.4,10,54.5,6,1,2022-08-25 09:03:25
1661418205054284000,54.5,4,54.4,10,54.5,2,1,2022-08-25 09:03:25
1661418205088318000,54.5,2,54.4,10,54.6,27,1,2022-08-25 09:03:25
1661418205483517000,54.6,4,54.4,11,54.6,23,1,2022-08-25 09:03:25
1661418206407717000,54.5,1,54.5,3,54.6,23,2,2022-08-25 09:03:26
1661418206494597000,54.5,1,54.5,2,54.6,23,2,2022-08-25 09:03:26
1661418206528693000,54.5,2,54.4,12,54.6,23,2,2022-08-25 09:03:26
1661418207497879000,54.6,1,54.4,18,54.6,22,1,2022-08-25 09:03:27
1661418208226515000,54.6,20,54.4,19,54.6,2,1,2022-08-25 09:03:28
1661418208261534000,54.6,2,54.4,19,54.7,1,1,2022-08-25 09:03:28
1661418208620414000,54.7,1,54.5,1,54.7,1,1,2022-08-25 09:03:28
1661418209923781000,54.8,2,54.5,4,54.8,13,1,2022-08-25 09:03:29
1661418210262062000,54.8,2,54.5,7,54.8,9,1,2022-08-25 09:03:30
1661418210701025000,54.5,1,54.5,8,54.8,12,2,2022-08-25 09:03:30
1661418211156073000,54.8,1,54.5,10,54.8,14,1,2022-08-25 09:03:31
1661418211505489000,54.7,1,54.5,10,54.8,13,2,2022-08-25 09:03:31
1661418211903009000,54.5,5,54.5,5,54.7,8,2,2022-08-25 09:03:31
1661418212162913000,54.5,1,54.5,3,54.7,8,2,2022-08-25 09:03:32
1661418212240284000,54.5,3,54.4,21,54.8,13,2,2022-08-25 09:03:32
1661418212240284000,54.4,2,54.4,21,54.8,13,2,2022-08-25 09:03:32
1661418212567674000,54.7,1,54.4,21,54.7,7,1,2022-08-25 09:03:32
1661418212768727000,54.7,1,54.5,1,54.7,9,1,2022-08-25 09:03:32
1661418213033226000,54.6,1,54.5,2,54.7,9,2,2022-08-25 09:03:33
1661418213331313000,54.7,5,54.5,2,54.7,4,1,2022-08-25 09:03:33
1661418214094984000,54.7,1,54.5,7,54.7,5,1,2022-08-25 09:03:34
1661418215101342000,54.5,1,54.5,9,54.7,8,2,2022-08-25 09:03:35
1661418215342201000,54.7,2,54.5,9,54.7,6,1,2022-08-25 09:03:35
1661418215396507000,54.5,3,54.5,6,54.7,10,2,2022-08-25 09:03:35
1661418215418247000,54.7,1,54.5,6,54.7,9,1,2022-08-25 09:03:35
1661418216283384000,54.7,1,54.5,9,54.7,11,1,2022-08-25 09:03:36
1661418216738434000,54.7,1,54.5,10,54.7,13,1,2022-08-25 09:03:36
1661418217447444000,54.5,10,54.4,32,54.7,18,2,2022-08-25 09:03:37
1661418217969722000,54.5,1,54.5,1,54.6,9,2,2022-08-25 09:03:37
1661418218207929000,54.6,1,54.5,1,54.6,10,1,2022-08-25 09:03:38
1661418218239138000,54.5,1,54.4,32,54.6,10,2,2022-08-25 09:03:38
1661418218783182000,54.6,1,54.5,1,54.6,9,1,2022-08-25 09:03:38
1661418218817282000,54.5,1,54.4,36,54.6,9,2,2022-08-25 09:03:38
1661418219366629000,54.6,1,54.5,1,54.6,8,1,2022-08-25 09:03:39
1661418219395314000,54.5,1,54.5,1,54.6,9,2,2022-08-25 09:03:39
1661418219597707000,54.6,4,54.4,36,54.6,4,1,2022-08-25 09:03:39
1661418220715807000,54.6,2,54.5,3,54.6,2,1,2022-08-25 09:03:40
1661418220805703000,54.6,1,54.5,3,54.6,1,1,2022-08-25 09:03:40
1661418221059815000,54.6,1,54.5,3,54.7,10,1,2022-08-25 09:03:41
1661418221059815000,54.7,9,54.5,3,54.7,10,1,2022-08-25 09:03:41
1661418221778273000,54.7,1,54.6,3,54.7,10,1,2022-08-25 09:03:41
1661418222253936000,54.6,1,54.6,4,54.7,9,2,2022-08-25 09:03:42
1661418222406570000,54.7,1,54.6,4,54.7,8,1,2022-08-25 09:03:42
1661418222473474000,54.6,1,54.6,4,54.7,8,2,2022-08-25 09:03:42
1661418222520660000,54.6,3,54.5,5,54.7,8,2,2022-08-25 09:03:42
1661418222520660000,54.5,3,54.5,5,54.7,8,2,2022-08-25 09:03:42
1661418223189937000,54.5,1,54.5,8,54.7,6,2,2022-08-25 09:03:43
1661418223789228000,54.6,2,54.5,8,54.6,2,2,2022-08-25 09:03:43
1661418224073419000,54.6,1,54.5,8,54.6,1,1,2022-08-25 09:03:44
1661418225107717000,54.5,2,54.5,7,54.6,2,2,2022-08-25 09:03:45
1661418225841513000,54.5,1,54.5,7,54.6,9,2,2022-08-25 09:03:45
1661418225878386000,54.5,2,54.5,5,54.6,9,2,2022-08-25 09:03:45
1661418226352948000,54.5,2,54.5,9,54.6,11,2,2022-08-25 09:03:46
1661418226377267000,54.5,4,54.5,5,54.6,11,2,2022-08-25 09:03:46
1661418226407928000,54.5,5,54.4,36,54.6,11,2,2022-08-25 09:03:46
1661418226460398000,54.5,1,54.5,1,54.6,11,2,2022-08-25 09:03:46
1661418226583259000,54.5,1,54.4,36,54.6,11,2,2022-08-25 09:03:46
1661418226735479000,54.5,2,54.4,36,54.6,10,2,2022-08-25 09:03:46
1661418226897482000,54.6,5,54.4,36,54.6,5,1,2022-08-25 09:03:46
1661418227502135000,54.5,2,54.4,36,54.6,5,2,2022-08-25 09:03:47
1661418228115809000,54.5,1,54.4,27,54.6,6,2,2022-08-25 09:03:48
1661418228115809000,54.4,9,54.4,27,54.6,6,2,2022-08-25 09:03:48
1661418228466914000,54.5,1,54.4,28,54.6,7,2,2022-08-25 09:03:48
1661418228738946000,54.5,1,54.4,28,54.6,7,1,2022-08-25 09:03:48
1661418229164152000,54.5,1,54.4,28,54.5,1,1,2022-08-25 09:03:49
1661418229169685000,54.5,1,54.5,1,54.6,12,1,2022-08-25 09:03:49
1661418229206501000,54.5,1,54.4,28,54.6,12,2,2022-08-25 09:03:49
1661418229317986000,54.5,1,54.4,28,54.6,11,2,2022-08-25 09:03:49
1661418229462346000,54.5,1,54.4,28,54.5,1,1,2022-08-25 09:03:49
1661418229811068000,54.5,1,54.4,28,54.5,5,2,2022-08-25 09:03:49
1661418229854492000,54.5,1,54.4,28,54.5,4,1,2022-08-25 09:03:49
1661418230182762000,54.5,4,54.5,1,54.6,17,1,2022-08-25 09:03:50
1661418230216452000,54.5,1,54.4,29,54.6,17,2,2022-08-25 09:03:50
1661418230552501000,54.4,5,54.4,24,54.6,17,2,2022-08-25 09:03:50
1661418230795053000,54.5,1,54.4,25,54.6,11,1,2022-08-25 09:03:50
1661418230795053000,54.6,6,54.4,25,54.6,11,1,2022-08-25 09:03:50
1661418231774698000,54.5,1,54.4,24,54.6,13,2,2022-08-25 09:03:51
1661418232698228000,54.5,1,54.4,23,54.5,3,1,2022-08-25 09:03:52
1661418232871742000,54.5,1,54.4,23,54.5,6,1,2022-08-25 09:03:52
1661418232896853000,54.5,1,54.4,23,54.5,7,1,2022-08-25 09:03:52
1661418234210208000,54.5,1,54.4,29,54.5,6,1,2022-08-25 09:03:54
1661418234863766000,54.5,1,54.4,29,54.5,15,1,2022-08-25 09:03:54
1661418235594245000,54.4,2,54.4,27,54.5,14,2,2022-08-25 09:03:55
1661418235619440000,54.5,2,54.4,27,54.5,12,1,2022-08-25 09:03:55
1661418235628841000,54.4,1,54.4,26,54.5,12,2,2022-08-25 09:03:55
1661418235646675000,54.4,1,54.4,25,54.5,12,2,2022-08-25 09:03:55
1661418235770231000,54.5,1,54.4,26,54.5,11,1,2022-08-25 09:03:55
1661418236251073000,54.4,4,54.4,22,54.5,11,2,2022-08-25 09:03:56
1661418236391654000,54.5,1,54.4,22,54.5,10,1,2022-08-25 09:03:56
1661418236653497000,54.5,3,54.4,22,54.5,7,1,2022-08-25 09:03:56
1661418236665726000,54.5,7,54.4,22,54.6,14,1,2022-08-25 09:03:56
1661418236665726000,54.6,116,54.4,22,54.6,14,1,2022-08-25 09:03:56
1661418236882086000,54.4,4,54.4,18,54.6,14,2,2022-08-25 09:03:56
1661418239437177000,54.5,1,54.5,6,54.6,15,2,2022-08-25 09:03:59
1661418239750568000,54.6,10,54.5,5,54.6,5,1,2022-08-25 09:03:59
1661418240069263000,54.6,2,54.5,6,54.6,3,1,2022-08-25 09:04:00
1661418240106573000,54.6,3,54.5,6,54.7,29,1,2022-08-25 09:04:00
1661418240528101000,54.6,1,54.5,16,54.6,1,1,2022-08-25 09:04:00
1661418241326971000,54.6,4,54.5,15,54.7,25,2,2022-08-25 09:04:01
1661418241326971000,54.5,1,54.5,15,54.7,25,2,2022-08-25 09:04:01
1661418244613081000,54.6,1,54.5,20,54.6,3,1,2022-08-25 09:04:04
1661418245455843000,54.5,4,54.5,21,54.6,7,2,2022-08-25 09:04:05
1661418245491086000,54.5,1,54.5,20,54.6,7,2,2022-08-25 09:04:05
1661418245496501000,54.5,1,54.5,19,54.6,7,2,2022-08-25 09:04:05
1661418245514367000,54.5,1,54.5,18,54.6,7,2,2022-08-25 09:04:05
1661418245527193000,54.6,1,54.5,18,54.6,6,1,2022-08-25 09:04:05
1661418245824559000,54.6,1,54.5,23,54.6,5,1,2022-08-25 09:04:05
1661418245849667000,54.6,1,54.5,23,54.6,4,1,2022-08-25 09:04:05
1661418245914421000,54.6,3,54.5,23,54.6,1,1,2022-08-25 09:04:05
1661418245918321000,54.6,1,54.5,23,54.7,43,1,2022-08-25 09:04:05
1661418246005987000,54.6,1,54.5,23,54.6,1,1,2022-08-25 09:04:06
1661418246199294000,54.7,5,54.5,23,54.7,38,1,2022-08-25 09:04:06
1661418246427916000,54.7,5,54.5,23,54.7,38,1,2022-08-25 09:04:06
1661418247236255000,54.7,1,54.6,133,54.7,32,1,2022-08-25 09:04:07
1661418247236570000,54.7,25,54.6,133,54.7,7,1,2022-08-25 09:04:07
1661418247270490000,54.7,7,54.6,133,54.8,11,1,2022-08-25 09:04:07
1661418247333705000,54.8,12,54.6,133,54.9,5,1,2022-08-25 09:04:07
1661418247333705000,54.9,8,54.6,133,54.9,5,1,2022-08-25 09:04:07
1661418247424981000,54.8,1,54.6,256,54.8,3,1,2022-08-25 09:04:07
1661418247595074000,54.8,3,54.6,380,54.9,9,1,2022-08-25 09:04:07
1661418247645696000,54.7,1,54.6,380,54.9,9,1,2022-08-25 09:04:07
1661418247827205000,54.6,1,54.6,379,54.9,9,2,2022-08-25 09:04:07
1661418248425744000,54.9,3,54.7,14,54.9,6,1,2022-08-25 09:04:08
1661418248455378000,54.9,6,54.7,14,55.0,38,1,2022-08-25 09:04:08
1661418248938163000,55.0,1,54.8,2,55.0,37,1,2022-08-25 09:04:08
1661418248958609000,55.0,1,54.8,2,55.0,36,1,2022-08-25 09:04:08
1661418249107766000,55.0,2,54.8,6,55.0,34,1,2022-08-25 09:04:09
1661418250029705000,55.0,1,54.9,2,55.0,34,1,2022-08-25 09:04:10
1661418250783380000,55.0,2,54.9,6,55.0,31,1,2022-08-25 09:04:10
1661418250913170000,55.0,8,54.9,6,55.0,23,1,2022-08-25 09:04:10
1661418250921941000,55.0,23,54.9,6,55.1,19,1,2022-08-25 09:04:10
1661418250921941000,55.1,100,54.9,6,55.1,19,1,2022-08-25 09:04:10
1661418250948166000,55.1,3,54.9,6,55.1,16,1,2022-08-25 09:04:10
1661418250978753000,55.1,5,54.9,6,55.1,11,1,2022-08-25 09:04:10
1661418250999250000,55.1,11,54.9,6,55.2,6,1,2022-08-25 09:04:10
1661418251794399000,55.0,3,54.9,6,55.0,1,2,2022-08-25 09:04:11
1661418251816964000,55.0,1,54.9,6,55.2,6,1,2022-08-25 09:04:11
1661418251871143000,54.9,1,54.9,1,55.2,9,2,2022-08-25 09:04:11
1661418252015968000,55.1,2,55.1,2,55.2,9,2,2022-08-25 09:04:12
1661418254408914000,55.0,1,55.0,2,55.1,2,2,2022-08-25 09:04:14
1661418255416845000,55.1,1,55.0,4,55.1,2,1,2022-08-25 09:04:15
1661418255925109000,55.1,1,55.0,4,55.1,2,1,2022-08-25 09:04:15
1661418256276541000,55.1,1,55.0,5,55.2,2,1,2022-08-25 09:04:16
1661418256276541000,55.2,4,55.0,5,55.2,2,1,2022-08-25 09:04:16
1661418256288897000,55.0,5,54.9,2,55.2,2,2,2022-08-25 09:04:16
1661418256626707000,55.1,2,54.9,2,55.2,3,2,2022-08-25 09:04:16
1661418257050046000,55.1,3,55.1,2,55.2,3,1,2022-08-25 09:04:17
1661418257364365000,55.2,1,55.1,3,55.2,2,1,2022-08-25 09:04:17
1661418257764737000,55.1,2,55.1,12,55.2,1,2,2022-08-25 09:04:17
1661418257851323000,55.3,1,55.1,12,55.3,1,1,2022-08-25 09:04:17
1661418257963589000,55.1,10,55.1,5,55.3,1,2,2022-08-25 09:04:17
1661418257989947000,55.1,5,55.1,15,55.3,1,2,2022-08-25 09:04:17
1661418258179525000,55.1,1,55.0,4,55.3,1,1,2022-08-25 09:04:18
1661418258397053000,55.3,1,55.1,1,55.5,19,1,2022-08-25 09:04:18
1661418258397053000,55.4,3,55.1,1,55.5,19,1,2022-08-25 09:04:18
1661418258703201000,55.2,1,55.1,1,55.3,2,1,2022-08-25 09:04:18
1661418258703201000,55.3,4,55.1,1,55.3,2,1,2022-08-25 09:04:18
1661418259983163000,55.1,10,55.1,4,55.2,2,2,2022-08-25 09:04:19
1661418260001945000,55.1,4,55.0,7,55.2,2,2,2022-08-25 09:04:20
1661418260132415000,55.1,5,55.0,7,55.2,2,1,2022-08-25 09:04:20
1661418260276867000,55.2,1,55.0,7,55.2,1,1,2022-08-25 09:04:20
1661418260590487000,55.1,1,55.0,11,55.2,6,2,2022-08-25 09:04:20
1661418261061747000,55.1,1,55.0,12,55.1,1,1,2022-08-25 09:04:21
1661418261511742000,55.2,1,55.0,12,55.2,6,1,2022-08-25 09:04:21
1661418261554200000,55.0,1,55.0,11,55.2,5,2,2022-08-25 09:04:21
1661418262518946000,55.1,2,55.0,13,55.1,10,1,2022-08-25 09:04:22
1661418262651176000,55.1,2,55.0,13,55.1,6,1,2022-08-25 09:04:22
1661418263193867000,55.1,1,55.0,13,55.1,5,1,2022-08-25 09:04:23
1661418263501884000,55.0,13,55.0,13,55.1,6,2,2022-08-25 09:04:23
1661418263638344000,55.0,1,54.9,9,55.0,18,1,2022-08-25 09:04:23
1661418263652560000,55.0,5,54.9,9,55.0,13,1,2022-08-25 09:04:23
1661418263693025000,54.9,1,54.9,8,55.0,13,2,2022-08-25 09:04:23
1661418264081320000,55.0,1,54.9,8,55.0,23,1,2022-08-25 09:04:24
1661418264410942000,55.0,2,54.9,8,55.0,13,1,2022-08-25 09:04:24
1661418264437063000,54.9,1,54.9,7,55.0,13,2,2022-08-25 09:04:24
1661418264693083000,54.9,4,54.9,3,55.0,3,2,2022-08-25 09:04:24
1661418264860240000,54.9,3,54.8,4,54.9,7,2,2022-08-25 09:04:24
1661418264867736000,54.9,1,54.8,4,54.9,6,1,2022-08-25 09:04:24
1661418264921484000,54.9,1,54.8,4,54.9,5,1,2022-08-25 09:04:24
1661418265161608000,54.9,5,54.8,4,55.0,8,1,2022-08-25 09:04:25
1661418265566903000,55.0,1,54.8,4,55.0,9,1,2022-08-25 09:04:25
1661418265605490000,55.0,1,54.8,4,55.0,7,1,2022-08-25 09:04:25
1661418266450453000,55.0,1,54.8,4,55.0,6,1,2022-08-25 09:04:26
1661418266913283000,55.0,1,54.8,4,55.0,19,1,2022-08-25 09:04:26
1661418267518494000,54.8,4,54.7,5,54.9,1,2,2022-08-25 09:04:27
1661418268167139000,54.9,1,54.7,5,54.9,3,1,2022-08-25 09:04:28
1661418268611404000,54.9,4,54.8,1,55.0,21,1,2022-08-25 09:04:28
1661418268851395000,54.9,1,54.8,1,54.9,1,1,2022-08-25 09:04:28
1661418269361941000,54.8,1,54.7,5,54.9,10,2,2022-08-25 09:04:29
1661418269426093000,54.9,1,54.7,5,54.9,9,1,2022-08-25 09:04:29
1661418269482879000,54.9,1,54.8,1,54.9,10,1,2022-08-25 09:04:29
1661418270328736000,54.8,2,54.8,1,54.9,8,1,2022-08-25 09:04:30
1661418270421358000,54.8,1,54.8,1,54.9,9,2,2022-08-25 09:04:30
1661418272028009000,54.8,1,54.8,1,54.9,23,2,2022-08-25 09:04:32
1661418272428873000,54.8,1,54.7,6,54.8,2,1,2022-08-25 09:04:32
1661418272437716000,54.8,1,54.7,6,54.8,1,1,2022-08-25 09:04:32
1661418273477034000,54.8,1,54.7,8,54.8,2,1,2022-08-25 09:04:33
1661418273597826000,54.8,1,54.7,8,54.9,24,1,2022-08-25 09:04:33
1661418275714437000,54.8,2,54.7,9,54.8,6,1,2022-08-25 09:04:35
1661418275860012000,54.8,6,54.7,9,54.9,15,1,2022-08-25 09:04:35
1661418275860012000,54.9,9,54.7,9,54.9,15,1,2022-08-25 09:04:35
1661418276321276000,54.8,1,54.7,9,54.8,4,1,2022-08-25 09:04:36
1661418276338652000,54.7,5,54.7,4,54.8,4,2,2022-08-25 09:04:36
1661418276366867000,54.7,1,54.7,3,54.8,4,2,2022-08-25 09:04:36
1661418276371565000,54.7,1,54.7,2,54.8,4,2,2022-08-25 09:04:36
1661418276675503000,54.8,1,54.7,3,54.8,3,1,2022-08-25 09:04:36
1661418276895299000,54.7,1,54.7,2,54.8,3,2,2022-08-25 09:04:36
1661418277134479000,54.8,1,54.7,2,54.8,2,1,2022-08-25 09:04:37
1661418277139221000,54.8,1,54.7,2,54.8,1,1,2022-08-25 09:04:37
1661418277172564000,54.7,2,54.6,27,54.8,1,2,2022-08-25 09:04:37
1661418277456155000,54.7,1,54.6,27,54.7,1,1,2022-08-25 09:04:37
1661418278378045000,54.8,1,54.6,26,54.8,3,1,2022-08-25 09:04:38
1661418278436908000,54.8,1,54.6,26,54.8,2,1,2022-08-25 09:04:38
1661418280596898000,54.6,1,54.6,26,54.7,4,2,2022-08-25 09:04:40
1661418280787646000,54.6,2,54.6,23,54.7,4,2,2022-08-25 09:04:40
1661418280793559000,54.7,1,54.6,23,54.7,3,1,2022-08-25 09:04:40
1661418280797923000,54.6,2,54.6,21,54.7,3,2,2022-08-25 09:04:40
1661418280814331000,54.6,21,54.5,30,54.7,3,2,2022-08-25 09:04:40
1661418281098996000,54.6,1,54.5,30,54.6,4,1,2022-08-25 09:04:41
1661418281329528000,54.5,5,54.5,26,54.6,4,2,2022-08-25 09:04:41
1661418281375233000,54.5,8,54.5,18,54.6,4,2,2022-08-25 09:04:41
1661418281445660000,54.5,2,54.5,16,54.6,4,2,2022-08-25 09:04:41
1661418281523440000,54.6,4,54.5,16,54.8,7,1,2022-08-25 09:04:41
1661418281523440000,54.7,2,54.5,16,54.8,7,1,2022-08-25 09:04:41
1661418281956473000,54.7,1,54.5,16,54.8,7,1,2022-08-25 09:04:41
1661418281956473000,54.8,1,54.5,16,54.8,7,1,2022-08-25 09:04:41
1661418282119706000,54.7,1,54.5,16,54.7,2,1,2022-08-25 09:04:42
1661418282209702000,54.7,1,54.5,16,54.7,1,1,2022-08-25 09:04:42
1661418282460966000,54.7,1,54.5,16,54.7,1,1,2022-08-25 09:04:42
1661418282561362000,54.7,1,54.5,16,54.7,1,1,2022-08-25 09:04:42
1661418282780207000,54.8,1,54.5,16,54.8,8,1,2022-08-25 09:04:42
1661418283319054000,54.6,1,54.5,16,54.6,10,1,2022-08-25 09:04:43
1661418285499722000,54.6,1,54.5,18,54.6,9,1,2022-08-25 09:04:45
1661418285907598000,54.6,1,54.5,18,54.6,18,1,2022-08-25 09:04:45
1661418285941226000,54.5,1,54.5,18,54.6,19,2,2022-08-25 09:04:45
1661418286261569000,54.6,1,54.5,17,54.6,7,1,2022-08-25 09:04:46
1661418286382274000,54.5,2,54.5,17,54.6,8,2,2022-08-25 09:04:46
1661418286908693000,54.6,1,54.5,15,54.6,7,1,2022-08-25 09:04:46
1661418287139071000,54.6,1,54.5,15,54.6,5,1,2022-08-25 09:04:47
1661418287445743000,54.6,1,54.5,16,54.6,4,1,2022-08-25 09:04:47
1661418287489681000,54.5,1,54.5,16,54.6,5,2,2022-08-25 09:04:47
1661418287671272000,54.6,1,54.5,15,54.6,3,1,2022-08-25 09:04:47
1661418287954996000,54.6,1,54.5,17,54.6,3,1,2022-08-25 09:04:47
1661418288362524000,54.5,5,54.5,12,54.6,2,2,2022-08-25 09:04:48
1661418288937125000,54.6,1,54.5,13,54.6,11,1,2022-08-25 09:04:48
1661418289442141000,54.6,1,54.5,15,54.6,9,1,2022-08-25 09:04:49
1661418289569356000,54.6,1,54.5,15,54.6,10,1,2022-08-25 09:04:49
1661418289966160000,54.6,1,54.5,16,54.6,8,1,2022-08-25 09:04:49
1661418290140261000,54.6,1,54.5,16,54.6,6,1,2022-08-25 09:04:50
1661418290182780000,54.5,2,54.5,14,54.6,6,2,2022-08-25 09:04:50
1661418290260819000,54.6,1,54.5,14,54.6,5,1,2022-08-25 09:04:50
1661418290454180000,54.6,1,54.5,14,54.6,4,1,2022-08-25 09:04:50
1661418290809731000,54.5,1,54.5,14,54.6,4,2,2022-08-25 09:04:50
1661418292019991000,54.6,1,54.5,15,54.6,4,1,2022-08-25 09:04:52
1661418292321842000,54.6,1,54.5,16,54.6,2,1,2022-08-25 09:04:52
1661418292364398000,54.5,1,54.5,16,54.6,2,2,2022-08-25 09:04:52
1661418292400366000,54.5,1,54.5,17,54.6,2,2,2022-08-25 09:04:52
1661418292661924000,54.6,1,54.5,15,54.6,1,1,2022-08-25 09:04:52
1661418292683615000,54.6,1,54.5,15,54.8,11,1,2022-08-25 09:04:52
1661418293670300000,54.6,1,54.6,2,54.8,11,2,2022-08-25 09:04:53
1661418294244896000,54.6,1,54.6,1,54.8,11,2,2022-08-25 09:04:54
1661418294925362000,54.6,1,54.6,24,54.7,2,2,2022-08-25 09:04:54
1661418295176787000,54.6,2,54.6,22,54.7,3,2,2022-08-25 09:04:55
1661418295242542000,54.6,1,54.6,21,54.7,5,2,2022-08-25 09:04:55
1661418297182246000,54.6,1,54.6,27,54.7,13,2,2022-08-25 09:04:57
1661418297236736000,54.6,10,54.6,17,54.7,13,2,2022-08-25 09:04:57
1661418297269585000,54.6,13,54.6,4,54.7,13,2,2022-08-25 09:04:57
1661418297302099000,54.6,3,54.6,1,54.7,13,2,2022-08-25 09:04:57
1661418297302149000,54.6,1,54.5,23,54.7,13,2,2022-08-25 09:04:57
1661418297730495000,54.6,1,54.5,24,54.6,1,1,2022-08-25 09:04:57
1661418297817164000,54.6,1,54.5,24,54.7,14,1,2022-08-25 09:04:57
1661418297925807000,54.7,1,54.5,25,54.7,13,1,2022-08-25 09:04:57
1661418298460112000,54.6,1,54.5,25,54.6,1,1,2022-08-25 09:04:58
1661418300588896000,54.6,1,54.6,1,54.7,11,2,2022-08-25 09:05:00
1661418300804314000,54.5,1,54.5,35,54.7,11,2,2022-08-25 09:05:00
1661418300881819000,54.5,17,54.5,18,54.7,13,2,2022-08-25 09:05:00
1661418300918186000,54.5,10,54.5,8,54.7,13,2,2022-08-25 09:05:00
1661418300947243000,54.5,1,54.5,7,54.7,13,2,2022-08-25 09:05:00
1661418300961066000,54.5,7,54.4,53,54.6,1,2,2022-08-25 09:05:00
1661418301422622000,54.5,1,54.4,53,54.6,3,1,2022-08-25 09:05:01
1661418301563783000,54.4,1,54.4,53,54.6,3,2,2022-08-25 09:05:01
1661418301767282000,54.6,1,54.4,52,54.6,3,1,2022-08-25 09:05:01
1661418302004303000,54.5,1,54.4,51,54.5,11,1,2022-08-25 09:05:02
1661418302313917000,54.5,1,54.4,51,54.5,17,1,2022-08-25 09:05:02
1661418302335238000,54.4,2,54.4,49,54.5,17,2,2022-08-25 09:05:02
1661418302350758000,54.5,1,54.4,49,54.5,16,1,2022-08-25 09:05:02
1661418302371105000,54.5,3,54.4,49,54.5,13,1,2022-08-25 09:05:02
1661418302377982000,54.4,13,54.4,36,54.5,13,2,2022-08-25 09:05:02
1661418302404365000,54.4,1,54.4,35,54.5,13,2,2022-08-25 09:05:02
1661418302433217000,54.4,1,54.4,34,54.5,13,2,2022-08-25 09:05:02
1661418302571247000,54.5,4,54.4,34,54.5,9,1,2022-08-25 09:05:02
1661418302607069000,54.4,1,54.4,33,54.5,13,2,2022-08-25 09:05:02
1661418302636719000,54.4,1,54.4,32,54.5,13,2,2022-08-25 09:05:02
1661418303040208000,54.4,1,54.4,31,54.5,13,2,2022-08-25 09:05:03
1661418303050161000,54.4,31,54.3,61,54.4,9,2,2022-08-25 09:05:03
1661418303088435000,54.3,1,54.3,59,54.4,10,2,2022-08-25 09:05:03
1661418303089652000,54.3,1,54.3,58,54.4,10,2,2022-08-25 09:05:03
1661418303231048000,54.4,3,54.3,58,54.4,8,1,2022-08-25 09:05:03
1661418304142743000,54.3,4,54.3,54,54.4,17,2,2022-08-25 09:05:04
1661418304164598000,54.4,1,54.3,54,54.4,16,1,2022-08-25 09:05:04
1661418304858208000,54.3,1,54.3,53,54.4,22,2,2022-08-25 09:05:04
1661418305043693000,54.3,1,54.3,52,54.4,22,2,2022-08-25 09:05:05
1661418305251679000,54.3,4,54.3,48,54.4,22,2,2022-08-25 09:05:05
1661418305299222000,54.3,1,54.3,47,54.4,22,2,2022-08-25 09:05:05
1661418305567397000,54.4,2,54.3,47,54.4,23,1,2022-08-25 09:05:05
1661418305740188000,54.3,1,54.3,46,54.4,21,2,2022-08-25 09:05:05
1661418305756662000,54.3,1,54.3,45,54.4,21,2,2022-08-25 09:05:05
1661418305895416000,54.3,2,54.3,43,54.4,31,2,2022-08-25 09:05:05
1661418306837757000,54.3,1,54.3,42,54.4,27,2,2022-08-25 09:05:06
1661418306982392000,54.4,1,54.3,42,54.4,25,1,2022-08-25 09:05:06
1661418306992758000,54.3,3,54.3,42,54.4,26,2,2022-08-25 09:05:06
1661418307339803000,54.3,20,54.3,19,54.4,25,2,2022-08-25 09:05:07
1661418307377334000,54.3,1,54.3,18,54.4,25,2,2022-08-25 09:05:07
1661418307402028000,54.3,1,54.3,17,54.4,25,2,2022-08-25 09:05:07
1661418307494807000,54.3,1,54.3,16,54.4,25,2,2022-08-25 09:05:07
1661418307499872000,54.4,1,54.3,16,54.4,24,1,2022-08-25 09:05:07
1661418307835112000,54.3,3,54.3,14,54.4,14,2,2022-08-25 09:05:07
1661418307881189000,54.3,1,54.3,13,54.4,14,2,2022-08-25 09:05:07
1661418308083692000,54.3,1,54.3,17,54.4,14,2,2022-08-25 09:05:08
1661418308157233000,54.3,1,54.3,11,54.4,14,2,2022-08-25 09:05:08
1661418308312398000,54.3,1,54.3,10,54.4,14,2,2022-08-25 09:05:08
1661418308319577000,54.3,5,54.3,5,54.4,14,2,2022-08-25 09:05:08
1661418308330882000,54.3,5,54.2,28,54.3,3,2,2022-08-25 09:05:08
1661418308964929000,54.3,1,54.2,28,54.3,3,1,2022-08-25 09:05:08
1661418309042961000,54.3,1,54.2,28,54.3,4,1,2022-08-25 09:05:09
1661418310639465000,54.2,2,54.2,26,54.3,31,2,2022-08-25 09:05:10
1661418310650486000,54.2,2,54.2,24,54.3,31,2,2022-08-25 09:05:10
1661418310683312000,54.2,1,54.2,23,54.3,31,2,2022-08-25 09:05:10
1661418310780830000,54.3,10,54.2,23,54.3,21,1,2022-08-25 09:05:10
1661418311030394000,54.2,3,54.2,23,54.3,31,2,2022-08-25 09:05:11
1661418311882269000,54.2,10,54.2,10,54.3,25,2,2022-08-25 09:05:11
1661418312039664000,54.3,5,54.2,11,54.3,20,1,2022-08-25 09:05:12
1661418312079331000,54.3,3,54.2,11,54.3,25,1,2022-08-25 09:05:12
1661418312415739000,54.2,1,54.2,9,54.3,17,2,2022-08-25 09:05:12
1661418312588753000,54.3,1,54.2,9,54.3,20,1,2022-08-25 09:05:12
1661418312683879000,54.3,1,54.2,9,54.3,18,1,2022-08-25 09:05:12
1661418312719682000,54.3,4,54.2,9,54.3,14,1,2022-08-25 09:05:12
1661418313322016000,54.2,2,54.2,8,54.3,14,2,2022-08-25 09:05:13
1661418313329474000,54.2,8,54.1,71,54.2,12,2,2022-08-25 09:05:13
1661418313362184000,54.2,12,54.1,71,54.3,14,1,2022-08-25 09:05:13
1661418313369102000,54.1,1,54.1,70,54.3,14,2,2022-08-25 09:05:13
1661418313637579000,54.2,1,54.1,70,54.3,14,2,2022-08-25 09:05:13
1661418314055751000,54.2,1,54.2,1,54.3,19,2,2022-08-25 09:05:14
1661418315053432000,54.2,1,54.1,70,54.2,24,1,2022-08-25 09:05:15
1661418315305807000,54.2,1,54.1,70,54.2,22,1,2022-08-25 09:05:15
1661418315691490000,54.2,1,54.1,70,54.2,21,1,2022-08-25 09:05:15
1661418315920808000,54.1,2,54.1,68,54.2,26,2,2022-08-25 09:05:15
1661418316647150000,54.1,2,54.1,66,54.2,21,2,2022-08-25 09:05:16
1661418316657133000,54.1,5,54.1,61,54.2,21,2,2022-08-25 09:05:16
1661418316675154000,54.1,1,54.1,60,54.2,21,2,2022-08-25 09:05:16
1661418316693398000,54.1,1,54.1,59,54.2,21,2,2022-08-25 09:05:16
1661418316772438000,54.2,1,54.1,59,54.2,20,1,2022-08-25 09:05:16
1661418317076804000,54.1,3,54.1,56,54.2,20,2,2022-08-25 09:05:17
1661418317297711000,54.2,3,54.1,56,54.2,18,1,2022-08-25 09:05:17
1661418317644795000,54.2,1,54.1,57,54.2,17,1,2022-08-25 09:05:17
1661418317701405000,54.1,1,54.1,56,54.2,17,2,2022-08-25 09:05:17
1661418318999973000,54.2,1,54.1,12,54.2,17,1,2022-08-25 09:05:18
1661418319171180000,54.1,1,54.1,11,54.2,16,2,2022-08-25 09:05:19
1661418320301226000,54.1,5,54.1,6,54.2,16,2,2022-08-25 09:05:20
1661418320301565000,54.2,2,54.1,6,54.2,14,1,2022-08-25 09:05:20
1661418320448345000,54.2,3,54.1,6,54.2,11,1,2022-08-25 09:05:20
1661418320484514000,54.2,4,54.1,6,54.2,7,1,2022-08-25 09:05:20
1661418320515219000,54.2,7,54.1,6,54.3,25,1,2022-08-25 09:05:20
1661418320588763000,54.2,1,54.1,8,54.2,1,1,2022-08-25 09:05:20
1661418320730756000,54.1,8,54.0,149,54.3,25,2,2022-08-25 09:05:20
1661418320730756000,54.0,2,54.0,149,54.3,25,2,2022-08-25 09:05:20
1661418320776277000,54.0,1,54.0,148,54.3,26,2,2022-08-25 09:05:20
1661418320819843000,54.0,2,54.0,146,54.3,26,2,2022-08-25 09:05:20
1661418320960132000,54.1,2,54.0,146,54.1,3,1,2022-08-25 09:05:20
1661418321051503000,54.0,1,54.0,145,54.1,3,2,2022-08-25 09:05:21
1661418321648781000,54.1,4,54.1,3,54.2,1,1,2022-08-25 09:05:21
1661418321855108000,54.1,1,54.1,2,54.2,1,2,2022-08-25 09:05:21
1661418321961577000,54.1,2,54.0,145,54.1,11,2,2022-08-25 09:05:21
1661418322176743000,54.0,1,54.0,144,54.1,11,2,2022-08-25 09:05:22
1661418322470503000,54.1,1,54.0,144,54.1,15,1,2022-08-25 09:05:22
1661418322933824000,54.1,1,54.0,98,54.1,14,1,2022-08-25 09:05:22
1661418323128782000,54.0,10,54.0,88,54.1,14,2,2022-08-25 09:05:23
1661418323178269000,54.0,1,54.0,87,54.1,14,2,2022-08-25 09:05:23
1661418325217415000,54.0,3,54.0,84,54.1,14,2,2022-08-25 09:05:25
1661418325218595000,54.0,7,54.0,77,54.1,14,2,2022-08-25 09:05:25
1661418325219334000,54.0,8,54.0,69,54.1,14,2,2022-08-25 09:05:25
1661418325220799000,54.0,12,54.0,57,54.1,14,2,2022-08-25 09:05:25
1661418325221261000,54.0,6,54.0,51,54.1,14,2,2022-08-25 09:05:25
1661418325222419000,54.0,1,54.0,50,54.1,14,2,2022-08-25 09:05:25
1661418325401148000,54.0,1,54.0,44,54.1,14,2,2022-08-25 09:05:25
1661418325712508000,54.0,5,54.0,39,54.1,14,2,2022-08-25 09:05:25
1661418325745079000,54.0,8,54.0,31,54.1,14,2,2022-08-25 09:05:25
1661418325797624000,54.0,1,54.0,31,54.1,14,2,2022-08-25 09:05:25
1661418326144700000,54.0,3,54.0,28,54.1,31,2,2022-08-25 09:05:26
1661418326184060000,54.0,1,54.0,27,54.1,31,2,2022-08-25 09:05:26
1661418326600825000,54.0,1,54.0,27,54.1,14,2,2022-08-25 09:05:26
1661418326608569000,54.0,5,54.0,28,54.1,14,2,2022-08-25 09:05:26
1661418326933415000,54.0,6,54.0,16,54.1,14,2,2022-08-25 09:05:26
1661418327128714000,54.0,6,54.0,10,54.1,14,2,2022-08-25 09:05:27
1661418327450601000,54.0,5,54.0,5,54.1,14,2,2022-08-25 09:05:27
1661418327483159000,54.0,1,54.0,4,54.1,14,2,2022-08-25 09:05:27
1661418327573476000,54.0,1,54.0,4,54.1,15,2,2022-08-25 09:05:27
1661418327687293000,54.0,1,54.0,2,54.1,15,2,2022-08-25 09:05:27
1661418327826308000,54.0,1,54.0,3,54.1,15,2,2022-08-25 09:05:27
1661418328004850000,54.0,3,53.9,60,54.0,7,2,2022-08-25 09:05:28
1661418328041009000,54.0,3,53.9,60,54.0,4,1,2022-08-25 09:05:28
1661418328565790000,53.9,1,53.9,60,54.0,10,2,2022-08-25 09:05:28
1661418329047431000,54.0,1,53.9,60,54.0,27,1,2022-08-25 09:05:29
1661418329120179000,54.0,1,53.9,60,54.0,28,1,2022-08-25 09:05:29
1661418329156066000,53.9,1,53.9,59,54.0,26,2,2022-08-25 09:05:29
1661418329550733000,53.9,1,53.9,12,54.0,21,2,2022-08-25 09:05:29
1661418329609515000,54.0,1,53.9,13,54.0,21,1,2022-08-25 09:05:29
1661418329896813000,53.9,2,53.9,10,54.0,21,2,2022-08-25 09:05:29
1661418329940748000,53.9,1,53.9,9,54.0,21,2,2022-08-25 09:05:29
1661418330375426000,54.0,3,53.9,9,54.0,9,1,2022-08-25 09:05:30
1661418330594447000,53.9,4,53.9,8,54.0,9,2,2022-08-25 09:05:30
1661418330753647000,53.9,1,53.9,3,54.0,9,2,2022-08-25 09:05:30
1661418330811878000,54.0,1,53.9,3,54.0,8,1,2022-08-25 09:05:30
1661418331079261000,53.9,1,53.9,3,54.0,15,2,2022-08-25 09:05:31
1661418331931021000,53.9,1,53.9,1,54.0,15,2,2022-08-25 09:05:31
1661418332366317000,53.9,5,53.9,7,54.0,15,2,2022-08-25 09:05:32
1661418333396489000,53.9,1,53.9,9,54.0,8,2,2022-08-25 09:05:33
1661418333460279000,54.0,2,53.9,9,54.0,6,1,2022-08-25 09:05:33
1661418334100456000,53.9,3,53.9,14,54.0,13,2,2022-08-25 09:05:34
1661418334349330000,54.0,4,53.9,12,54.0,9,1,2022-08-25 09:05:34
1661418334682046000,54.0,4,53.9,12,54.0,6,1,2022-08-25 09:05:34
1661418334827504000,54.0,4,53.9,8,54.0,2,1,2022-08-25 09:05:34
1661418334957833000,54.0,2,54.0,2,54.1,14,1,2022-08-25 09:05:34
1661418335029663000,54.0,1,54.0,1,54.1,14,2,2022-08-25 09:05:35
1661418335693307000,54.0,1,53.9,11,54.1,14,2,2022-08-25 09:05:35
1661418335912770000,54.0,1,53.9,16,54.1,14,2,2022-08-25 09:05:35
1661418336012801000,54.0,1,54.0,1,54.1,14,2,2022-08-25 09:05:36
1661418336438435000,54.0,1,53.9,17,54.1,14,2,2022-08-25 09:05:36
1661418336438435000,53.9,9,53.9,17,54.1,14,2,2022-08-25 09:05:36
1661418336551963000,53.9,1,54.0,1,54.1,14,2,2022-08-25 09:05:36
1661418337700057000,54.0,1,53.9,21,54.0,1,2,2022-08-25 09:05:37
1661418337728788000,54.0,1,53.9,21,54.1,14,1,2022-08-25 09:05:37
1661418337890264000,54.0,2,53.9,21,54.0,6,2,2022-08-25 09:05:37
1661418338119556000,54.0,5,53.9,21,54.0,6,1,2022-08-25 09:05:38
1661418338153669000,54.0,1,53.9,21,54.1,14,1,2022-08-25 09:05:38
1661418338430206000,54.0,1,53.9,22,54.1,14,1,2022-08-25 09:05:38
1661418338751161000,54.1,2,53.9,22,54.1,12,1,2022-08-25 09:05:38
1661418338854164000,53.9,1,53.9,21,54.1,17,2,2022-08-25 09:05:38
1661418339624283000,54.1,3,53.9,23,54.1,14,1,2022-08-25 09:05:39
1661418339740009000,54.0,1,53.9,23,54.0,1,1,2022-08-25 09:05:39
1661418340019394000,54.0,1,53.9,24,54.0,1,1,2022-08-25 09:05:40
1661418341069706000,54.0,3,53.9,30,54.0,1,1,2022-08-25 09:05:41
1661418341102437000,54.0,1,53.9,30,54.1,18,1,2022-08-25 09:05:41
1661418341108611000,54.1,2,53.9,30,54.1,16,1,2022-08-25 09:05:41
1661418341146602000,54.1,5,53.9,31,54.1,11,1,2022-08-25 09:05:41
1661418341207343000,54.1,3,53.9,31,54.1,8,1,2022-08-25 09:05:41
1661418341227833000,54.1,8,53.9,31,54.2,5,1,2022-08-25 09:05:41
1661418341481604000,53.9,1,53.9,30,54.2,5,2,2022-08-25 09:05:41
1661418341710577000,54.0,1,53.9,30,54.2,7,1,2022-08-25 09:05:41
1661418342852126000,54.1,10,54.1,1,54.2,7,1,2022-08-25 09:05:42
1661418344175123000,54.1,1,54.0,26,54.2,5,2,2022-08-25 09:05:44
1661418344593006000,54.0,1,54.0,32,54.2,5,2,2022-08-25 09:05:44
1661418344821291000,54.2,5,54.0,31,54.3,28,1,2022-08-25 09:05:44
1661418345208323000,54.1,2,54.0,30,54.3,27,2,2022-08-25 09:05:45
1661418345208323000,54.0,1,54.0,30,54.3,27,2,2022-08-25 09:05:45
1661418345961924000,54.1,1,54.0,34,54.3,27,2,2022-08-25 09:05:45
1661418346507802000,54.1,5,54.0,41,54.3,27,1,2022-08-25 09:05:46
1661418346794965000,54.1,1,54.0,43,54.3,27,1,2022-08-25 09:05:46
1661418347222645000,54.1,1,54.0,39,54.3,27,2,2022-08-25 09:05:47
1661418347222645000,54.0,1,54.0,39,54.3,27,2,2022-08-25 09:05:47
1661418348900821000,54.1,2,54.1,2,54.2,14,2,2022-08-25 09:05:48
1661418349071540000,54.1,2,54.0,44,54.2,15,2,2022-08-25 09:05:49
1661418350974271000,54.1,1,54.1,8,54.2,14,2,2022-08-25 09:05:50
1661418353423664000,54.2,5,54.1,12,54.2,20,1,2022-08-25 09:05:53
1661418353580165000,54.2,1,54.1,12,54.2,25,1,2022-08-25 09:05:53
1661418353901844000,54.1,4,54.1,8,54.2,19,2,2022-08-25 09:05:53
1661418354557469000,54.2,1,54.1,9,54.2,19,1,2022-08-25 09:05:54
1661418355794026000,54.2,10,54.1,9,54.2,8,1,2022-08-25 09:05:55
1661418355811315000,54.2,4,54.1,9,54.2,4,1,2022-08-25 09:05:55
1661418355913867000,54.2,4,54.1,20,54.3,27,1,2022-08-25 09:05:55
1661418355943863000,54.1,1,54.1,21,54.3,26,2,2022-08-25 09:05:55
1661418355961912000,54.1,5,54.1,16,54.3,26,2,2022-08-25 09:05:55
1661418357531719000,54.1,1,54.1,18,54.3,26,2,2022-08-25 09:05:57
1661418361917556000,54.1,1,54.1,22,54.2,8,2,2022-08-25 09:06:01
1661418362606100000,54.1,1,54.1,21,54.2,8,2,2022-08-25 09:06:02
1661418362942425000,54.2,3,54.1,21,54.2,5,1,2022-08-25 09:06:02
1661418364773911000,54.1,1,54.1,23,54.2,6,2,2022-08-25 09:06:04
1661418365166155000,54.2,8,54.1,23,54.2,3,1,2022-08-25 09:06:05
1661418365199851000,54.2,3,54.1,23,54.3,36,1,2022-08-25 09:06:05
1661418366082587000,54.2,1,54.2,1,54.3,36,2,2022-08-25 09:06:06
1661418366435411000,54.2,1,54.2,1,54.3,36,2,2022-08-25 09:06:06
1661418367053346000,54.3,36,54.2,2,54.4,43,1,2022-08-25 09:06:07
1661418367053346000,54.4,88,54.2,2,54.4,43,1,2022-08-25 09:06:07
1661418367302431000,54.2,1,54.2,1,54.4,43,2,2022-08-25 09:06:07
1661418367391746000,54.4,1,54.2,1,54.4,43,1,2022-08-25 09:06:07
1661418370431790000,54.4,1,54.2,6,54.4,42,1,2022-08-25 09:06:10
1661418371472931000,54.3,1,54.2,15,54.4,23,1,2022-08-25 09:06:11
1661418371472931000,54.4,19,54.2,15,54.4,23,1,2022-08-25 09:06:11
1661418372189527000,54.4,1,54.2,21,54.4,24,1,2022-08-25 09:06:12
1661418374195756000,54.4,1,54.3,8,54.4,23,1,2022-08-25 09:06:14
1661418374251002000,54.4,2,54.3,8,54.4,21,1,2022-08-25 09:06:14
1661418375428486000,54.4,1,54.3,8,54.4,20,1,2022-08-25 09:06:15
1661418375550586000,54.3,5,54.3,3,54.4,20,2,2022-08-25 09:06:15
1661418376083360000,54.4,15,54.3,3,54.4,6,1,2022-08-25 09:06:16
1661418376176062000,54.4,2,54.3,4,54.4,3,1,2022-08-25 09:06:16
1661418376210957000,54.4,3,54.3,4,54.5,10,1,2022-08-25 09:06:16
1661418376845968000,54.4,1,54.3,6,54.5,12,2,2022-08-25 09:06:16
1661418377110241000,54.4,1,54.3,6,54.5,12,2,2022-08-25 09:06:17
1661418378292382000,54.3,8,54.2,24,54.4,7,2,2022-08-25 09:06:18
1661418378539771000,54.4,1,54.3,9,54.4,6,1,2022-08-25 09:06:18
1661418378792607000,54.3,1,54.3,9,54.4,6,2,2022-08-25 09:06:18
1661418379500709000,54.3,11,54.2,24,54.4,28,2,2022-08-25 09:06:19
1661418380079581000,54.3,1,54.2,24,54.4,28,1,2022-08-25 09:06:20
1661418380128218000,54.3,1,54.2,24,54.4,26,1,2022-08-25 09:06:20
1661418380128218000,54.4,2,54.2,24,54.4,26,1,2022-08-25 09:06:20
1661418381138163000,54.3,1,54.2,24,54.3,1,1,2022-08-25 09:06:21
1661418381138163000,54.4,1,54.2,24,54.3,1,1,2022-08-25 09:06:21
1661418382256674000,54.4,1,54.2,25,54.4,25,1,2022-08-25 09:06:22
1661418382485192000,54.4,1,54.2,26,54.4,25,1,2022-08-25 09:06:22
1661418385556718000,54.4,1,54.3,1,54.4,26,1,2022-08-25 09:06:25
1661418387875885000,54.4,1,54.3,2,54.4,24,1,2022-08-25 09:06:27
1661418389216915000,54.4,2,54.3,2,54.4,22,1,2022-08-25 09:06:29
1661418391304067000,54.3,1,54.3,4,54.4,22,2,2022-08-25 09:06:31
1661418391409580000,54.4,5,54.3,4,54.4,17,1,2022-08-25 09:06:31
1661418392774604000,54.4,1,54.3,4,54.4,16,1,2022-08-25 09:06:32
1661418393889927000,54.3,4,54.3,1,54.4,16,2,2022-08-25 09:06:33
1661418394339120000,54.4,1,54.3,2,54.4,22,1,2022-08-25 09:06:34
1661418394345566000,54.4,22,54.3,2,54.5,40,1,2022-08-25 09:06:34
1661418394345566000,54.5,112,54.3,2,54.5,40,1,2022-08-25 09:06:34
1661418395355523000,54.4,1,54.4,1,54.5,40,1,2022-08-25 09:06:35
1661418395827833000,54.4,1,54.3,5,54.5,40,2,2022-08-25 09:06:35
1661418395827833000,54.3,2,54.3,5,54.5,40,2,2022-08-25 09:06:35
1661418395919343000,54.4,1,54.3,5,54.5,40,1,2022-08-25 09:06:35
1661418395962223000,54.5,40,54.3,5,54.6,48,1,2022-08-25 09:06:35
1661418395962223000,54.6,94,54.3,5,54.6,48,1,2022-08-25 09:06:35
1661418396275904000,54.6,1,54.3,5,54.6,47,1,2022-08-25 09:06:36
1661418396525387000,54.3,5,54.2,39,54.6,47,2,2022-08-25 09:06:36
1661418396525387000,54.2,1,54.2,39,54.6,47,2,2022-08-25 09:06:36
1661418396839894000,54.3,1,54.3,1,54.6,47,2,2022-08-25 09:06:36
1661418396928291000,54.4,1,54.4,3,54.6,47,2,2022-08-25 09:06:36
1661418397070840000,54.4,3,54.2,38,54.6,47,2,2022-08-25 09:06:37
1661418397070840000,54.3,1,54.2,38,54.6,47,2,2022-08-25 09:06:37
1661418397070840000,54.2,1,54.2,38,54.6,47,2,2022-08-25 09:06:37
1661418398534987000,54.4,1,54.4,1,54.5,5,2,2022-08-25 09:06:38
1661418399251359000,54.5,3,54.3,5,54.5,2,1,2022-08-25 09:06:39
1661418399386591000,54.3,1,54.3,4,54.5,2,2,2022-08-25 09:06:39
1661418399789807000,54.3,1,54.3,3,54.4,1,2,2022-08-25 09:06:39
1661418400772978000,54.4,1,54.3,5,54.5,2,1,2022-08-25 09:06:40
1661418400829715000,54.5,1,54.3,6,54.5,1,1,2022-08-25 09:06:40
1661418402503959000,54.4,1,54.3,13,54.4,4,2,2022-08-25 09:06:42
1661418402544454000,54.3,1,54.3,12,54.4,4,2,2022-08-25 09:06:42
1661418402580174000,54.3,1,54.3,11,54.4,4,2,2022-08-25 09:06:42
1661418402629735000,54.4,1,54.3,11,54.4,3,1,2022-08-25 09:06:42
1661418404433996000,54.3,3,54.3,9,54.4,5,2,2022-08-25 09:06:44
1661418404858576000,54.4,1,54.3,12,54.4,5,1,2022-08-25 09:06:44
1661418405926181000,54.4,4,54.4,1,54.5,6,1,2022-08-25 09:06:45
1661418405966091000,54.4,1,54.3,12,54.5,6,2,2022-08-25 09:06:45
1661418406272490000,54.5,1,54.3,12,54.5,5,1,2022-08-25 09:06:46
1661418406813506000,54.4,1,54.3,12,54.5,5,2,2022-08-25 09:06:46
1661418408546583000,54.5,2,54.4,6,54.5,3,1,2022-08-25 09:06:48
1661418410346192000,54.4,3,54.4,3,54.5,4,2,2022-08-25 09:06:50
1661418410384225000,54.4,3,54.3,15,54.5,4,2,2022-08-25 09:06:50
1661418410529347000,54.4,1,54.4,1,54.5,4,2,2022-08-25 09:06:50
1661418413696608000,54.4,1,54.4,1,54.5,8,2,2022-08-25 09:06:53
1661418413723053000,54.4,1,54.4,1,54.5,8,2,2022-08-25 09:06:53
1661418413740496000,54.5,1,54.3,20,54.5,11,1,2022-08-25 09:06:53
1661418414178614000,54.4,1,54.4,1,54.5,18,2,2022-08-25 09:06:54
1661418414930720000,54.4,4,54.3,20,54.4,4,2,2022-08-25 09:06:54
1661418414956146000,54.3,1,54.3,19,54.4,4,2,2022-08-25 09:06:54
1661418415060218000,54.4,1,54.3,20,54.4,4,1,2022-08-25 09:06:55
1661418416583038000,54.4,1,54.3,29,54.4,8,1,2022-08-25 09:06:56
1661418417580857000,54.4,1,54.3,29,54.4,7,1,2022-08-25 09:06:57
1661418417837333000,54.4,1,54.3,29,54.4,6,1,2022-08-25 09:06:57
1661418417852893000,54.4,1,54.3,29,54.4,5,1,2022-08-25 09:06:57
1661418417883191000,54.4,4,54.3,29,54.4,1,1,2022-08-25 09:06:57
1661418417936432000,54.3,1,54.3,28,54.4,1,2,2022-08-25 09:06:57
1661418417936449000,54.3,1,54.3,27,54.4,1,2,2022-08-25 09:06:57
1661418417937820000,54.4,1,54.4,1,54.5,20,1,2022-08-25 09:06:57
1661418417969100000,54.4,1,54.3,27,54.5,20,2,2022-08-25 09:06:57
1661418418043345000,54.3,1,54.3,26,54.4,1,2,2022-08-25 09:06:58
1661418418109932000,54.3,1,54.3,25,54.4,1,2,2022-08-25 09:06:58
1661418418156024000,54.4,1,54.3,25,54.5,22,1,2022-08-25 09:06:58
1661418418197785000,54.4,2,54.4,1,54.5,22,2,2022-08-25 09:06:58
1661418418228911000,54.4,1,54.3,25,54.5,22,2,2022-08-25 09:06:58
1661418420347947000,54.4,5,54.4,2,54.5,53,2,2022-08-25 09:07:00
1661418420367307000,54.4,2,54.3,29,54.5,53,2,2022-08-25 09:07:00
1661418420648223000,54.4,3,54.4,3,54.5,52,2,2022-08-25 09:07:00
1661418420648223000,54.3,2,54.4,3,54.5,52,2,2022-08-25 09:07:00
1661418421178230000,54.4,1,54.3,25,54.4,4,1,2022-08-25 09:07:01
1661418421417041000,54.4,1,54.3,25,54.4,2,1,2022-08-25 09:07:01
1661418423900746000,54.4,1,54.3,28,54.4,1,1,2022-08-25 09:07:03
1661418425111499000,54.3,1,54.3,28,54.4,2,2,2022-08-25 09:07:05
1661418426208127000,54.3,6,54.3,21,54.4,2,2,2022-08-25 09:07:06
1661418426240044000,54.3,1,54.3,20,54.4,2,2,2022-08-25 09:07:06
1661418427129148000,54.4,1,54.3,22,54.4,1,1,2022-08-25 09:07:07
1661418427232501000,54.4,1,54.3,23,54.5,61,1,2022-08-25 09:07:07
1661418430777980000,54.5,1,54.3,27,54.5,60,1,2022-08-25 09:07:10
1661418433446681000,54.3,1,54.3,27,54.4,6,2,2022-08-25 09:07:13
1661418434076150000,54.4,1,54.3,27,54.4,5,1,2022-08-25 09:07:14
1661418437362599000,54.4,2,54.3,28,54.4,8,1,2022-08-25 09:07:17
1661418437650384000,54.4,1,54.3,28,54.4,8,1,2022-08-25 09:07:17
1661418438365802000,54.4,1,54.3,28,54.4,6,1,2022-08-25 09:07:18
1661418439257570000,54.4,6,54.4,241,54.5,66,1,2022-08-25 09:07:19
1661418441614648000,54.4,1,54.4,241,54.5,66,2,2022-08-25 09:07:21
1661418442404274000,54.5,1,54.4,241,54.5,65,1,2022-08-25 09:07:22
1661418442513898000,54.5,1,54.4,241,54.5,64,1,2022-08-25 09:07:22
1661418443050604000,54.5,1,54.4,241,54.5,63,1,2022-08-25 09:07:23
1661418443160802000,54.5,1,54.4,241,54.5,62,1,2022-08-25 09:07:23
1661418443961355000,54.5,4,54.4,241,54.5,56,1,2022-08-25 09:07:23
1661418444140463000,54.4,10,54.4,231,54.5,56,2,2022-08-25 09:07:24
1661418444172584000,54.4,1,54.4,232,54.5,56,2,2022-08-25 09:07:24
1661418444789252000,54.5,2,54.4,231,54.5,54,1,2022-08-25 09:07:24
1661418445539863000,54.5,1,54.4,231,54.5,54,1,2022-08-25 09:07:25
1661418445724094000,54.5,53,54.4,231,54.6,58,1,2022-08-25 09:07:25
1661418445724094000,54.6,194,54.4,231,54.6,58,1,2022-08-25 09:07:25
1661418445748220000,54.6,2,54.4,231,54.6,56,1,2022-08-25 09:07:25
1661418446349527000,54.6,1,54.4,232,54.6,55,1,2022-08-25 09:07:26
1661418447948060000,54.6,1,54.5,21,54.6,55,1,2022-08-25 09:07:27
1661418448761900000,54.6,2,54.5,41,54.6,52,1,2022-08-25 09:07:28
1661418448905678000,54.5,1,54.5,40,54.6,52,2,2022-08-25 09:07:28
1661418449625421000,54.6,1,54.5,45,54.6,52,1,2022-08-25 09:07:29
1661418450175329000,54.6,1,54.5,45,54.6,50,1,2022-08-25 09:07:30
1661418451353978000,54.5,1,54.5,44,54.6,50,2,2022-08-25 09:07:31
1661418451414986000,54.6,2,54.5,44,54.6,48,1,2022-08-25 09:07:31
1661418451466191000,54.6,2,54.5,44,54.6,46,1,2022-08-25 09:07:31
1661418451500427000,54.6,1,54.5,44,54.6,45,1,2022-08-25 09:07:31
1661418451761699000,54.6,2,54.5,45,54.6,43,1,2022-08-25 09:07:31
1661418452217341000,54.6,5,54.5,46,54.6,38,1,2022-08-25 09:07:32
1661418452246701000,54.6,5,54.5,46,54.6,33,1,2022-08-25 09:07:32
1661418452522822000,54.6,1,54.5,46,54.6,32,1,2022-08-25 09:07:32
1661418452572603000,54.6,3,54.5,46,54.6,29,1,2022-08-25 09:07:32
1661418452798871000,54.6,2,54.5,46,54.6,27,1,2022-08-25 09:07:32
1661418452832510000,54.6,2,54.5,46,54.6,25,1,2022-08-25 09:07:32
1661418453262586000,54.6,5,54.5,51,54.6,21,1,2022-08-25 09:07:33
1661418453916796000,54.6,20,54.5,51,54.6,2,1,2022-08-25 09:07:33
1661418453952161000,54.6,2,54.5,51,54.7,23,1,2022-08-25 09:07:33
1661418455482063000,54.6,1,54.6,17,54.7,23,2,2022-08-25 09:07:35
1661418455783695000,54.6,1,54.6,17,54.7,23,2,2022-08-25 09:07:35
1661418456308951000,54.7,5,54.6,21,54.7,18,1,2022-08-25 09:07:36
1661418456512669000,54.7,3,54.6,21,54.7,15,1,2022-08-25 09:07:36
1661418457694805000,54.6,1,54.6,25,54.7,15,2,2022-08-25 09:07:37
1661418458486856000,54.7,15,54.7,5,54.8,39,1,2022-08-25 09:07:38
1661418458910026000,54.7,3,54.7,2,54.8,39,2,2022-08-25 09:07:38
1661418458936246000,54.7,2,54.6,26,54.8,39,2,2022-08-25 09:07:38
1661418459110538000,54.8,3,54.6,28,54.8,36,1,2022-08-25 09:07:39
1661418459447824000,54.8,1,54.7,2,54.8,34,1,2022-08-25 09:07:39
1661418459738640000,54.7,1,54.7,2,54.8,34,2,2022-08-25 09:07:39
1661418460190274000,54.7,1,54.7,2,54.8,34,2,2022-08-25 09:07:40
1661418460260383000,54.8,1,54.7,1,54.8,33,1,2022-08-25 09:07:40
1661418460548577000,54.8,1,54.7,1,54.8,32,1,2022-08-25 09:07:40
1661418461162749000,54.8,32,54.7,2,54.8,32,1,2022-08-25 09:07:41
1661418461162749000,54.9,279,54.7,2,54.8,32,1,2022-08-25 09:07:41
1661418461260708000,54.9,1,54.7,4,54.9,59,1,2022-08-25 09:07:41
1661418461301295000,54.7,1,54.7,3,54.9,59,2,2022-08-25 09:07:41
1661418461329777000,54.7,1,54.7,2,54.9,59,2,2022-08-25 09:07:41
1661418462047291000,54.9,1,54.8,1,54.9,59,1,2022-08-25 09:07:42
1661418462367757000,54.8,1,54.7,2,54.9,58,2,2022-08-25 09:07:42
1661418462367757000,54.7,1,54.7,2,54.9,58,2,2022-08-25 09:07:42
1661418462395588000,54.7,1,54.7,1,54.9,58,2,2022-08-25 09:07:42
1661418462870476000,54.8,1,54.8,4,54.9,58,2,2022-08-25 09:07:42
1661418462891514000,54.8,2,54.8,2,54.9,58,2,2022-08-25 09:07:42
1661418463457966000,54.9,1,54.8,2,54.9,57,1,2022-08-25 09:07:43
1661418463619341000,54.9,5,54.8,2,54.9,58,1,2022-08-25 09:07:43
1661418464281147000,54.9,20,54.8,2,54.9,32,1,2022-08-25 09:07:44
1661418465464995000,54.8,1,54.8,4,54.9,32,2,2022-08-25 09:07:45
1661418466094090000,54.9,5,54.8,4,54.9,27,1,2022-08-25 09:07:46
1661418466117412000,54.9,2,54.8,4,54.9,25,1,2022-08-25 09:07:46
1661418466496074000,54.9,1,54.8,4,54.9,24,1,2022-08-25 09:07:46
1661418466502547000,54.8,2,54.8,2,54.9,24,2,2022-08-25 09:07:46
1661418466533143000,54.9,7,54.8,2,54.9,17,1,2022-08-25 09:07:46
1661418467040491000,54.8,2,54.7,10,54.9,17,2,2022-08-25 09:07:47
1661418468147658000,54.9,2,54.8,1,54.9,15,1,2022-08-25 09:07:48
1661418468756412000,54.8,1,54.7,12,54.9,15,2,2022-08-25 09:07:48
1661418468756412000,54.7,1,54.7,12,54.9,15,2,2022-08-25 09:07:48
1661418469041245000,54.9,1,54.7,12,54.9,14,1,2022-08-25 09:07:49
1661418469042467000,54.9,10,54.7,12,54.9,4,1,2022-08-25 09:07:49
1661418469081172000,54.9,4,54.7,12,55.0,58,1,2022-08-25 09:07:49
1661418469374115000,54.9,1,54.7,12,55.0,58,2,2022-08-25 09:07:49
1661418470123298000,54.9,2,54.8,6,54.9,1,1,2022-08-25 09:07:50
1661418470190666000,54.9,1,54.8,7,54.9,1,1,2022-08-25 09:07:50
1661418470190666000,55.0,4,54.8,7,54.9,1,1,2022-08-25 09:07:50
1661418470649328000,55.0,1,54.8,8,55.0,53,1,2022-08-25 09:07:50
1661418471367463000,54.9,1,54.8,11,55.0,53,2,2022-08-25 09:07:51
1661418471415042000,54.8,2,54.8,9,55.0,53,2,2022-08-25 09:07:51
1661418471694875000,54.9,1,54.8,9,54.9,1,1,2022-08-25 09:07:51
1661418472208244000,55.0,2,54.8,13,55.0,53,1,2022-08-25 09:07:52
1661418472269320000,54.9,1,54.8,13,55.0,51,2,2022-08-25 09:07:52
1661418472359609000,54.8,3,54.8,10,54.9,5,2,2022-08-25 09:07:52
1661418472377066000,54.9,1,54.8,13,54.9,5,1,2022-08-25 09:07:52
1661418473438869000,54.9,8,54.9,2,55.0,51,1,2022-08-25 09:07:53
1661418473470622000,54.9,2,54.8,10,55.0,51,2,2022-08-25 09:07:53
1661418473735248000,55.0,10,54.8,10,55.0,41,1,2022-08-25 09:07:53
1661418474484283000,54.8,2,54.8,58,55.0,41,2,2022-08-25 09:07:54
1661418475131265000,54.9,1,54.8,106,55.0,43,1,2022-08-25 09:07:55
1661418475154573000,55.0,1,54.8,106,55.0,42,1,2022-08-25 09:07:55
1661418475550707000,54.9,1,54.8,106,54.9,4,1,2022-08-25 09:07:55
1661418475848043000,54.9,2,54.8,106,54.9,1,1,2022-08-25 09:07:55
1661418475991977000,54.9,1,54.8,106,55.0,42,1,2022-08-25 09:07:55
1661418476030517000,55.0,6,54.8,106,55.0,36,1,2022-08-25 09:07:56
1661418476075363000,55.0,1,54.8,106,55.0,35,1,2022-08-25 09:07:56
1661418476189161000,55.0,2,54.8,106,55.0,33,1,2022-08-25 09:07:56
1661418476365809000,54.8,2,54.8,104,55.0,33,2,2022-08-25 09:07:56
1661418476401266000,54.8,1,54.8,104,55.0,33,2,2022-08-25 09:07:56
1661418476830523000,54.9,1,54.9,5,55.0,33,1,2022-08-25 09:07:56
1661418476927311000,55.0,10,54.9,5,55.0,23,1,2022-08-25 09:07:56
1661418477135185000,55.0,1,54.9,5,55.0,22,1,2022-08-25 09:07:57
1661418477587743000,54.9,5,54.8,105,54.9,43,2,2022-08-25 09:07:57
1661418477591762000,54.9,1,54.8,105,54.9,42,1,2022-08-25 09:07:57
1661418477597420000,54.9,1,54.8,105,54.9,41,1,2022-08-25 09:07:57
1661418478397179000,54.9,1,54.8,105,54.9,41,1,2022-08-25 09:07:58
1661418478485606000,54.9,1,54.8,105,54.9,40,1,2022-08-25 09:07:58
1661418478688829000,54.9,1,54.8,105,54.9,43,1,2022-08-25 09:07:58
1661418478916065000,54.9,1,54.8,105,54.9,41,1,2022-08-25 09:07:58
1661418479116456000,54.9,2,54.8,105,54.9,39,1,2022-08-25 09:07:59
1661418479208798000,54.9,2,54.8,105,54.9,37,1,2022-08-25 09:07:59
1661418479379712000,54.8,9,54.7,15,54.9,37,2,2022-08-25 09:07:59
1661418479520630000,54.8,1,54.7,13,54.8,2,1,2022-08-25 09:07:59
1661418479565316000,54.7,1,54.7,13,54.8,3,2,2022-08-25 09:07:59
1661418479717300000,54.8,1,54.7,12,54.8,1,1,2022-08-25 09:07:59
1661418480051585000,54.8,1,54.7,12,54.8,4,1,2022-08-25 09:08:00
1661418480135821000,54.7,1,54.7,11,54.8,7,2,2022-08-25 09:08:00
1661418480187792000,54.8,1,54.7,12,54.8,7,1,2022-08-25 09:08:00
1661418480511613000,54.7,1,54.7,10,54.8,15,2,2022-08-25 09:08:00
1661418480513786000,54.8,5,54.7,10,54.8,10,1,2022-08-25 09:08:00
1661418480648990000,54.8,4,54.7,10,54.8,10,1,2022-08-25 09:08:00
1661418480960149000,54.8,1,54.7,10,54.8,7,1,2022-08-25 09:08:00
1661418481450987000,54.8,5,54.7,10,54.8,1,1,2022-08-25 09:08:01
1661418481480608000,54.7,1,54.7,9,54.8,1,2,2022-08-25 09:08:01
1661418481486855000,54.8,1,54.7,9,54.9,47,1,2022-08-25 09:08:01
1661418481486855000,54.9,1,54.7,9,54.9,47,1,2022-08-25 09:08:01
1661418481501299000,54.9,10,54.7,10,54.8,6,1,2022-08-25 09:08:01
1661418482905138000,54.9,1,54.7,9,54.9,28,1,2022-08-25 09:08:02
1661418483285541000,54.8,2,54.7,9,54.9,30,2,2022-08-25 09:08:03
1661418484344205000,54.8,1,54.7,9,54.9,30,2,2022-08-25 09:08:04
1661418484954764000,54.8,2,54.7,10,54.9,41,1,2022-08-25 09:08:04
1661418485030417000,54.9,3,54.7,10,54.8,2,1,2022-08-25 09:08:05
1661418485499142000,54.8,1,54.7,17,54.9,38,2,2022-08-25 09:08:05
1661418485583862000,54.9,1,54.8,1,54.9,37,1,2022-08-25 09:08:05
1661418486257924000,54.8,1,54.8,2,54.9,37,2,2022-08-25 09:08:06
1661418486309678000,54.8,2,54.7,17,54.8,4,2,2022-08-25 09:08:06
1661418486328174000,54.8,1,54.7,17,54.8,3,1,2022-08-25 09:08:06
1661418486851160000,54.7,1,54.7,21,54.8,4,2,2022-08-25 09:08:06
1661418486876442000,54.8,2,54.7,22,54.8,4,1,2022-08-25 09:08:06
1661418487361443000,54.7,1,54.7,20,54.8,2,2,2022-08-25 09:08:07
1661418487523766000,54.8,1,54.7,22,54.8,5,1,2022-08-25 09:08:07
1661418487558926000,54.8,2,54.7,22,54.8,3,1,2022-08-25 09:08:07
1661418487692952000,54.8,1,54.7,22,54.8,5,1,2022-08-25 09:08:07
1661418489492133000,54.8,1,54.7,24,54.8,1,1,2022-08-25 09:08:09
1661418490053747000,54.7,1,54.7,23,54.8,2,2,2022-08-25 09:08:10
1661418490225095000,54.8,1,54.7,23,54.8,2,1,2022-08-25 09:08:10
1661418490458399000,54.7,1,54.7,21,54.8,1,2,2022-08-25 09:08:10
1661418490560473000,54.8,1,54.7,22,54.8,1,1,2022-08-25 09:08:10
1661418490981914000,54.7,7,54.7,14,54.9,41,2,2022-08-25 09:08:10
1661418491027580000,54.8,3,54.7,14,54.9,41,1,2022-08-25 09:08:11
1661418491263180000,54.7,14,54.6,48,54.8,8,2,2022-08-25 09:08:11
1661418491303557000,54.7,1,54.6,48,54.8,8,1,2022-08-25 09:08:11
1661418491310438000,54.8,1,54.6,48,54.8,7,1,2022-08-25 09:08:11
1661418492309745000,54.7,2,54.6,46,54.7,2,1,2022-08-25 09:08:12
1661418492554632000,54.6,1,54.6,45,54.7,5,2,2022-08-25 09:08:12
1661418493279104000,54.7,1,54.6,46,54.7,10,1,2022-08-25 09:08:13
1661418493403529000,54.7,2,54.6,46,54.7,8,1,2022-08-25 09:08:13
1661418493689511000,54.7,1,54.6,46,54.7,8,1,2022-08-25 09:08:13
1661418493773442000,54.7,1,54.6,46,54.7,6,1,2022-08-25 09:08:13
1661418493856757000,54.6,46,54.5,32,54.7,6,2,2022-08-25 09:08:13
1661418493856757000,54.5,2,54.5,32,54.7,6,2,2022-08-25 09:08:13
1661418495636816000,54.5,32,54.4,16,54.5,16,2,2022-08-25 09:08:15
1661418495670300000,54.4,1,54.4,15,54.5,16,2,2022-08-25 09:08:15
1661418495671343000,54.4,1,54.4,14,54.5,16,2,2022-08-25 09:08:15
1661418495678665000,54.4,1,54.4,13,54.5,16,2,2022-08-25 09:08:15
1661418495696172000,54.4,4,54.4,9,54.5,16,2,2022-08-25 09:08:15
1661418495697261000,54.4,1,54.4,8,54.5,16,2,2022-08-25 09:08:15
1661418495821616000,54.4,5,54.4,3,54.5,16,2,2022-08-25 09:08:15
1661418495846377000,54.4,3,54.3,19,54.5,16,2,2022-08-25 09:08:15
1661418496734894000,54.5,5,54.3,19,54.5,11,1,2022-08-25 09:08:16
1661418496795936000,54.5,1,54.3,21,54.5,11,1,2022-08-25 09:08:16
1661418497315474000,54.4,1,54.3,21,54.4,8,1,2022-08-25 09:08:17
1661418497413658000,54.4,2,54.3,21,54.4,6,1,2022-08-25 09:08:17
1661418497715050000,54.4,3,54.3,21,54.4,3,1,2022-08-25 09:08:17
1661418497756901000,54.3,1,54.3,20,54.4,3,2,2022-08-25 09:08:17
1661418497775867000,54.3,1,54.3,19,54.4,3,2,2022-08-25 09:08:17
1661418497796756000,54.3,1,54.3,18,54.4,3,2,2022-08-25 09:08:17
1661418497832366000,54.3,1,54.3,17,54.4,3,2,2022-08-25 09:08:17
1661418497882953000,54.3,1,54.3,14,54.4,3,2,2022-08-25 09:08:17
1661418498054077000,54.4,2,54.3,14,54.4,1,1,2022-08-25 09:08:18
1661418498260702000,54.4,1,54.4,2,54.5,11,1,2022-08-25 09:08:18
1661418498958491000,54.4,3,54.4,2,54.5,11,2,2022-08-25 09:08:18
1661418498970097000,54.4,2,54.3,14,54.4,2,2,2022-08-25 09:08:18
1661418499740604000,54.4,1,54.4,2,54.5,11,2,2022-08-25 09:08:19
1661418500048180000,54.4,1,54.4,1,54.5,11,2,2022-08-25 09:08:20
1661418502938825000,54.4,2,54.4,1,54.5,14,2,2022-08-25 09:08:22
1661418504599264000,54.4,1,54.4,3,54.5,14,2,2022-08-25 09:08:24
1661418505258815000,54.4,1,54.4,2,54.5,10,2,2022-08-25 09:08:25
1661418505615779000,54.4,1,54.4,2,54.5,10,2,2022-08-25 09:08:25
1661418505745479000,54.5,1,54.4,1,54.5,9,1,2022-08-25 09:08:25
1661418505804955000,54.5,1,54.4,1,54.5,8,1,2022-08-25 09:08:25
1661418505966028000,54.5,2,54.4,2,54.5,6,1,2022-08-25 09:08:25
1661418506025780000,54.4,1,54.4,1,54.5,6,2,2022-08-25 09:08:26
1661418507992235000,54.4,1,54.4,8,54.5,10,2,2022-08-25 09:08:27
1661418509147547000,54.4,1,54.4,9,54.5,10,2,2022-08-25 09:08:29
1661418509377360000,54.4,1,54.4,8,54.5,10,2,2022-08-25 09:08:29
1661418509571494000,54.5,1,54.4,9,54.5,9,1,2022-08-25 09:08:29
1661418510825223000,54.5,6,54.4,10,54.6,11,1,2022-08-25 09:08:30
1661418511011752000,54.5,1,54.4,12,54.6,10,1,2022-08-25 09:08:31
1661418511045293000,54.4,1,54.4,12,54.6,9,2,2022-08-25 09:08:31
1661418512114052000,54.5,2,54.4,13,54.5,8,1,2022-08-25 09:08:32
1661418512431768000,54.5,2,54.4,13,54.5,4,1,2022-08-25 09:08:32
1661418513725044000,54.4,2,54.4,12,54.5,4,2,2022-08-25 09:08:33
1661418513754872000,54.4,1,54.4,11,54.5,4,2,2022-08-25 09:08:33
1661418514028013000,54.5,1,54.4,12,54.5,7,1,2022-08-25 09:08:34
1661418514466023000,54.5,1,54.4,12,54.5,6,1,2022-08-25 09:08:34
1661418515547481000,54.5,3,54.4,12,54.5,8,1,2022-08-25 09:08:35
1661418516124225000,54.4,4,54.4,12,54.5,6,2,2022-08-25 09:08:36
1661418516880939000,54.5,1,54.4,6,54.5,7,1,2022-08-25 09:08:36
1661418516932479000,54.4,1,54.4,6,54.5,8,2,2022-08-25 09:08:36
1661418517820614000,54.5,1,54.4,10,54.5,6,1,2022-08-25 09:08:37
1661418518328320000,54.5,6,54.5,14,54.6,13,1,2022-08-25 09:08:38
1661418518520313000,54.6,3,54.5,14,54.6,10,1,2022-08-25 09:08:38
1661418519829290000,54.5,1,54.5,13,54.6,10,2,2022-08-25 09:08:39
1661418521224228000,54.6,2,54.5,62,54.6,8,1,2022-08-25 09:08:41
1661418521258847000,54.6,3,54.5,62,54.6,5,1,2022-08-25 09:08:41
1661418521293571000,54.6,5,54.5,62,54.7,11,1,2022-08-25 09:08:41
1661418523119916000,54.6,1,54.6,1,54.7,12,2,2022-08-25 09:08:43
1661418523999312000,54.6,1,54.6,1,54.7,13,2,2022-08-25 09:08:43
1661418527486283000,54.6,1,54.6,2,54.7,13,2,2022-08-25 09:08:47
1661418527547962000,54.6,1,54.6,1,54.7,13,2,2022-08-25 09:08:47
1661418528079068000,54.7,1,54.6,1,54.7,13,1,2022-08-25 09:08:48
1661418528122101000,54.7,1,54.6,1,54.7,11,1,2022-08-25 09:08:48
1661418528171547000,54.7,10,54.6,1,54.7,1,1,2022-08-25 09:08:48
1661418528770484000,54.6,1,54.5,69,54.7,1,2,2022-08-25 09:08:48
1661418529690224000,54.6,1,54.6,1,54.7,1,2,2022-08-25 09:08:49
1661418531072729000,54.7,1,54.6,2,54.7,3,1,2022-08-25 09:08:51
1661418533743224000,54.7,3,54.6,110,54.7,2,1,2022-08-25 09:08:53
1661418535099153000,54.7,5,54.6,111,54.8,26,1,2022-08-25 09:08:55
1661418537641466000,54.7,1,54.7,5,54.8,26,2,2022-08-25 09:08:57
1661418537706133000,54.7,5,54.6,113,54.7,43,2,2022-08-25 09:08:57
1661418539765310000,54.6,3,54.6,158,54.7,43,2,2022-08-25 09:08:59
1661418539781492000,54.7,1,54.6,158,54.7,42,1,2022-08-25 09:08:59
1661418539893989000,54.7,1,54.6,158,54.7,41,1,2022-08-25 09:08:59
1661418539903042000,54.7,1,54.6,158,54.7,40,1,2022-08-25 09:08:59
1661418540735262000,54.6,39,54.6,119,54.7,40,2,2022-08-25 09:09:00
1661418540744451000,54.7,1,54.6,119,54.7,39,1,2022-08-25 09:09:00
1661418540747004000,54.6,5,54.6,114,54.7,39,2,2022-08-25 09:09:00
1661418540771622000,54.6,1,54.6,113,54.7,41,2,2022-08-25 09:09:00
1661418540778298000,54.6,1,54.6,112,54.7,41,2,2022-08-25 09:09:00
1661418541239870000,54.7,5,54.6,112,54.7,36,1,2022-08-25 09:09:01
1661418541462022000,54.6,10,54.6,102,54.7,37,2,2022-08-25 09:09:01
1661418541514508000,54.6,1,54.6,101,54.7,37,2,2022-08-25 09:09:01
1661418541838106000,54.7,1,54.6,5,54.7,36,1,2022-08-25 09:09:01
1661418541861629000,54.6,5,54.5,74,54.7,36,2,2022-08-25 09:09:01
1661418542035425000,54.7,5,54.5,74,54.7,36,1,2022-08-25 09:09:02
1661418543379684000,54.5,26,54.4,23,54.5,22,2,2022-08-25 09:09:03
1661418543414645000,54.4,1,54.4,22,54.5,22,2,2022-08-25 09:09:03
1661418543416105000,54.4,1,54.4,21,54.5,22,2,2022-08-25 09:09:03
1661418543422372000,54.4,1,54.4,20,54.5,22,2,2022-08-25 09:09:03
1661418543451271000,54.4,1,54.4,19,54.5,22,2,2022-08-25 09:09:03
1661418543451287000,54.4,1,54.4,20,54.5,22,2,2022-08-25 09:09:03
1661418545071813000,54.4,4,54.4,19,54.5,22,2,2022-08-25 09:09:05
1661418545102249000,54.4,1,54.4,14,54.5,22,2,2022-08-25 09:09:05
1661418545510050000,54.4,5,54.4,14,54.5,22,2,2022-08-25 09:09:05
1661418546477203000,54.4,8,54.3,29,54.5,22,2,2022-08-25 09:09:06
1661418547227004000,54.4,1,54.3,30,54.5,22,1,2022-08-25 09:09:07
1661418547527654000,54.5,1,54.3,30,54.5,21,1,2022-08-25 09:09:07
1661418548142756000,54.4,1,54.3,30,54.4,3,2,2022-08-25 09:09:08
1661418550790485000,54.4,3,54.3,28,54.4,2,1,2022-08-25 09:09:10
1661418551510288000,54.4,3,54.3,29,54.4,3,1,2022-08-25 09:09:11
1661418551510288000,54.5,2,54.3,29,54.4,3,1,2022-08-25 09:09:11
1661418552028893000,54.3,1,54.3,28,54.5,23,2,2022-08-25 09:09:12
1661418552766681000,54.4,1,54.3,29,54.4,1,2,2022-08-25 09:09:12
1661418552983403000,54.3,5,54.3,24,54.4,1,2,2022-08-25 09:09:12
1661418553373100000,54.4,1,54.3,24,54.5,23,1,2022-08-25 09:09:13
1661418553480959000,54.4,2,54.4,2,54.5,23,2,2022-08-25 09:09:13
1661418553480959000,54.3,3,54.4,2,54.5,23,2,2022-08-25 09:09:13
1661418554626634000,54.4,1,54.3,23,54.5,23,2,2022-08-25 09:09:14
1661418554626634000,54.3,2,54.3,23,54.5,23,2,2022-08-25 09:09:14
1661418554891596000,54.4,1,54.3,21,54.4,1,1,2022-08-25 09:09:14
1661418555193523000,54.3,22,54.2,279,54.5,23,2,2022-08-25 09:09:15
1661418555193523000,54.2,8,54.2,279,54.5,23,2,2022-08-25 09:09:15
1661418556064823000,54.3,3,54.2,32,54.3,3,1,2022-08-25 09:09:16
1661418556064823000,54.4,2,54.2,32,54.3,3,1,2022-08-25 09:09:16
1661418556305079000,54.4,1,54.2,32,54.4,9,1,2022-08-25 09:09:16
1661418556655177000,54.2,32,54.1,45,54.2,16,2,2022-08-25 09:09:16
1661418556672714000,54.1,1,54.1,44,54.2,16,2,2022-08-25 09:09:16
1661418556672848000,54.1,1,54.1,43,54.2,16,2,2022-08-25 09:09:16
1661418556701376000,54.1,1,54.1,42,54.2,16,2,2022-08-25 09:09:16
1661418556701393000,54.1,1,54.1,41,54.2,16,2,2022-08-25 09:09:16
1661418556701735000,54.1,1,54.1,40,54.2,16,2,2022-08-25 09:09:16
1661418556745579000,54.1,1,54.1,39,54.2,16,2,2022-08-25 09:09:16
1661418556805741000,54.2,1,54.1,45,54.2,16,1,2022-08-25 09:09:16
1661418557099251000,54.2,1,54.1,39,54.2,14,1,2022-08-25 09:09:17
1661418557802868000,54.2,1,54.1,39,54.2,13,1,2022-08-25 09:09:17
1661418558017442000,54.2,2,54.1,39,54.2,11,1,2022-08-25 09:09:18
1661418558043193000,54.1,1,54.1,38,54.2,11,2,2022-08-25 09:09:18
1661418558718346000,54.1,1,54.1,37,54.2,11,2,2022-08-25 09:09:18
1661418558764747000,54.1,1,54.1,36,54.2,11,2,2022-08-25 09:09:18
1661418558935840000,54.1,5,54.1,31,54.2,11,2,2022-08-25 09:09:18
1661418561283287000,54.2,1,54.1,33,54.2,10,1,2022-08-25 09:09:21
1661418561315902000,54.1,1,54.1,32,54.2,10,2,2022-08-25 09:09:21
1661418561433503000,54.1,1,54.1,31,54.2,10,2,2022-08-25 09:09:21
1661418561681033000,54.1,5,54.1,26,54.2,10,2,2022-08-25 09:09:21
1661418562524686000,54.2,2,54.1,26,54.2,10,1,2022-08-25 09:09:22
1661418562831614000,54.1,3,54.1,27,54.2,8,2,2022-08-25 09:09:22
1661418563380793000,54.1,2,54.1,22,54.2,8,2,2022-08-25 09:09:23
1661418565516051000,54.1,10,54.1,12,54.2,14,2,2022-08-25 09:09:25
1661418566508966000,54.2,2,54.1,13,54.2,14,1,2022-08-25 09:09:26
1661418567710223000,54.2,2,54.1,14,54.2,10,1,2022-08-25 09:09:27
1661418567829149000,54.2,2,54.1,14,54.2,8,1,2022-08-25 09:09:27
1661418567900760000,54.2,8,54.2,2,54.3,10,1,2022-08-25 09:09:27
1661418569155563000,54.2,1,54.2,1,54.3,10,2,2022-08-25 09:09:29
1661418571812312000,54.3,2,54.2,4,54.3,13,1,2022-08-25 09:09:31
1661418573627206000,54.3,3,54.2,7,54.3,6,1,2022-08-25 09:09:33
1661418573657695000,54.3,5,54.2,7,54.3,1,1,2022-08-25 09:09:33
1661418573690437000,54.3,1,54.2,7,54.4,8,1,2022-08-25 09:09:33
1661418575747301000,54.4,1,54.3,1,54.4,10,1,2022-08-25 09:09:35
1661418577788370000,54.4,10,54.3,6,54.5,4,1,2022-08-25 09:09:37
1661418578881204000,54.4,1,54.4,1,54.5,6,2,2022-08-25 09:09:38
1661418580034754000,54.4,2,54.3,7,54.4,2,1,2022-08-25 09:09:40
1661418585431720000,54.4,2,54.3,10,54.5,6,2,2022-08-25 09:09:45
1661418585859620000,54.4,1,54.3,11,54.5,7,2,2022-08-25 09:09:45
1661418587101809000,54.5,2,54.4,3,54.5,5,1,2022-08-25 09:09:47
1661418587271525000,54.4,3,54.2,8,54.5,5,2,2022-08-25 09:09:47
1661418587271525000,54.3,11,54.2,8,54.5,5,2,2022-08-25 09:09:47
1661418587271525000,54.2,16,54.2,8,54.5,5,2,2022-08-25 09:09:47
1661418588144278000,54.4,5,54.4,5,54.5,5,2,2022-08-25 09:09:48
1661418588165853000,54.4,4,54.4,1,54.5,5,2,2022-08-25 09:09:48
1661418588168590000,54.4,1,54.2,8,54.4,2,2,2022-08-25 09:09:48
1661418589711110000,54.4,1,54.4,4,54.5,5,2,2022-08-25 09:09:49
1661418590208278000,54.5,5,54.4,4,54.6,9,1,2022-08-25 09:09:50
1661418591396171000,54.4,1,54.4,3,54.5,6,2,2022-08-25 09:09:51
1661418591869105000,54.5,1,54.4,3,54.5,5,1,2022-08-25 09:09:51
1661418593469499000,54.5,3,54.4,3,54.5,7,1,2022-08-25 09:09:53
1661418594569477000,54.4,3,54.3,13,54.4,14,2,2022-08-25 09:09:54
1661418595077831000,54.4,10,54.3,13,54.4,4,1,2022-08-25 09:09:55
1661418595134950000,54.4,2,54.3,13,54.4,2,1,2022-08-25 09:09:55
1661418595174906000,54.4,2,54.3,13,54.5,2,1,2022-08-25 09:09:55
1661418596516721000,54.3,13,54.2,17,54.3,9,2,2022-08-25 09:09:56
1661418596546475000,54.2,1,54.2,16,54.3,9,2,2022-08-25 09:09:56
1661418598728776000,54.5,1,54.2,18,54.5,2,1,2022-08-25 09:09:58
1661418602386352000,54.4,1,54.3,3,54.4,2,1,2022-08-25 09:10:02
1661418606359761000,54.3,1,54.3,8,54.4,2,2,2022-08-25 09:10:06
1661418608412343000,54.5,1,54.3,11,54.5,18,1,2022-08-25 09:10:08
1661418611097653000,54.4,1,54.3,21,54.5,18,2,2022-08-25 09:10:11
1661418615487541000,54.3,1,54.3,20,54.4,13,2,2022-08-25 09:10:15
1661418615731788000,54.4,1,54.3,20,54.4,12,1,2022-08-25 09:10:15
1661418617679564000,54.4,1,54.3,21,54.4,12,1,2022-08-25 09:10:17
1661418617813810000,54.4,1,54.3,21,54.4,11,1,2022-08-25 09:10:17
1661418619711702000,54.4,1,54.3,21,54.4,11,1,2022-08-25 09:10:19
1661418619766439000,54.3,6,54.3,15,54.4,11,2,2022-08-25 09:10:19
1661418619768616000,54.3,5,54.3,10,54.4,11,2,2022-08-25 09:10:19
1661418621311306000,54.4,5,54.3,16,54.4,8,1,2022-08-25 09:10:21
1661418622732489000,54.3,1,54.3,19,54.4,6,2,2022-08-25 09:10:22
1661418623188077000,54.4,1,54.3,20,54.4,5,1,2022-08-25 09:10:23
1661418623813084000,54.4,5,54.3,20,54.5,20,1,2022-08-25 09:10:23
1661418626765826000,54.4,2,54.4,3,54.5,20,2,2022-08-25 09:10:26
1661418627353429000,54.4,1,54.4,2,54.5,20,2,2022-08-25 09:10:27
1661418629415847000,54.4,3,54.3,23,54.4,17,2,2022-08-25 09:10:29
1661418629818836000,54.3,5,54.3,18,54.4,17,2,2022-08-25 09:10:29
1661418631102339000,54.4,5,54.3,28,54.4,18,1,2022-08-25 09:10:31
1661418633939252000,54.4,10,54.3,32,54.4,16,1,2022-08-25 09:10:33
1661418634827034000,54.4,5,54.3,32,54.4,1,1,2022-08-25 09:10:34
1661418634856528000,54.4,1,54.3,32,54.5,19,1,2022-08-25 09:10:34
1661418640053937000,54.4,2,54.3,31,54.4,2,1,2022-08-25 09:10:40
1661418641131448000,54.4,2,54.3,41,54.5,19,1,2022-08-25 09:10:41
1661418642321076000,54.4,3,54.3,85,54.4,19,2,2022-08-25 09:10:42
1661418642537700000,54.4,1,54.3,85,54.4,18,1,2022-08-25 09:10:42
1661418644067993000,54.4,2,54.3,85,54.4,17,1,2022-08-25 09:10:44
1661418644279592000,54.4,1,54.3,85,54.4,16,1,2022-08-25 09:10:44
1661418644281071000,54.4,1,54.3,85,54.4,15,1,2022-08-25 09:10:44
1661418645207166000,54.4,2,54.3,85,54.4,13,1,2022-08-25 09:10:45
1661418646273422000,54.4,3,54.3,85,54.4,14,1,2022-08-25 09:10:46
1661418648362693000,54.4,3,54.3,85,54.4,11,1,2022-08-25 09:10:48
1661418648405628000,54.4,1,54.3,85,54.4,10,1,2022-08-25 09:10:48
1661418648497751000,54.4,1,54.3,85,54.4,9,1,2022-08-25 09:10:48
1661418648842167000,54.4,1,54.3,85,54.4,8,1,2022-08-25 09:10:48
1661418649977099000,54.4,1,54.3,85,54.4,7,1,2022-08-25 09:10:49
1661418650685338000,54.4,1,54.3,85,54.4,6,1,2022-08-25 09:10:50
1661418652398572000,54.4,1,54.3,85,54.4,5,1,2022-08-25 09:10:52
1661418653894047000,54.4,1,54.3,85,54.4,5,1,2022-08-25 09:10:53
1661418659274961000,54.4,1,54.3,85,54.4,5,1,2022-08-25 09:10:59
1661418660097770000,54.4,1,54.3,86,54.4,4,1,2022-08-25 09:11:00
1661418660427722000,54.4,1,54.3,86,54.4,3,1,2022-08-25 09:11:00
1661418663534322000,54.4,1,54.3,110,54.4,5,1,2022-08-25 09:11:03
1661418665811194000,54.4,1,54.3,110,54.4,7,1,2022-08-25 09:11:05
1661418665814295000,54.4,2,54.3,110,54.4,5,1,2022-08-25 09:11:05
1661418666337264000,54.3,1,54.3,109,54.4,5,2,2022-08-25 09:11:06
1661418666403729000,54.4,5,54.3,109,54.5,18,1,2022-08-25 09:11:06
1661418667547536000,54.4,6,54.3,109,54.4,16,2,2022-08-25 09:11:07
1661418668529325000,54.4,10,54.3,109,54.4,16,1,2022-08-25 09:11:08
1661418668964122000,54.4,1,54.3,109,54.4,5,1,2022-08-25 09:11:08
1661418671594114000,54.4,2,54.3,132,54.4,3,1,2022-08-25 09:11:11
1661418672196587000,54.4,1,54.3,132,54.4,2,1,2022-08-25 09:11:12
1661418673305074000,54.4,2,54.4,3,54.5,20,1,2022-08-25 09:11:13
1661418677274822000,54.4,1,54.4,26,54.5,20,2,2022-08-25 09:11:17
1661418678454221000,54.4,4,54.4,4,54.5,20,2,2022-08-25 09:11:18
1661418678623861000,54.5,5,54.4,2,54.5,15,1,2022-08-25 09:11:18
1661418678852966000,54.4,2,54.4,2,54.5,20,2,2022-08-25 09:11:18
1661418682597467000,54.4,2,54.3,131,54.4,19,1,2022-08-25 09:11:22
1661418683557610000,54.4,4,54.3,131,54.4,16,1,2022-08-25 09:11:23
1661418684272779000,54.4,1,54.3,131,54.4,15,1,2022-08-25 09:11:24
1661418685709808000,54.4,1,54.3,131,54.4,24,1,2022-08-25 09:11:25
1661418687405710000,54.4,4,54.3,131,54.4,20,1,2022-08-25 09:11:27
1661418689655888000,54.4,1,54.3,131,54.4,19,1,2022-08-25 09:11:29
1661418689933646000,54.4,1,54.3,131,54.4,18,1,2022-08-25 09:11:29
1661418695495112000,54.4,10,54.3,129,54.4,8,1,2022-08-25 09:11:35
1661418696265262000,54.4,1,54.3,129,54.4,7,1,2022-08-25 09:11:36
1661418696420642000,54.4,9,54.3,129,54.5,24,1,2022-08-25 09:11:36
1661418696420642000,54.5,169,54.3,129,54.5,24,1,2022-08-25 09:11:36
1661418702555387000,54.5,1,54.4,7,54.5,23,1,2022-08-25 09:11:42
1661418703180440000,54.5,1,54.4,7,54.5,22,1,2022-08-25 09:11:43
1661418703599020000,54.5,1,54.4,7,54.5,21,1,2022-08-25 09:11:43
1661418704174302000,54.5,2,54.4,11,54.5,19,1,2022-08-25 09:11:44
1661418704202196000,54.5,16,54.4,11,54.5,3,1,2022-08-25 09:11:44
1661418704232525000,54.5,3,54.4,11,54.6,17,1,2022-08-25 09:11:44
1661418705286607000,54.5,1,54.4,19,54.5,4,1,2022-08-25 09:11:45
1661418705582035000,54.5,2,54.4,19,54.5,2,1,2022-08-25 09:11:45
1661418705603367000,54.5,1,54.4,19,54.5,1,1,2022-08-25 09:11:45
1661418705606622000,54.5,1,54.4,19,54.6,17,1,2022-08-25 09:11:45
1661418706089511000,54.6,1,54.5,7,54.6,16,1,2022-08-25 09:11:46
1661418706173512000,54.5,2,54.5,5,54.6,20,2,2022-08-25 09:11:46
1661418706494368000,54.5,1,54.5,5,54.6,20,2,2022-08-25 09:11:46
1661418708897799000,54.5,1,54.5,10,54.6,21,2,2022-08-25 09:11:48
1661418710279513000,54.6,1,54.5,10,54.6,20,1,2022-08-25 09:11:50
1661418710717355000,54.6,20,54.5,10,54.8,50,1,2022-08-25 09:11:50
1661418710717355000,54.7,23,54.5,10,54.8,50,1,2022-08-25 09:11:50
1661418710717355000,54.8,189,54.5,10,54.8,50,1,2022-08-25 09:11:50
1661418710795617000,54.7,4,54.5,12,54.8,50,1,2022-08-25 09:11:50
1661418711476282000,54.8,3,54.5,14,54.8,50,1,2022-08-25 09:11:51
1661418714362509000,54.8,2,54.7,2,54.8,46,1,2022-08-25 09:11:54
1661418714798671000,54.7,1,54.7,1,54.8,46,2,2022-08-25 09:11:54
1661418714839527000,54.7,1,54.6,7,54.8,46,2,2022-08-25 09:11:54
1661418715303713000,54.7,1,54.6,7,54.8,42,1,2022-08-25 09:11:55
1661418715303713000,54.8,4,54.6,7,54.8,42,1,2022-08-25 09:11:55
1661418715785665000,54.7,1,54.6,7,54.8,42,2,2022-08-25 09:11:55
1661418715810260000,54.8,2,54.6,7,54.8,40,1,2022-08-25 09:11:55
1661418715921427000,54.8,1,54.6,10,54.8,40,1,2022-08-25 09:11:55
1661418716789610000,54.8,1,54.7,1,54.8,38,1,2022-08-25 09:11:56
1661418717067718000,54.8,3,54.7,1,54.8,35,1,2022-08-25 09:11:57
1661418717166518000,54.8,2,54.7,1,54.8,33,1,2022-08-25 09:11:57
1661418719192338000,54.8,2,54.7,2,54.8,32,1,2022-08-25 09:11:59
1661418719423863000,54.7,1,54.7,1,54.8,32,2,2022-08-25 09:11:59
1661418719525755000,54.7,1,54.6,10,54.8,32,2,2022-08-25 09:11:59
1661418719727110000,54.8,4,54.7,1,54.8,28,1,2022-08-25 09:11:59
1661418720278055000,54.8,1,54.7,6,54.8,29,1,2022-08-25 09:12:00
1661418720923744000,54.8,1,54.7,6,54.8,27,1,2022-08-25 09:12:00
1661418721836347000,54.7,1,54.7,5,54.8,26,2,2022-08-25 09:12:01
1661418722506600000,54.8,1,54.7,5,54.8,25,1,2022-08-25 09:12:02
1661418723118553000,54.7,5,54.6,11,54.8,30,2,2022-08-25 09:12:03
1661418723782723000,54.7,1,54.6,8,54.7,6,1,2022-08-25 09:12:03
1661418724742225000,54.7,1,54.6,8,54.7,5,1,2022-08-25 09:12:04
1661418725550311000,54.7,1,54.6,10,54.7,3,1,2022-08-25 09:12:05
1661418727931650000,54.7,1,54.6,10,54.7,3,1,2022-08-25 09:12:07
1661418728060267000,54.7,1,54.6,10,54.7,1,1,2022-08-25 09:12:08
1661418730004632000,54.7,1,54.6,10,54.7,6,1,2022-08-25 09:12:10
1661418730373663000,54.7,1,54.6,10,54.7,4,1,2022-08-25 09:12:10
1661418730437887000,54.6,1,54.6,10,54.7,5,2,2022-08-25 09:12:10
1661418730602607000,54.6,9,54.5,11,54.6,1,2,2022-08-25 09:12:10
1661418730665382000,54.6,1,54.5,9,54.7,4,1,2022-08-25 09:12:10
1661418730870569000,54.7,1,54.5,9,54.7,7,1,2022-08-25 09:12:10
1661418731450380000,54.7,1,54.5,9,54.7,9,1,2022-08-25 09:12:11
1661418731690159000,54.7,1,54.5,9,54.7,13,1,2022-08-25 09:12:11
1661418732147670000,54.7,3,54.5,9,54.7,13,1,2022-08-25 09:12:12
1661418732157652000,54.7,2,54.5,9,54.7,11,1,2022-08-25 09:12:12
1661418732194215000,54.7,2,54.5,9,54.7,9,1,2022-08-25 09:12:12
1661418733109830000,54.6,1,54.5,9,54.7,9,1,2022-08-25 09:12:13
1661418733511535000,54.7,2,54.5,9,54.7,9,1,2022-08-25 09:12:13
1661418734856429000,54.7,1,54.5,11,54.7,7,1,2022-08-25 09:12:14
1661418735323192000,54.5,2,54.5,11,54.7,6,2,2022-08-25 09:12:15
1661418738269498000,54.6,5,54.5,12,54.6,17,1,2022-08-25 09:12:18
1661418738302758000,54.5,1,54.5,11,54.6,17,2,2022-08-25 09:12:18
1661418738323305000,54.5,1,54.5,12,54.6,17,2,2022-08-25 09:12:18
1661418739848520000,54.5,1,54.5,10,54.6,17,2,2022-08-25 09:12:19
1661418741130457000,54.5,1,54.5,10,54.6,21,2,2022-08-25 09:12:21
1661418742417422000,54.5,4,54.5,8,54.6,21,2,2022-08-25 09:12:22
1661418742577099000,54.5,1,54.5,7,54.6,22,2,2022-08-25 09:12:22
1661418742821971000,54.5,1,54.5,6,54.6,22,2,2022-08-25 09:12:22
1661418744138585000,54.6,1,54.5,7,54.6,21,1,2022-08-25 09:12:24
1661418744882841000,54.6,1,54.5,7,54.6,20,1,2022-08-25 09:12:24
1661418745841466000,54.5,1,54.5,8,54.6,20,2,2022-08-25 09:12:25
1661418747322952000,54.5,1,54.5,7,54.6,20,2,2022-08-25 09:12:27
1661418748759024000,54.5,8,54.4,68,54.5,2,2,2022-08-25 09:12:28
1661418748813506000,54.4,1,54.4,65,54.5,5,2,2022-08-25 09:12:28
1661418748813728000,54.4,1,54.4,64,54.5,5,2,2022-08-25 09:12:28
1661418749543807000,54.5,1,54.4,64,54.5,9,1,2022-08-25 09:12:29
1661418750465089000,54.5,1,54.4,64,54.5,11,1,2022-08-25 09:12:30
1661418751034467000,54.5,1,54.4,64,54.5,9,1,2022-08-25 09:12:31
1661418754006070000,54.5,1,54.4,63,54.5,8,1,2022-08-25 09:12:34
1661418755274009000,54.6,1,54.5,1,54.6,20,1,2022-08-25 09:12:35
1661418755352282000,54.5,1,54.5,4,54.6,20,2,2022-08-25 09:12:35
1661418755417052000,54.6,2,54.5,4,54.6,18,1,2022-08-25 09:12:35
1661418759201358000,54.6,3,54.5,15,54.6,14,1,2022-08-25 09:12:39
1661418759244741000,54.5,1,54.5,24,54.6,14,2,2022-08-25 09:12:39
1661418763104578000,54.6,1,54.5,33,54.6,14,1,2022-08-25 09:12:43
1661418763199625000,54.6,1,54.5,33,54.6,15,1,2022-08-25 09:12:43
1661418764502245000,54.6,1,54.5,36,54.6,13,1,2022-08-25 09:12:44
1661418764988278000,54.6,1,54.5,36,54.6,11,1,2022-08-25 09:12:44
1661418765108469000,54.5,1,54.5,35,54.6,10,2,2022-08-25 09:12:45
1661418765443170000,54.6,1,54.5,35,54.6,9,1,2022-08-25 09:12:45
1661418766674628000,54.6,1,54.5,35,54.6,8,1,2022-08-25 09:12:46
1661418766868506000,54.5,1,54.5,34,54.6,8,2,2022-08-25 09:12:46
1661418768319670000,54.6,1,54.5,142,54.6,9,1,2022-08-25 09:12:48
1661418768743544000,54.6,5,54.5,142,54.6,3,1,2022-08-25 09:12:48
1661418768806892000,54.5,1,54.5,141,54.6,3,2,2022-08-25 09:12:48
1661418769671718000,54.6,1,54.5,141,54.6,3,1,2022-08-25 09:12:49
1661418770457562000,54.6,1,54.5,141,54.6,2,1,2022-08-25 09:12:50
1661418770870284000,54.6,2,54.5,141,54.7,19,1,2022-08-25 09:12:50
1661418771528325000,54.6,1,54.5,142,54.7,19,2,2022-08-25 09:12:51
1661418774542108000,54.6,1,54.5,145,54.6,47,2,2022-08-25 09:12:54
1661418775538159000,54.6,3,54.5,145,54.6,44,1,2022-08-25 09:12:55
1661418780781752000,54.6,12,54.5,140,54.6,34,1,2022-08-25 09:13:00
1661418780823917000,54.5,1,54.5,139,54.6,34,2,2022-08-25 09:13:00
1661418780856464000,54.5,1,54.5,138,54.6,34,2,2022-08-25 09:13:00
1661418781224218000,54.6,1,54.5,138,54.6,33,1,2022-08-25 09:13:01
1661418782208897000,54.6,1,54.5,138,54.6,32,1,2022-08-25 09:13:02
1661418783892514000,54.6,1,54.5,141,54.6,36,1,2022-08-25 09:13:03
1661418784954604000,54.6,2,54.5,141,54.6,34,1,2022-08-25 09:13:04
1661418785417274000,54.6,1,54.5,45,54.6,34,1,2022-08-25 09:13:05
1661418785720857000,54.5,1,54.5,44,54.6,33,2,2022-08-25 09:13:05
1661418785738083000,54.5,44,54.4,72,54.5,4,2,2022-08-25 09:13:05
1661418785774098000,54.4,1,54.4,71,54.5,4,2,2022-08-25 09:13:05
1661418785775134000,54.4,1,54.4,70,54.5,4,2,2022-08-25 09:13:05
1661418785776048000,54.4,1,54.4,69,54.5,4,2,2022-08-25 09:13:05
1661418785808005000,54.4,1,54.4,68,54.5,4,2,2022-08-25 09:13:05
1661418785808050000,54.4,1,54.4,67,54.5,4,2,2022-08-25 09:13:05
1661418786786006000,54.4,2,54.4,65,54.5,8,2,2022-08-25 09:13:06
1661418786845929000,54.4,9,54.4,56,54.5,13,2,2022-08-25 09:13:06
1661418786868458000,54.4,4,54.4,52,54.5,13,2,2022-08-25 09:13:06
1661418786875930000,54.4,1,54.4,51,54.5,13,2,2022-08-25 09:13:06
1661418787091426000,54.4,2,54.4,49,54.5,14,2,2022-08-25 09:13:07
1661418787148195000,54.4,1,54.4,51,54.5,14,2,2022-08-25 09:13:07
1661418787793811000,54.4,2,54.4,46,54.5,15,2,2022-08-25 09:13:07
1661418787819457000,54.4,2,54.4,48,54.5,15,2,2022-08-25 09:13:07
1661418788251786000,54.4,1,54.4,43,54.5,15,2,2022-08-25 09:13:08
1661418789797290000,54.4,43,54.3,128,54.4,7,2,2022-08-25 09:13:09
1661418789839270000,54.3,1,54.3,127,54.4,7,2,2022-08-25 09:13:09
1661418789864251000,54.3,1,54.3,126,54.4,7,2,2022-08-25 09:13:09
1661418789864302000,54.3,1,54.3,125,54.4,7,2,2022-08-25 09:13:09
1661418789879094000,54.3,1,54.3,124,54.4,7,2,2022-08-25 09:13:09
1661418789919175000,54.3,1,54.3,124,54.4,12,2,2022-08-25 09:13:09
1661418790482435000,54.3,2,54.3,121,54.4,12,2,2022-08-25 09:13:10
1661418790530692000,54.3,11,54.3,22,54.4,12,2,2022-08-25 09:13:10
1661418790531441000,54.3,1,54.3,21,54.4,12,2,2022-08-25 09:13:10
1661418790567850000,54.3,1,54.3,20,54.4,12,2,2022-08-25 09:13:10
1661418791026792000,54.3,1,54.3,19,54.4,21,2,2022-08-25 09:13:11
1661418791093611000,54.3,19,54.2,388,54.3,29,2,2022-08-25 09:13:11
1661418791267871000,54.3,2,54.2,386,54.3,27,1,2022-08-25 09:13:11
1661418791792387000,54.2,1,54.2,385,54.3,28,2,2022-08-25 09:13:11
1661418793069578000,54.2,5,54.2,127,54.3,28,2,2022-08-25 09:13:13
1661418793098486000,54.2,1,54.2,126,54.3,28,2,2022-08-25 09:13:13
1661418794325556000,54.3,1,54.2,126,54.3,26,1,2022-08-25 09:13:14
1661418798713384000,54.2,2,54.2,123,54.3,33,2,2022-08-25 09:13:18
1661418799999703000,54.2,123,54.1,53,54.2,2,2,2022-08-25 09:13:19
1661418800036814000,54.1,1,54.1,52,54.2,2,2,2022-08-25 09:13:20
1661418800037786000,54.1,1,54.1,51,54.2,2,2,2022-08-25 09:13:20
1661418800061244000,54.1,1,54.1,50,54.2,2,2,2022-08-25 09:13:20
1661418800061586000,54.1,1,54.1,49,54.2,2,2,2022-08-25 09:13:20
1661418800061611000,54.1,1,54.1,48,54.2,2,2,2022-08-25 09:13:20
1661418800085811000,54.1,1,54.1,47,54.2,2,2,2022-08-25 09:13:20
1661418800113561000,54.1,1,54.1,46,54.2,2,2,2022-08-25 09:13:20
1661418800729267000,54.1,1,54.1,45,54.2,2,2,2022-08-25 09:13:20
1661418800756318000,54.2,2,54.3,20,54.4,10,1,2022-08-25 09:13:20
1661418800756318000,54.3,28,54.3,20,54.4,10,1,2022-08-25 09:13:20
1661418801010414000,54.3,1,54.3,19,54.4,10,2,2022-08-25 09:13:21
1661418801071271000,54.3,2,54.3,17,54.4,10,2,2022-08-25 09:13:21
1661418801239097000,54.3,1,54.3,16,54.4,10,2,2022-08-25 09:13:21
1661418801244954000,54.3,5,54.3,11,54.4,10,2,2022-08-25 09:13:21
1661418801361283000,54.3,1,54.3,10,54.4,10,2,2022-08-25 09:13:21
1661418802110826000,54.3,5,54.3,5,54.4,10,2,2022-08-25 09:13:22
1661418802140819000,54.3,5,54.2,2,54.4,10,2,2022-08-25 09:13:22
1661418802511223000,54.2,1,54.2,2,54.3,49,2,2022-08-25 09:13:22
1661418803017855000,54.3,5,54.2,1,54.3,44,1,2022-08-25 09:13:23
1661418803128571000,54.3,5,54.2,1,54.3,39,1,2022-08-25 09:13:23
1661418803442342000,54.2,1,54.1,27,54.3,39,2,2022-08-25 09:13:23
1661418803442342000,54.1,19,54.1,27,54.3,39,2,2022-08-25 09:13:23
1661418803707581000,54.1,1,54.1,26,54.2,2,2,2022-08-25 09:13:23
1661418803862944000,54.2,2,54.1,26,54.3,42,1,2022-08-25 09:13:23
1661418803903977000,54.1,2,54.1,24,54.3,42,2,2022-08-25 09:13:23
1661418804055058000,54.2,1,54.1,24,54.3,42,2,2022-08-25 09:13:24
1661418804675925000,54.3,20,54.2,1,54.3,22,1,2022-08-25 09:13:24
1661418804724461000,54.3,1,54.2,1,54.3,18,1,2022-08-25 09:13:24
