ts,close,volume,bid_price,bid_volume,ask_price,ask_volume,tick_type,datetime
1661418001745063000,73.8,1479,73.7,2,73.8,94,1,2022-08-25 09:00:01
1661418001816950000,73.8,3,73.7,2,73.8,91,1,2022-08-25 09:00:01
1661418001826673000,73.7,2,73.6,12,73.8,91,2,2022-08-25 09:00:01
1661418001837523000,73.8,2,73.6,12,73.8,89,1,2022-08-25 09:00:01
1661418001846830000,73.8,89,73.8,2,73.9,88,1,2022-08-25 09:00:01
1661418001857534000,73.8,1,73.8,1,73.9,88,2,2022-08-25 09:00:01
1661418001858546000,73.8,1,73.6,12,73.9,88,2,2022-08-25 09:00:01
1661418001871974000,73.9,2,73.6,12,73.9,86,1,2022-08-25 09:00:01
1661418001985923000,73.6,1,73.6,11,73.8,2,2,2022-08-25 09:00:01
1661418001987366000,73.8,1,73.6,11,73.8,1,1,2022-08-25 09:00:01
1661418002102452000,73.8,1,73.6,11,73.8,1,1,2022-08-25 09:00:02
1661418002166961000,73.8,1,73.6,11,73.9,89,1,2022-08-25 09:00:02
1661418002166961000,73.9,2,73.6,11,73.9,89,1,2022-08-25 09:00:02
1661418002225183000,73.6,2,73.6,9,73.9,89,2,2022-08-25 09:00:02
1661418002379662000,73.9,2,73.6,9,73.9,87,1,2022-08-25 09:00:02
1661418002721134000,73.9,7,73.6,10,73.9,80,1,2022-08-25 09:00:02
1661418002779551000,73.9,1,73.6,10,73.9,79,1,2022-08-25 09:00:02
1661418002848175000,73.9,21,73.6,10,73.9,58,1,2022-08-25 09:00:02
1661418003264902000,73.9,1,73.6,10,73.9,57,1,2022-08-25 09:00:03
1661418003560330000,73.9,13,73.6,10,73.9,44,1,2022-08-25 09:00:03
1661418003581106000,73.9,1,73.6,10,73.9,43,1,2022-08-25 09:00:03
1661418003709238000,73.9,3,73.6,10,73.9,40,1,2022-08-25 09:00:03
1661418003715558000,73.9,15,73.6,10,73.9,25,1,2022-08-25 09:00:03
1661418003750808000,73.9,20,73.6,10,73.9,5,1,2022-08-25 09:00:03
1661418003820090000,73.9,5,73.6,10,74.0,120,1,2022-08-25 09:00:03
1661418003980635000,74.0,2,73.8,5,74.0,120,1,2022-08-25 09:00:03
1661418004071866000,74.0,2,73.8,5,74.0,118,1,2022-08-25 09:00:04
1661418004089744000,74.0,1,73.8,5,74.0,117,1,2022-08-25 09:00:04
1661418004229744000,74.0,11,73.8,5,74.0,106,1,2022-08-25 09:00:04
1661418004350814000,74.0,1,73.8,5,74.0,105,1,2022-08-25 09:00:04
1661418004455428000,74.0,2,73.8,5,74.0,103,1,2022-08-25 09:00:04
1661418004475122000,73.8,5,73.6,18,74.0,103,2,2022-08-25 09:00:04
1661418004475122000,73.6,2,73.6,18,74.0,103,2,2022-08-25 09:00:04
1661418004590543000,74.0,20,73.7,5,74.0,83,1,2022-08-25 09:00:04
1661418004602836000,74.0,1,73.7,5,74.0,82,1,2022-08-25 09:00:04
1661418004624628000,74.0,2,73.7,5,74.0,80,1,2022-08-25 09:00:04
1661418004648566000,74.0,3,73.7,5,74.0,77,1,2022-08-25 09:00:04
1661418004664309000,74.0,1,73.7,5,74.0,76,1,2022-08-25 09:00:04
1661418004744848000,74.0,1,73.7,5,74.0,75,1,2022-08-25 09:00:04
1661418004856362000,74.0,1,73.7,7,74.0,74,1,2022-08-25 09:00:04
1661418004905404000,74.0,1,73.7,7,74.0,73,1,2022-08-25 09:00:04
1661418004915897000,74.0,12,73.7,7,74.0,75,1,2022-08-25 09:00:04
1661418004935663000,74.0,15,73.7,7,74.0,46,1,2022-08-25 09:00:04
1661418005216413000,74.0,23,73.9,1,74.0,23,1,2022-08-25 09:00:05
1661418005238754000,74.0,3,73.9,6,74.0,20,1,2022-08-25 09:00:05
1661418005426452000,74.0,1,73.9,8,74.0,19,1,2022-08-25 09:00:05
1661418005443735000,74.0,15,73.9,8,74.0,20,1,2022-08-25 09:00:05
1661418005476803000,74.0,4,73.9,8,74.1,93,1,2022-08-25 09:00:05
1661418005544811000,74.1,1,73.9,13,74.1,92,1,2022-08-25 09:00:05
1661418005575476000,74.1,69,73.9,13,74.1,23,1,2022-08-25 09:00:05
1661418005602778000,74.1,1,73.9,13,74.1,22,1,2022-08-25 09:00:05
1661418005623379000,74.1,1,74.0,1,74.1,21,1,2022-08-25 09:00:05
1661418005664358000,74.1,21,74.0,1,74.2,105,1,2022-08-25 09:00:05
1661418005715490000,74.2,1,74.0,1,74.2,104,1,2022-08-25 09:00:05
1661418005739637000,74.2,1,74.0,1,74.2,103,1,2022-08-25 09:00:05
1661418005763760000,74.2,1,74.0,1,74.2,102,1,2022-08-25 09:00:05
1661418005789867000,74.2,5,74.0,1,74.2,97,1,2022-08-25 09:00:05
1661418005874221000,74.2,2,74.0,1,74.2,95,1,2022-08-25 09:00:05
1661418005903467000,74.2,1,74.0,1,74.2,94,1,2022-08-25 09:00:05
1661418005905161000,74.2,1,74.0,1,74.2,93,1,2022-08-25 09:00:05
1661418005914835000,74.2,1,74.0,1,74.2,92,1,2022-08-25 09:00:05
1661418006052523000,74.2,1,74.0,1,74.2,91,1,2022-08-25 09:00:06
1661418006170462000,74.2,1,74.0,1,74.2,90,1,2022-08-25 09:00:06
1661418006204748000,74.2,1,74.0,1,74.2,89,1,2022-08-25 09:00:06
1661418006249360000,74.2,1,74.0,3,74.2,88,1,2022-08-25 09:00:06
1661418006405367000,74.2,1,74.0,3,74.2,87,1,2022-08-25 09:00:06
1661418006431767000,74.0,1,74.0,2,74.2,87,2,2022-08-25 09:00:06
1661418006438385000,74.2,2,74.0,3,74.2,88,1,2022-08-25 09:00:06
1661418006526792000,74.2,2,74.1,5,74.2,83,1,2022-08-25 09:00:06
1661418006622384000,74.2,2,74.1,5,74.2,81,1,2022-08-25 09:00:06
1661418006631745000,74.2,1,74.1,5,74.2,80,1,2022-08-25 09:00:06
1661418006657829000,74.2,1,74.1,5,74.2,79,1,2022-08-25 09:00:06
1661418006888350000,74.2,2,74.1,10,74.2,79,1,2022-08-25 09:00:06
1661418006971860000,74.2,1,74.1,10,74.2,76,1,2022-08-25 09:00:06
1661418007034504000,74.1,1,74.1,9,74.2,76,2,2022-08-25 09:00:07
1661418007075105000,74.2,1,74.1,9,74.2,75,1,2022-08-25 09:00:07
1661418007484659000,74.2,1,74.1,9,74.2,74,1,2022-08-25 09:00:07
1661418007524742000,74.2,10,74.1,4,74.2,64,1,2022-08-25 09:00:07
1661418007618293000,74.2,1,74.1,4,74.2,63,1,2022-08-25 09:00:07
1661418007637361000,74.2,1,74.1,4,74.2,62,1,2022-08-25 09:00:07
1661418007668356000,74.2,10,74.1,4,74.2,52,1,2022-08-25 09:00:07
1661418007707858000,74.2,3,74.1,4,74.2,49,1,2022-08-25 09:00:07
1661418007725695000,74.2,1,74.1,5,74.2,48,1,2022-08-25 09:00:07
1661418007795647000,74.2,1,74.1,6,74.2,47,1,2022-08-25 09:00:07
1661418007807319000,74.2,1,74.1,6,74.2,46,1,2022-08-25 09:00:07
1661418007844580000,74.2,10,74.1,6,74.2,36,1,2022-08-25 09:00:07
1661418007879192000,74.2,36,74.1,6,74.3,93,1,2022-08-25 09:00:07
1661418008153224000,74.3,1,74.2,2,74.3,92,1,2022-08-25 09:00:08
1661418008172029000,74.3,12,74.2,2,74.3,80,1,2022-08-25 09:00:08
1661418008391010000,74.3,1,74.2,10,74.3,79,1,2022-08-25 09:00:08
1661418008399685000,74.3,2,74.2,10,74.3,77,1,2022-08-25 09:00:08
1661418008404526000,74.2,1,74.2,9,74.3,77,2,2022-08-25 09:00:08
1661418008427958000,74.3,60,74.2,10,74.3,80,1,2022-08-25 09:00:08
1661418008465538000,74.3,17,74.2,9,74.4,86,1,2022-08-25 09:00:08
1661418008476037000,74.4,1,74.2,9,74.4,85,1,2022-08-25 09:00:08
1661418008517159000,74.2,1,74.2,8,74.4,85,2,2022-08-25 09:00:08
1661418008561852000,74.2,1,74.2,7,74.4,85,2,2022-08-25 09:00:08
1661418008726102000,74.4,1,74.2,9,74.4,84,1,2022-08-25 09:00:08
1661418008740035000,74.2,9,74.1,5,74.4,84,2,2022-08-25 09:00:08
1661418008740035000,74.1,1,74.1,5,74.4,84,2,2022-08-25 09:00:08
1661418008829518000,74.1,1,74.1,4,74.4,84,2,2022-08-25 09:00:08
1661418008907614000,74.4,2,74.2,1,74.4,82,1,2022-08-25 09:00:08
1661418009115598000,74.2,1,74.2,1,74.3,5,2,2022-08-25 09:00:09
1661418009189374000,74.2,1,74.1,6,74.2,9,2,2022-08-25 09:00:09
1661418009252733000,74.2,1,74.1,6,74.2,8,1,2022-08-25 09:00:09
1661418009312264000,74.2,1,74.1,7,74.2,8,1,2022-08-25 09:00:09
1661418009480539000,74.2,1,74.1,8,74.2,6,1,2022-08-25 09:00:09
1661418009535868000,74.2,1,74.1,8,74.2,5,1,2022-08-25 09:00:09
1661418009583523000,74.2,2,74.1,8,74.2,3,1,2022-08-25 09:00:09
1661418009642493000,74.2,3,74.1,8,74.3,8,1,2022-08-25 09:00:09
1661418009642493000,74.3,2,74.1,8,74.3,8,1,2022-08-25 09:00:09
1661418009876443000,74.3,2,74.2,6,74.3,10,1,2022-08-25 09:00:09
1661418009987678000,74.2,1,74.2,5,74.3,10,2,2022-08-25 09:00:09
1661418010025231000,74.2,1,74.2,4,74.3,11,2,2022-08-25 09:00:10
1661418010086217000,74.3,2,74.2,6,74.3,9,1,2022-08-25 09:00:10
1661418010129643000,74.3,9,74.2,6,74.4,84,1,2022-08-25 09:00:10
1661418010129643000,74.4,3,74.2,6,74.4,84,1,2022-08-25 09:00:10
1661418010375763000,74.4,1,74.2,11,74.4,83,1,2022-08-25 09:00:10
1661418010461298000,74.4,1,74.2,12,74.4,82,1,2022-08-25 09:00:10
1661418010503437000,74.4,2,74.2,14,74.4,80,1,2022-08-25 09:00:10
1661418010534475000,74.3,2,74.2,12,74.4,80,2,2022-08-25 09:00:10
1661418010534475000,74.2,3,74.2,12,74.4,80,2,2022-08-25 09:00:10
1661418010572174000,74.4,1,74.2,12,74.4,79,1,2022-08-25 09:00:10
1661418010743572000,74.4,1,74.2,14,74.4,78,1,2022-08-25 09:00:10
1661418010758481000,74.4,1,74.2,14,74.4,77,1,2022-08-25 09:00:10
1661418010833380000,74.4,2,74.2,16,74.4,75,1,2022-08-25 09:00:10
1661418010874305000,74.4,1,74.2,16,74.4,74,1,2022-08-25 09:00:10
1661418010875832000,74.4,1,74.2,16,74.4,73,1,2022-08-25 09:00:10
1661418010971510000,74.3,1,74.2,19,74.3,9,1,2022-08-25 09:00:10
1661418010999427000,74.2,1,74.2,18,74.3,9,2,2022-08-25 09:00:10
1661418011159314000,74.3,1,74.2,19,74.3,8,1,2022-08-25 09:00:11
1661418011243796000,74.3,1,74.2,19,74.3,7,1,2022-08-25 09:00:11
1661418011282078000,74.3,1,74.2,19,74.3,6,1,2022-08-25 09:00:11
1661418011309762000,74.3,1,74.2,21,74.3,5,1,2022-08-25 09:00:11
1661418011337791000,74.2,1,74.2,20,74.3,5,2,2022-08-25 09:00:11
1661418011341916000,74.3,1,74.2,20,74.3,4,1,2022-08-25 09:00:11
1661418011435188000,74.3,2,74.2,31,74.3,2,1,2022-08-25 09:00:11
1661418011455595000,74.3,1,74.2,31,74.3,4,1,2022-08-25 09:00:11
1661418011572819000,74.3,1,74.2,32,74.3,1,1,2022-08-25 09:00:11
1661418011642675000,74.2,1,74.2,31,74.3,1,2,2022-08-25 09:00:11
1661418011750842000,74.3,1,74.2,33,74.4,73,1,2022-08-25 09:00:11
1661418011790486000,74.2,2,74.2,32,74.4,73,2,2022-08-25 09:00:11
1661418011881344000,74.4,2,74.2,33,74.4,71,1,2022-08-25 09:00:11
1661418011888632000,74.4,1,74.2,33,74.4,70,1,2022-08-25 09:00:11
1661418011892097000,74.4,1,74.2,33,74.4,69,1,2022-08-25 09:00:11
1661418012084576000,74.3,2,74.2,34,74.3,1,1,2022-08-25 09:00:12
1661418012113369000,74.3,1,74.2,34,74.4,68,1,2022-08-25 09:00:12
1661418012113369000,74.4,1,74.2,34,74.4,68,1,2022-08-25 09:00:12
1661418012133734000,74.4,1,74.2,34,74.4,67,1,2022-08-25 09:00:12
1661418012153342000,74.3,1,74.2,34,74.4,63,1,2022-08-25 09:00:12
1661418012153342000,74.4,4,74.2,34,74.4,63,1,2022-08-25 09:00:12
1661418012173499000,74.2,1,74.2,33,74.4,63,2,2022-08-25 09:00:12
1661418012205010000,74.4,1,74.2,33,74.4,62,1,2022-08-25 09:00:12
1661418012470716000,74.3,1,74.2,54,74.4,73,2,2022-08-25 09:00:12
1661418012470716000,74.2,1,74.2,54,74.4,73,2,2022-08-25 09:00:12
1661418012559093000,74.2,1,74.2,54,74.4,73,2,2022-08-25 09:00:12
1661418012594058000,74.4,1,74.2,54,74.4,72,1,2022-08-25 09:00:12
1661418012597615000,74.4,1,74.2,54,74.4,71,1,2022-08-25 09:00:12
1661418012792454000,74.4,1,74.3,1,74.4,70,1,2022-08-25 09:00:12
1661418012826360000,74.4,2,74.3,1,74.4,68,1,2022-08-25 09:00:12
1661418012836212000,74.4,1,74.3,1,74.4,67,1,2022-08-25 09:00:12
1661418012848481000,74.3,1,74.2,55,74.4,67,2,2022-08-25 09:00:12
1661418012908148000,74.4,1,74.2,58,74.4,71,1,2022-08-25 09:00:12
1661418012964016000,74.4,5,74.2,58,74.4,65,1,2022-08-25 09:00:12
1661418013084264000,74.4,2,74.2,71,74.4,63,1,2022-08-25 09:00:13
1661418013191108000,74.4,1,74.2,73,74.4,62,1,2022-08-25 09:00:13
1661418013400803000,74.4,5,74.3,2,74.4,57,1,2022-08-25 09:00:13
1661418013699247000,74.3,2,74.3,2,74.4,67,2,2022-08-25 09:00:13
1661418013765147000,74.4,1,74.3,3,74.4,66,1,2022-08-25 09:00:13
1661418013827285000,74.3,1,74.3,2,74.4,66,2,2022-08-25 09:00:13
1661418013903232000,74.4,1,74.3,2,74.4,65,1,2022-08-25 09:00:13
1661418013927454000,74.4,6,74.3,2,74.4,61,1,2022-08-25 09:00:13
1661418013966651000,74.3,2,74.3,1,74.4,61,2,2022-08-25 09:00:13
1661418014283308000,74.4,1,74.3,2,74.4,60,1,2022-08-25 09:00:14
1661418014363277000,74.3,1,74.3,1,74.4,60,2,2022-08-25 09:00:14
1661418014404297000,74.4,1,74.3,1,74.4,59,1,2022-08-25 09:00:14
1661418014444414000,74.4,1,74.3,2,74.4,59,1,2022-08-25 09:00:14
1661418014477923000,74.4,1,74.3,2,74.4,57,1,2022-08-25 09:00:14
1661418014512031000,74.4,3,74.3,2,74.4,54,1,2022-08-25 09:00:14
1661418014519378000,74.3,1,74.3,1,74.4,54,2,2022-08-25 09:00:14
1661418014543031000,74.4,11,74.3,1,74.4,43,1,2022-08-25 09:00:14
1661418014665425000,74.4,1,74.3,1,74.4,42,1,2022-08-25 09:00:14
1661418014683956000,74.4,1,74.3,1,74.4,41,1,2022-08-25 09:00:14
1661418014717956000,74.4,1,74.3,1,74.4,40,1,2022-08-25 09:00:14
1661418014827793000,74.4,1,74.3,1,74.4,39,1,2022-08-25 09:00:14
1661418014926341000,74.4,2,74.3,1,74.4,39,1,2022-08-25 09:00:14
1661418014953199000,74.4,1,74.3,1,74.4,36,1,2022-08-25 09:00:14
1661418014982531000,74.4,2,74.3,2,74.4,34,1,2022-08-25 09:00:14
1661418015012745000,74.4,1,74.3,2,74.4,33,1,2022-08-25 09:00:15
1661418015027323000,74.4,1,74.3,2,74.4,32,1,2022-08-25 09:00:15
1661418015106529000,74.3,1,74.3,1,74.4,32,2,2022-08-25 09:00:15
1661418015144095000,74.4,1,74.3,1,74.4,32,1,2022-08-25 09:00:15
1661418015187989000,74.4,6,74.3,1,74.4,26,1,2022-08-25 09:00:15
1661418015195745000,74.4,5,74.3,1,74.4,21,1,2022-08-25 09:00:15
1661418015272517000,74.4,3,74.3,1,74.4,18,1,2022-08-25 09:00:15
1661418015289792000,74.4,1,74.3,1,74.4,17,1,2022-08-25 09:00:15
1661418015335061000,74.4,1,74.3,1,74.4,16,1,2022-08-25 09:00:15
1661418015360629000,74.4,1,74.3,3,74.4,15,1,2022-08-25 09:00:15
1661418015370839000,74.4,5,74.3,3,74.4,10,1,2022-08-25 09:00:15
1661418015483611000,74.4,1,74.3,5,74.4,9,1,2022-08-25 09:00:15
1661418015563263000,74.3,4,74.3,3,74.4,9,2,2022-08-25 09:00:15
1661418015598909000,74.4,1,74.3,3,74.4,8,1,2022-08-25 09:00:15
1661418015651750000,74.4,8,74.3,3,74.5,156,1,2022-08-25 09:00:15
1661418015651750000,74.5,42,74.3,3,74.5,156,1,2022-08-25 09:00:15
1661418015767240000,74.4,1,74.3,7,74.4,10,1,2022-08-25 09:00:15
1661418015808563000,74.4,1,74.3,7,74.4,9,1,2022-08-25 09:00:15
1661418015836902000,74.4,1,74.3,7,74.4,8,1,2022-08-25 09:00:15
1661418015857883000,74.4,1,74.3,7,74.4,11,1,2022-08-25 09:00:15
1661418015857941000,74.4,1,74.3,7,74.4,10,1,2022-08-25 09:00:15
1661418015975232000,74.4,1,74.3,9,74.4,9,1,2022-08-25 09:00:15
1661418016048485000,74.4,3,74.3,10,74.4,6,1,2022-08-25 09:00:16
1661418016075241000,74.4,2,74.3,10,74.4,4,1,2022-08-25 09:00:16
1661418016217927000,74.4,4,74.4,6,74.5,156,1,2022-08-25 09:00:16
1661418016265712000,74.5,2,74.4,6,74.5,158,1,2022-08-25 09:00:16
1661418016321824000,74.5,30,74.4,6,74.5,128,1,2022-08-25 09:00:16
1661418016501227000,74.5,5,74.4,7,74.5,123,1,2022-08-25 09:00:16
1661418016552988000,74.5,1,74.4,7,74.5,122,1,2022-08-25 09:00:16
1661418016561234000,74.5,3,74.4,7,74.5,119,1,2022-08-25 09:00:16
1661418016613440000,74.5,1,74.4,7,74.5,118,1,2022-08-25 09:00:16
1661418016721316000,74.4,2,74.4,9,74.5,118,2,2022-08-25 09:00:16
1661418016825729000,74.5,1,74.4,10,74.5,117,1,2022-08-25 09:00:16
1661418016834948000,74.5,1,74.4,11,74.5,116,1,2022-08-25 09:00:16
1661418016920285000,74.4,5,74.4,7,74.5,116,2,2022-08-25 09:00:16
1661418016964208000,74.4,1,74.4,9,74.5,116,2,2022-08-25 09:00:16
1661418017174150000,74.4,1,74.4,9,74.5,116,2,2022-08-25 09:00:17
1661418017199204000,74.5,1,74.4,9,74.5,115,1,2022-08-25 09:00:17
1661418017199912000,74.5,10,74.4,9,74.5,105,1,2022-08-25 09:00:17
1661418017250432000,74.5,1,74.4,9,74.5,104,1,2022-08-25 09:00:17
1661418017360828000,74.5,35,74.4,10,74.5,69,1,2022-08-25 09:00:17
1661418017378463000,74.5,10,74.4,10,74.5,104,1,2022-08-25 09:00:17
1661418017458927000,74.4,1,74.4,9,74.5,59,2,2022-08-25 09:00:17
1661418017523517000,74.5,5,74.4,9,74.5,54,1,2022-08-25 09:00:17
1661418017584280000,74.5,2,74.4,11,74.5,52,1,2022-08-25 09:00:17
1661418017929845000,74.5,10,74.4,13,74.5,52,1,2022-08-25 09:00:17
1661418018008830000,74.5,1,74.4,20,74.5,41,1,2022-08-25 09:00:18
1661418018022750000,74.5,1,74.4,20,74.5,40,1,2022-08-25 09:00:18
1661418018082372000,74.4,2,74.4,18,74.5,40,2,2022-08-25 09:00:18
1661418018132914000,74.5,5,74.4,18,74.5,35,1,2022-08-25 09:00:18
1661418018240830000,74.4,1,74.4,21,74.5,35,2,2022-08-25 09:00:18
1661418018255804000,74.5,2,74.4,21,74.5,33,1,2022-08-25 09:00:18
1661418018292151000,74.5,1,74.4,21,74.5,32,1,2022-08-25 09:00:18
1661418018321627000,74.5,2,74.4,21,74.5,30,1,2022-08-25 09:00:18
1661418018359437000,74.5,2,74.4,21,74.5,28,1,2022-08-25 09:00:18
1661418018441989000,74.4,1,74.4,22,74.5,28,2,2022-08-25 09:00:18
1661418018506825000,74.5,1,74.4,23,74.5,27,1,2022-08-25 09:00:18
1661418018590957000,74.4,1,74.4,23,74.5,32,2,2022-08-25 09:00:18
1661418018641709000,74.4,1,74.4,22,74.5,32,2,2022-08-25 09:00:18
1661418018689708000,74.5,1,74.4,22,74.5,31,1,2022-08-25 09:00:18
1661418018769472000,74.5,1,74.4,23,74.5,30,1,2022-08-25 09:00:18
1661418018803979000,74.5,2,74.4,23,74.5,28,1,2022-08-25 09:00:18
1661418018806789000,74.5,1,74.4,23,74.5,27,1,2022-08-25 09:00:18
1661418018909288000,74.5,1,74.4,24,74.5,30,1,2022-08-25 09:00:18
1661418018912661000,74.4,1,74.4,23,74.5,30,2,2022-08-25 09:00:18
1661418018931633000,74.5,5,74.4,23,74.5,25,1,2022-08-25 09:00:18
1661418018963863000,74.5,1,74.4,26,74.5,24,1,2022-08-25 09:00:18
1661418018972220000,74.5,5,74.4,26,74.5,19,1,2022-08-25 09:00:18
1661418019017189000,74.5,1,74.4,27,74.5,18,1,2022-08-25 09:00:19
1661418019025759000,74.5,1,74.4,27,74.5,17,1,2022-08-25 09:00:19
1661418019070587000,74.5,1,74.4,28,74.5,16,1,2022-08-25 09:00:19
1661418019153385000,74.5,1,74.4,29,74.5,15,1,2022-08-25 09:00:19
1661418019184532000,74.5,1,74.4,34,74.5,14,1,2022-08-25 09:00:19
1661418019206249000,74.5,1,74.4,34,74.5,13,1,2022-08-25 09:00:19
1661418019209053000,74.5,13,74.4,34,74.6,108,1,2022-08-25 09:00:19
1661418019238515000,74.6,1,74.4,34,74.6,107,1,2022-08-25 09:00:19
1661418019244101000,74.6,2,74.4,34,74.6,105,1,2022-08-25 09:00:19
1661418019292477000,74.5,1,74.4,34,74.6,105,1,2022-08-25 09:00:19
1661418019400582000,74.5,5,74.4,36,74.5,5,1,2022-08-25 09:00:19
1661418019426659000,74.5,5,74.4,36,74.6,105,1,2022-08-25 09:00:19
1661418019438548000,74.6,1,74.4,36,74.5,10,1,2022-08-25 09:00:19
1661418019496695000,74.6,1,74.5,3,74.6,103,1,2022-08-25 09:00:19
1661418019590183000,74.6,4,74.5,3,74.6,99,1,2022-08-25 09:00:19
1661418019619022000,74.6,1,74.5,3,74.6,98,1,2022-08-25 09:00:19
1661418019665390000,74.5,1,74.5,7,74.6,98,2,2022-08-25 09:00:19
1661418019867166000,74.5,6,74.5,8,74.6,98,2,2022-08-25 09:00:19
1661418019943008000,74.6,3,74.5,13,74.6,95,1,2022-08-25 09:00:19
1661418019967338000,74.5,1,74.5,13,74.6,95,2,2022-08-25 09:00:19
1661418019982422000,74.6,3,74.5,13,74.6,92,1,2022-08-25 09:00:19
1661418020110537000,74.6,1,74.5,14,74.6,91,1,2022-08-25 09:00:20
1661418020127304000,74.5,14,74.4,20,74.6,91,2,2022-08-25 09:00:20
1661418020127304000,74.4,26,74.4,20,74.6,91,2,2022-08-25 09:00:20
1661418020288105000,74.5,1,74.5,2,74.6,91,2,2022-08-25 09:00:20
1661418020359556000,74.6,1,74.5,2,74.6,90,1,2022-08-25 09:00:20
1661418020369153000,74.5,3,74.4,21,74.5,25,2,2022-08-25 09:00:20
1661418020444109000,74.5,1,74.4,22,74.5,24,1,2022-08-25 09:00:20
1661418020489729000,74.5,1,74.4,22,74.5,32,1,2022-08-25 09:00:20
1661418020500089000,74.4,22,74.3,40,74.5,32,2,2022-08-25 09:00:20
1661418020601732000,74.3,1,74.3,40,74.5,32,2,2022-08-25 09:00:20
1661418020629920000,74.5,2,74.3,40,74.5,30,1,2022-08-25 09:00:20
1661418020667234000,74.5,1,74.3,40,74.5,29,1,2022-08-25 09:00:20
1661418020708696000,74.5,1,74.4,4,74.5,28,1,2022-08-25 09:00:20
1661418020814919000,74.5,1,74.4,5,74.5,27,1,2022-08-25 09:00:20
1661418020887731000,74.5,1,74.4,9,74.5,27,1,2022-08-25 09:00:20
1661418020894599000,74.5,3,74.4,9,74.5,24,1,2022-08-25 09:00:20
1661418020896059000,74.5,9,74.4,9,74.5,28,1,2022-08-25 09:00:20
1661418020962201000,74.5,1,74.4,9,74.5,14,1,2022-08-25 09:00:20
1661418021001284000,74.5,1,74.4,9,74.5,13,1,2022-08-25 09:00:21
1661418021038119000,74.5,1,74.4,9,74.5,12,1,2022-08-25 09:00:21
1661418021059379000,74.5,1,74.4,10,74.5,11,1,2022-08-25 09:00:21
1661418021237787000,74.5,1,74.4,10,74.5,16,1,2022-08-25 09:00:21
1661418021249135000,74.5,1,74.4,10,74.5,15,1,2022-08-25 09:00:21
1661418021260036000,74.4,1,74.4,9,74.5,15,2,2022-08-25 09:00:21
1661418021351826000,74.5,1,74.4,10,74.5,14,1,2022-08-25 09:00:21
1661418021388724000,74.5,5,74.4,12,74.5,16,1,2022-08-25 09:00:21
1661418021448261000,74.5,2,74.4,14,74.5,14,1,2022-08-25 09:00:21
1661418021479167000,74.5,1,74.4,14,74.5,13,1,2022-08-25 09:00:21
1661418021486289000,74.5,1,74.4,14,74.5,12,1,2022-08-25 09:00:21
1661418021528486000,74.4,1,74.4,13,74.5,12,2,2022-08-25 09:00:21
1661418021606187000,74.4,2,74.4,11,74.5,12,2,2022-08-25 09:00:21
1661418021666106000,74.5,5,74.4,12,74.5,7,1,2022-08-25 09:00:21
1661418021727766000,74.5,1,74.4,27,74.5,6,1,2022-08-25 09:00:21
1661418021812375000,74.5,6,74.4,27,74.5,1,1,2022-08-25 09:00:21
1661418021861348000,74.5,1,74.4,30,74.5,4,1,2022-08-25 09:00:21
1661418021867302000,74.5,1,74.4,30,74.5,3,1,2022-08-25 09:00:21
1661418021957366000,74.5,2,74.4,32,74.5,1,1,2022-08-25 09:00:21
1661418022008118000,74.5,1,74.4,32,74.6,90,1,2022-08-25 09:00:22
1661418022020116000,74.6,1,74.4,32,74.6,89,1,2022-08-25 09:00:22
1661418022110930000,74.6,1,74.5,3,74.6,88,1,2022-08-25 09:00:22
1661418022285603000,74.6,3,74.5,4,74.6,85,1,2022-08-25 09:00:22
1661418022552355000,74.6,5,74.5,5,74.6,80,1,2022-08-25 09:00:22
1661418022625779000,74.5,3,74.5,3,74.6,90,2,2022-08-25 09:00:22
1661418022657356000,74.6,5,74.5,3,74.6,85,1,2022-08-25 09:00:22
1661418022747994000,74.6,1,74.5,3,74.6,84,1,2022-08-25 09:00:22
1661418022822074000,74.5,3,74.4,38,74.6,84,2,2022-08-25 09:00:22
1661418022824468000,74.4,2,74.4,36,74.6,84,2,2022-08-25 09:00:22
1661418022872225000,74.5,1,74.4,37,74.5,1,1,2022-08-25 09:00:22
1661418023020625000,74.5,1,74.4,39,74.6,84,1,2022-08-25 09:00:23
1661418023206161000,74.6,1,74.5,1,74.6,83,1,2022-08-25 09:00:23
1661418023238096000,74.6,1,74.5,1,74.6,82,1,2022-08-25 09:00:23
1661418023248142000,74.5,1,74.4,40,74.6,82,2,2022-08-25 09:00:23
1661418023294308000,74.5,1,74.4,42,74.6,82,1,2022-08-25 09:00:23
1661418023323851000,74.4,1,74.4,41,74.6,82,2,2022-08-25 09:00:23
1661418023456605000,74.4,1,74.4,40,74.6,82,2,2022-08-25 09:00:23
1661418023507080000,74.4,1,74.4,40,74.6,82,2,2022-08-25 09:00:23
1661418023664580000,74.5,1,74.5,3,74.6,82,2,2022-08-25 09:00:23
1661418023694519000,74.5,3,74.4,41,74.6,82,2,2022-08-25 09:00:23
1661418023716634000,74.6,20,74.5,5,74.6,62,1,2022-08-25 09:00:23
1661418023796805000,74.5,2,74.5,3,74.6,62,2,2022-08-25 09:00:23
1661418023844240000,74.5,4,74.4,42,74.5,6,2,2022-08-25 09:00:23
1661418023852221000,74.5,5,74.4,42,74.5,1,1,2022-08-25 09:00:23
1661418023915104000,74.5,1,74.4,47,74.5,1,1,2022-08-25 09:00:23
1661418023955216000,74.6,1,74.4,47,74.6,61,1,2022-08-25 09:00:23
1661418024146839000,74.6,15,74.5,4,74.6,46,1,2022-08-25 09:00:24
1661418024265284000,74.6,1,74.5,4,74.6,45,1,2022-08-25 09:00:24
1661418024322485000,74.6,4,74.5,4,74.6,46,1,2022-08-25 09:00:24
1661418024473309000,74.6,5,74.5,4,74.6,37,1,2022-08-25 09:00:24
1661418024513979000,74.6,1,74.5,4,74.6,36,1,2022-08-25 09:00:24
1661418024689496000,74.5,1,74.5,13,74.6,36,2,2022-08-25 09:00:24
1661418024764799000,74.5,2,74.5,12,74.6,36,2,2022-08-25 09:00:24
1661418024834128000,74.6,1,74.5,12,74.6,35,1,2022-08-25 09:00:24
1661418024913628000,74.5,1,74.5,11,74.6,39,2,2022-08-25 09:00:24
1661418025181046000,74.5,1,74.5,13,74.6,39,2,2022-08-25 09:00:25
1661418025208075000,74.6,1,74.5,34,74.6,38,1,2022-08-25 09:00:25
1661418025261939000,74.5,1,74.5,35,74.6,38,2,2022-08-25 09:00:25
1661418025296915000,74.5,6,74.5,29,74.6,38,2,2022-08-25 09:00:25
1661418025529864000,74.6,7,74.5,41,74.6,31,1,2022-08-25 09:00:25
1661418025885432000,74.5,5,74.5,49,74.6,32,2,2022-08-25 09:00:25
1661418025931000000,74.6,3,74.5,51,74.6,29,1,2022-08-25 09:00:25
1661418025966775000,74.6,1,74.5,51,74.6,28,1,2022-08-25 09:00:25
1661418026024827000,74.6,1,74.5,54,74.6,27,1,2022-08-25 09:00:26
1661418026153620000,74.6,10,74.5,59,74.6,17,1,2022-08-25 09:00:26
1661418026215486000,74.6,18,74.5,59,74.7,101,1,2022-08-25 09:00:26
1661418026358647000,74.6,1,74.5,60,74.6,9,1,2022-08-25 09:00:26
1661418026566678000,74.5,1,74.5,63,74.6,20,2,2022-08-25 09:00:26
1661418026576982000,74.5,3,74.5,60,74.6,20,2,2022-08-25 09:00:26
1661418026586004000,74.6,1,74.5,60,74.6,19,1,2022-08-25 09:00:26
1661418026651451000,74.6,1,74.5,67,74.6,18,1,2022-08-25 09:00:26
1661418026732876000,74.6,2,74.5,67,74.6,16,1,2022-08-25 09:00:26
1661418026751584000,74.6,1,74.5,67,74.6,15,1,2022-08-25 09:00:26
1661418026781097000,74.6,4,74.5,68,74.6,11,1,2022-08-25 09:00:26
1661418026826995000,74.6,1,74.5,68,74.6,10,1,2022-08-25 09:00:26
1661418026837214000,74.5,9,74.5,59,74.6,10,2,2022-08-25 09:00:26
1661418026856487000,74.6,1,74.5,59,74.6,9,1,2022-08-25 09:00:26
1661418026958755000,74.6,1,74.5,66,74.6,8,1,2022-08-25 09:00:26
1661418026961836000,74.5,1,74.5,65,74.6,8,2,2022-08-25 09:00:26
1661418026976292000,74.6,2,74.5,65,74.6,6,1,2022-08-25 09:00:26
1661418026999942000,74.6,1,74.5,66,74.6,5,1,2022-08-25 09:00:26
1661418027073383000,74.6,1,74.5,66,74.6,4,1,2022-08-25 09:00:27
1661418027097693000,74.6,1,74.5,66,74.6,3,1,2022-08-25 09:00:27
1661418027105528000,74.6,1,74.5,66,74.6,2,1,2022-08-25 09:00:27
1661418027154490000,74.5,12,74.5,54,74.6,2,2,2022-08-25 09:00:27
1661418027187020000,74.6,2,74.5,54,74.7,99,1,2022-08-25 09:00:27
1661418027187020000,74.7,3,74.5,54,74.7,99,1,2022-08-25 09:00:27
1661418027253732000,74.7,1,74.5,54,74.7,98,1,2022-08-25 09:00:27
1661418027259171000,74.5,3,74.5,51,74.7,98,2,2022-08-25 09:00:27
1661418027310213000,74.6,1,74.5,55,74.7,98,2,2022-08-25 09:00:27
1661418027478637000,74.7,1,74.6,4,74.7,97,1,2022-08-25 09:00:27
1661418027521053000,74.7,1,74.6,4,74.7,96,1,2022-08-25 09:00:27
1661418027591640000,74.7,1,74.6,4,74.7,95,1,2022-08-25 09:00:27
1661418027592548000,74.6,3,74.6,1,74.7,95,2,2022-08-25 09:00:27
1661418027663403000,74.7,1,74.6,3,74.7,94,1,2022-08-25 09:00:27
1661418028389782000,74.7,1,74.6,32,74.7,97,1,2022-08-25 09:00:28
1661418028622602000,74.7,1,74.6,35,74.7,97,1,2022-08-25 09:00:28
1661418028748495000,74.6,10,74.6,26,74.7,97,2,2022-08-25 09:00:28
1661418028926534000,74.7,1,74.6,32,74.7,96,1,2022-08-25 09:00:28
1661418029066681000,74.7,3,74.6,40,74.7,93,1,2022-08-25 09:00:29
1661418029384861000,74.7,1,74.6,52,74.7,92,1,2022-08-25 09:00:29
1661418029429175000,74.7,1,74.6,52,74.7,93,1,2022-08-25 09:00:29
1661418029498281000,74.7,5,74.6,55,74.7,86,1,2022-08-25 09:00:29
1661418029587725000,74.7,5,74.6,56,74.7,81,1,2022-08-25 09:00:29
1661418029712068000,74.7,1,74.6,56,74.7,80,1,2022-08-25 09:00:29
1661418029797595000,74.6,20,74.6,40,74.7,80,2,2022-08-25 09:00:29
1661418029837513000,74.7,2,74.6,40,74.7,78,1,2022-08-25 09:00:29
1661418029913204000,74.7,1,74.6,42,74.7,88,1,2022-08-25 09:00:29
1661418029976256000,74.7,2,74.6,42,74.7,85,1,2022-08-25 09:00:29
1661418030018051000,74.7,1,74.6,42,74.7,84,1,2022-08-25 09:00:30
1661418030032842000,74.7,1,74.6,42,74.7,83,1,2022-08-25 09:00:30
1661418030126927000,74.6,1,74.6,41,74.7,83,2,2022-08-25 09:00:30
1661418030235251000,74.7,1,74.6,46,74.7,82,1,2022-08-25 09:00:30
1661418030427721000,74.7,1,74.6,50,74.7,82,1,2022-08-25 09:00:30
1661418030470665000,74.6,1,74.6,49,74.7,81,2,2022-08-25 09:00:30
1661418030484345000,74.6,5,74.6,44,74.7,81,2,2022-08-25 09:00:30
1661418030501105000,74.6,44,74.5,112,74.6,5,2,2022-08-25 09:00:30
1661418030523099000,74.6,1,74.5,112,74.6,4,1,2022-08-25 09:00:30
1661418030534474000,74.5,112,74.4,95,74.6,4,2,2022-08-25 09:00:30
1661418030541791000,74.6,1,74.4,95,74.6,3,1,2022-08-25 09:00:30
1661418030558679000,74.6,1,74.4,95,74.6,2,1,2022-08-25 09:00:30
1661418030644124000,74.6,2,74.4,95,74.7,78,1,2022-08-25 09:00:30
1661418030644124000,74.7,3,74.4,95,74.7,78,1,2022-08-25 09:00:30
1661418030701975000,74.6,2,74.4,95,74.7,78,2,2022-08-25 09:00:30
1661418030724398000,74.4,10,74.4,85,74.7,78,2,2022-08-25 09:00:30
1661418030749995000,74.7,1,74.6,3,74.7,77,1,2022-08-25 09:00:30
1661418030758758000,74.6,1,74.6,2,74.7,77,2,2022-08-25 09:00:30
1661418030758786000,74.6,1,74.6,1,74.7,77,2,2022-08-25 09:00:30
1661418030758801000,74.6,1,74.4,85,74.7,77,2,2022-08-25 09:00:30
1661418030769621000,74.7,1,74.4,85,74.7,76,1,2022-08-25 09:00:30
1661418030792884000,74.7,1,74.4,85,74.7,75,1,2022-08-25 09:00:30
1661418030860667000,74.6,3,74.4,85,74.7,80,2,2022-08-25 09:00:30
1661418030893861000,74.7,1,74.5,2,74.7,79,1,2022-08-25 09:00:30
1661418030918691000,74.6,1,74.5,2,74.6,3,1,2022-08-25 09:00:30
1661418030922168000,74.6,3,74.5,2,74.7,79,1,2022-08-25 09:00:30
1661418030926678000,74.7,2,74.5,2,74.6,4,1,2022-08-25 09:00:30
1661418030962079000,74.6,1,74.5,1,74.7,77,2,2022-08-25 09:00:30
1661418030962079000,74.5,1,74.5,1,74.7,77,2,2022-08-25 09:00:30
1661418031143320000,74.6,1,74.5,2,74.7,77,2,2022-08-25 09:00:31
1661418031207226000,74.7,1,74.5,6,74.7,76,1,2022-08-25 09:00:31
1661418031265289000,74.7,1,74.5,6,74.7,75,1,2022-08-25 09:00:31
1661418031290313000,74.7,1,74.5,6,74.7,75,1,2022-08-25 09:00:31
1661418031415709000,74.6,2,74.5,6,74.6,2,1,2022-08-25 09:00:31
1661418031431202000,74.6,1,74.5,6,74.6,4,1,2022-08-25 09:00:31
1661418031447237000,74.6,1,74.5,6,74.7,73,1,2022-08-25 09:00:31
1661418031447237000,74.7,2,74.5,6,74.7,73,1,2022-08-25 09:00:31
1661418031463229000,74.6,2,74.5,6,74.6,3,1,2022-08-25 09:00:31
1661418031501779000,74.6,3,74.6,2,74.7,73,1,2022-08-25 09:00:31
1661418031511739000,74.6,2,74.5,7,74.7,73,2,2022-08-25 09:00:31
1661418031596533000,74.6,3,74.5,7,74.7,73,2,2022-08-25 09:00:31
1661418031717339000,74.7,2,74.5,19,74.7,71,1,2022-08-25 09:00:31
1661418031785300000,74.6,1,74.5,19,74.7,71,2,2022-08-25 09:00:31
1661418031809087000,74.6,1,74.5,19,74.6,1,1,2022-08-25 09:00:31
1661418031835941000,74.6,1,74.5,20,74.6,2,1,2022-08-25 09:00:31
1661418031874710000,74.6,2,74.5,20,74.6,2,1,2022-08-25 09:00:31
1661418031879945000,74.6,2,74.5,20,74.7,65,1,2022-08-25 09:00:31
1661418031879945000,74.7,6,74.5,20,74.7,65,1,2022-08-25 09:00:31
1661418031911269000,74.7,5,74.5,20,74.7,60,1,2022-08-25 09:00:31
1661418031936949000,74.7,1,74.6,1,74.7,60,1,2022-08-25 09:00:31
1661418031948102000,74.6,1,74.5,20,74.7,59,2,2022-08-25 09:00:31
1661418031988080000,74.7,10,74.5,20,74.7,49,1,2022-08-25 09:00:31
1661418032015959000,74.7,1,74.5,20,74.7,48,1,2022-08-25 09:00:32
1661418032032731000,74.7,2,74.5,21,74.7,46,1,2022-08-25 09:00:32
1661418032138105000,74.6,2,74.5,21,74.6,3,2,2022-08-25 09:00:32
1661418032191509000,74.6,1,74.5,21,74.6,2,1,2022-08-25 09:00:32
1661418032208298000,74.6,1,74.5,21,74.6,1,1,2022-08-25 09:00:32
1661418032208897000,74.6,1,74.5,21,74.7,46,1,2022-08-25 09:00:32
1661418032230591000,74.7,2,74.5,21,74.7,44,1,2022-08-25 09:00:32
1661418032244158000,74.6,3,74.5,21,74.6,2,1,2022-08-25 09:00:32
1661418032249353000,74.6,2,74.5,21,74.7,40,1,2022-08-25 09:00:32
1661418032249353000,74.7,4,74.5,21,74.7,40,1,2022-08-25 09:00:32
1661418032343137000,74.7,1,74.5,22,74.7,39,1,2022-08-25 09:00:32
1661418032448587000,74.6,1,74.5,22,74.7,39,1,2022-08-25 09:00:32
1661418032461377000,74.7,1,74.5,22,74.7,38,1,2022-08-25 09:00:32
1661418032462507000,74.7,9,74.5,22,74.7,29,1,2022-08-25 09:00:32
1661418032551794000,74.6,1,74.5,23,74.7,30,2,2022-08-25 09:00:32
1661418032633517000,74.7,5,74.5,24,74.7,25,1,2022-08-25 09:00:32
1661418032641038000,74.7,1,74.5,24,74.7,24,1,2022-08-25 09:00:32
1661418032655661000,74.6,1,74.5,24,74.7,24,1,2022-08-25 09:00:32
1661418032777198000,74.7,2,74.5,25,74.7,22,1,2022-08-25 09:00:32
1661418032787001000,74.7,1,74.5,30,74.7,21,1,2022-08-25 09:00:32
1661418032813529000,74.6,1,74.6,4,74.7,21,2,2022-08-25 09:00:32
1661418032840694000,74.7,1,74.6,4,74.7,21,1,2022-08-25 09:00:32
1661418032961022000,74.7,1,74.6,4,74.7,20,1,2022-08-25 09:00:32
1661418032989385000,74.6,4,74.5,40,74.6,6,2,2022-08-25 09:00:32
1661418033022189000,74.6,1,74.5,40,74.6,5,1,2022-08-25 09:00:33
1661418033029682000,74.6,2,74.5,40,74.6,3,1,2022-08-25 09:00:33
1661418033075800000,74.6,3,74.5,40,74.7,21,1,2022-08-25 09:00:33
1661418033084010000,74.6,3,74.5,40,74.6,2,1,2022-08-25 09:00:33
1661418033118444000,74.6,1,74.5,40,74.6,1,1,2022-08-25 09:00:33
1661418033136851000,74.6,1,74.6,9,74.7,21,1,2022-08-25 09:00:33
1661418033141029000,74.7,3,74.6,9,74.7,18,1,2022-08-25 09:00:33
1661418033176413000,74.7,1,74.6,9,74.7,17,1,2022-08-25 09:00:33
1661418033194905000,74.7,1,74.6,9,74.7,16,1,2022-08-25 09:00:33
1661418033258842000,74.6,9,74.5,39,74.7,16,2,2022-08-25 09:00:33
1661418033258842000,74.5,1,74.5,39,74.7,16,2,2022-08-25 09:00:33
1661418033268261000,74.7,1,74.5,39,74.7,15,1,2022-08-25 09:00:33
1661418033297589000,74.7,15,74.5,39,74.8,157,1,2022-08-25 09:00:33
1661418033475959000,74.8,2,74.7,1,74.8,150,1,2022-08-25 09:00:33
1661418033500923000,74.7,1,74.6,1,74.8,150,2,2022-08-25 09:00:33
1661418033533722000,74.6,1,74.5,42,74.8,150,2,2022-08-25 09:00:33
1661418033587677000,74.7,3,74.5,43,74.8,150,2,2022-08-25 09:00:33
1661418033692366000,74.7,1,74.5,43,74.7,2,1,2022-08-25 09:00:33
1661418033844518000,74.7,2,74.7,1,74.8,150,1,2022-08-25 09:00:33
1661418033853639000,74.7,1,74.6,1,74.7,3,2,2022-08-25 09:00:33
1661418034132502000,74.7,1,74.6,4,74.7,2,1,2022-08-25 09:00:34
1661418034134580000,74.7,1,74.6,4,74.7,1,1,2022-08-25 09:00:34
1661418034157971000,74.7,1,74.6,4,74.8,148,1,2022-08-25 09:00:34
1661418034157971000,74.8,2,74.6,4,74.8,148,1,2022-08-25 09:00:34
1661418034239220000,74.8,1,74.7,2,74.8,147,1,2022-08-25 09:00:34
1661418034297010000,74.7,2,74.6,25,74.8,147,2,2022-08-25 09:00:34
1661418034417755000,74.6,2,74.7,2,74.8,148,2,2022-08-25 09:00:34
1661418034675135000,74.7,1,74.6,30,74.7,1,1,2022-08-25 09:00:34
1661418034685719000,74.7,1,74.6,32,74.8,154,1,2022-08-25 09:00:34
1661418034721282000,74.7,2,74.6,32,74.8,151,1,2022-08-25 09:00:34
1661418034721282000,74.8,3,74.6,32,74.8,151,1,2022-08-25 09:00:34
1661418034978707000,74.7,6,74.6,35,74.7,4,1,2022-08-25 09:00:34
1661418034987098000,74.7,1,74.6,35,74.7,3,1,2022-08-25 09:00:34
1661418035004421000,74.7,2,74.6,35,74.7,1,1,2022-08-25 09:00:35
1661418035045772000,74.7,1,74.6,35,74.8,151,1,2022-08-25 09:00:35
1661418035164054000,74.7,1,74.7,16,74.8,151,2,2022-08-25 09:00:35
1661418035382583000,74.8,2,74.7,28,74.8,152,1,2022-08-25 09:00:35
1661418035668798000,74.8,1,74.7,28,74.8,149,1,2022-08-25 09:00:35
1661418035850254000,74.8,15,74.7,31,74.8,134,1,2022-08-25 09:00:35
1661418035937258000,74.7,1,74.7,35,74.8,134,2,2022-08-25 09:00:35
1661418036425166000,74.7,1,74.7,43,74.8,135,2,2022-08-25 09:00:36
1661418036487821000,74.8,1,74.7,42,74.8,134,1,2022-08-25 09:00:36
1661418036540382000,74.8,1,74.7,42,74.8,133,1,2022-08-25 09:00:36
1661418037067727000,74.8,11,74.7,54,74.8,126,1,2022-08-25 09:00:37
1661418037224472000,74.8,1,74.7,54,74.8,125,1,2022-08-25 09:00:37
1661418037338600000,74.8,1,74.7,55,74.8,124,1,2022-08-25 09:00:37
1661418037352460000,74.8,1,74.7,55,74.8,123,1,2022-08-25 09:00:37
1661418037671929000,74.7,1,74.7,59,74.8,124,2,2022-08-25 09:00:37
1661418037693440000,74.8,1,74.7,59,74.8,123,1,2022-08-25 09:00:37
1661418037774323000,74.8,2,74.7,60,74.8,121,1,2022-08-25 09:00:37
1661418037805454000,74.8,1,74.7,60,74.8,120,1,2022-08-25 09:00:37
1661418037976066000,74.7,2,74.7,59,74.8,121,2,2022-08-25 09:00:37
1661418037984678000,74.8,1,74.7,59,74.8,120,1,2022-08-25 09:00:37
1661418038048499000,74.8,1,74.7,59,74.8,119,1,2022-08-25 09:00:38
1661418038136435000,74.8,5,74.7,60,74.8,114,1,2022-08-25 09:00:38
1661418038162222000,74.8,1,74.7,60,74.8,113,1,2022-08-25 09:00:38
1661418038184182000,74.8,1,74.7,60,74.8,112,1,2022-08-25 09:00:38
1661418038193880000,74.8,1,74.7,60,74.8,112,1,2022-08-25 09:00:38
1661418038218448000,74.8,1,74.7,61,74.8,111,1,2022-08-25 09:00:38
1661418038228617000,74.7,1,74.7,60,74.8,111,2,2022-08-25 09:00:38
1661418038264234000,74.8,5,74.7,65,74.8,106,1,2022-08-25 09:00:38
1661418038274341000,74.7,1,74.7,64,74.8,106,2,2022-08-25 09:00:38
1661418038328468000,74.8,1,74.7,64,74.8,105,1,2022-08-25 09:00:38
1661418038374860000,74.8,1,74.7,64,74.8,104,1,2022-08-25 09:00:38
1661418038380619000,74.8,3,74.7,64,74.8,101,1,2022-08-25 09:00:38
1661418038381595000,74.8,1,74.7,64,74.8,100,1,2022-08-25 09:00:38
1661418038432891000,74.8,20,74.7,64,74.8,100,1,2022-08-25 09:00:38
1661418038480218000,74.8,2,74.7,64,74.8,78,1,2022-08-25 09:00:38
1661418038521474000,74.8,5,74.7,64,74.8,73,1,2022-08-25 09:00:38
1661418038583136000,74.8,1,74.7,65,74.8,72,1,2022-08-25 09:00:38
1661418038717266000,74.8,1,74.7,68,74.8,71,1,2022-08-25 09:00:38
1661418038736911000,74.8,1,74.7,68,74.8,70,1,2022-08-25 09:00:38
1661418038838046000,74.8,1,74.7,68,74.8,69,1,2022-08-25 09:00:38
1661418038855864000,74.8,2,74.7,68,74.8,67,1,2022-08-25 09:00:38
1661418038868276000,74.8,1,74.7,68,74.8,66,1,2022-08-25 09:00:38
1661418038879170000,74.8,2,74.7,68,74.8,64,1,2022-08-25 09:00:38
1661418038923946000,74.8,3,74.7,68,74.8,61,1,2022-08-25 09:00:38
1661418039047574000,74.8,1,74.7,80,74.8,60,1,2022-08-25 09:00:39
1661418039081055000,74.8,1,74.7,80,74.8,59,1,2022-08-25 09:00:39
1661418039112709000,74.7,1,74.7,79,74.8,59,2,2022-08-25 09:00:39
1661418039153651000,74.8,2,74.7,79,74.8,57,1,2022-08-25 09:00:39
1661418039158203000,74.8,3,74.7,79,74.8,54,1,2022-08-25 09:00:39
1661418039202878000,74.8,1,74.7,79,74.8,53,1,2022-08-25 09:00:39
1661418039208346000,74.7,1,74.7,78,74.8,53,2,2022-08-25 09:00:39
1661418039220281000,74.7,3,74.7,75,74.8,53,2,2022-08-25 09:00:39
1661418039245892000,74.8,3,74.7,75,74.8,50,1,2022-08-25 09:00:39
1661418039275454000,74.8,1,74.7,75,74.8,49,1,2022-08-25 09:00:39
1661418039431396000,74.8,1,74.7,84,74.8,48,1,2022-08-25 09:00:39
1661418039434322000,74.8,1,74.7,84,74.8,49,1,2022-08-25 09:00:39
1661418039435611000,74.8,1,74.7,84,74.8,46,1,2022-08-25 09:00:39
1661418039439734000,74.8,1,74.7,84,74.8,45,1,2022-08-25 09:00:39
1661418039448663000,74.8,1,74.7,84,74.8,44,1,2022-08-25 09:00:39
1661418039455772000,74.8,1,74.7,84,74.8,43,1,2022-08-25 09:00:39
1661418039468302000,74.8,1,74.7,84,74.8,42,1,2022-08-25 09:00:39
1661418039572339000,74.8,1,74.7,84,74.8,41,1,2022-08-25 09:00:39
1661418039574243000,74.8,1,74.7,84,74.8,40,1,2022-08-25 09:00:39
1661418039579611000,74.8,1,74.7,84,74.8,39,1,2022-08-25 09:00:39
1661418039583142000,74.8,1,74.7,84,74.8,38,1,2022-08-25 09:00:39
1661418039601066000,74.8,4,74.7,84,74.8,34,1,2022-08-25 09:00:39
1661418039617668000,74.8,1,74.7,84,74.8,33,1,2022-08-25 09:00:39
1661418039671065000,74.7,2,74.7,82,74.8,35,2,2022-08-25 09:00:39
1661418039733054000,74.7,1,74.7,81,74.8,35,2,2022-08-25 09:00:39
1661418039736778000,74.8,1,74.7,81,74.8,34,1,2022-08-25 09:00:39
1661418039749305000,74.8,1,74.7,81,74.8,33,1,2022-08-25 09:00:39
1661418039752747000,74.7,2,74.7,79,74.8,33,2,2022-08-25 09:00:39
1661418039813142000,74.8,1,74.7,79,74.8,32,1,2022-08-25 09:00:39
1661418039821622000,74.7,1,74.7,78,74.8,32,2,2022-08-25 09:00:39
1661418039938637000,74.8,1,74.7,79,74.8,35,1,2022-08-25 09:00:39
1661418040012877000,74.8,2,74.7,80,74.8,34,1,2022-08-25 09:00:40
1661418040015074000,74.8,1,74.7,80,74.8,33,1,2022-08-25 09:00:40
1661418040030888000,74.8,1,74.7,80,74.8,34,1,2022-08-25 09:00:40
1661418040038802000,74.8,1,74.7,80,74.8,33,1,2022-08-25 09:00:40
1661418040101464000,74.8,1,74.7,82,74.8,32,1,2022-08-25 09:00:40
1661418040152615000,74.8,1,74.7,82,74.8,31,1,2022-08-25 09:00:40
1661418040157243000,74.8,1,74.7,82,74.8,30,1,2022-08-25 09:00:40
1661418040161310000,74.8,1,74.7,82,74.8,29,1,2022-08-25 09:00:40
1661418040170024000,74.8,2,74.7,82,74.8,27,1,2022-08-25 09:00:40
1661418040209534000,74.8,1,74.7,82,74.8,26,1,2022-08-25 09:00:40
1661418040227761000,74.8,2,74.7,82,74.8,24,1,2022-08-25 09:00:40
1661418040340232000,74.8,2,74.7,82,74.8,28,1,2022-08-25 09:00:40
1661418040413055000,74.8,1,74.7,82,74.8,27,1,2022-08-25 09:00:40
1661418040426141000,74.8,1,74.7,82,74.8,28,1,2022-08-25 09:00:40
1661418040469712000,74.8,1,74.7,82,74.8,25,1,2022-08-25 09:00:40
1661418040478072000,74.8,2,74.7,82,74.8,23,1,2022-08-25 09:00:40
1661418040553490000,74.8,10,74.7,82,74.8,13,1,2022-08-25 09:00:40
1661418040564839000,74.8,1,74.7,82,74.8,12,1,2022-08-25 09:00:40
1661418040592424000,74.8,1,74.7,83,74.8,11,1,2022-08-25 09:00:40
1661418040594987000,74.8,1,74.7,83,74.8,10,1,2022-08-25 09:00:40
1661418040647309000,74.8,1,74.7,83,74.8,9,1,2022-08-25 09:00:40
1661418040665245000,74.8,1,74.7,83,74.8,8,1,2022-08-25 09:00:40
1661418040682035000,74.8,1,74.7,84,74.8,7,1,2022-08-25 09:00:40
1661418040687688000,74.8,5,74.7,84,74.8,2,1,2022-08-25 09:00:40
1661418040740016000,74.8,2,74.7,84,74.9,237,1,2022-08-25 09:00:40
1661418040924546000,74.9,6,74.8,14,74.9,237,1,2022-08-25 09:00:40
1661418040941824000,74.9,1,74.8,14,74.9,230,1,2022-08-25 09:00:40
1661418041008310000,74.8,2,74.8,12,74.9,230,2,2022-08-25 09:00:41
1661418041013250000,74.9,1,74.8,12,74.9,229,1,2022-08-25 09:00:41
1661418041163839000,74.9,1,74.8,15,74.9,228,1,2022-08-25 09:00:41
1661418041183338000,74.9,5,74.8,15,74.9,223,1,2022-08-25 09:00:41
1661418041451809000,74.9,1,74.8,23,74.9,222,1,2022-08-25 09:00:41
1661418041476575000,74.9,1,74.8,23,74.9,221,1,2022-08-25 09:00:41
1661418041758432000,74.9,5,74.8,32,74.9,216,1,2022-08-25 09:00:41
1661418041997683000,74.9,3,74.8,39,74.9,213,1,2022-08-25 09:00:41
1661418042028619000,74.8,1,74.8,38,74.9,213,2,2022-08-25 09:00:42
1661418042108751000,74.9,1,74.8,52,74.9,212,1,2022-08-25 09:00:42
1661418042172635000,74.9,10,74.8,72,74.9,202,1,2022-08-25 09:00:42
1661418042325296000,74.8,1,74.8,119,74.9,202,2,2022-08-25 09:00:42
1661418042393416000,74.9,1,74.8,119,74.9,201,1,2022-08-25 09:00:42
1661418042411895000,74.8,1,74.8,118,74.9,201,2,2022-08-25 09:00:42
1661418042419192000,74.8,2,74.8,120,74.9,202,2,2022-08-25 09:00:42
1661418042449605000,74.8,20,74.8,96,74.9,201,2,2022-08-25 09:00:42
1661418042457219000,74.9,1,74.8,97,74.9,200,1,2022-08-25 09:00:42
1661418042499148000,74.9,1,74.8,96,74.9,199,1,2022-08-25 09:00:42
1661418042561569000,74.9,1,74.8,101,74.9,198,1,2022-08-25 09:00:42
1661418042694118000,74.9,1,74.8,101,74.9,197,1,2022-08-25 09:00:42
1661418042756308000,74.9,3,74.8,101,74.9,194,1,2022-08-25 09:00:42
1661418042864495000,74.9,1,74.8,103,74.9,197,1,2022-08-25 09:00:42
1661418042882176000,74.9,1,74.8,104,74.9,196,1,2022-08-25 09:00:42
1661418042926098000,74.8,2,74.8,102,74.9,196,2,2022-08-25 09:00:42
1661418042930371000,74.8,2,74.8,104,74.9,197,2,2022-08-25 09:00:42
1661418043000860000,74.9,1,74.8,103,74.9,195,1,2022-08-25 09:00:43
1661418043042994000,74.8,2,74.8,101,74.9,196,2,2022-08-25 09:00:43
1661418043141546000,74.9,1,74.8,108,74.9,195,1,2022-08-25 09:00:43
1661418043231317000,74.8,1,74.8,107,74.9,195,2,2022-08-25 09:00:43
1661418043265561000,74.9,1,74.8,107,74.9,194,1,2022-08-25 09:00:43
1661418043301433000,74.9,1,74.8,107,74.9,193,1,2022-08-25 09:00:43
1661418043376292000,74.9,1,74.8,120,74.9,192,1,2022-08-25 09:00:43
1661418043433965000,74.9,1,74.8,121,74.9,191,1,2022-08-25 09:00:43
1661418043576211000,74.9,1,74.8,128,74.9,190,1,2022-08-25 09:00:43
1661418043594410000,74.8,1,74.8,127,74.9,190,2,2022-08-25 09:00:43
1661418043719089000,74.9,1,74.8,129,74.9,189,1,2022-08-25 09:00:43
1661418043730267000,74.9,1,74.8,129,74.9,188,1,2022-08-25 09:00:43
1661418043877984000,74.9,1,74.8,130,74.9,187,1,2022-08-25 09:00:43
1661418043992873000,74.9,1,74.8,140,74.9,186,1,2022-08-25 09:00:43
1661418043993875000,74.9,1,74.8,140,74.9,185,1,2022-08-25 09:00:43
1661418044100983000,74.9,10,74.8,140,74.9,175,1,2022-08-25 09:00:44
1661418044437607000,74.9,1,74.8,141,74.9,176,1,2022-08-25 09:00:44
1661418044442367000,74.9,1,74.8,141,74.9,174,1,2022-08-25 09:00:44
1661418044495493000,74.9,2,74.8,141,74.9,172,1,2022-08-25 09:00:44
1661418044498595000,74.9,10,74.8,141,74.9,162,1,2022-08-25 09:00:44
1661418044509449000,74.9,1,74.8,141,74.9,161,1,2022-08-25 09:00:44
1661418044718987000,74.9,1,74.8,152,74.9,160,1,2022-08-25 09:00:44
1661418044807637000,74.9,1,74.8,152,74.9,159,1,2022-08-25 09:00:44
1661418044894769000,74.9,1,74.8,153,74.9,158,1,2022-08-25 09:00:44
1661418044925057000,74.9,20,74.8,153,74.9,159,1,2022-08-25 09:00:44
1661418045270921000,74.9,1,74.8,157,74.9,137,1,2022-08-25 09:00:45
1661418045284065000,74.9,10,74.8,157,74.9,127,1,2022-08-25 09:00:45
1661418045489878000,74.9,1,74.8,167,74.9,139,1,2022-08-25 09:00:45
1661418045683728000,74.9,2,74.8,167,74.9,137,1,2022-08-25 09:00:45
1661418045707937000,74.9,1,74.8,167,74.9,136,1,2022-08-25 09:00:45
1661418045724832000,74.9,1,74.8,167,74.9,135,1,2022-08-25 09:00:45
1661418045794381000,74.9,2,74.8,168,74.9,133,1,2022-08-25 09:00:45
1661418045892154000,74.9,5,74.8,169,74.9,132,1,2022-08-25 09:00:45
1661418045893237000,74.8,1,74.8,168,74.9,132,2,2022-08-25 09:00:45
1661418045904858000,74.9,1,74.8,169,74.9,137,1,2022-08-25 09:00:45
1661418045946650000,74.9,1,74.8,168,74.9,130,1,2022-08-25 09:00:45
1661418045955936000,74.9,1,74.8,168,74.9,129,1,2022-08-25 09:00:45
1661418045966028000,74.9,1,74.8,168,74.9,128,1,2022-08-25 09:00:45
1661418045993034000,74.9,2,74.8,168,74.9,126,1,2022-08-25 09:00:45
1661418046055854000,74.9,3,74.8,168,74.9,123,1,2022-08-25 09:00:46
1661418046091414000,74.9,1,74.8,168,74.9,122,1,2022-08-25 09:00:46
1661418046117561000,74.9,1,74.8,168,74.9,121,1,2022-08-25 09:00:46
1661418046226223000,74.9,1,74.8,168,74.9,120,1,2022-08-25 09:00:46
1661418046244763000,74.9,33,74.8,168,74.9,87,1,2022-08-25 09:00:46
1661418046250471000,74.9,2,74.8,168,74.9,85,1,2022-08-25 09:00:46
1661418046285482000,74.9,1,74.8,169,74.9,84,1,2022-08-25 09:00:46
1661418046296869000,74.9,6,74.8,169,74.9,78,1,2022-08-25 09:00:46
1661418046316932000,74.9,1,74.8,169,74.9,77,1,2022-08-25 09:00:46
1661418046402881000,74.8,1,74.8,168,74.9,77,2,2022-08-25 09:00:46
1661418046418648000,74.9,2,74.8,169,74.9,77,1,2022-08-25 09:00:46
1661418046479481000,74.9,1,74.8,168,74.9,74,1,2022-08-25 09:00:46
1661418046575339000,74.9,1,74.8,168,74.9,73,1,2022-08-25 09:00:46
1661418046627160000,74.9,2,74.8,170,74.9,71,1,2022-08-25 09:00:46
1661418046708395000,74.9,1,74.8,172,74.9,70,1,2022-08-25 09:00:46
1661418046710878000,74.9,1,74.8,172,74.9,69,1,2022-08-25 09:00:46
1661418046762369000,74.9,1,74.8,172,74.9,68,1,2022-08-25 09:00:46
1661418046837805000,74.9,10,74.8,172,74.9,58,1,2022-08-25 09:00:46
1661418046847745000,74.9,10,74.8,173,74.9,48,1,2022-08-25 09:00:46
1661418046850358000,74.9,1,74.8,173,74.9,47,1,2022-08-25 09:00:46
1661418046871005000,74.9,1,74.8,173,74.9,46,1,2022-08-25 09:00:46
1661418046873581000,74.9,1,74.8,173,74.9,45,1,2022-08-25 09:00:46
1661418046880501000,74.9,1,74.8,173,74.9,44,1,2022-08-25 09:00:46
1661418046908275000,74.9,1,74.8,173,74.9,43,1,2022-08-25 09:00:46
1661418046916519000,74.9,2,74.8,173,74.9,41,1,2022-08-25 09:00:46
1661418046917548000,74.9,3,74.8,173,74.9,38,1,2022-08-25 09:00:46
1661418046974814000,74.9,1,74.8,174,74.9,37,1,2022-08-25 09:00:46
1661418046985727000,74.9,2,74.8,174,74.9,35,1,2022-08-25 09:00:46
1661418046991224000,74.9,2,74.8,174,74.9,33,1,2022-08-25 09:00:46
1661418047009651000,74.9,20,74.8,174,74.9,13,1,2022-08-25 09:00:47
1661418047046759000,74.9,1,74.8,174,74.9,12,1,2022-08-25 09:00:47
1661418047049228000,74.9,3,74.8,174,74.9,9,1,2022-08-25 09:00:47
1661418047152141000,74.9,10,74.8,181,74.9,1,1,2022-08-25 09:00:47
1661418047154513000,74.9,1,74.8,181,75.0,246,1,2022-08-25 09:00:47
1661418047166179000,75.0,1,74.8,181,75.0,245,1,2022-08-25 09:00:47
1661418047388309000,75.0,1,74.9,1,75.0,244,1,2022-08-25 09:00:47
1661418047527889000,74.9,1,74.9,1,75.0,244,2,2022-08-25 09:00:47
1661418047548509000,75.0,1,74.9,1,75.0,243,1,2022-08-25 09:00:47
1661418047582431000,74.9,1,74.8,187,75.0,243,2,2022-08-25 09:00:47
1661418047822518000,75.0,1,74.9,10,75.0,242,1,2022-08-25 09:00:47
1661418047894428000,74.9,1,74.9,16,75.0,242,2,2022-08-25 09:00:47
1661418047978046000,75.0,5,74.9,18,75.0,234,1,2022-08-25 09:00:47
1661418047981422000,74.9,1,74.9,17,75.0,234,2,2022-08-25 09:00:47
1661418048096808000,75.0,10,74.9,18,75.0,224,1,2022-08-25 09:00:48
1661418048190674000,75.0,1,74.9,21,75.0,223,1,2022-08-25 09:00:48
1661418048466543000,74.9,4,74.9,26,75.0,223,2,2022-08-25 09:00:48
1661418048488959000,75.0,1,74.9,26,75.0,222,1,2022-08-25 09:00:48
1661418048489788000,74.9,10,74.9,16,75.0,222,2,2022-08-25 09:00:48
1661418048548162000,75.0,1,74.9,17,75.0,221,1,2022-08-25 09:00:48
1661418048777885000,74.9,1,74.9,16,75.0,221,2,2022-08-25 09:00:48
1661418048898362000,74.9,1,74.9,16,75.0,225,2,2022-08-25 09:00:48
1661418049184293000,74.9,1,74.9,56,75.0,225,2,2022-08-25 09:00:49
1661418049247351000,75.0,10,74.9,56,75.0,215,1,2022-08-25 09:00:49
1661418049323732000,75.0,1,74.9,56,75.0,214,1,2022-08-25 09:00:49
1661418049363905000,75.0,1,74.9,56,75.0,213,1,2022-08-25 09:00:49
1661418049846733000,74.9,5,74.9,61,75.0,214,2,2022-08-25 09:00:49
1661418049904627000,75.0,18,74.9,61,75.0,198,1,2022-08-25 09:00:49
1661418049958849000,75.0,1,74.9,61,75.0,197,1,2022-08-25 09:00:49
1661418050076338000,74.9,10,74.9,52,75.0,199,2,2022-08-25 09:00:50
1661418050111372000,75.0,10,74.9,63,75.0,189,1,2022-08-25 09:00:50
1661418050124701000,75.0,5,74.9,65,75.0,184,1,2022-08-25 09:00:50
1661418050138340000,74.9,3,74.9,62,75.0,184,2,2022-08-25 09:00:50
1661418050289306000,75.0,3,74.9,72,75.0,181,1,2022-08-25 09:00:50
1661418050462256000,75.0,1,74.9,74,75.0,180,1,2022-08-25 09:00:50
1661418050462573000,74.9,1,74.9,73,75.0,180,2,2022-08-25 09:00:50
1661418050541790000,75.0,2,74.9,73,75.0,178,1,2022-08-25 09:00:50
1661418050601827000,74.9,1,74.9,72,75.0,178,2,2022-08-25 09:00:50
1661418050646930000,75.0,1,74.9,74,75.0,177,1,2022-08-25 09:00:50
1661418050681782000,75.0,5,74.9,76,75.0,172,1,2022-08-25 09:00:50
1661418050822235000,75.0,1,74.9,87,75.0,171,1,2022-08-25 09:00:50
1661418050964921000,74.9,1,74.9,88,75.0,169,2,2022-08-25 09:00:50
1661418051311481000,75.0,1,74.9,96,75.0,168,1,2022-08-25 09:00:51
1661418051384947000,75.0,10,74.9,96,75.0,158,1,2022-08-25 09:00:51
1661418051420220000,75.0,13,74.9,96,75.0,146,1,2022-08-25 09:00:51
1661418051431634000,74.9,2,74.9,96,75.0,159,2,2022-08-25 09:00:51
1661418051451032000,75.0,1,74.9,94,75.0,145,1,2022-08-25 09:00:51
1661418051453016000,75.0,1,74.9,94,75.0,144,1,2022-08-25 09:00:51
1661418051520888000,75.0,10,74.9,96,75.0,134,1,2022-08-25 09:00:51
1661418051578771000,75.0,5,74.9,98,75.0,129,1,2022-08-25 09:00:51
1661418051597996000,75.0,2,74.9,99,75.0,128,1,2022-08-25 09:00:51
1661418051606599000,75.0,1,74.9,99,75.0,127,1,2022-08-25 09:00:51
1661418051655251000,75.0,1,74.9,100,75.0,126,1,2022-08-25 09:00:51
1661418051742436000,75.0,1,74.9,101,75.0,125,1,2022-08-25 09:00:51
1661418051745353000,75.0,1,74.9,101,75.0,124,1,2022-08-25 09:00:51
1661418051877763000,75.0,2,74.9,102,75.0,128,1,2022-08-25 09:00:51
1661418051886042000,75.0,1,74.9,102,75.0,127,1,2022-08-25 09:00:51
1661418051893668000,75.0,1,74.9,102,75.0,130,1,2022-08-25 09:00:51
1661418052113765000,75.0,1,74.9,103,75.0,132,1,2022-08-25 09:00:52
1661418052132183000,75.0,1,74.9,104,75.0,131,1,2022-08-25 09:00:52
1661418052183273000,75.0,1,74.9,105,75.0,130,1,2022-08-25 09:00:52
1661418052238744000,74.9,3,74.9,102,75.0,130,2,2022-08-25 09:00:52
1661418052294881000,75.0,1,74.9,103,75.0,129,1,2022-08-25 09:00:52
1661418052296898000,75.0,1,74.9,103,75.0,128,1,2022-08-25 09:00:52
1661418052378912000,75.0,3,74.9,113,75.0,125,1,2022-08-25 09:00:52
1661418052430250000,75.0,1,74.9,113,75.0,124,1,2022-08-25 09:00:52
1661418052430282000,75.0,1,74.9,113,75.0,123,1,2022-08-25 09:00:52
1661418052484989000,75.0,1,74.9,114,75.0,122,1,2022-08-25 09:00:52
1661418052500348000,75.0,2,74.9,114,75.0,120,1,2022-08-25 09:00:52
1661418052505794000,75.0,1,74.9,114,75.0,119,1,2022-08-25 09:00:52
1661418052660264000,75.0,2,74.9,114,75.0,119,1,2022-08-25 09:00:52
1661418052731833000,74.9,1,74.9,135,75.0,119,2,2022-08-25 09:00:52
1661418052917918000,75.0,5,74.9,141,75.0,119,1,2022-08-25 09:00:52
1661418052984515000,75.0,1,74.9,141,75.0,113,1,2022-08-25 09:00:52
1661418053077375000,75.0,1,74.9,141,75.0,114,1,2022-08-25 09:00:53
1661418053078585000,75.0,1,74.9,141,75.0,113,1,2022-08-25 09:00:53
1661418053118877000,75.0,2,74.9,141,75.0,111,1,2022-08-25 09:00:53
1661418053327637000,75.0,3,74.9,143,75.0,110,1,2022-08-25 09:00:53
1661418053424235000,75.0,1,74.9,144,75.0,110,1,2022-08-25 09:00:53
1661418053509844000,75.0,1,74.9,144,75.0,108,1,2022-08-25 09:00:53
1661418053666846000,75.0,1,74.9,147,75.0,107,1,2022-08-25 09:00:53
1661418053701765000,74.9,10,74.9,137,75.0,107,2,2022-08-25 09:00:53
1661418053753333000,75.0,2,74.9,138,75.0,105,1,2022-08-25 09:00:53
1661418053783141000,74.9,1,74.9,137,75.0,105,2,2022-08-25 09:00:53
1661418053882418000,74.9,1,74.9,138,75.0,105,2,2022-08-25 09:00:53
1661418053945293000,75.0,1,74.9,139,75.0,104,1,2022-08-25 09:00:53
1661418053992270000,75.0,1,74.9,141,75.0,103,1,2022-08-25 09:00:53
1661418054014130000,75.0,1,74.9,141,75.0,102,1,2022-08-25 09:00:54
1661418054046106000,75.0,1,74.9,143,75.0,101,1,2022-08-25 09:00:54
1661418054067941000,75.0,2,74.9,143,75.0,99,1,2022-08-25 09:00:54
1661418054238268000,75.0,1,74.9,144,75.0,98,1,2022-08-25 09:00:54
1661418054286173000,75.0,1,74.9,144,75.0,97,1,2022-08-25 09:00:54
1661418054427412000,75.0,1,74.9,146,75.0,98,1,2022-08-25 09:00:54
1661418054456300000,75.0,1,74.9,146,75.0,96,1,2022-08-25 09:00:54
1661418054510901000,75.0,5,74.9,147,75.0,91,1,2022-08-25 09:00:54
1661418054551819000,75.0,4,74.9,148,75.0,87,1,2022-08-25 09:00:54
1661418054648293000,75.0,1,74.9,153,75.0,87,1,2022-08-25 09:00:54
1661418054661176000,75.0,1,74.9,153,75.0,86,1,2022-08-25 09:00:54
1661418054689899000,75.0,1,74.9,158,75.0,85,1,2022-08-25 09:00:54
1661418054733275000,75.0,1,74.9,158,75.0,84,1,2022-08-25 09:00:54
1661418054787587000,75.0,1,74.9,163,75.0,83,1,2022-08-25 09:00:54
1661418054988399000,75.0,1,74.9,162,75.0,86,1,2022-08-25 09:00:54
1661418055002294000,75.0,1,74.9,162,75.0,85,1,2022-08-25 09:00:55
1661418055083877000,75.0,1,74.9,162,75.0,84,1,2022-08-25 09:00:55
1661418055124038000,75.0,1,74.9,162,75.0,83,1,2022-08-25 09:00:55
1661418055129252000,75.0,5,74.9,162,75.0,78,1,2022-08-25 09:00:55
1661418055191013000,75.0,1,74.9,165,75.0,77,1,2022-08-25 09:00:55
1661418055205787000,75.0,1,74.9,165,75.0,76,1,2022-08-25 09:00:55
1661418055222701000,75.0,2,74.9,165,75.0,74,1,2022-08-25 09:00:55
1661418055231536000,74.9,15,74.9,150,75.0,74,2,2022-08-25 09:00:55
1661418055246076000,74.9,1,74.9,149,75.0,74,2,2022-08-25 09:00:55
1661418055273208000,75.0,1,74.9,149,75.0,74,1,2022-08-25 09:00:55
1661418055278845000,75.0,4,74.9,149,75.0,70,1,2022-08-25 09:00:55
1661418055361931000,75.0,10,74.9,150,75.0,60,1,2022-08-25 09:00:55
1661418055363732000,75.0,1,74.9,150,75.0,59,1,2022-08-25 09:00:55
1661418055410765000,75.0,5,74.9,150,75.0,70,1,2022-08-25 09:00:55
1661418055908924000,75.0,3,74.9,153,75.0,53,1,2022-08-25 09:00:55
1661418055922747000,75.0,2,74.9,153,75.0,51,1,2022-08-25 09:00:55
1661418055925577000,75.0,2,74.9,153,75.0,56,1,2022-08-25 09:00:55
1661418055998609000,75.0,1,74.9,153,75.0,48,1,2022-08-25 09:00:55
1661418056118693000,75.0,1,74.9,158,75.0,50,1,2022-08-25 09:00:56
1661418056197579000,75.0,1,74.9,161,75.0,50,1,2022-08-25 09:00:56
1661418056203118000,75.0,2,74.9,161,75.0,48,1,2022-08-25 09:00:56
1661418056205547000,75.0,2,74.9,161,75.0,46,1,2022-08-25 09:00:56
1661418056219106000,74.9,1,74.9,160,75.0,46,2,2022-08-25 09:00:56
1661418056263183000,75.0,2,74.9,165,75.0,44,1,2022-08-25 09:00:56
1661418056295354000,75.0,1,74.9,165,75.0,43,1,2022-08-25 09:00:56
1661418056337020000,75.0,1,74.9,167,75.0,42,1,2022-08-25 09:00:56
1661418056339513000,75.0,3,74.9,167,75.0,39,1,2022-08-25 09:00:56
1661418056429557000,75.0,1,74.9,167,75.0,38,1,2022-08-25 09:00:56
1661418056510607000,75.0,1,74.9,173,75.0,37,1,2022-08-25 09:00:56
1661418056529004000,75.0,1,74.9,173,75.0,36,1,2022-08-25 09:00:56
1661418056529184000,75.0,4,74.9,173,75.0,32,1,2022-08-25 09:00:56
1661418056548115000,75.0,1,74.9,173,75.0,31,1,2022-08-25 09:00:56
1661418056658108000,75.0,1,74.9,173,75.0,30,1,2022-08-25 09:00:56
1661418056674893000,75.0,1,74.9,173,75.0,29,1,2022-08-25 09:00:56
1661418056748026000,75.0,1,74.9,175,75.0,29,1,2022-08-25 09:00:56
1661418056773359000,75.0,2,74.9,175,75.0,27,1,2022-08-25 09:00:56
1661418056776656000,75.0,1,74.9,175,75.0,26,1,2022-08-25 09:00:56
1661418056791952000,75.0,1,74.9,175,75.0,25,1,2022-08-25 09:00:56
1661418056807618000,75.0,1,74.9,175,75.0,24,1,2022-08-25 09:00:56
1661418056829359000,75.0,2,74.9,178,75.0,22,1,2022-08-25 09:00:56
1661418056833438000,75.0,1,74.9,178,75.0,21,1,2022-08-25 09:00:56
1661418056852712000,75.0,10,74.9,180,75.0,11,1,2022-08-25 09:00:56
1661418056868788000,75.0,5,74.9,180,75.0,6,1,2022-08-25 09:00:56
1661418056871096000,75.0,3,74.9,180,75.0,3,1,2022-08-25 09:00:56
1661418056876115000,75.0,2,74.9,180,75.0,1,1,2022-08-25 09:00:56
1661418056903306000,75.0,1,74.9,181,75.1,178,1,2022-08-25 09:00:56
1661418056953201000,74.9,5,74.9,177,75.0,1,2,2022-08-25 09:00:56
1661418056981113000,75.0,1,75.0,4,75.1,178,1,2022-08-25 09:00:56
1661418057085651000,75.0,1,75.0,12,75.1,178,2,2022-08-25 09:00:57
1661418057127077000,75.0,1,75.0,13,75.1,178,2,2022-08-25 09:00:57
1661418057207341000,75.0,5,75.0,9,75.1,178,2,2022-08-25 09:00:57
1661418057354527000,75.1,1,75.0,15,75.1,177,1,2022-08-25 09:00:57
1661418057375424000,75.0,10,75.0,9,75.1,177,2,2022-08-25 09:00:57
1661418057439138000,75.1,1,75.0,10,75.1,181,1,2022-08-25 09:00:57
1661418057484676000,75.1,1,75.0,10,75.1,180,1,2022-08-25 09:00:57
1661418057637276000,75.1,1,75.0,16,75.1,179,1,2022-08-25 09:00:57
1661418057662197000,75.1,10,75.0,20,75.1,169,1,2022-08-25 09:00:57
1661418057766659000,75.1,10,75.0,23,75.1,159,1,2022-08-25 09:00:57
1661418057768369000,75.0,1,75.0,22,75.1,159,2,2022-08-25 09:00:57
1661418058004499000,75.1,1,75.0,50,75.1,162,1,2022-08-25 09:00:58
1661418058598392000,75.1,3,75.0,62,75.1,157,1,2022-08-25 09:00:58
1661418058605471000,75.0,1,75.0,65,75.1,157,2,2022-08-25 09:00:58
1661418058606056000,75.1,1,75.0,65,75.1,156,1,2022-08-25 09:00:58
1661418059118802000,75.1,2,75.0,79,75.1,154,1,2022-08-25 09:00:59
1661418059384024000,75.1,10,75.0,81,75.1,144,1,2022-08-25 09:00:59
1661418059558448000,75.0,1,75.0,82,75.1,144,2,2022-08-25 09:00:59
1661418059704106000,75.0,3,75.0,80,75.1,144,2,2022-08-25 09:00:59
1661418059711752000,75.1,1,75.0,81,75.1,143,1,2022-08-25 09:00:59
1661418059885588000,75.1,1,75.0,83,75.1,144,1,2022-08-25 09:00:59
1661418060323708000,75.1,2,75.0,99,75.1,152,1,2022-08-25 09:01:00
1661418060397326000,75.1,25,75.0,102,75.1,152,1,2022-08-25 09:01:00
1661418060529221000,75.1,2,75.0,106,75.1,125,1,2022-08-25 09:01:00
1661418060786783000,75.0,1,75.0,110,75.1,130,2,2022-08-25 09:01:00
1661418060887243000,75.0,1,75.0,110,75.1,134,2,2022-08-25 09:01:00
1661418060912480000,75.0,1,75.0,109,75.1,134,2,2022-08-25 09:01:00
1661418060926889000,75.0,2,75.0,108,75.1,134,2,2022-08-25 09:01:00
1661418060935821000,75.0,109,74.9,247,75.1,134,2,2022-08-25 09:01:00
1661418060968401000,75.1,1,74.9,250,75.1,133,1,2022-08-25 09:01:00
1661418061031633000,75.0,1,74.9,250,75.0,1,2,2022-08-25 09:01:01
1661418061080113000,74.9,1,74.9,249,75.0,2,2,2022-08-25 09:01:01
1661418061099081000,75.0,1,74.9,249,75.0,1,1,2022-08-25 09:01:01
1661418061158133000,75.0,2,74.9,249,75.0,1,1,2022-08-25 09:01:01
1661418061181645000,74.9,1,74.9,248,75.0,1,2,2022-08-25 09:01:01
1661418061215746000,74.9,2,74.9,246,75.0,1,2,2022-08-25 09:01:01
1661418061352174000,75.0,1,74.9,251,75.0,3,1,2022-08-25 09:01:01
1661418061449202000,74.9,3,74.9,248,75.0,2,2,2022-08-25 09:01:01
1661418061484842000,74.9,6,74.9,242,75.0,2,2,2022-08-25 09:01:01
1661418061497082000,75.0,1,74.9,243,75.0,1,1,2022-08-25 09:01:01
1661418061497248000,75.0,1,74.9,243,75.1,133,1,2022-08-25 09:01:01
1661418061523876000,75.0,1,74.9,243,75.1,128,1,2022-08-25 09:01:01
1661418061523876000,75.1,5,74.9,243,75.1,128,1,2022-08-25 09:01:01
1661418061539226000,75.1,1,75.0,1,75.1,127,1,2022-08-25 09:01:01
1661418061562477000,75.0,1,74.9,242,75.1,127,2,2022-08-25 09:01:01
1661418061588087000,75.1,1,74.9,242,75.1,126,1,2022-08-25 09:01:01
1661418061590651000,75.1,2,74.9,242,75.1,124,1,2022-08-25 09:01:01
1661418061764814000,75.0,8,74.9,244,75.0,25,1,2022-08-25 09:01:01
1661418061788324000,74.9,2,74.9,242,75.0,27,2,2022-08-25 09:01:01
1661418061821904000,74.9,14,74.9,228,75.0,29,2,2022-08-25 09:01:01
1661418061850460000,75.0,1,74.9,228,75.0,28,1,2022-08-25 09:01:01
1661418061853790000,75.0,1,74.9,228,75.0,27,1,2022-08-25 09:01:01
1661418061899738000,75.0,1,74.9,242,75.0,29,1,2022-08-25 09:01:01
1661418061929862000,75.0,1,74.9,228,75.0,25,1,2022-08-25 09:01:01
1661418061964396000,75.0,2,74.9,229,75.0,33,1,2022-08-25 09:01:01
1661418062053281000,75.0,5,74.9,228,75.0,32,1,2022-08-25 09:01:02
1661418062124698000,75.0,1,74.9,228,75.0,31,1,2022-08-25 09:01:02
1661418062200412000,75.0,2,74.9,228,75.0,29,1,2022-08-25 09:01:02
1661418062229619000,75.0,5,74.9,228,75.0,24,1,2022-08-25 09:01:02
1661418062258706000,75.0,1,74.9,228,75.0,25,1,2022-08-25 09:01:02
1661418062269745000,75.0,2,74.9,228,75.0,23,1,2022-08-25 09:01:02
1661418062280492000,74.9,25,74.9,202,75.0,23,2,2022-08-25 09:01:02
1661418062283486000,75.0,2,74.9,202,75.0,21,1,2022-08-25 09:01:02
1661418062324960000,75.0,4,74.9,202,75.0,22,1,2022-08-25 09:01:02
1661418062444796000,75.0,16,74.9,202,75.0,4,1,2022-08-25 09:01:02
1661418062526877000,74.9,1,74.9,201,75.0,5,2,2022-08-25 09:01:02
1661418062540590000,75.0,5,74.9,201,75.1,124,1,2022-08-25 09:01:02
1661418062556393000,75.1,1,74.9,200,75.1,123,1,2022-08-25 09:01:02
1661418062595224000,75.0,1,75.0,2,75.1,123,1,2022-08-25 09:01:02
1661418062606626000,75.0,1,75.0,1,75.1,123,2,2022-08-25 09:01:02
1661418062618926000,75.1,1,75.0,1,75.1,125,1,2022-08-25 09:01:02
1661418062632554000,75.0,1,74.9,200,75.1,125,2,2022-08-25 09:01:02
1661418062633903000,75.1,2,74.9,200,75.1,123,1,2022-08-25 09:01:02
1661418062657788000,75.0,1,74.9,200,75.1,123,2,2022-08-25 09:01:02
1661418062678549000,75.1,1,75.0,2,75.1,122,1,2022-08-25 09:01:02
1661418062688702000,75.0,1,75.0,1,75.1,122,2,2022-08-25 09:01:02
1661418062692193000,75.0,1,74.9,198,75.1,122,2,2022-08-25 09:01:02
1661418062750775000,75.0,1,74.9,198,75.1,122,2,2022-08-25 09:01:02
1661418062918984000,75.0,1,74.9,198,75.0,1,1,2022-08-25 09:01:02
1661418062970889000,74.9,1,74.9,197,75.0,2,2,2022-08-25 09:01:02
1661418062988963000,75.0,1,74.9,197,75.0,5,1,2022-08-25 09:01:02
1661418062992920000,74.9,133,74.9,64,75.0,7,2,2022-08-25 09:01:02
1661418063027304000,74.9,3,74.9,61,75.0,9,2,2022-08-25 09:01:03
1661418063027374000,74.9,20,74.9,41,75.0,9,2,2022-08-25 09:01:03
1661418063027595000,74.9,31,74.9,10,75.0,9,2,2022-08-25 09:01:03
1661418063028085000,74.9,10,74.8,155,75.0,9,2,2022-08-25 09:01:03
1661418063066206000,75.0,2,74.8,155,75.0,8,1,2022-08-25 09:01:03
1661418063070168000,74.8,1,74.8,154,75.0,8,2,2022-08-25 09:01:03
1661418063080851000,75.0,1,74.8,154,75.0,28,1,2022-08-25 09:01:03
1661418063088088000,75.0,5,74.8,149,75.0,23,1,2022-08-25 09:01:03
1661418063113702000,75.0,3,74.8,143,75.0,19,1,2022-08-25 09:01:03
1661418063175681000,75.0,1,74.8,143,75.0,18,1,2022-08-25 09:01:03
1661418063378570000,74.9,1,74.8,143,75.0,18,1,2022-08-25 09:01:03
1661418063437556000,74.8,1,74.8,142,75.0,19,2,2022-08-25 09:01:03
1661418063469568000,74.9,1,74.8,142,74.9,3,1,2022-08-25 09:01:03
1661418063472805000,74.9,1,74.8,142,74.9,2,1,2022-08-25 09:01:03
1661418063550789000,74.9,2,74.8,142,75.0,18,1,2022-08-25 09:01:03
1661418063550789000,75.0,1,74.8,142,75.0,18,1,2022-08-25 09:01:03
1661418063592128000,75.0,2,74.8,142,75.0,18,1,2022-08-25 09:01:03
1661418063722478000,74.8,30,74.8,112,75.0,19,2,2022-08-25 09:01:03
1661418063736802000,74.8,5,74.8,107,75.0,19,2,2022-08-25 09:01:03
1661418063763894000,74.9,2,74.8,42,75.0,20,2,2022-08-25 09:01:03
1661418063763894000,74.8,64,74.8,42,75.0,20,2,2022-08-25 09:01:03
1661418063800734000,75.0,1,74.8,42,75.0,20,1,2022-08-25 09:01:03
1661418064020271000,74.9,4,74.8,42,75.0,54,1,2022-08-25 09:01:04
1661418064020271000,75.0,6,74.8,42,75.0,54,1,2022-08-25 09:01:04
1661418064055347000,75.0,1,74.8,42,75.0,56,1,2022-08-25 09:01:04
1661418064190543000,74.9,2,74.8,42,75.0,56,1,2022-08-25 09:01:04
1661418064190543000,75.0,8,74.8,42,75.0,56,1,2022-08-25 09:01:04
1661418064231031000,74.8,1,74.8,41,74.9,2,2,2022-08-25 09:01:04
1661418064282795000,74.9,1,74.8,41,74.9,1,1,2022-08-25 09:01:04
1661418064304831000,74.9,1,74.8,41,75.0,57,1,2022-08-25 09:01:04
1661418064304831000,75.0,3,74.8,41,75.0,57,1,2022-08-25 09:01:04
1661418064343382000,75.0,1,74.8,41,75.0,56,1,2022-08-25 09:01:04
1661418064481284000,74.9,1,74.8,42,74.9,2,1,2022-08-25 09:01:04
1661418064565906000,74.9,1,74.8,42,74.9,2,1,2022-08-25 09:01:04
1661418064576118000,74.9,1,74.8,42,74.9,1,1,2022-08-25 09:01:04
1661418064579825000,74.9,1,74.8,42,75.0,58,1,2022-08-25 09:01:04
1661418064582020000,75.0,1,74.8,42,75.0,57,1,2022-08-25 09:01:04
1661418064586564000,75.0,2,74.8,42,75.0,55,1,2022-08-25 09:01:04
1661418064672109000,75.0,2,74.8,42,75.0,53,1,2022-08-25 09:01:04
1661418064782689000,75.0,3,74.8,42,75.0,52,1,2022-08-25 09:01:04
1661418064837715000,75.0,1,74.8,42,75.0,55,1,2022-08-25 09:01:04
1661418064848832000,75.0,1,74.8,42,75.0,54,1,2022-08-25 09:01:04
1661418064862807000,75.0,15,74.8,42,75.0,39,1,2022-08-25 09:01:04
1661418064868958000,75.0,1,74.8,42,75.0,38,1,2022-08-25 09:01:04
1661418064875747000,74.8,11,74.8,42,75.0,56,2,2022-08-25 09:01:04
1661418064982530000,75.0,1,74.8,31,75.0,38,1,2022-08-25 09:01:04
1661418065054958000,75.0,1,74.8,30,75.0,38,1,2022-08-25 09:01:05
1661418065062006000,74.8,30,74.7,96,75.0,38,2,2022-08-25 09:01:05
1661418065086410000,74.9,1,74.7,96,75.0,38,2,2022-08-25 09:01:05
1661418065173270000,75.0,3,74.9,1,75.0,35,1,2022-08-25 09:01:05
1661418065206255000,74.9,1,74.7,96,75.0,35,2,2022-08-25 09:01:05
1661418065218435000,75.0,1,74.7,96,75.0,34,1,2022-08-25 09:01:05
1661418065420468000,74.7,3,74.7,96,75.0,40,2,2022-08-25 09:01:05
1661418065473283000,75.0,2,74.7,93,75.0,38,1,2022-08-25 09:01:05
1661418065586740000,74.9,1,74.7,92,74.9,2,1,2022-08-25 09:01:05
1661418065848305000,74.9,10,74.8,1,74.9,22,1,2022-08-25 09:01:05
1661418065953136000,74.8,1,74.8,5,74.9,22,2,2022-08-25 09:01:05
1661418065972004000,74.9,2,74.8,5,74.9,21,1,2022-08-25 09:01:05
1661418066038573000,74.9,2,74.8,5,74.9,19,1,2022-08-25 09:01:06
1661418066047995000,74.8,5,74.7,87,74.9,19,2,2022-08-25 09:01:06
1661418066047995000,74.7,5,74.7,87,74.9,19,2,2022-08-25 09:01:06
1661418066086498000,74.9,1,74.8,1,74.9,19,1,2022-08-25 09:01:06
1661418066110646000,74.8,1,74.7,87,74.9,19,2,2022-08-25 09:01:06
1661418066191644000,74.9,1,74.7,85,74.9,19,1,2022-08-25 09:01:06
1661418066273313000,74.9,1,74.7,85,74.9,18,1,2022-08-25 09:01:06
1661418066295228000,74.7,3,74.7,82,74.9,18,2,2022-08-25 09:01:06
1661418066326062000,74.9,1,74.7,82,74.9,17,1,2022-08-25 09:01:06
1661418066366584000,74.9,3,74.7,82,74.9,14,1,2022-08-25 09:01:06
1661418066442769000,74.9,5,74.7,82,74.9,9,1,2022-08-25 09:01:06
1661418066459061000,74.7,2,74.7,80,74.9,9,2,2022-08-25 09:01:06
1661418066655265000,74.8,1,74.7,80,74.8,3,1,2022-08-25 09:01:06
1661418066718565000,74.8,3,74.7,80,74.9,9,1,2022-08-25 09:01:06
1661418066718565000,74.9,2,74.7,80,74.9,9,1,2022-08-25 09:01:06
1661418066771114000,74.7,10,74.7,70,74.8,1,2,2022-08-25 09:01:06
1661418066818763000,74.8,1,74.7,70,74.9,8,1,2022-08-25 09:01:06
1661418066818763000,74.9,1,74.7,70,74.9,8,1,2022-08-25 09:01:06
1661418067155183000,74.7,60,74.7,9,74.8,26,2,2022-08-25 09:01:07
1661418067200014000,74.7,7,74.7,2,74.8,26,2,2022-08-25 09:01:07
1661418067210345000,74.7,2,74.6,141,74.8,26,2,2022-08-25 09:01:07
1661418067319483000,74.8,1,74.6,140,74.8,25,1,2022-08-25 09:01:07
1661418067411270000,74.6,5,74.6,135,74.8,27,2,2022-08-25 09:01:07
1661418067478201000,74.8,5,74.6,34,74.8,22,1,2022-08-25 09:01:07
1661418067567292000,74.8,1,74.6,34,74.8,22,1,2022-08-25 09:01:07
1661418067731797000,74.6,2,74.6,32,74.8,22,2,2022-08-25 09:01:07
1661418067996239000,74.6,1,74.6,31,74.7,15,2,2022-08-25 09:01:07
1661418068019089000,74.7,1,74.6,31,74.7,14,1,2022-08-25 09:01:08
1661418068192953000,74.7,1,74.6,31,74.7,13,1,2022-08-25 09:01:08
1661418068250598000,74.7,5,74.6,31,74.7,8,1,2022-08-25 09:01:08
1661418068256682000,74.7,1,74.6,31,74.7,7,1,2022-08-25 09:01:08
1661418068312137000,74.6,1,74.6,30,74.7,8,2,2022-08-25 09:01:08
1661418068312323000,74.6,1,74.6,29,74.7,8,2,2022-08-25 09:01:08
1661418068418959000,74.7,1,74.6,29,74.7,7,1,2022-08-25 09:01:08
1661418068490683000,74.7,2,74.6,29,74.7,5,1,2022-08-25 09:01:08
1661418068691275000,74.6,1,74.6,28,74.7,6,2,2022-08-25 09:01:08
1661418068733708000,74.6,1,74.6,27,74.7,6,2,2022-08-25 09:01:08
1661418068790778000,74.7,1,74.6,27,74.7,5,1,2022-08-25 09:01:08
1661418068847431000,74.6,10,74.6,17,74.7,5,2,2022-08-25 09:01:08
1661418068878016000,74.6,1,74.6,16,74.7,5,2,2022-08-25 09:01:08
1661418068927525000,74.6,2,74.6,17,74.7,5,2,2022-08-25 09:01:08
1661418069008129000,74.7,1,74.6,14,74.7,4,1,2022-08-25 09:01:09
1661418069027318000,74.7,1,74.6,14,74.7,3,1,2022-08-25 09:01:09
1661418069054314000,74.6,1,74.6,13,74.7,3,2,2022-08-25 09:01:09
1661418069060501000,74.7,3,74.6,13,74.8,36,1,2022-08-25 09:01:09
1661418069060501000,74.8,1,74.6,13,74.8,36,1,2022-08-25 09:01:09
1661418069121824000,74.8,4,74.6,13,74.8,32,1,2022-08-25 09:01:09
1661418069289894000,74.6,13,74.5,115,74.7,1,2,2022-08-25 09:01:09
1661418069311806000,74.7,1,74.5,115,74.8,26,1,2022-08-25 09:01:09
1661418069312309000,74.5,1,74.5,114,74.8,26,2,2022-08-25 09:01:09
1661418069345761000,74.6,1,74.5,114,74.6,1,1,2022-08-25 09:01:09
1661418069508648000,74.5,1,74.5,113,74.8,26,2,2022-08-25 09:01:09
1661418069552453000,74.8,1,74.5,112,74.8,25,1,2022-08-25 09:01:09
1661418069704282000,74.5,2,74.5,110,74.8,25,2,2022-08-25 09:01:09
1661418069727939000,74.5,1,74.5,109,74.8,25,2,2022-08-25 09:01:09
1661418070079694000,74.5,2,74.5,107,74.7,5,2,2022-08-25 09:01:10
1661418070091006000,74.7,1,74.5,107,74.7,4,1,2022-08-25 09:01:10
1661418070105348000,74.7,2,74.5,107,74.7,2,1,2022-08-25 09:01:10
1661418070243308000,74.7,1,74.6,1,74.7,2,1,2022-08-25 09:01:10
1661418070415828000,74.7,2,74.6,3,74.7,1,1,2022-08-25 09:01:10
1661418070648176000,74.7,1,74.6,7,74.8,30,1,2022-08-25 09:01:10
1661418070702764000,74.7,1,74.6,7,74.7,1,1,2022-08-25 09:01:10
1661418070898806000,74.7,1,74.6,8,74.7,1,1,2022-08-25 09:01:10
1661418070944992000,74.7,1,74.6,8,74.8,29,1,2022-08-25 09:01:10
1661418070944992000,74.8,1,74.6,8,74.8,29,1,2022-08-25 09:01:10
1661418071066272000,74.6,1,74.6,13,74.8,30,2,2022-08-25 09:01:11
1661418071872146000,74.6,16,74.5,105,74.7,6,2,2022-08-25 09:01:11
1661418071891955000,74.7,2,74.5,105,74.7,4,1,2022-08-25 09:01:11
1661418071914760000,74.5,105,74.6,16,74.7,6,2,2022-08-25 09:01:11
1661418071969884000,74.6,1,74.4,91,74.6,1,1,2022-08-25 09:01:11
1661418072088342000,74.5,1,74.4,91,74.6,2,2,2022-08-25 09:01:12
1661418072118545000,74.6,1,74.4,91,74.6,1,1,2022-08-25 09:01:12
1661418072234794000,74.6,1,74.4,91,74.7,4,1,2022-08-25 09:01:12
1661418072249720000,74.7,1,74.6,1,74.7,3,1,2022-08-25 09:01:12
1661418072270253000,74.6,1,74.4,91,74.7,3,2,2022-08-25 09:01:12
1661418072362669000,74.7,3,74.6,1,74.8,39,1,2022-08-25 09:01:12
1661418072458485000,74.6,1,74.4,92,74.8,39,2,2022-08-25 09:01:12
1661418072553354000,74.8,1,74.4,92,74.8,38,1,2022-08-25 09:01:12
1661418072754093000,74.5,1,74.4,90,74.8,38,2,2022-08-25 09:01:12
1661418072754093000,74.4,2,74.4,90,74.8,38,2,2022-08-25 09:01:12
1661418072764199000,74.8,5,74.4,90,74.8,33,1,2022-08-25 09:01:12
1661418073072413000,74.7,2,74.5,1,74.7,30,1,2022-08-25 09:01:13
1661418073103204000,74.7,5,74.5,1,74.7,25,1,2022-08-25 09:01:13
1661418073225339000,74.5,1,74.4,89,74.6,1,2,2022-08-25 09:01:13
1661418073314521000,74.4,3,74.4,86,74.6,1,2,2022-08-25 09:01:13
1661418073339657000,74.5,1,74.4,86,74.6,1,1,2022-08-25 09:01:13
1661418073929752000,74.5,1,74.5,3,74.6,1,2,2022-08-25 09:01:13
1661418074002907000,74.6,1,74.5,4,74.7,30,1,2022-08-25 09:01:14
1661418074249779000,74.6,1,74.5,4,74.6,1,1,2022-08-25 09:01:14
1661418074298324000,74.5,4,74.4,76,74.5,1,2,2022-08-25 09:01:14
1661418074316802000,74.5,1,74.4,76,74.6,1,1,2022-08-25 09:01:14
1661418074328897000,74.4,76,74.3,25,74.6,1,2,2022-08-25 09:01:14
1661418074365109000,74.6,1,74.3,25,74.7,38,1,2022-08-25 09:01:14
1661418074365109000,74.7,4,74.3,25,74.7,38,1,2022-08-25 09:01:14
1661418074389650000,74.5,1,74.3,25,74.5,4,1,2022-08-25 09:01:14
1661418074390138000,74.5,1,74.3,25,74.5,3,1,2022-08-25 09:01:14
1661418074488351000,74.5,1,74.3,25,74.5,2,1,2022-08-25 09:01:14
1661418074570760000,74.5,1,74.3,26,74.5,1,1,2022-08-25 09:01:14
1661418074576910000,74.3,2,74.3,24,74.5,1,2,2022-08-25 09:01:14
1661418074633493000,74.3,2,74.3,22,74.5,1,2,2022-08-25 09:01:14
1661418074644219000,74.3,5,74.3,17,74.5,1,2,2022-08-25 09:01:14
1661418074983925000,74.5,1,74.3,17,74.6,2,1,2022-08-25 09:01:14
1661418075039182000,74.3,5,74.3,12,74.6,2,2,2022-08-25 09:01:15
1661418075181662000,74.5,1,74.3,12,74.6,1,1,2022-08-25 09:01:15
1661418075181662000,74.6,1,74.3,12,74.6,1,1,2022-08-25 09:01:15
1661418075425825000,74.5,1,74.3,13,74.5,6,2,2022-08-25 09:01:15
1661418075435669000,74.3,1,74.3,12,74.5,6,2,2022-08-25 09:01:15
1661418075437560000,74.3,1,74.3,11,74.5,6,2,2022-08-25 09:01:15
1661418075496334000,74.3,1,74.3,10,74.5,6,2,2022-08-25 09:01:15
1661418075566029000,74.4,1,74.3,10,74.5,6,1,2022-08-25 09:01:15
1661418075623107000,74.5,1,74.3,10,74.5,5,1,2022-08-25 09:01:15
1661418075645440000,74.5,1,74.3,10,74.5,4,1,2022-08-25 09:01:15
1661418075773626000,74.4,1,74.3,10,74.6,4,1,2022-08-25 09:01:15
1661418075773626000,74.5,4,74.3,10,74.6,4,1,2022-08-25 09:01:15
1661418076209011000,74.3,5,74.3,5,74.5,1,2,2022-08-25 09:01:16
1661418076300910000,74.5,1,74.3,5,74.6,10,1,2022-08-25 09:01:16
1661418076382237000,74.6,2,74.3,5,74.6,11,1,2022-08-25 09:01:16
1661418076385482000,74.3,5,74.3,5,74.6,13,2,2022-08-25 09:01:16
1661418076570712000,74.5,1,74.2,52,74.6,12,1,2022-08-25 09:01:16
1661418076634897000,74.2,1,74.2,51,74.6,12,2,2022-08-25 09:01:16
1661418076902215000,74.2,1,74.2,50,74.5,1,2,2022-08-25 09:01:16
1661418077250965000,74.5,1,74.3,1,74.5,4,1,2022-08-25 09:01:17
1661418077323925000,74.5,1,74.3,4,74.5,3,1,2022-08-25 09:01:17
1661418077325113000,74.5,1,74.3,4,74.5,2,1,2022-08-25 09:01:17
1661418077467915000,74.5,1,74.3,7,74.5,1,1,2022-08-25 09:01:17
1661418077503794000,74.5,1,74.3,7,74.6,18,1,2022-08-25 09:01:17
1661418077631859000,74.3,1,74.3,6,74.6,18,2,2022-08-25 09:01:17
1661418077698661000,74.5,2,74.3,6,74.6,18,1,2022-08-25 09:01:17
1661418077706035000,74.6,1,74.3,6,74.6,17,1,2022-08-25 09:01:17
1661418077797123000,74.6,1,74.3,10,74.6,16,1,2022-08-25 09:01:17
1661418077891093000,74.3,3,74.3,7,74.6,16,2,2022-08-25 09:01:17
1661418077932755000,74.6,1,74.3,7,74.6,15,1,2022-08-25 09:01:17
1661418078203815000,74.3,7,74.0,33,74.6,15,2,2022-08-25 09:01:18
1661418078203815000,74.2,48,74.0,33,74.6,15,2,2022-08-25 09:01:18
1661418078203815000,74.1,11,74.0,33,74.6,15,2,2022-08-25 09:01:18
1661418078203815000,74.0,66,74.0,33,74.6,15,2,2022-08-25 09:01:18
1661418078315094000,74.3,1,74.0,33,74.5,12,2,2022-08-25 09:01:18
1661418078346130000,74.4,1,74.1,7,74.4,6,2,2022-08-25 09:01:18
1661418078405006000,74.4,1,74.3,1,74.4,1,1,2022-08-25 09:01:18
1661418078470590000,74.5,5,74.3,1,74.5,7,1,2022-08-25 09:01:18
1661418078489999000,74.3,1,74.1,11,74.5,7,2,2022-08-25 09:01:18
1661418078489999000,74.1,1,74.1,11,74.5,7,2,2022-08-25 09:01:18
1661418078543283000,74.4,1,74.1,11,74.5,7,1,2022-08-25 09:01:18
1661418078639061000,74.5,1,74.1,11,74.5,6,1,2022-08-25 09:01:18
1661418078669486000,74.5,1,74.1,11,74.5,5,1,2022-08-25 09:01:18
1661418078813592000,74.2,1,74.1,11,74.5,7,2,2022-08-25 09:01:18
1661418078886606000,74.5,2,74.2,1,74.5,11,1,2022-08-25 09:01:18
1661418078991131000,74.2,1,74.1,14,74.5,12,2,2022-08-25 09:01:18
1661418079103969000,74.2,1,74.2,3,74.5,12,2,2022-08-25 09:01:19
1661418079296346000,74.5,1,74.2,3,74.5,12,1,2022-08-25 09:01:19
1661418079358301000,74.4,1,74.2,3,74.5,10,1,2022-08-25 09:01:19
1661418079358301000,74.5,2,74.2,3,74.5,10,1,2022-08-25 09:01:19
1661418079446826000,74.3,1,74.2,4,74.5,10,2,2022-08-25 09:01:19
1661418079687327000,74.4,1,74.2,4,74.5,13,1,2022-08-25 09:01:19
1661418079865793000,74.5,1,74.2,4,74.5,13,1,2022-08-25 09:01:19
1661418079994651000,74.2,2,74.2,2,74.5,13,2,2022-08-25 09:01:19
1661418080182018000,74.2,3,74.1,8,74.5,13,2,2022-08-25 09:01:20
1661418080182018000,74.1,7,74.1,8,74.5,13,2,2022-08-25 09:01:20
1661418080267500000,74.2,1,74.0,42,74.4,5,1,2022-08-25 09:01:20
1661418080504605000,74.4,1,74.2,1,74.4,5,1,2022-08-25 09:01:20
1661418080574301000,74.4,5,74.2,1,74.5,9,1,2022-08-25 09:01:20
1661418080574301000,74.5,5,74.2,1,74.5,9,1,2022-08-25 09:01:20
1661418080654528000,74.2,1,74.2,1,74.5,9,2,2022-08-25 09:01:20
1661418080874857000,74.2,1,74.2,3,74.5,10,2,2022-08-25 09:01:20
1661418080965811000,74.5,1,74.2,3,74.5,19,1,2022-08-25 09:01:20
1661418080971955000,74.5,1,74.2,3,74.5,18,1,2022-08-25 09:01:20
1661418081030039000,74.4,1,74.2,3,74.5,18,1,2022-08-25 09:01:21
1661418081072309000,74.2,1,74.2,2,74.5,18,2,2022-08-25 09:01:21
1661418081300044000,74.5,1,74.2,2,74.5,17,1,2022-08-25 09:01:21
1661418081350530000,74.2,1,74.2,1,74.3,2,2,2022-08-25 09:01:21
1661418081445642000,74.3,1,74.1,3,74.3,1,1,2022-08-25 09:01:21
1661418081588349000,74.3,1,74.2,11,74.5,19,1,2022-08-25 09:01:21
1661418081602856000,74.5,1,74.2,11,74.5,18,1,2022-08-25 09:01:21
1661418081722353000,74.2,1,74.2,10,74.5,21,2,2022-08-25 09:01:21
1661418081735348000,74.5,1,74.2,10,74.5,20,1,2022-08-25 09:01:21
1661418081835649000,74.2,3,74.2,7,74.4,5,2,2022-08-25 09:01:21
1661418081884381000,74.4,1,74.2,7,74.4,5,1,2022-08-25 09:01:21
1661418081950153000,74.2,1,74.2,6,74.4,4,2,2022-08-25 09:01:21
1661418082035938000,74.4,1,74.2,6,74.4,3,1,2022-08-25 09:01:22
1661418082178887000,74.4,1,74.2,6,74.4,3,1,2022-08-25 09:01:22
1661418082263086000,74.2,1,74.2,6,74.4,3,2,2022-08-25 09:01:22
1661418082265358000,74.4,1,74.2,6,74.4,2,1,2022-08-25 09:01:22
1661418082323510000,74.4,1,74.2,6,74.4,1,1,2022-08-25 09:01:22
1661418082455806000,74.4,1,74.2,6,74.5,32,1,2022-08-25 09:01:22
1661418082455806000,74.5,1,74.2,6,74.5,32,1,2022-08-25 09:01:22
1661418082462777000,74.5,1,74.2,6,74.5,31,1,2022-08-25 09:01:22
1661418082691638000,74.2,1,74.2,6,74.5,31,2,2022-08-25 09:01:22
1661418082695554000,74.2,5,74.2,1,74.5,31,2,2022-08-25 09:01:22
1661418082876253000,74.5,1,74.2,1,74.5,30,1,2022-08-25 09:01:22
1661418082876779000,74.2,1,74.1,6,74.2,1,2,2022-08-25 09:01:22
1661418082883481000,74.2,1,74.1,6,74.5,30,1,2022-08-25 09:01:22
1661418082895067000,74.1,3,74.1,3,74.5,30,2,2022-08-25 09:01:22
1661418083181812000,74.3,1,74.3,1,74.4,1,2,2022-08-25 09:01:23
1661418083220256000,74.4,1,74.3,1,74.5,33,1,2022-08-25 09:01:23
1661418083297764000,74.5,1,74.3,1,74.5,32,1,2022-08-25 09:01:23
1661418083398561000,74.3,1,74.3,1,74.5,32,2,2022-08-25 09:01:23
1661418083553186000,74.4,1,74.2,18,74.5,32,2,2022-08-25 09:01:23
1661418083647819000,74.2,1,74.2,20,74.5,32,2,2022-08-25 09:01:23
1661418083762750000,74.2,2,74.2,18,74.5,32,2,2022-08-25 09:01:23
1661418083876767000,74.2,1,74.2,20,74.5,32,2,2022-08-25 09:01:23
1661418083967560000,74.5,2,74.3,1,74.5,30,1,2022-08-25 09:01:23
1661418084377284000,74.3,1,74.2,19,74.3,4,2,2022-08-25 09:01:24
1661418084408089000,74.3,4,74.3,1,74.5,28,1,2022-08-25 09:01:24
1661418084487352000,74.2,1,74.2,20,74.5,28,2,2022-08-25 09:01:24
1661418085116169000,74.3,1,74.3,4,74.4,1,2,2022-08-25 09:01:25
1661418085231867000,74.4,1,74.3,4,74.5,40,1,2022-08-25 09:01:25
1661418085231867000,74.5,2,74.3,4,74.5,40,1,2022-08-25 09:01:25
1661418085563622000,74.4,1,74.4,1,74.5,40,1,2022-08-25 09:01:25
1661418085567157000,74.4,1,74.3,5,74.5,40,2,2022-08-25 09:01:25
1661418085682349000,74.5,1,74.3,5,74.5,39,1,2022-08-25 09:01:25
1661418086132151000,74.3,1,74.3,4,74.5,40,2,2022-08-25 09:01:26
1661418086542189000,74.3,1,74.3,4,74.5,41,2,2022-08-25 09:01:26
1661418086656612000,74.5,3,74.3,4,74.5,38,1,2022-08-25 09:01:26
1661418086663171000,74.5,30,74.3,4,74.5,8,1,2022-08-25 09:01:26
1661418086706792000,74.5,7,74.3,5,74.5,1,1,2022-08-25 09:01:26
1661418086748848000,74.4,1,74.3,5,74.5,1,1,2022-08-25 09:01:26
1661418086807549000,74.5,1,74.5,4,74.6,18,1,2022-08-25 09:01:26
1661418086877706000,74.6,1,74.5,4,74.6,17,1,2022-08-25 09:01:26
1661418086953705000,74.5,4,74.2,28,74.6,16,2,2022-08-25 09:01:26
1661418086953705000,74.3,5,74.2,28,74.6,16,2,2022-08-25 09:01:26
1661418086953705000,74.2,1,74.2,28,74.6,16,2,2022-08-25 09:01:26
1661418087109245000,74.6,3,74.3,2,74.6,13,1,2022-08-25 09:01:27
1661418087610294000,74.5,2,74.4,2,74.6,13,1,2022-08-25 09:01:27
1661418087830557000,74.4,1,74.4,2,74.6,17,2,2022-08-25 09:01:27
1661418088184487000,74.4,1,74.3,13,74.6,17,2,2022-08-25 09:01:28
1661418088254142000,74.3,2,74.3,11,74.6,17,2,2022-08-25 09:01:28
1661418088671995000,74.5,1,74.4,1,74.6,15,1,2022-08-25 09:01:28
1661418088671995000,74.6,2,74.4,1,74.6,15,1,2022-08-25 09:01:28
1661418088687407000,74.6,5,74.4,1,74.6,10,1,2022-08-25 09:01:28
1661418088755531000,74.5,3,74.4,10,74.6,10,1,2022-08-25 09:01:28
1661418089110725000,74.4,1,74.4,10,74.6,10,2,2022-08-25 09:01:29
1661418089175778000,74.4,1,74.4,9,74.6,10,2,2022-08-25 09:01:29
1661418089384000000,74.5,1,74.4,9,74.5,1,1,2022-08-25 09:01:29
1661418089511642000,74.4,2,74.4,7,74.6,10,2,2022-08-25 09:01:29
1661418089566930000,74.4,1,74.4,6,74.6,10,2,2022-08-25 09:01:29
1661418089797157000,74.6,1,74.5,1,74.6,9,1,2022-08-25 09:01:29
1661418089936571000,74.5,1,74.4,9,74.6,10,2,2022-08-25 09:01:29
1661418089987461000,74.4,2,74.4,7,74.6,10,2,2022-08-25 09:01:29
1661418090149505000,74.5,1,74.4,15,74.6,10,1,2022-08-25 09:01:30
1661418090206954000,74.4,1,74.4,14,74.6,10,2,2022-08-25 09:01:30
1661418090254512000,74.5,5,74.4,14,74.6,10,1,2022-08-25 09:01:30
1661418090374444000,74.5,1,74.4,14,74.6,10,2,2022-08-25 09:01:30
1661418090385051000,74.4,2,74.5,1,74.6,10,2,2022-08-25 09:01:30
1661418090608928000,74.4,1,74.4,11,74.5,5,2,2022-08-25 09:01:30
1661418090687670000,74.4,1,74.4,10,74.5,5,2,2022-08-25 09:01:30
1661418090723324000,74.4,9,74.4,1,74.5,5,2,2022-08-25 09:01:30
1661418090993248000,74.4,1,74.3,8,74.5,9,2,2022-08-25 09:01:30
1661418090993248000,74.3,3,74.3,8,74.5,9,2,2022-08-25 09:01:30
1661418091091369000,74.4,1,74.3,8,74.5,9,1,2022-08-25 09:01:31
1661418091354948000,74.3,1,74.3,8,74.5,9,2,2022-08-25 09:01:31
1661418091413147000,74.3,1,74.3,8,74.5,9,2,2022-08-25 09:01:31
1661418091477033000,74.3,2,74.3,5,74.5,9,2,2022-08-25 09:01:31
1661418091557354000,74.4,1,74.3,6,74.5,9,1,2022-08-25 09:01:31
1661418091814775000,74.5,1,74.4,1,74.5,8,1,2022-08-25 09:01:31
1661418092113056000,74.5,9,74.4,9,74.6,18,1,2022-08-25 09:01:32
1661418092180311000,74.5,1,74.4,9,74.6,18,2,2022-08-25 09:01:32
1661418092225372000,74.4,1,74.4,8,74.6,18,2,2022-08-25 09:01:32
1661418092229905000,74.6,5,74.4,8,74.6,13,1,2022-08-25 09:01:32
1661418092271642000,74.5,1,74.4,8,74.6,13,1,2022-08-25 09:01:32
1661418092588741000,74.6,3,74.4,9,74.6,11,1,2022-08-25 09:01:32
1661418092740313000,74.5,1,74.4,9,74.6,11,1,2022-08-25 09:01:32
1661418092941044000,74.6,2,74.4,14,74.6,10,1,2022-08-25 09:01:32
1661418092994133000,74.6,1,74.4,14,74.6,9,1,2022-08-25 09:01:32
1661418093064137000,74.4,1,74.4,13,74.6,9,2,2022-08-25 09:01:33
1661418093202867000,74.4,2,74.4,12,74.6,9,2,2022-08-25 09:01:33
1661418093255641000,74.4,5,74.4,7,74.5,1,2,2022-08-25 09:01:33
1661418093258615000,74.5,1,74.4,7,74.6,10,1,2022-08-25 09:01:33
1661418093488153000,74.5,2,74.4,5,74.6,11,2,2022-08-25 09:01:33
1661418093488153000,74.4,7,74.4,5,74.6,11,2,2022-08-25 09:01:33
1661418093572136000,74.5,1,74.5,4,74.6,11,1,2022-08-25 09:01:33
1661418093759308000,74.6,5,74.5,4,74.6,8,1,2022-08-25 09:01:33
1661418093806346000,74.6,1,74.5,4,74.6,7,1,2022-08-25 09:01:33
1661418094148053000,74.5,2,74.5,2,74.6,13,2,2022-08-25 09:01:34
1661418094157702000,74.6,1,74.5,2,74.6,12,1,2022-08-25 09:01:34
1661418094166356000,74.6,1,74.5,2,74.6,11,1,2022-08-25 09:01:34
1661418094550066000,74.5,1,74.5,1,74.6,11,2,2022-08-25 09:01:34
1661418094705932000,74.5,1,74.5,1,74.6,11,2,2022-08-25 09:01:34
1661418094816403000,74.6,5,74.5,1,74.6,12,1,2022-08-25 09:01:34
1661418095032587000,74.5,1,74.4,15,74.6,12,2,2022-08-25 09:01:35
1661418095126459000,74.6,5,74.4,16,74.6,7,1,2022-08-25 09:01:35
1661418095456987000,74.5,1,74.4,22,74.6,7,1,2022-08-25 09:01:35
1661418095496590000,74.6,5,74.4,29,74.6,4,1,2022-08-25 09:01:35
1661418095772293000,74.5,1,74.4,33,74.6,4,2,2022-08-25 09:01:35
1661418095986929000,74.6,4,74.6,1,74.7,30,1,2022-08-25 09:01:35
1661418096020734000,74.6,1,74.5,3,74.7,30,2,2022-08-25 09:01:36
1661418096111385000,74.5,2,74.5,3,74.7,30,2,2022-08-25 09:01:36
1661418096152095000,74.6,1,74.6,4,74.7,30,1,2022-08-25 09:01:36
1661418096253994000,74.6,2,74.6,2,74.7,30,2,2022-08-25 09:01:36
1661418096310230000,74.6,1,74.6,1,74.7,30,2,2022-08-25 09:01:36
1661418096397486000,74.6,1,74.5,4,74.7,30,2,2022-08-25 09:01:36
1661418096605790000,74.6,5,74.5,4,74.6,7,2,2022-08-25 09:01:36
1661418096661193000,74.5,1,74.5,9,74.6,8,2,2022-08-25 09:01:36
1661418096711266000,74.5,5,74.5,4,74.6,8,2,2022-08-25 09:01:36
1661418096721645000,74.6,5,74.5,4,74.6,3,1,2022-08-25 09:01:36
1661418096809041000,74.6,3,74.6,2,74.7,30,1,2022-08-25 09:01:36
1661418096822882000,74.6,2,74.5,4,74.6,2,2,2022-08-25 09:01:36
1661418096883998000,74.6,2,74.5,4,74.6,8,1,2022-08-25 09:01:36
1661418097061597000,74.6,1,74.6,2,74.7,30,2,2022-08-25 09:01:37
1661418097480637000,74.6,1,74.6,1,74.7,30,2,2022-08-25 09:01:37
1661418097878942000,74.6,2,74.6,4,74.7,30,2,2022-08-25 09:01:37
1661418097905823000,74.6,1,74.6,6,74.7,30,2,2022-08-25 09:01:37
1661418097956052000,74.7,3,74.6,3,74.7,27,1,2022-08-25 09:01:37
1661418098113061000,74.7,1,74.6,7,74.7,26,1,2022-08-25 09:01:38
1661418098329606000,74.7,10,74.6,7,74.7,17,1,2022-08-25 09:01:38
1661418098570047000,74.7,1,74.6,8,74.7,16,1,2022-08-25 09:01:38
1661418098612062000,74.7,12,74.6,8,74.7,4,1,2022-08-25 09:01:38
1661418098653345000,74.7,1,74.6,8,74.7,3,1,2022-08-25 09:01:38
1661418098653772000,74.7,3,74.6,8,74.8,54,1,2022-08-25 09:01:38
1661418098685574000,74.6,2,74.6,6,74.8,54,2,2022-08-25 09:01:38
1661418098708342000,74.8,1,74.6,7,74.8,53,1,2022-08-25 09:01:38
1661418099223590000,74.7,1,74.6,28,74.8,52,2,2022-08-25 09:01:39
1661418099485462000,74.7,1,74.6,29,74.8,52,2,2022-08-25 09:01:39
1661418100227171000,74.8,1,74.7,8,74.8,55,1,2022-08-25 09:01:40
1661418101085906000,74.8,1,74.7,11,74.8,54,1,2022-08-25 09:01:41
1661418101466075000,74.8,5,74.7,13,74.8,49,1,2022-08-25 09:01:41
1661418101509208000,74.7,1,74.7,12,74.8,49,2,2022-08-25 09:01:41
1661418101556368000,74.7,2,74.7,10,74.8,49,2,2022-08-25 09:01:41
1661418101640420000,74.7,1,74.7,9,74.8,49,2,2022-08-25 09:01:41
1661418102389943000,74.8,1,74.7,10,74.8,49,1,2022-08-25 09:01:42
1661418102489644000,74.8,1,74.7,11,74.8,47,1,2022-08-25 09:01:42
1661418102690550000,74.8,1,74.7,11,74.8,46,1,2022-08-25 09:01:42
1661418102790246000,74.8,5,74.7,12,74.8,41,1,2022-08-25 09:01:42
1661418102791080000,74.8,2,74.7,12,74.8,39,1,2022-08-25 09:01:42
1661418102798585000,74.8,1,74.7,12,74.8,38,1,2022-08-25 09:01:42
1661418103089594000,74.7,1,74.7,25,74.8,42,2,2022-08-25 09:01:43
1661418103158178000,74.8,4,74.7,26,74.8,38,1,2022-08-25 09:01:43
1661418103653012000,74.8,1,74.7,26,74.8,37,1,2022-08-25 09:01:43
1661418103687432000,74.8,1,74.7,27,74.8,37,1,2022-08-25 09:01:43
1661418103744421000,74.7,1,74.7,27,74.8,37,2,2022-08-25 09:01:43
1661418104475984000,74.8,2,74.7,28,74.8,35,1,2022-08-25 09:01:44
1661418104756774000,74.8,1,74.7,31,74.8,34,1,2022-08-25 09:01:44
1661418104810333000,74.8,2,74.7,31,74.8,32,1,2022-08-25 09:01:44
1661418104819518000,74.8,1,74.7,31,74.8,31,1,2022-08-25 09:01:44
1661418104819577000,74.8,1,74.7,31,74.8,30,1,2022-08-25 09:01:44
1661418104823690000,74.8,1,74.7,31,74.8,29,1,2022-08-25 09:01:44
1661418104881715000,74.8,1,74.7,34,74.8,28,1,2022-08-25 09:01:44
1661418105176948000,74.8,1,74.7,37,74.8,27,1,2022-08-25 09:01:45
1661418105332016000,74.8,1,74.7,38,74.8,26,1,2022-08-25 09:01:45
1661418105612238000,74.8,10,74.7,40,74.8,17,1,2022-08-25 09:01:45
1661418105618408000,74.7,1,74.7,39,74.8,17,2,2022-08-25 09:01:45
1661418106118719000,74.8,2,74.7,51,74.8,19,1,2022-08-25 09:01:46
1661418106137299000,74.8,1,74.7,51,74.8,18,1,2022-08-25 09:01:46
1661418106156214000,74.8,1,74.7,51,74.8,17,1,2022-08-25 09:01:46
1661418106220288000,74.8,2,74.7,51,74.8,15,1,2022-08-25 09:01:46
1661418106242170000,74.8,1,74.7,51,74.8,14,1,2022-08-25 09:01:46
1661418106268374000,74.8,1,74.7,51,74.8,13,1,2022-08-25 09:01:46
1661418106280856000,74.8,2,74.7,51,74.8,11,1,2022-08-25 09:01:46
1661418106514203000,74.8,1,74.7,53,74.8,10,1,2022-08-25 09:01:46
1661418106556170000,74.8,3,74.7,53,74.8,7,1,2022-08-25 09:01:46
1661418106599617000,74.8,7,74.7,60,74.9,64,1,2022-08-25 09:01:46
1661418106681291000,74.8,2,74.8,3,74.9,64,2,2022-08-25 09:01:46
1661418106710098000,74.8,2,74.8,2,74.9,64,2,2022-08-25 09:01:46
1661418106734394000,74.8,1,74.8,1,74.9,64,2,2022-08-25 09:01:46
1661418106807341000,74.8,1,74.8,2,74.9,64,2,2022-08-25 09:01:46
1661418106900334000,74.8,1,74.8,3,74.9,64,2,2022-08-25 09:01:46
1661418106949133000,74.8,1,74.8,1,74.9,65,2,2022-08-25 09:01:46
1661418107049839000,74.8,1,74.7,60,74.9,65,2,2022-08-25 09:01:47
1661418107054375000,74.9,2,74.7,60,74.9,63,1,2022-08-25 09:01:47
1661418107184396000,74.8,1,74.7,60,74.9,63,1,2022-08-25 09:01:47
1661418107306794000,74.8,1,74.7,60,74.8,34,2,2022-08-25 09:01:47
1661418107391080000,74.8,4,74.7,61,74.8,34,1,2022-08-25 09:01:47
1661418107405169000,74.8,5,74.7,61,74.8,25,1,2022-08-25 09:01:47
1661418107505522000,74.8,2,74.7,62,74.8,23,1,2022-08-25 09:01:47
1661418107538278000,74.8,10,74.7,62,74.8,13,1,2022-08-25 09:01:47
1661418107578895000,74.8,1,74.7,62,74.8,12,1,2022-08-25 09:01:47
1661418107613959000,74.8,1,74.7,62,74.8,11,1,2022-08-25 09:01:47
1661418107618920000,74.8,5,74.7,62,74.8,6,1,2022-08-25 09:01:47
1661418107674806000,74.8,2,74.7,62,74.8,5,1,2022-08-25 09:01:47
1661418107904088000,74.8,5,74.7,62,74.8,5,1,2022-08-25 09:01:47
1661418108160807000,74.7,1,74.7,66,74.8,4,2,2022-08-25 09:01:48
1661418108350662000,74.8,1,74.7,68,74.8,3,1,2022-08-25 09:01:48
1661418108360371000,74.7,1,74.7,68,74.8,4,2,2022-08-25 09:01:48
1661418108513269000,74.8,1,74.7,67,74.8,2,1,2022-08-25 09:01:48
1661418108649646000,74.8,5,74.7,67,74.9,62,1,2022-08-25 09:01:48
1661418109080950000,74.9,1,74.8,8,74.9,65,1,2022-08-25 09:01:49
1661418109106067000,74.8,8,74.7,67,74.8,3,2,2022-08-25 09:01:49
1661418109321944000,74.8,1,74.7,72,74.8,2,1,2022-08-25 09:01:49
1661418109360727000,74.8,1,74.7,72,74.8,1,1,2022-08-25 09:01:49
1661418109378105000,74.8,1,74.7,72,74.8,3,1,2022-08-25 09:01:49
1661418109530283000,74.8,1,74.7,78,74.9,65,1,2022-08-25 09:01:49
1661418109675155000,74.9,3,74.8,2,74.9,62,1,2022-08-25 09:01:49
1661418109945920000,74.8,1,74.8,4,74.9,62,2,2022-08-25 09:01:49
1661418110579110000,74.8,1,74.8,5,74.9,62,2,2022-08-25 09:01:50
1661418110844276000,74.8,1,74.8,9,74.9,62,2,2022-08-25 09:01:50
1661418111068497000,74.8,2,74.8,17,74.9,62,2,2022-08-25 09:01:51
1661418111271306000,74.8,1,74.8,20,74.9,62,2,2022-08-25 09:01:51
1661418111287156000,74.9,1,74.8,21,74.9,61,1,2022-08-25 09:01:51
1661418111364980000,74.8,1,74.8,20,74.9,61,2,2022-08-25 09:01:51
1661418111568580000,74.8,1,74.8,25,74.9,62,2,2022-08-25 09:01:51
1661418111581629000,74.8,7,74.8,18,74.9,62,2,2022-08-25 09:01:51
1661418111583708000,74.8,1,74.8,17,74.9,62,2,2022-08-25 09:01:51
1661418112569404000,74.8,1,74.8,23,74.9,66,2,2022-08-25 09:01:52
1661418112820298000,74.9,5,74.8,26,74.9,61,1,2022-08-25 09:01:52
1661418112913820000,74.8,10,74.8,21,74.9,61,2,2022-08-25 09:01:52
1661418112939391000,74.9,1,74.8,21,74.9,60,1,2022-08-25 09:01:52
1661418113739795000,74.9,1,74.8,29,74.9,61,1,2022-08-25 09:01:53
1661418114118152000,74.8,15,74.8,19,74.9,61,2,2022-08-25 09:01:54
1661418114547429000,74.8,1,74.8,19,74.9,61,2,2022-08-25 09:01:54
1661418114790542000,74.9,5,74.8,28,74.9,56,1,2022-08-25 09:01:54
1661418114900768000,74.9,3,74.8,39,74.9,60,1,2022-08-25 09:01:54
1661418114944441000,74.8,1,74.8,38,74.9,57,2,2022-08-25 09:01:54
1661418114946310000,74.9,1,74.8,38,74.9,56,1,2022-08-25 09:01:54
1661418115108127000,74.9,1,74.8,39,74.9,56,1,2022-08-25 09:01:55
1661418115234354000,74.9,5,74.8,39,74.9,51,1,2022-08-25 09:01:55
1661418115607332000,74.8,3,74.8,38,74.9,51,2,2022-08-25 09:01:55
1661418115617415000,74.8,6,74.8,32,74.9,51,2,2022-08-25 09:01:55
1661418115872454000,74.8,1,74.8,35,74.9,52,2,2022-08-25 09:01:55
1661418116165870000,74.9,3,74.8,38,74.9,49,1,2022-08-25 09:01:56
1661418116853376000,74.8,1,74.8,41,74.9,49,2,2022-08-25 09:01:56
1661418116932602000,74.9,1,74.8,44,74.9,48,1,2022-08-25 09:01:56
1661418117133066000,74.9,2,74.8,44,74.9,47,1,2022-08-25 09:01:57
1661418117303963000,74.9,1,74.8,46,74.9,46,1,2022-08-25 09:01:57
1661418117452197000,74.9,4,74.8,56,74.9,42,1,2022-08-25 09:01:57
1661418117743991000,74.8,1,74.8,55,74.9,42,2,2022-08-25 09:01:57
1661418118042664000,74.9,5,74.8,56,74.9,41,1,2022-08-25 09:01:58
1661418118206105000,74.9,5,74.8,59,74.9,36,1,2022-08-25 09:01:58
1661418118367687000,74.8,1,74.8,59,74.9,41,2,2022-08-25 09:01:58
1661418118476266000,74.9,1,74.8,58,74.9,35,1,2022-08-25 09:01:58
1661418118491095000,74.9,1,74.8,58,74.9,34,1,2022-08-25 09:01:58
1661418118631192000,74.9,1,74.8,58,74.9,33,1,2022-08-25 09:01:58
1661418118782906000,74.9,2,74.8,66,74.9,31,1,2022-08-25 09:01:58
1661418119341999000,74.8,1,74.8,85,74.9,31,2,2022-08-25 09:01:59
1661418119401484000,74.8,1,74.8,86,74.9,31,2,2022-08-25 09:01:59
1661418119637775000,74.9,10,74.8,87,74.9,21,1,2022-08-25 09:01:59
1661418119744772000,74.9,2,74.8,87,74.9,19,1,2022-08-25 09:01:59
1661418119799378000,74.9,10,74.8,87,74.9,9,1,2022-08-25 09:01:59
1661418119803849000,74.9,1,74.8,87,74.9,8,1,2022-08-25 09:01:59
1661418119933055000,74.9,1,74.8,90,74.9,7,1,2022-08-25 09:01:59
1661418119950928000,74.8,4,74.8,86,74.9,7,2,2022-08-25 09:01:59
1661418119983640000,74.9,1,74.8,86,74.9,6,1,2022-08-25 09:01:59
1661418120080519000,74.9,1,74.8,86,74.9,5,1,2022-08-25 09:02:00
1661418120170059000,74.9,2,74.8,91,74.9,5,1,2022-08-25 09:02:00
1661418120174937000,74.9,2,74.8,91,74.9,3,1,2022-08-25 09:02:00
1661418120244847000,74.9,3,74.8,94,75.0,131,1,2022-08-25 09:02:00
1661418120345901000,74.8,2,74.8,92,74.9,1,2,2022-08-25 09:02:00
1661418120376259000,74.9,1,74.9,2,75.0,138,1,2022-08-25 09:02:00
1661418120405133000,74.9,1,74.9,2,75.0,138,2,2022-08-25 09:02:00
1661418120594563000,74.9,1,74.8,94,75.0,138,2,2022-08-25 09:02:00
1661418120620135000,74.8,1,74.8,93,75.0,138,2,2022-08-25 09:02:00
1661418120674919000,74.9,1,74.8,98,75.0,138,2,2022-08-25 09:02:00
1661418120676508000,74.8,1,74.8,97,75.0,138,2,2022-08-25 09:02:00
1661418120686422000,75.0,1,74.8,97,75.0,137,1,2022-08-25 09:02:00
1661418120809202000,74.9,2,74.9,19,75.0,137,2,2022-08-25 09:02:00
1661418120816650000,74.9,1,74.9,18,75.0,141,2,2022-08-25 09:02:00
1661418120825110000,75.0,1,74.9,18,75.0,140,1,2022-08-25 09:02:00
1661418120951227000,74.9,10,74.9,12,75.0,140,2,2022-08-25 09:02:00
1661418121132295000,74.9,10,74.9,23,75.0,140,2,2022-08-25 09:02:01
1661418121571982000,74.9,1,74.9,22,75.0,139,2,2022-08-25 09:02:01
1661418121831301000,74.9,11,74.9,20,75.0,141,2,2022-08-25 09:02:01
1661418121862785000,74.9,20,74.8,105,75.0,141,2,2022-08-25 09:02:01
1661418121898006000,74.8,105,74.9,31,75.0,141,2,2022-08-25 09:02:01
1661418121942188000,74.9,1,74.7,103,74.9,3,1,2022-08-25 09:02:01
1661418121942684000,74.9,1,74.7,103,74.9,2,1,2022-08-25 09:02:01
1661418122128944000,74.9,1,74.7,104,74.9,6,1,2022-08-25 09:02:02
1661418122163365000,74.9,1,74.7,104,74.9,5,1,2022-08-25 09:02:02
1661418122164572000,74.9,2,74.7,104,74.9,3,1,2022-08-25 09:02:02
1661418122296022000,74.9,2,74.8,1,74.9,1,1,2022-08-25 09:02:02
1661418122454751000,74.9,2,74.8,2,75.0,142,1,2022-08-25 09:02:02
1661418122539259000,74.9,2,74.9,3,75.0,142,2,2022-08-25 09:02:02
1661418122539548000,74.9,3,74.8,7,75.0,142,2,2022-08-25 09:02:02
1661418122594433000,74.9,1,74.8,8,75.0,142,1,2022-08-25 09:02:02
1661418122795103000,74.9,1,74.9,1,75.0,141,2,2022-08-25 09:02:02
1661418122833038000,74.9,1,74.8,8,75.0,141,2,2022-08-25 09:02:02
1661418123145046000,74.9,1,74.9,1,75.0,141,2,2022-08-25 09:02:03
1661418123615693000,75.0,1,74.9,3,75.0,140,1,2022-08-25 09:02:03
1661418123689783000,74.9,1,74.9,2,75.0,140,2,2022-08-25 09:02:03
1661418123727946000,74.9,2,74.8,31,75.0,140,2,2022-08-25 09:02:03
1661418123766021000,75.0,1,74.8,31,75.0,139,1,2022-08-25 09:02:03
1661418123805653000,74.9,1,74.9,5,75.0,139,2,2022-08-25 09:02:03
1661418123839722000,74.9,3,74.9,2,75.0,143,2,2022-08-25 09:02:03
1661418123899458000,74.9,2,74.8,42,74.9,8,2,2022-08-25 09:02:03
1661418123917905000,74.9,1,74.8,42,74.9,7,1,2022-08-25 09:02:03
1661418124061813000,74.9,1,74.8,42,74.9,6,1,2022-08-25 09:02:04
1661418124067022000,74.9,1,74.8,42,74.9,5,1,2022-08-25 09:02:04
1661418124217171000,74.9,1,74.8,42,74.9,4,1,2022-08-25 09:02:04
1661418124260509000,74.9,2,74.8,42,74.9,2,1,2022-08-25 09:02:04
1661418124379200000,74.9,1,74.8,47,74.9,1,1,2022-08-25 09:02:04
1661418124493844000,74.9,1,74.8,50,74.9,1,1,2022-08-25 09:02:04
1661418124537016000,74.9,1,74.8,50,75.0,143,1,2022-08-25 09:02:04
1661418124697672000,74.9,1,74.8,50,75.0,143,1,2022-08-25 09:02:04
1661418124807923000,75.0,1,74.8,50,75.0,142,1,2022-08-25 09:02:04
1661418124839519000,74.9,1,74.9,1,75.0,142,2,2022-08-25 09:02:04
1661418124839519000,74.8,5,74.9,1,75.0,142,2,2022-08-25 09:02:04
1661418125062675000,74.9,1,74.8,46,75.0,142,2,2022-08-25 09:02:05
1661418125084124000,75.0,1,74.8,46,75.0,141,1,2022-08-25 09:02:05
1661418125215536000,74.9,1,74.8,46,75.0,141,1,2022-08-25 09:02:05
1661418125377970000,75.0,1,74.9,2,75.0,141,1,2022-08-25 09:02:05
1661418125487375000,75.0,1,74.9,2,75.0,139,1,2022-08-25 09:02:05
1661418125496705000,75.0,1,74.9,2,75.0,138,1,2022-08-25 09:02:05
1661418125502803000,75.0,1,74.9,2,75.0,137,1,2022-08-25 09:02:05
1661418125537011000,75.0,1,74.9,3,75.0,136,1,2022-08-25 09:02:05
1661418125548913000,75.0,1,74.9,3,75.0,135,1,2022-08-25 09:02:05
1661418125593121000,75.0,2,74.9,3,75.0,133,1,2022-08-25 09:02:05
1661418125694804000,75.0,1,74.9,3,75.0,133,1,2022-08-25 09:02:05
1661418125697025000,75.0,1,74.9,3,75.0,132,1,2022-08-25 09:02:05
1661418126373195000,74.9,1,74.9,14,75.0,132,2,2022-08-25 09:02:06
1661418126491454000,75.0,2,74.9,13,75.0,130,1,2022-08-25 09:02:06
1661418126540145000,75.0,1,74.9,14,75.0,129,1,2022-08-25 09:02:06
1661418126617493000,74.9,1,74.9,16,75.0,131,2,2022-08-25 09:02:06
1661418126638361000,74.9,1,74.9,15,75.0,131,2,2022-08-25 09:02:06
1661418126713370000,74.9,1,74.9,15,75.0,131,2,2022-08-25 09:02:06
1661418127164583000,75.0,1,74.9,22,75.0,135,1,2022-08-25 09:02:07
1661418127525885000,75.0,1,74.9,22,75.0,134,1,2022-08-25 09:02:07
1661418127591997000,75.0,1,74.9,22,75.0,133,1,2022-08-25 09:02:07
1661418127614403000,75.0,1,74.9,22,75.0,132,1,2022-08-25 09:02:07
1661418127974443000,74.9,1,74.9,33,75.0,125,2,2022-08-25 09:02:07
1661418127999258000,74.9,1,74.9,32,75.0,125,2,2022-08-25 09:02:07
1661418128429646000,75.0,1,74.9,33,75.0,124,1,2022-08-25 09:02:08
1661418129027972000,75.0,2,74.9,36,75.0,122,1,2022-08-25 09:02:09
1661418129398183000,75.0,1,74.9,40,75.0,128,1,2022-08-25 09:02:09
1661418129449749000,74.9,1,74.9,39,75.0,127,2,2022-08-25 09:02:09
1661418129650491000,75.0,1,74.9,39,75.0,127,1,2022-08-25 09:02:09
1661418129774089000,74.9,5,74.9,35,75.0,127,2,2022-08-25 09:02:09
1661418129895856000,75.0,1,74.9,41,75.0,130,1,2022-08-25 09:02:09
1661418129927450000,75.0,4,74.9,41,75.0,125,1,2022-08-25 09:02:09
1661418130372745000,75.0,5,74.9,43,75.0,124,1,2022-08-25 09:02:10
1661418130839112000,75.0,1,74.9,44,75.0,123,1,2022-08-25 09:02:10
1661418130867128000,75.0,1,74.9,44,75.0,124,1,2022-08-25 09:02:10
1661418130997993000,74.9,2,74.9,42,75.0,122,2,2022-08-25 09:02:10
1661418131126559000,75.0,1,74.9,42,75.0,121,1,2022-08-25 09:02:11
1661418131169750000,75.0,1,74.9,42,75.0,120,1,2022-08-25 09:02:11
1661418131259493000,74.9,5,74.9,38,75.0,120,2,2022-08-25 09:02:11
1661418131270479000,74.9,2,74.9,36,75.0,120,2,2022-08-25 09:02:11
1661418131310675000,74.9,36,74.8,69,75.0,120,2,2022-08-25 09:02:11
1661418131345873000,74.9,7,74.8,7,75.0,120,2,2022-08-25 09:02:11
1661418131345873000,74.8,62,74.8,7,75.0,120,2,2022-08-25 09:02:11
1661418131378386000,74.8,5,74.8,2,75.0,121,2,2022-08-25 09:02:11
1661418131638319000,74.9,1,74.8,2,74.9,2,1,2022-08-25 09:02:11
1661418131732000000,74.9,2,74.9,4,75.0,125,1,2022-08-25 09:02:11
1661418131758048000,74.9,4,74.8,6,75.0,125,2,2022-08-25 09:02:11
1661418131775173000,75.0,1,74.8,6,75.0,123,1,2022-08-25 09:02:11
1661418132023491000,74.9,1,74.8,6,75.0,125,2,2022-08-25 09:02:12
1661418132167073000,75.0,1,74.8,6,75.0,124,1,2022-08-25 09:02:12
1661418132319599000,75.0,1,74.8,6,75.0,125,1,2022-08-25 09:02:12
1661418132461200000,75.0,1,74.8,6,75.0,123,1,2022-08-25 09:02:12
1661418132608401000,74.9,1,74.8,6,74.9,1,1,2022-08-25 09:02:12
1661418132760832000,74.9,1,74.8,6,75.0,123,1,2022-08-25 09:02:12
1661418132797117000,75.0,1,74.8,6,75.0,122,1,2022-08-25 09:02:12
