ts,close,volume,bid_price,bid_volume,ask_price,ask_volume,tick_type,datetime
1661418013573526000,165.0,224,164.5,39,165.0,40,1,2022-08-25 09:00:13
1661418017093392000,164.5,39,164.0,120,164.5,16,2,2022-08-25 09:00:17
1661418018023016000,164.0,1,164.0,120,164.5,16,2,2022-08-25 09:00:18
1661418018870780000,164.0,1,164.0,119,164.5,16,2,2022-08-25 09:00:18
1661418019172991000,164.0,5,164.0,114,164.5,16,2,2022-08-25 09:00:19
1661418019882540000,164.5,1,164.0,115,164.5,15,1,2022-08-25 09:00:19
1661418020024102000,164.0,1,164.0,114,164.5,15,2,2022-08-25 09:00:20
1661418020079238000,164.0,1,164.0,113,164.5,15,2,2022-08-25 09:00:20
1661418020114027000,164.0,29,164.0,84,164.5,15,2,2022-08-25 09:00:20
1661418020159907000,164.0,14,164.0,70,164.5,15,2,2022-08-25 09:00:20
1661418020349725000,164.5,1,164.0,70,164.5,14,1,2022-08-25 09:00:20
1661418020806362000,164.0,2,164.0,69,164.5,14,2,2022-08-25 09:00:20
1661418020946582000,164.0,2,164.0,69,164.5,14,2,2022-08-25 09:00:20
1661418021168987000,164.5,1,164.0,67,164.5,13,1,2022-08-25 09:00:21
1661418021256074000,164.0,20,164.0,47,164.5,13,2,2022-08-25 09:00:21
1661418021349277000,164.0,13,164.0,33,164.5,13,2,2022-08-25 09:00:21
1661418021379118000,164.0,33,164.0,46,164.5,13,2,2022-08-25 09:00:21
1661418021575821000,164.5,1,163.5,13,164.5,12,1,2022-08-25 09:00:21
1661418021596999000,163.5,1,163.5,12,164.5,12,2,2022-08-25 09:00:21
1661418022200576000,163.5,10,163.5,2,164.0,29,2,2022-08-25 09:00:22
1661418022227137000,163.5,2,163.0,37,164.0,29,2,2022-08-25 09:00:22
1661418022628993000,163.0,1,163.0,36,164.0,38,2,2022-08-25 09:00:22
1661418022911986000,163.5,1,163.0,36,163.5,1,1,2022-08-25 09:00:22
1661418023261370000,164.0,1,163.0,36,164.0,37,1,2022-08-25 09:00:23
1661418023702987000,164.0,2,163.0,36,164.0,26,1,2022-08-25 09:00:23
1661418023986448000,163.0,1,163.0,35,164.0,26,2,2022-08-25 09:00:23
1661418024105612000,163.0,1,163.0,34,164.0,26,2,2022-08-25 09:00:24
1661418024309670000,163.5,2,163.0,34,164.0,29,2,2022-08-25 09:00:24
1661418024741234000,164.0,1,163.0,34,164.0,41,1,2022-08-25 09:00:24
1661418025431782000,163.0,1,163.0,34,163.5,4,2,2022-08-25 09:00:25
1661418025750532000,163.0,1,163.0,32,163.5,4,2,2022-08-25 09:00:25
1661418025856022000,163.0,14,163.0,18,163.5,4,2,2022-08-25 09:00:25
1661418025890118000,163.0,8,163.0,10,163.5,4,2,2022-08-25 09:00:25
1661418026465896000,163.5,1,163.0,10,163.5,4,1,2022-08-25 09:00:26
1661418030283548000,163.0,2,163.0,9,163.5,4,2,2022-08-25 09:00:30
1661418030310494000,163.0,1,163.0,8,163.5,4,2,2022-08-25 09:00:30
1661418031313231000,163.0,2,163.0,6,163.5,4,2,2022-08-25 09:00:31
1661418031701208000,163.0,1,163.0,6,163.5,4,2,2022-08-25 09:00:31
1661418031810210000,163.0,1,163.0,5,163.5,4,2,2022-08-25 09:00:31
1661418032991872000,163.0,1,163.0,4,163.5,4,2,2022-08-25 09:00:32
1661418033068240000,163.0,2,163.0,3,163.5,4,2,2022-08-25 09:00:33
1661418033173619000,163.0,1,163.0,2,163.5,4,2,2022-08-25 09:00:33
1661418033416767000,163.0,2,163.0,5,163.5,4,2,2022-08-25 09:00:33
1661418033828606000,163.0,1,162.5,7,163.0,4,1,2022-08-25 09:00:33
1661418033868624000,163.0,1,162.5,7,163.0,3,1,2022-08-25 09:00:33
1661418035095613000,162.5,1,162.5,6,163.0,15,2,2022-08-25 09:00:35
1661418035339474000,163.0,1,162.5,7,163.0,15,1,2022-08-25 09:00:35
1661418035567240000,162.5,1,162.5,5,163.0,14,2,2022-08-25 09:00:35
1661418035754171000,163.0,2,162.5,5,163.0,14,1,2022-08-25 09:00:35
1661418037587365000,163.0,1,162.5,5,163.0,13,1,2022-08-25 09:00:37
1661418037781453000,163.0,1,162.5,5,163.0,12,1,2022-08-25 09:00:37
1661418037989960000,163.0,1,162.5,5,163.0,11,1,2022-08-25 09:00:37
1661418038408415000,162.5,1,162.5,4,163.0,12,2,2022-08-25 09:00:38
1661418038602341000,163.0,5,162.5,4,163.0,7,1,2022-08-25 09:00:38
1661418038650380000,163.0,1,162.5,4,163.0,6,1,2022-08-25 09:00:38
1661418038713975000,162.5,1,162.5,3,163.0,6,2,2022-08-25 09:00:38
1661418040780176000,162.5,1,162.5,4,163.0,7,2,2022-08-25 09:00:40
1661418041304048000,162.5,1,162.5,2,163.0,7,2,2022-08-25 09:00:41
1661418041728452000,162.5,1,162.5,1,163.0,7,2,2022-08-25 09:00:41
1661418042502702000,162.5,1,162.5,10,163.0,7,2,2022-08-25 09:00:42
1661418043156026000,163.0,1,162.5,11,163.0,7,1,2022-08-25 09:00:43
1661418043519260000,162.5,1,162.5,10,163.0,6,2,2022-08-25 09:00:43
1661418043862124000,162.5,10,162.0,18,163.0,7,2,2022-08-25 09:00:43
1661418044178031000,163.0,1,162.0,26,163.0,5,1,2022-08-25 09:00:44
1661418044245867000,162.0,1,162.0,26,163.0,5,2,2022-08-25 09:00:44
1661418045278999000,162.5,1,162.0,25,163.0,5,2,2022-08-25 09:00:45
1661418045481198000,162.5,1,162.0,25,163.0,5,1,2022-08-25 09:00:45
1661418046519290000,162.5,2,162.0,24,162.5,1,2,2022-08-25 09:00:46
1661418046534321000,162.5,1,162.0,24,163.0,5,1,2022-08-25 09:00:46
1661418047256779000,162.5,1,162.0,24,163.0,5,1,2022-08-25 09:00:47
1661418048297442000,162.5,1,162.5,1,163.0,5,2,2022-08-25 09:00:48
1661418048616200000,162.5,1,162.0,24,162.5,2,1,2022-08-25 09:00:48
1661418048681880000,162.5,1,162.0,24,162.5,1,1,2022-08-25 09:00:48
1661418048718128000,162.5,1,162.0,24,162.5,3,1,2022-08-25 09:00:48
1661418049051678000,162.0,1,162.0,23,163.0,5,2,2022-08-25 09:00:49
1661418050237058000,162.0,1,162.0,24,163.0,6,2,2022-08-25 09:00:50
1661418050798232000,162.5,4,162.5,4,163.0,7,2,2022-08-25 09:00:50
1661418050798232000,162.0,6,162.5,4,163.0,7,2,2022-08-25 09:00:50
1661418051029822000,162.5,1,162.0,18,163.0,7,1,2022-08-25 09:00:51
1661418051249370000,163.0,1,162.0,20,163.0,6,1,2022-08-25 09:00:51
1661418051416265000,162.0,2,162.0,20,163.0,7,2,2022-08-25 09:00:51
1661418052545899000,162.5,1,162.0,19,162.5,1,1,2022-08-25 09:00:52
1661418053788904000,162.5,1,162.5,6,163.0,5,2,2022-08-25 09:00:53
1661418054115256000,162.5,2,162.5,3,163.0,5,2,2022-08-25 09:00:54
1661418054321643000,162.5,3,162.0,9,163.0,5,2,2022-08-25 09:00:54
1661418054321643000,162.0,11,162.0,9,163.0,5,2,2022-08-25 09:00:54
1661418054990500000,162.5,1,162.0,15,163.0,5,1,2022-08-25 09:00:54
1661418055546443000,163.0,1,162.0,16,163.0,4,1,2022-08-25 09:00:55
1661418056032418000,162.0,1,162.0,15,163.0,4,2,2022-08-25 09:00:56
1661418056180797000,162.0,1,162.0,14,163.0,4,2,2022-08-25 09:00:56
1661418056839931000,162.5,1,162.0,15,163.0,14,2,2022-08-25 09:00:56
1661418057548819000,162.5,1,162.5,1,163.0,14,2,2022-08-25 09:00:57
1661418057548819000,162.0,1,162.5,1,163.0,14,2,2022-08-25 09:00:57
1661418058780132000,162.5,1,162.0,5,163.0,14,2,2022-08-25 09:00:58
1661418058780132000,162.0,2,162.0,5,163.0,14,2,2022-08-25 09:00:58
1661418059622549000,163.0,2,162.5,10,163.0,18,1,2022-08-25 09:00:59
1661418061863406000,162.5,1,162.5,11,163.0,18,2,2022-08-25 09:01:01
1661418062334719000,162.5,1,162.5,10,163.0,18,2,2022-08-25 09:01:02
1661418062446541000,162.5,1,162.5,8,163.0,18,2,2022-08-25 09:01:02
1661418062600951000,162.5,1,162.5,7,163.0,18,2,2022-08-25 09:01:02
1661418062796657000,162.5,1,162.5,6,163.0,18,2,2022-08-25 09:01:02
1661418067143568000,162.5,1,162.5,19,163.0,19,2,2022-08-25 09:01:07
1661418067909625000,163.0,3,162.5,20,163.0,19,1,2022-08-25 09:01:07
1661418068501237000,162.5,1,162.5,22,163.0,16,2,2022-08-25 09:01:08
1661418068844370000,162.5,1,162.5,22,163.0,16,2,2022-08-25 09:01:08
1661418068846293000,162.5,1,162.5,21,163.0,16,2,2022-08-25 09:01:08
1661418068923271000,162.5,3,162.5,23,163.0,16,2,2022-08-25 09:01:08
1661418069493274000,162.5,10,162.5,9,163.0,16,2,2022-08-25 09:01:09
1661418070385544000,162.5,1,162.5,16,163.0,16,2,2022-08-25 09:01:10
1661418070913700000,162.5,2,162.5,15,163.0,16,2,2022-08-25 09:01:10
1661418071276121000,162.5,3,162.5,10,163.0,16,2,2022-08-25 09:01:11
1661418072074876000,162.5,5,162.5,6,163.0,16,2,2022-08-25 09:01:12
1661418072903695000,163.0,1,162.5,6,163.0,15,1,2022-08-25 09:01:12
1661418073252764000,162.5,1,162.5,6,163.0,15,2,2022-08-25 09:01:13
1661418073281300000,163.0,2,162.5,7,163.0,15,1,2022-08-25 09:01:13
1661418074286455000,162.5,1,162.5,6,163.0,13,2,2022-08-25 09:01:14
1661418074339223000,162.5,1,162.5,5,163.0,13,2,2022-08-25 09:01:14
1661418075285645000,162.5,1,162.5,5,163.0,13,2,2022-08-25 09:01:15
1661418075705332000,162.5,4,162.5,1,163.0,13,2,2022-08-25 09:01:15
1661418076017719000,162.5,1,162.0,24,162.5,4,2,2022-08-25 09:01:16
1661418076052138000,162.5,4,162.0,24,163.0,13,1,2022-08-25 09:01:16
1661418077481623000,162.5,1,162.0,25,163.0,13,1,2022-08-25 09:01:17
1661418078453771000,162.5,1,162.5,3,163.0,15,2,2022-08-25 09:01:18
1661418078728926000,163.0,1,162.5,3,163.0,14,1,2022-08-25 09:01:18
1661418080945892000,162.5,1,162.5,5,163.0,14,2,2022-08-25 09:01:20
1661418081435347000,162.5,2,162.5,3,163.0,14,2,2022-08-25 09:01:21
1661418081590433000,163.0,1,162.5,3,163.0,13,1,2022-08-25 09:01:21
1661418083736110000,163.0,1,162.5,5,163.0,13,1,2022-08-25 09:01:23
1661418084711894000,162.5,6,162.0,22,163.0,12,2,2022-08-25 09:01:24
1661418084711894000,162.0,6,162.0,22,163.0,12,2,2022-08-25 09:01:24
1661418085016529000,163.0,1,162.0,21,163.0,11,1,2022-08-25 09:01:25
1661418086518869000,163.0,1,162.5,1,163.0,13,1,2022-08-25 09:01:26
1661418086986320000,162.5,1,162.0,22,163.0,13,2,2022-08-25 09:01:26
1661418086986320000,162.0,1,162.0,22,163.0,13,2,2022-08-25 09:01:26
1661418086993479000,162.0,2,162.0,20,163.0,13,2,2022-08-25 09:01:26
1661418087134803000,162.5,5,162.0,20,162.5,2,1,2022-08-25 09:01:27
1661418087177474000,162.5,2,162.0,20,163.0,13,1,2022-08-25 09:01:27
1661418088636141000,163.0,1,162.5,8,163.0,14,1,2022-08-25 09:01:28
1661418090030758000,162.5,1,162.5,8,163.0,13,2,2022-08-25 09:01:30
1661418091060260000,163.0,10,162.5,8,163.0,3,1,2022-08-25 09:01:31
1661418092292676000,162.5,1,162.5,10,163.0,3,2,2022-08-25 09:01:32
1661418094598092000,163.0,1,162.5,11,163.0,3,1,2022-08-25 09:01:34
1661418097045678000,163.0,1,162.5,27,163.0,9,1,2022-08-25 09:01:37
1661418097336820000,163.0,1,162.5,28,163.0,9,1,2022-08-25 09:01:37
1661418097814610000,162.5,1,162.5,28,163.0,8,2,2022-08-25 09:01:37
1661418098163479000,162.5,3,162.5,24,163.0,8,2,2022-08-25 09:01:38
1661418098507145000,163.0,1,162.5,24,163.0,7,1,2022-08-25 09:01:38
1661418099168108000,162.5,1,162.5,26,163.0,7,2,2022-08-25 09:01:39
1661418100175872000,163.0,1,162.5,27,163.0,6,1,2022-08-25 09:01:40
1661418100990810000,163.0,3,162.5,27,163.0,3,1,2022-08-25 09:01:40
1661418101751041000,163.0,1,162.5,27,163.0,2,1,2022-08-25 09:01:41
1661418103377382000,163.0,1,163.0,2,163.5,6,2,2022-08-25 09:01:43
1661418103569481000,163.0,1,163.0,1,163.5,6,2,2022-08-25 09:01:43
1661418104253483000,163.0,1,163.0,1,163.5,6,2,2022-08-25 09:01:44
1661418109581289000,163.0,9,163.0,3,163.5,10,2,2022-08-25 09:01:49
1661418109683932000,163.0,1,163.0,2,163.5,10,2,2022-08-25 09:01:49
1661418111456488000,163.0,2,163.0,1,163.5,10,2,2022-08-25 09:01:51
1661418111613493000,163.5,1,163.0,1,163.5,9,1,2022-08-25 09:01:51
1661418113362148000,163.5,2,163.0,3,163.5,7,1,2022-08-25 09:01:53
1661418113915564000,163.0,1,163.0,12,163.5,7,2,2022-08-25 09:01:53
1661418115797493000,163.5,4,163.0,13,163.5,3,1,2022-08-25 09:01:55
1661418118699941000,163.5,2,163.0,17,163.5,2,1,2022-08-25 09:01:58
1661418118777100000,163.0,1,163.0,16,163.5,1,2,2022-08-25 09:01:58
1661418118790994000,163.5,1,163.5,5,164.0,21,1,2022-08-25 09:01:58
1661418118802388000,163.5,1,163.0,17,163.5,1,2,2022-08-25 09:01:58
1661418120090993000,163.5,1,163.5,3,164.0,21,2,2022-08-25 09:02:00
1661418124316246000,163.5,1,163.5,3,164.0,21,2,2022-08-25 09:02:04
1661418124747385000,164.0,1,163.5,3,164.0,21,1,2022-08-25 09:02:04
1661418125577511000,163.5,5,163.0,29,163.5,5,2,2022-08-25 09:02:05
1661418126722767000,163.5,2,163.0,29,163.5,3,1,2022-08-25 09:02:06
1661418129490543000,163.5,1,163.0,30,163.5,3,1,2022-08-25 09:02:09
1661418129717052000,163.5,1,163.0,30,163.5,2,1,2022-08-25 09:02:09
1661418130065515000,163.0,1,163.0,30,163.5,2,2,2022-08-25 09:02:10
1661418131056135000,163.5,1,163.0,31,163.5,1,1,2022-08-25 09:02:11
1661418131415068000,163.5,1,163.0,31,164.0,22,2,2022-08-25 09:02:11
1661418131690196000,164.0,1,163.0,31,164.0,21,1,2022-08-25 09:02:11
1661418135574659000,163.5,1,163.5,5,164.0,21,2,2022-08-25 09:02:15
1661418135797984000,163.5,1,163.5,4,164.0,21,2,2022-08-25 09:02:15
1661418135940458000,164.0,1,163.5,4,164.0,20,1,2022-08-25 09:02:15
1661418136702470000,164.0,2,163.5,4,164.0,21,1,2022-08-25 09:02:16
1661418137402510000,163.5,3,163.5,1,164.0,19,2,2022-08-25 09:02:17
1661418137957410000,164.0,1,163.5,1,164.0,18,1,2022-08-25 09:02:17
1661418139767905000,164.0,1,163.5,1,164.0,18,1,2022-08-25 09:02:19
1661418141436972000,164.0,1,163.5,2,164.0,17,1,2022-08-25 09:02:21
1661418142168996000,164.0,1,163.5,4,164.0,16,1,2022-08-25 09:02:22
1661418144385419000,163.5,5,163.5,5,164.0,18,2,2022-08-25 09:02:24
1661418144479668000,164.0,6,163.0,35,164.0,21,1,2022-08-25 09:02:24
1661418144945145000,164.0,1,163.0,35,164.0,11,1,2022-08-25 09:02:24
1661418147161346000,164.0,1,163.5,2,164.0,10,1,2022-08-25 09:02:27
1661418147528612000,164.0,5,163.5,2,164.0,5,1,2022-08-25 09:02:27
1661418147724631000,164.0,1,163.5,2,164.0,4,1,2022-08-25 09:02:27
1661418147749429000,164.0,3,163.5,2,164.0,1,1,2022-08-25 09:02:27
1661418148188353000,164.0,1,163.5,2,164.5,19,1,2022-08-25 09:02:28
1661418148422544000,164.0,1,163.5,2,164.0,21,1,2022-08-25 09:02:28
1661418150598338000,164.0,1,163.5,4,164.0,22,1,2022-08-25 09:02:30
1661418151457069000,164.0,2,163.5,4,164.0,20,1,2022-08-25 09:02:31
1661418154366044000,164.0,1,163.5,8,164.0,28,1,2022-08-25 09:02:34
1661418154908513000,164.0,1,163.5,8,164.0,18,1,2022-08-25 09:02:34
1661418156231807000,163.5,2,163.5,7,164.0,19,2,2022-08-25 09:02:36
1661418156304242000,164.0,2,163.5,7,164.0,26,1,2022-08-25 09:02:36
1661418157007183000,164.0,1,163.5,10,164.0,25,1,2022-08-25 09:02:37
1661418157463441000,164.0,1,163.5,10,164.0,15,1,2022-08-25 09:02:37
1661418158253550000,164.0,1,163.5,10,164.0,15,1,2022-08-25 09:02:38
1661418158773869000,164.0,5,163.5,10,164.0,9,1,2022-08-25 09:02:38
1661418159547178000,164.0,3,163.5,10,164.0,7,1,2022-08-25 09:02:39
1661418160357436000,164.0,3,163.5,10,164.0,4,1,2022-08-25 09:02:40
1661418161274779000,164.0,5,163.5,12,164.0,28,1,2022-08-25 09:02:41
1661418163249129000,164.0,3,163.5,12,164.0,16,1,2022-08-25 09:02:43
1661418163645304000,164.0,2,163.5,12,164.0,14,1,2022-08-25 09:02:43
1661418164186865000,164.0,10,163.5,12,164.0,4,1,2022-08-25 09:02:44
1661418164764781000,164.0,1,163.5,11,164.0,3,1,2022-08-25 09:02:44
1661418165464331000,164.0,1,163.5,12,164.0,2,1,2022-08-25 09:02:45
1661418166637653000,164.0,1,163.5,12,164.0,1,1,2022-08-25 09:02:46
1661418166710383000,164.0,1,164.0,4,164.5,41,1,2022-08-25 09:02:46
1661418166945972000,164.0,1,164.0,3,164.5,41,2,2022-08-25 09:02:46
1661418166954443000,164.0,3,163.5,12,164.0,17,2,2022-08-25 09:02:46
1661418167133900000,164.0,1,163.5,12,164.0,16,1,2022-08-25 09:02:47
1661418167923904000,164.0,3,163.5,13,164.0,13,1,2022-08-25 09:02:47
1661418168450367000,163.5,1,163.5,12,164.0,13,2,2022-08-25 09:02:48
1661418169422330000,164.0,2,163.5,12,164.0,25,1,2022-08-25 09:02:49
1661418169825164000,164.0,1,163.5,12,164.0,24,1,2022-08-25 09:02:49
1661418172795564000,164.0,3,163.5,16,164.0,21,1,2022-08-25 09:02:52
1661418173444274000,163.5,16,163.0,37,164.0,27,2,2022-08-25 09:02:53
1661418173478721000,163.5,1,163.0,37,163.5,8,2,2022-08-25 09:02:53
1661418176403548000,163.0,1,163.0,35,164.0,29,2,2022-08-25 09:02:56
1661418178887447000,163.5,1,163.0,41,163.5,18,1,2022-08-25 09:02:58
1661418179929997000,163.5,1,163.0,41,163.5,17,1,2022-08-25 09:02:59
1661418186097593000,163.5,1,163.0,40,163.5,18,1,2022-08-25 09:03:06
1661418186990737000,163.0,3,163.0,36,163.5,21,2,2022-08-25 09:03:06
1661418187022794000,163.0,14,163.0,22,163.5,23,2,2022-08-25 09:03:07
1661418187125736000,163.0,1,163.0,21,163.5,23,2,2022-08-25 09:03:07
1661418187175940000,163.0,14,163.0,7,163.5,23,2,2022-08-25 09:03:07
1661418187203202000,163.0,1,163.0,6,163.5,23,2,2022-08-25 09:03:07
1661418187206349000,163.0,5,163.0,1,163.5,23,2,2022-08-25 09:03:07
1661418187206636000,163.0,1,163.0,36,163.5,23,2,2022-08-25 09:03:07
1661418187799686000,163.0,1,162.5,69,163.0,12,1,2022-08-25 09:03:07
1661418190106564000,163.0,1,162.5,69,163.0,10,1,2022-08-25 09:03:10
1661418192654161000,162.5,14,162.5,54,163.0,19,2,2022-08-25 09:03:12
1661418193303357000,162.5,1,162.5,55,163.0,21,2,2022-08-25 09:03:13
1661418195201714000,163.0,1,162.5,54,163.0,23,1,2022-08-25 09:03:15
1661418195718801000,163.0,5,162.5,54,163.0,23,1,2022-08-25 09:03:15
1661418196273303000,162.5,1,162.5,53,163.0,18,2,2022-08-25 09:03:16
1661418196941531000,162.5,1,162.5,52,163.0,18,2,2022-08-25 09:03:16
1661418197758165000,162.5,1,162.5,53,163.0,22,2,2022-08-25 09:03:17
1661418200351635000,162.5,1,162.5,50,163.0,22,2,2022-08-25 09:03:20
1661418200709587000,162.5,1,162.5,49,163.0,22,2,2022-08-25 09:03:20
1661418201282984000,163.0,3,162.5,49,163.0,22,1,2022-08-25 09:03:21
1661418201607602000,162.5,1,162.5,50,163.0,19,2,2022-08-25 09:03:21
1661418202052662000,162.5,49,162.0,52,162.5,6,2,2022-08-25 09:03:22
1661418203108200000,162.0,14,162.0,38,162.5,14,2,2022-08-25 09:03:23
1661418203485029000,162.5,1,162.0,38,162.5,7,1,2022-08-25 09:03:23
1661418205246609000,162.0,10,162.0,27,162.5,7,2,2022-08-25 09:03:25
1661418207032193000,162.0,1,162.0,25,162.5,7,2,2022-08-25 09:03:27
1661418208451345000,162.5,1,162.0,23,162.5,1,1,2022-08-25 09:03:28
1661418208812244000,162.5,7,162.0,20,163.0,16,2,2022-08-25 09:03:28
1661418208812244000,162.0,3,162.0,20,163.0,16,2,2022-08-25 09:03:28
1661418209668260000,162.0,1,162.0,21,162.5,2,2,2022-08-25 09:03:29
1661418209769031000,162.0,1,162.0,20,162.5,2,2,2022-08-25 09:03:29
1661418209940512000,162.0,6,162.0,22,162.5,2,2,2022-08-25 09:03:29
1661418210250566000,162.0,2,162.0,12,162.5,10,2,2022-08-25 09:03:30
1661418211673847000,162.0,14,161.5,28,162.0,6,2,2022-08-25 09:03:31
1661418212066755000,162.0,1,161.5,28,162.0,5,1,2022-08-25 09:03:32
1661418212319459000,162.0,1,161.5,28,162.0,5,1,2022-08-25 09:03:32
1661418212330585000,162.0,3,161.5,28,162.0,2,1,2022-08-25 09:03:32
1661418213302669000,161.5,5,161.5,24,162.0,9,2,2022-08-25 09:03:33
1661418213813982000,161.5,1,161.5,23,162.0,11,2,2022-08-25 09:03:33
1661418215975441000,161.5,1,161.5,21,162.0,12,2,2022-08-25 09:03:35
1661418216179674000,161.5,1,161.5,20,162.0,12,2,2022-08-25 09:03:36
1661418216356273000,162.0,1,161.5,21,162.0,12,1,2022-08-25 09:03:36
1661418216748369000,161.5,2,161.5,18,162.0,11,2,2022-08-25 09:03:36
1661418217352129000,162.0,1,161.5,18,162.0,10,1,2022-08-25 09:03:37
1661418217702600000,161.5,2,161.5,17,162.0,10,2,2022-08-25 09:03:37
1661418219419653000,161.5,1,161.5,14,162.0,10,2,2022-08-25 09:03:39
1661418219651735000,161.5,2,161.5,12,162.0,10,2,2022-08-25 09:03:39
1661418219867714000,161.5,1,161.5,11,162.0,10,2,2022-08-25 09:03:39
1661418220043555000,161.5,1,161.5,10,162.0,18,2,2022-08-25 09:03:40
1661418220467825000,162.0,1,161.5,10,162.0,18,1,2022-08-25 09:03:40
1661418222310035000,161.5,1,161.5,8,162.0,9,2,2022-08-25 09:03:42
1661418223588038000,161.5,2,161.5,6,162.0,9,2,2022-08-25 09:03:43
1661418223846859000,161.5,2,161.5,4,162.0,9,2,2022-08-25 09:03:43
1661418224768044000,161.5,1,161.5,3,162.0,10,2,2022-08-25 09:03:44
1661418226757772000,161.5,1,161.5,5,162.0,9,2,2022-08-25 09:03:46
1661418226788487000,161.5,1,161.5,4,162.0,9,2,2022-08-25 09:03:46
1661418227407775000,161.5,1,161.5,6,162.0,9,2,2022-08-25 09:03:47
1661418227902202000,162.0,2,161.5,5,162.0,7,1,2022-08-25 09:03:47
1661418228586818000,161.5,1,161.5,5,162.0,7,2,2022-08-25 09:03:48
1661418228663360000,161.5,1,161.5,4,162.0,7,2,2022-08-25 09:03:48
1661418229166030000,161.5,2,161.5,2,162.0,7,2,2022-08-25 09:03:49
1661418230366403000,161.5,1,161.5,1,162.0,7,2,2022-08-25 09:03:50
1661418230699612000,161.5,1,161.0,24,161.5,1,2,2022-08-25 09:03:50
1661418230750884000,161.5,1,161.5,8,162.0,9,1,2022-08-25 09:03:50
1661418231527313000,161.5,3,161.5,5,162.0,9,2,2022-08-25 09:03:51
1661418231610046000,161.5,1,161.5,4,162.0,9,2,2022-08-25 09:03:51
1661418231732919000,161.5,1,161.5,3,162.0,9,2,2022-08-25 09:03:51
1661418231812178000,161.5,1,161.5,2,162.0,9,2,2022-08-25 09:03:51
1661418231924079000,161.5,1,161.5,2,162.0,9,2,2022-08-25 09:03:51
1661418232339930000,161.5,2,161.0,24,162.0,9,2,2022-08-25 09:03:52
1661418233769192000,161.5,1,161.0,25,161.5,2,1,2022-08-25 09:03:53
1661418234786726000,161.5,1,161.0,25,161.5,8,1,2022-08-25 09:03:54
1661418235345942000,161.5,1,161.0,25,161.5,7,1,2022-08-25 09:03:55
1661418235602297000,161.0,1,161.0,24,161.5,7,2,2022-08-25 09:03:55
1661418236866320000,161.5,1,161.0,24,161.5,6,1,2022-08-25 09:03:56
1661418237662077000,161.0,3,161.0,21,161.5,6,2,2022-08-25 09:03:57
1661418237780308000,161.0,14,161.0,7,161.5,6,2,2022-08-25 09:03:57
1661418238450533000,161.0,1,161.0,6,161.5,8,2,2022-08-25 09:03:58
1661418239539703000,161.0,2,161.0,4,161.5,8,2,2022-08-25 09:03:59
1661418239892018000,161.0,4,160.5,63,161.0,26,2,2022-08-25 09:03:59
1661418240351268000,161.0,1,160.5,42,161.0,31,1,2022-08-25 09:04:00
1661418240408715000,161.0,1,160.5,42,161.0,30,1,2022-08-25 09:04:00
1661418240750419000,161.0,1,160.5,42,161.0,29,1,2022-08-25 09:04:00
1661418243366778000,161.0,1,160.5,42,161.0,30,1,2022-08-25 09:04:03
1661418245160038000,161.0,1,160.5,43,161.0,32,1,2022-08-25 09:04:05
1661418246744988000,161.0,1,160.5,43,161.0,34,1,2022-08-25 09:04:06
1661418247762685000,160.5,1,160.5,42,161.0,34,2,2022-08-25 09:04:07
1661418248181447000,161.0,1,160.5,42,161.0,33,1,2022-08-25 09:04:08
1661418248912286000,161.0,1,160.5,42,161.0,38,1,2022-08-25 09:04:08
1661418249048266000,160.5,1,160.5,42,161.0,39,2,2022-08-25 09:04:09
1661418249831449000,161.0,1,160.5,41,161.0,37,1,2022-08-25 09:04:09
1661418250582366000,160.5,3,160.5,38,161.0,37,2,2022-08-25 09:04:10
1661418252217482000,160.5,1,160.5,37,161.0,38,2,2022-08-25 09:04:12
1661418252515541000,160.5,2,160.5,37,161.0,38,2,2022-08-25 09:04:12
1661418254145969000,161.0,5,160.5,35,161.0,33,1,2022-08-25 09:04:14
1661418254658607000,161.0,1,160.5,35,161.0,32,1,2022-08-25 09:04:14
1661418255407097000,161.0,2,160.5,35,161.0,32,1,2022-08-25 09:04:15
1661418255676920000,160.5,3,160.5,32,161.0,30,2,2022-08-25 09:04:15
1661418255818426000,160.5,1,160.5,31,161.0,30,2,2022-08-25 09:04:15
1661418257515555000,160.5,1,160.5,30,161.0,31,2,2022-08-25 09:04:17
1661418258049437000,160.5,6,160.5,24,161.0,25,2,2022-08-25 09:04:18
1661418258341705000,160.5,1,160.5,23,161.0,25,2,2022-08-25 09:04:18
1661418258754720000,160.5,4,160.5,19,161.0,28,2,2022-08-25 09:04:18
1661418260250153000,160.5,1,160.5,18,161.0,29,2,2022-08-25 09:04:20
1661418260318646000,160.5,5,160.5,13,161.0,29,2,2022-08-25 09:04:20
1661418260367834000,160.5,1,160.5,12,161.0,29,2,2022-08-25 09:04:20
1661418260549157000,160.5,5,160.5,7,161.0,29,2,2022-08-25 09:04:20
1661418260898053000,160.5,5,160.5,2,161.0,29,2,2022-08-25 09:04:20
1661418261137397000,160.5,1,160.5,1,161.0,31,2,2022-08-25 09:04:21
1661418261393021000,160.5,1,160.0,82,161.0,31,2,2022-08-25 09:04:21
1661418261632192000,160.5,3,160.5,11,161.0,40,1,2022-08-25 09:04:21
1661418261720154000,160.5,2,160.5,9,161.0,31,2,2022-08-25 09:04:21
1661418262150509000,160.5,1,160.5,8,161.0,31,2,2022-08-25 09:04:22
1661418262461484000,160.5,1,160.5,7,161.0,30,2,2022-08-25 09:04:22
1661418263168127000,160.5,5,160.5,2,161.0,30,2,2022-08-25 09:04:23
1661418264077346000,160.5,1,160.5,2,161.0,30,2,2022-08-25 09:04:24
1661418264120325000,161.0,1,160.5,2,161.0,29,1,2022-08-25 09:04:24
1661418264951247000,160.5,2,160.0,81,161.0,27,2,2022-08-25 09:04:24
1661418265166639000,160.0,1,160.0,80,161.0,27,2,2022-08-25 09:04:25
1661418266313108000,160.5,1,160.5,1,161.0,28,2,2022-08-25 09:04:26
1661418267079422000,160.5,1,160.5,1,161.0,28,2,2022-08-25 09:04:27
1661418267567098000,160.5,1,160.0,77,161.0,28,2,2022-08-25 09:04:27
1661418268550176000,160.5,1,160.5,3,161.0,28,2,2022-08-25 09:04:28
1661418268602839000,160.5,1,160.5,1,161.0,28,2,2022-08-25 09:04:28
1661418269107150000,160.5,1,160.0,78,161.0,28,2,2022-08-25 09:04:29
1661418269662744000,160.5,1,160.5,1,161.0,28,2,2022-08-25 09:04:29
1661418269959762000,160.5,1,160.5,2,161.0,28,2,2022-08-25 09:04:29
1661418269959762000,160.0,9,160.5,2,161.0,28,2,2022-08-25 09:04:29
1661418270201813000,160.0,1,160.0,68,161.0,28,2,2022-08-25 09:04:30
1661418271859167000,160.0,1,160.0,69,161.0,28,2,2022-08-25 09:04:31
1661418272852269000,160.5,10,160.0,70,161.0,20,1,2022-08-25 09:04:32
1661418273765847000,160.5,1,160.5,9,161.0,17,2,2022-08-25 09:04:33
1661418273958502000,160.0,1,160.0,85,161.0,17,2,2022-08-25 09:04:33
1661418276016629000,160.5,1,160.0,74,160.5,3,1,2022-08-25 09:04:36
1661418276564504000,160.0,2,160.0,72,160.5,3,2,2022-08-25 09:04:36
1661418276968691000,160.5,1,160.0,72,160.5,4,1,2022-08-25 09:04:36
1661418277489410000,160.5,1,160.0,72,160.5,2,1,2022-08-25 09:04:37
1661418277800102000,160.5,2,160.5,1,161.0,17,1,2022-08-25 09:04:37
1661418278024984000,160.5,1,160.0,73,161.0,17,2,2022-08-25 09:04:38
1661418278583170000,160.0,1,160.0,83,161.0,17,2,2022-08-25 09:04:38
1661418278681780000,161.0,1,160.0,73,161.0,16,1,2022-08-25 09:04:38
1661418279220185000,160.5,1,160.0,82,160.5,1,2,2022-08-25 09:04:39
1661418279437510000,160.5,1,160.0,73,161.0,16,1,2022-08-25 09:04:39
1661418280015928000,160.5,1,160.5,8,161.0,16,2,2022-08-25 09:04:40
1661418280293234000,160.5,1,160.5,7,161.0,16,2,2022-08-25 09:04:40
1661418280972112000,160.5,2,160.5,5,161.0,17,2,2022-08-25 09:04:40
1661418281105891000,160.5,1,160.5,4,161.0,17,2,2022-08-25 09:04:41
1661418283175154000,160.5,2,160.0,84,160.5,1,2,2022-08-25 09:04:43
1661418283246655000,160.5,1,160.0,75,161.0,17,1,2022-08-25 09:04:43
1661418284067124000,161.0,17,160.5,3,161.0,17,1,2022-08-25 09:04:44
1661418285466531000,161.5,1,160.5,13,161.5,8,1,2022-08-25 09:04:45
1661418286468987000,160.5,5,160.5,10,161.5,8,2,2022-08-25 09:04:46
1661418291052104000,161.0,1,160.5,24,161.0,1,1,2022-08-25 09:04:51
1661418292621563000,161.0,1,161.0,7,161.5,8,2,2022-08-25 09:04:52
1661418293555996000,161.0,3,161.0,7,161.5,8,2,2022-08-25 09:04:53
1661418293999174000,161.0,4,160.5,29,161.0,2,2,2022-08-25 09:04:53
1661418294026309000,161.0,2,160.5,29,161.5,8,1,2022-08-25 09:04:54
1661418294935013000,161.5,3,160.5,29,161.5,5,1,2022-08-25 09:04:54
1661418296143742000,160.5,2,160.5,27,161.5,5,2,2022-08-25 09:04:56
1661418296895193000,161.0,1,161.0,3,161.5,5,1,2022-08-25 09:04:56
1661418296908225000,161.0,1,161.0,2,161.5,5,2,2022-08-25 09:04:56
1661418297166636000,161.0,1,161.0,1,161.5,5,2,2022-08-25 09:04:57
1661418297609242000,161.0,1,161.0,1,161.5,5,2,2022-08-25 09:04:57
1661418297883983000,161.0,1,160.5,23,161.5,5,2,2022-08-25 09:04:57
1661418297883983000,160.5,4,160.5,23,161.5,5,2,2022-08-25 09:04:57
1661418301484368000,160.5,1,160.5,24,161.0,1,2,2022-08-25 09:05:01
1661418301932334000,160.5,1,160.5,24,161.0,1,2,2022-08-25 09:05:01
1661418304671719000,160.5,1,160.5,32,161.0,1,2,2022-08-25 09:05:04
1661418305571918000,161.0,1,160.5,37,161.5,6,1,2022-08-25 09:05:05
1661418305762903000,161.0,1,160.5,37,161.5,8,2,2022-08-25 09:05:05
1661418306340312000,160.5,1,160.5,36,161.5,8,2,2022-08-25 09:05:06
1661418308275223000,161.0,1,160.5,37,161.5,8,2,2022-08-25 09:05:08
1661418309850187000,161.0,1,160.5,58,161.5,8,2,2022-08-25 09:05:09
1661418309850187000,160.5,1,160.5,58,161.5,8,2,2022-08-25 09:05:09
1661418311126292000,161.0,1,160.5,64,161.5,8,2,2022-08-25 09:05:11
1661418311126292000,160.5,4,160.5,64,161.5,8,2,2022-08-25 09:05:11
1661418313550991000,160.5,1,160.5,67,161.0,2,2,2022-08-25 09:05:13
1661418313790362000,161.0,1,160.5,66,161.0,1,1,2022-08-25 09:05:13
1661418315060653000,161.0,1,161.0,2,161.5,9,1,2022-08-25 09:05:15
1661418315588072000,161.0,3,161.0,3,161.5,9,2,2022-08-25 09:05:15
1661418318595018000,161.0,1,160.5,86,161.0,5,1,2022-08-25 09:05:18
1661418321233520000,161.0,1,160.5,93,161.0,3,1,2022-08-25 09:05:21
1661418321722740000,161.0,1,160.5,93,161.0,2,1,2022-08-25 09:05:21
1661418321760477000,161.0,1,160.5,93,161.0,1,1,2022-08-25 09:05:21
1661418323032068000,161.0,1,160.5,93,161.5,9,1,2022-08-25 09:05:23
1661418324457342000,161.0,1,161.0,4,161.5,9,2,2022-08-25 09:05:24
1661418327140616000,161.0,1,161.0,10,161.5,9,2,2022-08-25 09:05:27
1661418328815506000,161.0,2,161.0,9,161.5,9,2,2022-08-25 09:05:28
1661418331735167000,161.0,3,161.0,11,161.5,9,2,2022-08-25 09:05:31
1661418332819471000,161.0,2,161.0,10,161.5,9,2,2022-08-25 09:05:32
1661418335497737000,161.5,2,161.0,18,161.5,7,1,2022-08-25 09:05:35
1661418339845177000,161.5,2,161.0,24,161.5,5,1,2022-08-25 09:05:39
1661418340416101000,161.5,3,161.0,25,161.5,3,1,2022-08-25 09:05:40
1661418342653297000,161.0,1,161.0,27,161.5,4,2,2022-08-25 09:05:42
1661418343810967000,161.5,2,161.0,28,161.5,2,1,2022-08-25 09:05:43
1661418343876212000,161.5,2,161.5,9,162.0,7,1,2022-08-25 09:05:43
1661418344075694000,162.0,1,161.5,9,162.0,6,1,2022-08-25 09:05:44
1661418344861462000,161.5,1,161.5,8,162.0,6,2,2022-08-25 09:05:44
1661418349310289000,161.5,5,161.5,5,162.0,6,2,2022-08-25 09:05:49
1661418351023793000,162.0,1,161.5,6,162.0,15,1,2022-08-25 09:05:51
1661418351509505000,161.5,1,161.5,5,162.0,5,2,2022-08-25 09:05:51
1661418351713006000,161.5,1,161.5,4,162.0,5,2,2022-08-25 09:05:51
1661418357232068000,161.5,7,161.0,29,162.0,21,2,2022-08-25 09:05:57
1661418358894120000,162.0,1,161.0,30,162.0,20,1,2022-08-25 09:05:58
1661418359280550000,161.5,2,161.0,22,162.0,20,2,2022-08-25 09:05:59
1661418359280550000,161.0,8,161.0,22,162.0,20,2,2022-08-25 09:05:59
1661418361827041000,161.5,1,161.0,23,161.5,9,1,2022-08-25 09:06:01
1661418364147946000,161.5,1,161.0,24,161.5,10,1,2022-08-25 09:06:04
1661418364155959000,161.5,1,161.0,24,161.5,9,1,2022-08-25 09:06:04
1661418369252362000,161.5,1,161.0,30,161.5,8,1,2022-08-25 09:06:09
1661418370261858000,161.5,2,161.0,31,161.5,6,1,2022-08-25 09:06:10
1661418373784694000,162.0,23,162.0,7,162.5,3,1,2022-08-25 09:06:13
1661418374519424000,162.0,1,162.0,7,162.5,6,2,2022-08-25 09:06:14
1661418379166087000,162.0,1,162.0,5,162.5,7,2,2022-08-25 09:06:19
1661418379600517000,162.5,1,162.0,5,162.5,15,1,2022-08-25 09:06:19
1661418384167771000,162.5,5,162.0,6,162.5,3,1,2022-08-25 09:06:24
1661418387184660000,162.5,1,162.0,6,162.5,5,1,2022-08-25 09:06:27
1661418387965887000,162.5,1,162.0,6,162.5,15,1,2022-08-25 09:06:27
1661418390291099000,162.5,1,162.0,9,162.5,13,1,2022-08-25 09:06:30
1661418390614755000,162.5,5,162.0,9,162.5,16,1,2022-08-25 09:06:30
1661418391074267000,162.5,1,162.0,9,162.5,10,1,2022-08-25 09:06:31
1661418391483359000,162.5,1,162.0,11,162.5,10,1,2022-08-25 09:06:31
1661418391567199000,162.5,2,162.0,11,162.5,8,1,2022-08-25 09:06:31
1661418391761026000,162.5,1,162.0,12,162.5,7,1,2022-08-25 09:06:31
1661418392616042000,162.0,2,162.0,11,162.5,7,2,2022-08-25 09:06:32
1661418392819646000,162.5,3,162.0,11,162.5,7,1,2022-08-25 09:06:32
1661418393152561000,162.5,1,162.0,11,162.5,8,1,2022-08-25 09:06:33
1661418393937803000,162.5,1,162.0,12,162.5,6,1,2022-08-25 09:06:33
1661418394948034000,162.5,4,162.0,16,162.5,5,1,2022-08-25 09:06:34
1661418396340982000,162.0,2,162.0,14,162.5,7,2,2022-08-25 09:06:36
1661418396937759000,162.5,1,162.0,14,162.5,6,1,2022-08-25 09:06:36
1661418397186373000,162.5,1,162.0,14,162.5,2,1,2022-08-25 09:06:37
1661418398521351000,162.5,1,162.0,15,162.5,1,1,2022-08-25 09:06:38
1661418398583020000,162.5,1,162.0,15,162.5,2,1,2022-08-25 09:06:38
1661418400566055000,162.5,6,162.0,15,163.0,21,2,2022-08-25 09:06:40
1661418403539806000,162.5,1,162.0,17,162.5,13,1,2022-08-25 09:06:43
1661418404920647000,162.5,1,162.0,17,162.5,12,1,2022-08-25 09:06:44
1661418407412304000,162.5,5,162.0,19,162.5,8,1,2022-08-25 09:06:47
1661418408100578000,162.5,1,162.0,19,162.5,7,1,2022-08-25 09:06:48
1661418408899042000,162.5,1,162.0,19,162.5,6,1,2022-08-25 09:06:48
1661418409466430000,162.5,1,162.0,19,162.5,7,1,2022-08-25 09:06:49
1661418409479589000,162.5,1,162.0,19,162.5,6,1,2022-08-25 09:06:49
1661418409799389000,162.5,1,162.0,19,162.5,5,1,2022-08-25 09:06:49
1661418411577383000,162.5,1,162.0,29,162.5,5,1,2022-08-25 09:06:51
1661418412080257000,162.5,1,162.0,29,162.5,3,1,2022-08-25 09:06:52
1661418412871554000,162.5,1,162.0,29,162.5,4,1,2022-08-25 09:06:52
1661418414080068000,162.5,4,162.0,29,163.0,20,1,2022-08-25 09:06:54
1661418416505409000,162.5,1,162.5,5,163.0,17,2,2022-08-25 09:06:56
1661418416656264000,162.5,1,162.5,4,163.0,17,2,2022-08-25 09:06:56
1661418420731311000,162.5,1,162.5,5,163.0,17,2,2022-08-25 09:07:00
1661418420872232000,162.5,5,162.0,33,163.0,17,2,2022-08-25 09:07:00
1661418421190220000,162.5,1,162.0,33,162.5,5,1,2022-08-25 09:07:01
1661418421775478000,162.5,1,162.0,33,162.5,1,1,2022-08-25 09:07:01
1661418422117140000,162.5,1,162.0,33,162.5,1,1,2022-08-25 09:07:02
1661418422903676000,162.5,1,162.0,33,162.5,4,1,2022-08-25 09:07:02
1661418425279781000,162.5,1,162.0,33,162.5,4,1,2022-08-25 09:07:05
1661418425524532000,162.5,1,162.0,33,162.5,3,1,2022-08-25 09:07:05
1661418426693839000,162.5,2,162.0,33,162.5,1,1,2022-08-25 09:07:06
1661418426814103000,162.5,1,162.0,33,163.0,22,1,2022-08-25 09:07:06
1661418428428555000,162.5,1,162.0,32,162.5,1,1,2022-08-25 09:07:08
1661418429441047000,162.5,1,162.0,31,163.0,17,1,2022-08-25 09:07:09
1661418435290155000,162.5,2,162.0,32,162.5,1,2,2022-08-25 09:07:15
1661418439101293000,162.5,1,162.0,32,163.0,18,1,2022-08-25 09:07:19
1661418440958028000,162.5,1,162.0,32,162.5,2,1,2022-08-25 09:07:20
1661418442282670000,162.5,1,162.0,33,162.5,1,1,2022-08-25 09:07:22
1661418446189416000,162.5,1,162.0,33,162.5,8,1,2022-08-25 09:07:26
1661418448348128000,162.5,1,162.0,33,162.5,9,1,2022-08-25 09:07:28
1661418449426747000,162.5,1,162.0,32,162.5,12,1,2022-08-25 09:07:29
1661418456664409000,162.5,1,162.0,29,162.5,13,1,2022-08-25 09:07:36
1661418458385790000,162.5,1,162.0,29,162.5,11,1,2022-08-25 09:07:38
1661418458946220000,162.5,1,162.0,29,162.5,10,1,2022-08-25 09:07:38
1661418459607046000,162.0,1,162.0,29,162.5,10,2,2022-08-25 09:07:39
1661418462590082000,162.0,3,162.0,24,162.5,10,2,2022-08-25 09:07:42
1661418470741351000,162.0,3,162.0,23,162.5,12,2,2022-08-25 09:07:50
1661418472621585000,162.0,1,162.0,23,162.5,12,2,2022-08-25 09:07:52
1661418473327109000,162.0,1,162.0,22,162.5,12,2,2022-08-25 09:07:53
1661418473606298000,162.0,1,162.0,21,162.5,12,2,2022-08-25 09:07:53
1661418474042537000,162.0,1,162.0,20,162.5,12,2,2022-08-25 09:07:54
1661418474701377000,162.0,5,162.0,15,162.5,12,2,2022-08-25 09:07:54
1661418479193325000,162.0,1,162.0,16,162.5,14,2,2022-08-25 09:07:59
1661418480214286000,162.5,1,162.0,16,162.5,8,1,2022-08-25 09:08:00
1661418490830563000,162.5,4,162.0,16,162.5,4,1,2022-08-25 09:08:10
1661418490984812000,162.0,16,161.5,26,162.0,7,2,2022-08-25 09:08:10
1661418493369753000,162.0,1,161.5,26,162.0,8,1,2022-08-25 09:08:13
1661418496642305000,162.0,2,161.5,26,162.0,6,1,2022-08-25 09:08:16
1661418498082737000,161.5,1,161.5,26,162.0,6,2,2022-08-25 09:08:18
1661418498708131000,162.0,1,161.5,26,162.0,5,1,2022-08-25 09:08:18
1661418498784284000,162.0,1,161.5,26,162.0,4,1,2022-08-25 09:08:18
1661418499871436000,162.0,3,161.5,36,162.0,1,1,2022-08-25 09:08:19
1661418504319384000,162.0,1,161.5,36,162.0,1,1,2022-08-25 09:08:24
1661418505584430000,162.0,1,161.5,36,162.5,14,1,2022-08-25 09:08:25
1661418507079233000,162.0,1,161.5,38,162.5,14,2,2022-08-25 09:08:27
1661418510314871000,162.5,2,162.0,4,162.5,13,1,2022-08-25 09:08:30
1661418513909612000,162.0,1,162.0,3,162.5,14,2,2022-08-25 09:08:33
1661418518235270000,162.0,1,162.0,3,162.5,14,2,2022-08-25 09:08:38
1661418545735988000,162.0,1,162.0,5,162.5,14,2,2022-08-25 09:09:05
1661418546694409000,162.0,3,162.0,3,162.5,14,2,2022-08-25 09:09:06
1661418549912498000,162.0,1,162.0,3,162.5,14,2,2022-08-25 09:09:09
1661418555764033000,162.0,1,162.0,9,162.5,3,2,2022-08-25 09:09:15
1661418557277249000,162.0,1,162.0,5,162.5,3,2,2022-08-25 09:09:17
1661418558109050000,162.0,5,161.5,45,162.5,3,2,2022-08-25 09:09:18
1661418562104505000,162.0,1,161.5,45,162.0,2,1,2022-08-25 09:09:22
1661418563215122000,162.0,2,161.5,45,162.5,3,1,2022-08-25 09:09:23
1661418567980257000,162.5,1,162.0,1,162.5,4,1,2022-08-25 09:09:27
1661418574358900000,162.0,1,162.0,10,162.5,4,2,2022-08-25 09:09:34
1661418587193251000,162.5,2,162.0,19,162.5,4,1,2022-08-25 09:09:47
1661418587742411000,162.0,1,162.0,19,162.5,4,2,2022-08-25 09:09:47
1661418591170195000,162.0,1,162.0,19,162.5,4,2,2022-08-25 09:09:51
1661418611951683000,162.0,1,162.0,19,162.5,7,2,2022-08-25 09:10:11
1661418613141053000,162.0,2,162.0,16,162.5,7,2,2022-08-25 09:10:13
1661418621379457000,162.0,1,162.0,15,162.5,6,2,2022-08-25 09:10:21
1661418631576982000,162.0,18,161.5,51,162.0,2,2,2022-08-25 09:10:31
1661418631815009000,162.0,1,161.5,49,162.0,1,1,2022-08-25 09:10:31
1661418635413073000,162.0,1,161.5,54,162.0,1,1,2022-08-25 09:10:35
1661418639026358000,162.0,1,161.5,55,162.0,1,1,2022-08-25 09:10:39
1661418640012545000,162.0,2,161.5,55,162.0,4,1,2022-08-25 09:10:40
1661418640041903000,162.0,2,161.5,55,162.5,12,1,2022-08-25 09:10:40
1661418640668606000,162.5,2,162.0,2,162.5,12,1,2022-08-25 09:10:40
1661418641740718000,162.0,1,162.0,1,162.5,12,2,2022-08-25 09:10:41
1661418647782037000,162.0,1,162.0,8,162.5,5,2,2022-08-25 09:10:47
1661418651688048000,162.0,1,162.0,10,162.5,5,2,2022-08-25 09:10:51
1661418652638827000,162.5,1,162.0,10,162.5,5,1,2022-08-25 09:10:52
1661418652786060000,162.0,2,162.0,8,162.5,5,2,2022-08-25 09:10:52
1661418667256659000,162.5,1,162.0,11,162.5,5,1,2022-08-25 09:11:07
1661418669733327000,162.0,1,162.0,20,162.5,5,2,2022-08-25 09:11:09
1661418671110849000,162.5,1,162.0,20,162.5,4,1,2022-08-25 09:11:11
1661418672791893000,162.0,20,162.0,2,162.5,5,2,2022-08-25 09:11:12
1661418673105938000,162.5,1,162.0,2,162.5,4,1,2022-08-25 09:11:13
1661418675489052000,162.0,2,162.0,1,162.5,4,2,2022-08-25 09:11:15
1661418678325709000,162.5,1,162.0,3,162.5,3,1,2022-08-25 09:11:18
1661418678700892000,162.5,3,162.5,2,163.0,13,1,2022-08-25 09:11:18
1661418679497271000,162.5,1,162.5,1,163.0,13,2,2022-08-25 09:11:19
1661418687429185000,162.5,3,162.5,1,163.0,13,2,2022-08-25 09:11:27
1661418687972499000,162.5,1,162.0,15,163.0,13,2,2022-08-25 09:11:27
1661418689222506000,162.5,1,162.5,1,163.0,13,2,2022-08-25 09:11:29
1661418698077217000,162.5,1,162.5,7,163.0,20,2,2022-08-25 09:11:38
1661418699384007000,162.5,1,162.5,9,163.0,20,2,2022-08-25 09:11:39
1661418703200743000,162.5,3,162.5,7,163.0,20,2,2022-08-25 09:11:43
1661418709080771000,163.0,5,162.5,9,163.0,15,1,2022-08-25 09:11:49
1661418715815648000,163.0,15,162.5,12,163.5,29,1,2022-08-25 09:11:55
1661418727224428000,163.5,2,163.0,13,163.5,25,1,2022-08-25 09:12:07
1661418727255288000,163.5,13,163.0,13,163.5,12,1,2022-08-25 09:12:07
1661418732336186000,163.5,1,163.0,18,163.5,12,1,2022-08-25 09:12:12
1661418732913301000,163.5,1,163.0,18,163.5,10,1,2022-08-25 09:12:12
1661418733104856000,163.5,1,163.0,18,163.5,9,1,2022-08-25 09:12:13
1661418738057780000,163.0,1,163.0,21,163.5,9,2,2022-08-25 09:12:18
1661418738525194000,163.5,1,163.0,21,163.5,8,1,2022-08-25 09:12:18
1661418738754196000,163.5,8,163.5,2,164.0,47,1,2022-08-25 09:12:18
1661418740288183000,163.5,3,163.0,21,163.5,2,2,2022-08-25 09:12:20
1661418742207255000,163.5,1,163.0,21,163.5,1,1,2022-08-25 09:12:22
1661418742219229000,163.5,1,163.0,20,164.0,48,1,2022-08-25 09:12:22
1661418745280796000,163.5,4,163.0,22,163.5,1,2,2022-08-25 09:12:25
1661418746546818000,163.5,1,163.0,23,164.0,47,1,2022-08-25 09:12:26
1661418747558168000,163.5,1,163.5,1,164.0,44,2,2022-08-25 09:12:27
1661418747627317000,163.5,1,163.0,21,163.5,4,2,2022-08-25 09:12:27
1661418748239553000,163.5,1,163.0,14,163.5,3,1,2022-08-25 09:12:28
1661418748309139000,163.5,3,163.0,14,164.0,44,1,2022-08-25 09:12:28
1661418749977719000,164.0,3,163.0,18,164.0,41,1,2022-08-25 09:12:29
1661418750016910000,164.0,12,163.0,18,164.0,29,1,2022-08-25 09:12:30
1661418756054983000,164.0,3,163.5,9,164.0,13,1,2022-08-25 09:12:36
1661418756402073000,163.5,1,163.5,8,164.0,13,2,2022-08-25 09:12:36
1661418756824404000,164.0,2,163.5,10,164.0,11,1,2022-08-25 09:12:36
1661418756858710000,164.0,11,163.5,10,164.5,26,1,2022-08-25 09:12:36
1661418756972086000,164.0,1,164.0,1,164.5,26,2,2022-08-25 09:12:36
1661418761281278000,164.0,2,163.5,16,164.0,8,2,2022-08-25 09:12:41
1661418761285977000,164.0,4,163.5,16,164.0,4,1,2022-08-25 09:12:41
1661418761916270000,164.0,1,163.5,17,164.0,3,1,2022-08-25 09:12:41
1661418762376947000,164.0,1,163.5,17,164.0,2,1,2022-08-25 09:12:42
1661418762414508000,164.0,2,163.5,17,164.5,16,1,2022-08-25 09:12:42
1661418762514306000,164.5,1,163.5,17,164.5,17,1,2022-08-25 09:12:42
1661418763824730000,164.5,1,163.5,17,164.5,16,1,2022-08-25 09:12:43
1661418767744342000,164.5,1,164.0,1,164.5,15,1,2022-08-25 09:12:47
1661418768628242000,164.5,1,164.0,1,164.5,12,1,2022-08-25 09:12:48
1661418770986968000,164.0,1,163.5,20,164.5,12,2,2022-08-25 09:12:50
1661418771053835000,164.5,2,163.5,20,164.5,10,1,2022-08-25 09:12:51
1661418773893254000,164.5,1,164.0,2,164.5,9,1,2022-08-25 09:12:53
1661418778042610000,164.0,1,164.0,19,164.5,15,2,2022-08-25 09:12:58
1661418778692488000,164.0,2,164.0,17,164.5,15,2,2022-08-25 09:12:58
1661418783464851000,164.0,1,164.0,21,164.5,15,2,2022-08-25 09:13:03
1661418786077342000,164.0,1,164.0,23,164.5,14,2,2022-08-25 09:13:06
1661418789177915000,164.0,1,164.0,24,164.5,14,2,2022-08-25 09:13:09
1661418790046378000,164.5,1,164.0,24,164.5,13,1,2022-08-25 09:13:10
1661418794556156000,164.0,1,164.0,30,164.5,13,2,2022-08-25 09:13:14
1661418796175183000,164.5,1,164.0,30,164.5,12,1,2022-08-25 09:13:16
1661418797890732000,164.0,1,164.0,29,164.5,12,2,2022-08-25 09:13:17
1661418799164817000,164.5,1,164.0,30,164.5,11,1,2022-08-25 09:13:19
1661418806424849000,164.5,1,164.0,35,164.5,12,1,2022-08-25 09:13:26
1661418806717538000,164.5,4,164.0,35,164.5,8,1,2022-08-25 09:13:26
1661418808150071000,164.5,8,164.5,2,165.0,41,1,2022-08-25 09:13:28
1661418810495802000,164.5,3,164.0,36,165.0,41,2,2022-08-25 09:13:30
1661418812163722000,165.0,1,164.5,1,165.0,38,1,2022-08-25 09:13:32
1661418818222330000,165.0,1,164.5,3,165.0,37,1,2022-08-25 09:13:38
1661418818415381000,165.0,2,164.5,3,165.0,35,1,2022-08-25 09:13:38
1661418818525540000,165.0,1,164.5,3,165.0,34,1,2022-08-25 09:13:38
1661418820094898000,164.5,2,164.5,8,165.0,33,2,2022-08-25 09:13:40
1661418820637628000,165.0,10,164.5,3,165.0,23,1,2022-08-25 09:13:40
1661418820671761000,165.0,12,164.5,3,165.0,11,1,2022-08-25 09:13:40
1661418821295321000,165.0,11,164.5,8,165.5,6,1,2022-08-25 09:13:41
1661418821295321000,165.5,9,164.5,8,165.5,6,1,2022-08-25 09:13:41
1661418821791655000,165.5,1,165.0,6,165.5,5,1,2022-08-25 09:13:41
1661418825658679000,165.5,1,165.0,10,165.5,4,1,2022-08-25 09:13:45
1661418825690076000,165.5,4,165.0,10,166.0,66,1,2022-08-25 09:13:45
1661418825971263000,165.5,1,165.0,10,166.0,48,2,2022-08-25 09:13:45
1661418826142435000,166.0,1,165.0,10,166.0,47,1,2022-08-25 09:13:46
1661418829472172000,166.0,1,165.5,9,166.0,45,1,2022-08-25 09:13:49
1661418829671518000,166.0,2,165.5,9,166.0,43,1,2022-08-25 09:13:49
1661418830180948000,166.0,1,165.5,10,166.0,40,1,2022-08-25 09:13:50
1661418831045868000,166.0,1,165.5,10,166.0,39,1,2022-08-25 09:13:51
1661418831062317000,166.0,1,165.5,10,166.0,38,1,2022-08-25 09:13:51
1661418831063841000,166.0,2,165.5,10,166.0,36,1,2022-08-25 09:13:51
1661418831089677000,166.0,12,165.5,10,166.0,24,1,2022-08-25 09:13:51
1661418831538756000,166.0,1,165.5,11,166.0,23,1,2022-08-25 09:13:51
1661418831571937000,166.0,1,165.5,11,166.0,22,1,2022-08-25 09:13:51
1661418831595296000,166.0,4,165.5,11,166.0,24,1,2022-08-25 09:13:51
1661418831668792000,166.0,10,165.5,11,166.0,8,1,2022-08-25 09:13:51
1661418831698489000,166.0,8,165.5,11,166.5,15,1,2022-08-25 09:13:51
1661418831929469000,166.5,5,165.5,13,166.5,10,1,2022-08-25 09:13:51
1661418835536782000,166.0,2,166.0,2,166.5,9,2,2022-08-25 09:13:55
1661418835630009000,166.5,1,166.0,4,166.5,9,1,2022-08-25 09:13:55
1661418835843932000,166.5,1,166.0,2,166.5,7,1,2022-08-25 09:13:55
1661418835928089000,166.5,1,166.0,2,166.5,6,1,2022-08-25 09:13:55
1661418837210237000,166.5,1,166.0,2,166.5,3,1,2022-08-25 09:13:57
1661418837385733000,166.5,1,166.0,3,166.5,4,1,2022-08-25 09:13:57
1661418840042627000,166.5,3,166.5,2,167.0,29,1,2022-08-25 09:14:00
1661418842220817000,166.5,3,166.5,1,167.0,16,2,2022-08-25 09:14:02
1661418843322889000,166.5,1,166.0,8,167.0,16,2,2022-08-25 09:14:03
1661418843768728000,167.0,1,166.0,8,167.0,15,1,2022-08-25 09:14:03
1661418845805797000,166.5,1,166.5,2,167.0,11,2,2022-08-25 09:14:05
1661418846704649000,166.5,3,166.0,8,167.0,17,2,2022-08-25 09:14:06
1661418847461969000,167.0,2,166.0,8,167.0,15,1,2022-08-25 09:14:07
1661418852037265000,167.0,1,166.5,3,167.0,15,1,2022-08-25 09:14:12
1661418852055293000,166.5,1,166.5,3,167.0,16,2,2022-08-25 09:14:12
1661418852521016000,166.5,2,166.0,11,166.5,3,2,2022-08-25 09:14:12
1661418854936962000,166.5,3,166.0,11,166.5,7,1,2022-08-25 09:14:14
1661418855255644000,166.5,1,166.0,11,166.5,6,1,2022-08-25 09:14:15
1661418857013144000,166.5,1,166.0,11,166.5,6,1,2022-08-25 09:14:17
1661418857242568000,166.0,11,165.5,15,166.0,9,2,2022-08-25 09:14:17
1661418857363977000,165.5,1,165.5,12,166.0,9,2,2022-08-25 09:14:17
1661418858413934000,166.0,1,165.5,12,166.0,9,1,2022-08-25 09:14:18
1661418862500185000,166.0,1,165.5,15,166.0,10,1,2022-08-25 09:14:22
1661418864159820000,166.0,1,165.5,12,166.0,15,1,2022-08-25 09:14:24
1661418864192625000,165.5,5,165.5,6,166.0,14,2,2022-08-25 09:14:24
1661418864225187000,165.5,4,165.5,2,166.0,14,2,2022-08-25 09:14:24
1661418865248520000,166.0,1,165.5,2,166.0,13,1,2022-08-25 09:14:25
1661418866237811000,166.0,1,165.5,3,166.0,12,1,2022-08-25 09:14:26
1661418866397797000,166.0,1,165.5,3,166.0,11,1,2022-08-25 09:14:26
1661418868000012000,166.0,5,165.5,3,166.0,7,1,2022-08-25 09:14:28
1661418869243764000,166.0,1,165.5,3,166.0,6,1,2022-08-25 09:14:29
1661418870185342000,166.0,1,165.5,5,166.0,7,1,2022-08-25 09:14:30
1661418870673429000,165.5,2,165.5,8,166.0,3,2,2022-08-25 09:14:30
1661418870763465000,166.0,1,165.5,6,166.0,2,1,2022-08-25 09:14:30
1661418873449770000,166.0,1,165.5,7,166.0,2,1,2022-08-25 09:14:33
1661418873457179000,166.0,1,165.5,7,166.0,1,1,2022-08-25 09:14:33
1661418873521993000,166.0,1,165.5,7,166.0,2,1,2022-08-25 09:14:33
1661418874963899000,166.0,1,165.5,7,166.0,2,1,2022-08-25 09:14:34
1661418877193375000,166.0,1,165.5,7,166.5,19,1,2022-08-25 09:14:37
1661418877412458000,165.5,1,165.5,8,166.5,18,2,2022-08-25 09:14:37
1661418878936024000,166.0,1,165.5,8,166.5,17,1,2022-08-25 09:14:38
1661418878936024000,166.5,1,165.5,8,166.5,17,1,2022-08-25 09:14:38
1661418882647105000,166.0,2,165.5,11,166.0,2,1,2022-08-25 09:14:42
1661418884060513000,166.0,1,165.5,12,166.0,2,1,2022-08-25 09:14:44
1661418884164119000,165.5,1,165.5,11,166.0,3,2,2022-08-25 09:14:44
1661418884773668000,166.0,6,165.5,11,166.0,4,1,2022-08-25 09:14:44
1661418885708758000,166.0,1,165.5,11,166.0,4,1,2022-08-25 09:14:45
1661418890891978000,166.0,3,166.0,3,166.5,21,2,2022-08-25 09:14:50
1661418895092252000,166.0,3,166.0,3,166.5,21,2,2022-08-25 09:14:55
1661418896457087000,166.5,1,166.0,2,166.5,20,1,2022-08-25 09:14:56
1661418896762497000,166.0,2,165.5,13,166.5,23,2,2022-08-25 09:14:56
1661418898056509000,166.0,1,166.0,1,166.5,24,2,2022-08-25 09:14:58
1661418899689366000,166.0,1,165.5,14,166.5,24,2,2022-08-25 09:14:59
1661418900750785000,166.5,1,165.5,14,166.5,23,1,2022-08-25 09:15:00
1661418902089057000,166.0,1,165.5,14,166.0,8,1,2022-08-25 09:15:02
1661418902541407000,166.0,1,165.5,14,166.0,7,1,2022-08-25 09:15:02
1661418904085673000,166.0,1,165.5,14,166.0,7,1,2022-08-25 09:15:04
1661418904437643000,166.0,5,165.5,14,166.0,2,1,2022-08-25 09:15:04
1661418906709475000,166.0,1,165.5,14,166.0,2,1,2022-08-25 09:15:06
1661418911102919000,166.0,1,165.5,14,166.5,24,1,2022-08-25 09:15:11
1661418914611584000,166.0,1,165.5,18,166.5,24,2,2022-08-25 09:15:14
1661418917340066000,166.5,1,165.5,18,166.5,23,1,2022-08-25 09:15:17
1661418925775997000,166.5,1,165.5,19,166.5,22,1,2022-08-25 09:15:25
1661418929189961000,166.5,5,165.5,19,166.5,17,1,2022-08-25 09:15:29
1661418936401266000,166.5,1,166.0,3,166.5,16,1,2022-08-25 09:15:36
1661418937295430000,166.5,2,166.0,3,166.5,14,1,2022-08-25 09:15:37
1661418937788938000,166.0,1,166.0,3,166.5,14,2,2022-08-25 09:15:37
1661418940213055000,166.5,3,166.0,4,166.5,11,1,2022-08-25 09:15:40
1661418947490469000,166.5,5,166.0,4,166.5,7,1,2022-08-25 09:15:47
1661418953507582000,166.5,1,166.0,6,166.5,7,1,2022-08-25 09:15:53
1661418953728621000,166.0,1,166.0,5,166.5,7,2,2022-08-25 09:15:53
1661418959396556000,166.0,1,166.0,5,166.5,9,2,2022-08-25 09:15:59
1661418962051926000,166.0,1,166.0,8,166.5,9,2,2022-08-25 09:16:02
1661418968448457000,166.5,1,166.0,14,166.5,9,1,2022-08-25 09:16:08
1661418972770922000,166.5,3,166.0,14,166.5,5,1,2022-08-25 09:16:12
1661418973447702000,166.5,2,166.0,14,166.5,3,1,2022-08-25 09:16:13
1661418981148640000,166.5,1,166.0,13,166.5,11,1,2022-08-25 09:16:21
1661418982511726000,166.5,1,166.0,13,166.5,10,1,2022-08-25 09:16:22
1661418987853247000,166.5,1,166.0,14,166.5,10,1,2022-08-25 09:16:27
1661418993541760000,166.0,5,166.0,8,166.5,12,2,2022-08-25 09:16:33
1661418998551932000,166.5,2,166.0,9,166.5,13,1,2022-08-25 09:16:38
1661418999450206000,166.0,1,166.0,8,166.5,13,2,2022-08-25 09:16:39
1661419000378855000,166.5,10,166.0,8,166.5,3,1,2022-08-25 09:16:40
1661419005340552000,166.5,1,166.0,13,167.0,35,1,2022-08-25 09:16:45
1661419010216225000,166.5,1,166.0,16,167.0,36,2,2022-08-25 09:16:50
1661419011691353000,166.5,1,166.5,2,167.0,36,2,2022-08-25 09:16:51
1661419017510377000,166.5,1,166.5,2,167.0,36,2,2022-08-25 09:16:57
1661419019470271000,166.5,1,166.5,3,167.0,36,2,2022-08-25 09:16:59
1661419021126640000,167.0,1,166.5,7,167.0,35,1,2022-08-25 09:17:01
1661419021326730000,167.0,5,166.5,9,167.0,26,1,2022-08-25 09:17:01
1661419028149988000,167.0,1,166.5,13,167.0,23,1,2022-08-25 09:17:08
1661419030345509000,167.0,1,166.5,14,167.0,22,1,2022-08-25 09:17:10
1661419032586666000,167.0,1,166.5,14,167.0,21,1,2022-08-25 09:17:12
1661419033447658000,167.0,1,166.5,14,167.0,20,1,2022-08-25 09:17:13
1661419036162406000,167.0,1,166.5,13,167.0,19,1,2022-08-25 09:17:16
1661419039297347000,167.0,1,166.5,14,167.0,18,1,2022-08-25 09:17:19
1661419042577517000,167.0,1,166.5,14,167.0,17,1,2022-08-25 09:17:22
1661419045043149000,167.0,1,166.5,15,167.0,16,1,2022-08-25 09:17:25
1661419049567254000,167.0,1,166.5,15,167.0,14,1,2022-08-25 09:17:29
1661419050511237000,167.0,1,166.5,14,167.0,13,1,2022-08-25 09:17:30
1661419052470919000,167.0,4,166.5,19,167.0,13,1,2022-08-25 09:17:32
1661419055827381000,167.0,1,166.5,22,167.0,15,1,2022-08-25 09:17:35
1661419056259290000,167.0,1,166.5,22,167.0,14,1,2022-08-25 09:17:36
1661419056411333000,167.0,7,166.5,22,167.0,8,1,2022-08-25 09:17:36
1661419057398115000,167.0,1,166.5,22,167.0,7,1,2022-08-25 09:17:37
1661419058763818000,166.5,1,166.5,22,167.0,7,2,2022-08-25 09:17:38
1661419065563118000,166.5,18,166.0,23,166.5,3,2,2022-08-25 09:17:45
1661419068176289000,166.5,5,166.0,21,166.5,2,1,2022-08-25 09:17:48
1661419071572912000,166.5,1,166.0,21,166.5,4,1,2022-08-25 09:17:51
1661419071723352000,166.5,1,166.0,21,166.5,3,1,2022-08-25 09:17:51
1661419073345381000,166.5,1,166.0,21,166.5,2,1,2022-08-25 09:17:53
1661419076410768000,166.5,1,166.0,21,166.5,4,1,2022-08-25 09:17:56
1661419078788795000,166.5,2,166.0,20,166.5,2,1,2022-08-25 09:17:58
1661419080132487000,166.0,2,166.0,18,166.5,4,2,2022-08-25 09:18:00
1661419082613389000,166.5,1,166.0,18,166.5,3,1,2022-08-25 09:18:02
1661419082851482000,166.5,1,166.0,18,166.5,2,1,2022-08-25 09:18:02
1661419082990934000,166.5,1,166.0,18,166.5,1,1,2022-08-25 09:18:02
1661419083599105000,166.5,2,166.0,18,166.5,2,1,2022-08-25 09:18:03
1661419089010352000,166.5,1,166.0,20,166.5,7,1,2022-08-25 09:18:09
1661419091228906000,166.5,1,166.0,20,166.5,6,1,2022-08-25 09:18:11
1661419092449536000,166.0,1,166.0,19,166.5,10,2,2022-08-25 09:18:12
1661419098173135000,166.0,3,166.0,22,166.5,14,2,2022-08-25 09:18:18
1661419098640713000,166.5,2,166.0,22,166.5,12,1,2022-08-25 09:18:18
1661419105047932000,166.0,1,166.0,22,166.5,17,2,2022-08-25 09:18:25
1661419105589644000,166.5,5,166.0,22,166.5,13,1,2022-08-25 09:18:25
1661419106836810000,166.5,1,166.0,22,166.5,12,1,2022-08-25 09:18:26
1661419108752769000,166.0,20,166.0,2,166.5,14,2,2022-08-25 09:18:28
1661419114596882000,166.0,1,166.0,1,166.5,16,2,2022-08-25 09:18:34
1661419114812982000,166.0,1,165.5,15,166.5,16,2,2022-08-25 09:18:34
1661419117019901000,166.0,1,165.5,13,166.0,5,1,2022-08-25 09:18:37
1661419122612392000,166.0,5,165.5,13,166.0,2,1,2022-08-25 09:18:42
1661419126074633000,166.0,1,165.5,13,166.0,7,1,2022-08-25 09:18:46
1661419128676842000,166.0,2,165.5,13,166.0,6,1,2022-08-25 09:18:48
1661419132608860000,165.5,5,165.5,9,166.0,9,2,2022-08-25 09:18:52
1661419136531271000,165.5,1,165.5,7,166.0,14,2,2022-08-25 09:18:56
1661419139314367000,165.5,4,165.5,3,166.0,14,2,2022-08-25 09:18:59
1661419142377775000,165.5,3,165.0,19,166.0,17,2,2022-08-25 09:19:02
1661419144867432000,165.5,1,165.0,19,166.0,18,2,2022-08-25 09:19:04
1661419151175103000,165.5,1,165.0,20,165.5,2,1,2022-08-25 09:19:11
1661419156881193000,165.0,2,165.0,17,165.5,5,2,2022-08-25 09:19:16
1661419164841787000,165.0,1,165.0,16,165.5,7,2,2022-08-25 09:19:24
1661419167812060000,165.0,2,165.0,13,165.5,13,2,2022-08-25 09:19:27
1661419168240170000,165.0,10,165.0,3,165.5,13,2,2022-08-25 09:19:28
1661419170608571000,165.0,1,165.0,2,165.5,14,2,2022-08-25 09:19:30
1661419171511479000,165.0,2,164.5,21,165.5,14,2,2022-08-25 09:19:31
1661419172195512000,165.5,1,165.0,2,165.5,13,1,2022-08-25 09:19:32
1661419172251149000,165.0,1,165.0,1,165.5,13,2,2022-08-25 09:19:32
1661419172679573000,165.0,1,164.5,19,165.5,13,2,2022-08-25 09:19:32
1661419175138840000,165.0,1,164.5,19,165.0,1,1,2022-08-25 09:19:35
1661419193881819000,164.5,1,164.5,14,165.0,13,2,2022-08-25 09:19:53
1661419196599383000,164.5,1,164.5,14,165.0,14,2,2022-08-25 09:19:56
1661419199485683000,164.5,3,164.5,10,165.0,14,2,2022-08-25 09:19:59
1661419201832096000,164.5,1,164.5,9,165.0,14,2,2022-08-25 09:20:01
1661419203420173000,164.5,1,164.5,8,165.0,14,2,2022-08-25 09:20:03
1661419206891228000,164.5,1,164.5,9,165.0,14,2,2022-08-25 09:20:06
1661419207617436000,164.5,1,164.5,7,165.0,14,2,2022-08-25 09:20:07
1661419207922863000,164.5,7,164.0,80,165.0,14,2,2022-08-25 09:20:07
1661419209318395000,164.0,1,164.0,77,164.5,2,2,2022-08-25 09:20:09
1661419213665991000,164.0,25,164.0,52,164.5,6,2,2022-08-25 09:20:13
1661419217803943000,164.0,1,164.0,31,164.5,6,2,2022-08-25 09:20:17
1661419218084159000,164.0,1,164.0,31,164.5,7,2,2022-08-25 09:20:18
1661419224874646000,164.0,2,164.0,30,164.5,7,2,2022-08-25 09:20:24
1661419231073508000,164.0,1,164.0,23,164.5,13,2,2022-08-25 09:20:31
1661419232088451000,164.0,1,164.0,22,164.5,13,2,2022-08-25 09:20:32
1661419233374070000,164.0,2,164.0,20,164.5,16,2,2022-08-25 09:20:33
1661419235367739000,164.0,1,164.0,19,164.5,16,2,2022-08-25 09:20:35
1661419235796314000,164.0,10,164.0,9,164.5,16,2,2022-08-25 09:20:35
1661419237622044000,164.0,1,164.0,10,164.5,16,2,2022-08-25 09:20:37
1661419237955460000,164.0,3,164.0,6,164.5,16,2,2022-08-25 09:20:37
1661419240535504000,164.0,5,164.0,1,164.5,16,2,2022-08-25 09:20:40
1661419242914813000,164.0,1,163.5,20,164.5,16,2,2022-08-25 09:20:42
1661419244197246000,163.5,1,163.5,24,164.0,3,2,2022-08-25 09:20:44
1661419244309394000,164.0,1,163.5,17,164.0,5,1,2022-08-25 09:20:44
1661419245805181000,164.0,1,163.5,17,164.0,7,1,2022-08-25 09:20:45
1661419246935480000,164.0,1,163.5,17,164.0,6,1,2022-08-25 09:20:46
1661419253287025000,164.0,1,163.5,17,164.0,11,1,2022-08-25 09:20:53
1661419262711682000,164.0,1,163.5,16,164.0,17,1,2022-08-25 09:21:02
1661419271010540000,163.5,1,163.5,16,164.0,17,2,2022-08-25 09:21:11
1661419277886130000,163.5,2,163.5,14,164.0,17,2,2022-08-25 09:21:17
1661419278952570000,163.5,1,163.5,13,164.0,17,2,2022-08-25 09:21:18
1661419280302052000,163.5,1,163.5,12,164.0,16,2,2022-08-25 09:21:20
1661419284950394000,163.5,4,163.5,8,164.0,16,2,2022-08-25 09:21:24
1661419287579794000,163.5,1,163.5,9,164.0,15,2,2022-08-25 09:21:27
1661419288406395000,163.5,1,163.5,9,164.0,15,2,2022-08-25 09:21:28
1661419288717572000,163.5,2,163.5,7,164.0,15,2,2022-08-25 09:21:28
1661419288953496000,164.0,1,163.5,7,164.0,14,1,2022-08-25 09:21:28
1661419292137474000,163.5,1,163.5,7,164.0,14,2,2022-08-25 09:21:32
1661419292900501000,163.5,1,163.5,6,164.0,14,2,2022-08-25 09:21:32
1661419292961648000,163.5,1,163.5,5,164.0,14,2,2022-08-25 09:21:32
1661419298571085000,163.5,1,163.5,6,164.0,14,2,2022-08-25 09:21:38
1661419299265010000,163.5,1,163.5,5,164.0,14,2,2022-08-25 09:21:39
1661419300346290000,163.5,2,163.5,3,164.0,14,2,2022-08-25 09:21:40
1661419300788755000,163.5,1,163.5,2,164.0,14,2,2022-08-25 09:21:40
1661419305539891000,164.0,1,163.5,7,164.0,14,1,2022-08-25 09:21:45
1661419310414724000,163.5,3,163.0,41,163.5,2,2,2022-08-25 09:21:50
1661419319198156000,163.5,1,163.0,47,163.5,2,1,2022-08-25 09:21:59
1661419320194361000,163.0,5,163.0,42,163.5,2,2,2022-08-25 09:22:00
1661419324515227000,163.5,1,163.0,41,163.5,2,1,2022-08-25 09:22:04
1661419330223420000,163.5,2,163.0,41,164.0,14,1,2022-08-25 09:22:10
1661419330438160000,163.5,1,163.5,1,164.0,14,2,2022-08-25 09:22:10
1661419330438160000,163.0,4,163.5,1,164.0,14,2,2022-08-25 09:22:10
1661419349551869000,163.5,1,163.5,2,164.0,17,2,2022-08-25 09:22:29
1661419357643020000,163.5,2,163.0,47,163.5,3,2,2022-08-25 09:22:37
1661419360624350000,163.0,2,163.0,46,163.5,3,2,2022-08-25 09:22:40
1661419361366808000,163.0,1,163.0,43,163.5,4,2,2022-08-25 09:22:41
1661419372582971000,163.0,1,163.0,41,163.5,7,2,2022-08-25 09:22:52
1661419378370625000,163.0,5,163.0,40,163.5,8,2,2022-08-25 09:22:58
1661419396403498000,163.5,1,163.0,39,163.5,7,1,2022-08-25 09:23:16
1661419402432901000,163.0,1,163.0,38,163.5,7,2,2022-08-25 09:23:22
1661419411078203000,163.5,2,163.0,39,163.5,5,1,2022-08-25 09:23:31
1661419417455339000,163.5,4,163.0,47,164.0,16,1,2022-08-25 09:23:37
1661419422576483000,163.5,2,163.5,5,164.0,16,2,2022-08-25 09:23:42
1661419433559514000,163.5,1,163.5,8,164.0,18,2,2022-08-25 09:23:53
1661419438346753000,163.5,1,163.5,8,164.0,18,2,2022-08-25 09:23:58
1661419512263498000,163.5,1,163.5,34,164.0,18,2,2022-08-25 09:25:12
1661419532845087000,164.0,1,163.5,38,164.0,17,1,2022-08-25 09:25:32
1661419540859076000,164.0,2,163.5,38,164.0,15,1,2022-08-25 09:25:40
1661419540887554000,164.0,1,163.5,37,164.0,14,1,2022-08-25 09:25:40
1661419541652208000,164.0,1,163.5,37,164.0,13,1,2022-08-25 09:25:41
1661419546824904000,164.0,1,163.5,38,164.0,12,1,2022-08-25 09:25:46
1661419547817291000,164.0,1,163.5,38,164.0,11,1,2022-08-25 09:25:47
1661419550766742000,164.0,1,163.5,39,164.0,10,1,2022-08-25 09:25:50
1661419552356634000,163.5,1,163.5,38,164.0,10,2,2022-08-25 09:25:52
1661419557230571000,164.0,10,163.5,40,164.5,3,1,2022-08-25 09:25:57
1661419582021436000,164.5,1,164.0,5,164.5,7,1,2022-08-25 09:26:22
1661419597271198000,164.5,1,164.0,12,164.5,4,1,2022-08-25 09:26:37
1661419597592473000,164.5,2,164.0,11,164.5,2,1,2022-08-25 09:26:37
1661419611627049000,164.5,1,164.0,11,164.5,4,1,2022-08-25 09:26:51
1661419616784380000,164.5,2,164.0,17,164.5,4,1,2022-08-25 09:26:56
1661419617256651000,164.5,1,164.0,16,164.5,6,1,2022-08-25 09:26:57
1661419623300370000,164.5,1,164.0,20,164.5,5,1,2022-08-25 09:27:03
1661419632617990000,164.0,1,164.0,23,164.5,2,2,2022-08-25 09:27:12
1661419642898426000,164.5,1,164.0,25,164.5,1,1,2022-08-25 09:27:22
1661419650730257000,164.0,2,164.0,23,164.5,5,2,2022-08-25 09:27:30
1661419667080109000,164.5,1,164.0,23,164.5,5,1,2022-08-25 09:27:47
1661419682706799000,164.5,2,164.0,41,165.0,24,1,2022-08-25 09:28:02
1661419699351870000,164.5,1,164.5,4,165.0,19,2,2022-08-25 09:28:19
1661419702455722000,164.5,5,164.0,40,165.0,19,2,2022-08-25 09:28:22
1661419704659747000,164.5,2,164.0,40,164.5,3,2,2022-08-25 09:28:24
1661419704896096000,164.5,1,164.0,40,164.5,2,1,2022-08-25 09:28:24
1661419709081638000,164.5,1,164.0,40,164.5,1,1,2022-08-25 09:28:29
1661419714458132000,164.5,1,164.0,40,165.0,27,1,2022-08-25 09:28:34
1661419758234320000,165.0,1,164.0,44,165.0,28,1,2022-08-25 09:29:18
1661419765912670000,165.0,2,164.5,1,165.0,25,1,2022-08-25 09:29:25
1661419775576521000,165.0,1,164.5,5,165.0,22,1,2022-08-25 09:29:35
1661419777906114000,165.0,4,164.5,6,165.0,18,1,2022-08-25 09:29:37
1661419782352031000,164.5,1,164.5,6,165.0,18,2,2022-08-25 09:29:42
1661419811178605000,165.0,2,164.5,6,165.0,20,1,2022-08-25 09:30:11
1661419816133819000,164.5,1,164.5,5,165.0,20,2,2022-08-25 09:30:16
1661419835588991000,165.0,1,164.5,9,165.0,19,1,2022-08-25 09:30:35
1661419850237067000,164.5,1,164.5,10,165.0,20,2,2022-08-25 09:30:50
1661419871577434000,164.5,1,164.5,12,165.0,20,2,2022-08-25 09:31:11
1661419872959896000,164.5,1,164.5,11,165.0,19,2,2022-08-25 09:31:12
1661419917208075000,164.5,1,164.5,14,165.0,21,2,2022-08-25 09:31:57
1661419930077973000,164.5,1,164.5,15,165.0,22,2,2022-08-25 09:32:10
1661419931267188000,164.5,1,164.5,14,165.0,22,2,2022-08-25 09:32:11
1661419936297070000,164.5,1,164.5,13,165.0,22,2,2022-08-25 09:32:16
1661419936823582000,164.5,1,164.5,12,165.0,22,2,2022-08-25 09:32:16
1661419938887487000,164.5,8,164.5,4,165.0,23,2,2022-08-25 09:32:18
1661419938915278000,164.5,4,164.0,43,165.0,23,2,2022-08-25 09:32:18
1661419938915278000,164.0,1,164.0,43,165.0,23,2,2022-08-25 09:32:18
1661419945621869000,164.5,3,164.0,42,164.5,4,1,2022-08-25 09:32:25
1661419957102812000,164.0,5,164.0,39,164.5,6,2,2022-08-25 09:32:37
1661419968704798000,164.5,4,164.0,39,164.5,2,1,2022-08-25 09:32:48
1661419969318232000,164.5,1,164.0,39,164.5,2,1,2022-08-25 09:32:49
1661419971651771000,164.5,1,164.0,38,164.5,1,1,2022-08-25 09:32:51
1661419978995803000,165.0,1,164.5,1,165.0,22,1,2022-08-25 09:32:58
1661419982439629000,164.5,1,164.0,41,165.0,22,2,2022-08-25 09:33:02
1661419991752402000,164.5,1,164.0,41,165.0,22,2,2022-08-25 09:33:11
1661419999397449000,164.5,1,164.5,1,165.0,18,1,2022-08-25 09:33:19
1661419999931240000,164.5,1,164.0,41,164.5,9,2,2022-08-25 09:33:19
1661420030053718000,164.0,5,164.0,39,164.5,18,2,2022-08-25 09:33:50
1661420033725731000,164.0,1,164.0,39,164.5,19,2,2022-08-25 09:33:53
1661420034497594000,164.0,1,164.0,38,164.5,19,2,2022-08-25 09:33:54
1661420035702405000,164.0,1,164.0,37,164.5,19,2,2022-08-25 09:33:55
1661420050041686000,164.0,5,164.0,34,164.5,17,2,2022-08-25 09:34:10
1661420052502756000,164.0,3,164.0,31,164.5,17,2,2022-08-25 09:34:12
1661420055658936000,164.0,15,164.0,16,164.5,17,2,2022-08-25 09:34:15
1661420058071849000,164.0,1,164.0,15,164.5,17,2,2022-08-25 09:34:18
1661420058308519000,164.0,2,164.0,13,164.5,17,2,2022-08-25 09:34:18
1661420059530520000,164.5,5,164.0,13,164.5,12,1,2022-08-25 09:34:19
1661420060364292000,164.0,1,164.0,12,164.5,12,2,2022-08-25 09:34:20
1661420060607109000,164.0,2,164.0,10,164.5,12,2,2022-08-25 09:34:20
1661420061522558000,164.0,8,164.0,2,164.5,12,2,2022-08-25 09:34:21
1661420061559037000,164.0,2,163.5,32,164.5,12,2,2022-08-25 09:34:21
1661420069588220000,164.0,1,163.5,34,164.0,5,1,2022-08-25 09:34:29
1661420073023766000,164.0,1,163.5,34,164.0,6,1,2022-08-25 09:34:33
1661420080660811000,164.0,1,163.5,34,164.0,6,1,2022-08-25 09:34:40
1661420083799460000,163.5,1,163.5,33,164.0,6,2,2022-08-25 09:34:43
1661420101735862000,163.5,1,163.5,36,164.0,7,2,2022-08-25 09:35:01
1661420103539666000,163.5,1,163.5,35,164.0,7,2,2022-08-25 09:35:03
1661420114655420000,164.0,1,163.5,34,164.0,7,1,2022-08-25 09:35:14
1661420123542129000,164.0,1,163.5,35,164.0,5,1,2022-08-25 09:35:23
1661420125775969000,163.5,1,163.5,34,164.0,6,2,2022-08-25 09:35:25
1661420127299512000,164.0,1,163.5,34,164.0,5,1,2022-08-25 09:35:27
1661420131435824000,164.0,1,163.5,34,164.0,5,1,2022-08-25 09:35:31
1661420134714462000,164.0,1,163.5,34,164.0,5,1,2022-08-25 09:35:34
1661420137134953000,164.0,1,163.5,34,164.0,6,1,2022-08-25 09:35:37
1661420139028241000,164.0,1,163.5,34,164.0,5,1,2022-08-25 09:35:39
1661420144239761000,164.0,1,163.5,34,164.0,5,1,2022-08-25 09:35:44
1661420172862675000,164.0,1,163.5,37,164.0,6,1,2022-08-25 09:36:12
1661420178319045000,164.0,1,163.5,43,164.0,5,1,2022-08-25 09:36:18
1661420186882536000,163.5,10,163.5,33,164.0,5,2,2022-08-25 09:36:26
1661420194968331000,164.0,1,163.5,26,164.0,5,1,2022-08-25 09:36:34
1661420198881480000,163.5,1,163.5,25,164.0,5,2,2022-08-25 09:36:38
1661420229109276000,164.0,1,163.5,23,164.0,5,1,2022-08-25 09:37:09
1661420247081749000,163.5,4,163.5,19,164.0,7,2,2022-08-25 09:37:27
1661420270361422000,163.5,2,163.5,19,164.0,10,2,2022-08-25 09:37:50
1661420280664327000,163.5,1,163.5,17,164.0,9,2,2022-08-25 09:38:00
1661420281048482000,163.5,1,163.5,17,164.0,9,2,2022-08-25 09:38:01
1661420290048171000,163.5,1,163.5,15,164.0,9,2,2022-08-25 09:38:10
1661420292706726000,163.5,2,163.5,13,164.0,10,2,2022-08-25 09:38:12
1661420293645473000,163.5,1,163.5,12,164.0,10,2,2022-08-25 09:38:13
1661420298800687000,163.5,1,163.5,12,164.0,10,2,2022-08-25 09:38:18
1661420301673172000,163.5,1,163.5,11,164.0,10,2,2022-08-25 09:38:21
1661420313217483000,163.5,5,163.5,7,164.0,10,2,2022-08-25 09:38:33
1661420316633164000,163.5,8,163.0,74,163.5,25,2,2022-08-25 09:38:36
1661420326132639000,163.0,10,163.0,69,163.5,27,2,2022-08-25 09:38:46
1661420342393702000,163.0,1,163.0,60,163.5,27,2,2022-08-25 09:39:02
1661420347509679000,163.0,1,163.0,54,163.5,28,2,2022-08-25 09:39:07
1661420352305536000,163.0,3,163.0,50,163.5,28,2,2022-08-25 09:39:12
1661420361697509000,163.0,1,163.0,48,163.5,28,2,2022-08-25 09:39:21
1661420366883971000,163.0,1,163.0,47,163.5,29,2,2022-08-25 09:39:26
1661420375996079000,163.0,1,163.0,47,163.5,55,2,2022-08-25 09:39:35
1661420382504454000,163.0,1,163.0,46,163.5,55,2,2022-08-25 09:39:42
1661420398200389000,163.0,25,163.0,25,163.5,30,2,2022-08-25 09:39:58
1661420400352959000,163.0,1,163.0,24,163.5,30,2,2022-08-25 09:40:00
1661420402269333000,163.0,10,163.0,14,163.5,30,2,2022-08-25 09:40:02
1661420402708701000,163.0,2,163.0,12,163.5,30,2,2022-08-25 09:40:02
1661420405247871000,163.0,1,163.0,11,163.5,30,2,2022-08-25 09:40:05
1661420406649582000,163.0,2,163.0,9,163.5,30,2,2022-08-25 09:40:06
1661420409288068000,163.0,5,163.0,4,163.5,30,2,2022-08-25 09:40:09
1661420410637825000,163.0,4,162.5,35,163.0,21,2,2022-08-25 09:40:10
1661420412261855000,163.0,1,162.5,36,163.0,24,1,2022-08-25 09:40:12
1661420418812843000,163.0,1,162.5,37,163.0,22,1,2022-08-25 09:40:18
1661420421496954000,162.5,1,162.5,35,163.0,34,2,2022-08-25 09:40:21
1661420425295379000,162.5,1,162.5,33,163.0,43,2,2022-08-25 09:40:25
1661420430302266000,162.5,1,162.5,32,163.0,43,2,2022-08-25 09:40:30
1661420431645032000,162.5,5,162.5,27,163.0,43,2,2022-08-25 09:40:31
1661420432810059000,162.5,1,162.5,26,163.0,48,2,2022-08-25 09:40:32
1661420435209954000,162.5,20,162.5,5,163.0,48,2,2022-08-25 09:40:35
1661420436905446000,162.5,1,162.5,5,163.0,48,2,2022-08-25 09:40:36
1661420436984493000,162.5,2,162.5,3,163.0,48,2,2022-08-25 09:40:36
1661420437147618000,162.5,2,162.5,1,163.0,48,2,2022-08-25 09:40:37
1661420438826423000,162.5,1,162.0,71,163.0,48,2,2022-08-25 09:40:38
1661420442554405000,162.5,1,162.5,6,163.0,48,2,2022-08-25 09:40:42
1661420443573064000,162.5,1,162.5,13,163.0,49,2,2022-08-25 09:40:43
1661420444967134000,162.5,5,162.5,8,163.0,49,2,2022-08-25 09:40:44
1661420445226792000,162.5,1,162.5,7,163.0,49,2,2022-08-25 09:40:45
1661420446172668000,162.5,1,162.5,6,163.0,49,2,2022-08-25 09:40:46
1661420447404343000,162.5,6,162.0,97,162.5,13,2,2022-08-25 09:40:47
1661420447729813000,162.5,1,162.0,97,162.5,12,1,2022-08-25 09:40:47
1661420457261346000,162.0,1,162.0,93,162.5,16,2,2022-08-25 09:40:57
1661420461710616000,162.0,3,162.0,82,162.5,18,2,2022-08-25 09:41:01
1661420462319650000,162.0,1,162.0,81,162.5,18,2,2022-08-25 09:41:02
1661420466153818000,162.0,10,162.0,71,162.5,18,2,2022-08-25 09:41:06
1661420470493199000,162.0,1,162.0,70,162.5,18,2,2022-08-25 09:41:10
1661420470614771000,162.0,4,162.0,70,162.5,19,2,2022-08-25 09:41:10
1661420474537976000,162.0,1,162.0,53,162.5,20,2,2022-08-25 09:41:14
1661420477811205000,162.0,20,162.0,33,162.5,21,2,2022-08-25 09:41:17
1661420480570438000,162.0,5,162.0,27,162.5,21,2,2022-08-25 09:41:20
1661420481509575000,162.0,1,162.0,26,162.5,21,2,2022-08-25 09:41:21
1661420481658795000,162.0,25,162.0,1,162.5,21,2,2022-08-25 09:41:21
1661420482373739000,162.0,1,161.5,18,162.5,21,2,2022-08-25 09:41:22
1661420483540209000,162.5,1,161.5,20,162.5,20,1,2022-08-25 09:41:23
1661420484754668000,162.0,1,161.5,20,162.0,3,1,2022-08-25 09:41:24
1661420485169108000,162.0,2,161.5,20,162.5,17,1,2022-08-25 09:41:25
1661420492981586000,162.0,3,161.5,23,162.0,6,1,2022-08-25 09:41:32
1661420499769388000,162.0,7,162.0,9,162.5,17,1,2022-08-25 09:41:39
1661420499793212000,162.0,1,162.0,8,162.5,17,2,2022-08-25 09:41:39
1661420502449833000,162.0,1,162.0,12,162.5,18,2,2022-08-25 09:41:42
1661420504198724000,162.0,1,162.0,13,162.5,17,2,2022-08-25 09:41:44
1661420511098192000,162.0,1,162.0,23,162.5,17,2,2022-08-25 09:41:51
1661420513096471000,162.0,1,162.0,23,162.5,17,2,2022-08-25 09:41:53
1661420530422775000,162.0,1,162.0,17,162.5,18,2,2022-08-25 09:42:10
1661420548181775000,162.0,19,162.0,19,162.5,18,2,2022-08-25 09:42:28
1661420553039102000,162.0,7,161.5,37,162.5,18,1,2022-08-25 09:42:33
1661420570327797000,161.5,20,161.5,7,162.0,15,2,2022-08-25 09:42:50
1661420572587287000,161.5,1,161.5,15,162.0,17,2,2022-08-25 09:42:52
1661420577232341000,161.5,11,161.5,5,162.0,17,2,2022-08-25 09:42:57
1661420578059595000,161.5,5,161.0,74,162.0,17,2,2022-08-25 09:42:58
1661420578693629000,161.5,2,161.0,78,161.5,4,1,2022-08-25 09:42:58
1661420579195417000,161.5,2,161.0,78,161.5,3,1,2022-08-25 09:42:59
1661420581582663000,161.5,1,161.0,80,162.0,19,1,2022-08-25 09:43:01
1661420581642559000,162.0,19,161.5,4,162.5,7,1,2022-08-25 09:43:01
1661420584531507000,161.5,11,161.0,70,162.0,2,2,2022-08-25 09:43:04
1661420584531507000,161.0,9,161.0,70,162.0,2,2,2022-08-25 09:43:04
1661420589098336000,161.5,1,161.5,7,162.0,4,2,2022-08-25 09:43:09
1661420590797790000,162.0,1,161.5,10,162.0,3,1,2022-08-25 09:43:10
1661420591765423000,161.5,1,161.5,9,162.0,4,2,2022-08-25 09:43:11
1661420593331838000,161.5,1,161.5,11,162.0,4,2,2022-08-25 09:43:13
1661420599742214000,161.5,10,161.5,18,162.0,7,2,2022-08-25 09:43:19
1661420602798079000,161.5,8,161.0,76,161.5,2,2,2022-08-25 09:43:22
1661420605349680000,161.5,1,161.0,80,161.5,3,1,2022-08-25 09:43:25
1661420609379196000,161.5,1,161.0,79,161.5,2,1,2022-08-25 09:43:29
1661420610355981000,161.5,1,161.0,79,161.5,3,1,2022-08-25 09:43:30
1661420611118064000,161.5,2,161.0,79,162.0,7,1,2022-08-25 09:43:31
1661420625592749000,161.5,2,161.5,5,162.0,8,2,2022-08-25 09:43:45
1661420629720060000,161.5,5,161.5,7,162.0,9,2,2022-08-25 09:43:49
1661420641576367000,161.5,1,161.5,6,162.0,9,2,2022-08-25 09:44:01
1661420657417289000,161.5,1,161.5,14,162.0,8,2,2022-08-25 09:44:17
1661420666593770000,161.5,10,161.5,4,162.0,9,2,2022-08-25 09:44:26
1661420698030213000,161.5,9,161.0,79,161.5,1,2,2022-08-25 09:44:58
1661420716452988000,161.5,1,161.0,83,161.5,2,1,2022-08-25 09:45:16
1661420718732067000,161.5,2,161.0,83,162.0,12,1,2022-08-25 09:45:18
1661420724926387000,161.5,1,161.0,83,162.0,11,1,2022-08-25 09:45:24
1661420731164749000,161.5,1,161.5,7,162.0,11,2,2022-08-25 09:45:31
1661420738172243000,161.5,1,161.5,5,162.0,10,2,2022-08-25 09:45:38
1661420744244578000,161.5,1,161.5,4,162.0,13,2,2022-08-25 09:45:44
1661420748397765000,161.5,1,161.0,83,162.0,13,2,2022-08-25 09:45:48
1661420749347605000,161.5,1,161.0,83,162.0,13,2,2022-08-25 09:45:49
1661420754582739000,162.0,1,161.5,1,162.0,12,1,2022-08-25 09:45:54
1661420754779890000,161.5,1,161.0,97,162.0,12,2,2022-08-25 09:45:54
1661420779952591000,161.5,1,161.5,7,162.0,13,2,2022-08-25 09:46:19
1661420781694024000,161.5,2,161.5,5,162.0,13,2,2022-08-25 09:46:21
1661420782763997000,161.5,5,161.0,93,161.5,5,2,2022-08-25 09:46:22
1661420783098130000,161.5,1,161.0,90,161.5,4,1,2022-08-25 09:46:23
1661420783250139000,161.5,4,161.0,90,162.0,13,1,2022-08-25 09:46:23
1661420787758594000,161.5,1,161.5,1,162.0,13,2,2022-08-25 09:46:27
1661420809645073000,161.5,1,161.5,4,162.0,13,2,2022-08-25 09:46:49
1661420813245387000,161.5,4,161.0,88,161.5,6,2,2022-08-25 09:46:53
1661420820437882000,161.0,1,161.0,88,161.5,8,2,2022-08-25 09:47:00
1661420821753608000,161.5,1,161.0,88,161.5,7,1,2022-08-25 09:47:01
1661420827523101000,161.0,1,161.0,87,161.5,7,2,2022-08-25 09:47:07
1661420839085842000,161.5,1,161.0,87,161.5,8,1,2022-08-25 09:47:19
1661420857953515000,161.5,1,161.0,94,161.5,8,1,2022-08-25 09:47:37
1661420863017167000,161.5,3,161.0,94,161.5,5,1,2022-08-25 09:47:43
1661420866765744000,161.5,1,161.0,94,161.5,4,1,2022-08-25 09:47:46
1661420868700077000,161.5,1,161.0,94,161.5,3,1,2022-08-25 09:47:48
1661420869595848000,161.5,1,161.0,95,161.5,2,1,2022-08-25 09:47:49
1661420870087795000,161.5,1,161.0,95,161.5,1,1,2022-08-25 09:47:50
1661420871630589000,161.5,1,161.0,95,162.0,16,1,2022-08-25 09:47:51
1661420898410561000,161.5,1,161.5,16,162.0,14,2,2022-08-25 09:48:18
1661420932727287000,162.0,1,161.5,23,162.0,14,1,2022-08-25 09:48:52
1661420940777220000,161.5,3,161.5,22,162.0,14,2,2022-08-25 09:49:00
1661420954452533000,161.5,1,161.5,23,162.0,14,2,2022-08-25 09:49:14
1661420968789523000,161.5,1,161.5,24,162.0,15,2,2022-08-25 09:49:28
1661420979345291000,161.5,1,161.5,24,162.0,15,2,2022-08-25 09:49:39
1661420989158634000,161.5,5,161.5,21,162.0,15,2,2022-08-25 09:49:49
1661420996814635000,161.5,1,161.5,22,162.0,15,2,2022-08-25 09:49:56
1661421004636503000,161.5,1,161.5,23,162.0,15,2,2022-08-25 09:50:04
1661421007616350000,162.0,1,161.5,23,162.0,13,1,2022-08-25 09:50:07
1661421011728954000,161.5,5,161.5,23,162.0,13,2,2022-08-25 09:50:11
1661421047937791000,161.5,1,161.5,23,162.0,14,2,2022-08-25 09:50:47
1661421079523557000,161.5,1,161.5,23,162.0,14,2,2022-08-25 09:51:19
1661421097561113000,161.5,5,161.5,22,162.0,14,2,2022-08-25 09:51:37
1661421102991875000,162.0,2,161.5,25,162.0,12,1,2022-08-25 09:51:42
1661421119489994000,161.5,1,161.5,30,162.0,13,2,2022-08-25 09:51:59
1661421123965860000,161.5,29,160.5,100,161.0,4,2,2022-08-25 09:52:03
1661421123965860000,161.0,85,160.5,100,161.0,4,2,2022-08-25 09:52:03
1661421125722719000,161.0,2,160.5,98,161.0,3,1,2022-08-25 09:52:05
1661421130549501000,161.0,3,160.5,97,162.0,12,1,2022-08-25 09:52:10
1661421136370605000,161.0,1,160.5,125,161.0,1,1,2022-08-25 09:52:16
1661421153238728000,161.0,9,160.5,92,162.0,14,2,2022-08-25 09:52:33
1661421153238728000,160.5,4,160.5,92,162.0,14,2,2022-08-25 09:52:33
1661421160401835000,161.0,1,160.5,88,162.0,18,2,2022-08-25 09:52:40
1661421160401835000,160.5,4,160.5,88,162.0,18,2,2022-08-25 09:52:40
1661421161046823000,160.5,1,160.5,91,162.0,18,2,2022-08-25 09:52:41
1661421188012162000,160.5,2,160.5,81,161.5,5,2,2022-08-25 09:53:08
1661421190774660000,160.5,1,160.5,80,161.5,6,2,2022-08-25 09:53:10
1661421195019227000,160.5,1,160.5,79,161.0,5,2,2022-08-25 09:53:15
1661421203358653000,160.5,8,160.5,71,161.0,10,2,2022-08-25 09:53:23
1661421203518646000,160.5,4,160.5,67,161.0,10,2,2022-08-25 09:53:23
1661421206947497000,160.5,20,160.5,47,161.0,10,2,2022-08-25 09:53:26
1661421208687380000,160.5,1,160.5,46,161.0,10,2,2022-08-25 09:53:28
1661421208966477000,161.0,1,160.5,46,161.0,9,1,2022-08-25 09:53:28
1661421209683881000,160.5,1,160.5,45,161.0,9,2,2022-08-25 09:53:29
1661421210568692000,160.5,10,160.5,35,161.0,9,2,2022-08-25 09:53:30
1661421211321478000,160.5,1,160.5,34,161.0,9,2,2022-08-25 09:53:31
1661421211662395000,160.5,10,160.5,24,161.0,9,2,2022-08-25 09:53:31
1661421213460159000,160.5,20,160.5,4,161.0,9,2,2022-08-25 09:53:33
1661421213774025000,160.5,1,160.5,4,161.0,9,2,2022-08-25 09:53:33
1661421213828966000,160.5,3,160.0,253,160.5,3,2,2022-08-25 09:53:33
1661421214060817000,160.0,3,160.0,250,160.5,5,2,2022-08-25 09:53:34
1661421215845429000,160.5,1,160.0,248,160.5,14,1,2022-08-25 09:53:35
1661421218180248000,160.5,1,160.0,247,160.5,12,1,2022-08-25 09:53:38
1661421221912736000,160.0,1,160.0,246,160.5,13,2,2022-08-25 09:53:41
1661421223013735000,160.5,1,160.0,246,160.5,12,1,2022-08-25 09:53:43
1661421230153560000,160.0,50,160.0,193,160.5,13,2,2022-08-25 09:53:50
1661421232673629000,160.5,1,160.0,189,160.5,13,1,2022-08-25 09:53:52
1661421235920566000,160.0,4,160.0,184,160.5,13,2,2022-08-25 09:53:55
1661421239297311000,160.0,1,160.0,194,160.5,15,2,2022-08-25 09:53:59
1661421243165555000,160.0,2,160.0,189,160.5,16,2,2022-08-25 09:54:03
1661421243334543000,160.0,1,160.0,188,160.5,16,2,2022-08-25 09:54:03
1661421246238447000,160.0,10,160.0,177,160.5,16,2,2022-08-25 09:54:06
1661421246364627000,160.0,20,160.0,157,160.5,16,2,2022-08-25 09:54:06
1661421246717204000,160.0,1,160.0,155,160.5,16,2,2022-08-25 09:54:06
1661421246918980000,160.0,1,160.0,156,160.5,16,2,2022-08-25 09:54:06
1661421248972990000,160.0,5,160.0,151,160.5,15,2,2022-08-25 09:54:08
1661421249667332000,160.0,9,160.0,138,160.5,15,2,2022-08-25 09:54:09
1661421250833423000,160.0,1,160.0,137,160.5,16,2,2022-08-25 09:54:10
1661421251939900000,160.0,3,160.0,139,160.5,16,2,2022-08-25 09:54:11
1661421252113854000,160.0,2,160.0,133,160.5,16,2,2022-08-25 09:54:12
1661421252150949000,160.0,8,160.0,125,160.5,16,2,2022-08-25 09:54:12
1661421252235309000,160.0,6,160.0,119,160.5,16,2,2022-08-25 09:54:12
1661421252370093000,160.0,5,160.0,114,160.5,16,2,2022-08-25 09:54:12
1661421253079046000,160.0,4,160.0,111,160.5,16,2,2022-08-25 09:54:13
1661421255425966000,160.0,11,160.0,104,160.5,17,2,2022-08-25 09:54:15
1661421255715162000,160.0,1,160.0,103,160.5,17,2,2022-08-25 09:54:15
1661421256238197000,160.0,3,160.0,100,160.5,17,2,2022-08-25 09:54:16
1661421257371346000,160.0,1,160.0,98,160.5,17,2,2022-08-25 09:54:17
1661421257931592000,160.0,1,160.0,97,160.5,17,2,2022-08-25 09:54:17
1661421258923971000,160.0,1,160.0,96,160.5,17,2,2022-08-25 09:54:18
1661421259851719000,160.0,2,160.0,94,160.5,22,2,2022-08-25 09:54:19
1661421259942255000,160.0,2,160.0,92,160.5,22,2,2022-08-25 09:54:19
1661421260636361000,160.0,1,160.0,93,160.5,21,2,2022-08-25 09:54:20
1661421260939945000,160.0,19,160.0,74,160.5,21,2,2022-08-25 09:54:20
1661421260987086000,160.0,2,160.0,72,160.5,21,2,2022-08-25 09:54:20
1661421263240155000,160.0,1,160.0,71,160.5,21,2,2022-08-25 09:54:23
1661421263341937000,160.0,1,160.0,70,160.5,21,2,2022-08-25 09:54:23
1661421263609428000,160.0,1,160.0,69,160.5,21,2,2022-08-25 09:54:23
1661421264010164000,160.0,2,160.0,67,160.5,21,2,2022-08-25 09:54:24
1661421264148169000,160.0,1,160.0,66,160.5,21,2,2022-08-25 09:54:24
1661421264201305000,160.0,1,160.0,65,160.5,21,2,2022-08-25 09:54:24
1661421265036626000,160.0,1,160.0,64,160.5,21,2,2022-08-25 09:54:25
1661421265963965000,160.0,1,160.0,63,160.5,21,2,2022-08-25 09:54:25
1661421266154023000,160.0,2,160.0,61,160.5,21,2,2022-08-25 09:54:26
1661421266431408000,160.0,5,160.0,56,160.5,21,2,2022-08-25 09:54:26
1661421268726847000,160.0,1,160.0,46,160.5,21,2,2022-08-25 09:54:28
1661421269308754000,160.0,3,160.0,43,160.5,20,2,2022-08-25 09:54:29
1661421269550188000,160.0,1,160.0,46,160.5,20,2,2022-08-25 09:54:29
1661421269910199000,160.0,1,160.0,42,160.5,20,2,2022-08-25 09:54:29
1661421270283954000,160.0,1,160.0,40,160.5,20,2,2022-08-25 09:54:30
1661421270766982000,160.0,1,160.0,39,160.5,20,2,2022-08-25 09:54:30
1661421271630450000,160.0,1,160.0,38,160.5,20,2,2022-08-25 09:54:31
1661421272018084000,160.0,4,160.0,34,160.5,20,2,2022-08-25 09:54:32
1661421272641470000,160.0,1,160.0,33,160.5,20,2,2022-08-25 09:54:32
1661421272917866000,160.0,1,160.0,32,160.5,20,2,2022-08-25 09:54:32
1661421273284211000,160.0,1,160.0,31,160.5,20,2,2022-08-25 09:54:33
1661421273329698000,160.0,1,160.0,30,160.5,20,2,2022-08-25 09:54:33
1661421273384638000,160.0,1,160.0,29,160.5,20,2,2022-08-25 09:54:33
1661421273570533000,160.0,10,160.0,19,160.5,20,2,2022-08-25 09:54:33
1661421273647557000,160.0,19,159.5,35,160.0,1,2,2022-08-25 09:54:33
1661421275275788000,159.5,2,159.5,33,160.0,20,2,2022-08-25 09:54:35
1661421278078918000,159.5,5,159.5,33,160.0,27,2,2022-08-25 09:54:38
1661421278325694000,159.5,1,159.5,27,160.0,27,2,2022-08-25 09:54:38
1661421279584990000,159.5,1,159.5,26,160.0,27,2,2022-08-25 09:54:39
1661421281109381000,159.5,1,159.5,25,160.0,27,2,2022-08-25 09:54:41
1661421283596400000,159.5,1,159.5,24,160.0,27,2,2022-08-25 09:54:43
1661421284862413000,159.5,1,159.5,23,160.0,32,2,2022-08-25 09:54:44
1661421285169235000,160.0,15,159.5,23,160.0,18,1,2022-08-25 09:54:45
1661421286138702000,159.5,2,159.5,21,160.0,19,2,2022-08-25 09:54:46
1661421286396508000,159.5,1,159.5,20,160.0,19,2,2022-08-25 09:54:46
1661421286933564000,159.5,3,159.5,17,160.0,19,2,2022-08-25 09:54:46
1661421291436181000,159.5,1,159.5,16,160.0,31,2,2022-08-25 09:54:51
1661421291477966000,159.5,1,159.5,15,160.0,31,2,2022-08-25 09:54:51
1661421292682355000,159.5,1,159.5,14,160.0,36,2,2022-08-25 09:54:52
1661421294600464000,159.5,7,159.5,14,160.0,38,2,2022-08-25 09:54:54
1661421294857836000,159.5,6,159.0,48,160.0,38,2,2022-08-25 09:54:54
1661421294857836000,159.0,2,159.0,48,160.0,38,2,2022-08-25 09:54:54
1661421294946456000,159.0,1,159.0,48,160.0,39,2,2022-08-25 09:54:54
1661421295939974000,159.0,1,159.0,45,160.0,39,2,2022-08-25 09:54:55
1661421298822090000,159.5,4,159.5,1,160.0,39,1,2022-08-25 09:54:58
1661421301553738000,159.5,1,159.0,45,160.0,39,2,2022-08-25 09:55:01
1661421302136693000,159.5,1,159.0,45,160.0,41,2,2022-08-25 09:55:02
1661421305374535000,159.5,1,159.5,1,160.0,41,2,2022-08-25 09:55:05
1661421305650669000,159.5,1,159.0,59,159.5,1,2,2022-08-25 09:55:05
1661421308911214000,159.5,1,159.0,58,160.0,37,1,2022-08-25 09:55:08
1661421309517355000,159.5,1,159.0,63,160.0,37,2,2022-08-25 09:55:09
1661421309850794000,159.0,6,159.0,57,160.0,37,2,2022-08-25 09:55:09
1661421310262698000,159.0,1,159.0,55,160.0,37,2,2022-08-25 09:55:10
1661421311310436000,159.0,10,159.0,40,159.5,4,2,2022-08-25 09:55:11
1661421315805709000,159.0,1,159.0,32,159.5,4,2,2022-08-25 09:55:15
1661421317128383000,159.0,6,159.0,25,159.5,4,2,2022-08-25 09:55:17
1661421317318449000,159.5,1,159.0,25,159.5,3,1,2022-08-25 09:55:17
1661421317731451000,159.0,1,159.0,24,159.5,3,2,2022-08-25 09:55:17
1661421318990110000,159.0,2,159.0,22,159.5,13,2,2022-08-25 09:55:18
1661421321299752000,159.0,2,159.0,20,159.5,13,2,2022-08-25 09:55:21
1661421323079201000,159.0,1,159.0,19,159.5,15,2,2022-08-25 09:55:23
1661421325884249000,159.0,1,159.0,19,159.5,15,2,2022-08-25 09:55:25
1661421326536433000,159.0,1,159.0,18,159.5,15,2,2022-08-25 09:55:26
1661421326578753000,159.0,1,159.0,17,159.5,15,2,2022-08-25 09:55:26
1661421326693059000,159.0,1,159.0,16,159.5,15,2,2022-08-25 09:55:26
1661421327236345000,159.0,1,159.0,14,159.5,15,2,2022-08-25 09:55:27
1661421329185152000,159.0,3,159.0,11,159.5,15,2,2022-08-25 09:55:29
1661421329412740000,159.5,1,159.0,11,159.5,14,1,2022-08-25 09:55:29
1661421329517460000,159.0,1,159.0,10,159.5,13,2,2022-08-25 09:55:29
1661421331463598000,159.0,1,159.0,20,159.5,13,2,2022-08-25 09:55:31
1661421333202368000,159.0,1,159.0,21,159.5,13,2,2022-08-25 09:55:33
1661421333298201000,159.0,1,159.0,22,159.5,13,2,2022-08-25 09:55:33
1661421335480434000,159.5,1,159.0,26,159.5,12,1,2022-08-25 09:55:35
1661421335927620000,159.0,4,159.0,22,159.5,12,2,2022-08-25 09:55:35
1661421339291436000,159.0,3,159.0,19,159.5,12,2,2022-08-25 09:55:39
1661421339989958000,159.0,1,159.0,18,159.5,12,2,2022-08-25 09:55:39
1661421340819758000,159.0,1,159.0,17,159.5,12,2,2022-08-25 09:55:40
1661421342987273000,159.0,1,159.0,17,159.5,13,2,2022-08-25 09:55:42
1661421343446784000,159.0,2,159.0,15,159.5,13,2,2022-08-25 09:55:43
1661421344906330000,159.0,1,159.0,14,159.5,13,2,2022-08-25 09:55:44
1661421347228526000,159.0,3,159.0,11,159.5,13,2,2022-08-25 09:55:47
1661421348108524000,159.0,2,159.0,12,159.5,13,2,2022-08-25 09:55:48
1661421351144456000,159.0,1,159.0,13,159.5,13,2,2022-08-25 09:55:51
1661421352764680000,159.0,1,159.0,11,159.5,13,2,2022-08-25 09:55:52
1661421352810722000,159.5,1,159.0,11,159.5,12,1,2022-08-25 09:55:52
1661421353482249000,159.0,1,159.0,11,159.5,12,2,2022-08-25 09:55:53
1661421355028200000,159.0,1,159.0,10,159.5,12,2,2022-08-25 09:55:55
1661421356603314000,159.0,1,159.0,19,159.5,12,2,2022-08-25 09:55:56
1661421357011689000,159.5,1,159.0,19,159.5,10,1,2022-08-25 09:55:57
1661421361121380000,159.0,5,159.0,18,159.5,11,2,2022-08-25 09:56:01
1661421361394645000,159.5,1,159.0,18,159.5,10,1,2022-08-25 09:56:01
1661421363063760000,159.0,2,159.0,16,159.5,10,2,2022-08-25 09:56:03
1661421372192400000,159.5,10,159.0,25,160.0,20,1,2022-08-25 09:56:12
1661421372669920000,159.5,1,159.5,5,160.0,20,2,2022-08-25 09:56:12
1661421373915082000,159.0,10,159.0,24,160.0,16,2,2022-08-25 09:56:13
1661421376124273000,159.5,1,159.5,1,160.0,16,2,2022-08-25 09:56:16
1661421379618111000,159.5,1,159.5,6,160.0,16,2,2022-08-25 09:56:19
1661421427752215000,159.5,5,159.5,29,160.0,28,2,2022-08-25 09:57:07
1661421432199765000,159.5,2,159.5,32,160.0,27,2,2022-08-25 09:57:12
1661421442457658000,159.5,1,159.5,33,160.0,29,2,2022-08-25 09:57:22
1661421451938137000,159.5,5,159.5,30,160.0,29,2,2022-08-25 09:57:31
1661421453183258000,159.5,2,159.5,28,160.0,29,2,2022-08-25 09:57:33
1661421459410409000,160.0,2,159.5,28,160.0,27,1,2022-08-25 09:57:39
1661421475950471000,160.0,1,159.5,37,160.0,25,1,2022-08-25 09:57:55
1661421491010369000,160.0,1,159.5,40,160.0,28,1,2022-08-25 09:58:11
1661421492169477000,160.0,1,159.5,40,160.0,27,1,2022-08-25 09:58:12
1661421497159366000,160.0,1,159.5,46,160.0,26,1,2022-08-25 09:58:17
1661421498759936000,159.5,1,159.5,45,160.0,27,2,2022-08-25 09:58:18
1661421498883683000,160.0,2,159.5,45,160.0,25,1,2022-08-25 09:58:18
1661421499243491000,160.0,1,159.5,45,160.0,24,1,2022-08-25 09:58:19
1661421500061170000,160.0,1,159.5,45,160.0,23,1,2022-08-25 09:58:20
1661421501345357000,160.0,1,159.5,45,160.0,22,1,2022-08-25 09:58:21
1661421507763982000,160.0,1,159.5,48,160.0,21,1,2022-08-25 09:58:27
1661421509911117000,160.0,1,159.5,47,160.0,20,1,2022-08-25 09:58:29
1661421512342429000,160.0,15,159.5,47,160.0,6,1,2022-08-25 09:58:32
1661421513456500000,160.0,1,159.5,47,160.0,5,1,2022-08-25 09:58:33
1661421513752766000,160.0,5,159.5,47,160.5,3,1,2022-08-25 09:58:33
1661421515130575000,160.0,1,160.0,14,160.5,3,2,2022-08-25 09:58:35
1661421536830737000,160.0,2,160.0,34,160.5,3,2,2022-08-25 09:58:56
1661421548705249000,160.5,2,160.0,29,161.0,12,1,2022-08-25 09:59:08
1661421586844860000,160.5,1,160.5,23,161.0,14,2,2022-08-25 09:59:46
1661421594798161000,160.5,2,160.5,22,161.0,12,2,2022-08-25 09:59:54
1661421620035478000,161.0,2,160.5,34,161.0,10,1,2022-08-25 10:00:20
1661421621562064000,161.0,7,160.5,27,161.0,4,1,2022-08-25 10:00:21
1661421623150932000,161.0,2,160.5,27,161.0,5,1,2022-08-25 10:00:23
1661421627453102000,161.0,2,160.5,28,161.5,6,1,2022-08-25 10:00:27
1661421630309164000,161.0,1,161.0,1,161.5,9,2,2022-08-25 10:00:30
1661421631684663000,161.5,1,161.0,1,161.5,7,1,2022-08-25 10:00:31
1661421643484216000,161.0,4,161.0,5,161.5,7,2,2022-08-25 10:00:43
1661421662551550000,161.5,1,161.0,13,161.5,6,1,2022-08-25 10:01:02
1661421667647235000,161.5,2,161.0,13,161.5,4,1,2022-08-25 10:01:07
1661421678863182000,161.5,1,161.0,13,161.5,4,1,2022-08-25 10:01:18
1661421679010159000,161.5,1,161.0,13,161.5,3,1,2022-08-25 10:01:19
1661421692225970000,161.5,1,161.0,43,161.5,4,1,2022-08-25 10:01:32
1661421700662015000,161.5,1,161.0,44,161.5,3,1,2022-08-25 10:01:40
1661421704547183000,161.5,1,161.0,44,161.5,2,1,2022-08-25 10:01:44
1661421705843130000,161.5,3,161.5,2,162.0,18,1,2022-08-25 10:01:45
1661421708133276000,161.5,2,161.0,39,162.0,22,2,2022-08-25 10:01:48
1661421720392552000,161.5,5,161.5,8,162.0,24,2,2022-08-25 10:02:00
1661421731724019000,162.0,20,161.5,12,162.0,4,1,2022-08-25 10:02:11
1661421731996892000,162.0,1,161.5,13,162.0,3,1,2022-08-25 10:02:11
1661421747353835000,162.0,2,161.5,14,162.0,6,1,2022-08-25 10:02:27
1661421750316986000,162.0,5,161.5,15,162.0,1,1,2022-08-25 10:02:30
1661421754933008000,162.0,3,162.0,26,162.5,15,1,2022-08-25 10:02:34
1661421802114108000,162.5,2,162.0,34,162.5,8,1,2022-08-25 10:03:22
1661421804633257000,162.0,8,162.0,26,162.5,8,2,2022-08-25 10:03:24
1661421807921737000,162.5,2,162.0,24,162.5,6,1,2022-08-25 10:03:27
1661421809559027000,162.0,1,162.0,25,162.5,6,2,2022-08-25 10:03:29
1661421823168518000,162.0,2,162.0,23,162.5,7,2,2022-08-25 10:03:43
1661421824783150000,162.0,1,162.0,22,162.5,7,2,2022-08-25 10:03:44
1661421825107270000,162.5,1,162.0,22,162.5,6,1,2022-08-25 10:03:45
1661421829217264000,162.0,1,162.0,21,162.5,8,2,2022-08-25 10:03:49
1661421830002983000,162.5,1,162.0,21,162.5,7,1,2022-08-25 10:03:50
1661421877708668000,162.0,1,162.0,21,162.5,13,2,2022-08-25 10:04:37
1661421882159623000,162.5,1,162.0,21,162.5,12,1,2022-08-25 10:04:42
1661421884290978000,162.0,3,162.0,18,162.5,12,2,2022-08-25 10:04:44
1661421906597966000,162.0,2,162.0,18,162.5,12,2,2022-08-25 10:05:06
1661421912600459000,162.0,2,162.0,17,162.5,12,2,2022-08-25 10:05:12
1661421919292009000,162.0,5,162.0,12,162.5,12,2,2022-08-25 10:05:19
1661421922466781000,162.0,1,162.0,20,162.5,10,2,2022-08-25 10:05:22
1661421922949835000,162.0,1,162.0,19,162.5,9,2,2022-08-25 10:05:22
1661421934418020000,162.5,9,162.5,4,163.0,27,1,2022-08-25 10:05:34
1661421938892687000,162.5,1,162.5,4,163.0,27,2,2022-08-25 10:05:38
1661421941392286000,163.0,1,162.5,4,163.0,26,1,2022-08-25 10:05:41
1661421949163527000,163.0,1,162.5,11,163.0,24,1,2022-08-25 10:05:49
1661421952979878000,163.0,1,162.5,11,163.0,21,1,2022-08-25 10:05:52
1661421954387460000,163.0,1,162.5,13,163.0,20,1,2022-08-25 10:05:54
1661421956583010000,163.0,1,162.5,13,163.0,19,1,2022-08-25 10:05:56
1661421957356663000,163.0,1,162.5,13,163.0,18,1,2022-08-25 10:05:57
1661421959572128000,163.0,10,162.5,13,163.0,8,1,2022-08-25 10:05:59
1661421964666008000,163.0,2,162.5,16,163.0,8,1,2022-08-25 10:06:04
1661421966283214000,163.0,1,162.5,16,163.0,7,1,2022-08-25 10:06:06
1661421974621708000,163.0,3,162.5,16,163.0,4,1,2022-08-25 10:06:14
1661421983913736000,163.0,2,162.5,16,163.0,4,1,2022-08-25 10:06:23
1661421989136003000,163.0,1,162.5,13,163.0,3,1,2022-08-25 10:06:29
1661421991063664000,163.0,1,162.5,13,163.0,2,1,2022-08-25 10:06:31
1661421993776512000,163.0,1,162.5,13,163.0,1,1,2022-08-25 10:06:33
1661421996665255000,163.0,1,162.5,10,163.5,15,1,2022-08-25 10:06:36
1661422016964403000,163.0,1,163.0,4,163.5,14,2,2022-08-25 10:06:56
1661422022284850000,163.0,1,163.0,3,163.5,14,2,2022-08-25 10:07:02
1661422024557751000,163.0,1,163.0,3,163.5,14,2,2022-08-25 10:07:04
1661422030838649000,163.0,2,163.0,1,163.5,15,2,2022-08-25 10:07:10
1661422030911729000,163.0,1,162.5,6,163.5,15,2,2022-08-25 10:07:10
1661422060759898000,163.0,1,162.5,10,163.0,1,1,2022-08-25 10:07:40
1661422060787758000,163.0,1,162.5,10,163.5,17,1,2022-08-25 10:07:40
1661422072904932000,163.0,1,163.0,2,163.5,23,2,2022-08-25 10:07:52
1661422076034973000,163.0,3,162.5,15,163.0,1,2,2022-08-25 10:07:56
1661422076842368000,162.5,1,162.5,14,163.0,1,2,2022-08-25 10:07:56
1661422107747155000,162.5,1,162.5,7,163.0,2,2,2022-08-25 10:08:27
1661422119674211000,162.5,3,162.5,6,163.0,13,2,2022-08-25 10:08:39
1661422203507480000,162.5,1,162.5,15,163.0,13,2,2022-08-25 10:10:03
1661422206124503000,162.5,2,162.5,13,163.0,13,2,2022-08-25 10:10:06
1661422212397040000,162.5,4,162.5,11,163.0,13,2,2022-08-25 10:10:12
1661422218325045000,162.5,3,162.5,4,163.0,13,2,2022-08-25 10:10:18
1661422223193449000,162.5,2,162.5,7,163.0,13,2,2022-08-25 10:10:23
1661422224967945000,162.5,3,162.0,12,162.5,2,2,2022-08-25 10:10:24
1661422228382648000,162.5,4,162.5,5,163.0,12,1,2022-08-25 10:10:28
1661422236866907000,162.5,3,162.5,6,163.0,13,2,2022-08-25 10:10:36
1661422240840028000,162.5,1,162.5,5,163.0,13,2,2022-08-25 10:10:40
1661422245557817000,162.5,1,162.0,19,163.0,14,2,2022-08-25 10:10:45
1661422289982658000,162.5,2,162.0,18,162.5,5,1,2022-08-25 10:11:29
1661422302789219000,162.5,5,162.0,18,162.5,1,1,2022-08-25 10:11:42
1661422312511357000,162.5,1,162.0,18,163.0,16,1,2022-08-25 10:11:52
1661422339662516000,162.5,1,162.0,18,162.5,2,1,2022-08-25 10:12:19
1661422341359477000,162.5,4,162.5,1,163.0,16,1,2022-08-25 10:12:21
1661422358855149000,163.0,1,162.5,6,163.0,15,1,2022-08-25 10:12:38
1661422371260762000,163.0,1,162.5,7,163.0,15,1,2022-08-25 10:12:51
1661422376744878000,163.0,2,162.5,5,163.0,13,1,2022-08-25 10:12:56
1661422399550422000,162.5,1,162.5,14,163.0,15,2,2022-08-25 10:13:19
1661422404222448000,163.0,2,162.5,15,163.0,13,1,2022-08-25 10:13:24
1661422421156520000,163.0,5,162.5,7,163.0,9,1,2022-08-25 10:13:41
1661422439900370000,163.0,1,162.5,13,163.0,8,1,2022-08-25 10:13:59
1661422457040348000,163.0,3,162.5,16,163.0,6,1,2022-08-25 10:14:17
1661422465812394000,163.0,1,162.5,16,163.0,6,1,2022-08-25 10:14:25
1661422468595940000,163.0,1,162.5,16,163.0,5,1,2022-08-25 10:14:28
1661422473744390000,163.0,1,162.5,16,163.0,4,1,2022-08-25 10:14:33
1661422480600600000,163.0,1,162.5,16,163.0,3,1,2022-08-25 10:14:40
1661422482160560000,163.0,2,162.5,16,163.0,1,1,2022-08-25 10:14:42
1661422485105324000,163.0,1,162.5,16,163.5,22,1,2022-08-25 10:14:45
1661422486237697000,163.5,3,162.5,18,163.5,19,1,2022-08-25 10:14:46
1661422490937128000,163.5,5,162.5,18,163.5,15,1,2022-08-25 10:14:50
1661422509756509000,163.5,1,163.0,12,163.5,15,1,2022-08-25 10:15:09
1661422510444356000,163.5,1,163.0,12,163.5,14,1,2022-08-25 10:15:10
1661422515481581000,163.5,2,163.0,10,163.5,12,1,2022-08-25 10:15:15
1661422523690802000,163.5,2,163.0,11,163.5,10,1,2022-08-25 10:15:23
1661422577726262000,163.5,5,163.0,8,163.5,9,1,2022-08-25 10:16:17
1661422585620677000,163.5,9,163.5,6,164.0,39,1,2022-08-25 10:16:25
1661422587298321000,163.5,1,163.5,7,164.0,40,2,2022-08-25 10:16:27
1661422635605886000,163.5,1,163.5,10,164.0,39,2,2022-08-25 10:17:15
1661422667761627000,163.5,1,163.5,11,164.0,39,2,2022-08-25 10:17:47
1661422670215843000,163.5,2,163.5,9,164.0,37,2,2022-08-25 10:17:50
1661422706620543000,163.5,5,163.5,7,164.0,37,2,2022-08-25 10:18:26
1661422721392052000,163.5,2,163.5,5,164.0,37,2,2022-08-25 10:18:41
1661422721879970000,163.5,1,163.5,4,164.0,37,2,2022-08-25 10:18:41
1661422726949497000,163.5,5,163.0,13,164.0,37,2,2022-08-25 10:18:46
1661422736322089000,163.5,3,163.5,6,164.0,36,1,2022-08-25 10:18:56
1661422743219733000,163.5,5,163.5,2,164.0,37,2,2022-08-25 10:19:03
1661422748205885000,163.5,1,163.5,1,164.0,37,2,2022-08-25 10:19:08
1661422748911248000,163.5,1,163.0,13,164.0,37,2,2022-08-25 10:19:08
1661422775905919000,164.0,1,163.5,1,164.0,36,1,2022-08-25 10:19:35
1661422778399751000,163.5,1,163.0,16,164.0,40,2,2022-08-25 10:19:38
1661422780566518000,163.5,1,163.0,16,164.0,40,2,2022-08-25 10:19:40
1661422886683353000,164.0,1,163.5,15,164.0,41,1,2022-08-25 10:21:26
1661422886723972000,164.0,12,163.5,15,164.0,29,1,2022-08-25 10:21:26
1661422935857856000,164.0,1,163.5,19,164.0,28,1,2022-08-25 10:22:15
1661422935898231000,164.0,12,163.5,19,164.0,16,1,2022-08-25 10:22:15
1661422937170923000,164.0,16,164.0,4,164.5,33,1,2022-08-25 10:22:17
1661422944631186000,164.5,1,164.0,7,164.5,33,1,2022-08-25 10:22:24
1661422946807366000,164.5,5,164.0,10,164.5,27,1,2022-08-25 10:22:26
1661422959420865000,164.5,10,164.0,13,164.5,17,1,2022-08-25 10:22:39
1661422962217592000,164.5,1,164.0,13,164.5,16,1,2022-08-25 10:22:42
1661422965093200000,164.5,2,164.0,13,164.5,14,1,2022-08-25 10:22:45
1661422965118382000,164.5,2,164.0,13,164.5,12,1,2022-08-25 10:22:45
1661422967056481000,164.5,1,164.0,13,164.5,11,1,2022-08-25 10:22:47
1661422967734144000,164.5,1,164.0,13,164.5,10,1,2022-08-25 10:22:47
1661422970986050000,164.5,1,164.0,13,164.5,9,1,2022-08-25 10:22:50
1661422971042017000,164.5,1,164.0,13,164.5,8,1,2022-08-25 10:22:51
1661422971352527000,164.5,2,164.0,13,164.5,6,1,2022-08-25 10:22:51
1661422972054401000,164.5,1,164.0,12,164.5,5,1,2022-08-25 10:22:52
1661422973106395000,164.5,1,164.0,12,164.5,4,1,2022-08-25 10:22:53
1661422977364713000,164.5,1,164.0,12,164.5,3,1,2022-08-25 10:22:57
1661422979741862000,164.5,1,164.0,12,164.5,2,1,2022-08-25 10:22:59
1661422981718287000,164.5,1,164.0,12,164.5,1,1,2022-08-25 10:23:01
1661422981762058000,164.5,1,164.5,1,165.0,74,1,2022-08-25 10:23:01
1661422986735294000,164.5,1,164.5,2,165.0,73,2,2022-08-25 10:23:06
1661423018622824000,164.5,1,164.5,9,165.0,70,2,2022-08-25 10:23:38
1661423020142362000,165.0,20,164.5,9,165.0,50,1,2022-08-25 10:23:40
1661423026433280000,164.5,1,164.5,8,165.0,49,2,2022-08-25 10:23:46
1661423060527365000,164.5,5,164.5,9,165.0,47,2,2022-08-25 10:24:20
1661423069300914000,164.5,1,164.5,8,165.0,47,2,2022-08-25 10:24:29
1661423070768477000,164.5,1,164.5,7,165.0,47,2,2022-08-25 10:24:30
1661423086417609000,164.5,2,164.5,5,165.0,50,2,2022-08-25 10:24:46
1661423093913704000,164.5,1,164.5,5,165.0,50,2,2022-08-25 10:24:53
1661423094031379000,164.5,1,164.5,4,165.0,50,2,2022-08-25 10:24:54
1661423094045350000,164.5,4,164.0,6,165.0,50,2,2022-08-25 10:24:54
1661423112079614000,164.5,1,164.0,6,164.5,3,1,2022-08-25 10:25:12
1661423182685193000,164.5,1,164.0,8,164.5,5,1,2022-08-25 10:26:22
1661423231441992000,164.5,1,164.0,10,164.5,6,1,2022-08-25 10:27:11
1661423247157131000,164.0,6,164.0,4,164.5,13,2,2022-08-25 10:27:27
1661423269848337000,164.0,4,163.5,15,164.0,1,2,2022-08-25 10:27:49
1661423304790168000,163.5,1,163.5,6,164.0,5,2,2022-08-25 10:28:24
1661423343905900000,163.5,1,163.5,7,164.0,18,2,2022-08-25 10:29:03
1661423345930585000,163.5,1,163.5,6,164.0,17,2,2022-08-25 10:29:05
1661423353593820000,163.5,1,163.5,5,164.0,17,2,2022-08-25 10:29:13
1661423372381815000,163.5,5,163.0,12,163.5,1,2,2022-08-25 10:29:32
1661423384193274000,163.5,1,163.0,5,163.5,3,1,2022-08-25 10:29:44
1661423436293676000,163.5,1,163.0,7,163.5,8,1,2022-08-25 10:30:36
1661423458597541000,163.5,2,163.0,7,163.5,6,1,2022-08-25 10:30:58
1661423470992737000,163.5,1,163.0,7,163.5,6,1,2022-08-25 10:31:10
1661423471395280000,163.5,5,163.0,7,163.5,1,1,2022-08-25 10:31:11
1661423471886384000,163.0,2,163.0,5,163.5,1,2,2022-08-25 10:31:11
1661423524312585000,163.0,1,163.0,9,163.5,2,2,2022-08-25 10:32:04
1661423525449961000,163.5,1,163.0,9,163.5,1,1,2022-08-25 10:32:05
1661423695906280000,163.5,1,163.0,17,163.5,3,1,2022-08-25 10:34:55
1661423714228607000,163.5,2,163.0,17,163.5,1,1,2022-08-25 10:35:14
1661423726838472000,163.5,4,163.5,5,164.0,24,1,2022-08-25 10:35:26
1661423727652916000,163.5,2,163.5,4,164.0,24,2,2022-08-25 10:35:27
1661423783604456000,164.0,1,163.5,13,164.0,24,1,2022-08-25 10:36:23
1661423784303507000,164.0,1,163.5,13,164.0,23,1,2022-08-25 10:36:24
1661423784337022000,164.0,12,163.5,13,164.0,11,1,2022-08-25 10:36:24
1661423784395252000,164.0,9,163.5,15,164.0,2,1,2022-08-25 10:36:24
1661423784465266000,164.0,1,163.5,15,164.0,11,1,2022-08-25 10:36:24
1661423788585048000,164.0,1,163.5,15,164.5,18,1,2022-08-25 10:36:28
1661423791366970000,164.5,18,164.5,6,165.0,78,1,2022-08-25 10:36:31
1661423791594237000,164.5,1,164.5,5,165.0,79,2,2022-08-25 10:36:31
1661423818001062000,165.0,2,164.5,9,165.0,78,1,2022-08-25 10:36:58
1661423825285563000,164.5,1,164.5,9,165.0,78,2,2022-08-25 10:37:05
1661423827501124000,164.5,1,164.5,8,165.0,78,2,2022-08-25 10:37:07
1661423829127258000,165.0,1,164.5,8,165.0,77,1,2022-08-25 10:37:09
1661423897235458000,164.5,1,164.5,13,165.0,88,2,2022-08-25 10:38:17
1661423907989917000,165.0,1,164.5,14,165.0,87,1,2022-08-25 10:38:27
1661423916475279000,164.5,3,164.5,10,165.0,89,2,2022-08-25 10:38:36
1661423920667552000,164.5,10,164.0,8,165.0,92,2,2022-08-25 10:38:40
1661423927737398000,165.0,1,164.0,9,165.0,91,1,2022-08-25 10:38:47
1661423954428483000,164.5,1,164.0,10,164.5,1,1,2022-08-25 10:39:14
1661424012320859000,164.5,1,164.0,13,164.5,11,1,2022-08-25 10:40:12
1661424024794847000,164.5,1,164.0,13,164.5,10,1,2022-08-25 10:40:24
1661424056955573000,164.0,14,164.0,2,164.5,11,2,2022-08-25 10:40:56
1661424063511893000,164.0,3,163.5,3,164.5,11,2,2022-08-25 10:41:03
1661424091888358000,163.5,6,163.0,17,163.5,1,2,2022-08-25 10:41:31
1661424103887974000,163.5,1,163.0,18,163.5,1,1,2022-08-25 10:41:43
1661424110584822000,163.5,2,163.0,17,164.0,3,1,2022-08-25 10:41:50
1661424119448730000,163.5,1,163.0,17,164.0,8,1,2022-08-25 10:41:59
1661424120232926000,163.5,1,163.0,17,164.0,8,1,2022-08-25 10:42:00
1661424129134739000,163.5,1,163.0,17,164.0,8,1,2022-08-25 10:42:09
1661424141910952000,163.0,1,163.0,17,163.5,1,2,2022-08-25 10:42:21
1661424149127459000,163.0,3,163.0,13,163.5,1,2,2022-08-25 10:42:29
1661424198350954000,163.0,2,163.0,11,163.5,3,2,2022-08-25 10:43:18
1661424202889999000,163.0,1,163.0,12,163.5,3,2,2022-08-25 10:43:22
1661424250145905000,163.0,1,163.0,12,163.5,2,2,2022-08-25 10:44:10
