ts,close,volume,bid_price,bid_volume,ask_price,ask_volume,tick_type,datetime
1640163735553971000,47.5,626,47.5,11,47.55,14,1,2021-12-22 09:02:15
1640163735594164000,47.55,1,47.5,11,47.55,13,1,2021-12-22 09:02:15
1640163735787593000,47.55,14,47.5,16,47.6,9,1,2021-12-22 09:02:15
1640163735808184000,47.6,9,47.5,16,47.65,13,1,2021-12-22 09:02:15
1640163735855313000,47.5,1,47.5,15,47.65,13,2,2021-12-22 09:02:15
1640163736032156000,47.65,1,47.5,15,47.65,12,1,2021-12-22 09:02:16
1640163736264944000,47.5,11,47.5,8,47.65,12,2,2021-12-22 09:02:16
1640163736470865000,47.5,8,47.45,25,47.65,12,2,2021-12-22 09:02:16
1640163736470865000,47.45,13,47.45,25,47.65,12,2,2021-12-22 09:02:16
1640163737783701000,47.6,1,47.45,25,47.65,4,1,2021-12-22 09:02:17
1640163737783701000,47.65,8,47.45,25,47.65,4,1,2021-12-22 09:02:17
1640163738002335000,47.65,1,47.45,25,47.65,3,1,2021-12-22 09:02:18
1640163739446586000,47.65,2,47.45,25,47.65,2,1,2021-12-22 09:02:19
1640163740447703000,47.65,1,47.5,1,47.65,1,1,2021-12-22 09:02:20
1640163740484254000,47.5,1,47.45,25,47.65,1,2,2021-12-22 09:02:20
1640163740497894000,47.65,1,47.45,25,47.75,8,1,2021-12-22 09:02:20
1640163740503883000,47.45,5,47.45,20,47.75,8,2,2021-12-22 09:02:20
1640163740732562000,47.45,20,47.4,19,47.7,7,2,2021-12-22 09:02:20
1640163740987103000,47.4,16,47.4,3,47.65,9,2,2021-12-22 09:02:20
1640163741020260000,47.4,2,47.3,11,47.65,9,2,2021-12-22 09:02:21
1640163741020674000,47.4,1,47.3,11,47.65,9,2,2021-12-22 09:02:21
1640163741368579000,47.45,1,47.3,11,47.45,5,1,2021-12-22 09:02:21
1640163742051290000,47.45,1,47.3,11,47.45,14,1,2021-12-22 09:02:22
1640163742128321000,47.45,1,47.3,11,47.45,13,1,2021-12-22 09:02:22
1640163742227459000,47.3,2,47.3,9,47.4,5,2,2021-12-22 09:02:22
1640163742248479000,47.3,9,47.25,5,47.4,5,2,2021-12-22 09:02:22
1640163742508176000,47.25,1,47.25,4,47.4,5,2,2021-12-22 09:02:22
1640163742528750000,47.25,4,47.2,1,47.4,5,2,2021-12-22 09:02:22
1640163742739413000,47.2,1,47.1,4,47.35,7,2,2021-12-22 09:02:22
1640163742739413000,47.1,1,47.1,4,47.35,7,2,2021-12-22 09:02:22
1640163744220217000,47.1,1,47.1,3,47.15,5,2,2021-12-22 09:02:24
1640163744356505000,47.15,2,47.1,3,47.15,3,1,2021-12-22 09:02:24
1640163744370097000,47.1,1,47.1,2,47.15,3,2,2021-12-22 09:02:24
1640163744570454000,47.1,2,47.05,2,47.15,3,2,2021-12-22 09:02:24
1640163744948551000,47.05,1,47.05,1,47.15,3,2,2021-12-22 09:02:24
1640163745273405000,47.05,1,47.0,25,47.15,3,2,2021-12-22 09:02:25
1640163745273405000,47.0,1,47.0,25,47.15,3,2,2021-12-22 09:02:25
1640163746242049000,47.0,5,47.0,18,47.1,10,2,2021-12-22 09:02:26
1640163746242688000,47.0,2,47.0,18,47.1,10,2,2021-12-22 09:02:26
1640163746608440000,47.05,2,47.0,18,47.1,9,1,2021-12-22 09:02:26
1640163746608440000,47.1,1,47.0,18,47.1,9,1,2021-12-22 09:02:26
1640163746711214000,47.0,5,47.0,13,47.1,15,2,2021-12-22 09:02:26
1640163746899654000,47.05,1,47.0,13,47.1,15,1,2021-12-22 09:02:26
1640163747440250000,47.0,13,46.95,92,47.05,5,2,2021-12-22 09:02:27
1640163747481160000,46.95,22,46.95,70,47.0,3,2,2021-12-22 09:02:27
1640163747504109000,46.95,14,46.95,56,47.0,4,2,2021-12-22 09:02:27
1640163747508440000,46.95,1,46.95,55,47.0,4,2,2021-12-22 09:02:27
1640163747539848000,46.95,1,46.95,54,47.0,4,2,2021-12-22 09:02:27
1640163747565427000,46.95,7,46.95,47,47.0,4,2,2021-12-22 09:02:27
1640163747595804000,46.95,42,46.95,5,47.0,4,2,2021-12-22 09:02:27
1640163747626923000,46.95,5,46.9,3,47.0,4,2,2021-12-22 09:02:27
1640163748023439000,46.95,1,46.9,3,46.95,14,1,2021-12-22 09:02:28
1640163748078516000,46.9,3,46.8,3,46.9,2,2,2021-12-22 09:02:28
1640163748709612000,46.8,2,46.8,1,46.85,1,2,2021-12-22 09:02:28
1640163748733166000,46.8,1,46.75,1,46.85,1,2,2021-12-22 09:02:28
1640163749026201000,46.75,1,46.55,1,46.8,1,2,2021-12-22 09:02:29
1640163749327357000,46.55,1,46.5,4,46.7,2,2,2021-12-22 09:02:29
1640163749690619000,46.5,2,46.5,2,46.55,2,2,2021-12-22 09:02:29
1640163750063329000,46.5,2,46.4,2,46.65,1,2,2021-12-22 09:02:30
1640163750162752000,46.4,1,46.4,1,46.65,1,2,2021-12-22 09:02:30
1640163750188465000,46.65,1,46.4,1,47.0,10,1,2021-12-22 09:02:30
1640163750188465000,46.7,2,46.4,1,47.0,10,1,2021-12-22 09:02:30
1640163750188465000,46.8,1,46.4,1,47.0,10,1,2021-12-22 09:02:30
1640163750188465000,46.85,8,46.4,1,47.0,10,1,2021-12-22 09:02:30
1640163750188465000,46.9,7,46.4,1,47.0,10,1,2021-12-22 09:02:30
1640163750188465000,46.95,16,46.4,1,47.0,10,1,2021-12-22 09:02:30
1640163751425404000,46.45,5,46.45,3,46.55,2,2,2021-12-22 09:02:31
1640163751455707000,46.55,2,46.45,3,46.95,11,1,2021-12-22 09:02:31
1640163751812425000,46.45,2,46.45,1,46.5,2,2,2021-12-22 09:02:31
1640163752172919000,46.5,1,46.45,1,46.5,1,1,2021-12-22 09:02:32
1640163752381265000,46.5,1,46.45,1,46.65,5,1,2021-12-22 09:02:32
1640163753263136000,46.45,1,46.4,2,46.65,11,2,2021-12-22 09:02:33
1640163753263136000,46.4,1,46.4,2,46.65,11,2,2021-12-22 09:02:33
1640163753769166000,46.65,1,46.35,2,46.65,5,1,2021-12-22 09:02:33
1640163754957149000,46.35,2,46.3,6,46.35,1,2,2021-12-22 09:02:34
1640163754985049000,46.35,1,46.3,6,46.65,5,1,2021-12-22 09:02:34
1640163755254264000,46.6,1,46.3,6,46.45,4,2,2021-12-22 09:02:35
1640163755343364000,46.45,2,46.3,6,46.45,2,1,2021-12-22 09:02:35
1640163755614882000,46.3,1,46.3,5,46.45,2,2,2021-12-22 09:02:35
1640163756270656000,46.3,1,46.3,4,46.45,2,2,2021-12-22 09:02:36
1640163756292861000,46.45,2,46.45,3,46.5,1,1,2021-12-22 09:02:36
1640163756337835000,46.45,1,46.45,2,46.5,1,2,2021-12-22 09:02:36
1640163757178779000,46.45,1,46.45,2,46.5,1,2,2021-12-22 09:02:37
1640163758014114000,46.45,2,46.3,4,46.5,1,2,2021-12-22 09:02:38
1640163759572131000,46.3,4,46.1,5,46.5,7,2,2021-12-22 09:02:39
1640163759727919000,46.1,1,46.1,4,46.45,7,2,2021-12-22 09:02:39
1640163759844312000,46.45,1,46.1,4,46.45,7,1,2021-12-22 09:02:39
1640163759893079000,46.45,5,46.1,4,46.45,2,1,2021-12-22 09:02:39
1640163760619190000,46.45,5,46.15,5,46.5,7,1,2021-12-22 09:02:40
1640163760619493000,46.45,3,46.15,5,46.5,7,1,2021-12-22 09:02:40
1640163760622679000,46.15,1,46.15,4,46.5,7,2,2021-12-22 09:02:40
1640163760986485000,46.45,1,46.2,2,46.5,7,2,2021-12-22 09:02:40
1640163763521706000,46.5,2,46.45,1,46.75,2,1,2021-12-22 09:02:43
1640163764773310000,46.55,1,46.3,1,46.45,1,2,2021-12-22 09:02:44
1640163764773310000,46.45,1,46.3,1,46.45,1,2,2021-12-22 09:02:44
1640163764794813000,46.45,1,46.3,1,46.8,9,1,2021-12-22 09:02:44
1640163765612820000,46.5,2,46.3,5,46.8,9,2,2021-12-22 09:02:45
1640163765648422000,46.45,1,46.3,5,46.75,7,1,2021-12-22 09:02:45
1640163766180967000,46.5,1,46.3,5,46.75,8,1,2021-12-22 09:02:46
1640163770150891000,46.5,1,46.4,3,46.75,1,1,2021-12-22 09:02:50
1640163770516173000,46.75,1,46.45,2,46.8,4,1,2021-12-22 09:02:50
1640163771248263000,46.8,1,46.45,3,46.8,8,1,2021-12-22 09:02:51
1640163772027906000,46.75,1,46.45,3,46.8,8,2,2021-12-22 09:02:52
1640163772372958000,46.45,1,46.45,2,46.75,7,2,2021-12-22 09:02:52
1640163773474393000,46.75,1,46.5,1,46.75,6,1,2021-12-22 09:02:53
1640163773915337000,46.75,1,46.55,1,46.8,3,2,2021-12-22 09:02:53
1640163774428483000,46.55,1,46.5,1,46.8,10,2,2021-12-22 09:02:54
1640163776514982000,46.75,1,46.5,2,46.8,3,1,2021-12-22 09:02:56
1640163776526712000,46.8,1,46.5,2,46.8,2,1,2021-12-22 09:02:56
1640163776667595000,46.7,1,46.5,2,46.8,2,1,2021-12-22 09:02:56
1640163777174779000,46.8,1,46.55,1,46.8,6,1,2021-12-22 09:02:57
1640163777284171000,46.55,1,46.5,2,46.8,6,2,2021-12-22 09:02:57
1640163778408722000,46.55,1,46.5,2,46.75,9,2,2021-12-22 09:02:58
1640163778488171000,46.5,2,46.45,6,46.75,9,2,2021-12-22 09:02:58
1640163778488171000,46.45,2,46.45,6,46.75,9,2,2021-12-22 09:02:58
1640163778812445000,46.45,2,46.45,4,46.7,1,2,2021-12-22 09:02:58
1640163779060884000,46.7,1,46.45,5,46.8,7,1,2021-12-22 09:02:59
1640163779060884000,46.75,9,46.45,5,46.8,7,1,2021-12-22 09:02:59
1640163779393963000,46.55,1,46.5,8,46.8,7,2,2021-12-22 09:02:59
1640163779886583000,46.8,1,46.5,8,46.8,8,1,2021-12-22 09:02:59
1640163780014753000,46.75,1,46.65,1,46.8,1,1,2021-12-22 09:03:00
1640163780223702000,46.8,1,46.65,1,46.85,10,1,2021-12-22 09:03:00
1640163780428054000,46.65,1,46.5,6,46.85,10,2,2021-12-22 09:03:00
1640163780428054000,46.5,2,46.5,6,46.85,10,2,2021-12-22 09:03:00
1640163780799463000,46.5,7,46.4,6,46.8,7,2,2021-12-22 09:03:00
1640163780799463000,46.45,5,46.4,6,46.8,7,2,2021-12-22 09:03:00
1640163780799463000,46.4,1,46.4,6,46.8,7,2,2021-12-22 09:03:00
1640163780826197000,46.4,1,46.4,5,46.8,7,2,2021-12-22 09:03:00
1640163781206101000,46.4,5,46.35,3,46.4,4,2,2021-12-22 09:03:01
1640163781234491000,46.4,4,46.35,3,46.7,7,1,2021-12-22 09:03:01
1640163781241394000,46.35,1,46.35,2,46.7,7,2,2021-12-22 09:03:01
1640163781540387000,46.7,1,46.35,2,46.7,6,1,2021-12-22 09:03:01
1640163783062610000,46.55,1,46.5,1,46.75,16,2,2021-12-22 09:03:03
1640163784118695000,46.7,1,46.5,2,46.7,12,1,2021-12-22 09:03:04
1640163784170777000,46.5,2,46.45,1,46.7,12,2,2021-12-22 09:03:04
1640163784959084000,46.45,1,46.35,2,46.5,4,2,2021-12-22 09:03:04
1640163784959084000,46.4,1,46.35,2,46.5,4,2,2021-12-22 09:03:04
1640163785352127000,46.5,2,46.35,2,46.5,2,1,2021-12-22 09:03:05
1640163785390884000,46.5,2,46.35,2,46.6,7,1,2021-12-22 09:03:05
1640163785871431000,46.5,1,46.5,1,46.55,1,2,2021-12-22 09:03:05
1640163787761836000,46.5,1,46.45,2,46.55,1,2,2021-12-22 09:03:07
1640163788365843000,46.45,2,46.45,1,46.55,1,2,2021-12-22 09:03:08
1640163788479121000,46.45,1,46.35,7,46.55,1,2,2021-12-22 09:03:08
1640163788479121000,46.4,1,46.35,7,46.55,1,2,2021-12-22 09:03:08
1640163788479121000,46.35,1,46.35,7,46.55,1,2,2021-12-22 09:03:08
1640163789334038000,46.55,1,46.5,1,46.6,3,1,2021-12-22 09:03:09
1640163790680473000,46.5,3,46.4,1,46.6,4,2,2021-12-22 09:03:10
1640163792787869000,46.6,2,46.55,1,46.6,2,1,2021-12-22 09:03:12
1640163792823051000,46.6,2,46.55,1,46.65,5,1,2021-12-22 09:03:12
1640163794225207000,46.6,3,46.55,2,46.65,5,1,2021-12-22 09:03:14
1640163794481756000,46.55,1,46.55,1,46.65,5,2,2021-12-22 09:03:14
1640163796426535000,46.65,5,46.6,1,46.75,12,1,2021-12-22 09:03:16
1640163796800889000,46.55,1,46.55,1,46.75,12,2,2021-12-22 09:03:16
1640163797071700000,46.6,1,46.55,1,46.7,1,1,2021-12-22 09:03:17
1640163797562622000,46.55,1,46.5,2,46.7,1,2,2021-12-22 09:03:17
1640163798372458000,46.6,1,46.5,4,46.7,1,2,2021-12-22 09:03:18
1640163801333146000,46.6,2,46.5,4,46.55,17,2,2021-12-22 09:03:21
1640163801333146000,46.55,1,46.5,4,46.55,17,2,2021-12-22 09:03:21
1640163801369835000,46.55,13,46.5,4,46.55,4,1,2021-12-22 09:03:21
1640163801376383000,46.5,1,46.5,3,46.55,4,2,2021-12-22 09:03:21
1640163801401958000,46.55,4,46.5,3,46.7,1,1,2021-12-22 09:03:21
1640163801405689000,46.5,1,46.5,2,46.7,1,2,2021-12-22 09:03:21
1640163801687701000,46.7,4,46.5,2,46.7,4,1,2021-12-22 09:03:21
1640163801917524000,46.6,1,46.55,3,46.6,6,1,2021-12-22 09:03:21
1640163801958830000,46.6,3,46.55,3,46.6,3,1,2021-12-22 09:03:21
1640163801983618000,46.6,3,46.55,3,46.75,12,1,2021-12-22 09:03:21
1640163804442991000,46.6,1,46.55,5,46.6,11,1,2021-12-22 09:03:24
1640163804774651000,46.6,1,46.55,5,46.6,10,1,2021-12-22 09:03:24
1640163806711496000,46.6,6,46.55,5,46.6,5,1,2021-12-22 09:03:26
1640163806738134000,46.6,5,46.55,5,46.65,3,1,2021-12-22 09:03:26
1640163808012073000,46.55,2,46.55,3,46.65,3,2,2021-12-22 09:03:28
1640163808046348000,46.55,3,46.5,10,46.65,3,2,2021-12-22 09:03:28
1640163808753096000,46.6,1,46.5,10,46.65,3,2,2021-12-22 09:03:28
1640163810331703000,46.6,1,46.55,2,46.65,3,1,2021-12-22 09:03:30
1640163810939001000,46.6,3,46.55,2,46.6,7,2,2021-12-22 09:03:30
1640163812341960000,46.6,1,46.55,2,46.6,6,1,2021-12-22 09:03:32
1640163813382259000,46.6,1,46.55,4,46.6,5,1,2021-12-22 09:03:33
1640163813666427000,46.6,1,46.55,4,46.6,4,1,2021-12-22 09:03:33
1640163814665540000,46.6,1,46.55,4,46.6,3,1,2021-12-22 09:03:34
1640163814695544000,46.6,3,46.55,4,46.65,3,1,2021-12-22 09:03:34
1640163814747332000,46.65,3,46.55,4,46.7,6,1,2021-12-22 09:03:34
1640163815037497000,46.55,1,46.55,2,46.7,6,2,2021-12-22 09:03:35
1640163815424903000,46.7,3,46.55,2,46.7,3,1,2021-12-22 09:03:35
1640163815523451000,46.55,1,46.55,1,46.7,3,2,2021-12-22 09:03:35
1640163817422897000,46.55,2,46.5,12,46.6,10,2,2021-12-22 09:03:37
1640163819227640000,46.55,2,46.5,4,46.6,11,2,2021-12-22 09:03:39
1640163819227640000,46.5,8,46.5,4,46.6,11,2,2021-12-22 09:03:39
1640163821666192000,46.55,1,46.55,2,46.6,12,2,2021-12-22 09:03:41
1640163823119654000,46.55,1,46.55,1,46.6,12,2,2021-12-22 09:03:43
1640163823154522000,46.55,1,46.5,6,46.6,12,2,2021-12-22 09:03:43
1640163823965197000,46.5,6,46.45,1,46.6,22,2,2021-12-22 09:03:43
1640163824657271000,46.55,1,46.45,1,46.55,3,1,2021-12-22 09:03:44
1640163827090683000,46.55,4,46.5,5,46.55,2,1,2021-12-22 09:03:47
1640163827775720000,46.5,7,46.45,11,46.55,2,2,2021-12-22 09:03:47
1640163828589424000,46.45,8,46.45,3,46.5,10,2,2021-12-22 09:03:48
1640163828632216000,46.45,1,46.45,2,46.5,10,2,2021-12-22 09:03:48
1640163829816050000,46.5,1,46.45,3,46.5,9,1,2021-12-22 09:03:49
1640163831145034000,46.5,1,46.45,3,46.5,11,1,2021-12-22 09:03:51
1640163831518216000,46.45,3,46.45,5,46.5,11,2,2021-12-22 09:03:51
1640163831656589000,46.45,3,46.45,2,46.5,11,2,2021-12-22 09:03:51
1640163833282146000,46.45,3,46.45,3,46.5,8,2,2021-12-22 09:03:53
1640163833496521000,46.45,3,46.4,4,46.5,8,2,2021-12-22 09:03:53
1640163834501320000,46.4,2,46.4,2,46.45,7,2,2021-12-22 09:03:54
1640163834534006000,46.4,2,46.35,7,46.45,7,2,2021-12-22 09:03:54
1640163834534006000,46.35,4,46.35,7,46.45,7,2,2021-12-22 09:03:54
1640163836622521000,46.35,3,46.35,4,46.4,2,2,2021-12-22 09:03:56
1640163836743860000,46.35,3,46.35,1,46.4,2,2,2021-12-22 09:03:56
1640163836771694000,46.35,1,46.3,11,46.4,2,2,2021-12-22 09:03:56
1640163837923876000,46.3,11,46.25,1,46.35,1,2,2021-12-22 09:03:57
1640163837983577000,46.35,1,46.25,1,46.4,3,1,2021-12-22 09:03:57
1640163838653977000,46.4,1,46.25,1,46.4,2,1,2021-12-22 09:03:58
1640163838736735000,46.4,1,46.25,1,46.4,1,1,2021-12-22 09:03:58
1640163840190187000,46.4,1,46.35,1,46.45,4,1,2021-12-22 09:04:00
1640163840912271000,46.35,1,46.25,2,46.45,4,2,2021-12-22 09:04:00
1640163841757247000,46.35,1,46.25,2,46.45,4,2,2021-12-22 09:04:01
1640163844059962000,46.35,1,46.2,1,46.4,1,2,2021-12-22 09:04:04
1640163844059962000,46.25,2,46.2,1,46.4,1,2,2021-12-22 09:04:04
1640163844059962000,46.2,5,46.2,1,46.4,1,2,2021-12-22 09:04:04
1640163844897585000,46.3,2,46.2,2,46.3,6,2,2021-12-22 09:04:04
1640163845039092000,46.3,2,46.2,2,46.3,4,1,2021-12-22 09:04:05
1640163845058110000,46.3,4,46.2,2,46.35,1,1,2021-12-22 09:04:05
1640163845166140000,46.35,1,46.35,2,46.4,1,1,2021-12-22 09:04:05
1640163845466103000,46.35,1,46.35,1,46.4,1,2,2021-12-22 09:04:05
1640163846341247000,46.4,1,46.35,1,46.45,5,1,2021-12-22 09:04:06
1640163846513581000,46.35,1,46.3,1,46.45,5,2,2021-12-22 09:04:06
1640163847333020000,46.35,1,46.3,2,46.45,5,2,2021-12-22 09:04:07
1640163848608195000,46.35,1,46.3,1,46.45,5,2,2021-12-22 09:04:08
1640163848608195000,46.3,1,46.3,1,46.45,5,2,2021-12-22 09:04:08
1640163848892407000,46.3,1,46.25,1,46.45,5,2,2021-12-22 09:04:08
1640163855927852000,46.25,1,46.2,3,46.3,1,2,2021-12-22 09:04:15
1640163856825322000,46.2,2,46.15,10,46.25,1,2,2021-12-22 09:04:16
1640163857178270000,46.25,1,46.15,10,46.3,3,1,2021-12-22 09:04:17
1640163857785128000,46.2,2,46.15,10,46.3,3,2,2021-12-22 09:04:17
1640163858750478000,46.15,1,46.15,9,46.25,1,2,2021-12-22 09:04:18
1640163863591737000,46.25,1,46.2,1,46.3,6,1,2021-12-22 09:04:23
1640163864324599000,46.2,1,46.15,9,46.3,6,2,2021-12-22 09:04:24
1640163867239426000,46.25,2,46.15,16,46.3,9,2,2021-12-22 09:04:27
1640163867960693000,46.2,2,46.2,8,46.3,9,1,2021-12-22 09:04:27
1640163870274319000,46.3,1,46.2,8,46.3,7,1,2021-12-22 09:04:30
1640163870945427000,46.2,3,46.2,5,46.3,7,2,2021-12-22 09:04:30
1640163871772965000,46.2,1,46.2,4,46.25,2,2,2021-12-22 09:04:31
1640163872232456000,46.25,1,46.2,4,46.25,1,1,2021-12-22 09:04:32
1640163873174332000,46.25,1,46.2,4,46.3,7,1,2021-12-22 09:04:33
1640163873843991000,46.25,3,46.2,5,46.3,7,2,2021-12-22 09:04:33
1640163875180578000,46.25,1,46.2,5,46.25,1,1,2021-12-22 09:04:35
1640163875762883000,46.25,1,46.25,2,46.3,7,1,2021-12-22 09:04:35
1640163877455152000,46.25,4,46.2,8,46.3,7,2,2021-12-22 09:04:37
1640163877689577000,46.25,1,46.2,9,46.3,7,1,2021-12-22 09:04:37
1640163879902980000,46.25,1,46.2,11,46.3,8,2,2021-12-22 09:04:39
1640163882384875000,46.3,1,46.25,1,46.3,7,1,2021-12-22 09:04:42
1640163883164186000,46.25,1,46.25,1,46.3,6,2,2021-12-22 09:04:43
1640163884365918000,46.25,1,46.25,1,46.3,7,2,2021-12-22 09:04:44
1640163884916424000,46.25,2,46.2,14,46.3,7,2,2021-12-22 09:04:44
1640163885070253000,46.25,2,46.2,14,46.3,7,1,2021-12-22 09:04:45
1640163887002610000,46.3,1,46.2,15,46.3,6,1,2021-12-22 09:04:47
1640163888814059000,46.2,15,46.15,20,46.3,6,2,2021-12-22 09:04:48
1640163892135815000,46.2,3,46.15,20,46.25,3,2,2021-12-22 09:04:52
1640163892184760000,46.2,1,46.15,20,46.25,3,1,2021-12-22 09:04:52
1640163892481272000,46.25,4,46.15,20,46.3,5,1,2021-12-22 09:04:52
1640163892481272000,46.3,1,46.15,20,46.3,5,1,2021-12-22 09:04:52
1640163897360427000,46.2,3,46.15,32,46.3,6,2,2021-12-22 09:04:57
1640163904304003000,46.2,1,46.2,7,46.3,6,2,2021-12-22 09:05:04
1640163907480992000,46.2,19,46.15,33,46.25,1,2,2021-12-22 09:05:07
1640163907847642000,46.25,1,46.15,33,46.3,6,1,2021-12-22 09:05:07
1640163910907461000,46.2,1,46.2,1,46.3,6,2,2021-12-22 09:05:10
1640163911992535000,46.2,1,46.2,6,46.3,6,2,2021-12-22 09:05:11
1640163912305570000,46.2,1,46.2,5,46.3,6,2,2021-12-22 09:05:12
1640163912959548000,46.2,5,46.2,3,46.3,6,2,2021-12-22 09:05:12
1640163914003271000,46.2,3,46.15,33,46.3,6,2,2021-12-22 09:05:14
1640163916972849000,46.15,30,46.15,3,46.2,1,2,2021-12-22 09:05:16
1640163917033437000,46.15,1,46.15,2,46.2,1,2,2021-12-22 09:05:17
1640163917970177000,46.2,1,46.15,2,46.25,1,1,2021-12-22 09:05:17
1640163917990418000,46.15,2,46.1,14,46.25,1,2,2021-12-22 09:05:17
1640163923686731000,46.25,1,46.1,14,46.25,1,1,2021-12-22 09:05:23
1640163927008529000,46.2,2,46.15,1,46.25,2,2,2021-12-22 09:05:27
1640163927037736000,46.15,1,46.1,16,46.25,2,2,2021-12-22 09:05:27
1640163929223551000,46.1,16,46.05,3,46.2,1,2,2021-12-22 09:05:29
1640163929398631000,46.15,2,46.05,3,46.25,2,1,2021-12-22 09:05:29
1640163929398631000,46.2,1,46.05,3,46.25,2,1,2021-12-22 09:05:29
1640163932163481000,46.05,2,46.05,1,46.2,5,2,2021-12-22 09:05:32
1640163932186789000,46.05,1,46.0,39,46.2,5,2,2021-12-22 09:05:32
1640163937057575000,46.15,1,46.05,5,46.2,8,2,2021-12-22 09:05:37
1640163937355473000,46.05,5,46.0,42,46.15,1,2,2021-12-22 09:05:37
1640163938013354000,46.0,1,46.0,41,46.15,1,2,2021-12-22 09:05:38
1640163941058456000,46.05,1,46.0,43,46.1,1,1,2021-12-22 09:05:41
1640163941999572000,46.0,1,46.0,44,46.1,1,2,2021-12-22 09:05:41
1640163942781455000,46.05,7,46.0,44,46.1,1,2,2021-12-22 09:05:42
1640163944023166000,46.0,2,46.0,42,46.05,2,2,2021-12-22 09:05:44
1640163944840815000,46.0,1,46.0,39,46.05,2,2,2021-12-22 09:05:44
1640163945460375000,46.0,1,46.0,38,46.05,3,2,2021-12-22 09:05:45
1640163945488959000,46.0,2,46.0,36,46.05,3,2,2021-12-22 09:05:45
1640163945516733000,46.0,1,46.0,35,46.05,3,2,2021-12-22 09:05:45
1640163945684303000,46.0,1,46.0,34,46.05,3,2,2021-12-22 09:05:45
1640163945871500000,46.0,1,46.0,33,46.05,3,2,2021-12-22 09:05:45
1640163947077592000,46.0,1,46.0,33,46.05,4,2,2021-12-22 09:05:47
1640163947425438000,46.0,7,46.0,26,46.05,4,2,2021-12-22 09:05:47
1640163947456330000,46.0,26,45.95,2,46.05,4,2,2021-12-22 09:05:47
1640163947803178000,46.0,1,45.95,2,46.05,4,1,2021-12-22 09:05:47
1640163948355706000,46.05,1,45.95,2,46.05,3,1,2021-12-22 09:05:48
1640163949172260000,45.95,1,45.95,1,46.05,4,2,2021-12-22 09:05:49
1640163950542027000,46.05,1,45.95,1,46.05,3,1,2021-12-22 09:05:50
1640163950778299000,46.05,1,46.0,2,46.05,2,1,2021-12-22 09:05:50
1640163951720599000,46.0,1,46.0,6,46.05,3,2,2021-12-22 09:05:51
1640163958757289000,46.0,5,46.0,6,46.05,6,2,2021-12-22 09:05:58
1640163961468561000,46.0,1,46.0,10,46.05,6,2,2021-12-22 09:06:01
1640163961534026000,46.0,1,46.0,9,46.05,6,2,2021-12-22 09:06:01
1640163961644931000,46.0,1,46.0,8,46.05,6,2,2021-12-22 09:06:01
1640163961828162000,46.0,1,46.0,7,46.05,6,2,2021-12-22 09:06:01
1640163962007192000,46.0,1,46.0,6,46.05,6,2,2021-12-22 09:06:02
1640163964576687000,46.0,1,46.0,8,46.05,8,2,2021-12-22 09:06:04
1640163964704498000,46.0,3,46.0,5,46.05,8,2,2021-12-22 09:06:04
1640163966741656000,46.0,1,46.0,6,46.05,7,2,2021-12-22 09:06:06
1640163967587699000,46.0,5,46.0,2,46.05,7,2,2021-12-22 09:06:07
1640163968297319000,46.0,2,45.85,5,46.05,7,2,2021-12-22 09:06:08
1640163968297319000,45.95,1,45.85,5,46.05,7,2,2021-12-22 09:06:08
1640163968297319000,45.9,7,45.85,5,46.05,7,2,2021-12-22 09:06:08
1640163971120055000,46.05,1,46.0,3,46.05,7,1,2021-12-22 09:06:11
1640163971674715000,46.0,2,46.0,1,46.05,7,2,2021-12-22 09:06:11
1640163976452145000,46.0,1,46.0,1,46.05,7,2,2021-12-22 09:06:16
1640163977132748000,46.0,1,46.0,2,46.05,7,2,2021-12-22 09:06:17
1640163979046720000,46.0,3,45.9,2,46.0,2,2,2021-12-22 09:06:19
1640163980156341000,46.0,2,46.0,1,46.05,7,1,2021-12-22 09:06:20
1640163983334687000,46.05,3,46.0,3,46.05,4,1,2021-12-22 09:06:23
1640163983369754000,46.05,4,46.0,3,46.1,3,1,2021-12-22 09:06:23
1640163983394483000,46.0,1,46.0,2,46.1,3,2,2021-12-22 09:06:23
1640163984622440000,46.0,1,46.0,1,46.1,3,2,2021-12-22 09:06:24
1640163987272389000,46.0,1,45.95,2,46.0,2,2,2021-12-22 09:06:27
1640163988184787000,46.0,1,45.95,3,46.0,1,1,2021-12-22 09:06:28
1640163988220750000,46.0,1,45.95,3,46.1,2,1,2021-12-22 09:06:28
1640163990442113000,46.0,1,46.0,1,46.1,2,2,2021-12-22 09:06:30
1640163990520635000,46.05,1,46.0,1,46.1,2,1,2021-12-22 09:06:30
1640163991841264000,46.0,2,45.95,4,46.1,2,2,2021-12-22 09:06:31
1640163998460179000,46.0,2,46.0,2,46.1,2,2,2021-12-22 09:06:38
1640164000161596000,46.1,2,46.0,5,46.15,3,1,2021-12-22 09:06:40
1640164000924603000,46.0,1,46.0,4,46.15,3,2,2021-12-22 09:06:40
1640164001931284000,46.0,2,46.0,2,46.15,3,2,2021-12-22 09:06:41
1640164005066731000,46.15,3,46.05,1,46.2,5,1,2021-12-22 09:06:45
1640164005458441000,46.05,1,46.0,11,46.2,5,2,2021-12-22 09:06:45
1640164005458441000,46.0,1,46.0,11,46.2,5,2,2021-12-22 09:06:45
1640164009017364000,46.05,1,46.05,1,46.2,5,2,2021-12-22 09:06:49
1640164009944048000,46.2,5,46.05,8,46.25,3,1,2021-12-22 09:06:49
1640164015667589000,46.1,1,46.05,10,46.15,1,1,2021-12-22 09:06:55
1640164020632010000,46.1,1,46.05,10,46.15,1,1,2021-12-22 09:07:00
1640164022017737000,46.1,1,46.05,10,46.15,1,2,2021-12-22 09:07:02
1640164023887138000,46.1,1,46.05,10,46.1,1,1,2021-12-22 09:07:03
1640164025485399000,46.1,1,46.1,4,46.15,1,1,2021-12-22 09:07:05
1640164025578751000,46.15,1,46.1,4,46.25,2,1,2021-12-22 09:07:05
1640164027646934000,46.1,1,46.1,6,46.2,1,2,2021-12-22 09:07:07
1640164031754342000,46.1,1,46.1,8,46.2,1,2,2021-12-22 09:07:11
1640164033658393000,46.15,1,46.1,8,46.2,1,2,2021-12-22 09:07:13
1640164035071341000,46.2,1,46.1,9,46.25,2,1,2021-12-22 09:07:15
1640164043807264000,46.15,1,46.1,12,46.2,1,2,2021-12-22 09:07:23
1640164044575809000,46.2,1,46.1,12,46.25,2,1,2021-12-22 09:07:24
1640164047869486000,46.25,2,46.2,8,46.3,4,1,2021-12-22 09:07:27
1640164052233091000,46.25,1,46.2,9,46.3,4,2,2021-12-22 09:07:32
1640164057239277000,46.25,1,46.2,5,46.3,4,2,2021-12-22 09:07:37
1640164057239277000,46.2,4,46.2,5,46.3,4,2,2021-12-22 09:07:37
1640164059700556000,46.25,1,46.2,6,46.3,4,2,2021-12-22 09:07:39
1640164060381252000,46.3,1,46.2,6,46.3,3,1,2021-12-22 09:07:40
1640164061428637000,46.3,1,46.2,6,46.3,2,1,2021-12-22 09:07:41
1640164066885543000,46.3,3,46.3,1,46.35,1,1,2021-12-22 09:07:46
1640164066920782000,46.3,1,46.2,8,46.35,1,2,2021-12-22 09:07:46
1640164068024090000,46.3,1,46.2,8,46.35,1,1,2021-12-22 09:07:48
1640164072525680000,46.3,1,46.3,1,46.35,1,2,2021-12-22 09:07:52
1640164075486614000,46.35,1,46.3,8,46.45,2,1,2021-12-22 09:07:55
1640164075486614000,46.4,1,46.3,8,46.45,2,1,2021-12-22 09:07:55
1640164080816746000,46.35,1,46.3,23,46.45,2,2,2021-12-22 09:08:00
1640164083519515000,46.4,1,46.35,3,46.45,2,2,2021-12-22 09:08:03
1640164085728305000,46.4,1,46.35,3,46.45,3,1,2021-12-22 09:08:05
1640164085728305000,46.45,1,46.35,3,46.45,3,1,2021-12-22 09:08:05
1640164089056191000,46.4,2,46.35,3,46.45,3,1,2021-12-22 09:08:09
1640164089289577000,46.45,1,46.35,3,46.45,2,1,2021-12-22 09:08:09
1640164091558803000,46.4,1,46.4,1,46.45,2,2,2021-12-22 09:08:11
1640164092987727000,46.45,1,46.4,1,46.45,1,1,2021-12-22 09:08:12
1640164093520452000,46.4,1,46.35,5,46.45,1,2,2021-12-22 09:08:13
1640164093697666000,46.45,1,46.4,1,46.5,13,1,2021-12-22 09:08:13
1640164096011377000,46.5,2,46.45,15,46.5,11,1,2021-12-22 09:08:16
1640164096512508000,46.5,2,46.45,15,46.5,9,1,2021-12-22 09:08:16
1640164099133562000,46.5,1,46.45,17,46.5,8,1,2021-12-22 09:08:19
1640164099165565000,46.5,3,46.45,17,46.5,5,1,2021-12-22 09:08:19
1640164099370456000,46.5,2,46.45,18,46.5,3,1,2021-12-22 09:08:19
1640164099395751000,46.5,2,46.45,18,46.5,1,1,2021-12-22 09:08:19
1640164099431895000,46.5,1,46.45,18,46.6,4,1,2021-12-22 09:08:19
1640164101898281000,46.6,1,46.5,2,46.6,3,1,2021-12-22 09:08:21
1640164101927049000,46.6,3,46.5,2,46.7,4,1,2021-12-22 09:08:21
1640164101940329000,46.7,2,46.5,2,46.7,2,1,2021-12-22 09:08:21
1640164105333495000,46.7,3,46.55,1,46.85,3,1,2021-12-22 09:08:25
1640164105333495000,46.85,3,46.55,1,46.85,3,1,2021-12-22 09:08:25
1640164107216176000,46.7,1,46.65,1,46.85,4,2,2021-12-22 09:08:27
1640164107995286000,46.85,4,46.55,2,46.9,2,1,2021-12-22 09:08:27
1640164107995286000,46.9,1,46.55,2,46.9,2,1,2021-12-22 09:08:27
1640164108898352000,46.85,1,46.7,5,46.85,1,1,2021-12-22 09:08:28
1640164108913825000,46.7,2,46.55,2,46.85,1,2,2021-12-22 09:08:28
1640164108913875000,46.7,3,46.55,2,46.85,1,2,2021-12-22 09:08:28
1640164110189817000,46.7,1,46.6,1,46.7,3,1,2021-12-22 09:08:30
1640164110569614000,46.7,1,46.6,1,46.7,2,1,2021-12-22 09:08:30
1640164110751278000,46.7,1,46.6,1,46.7,1,1,2021-12-22 09:08:30
1640164110779266000,46.7,1,46.85,1,46.9,6,1,2021-12-22 09:08:30
1640164110804056000,46.85,1,46.6,1,46.9,6,2,2021-12-22 09:08:30
1640164111457644000,46.7,1,46.6,1,46.9,6,2,2021-12-22 09:08:31
1640164112126007000,46.6,1,46.55,3,46.85,2,2,2021-12-22 09:08:32
1640164113008819000,46.7,1,46.55,3,46.8,2,2,2021-12-22 09:08:33
1640164113228076000,46.7,1,46.55,3,46.8,2,2,2021-12-22 09:08:33
1640164113447241000,46.7,1,46.55,3,46.8,3,2,2021-12-22 09:08:33
1640164114255019000,46.55,3,46.5,8,46.75,1,2,2021-12-22 09:08:34
1640164115601952000,46.75,1,46.5,7,46.8,4,1,2021-12-22 09:08:35
1640164116521397000,46.75,1,46.7,2,46.8,8,1,2021-12-22 09:08:36
1640164116548934000,46.7,2,46.5,7,46.8,8,2,2021-12-22 09:08:36
1640164117282047000,46.75,1,46.5,8,46.8,8,1,2021-12-22 09:08:37
1640164117841613000,46.6,1,46.5,10,46.75,1,2,2021-12-22 09:08:37
1640164120878152000,46.7,3,46.7,8,46.75,3,2,2021-12-22 09:08:40
1640164122249504000,46.75,2,46.75,1,46.8,8,1,2021-12-22 09:08:42
1640164122283136000,46.75,1,46.7,8,46.8,8,2,2021-12-22 09:08:42
1640164124969133000,46.7,8,46.5,12,46.8,8,2,2021-12-22 09:08:44
1640164124969133000,46.6,2,46.5,12,46.8,8,2,2021-12-22 09:08:44
1640164124969133000,46.5,5,46.5,12,46.8,8,2,2021-12-22 09:08:44
1640164126122145000,46.75,1,46.5,12,46.8,8,1,2021-12-22 09:08:46
1640164126153005000,46.55,1,46.5,12,46.8,8,2,2021-12-22 09:08:46
1640164128494530000,46.5,1,46.5,11,46.7,3,2,2021-12-22 09:08:48
1640164130788996000,46.55,1,46.5,12,46.65,3,2,2021-12-22 09:08:50
1640164131238720000,46.65,1,46.5,12,46.7,4,1,2021-12-22 09:08:51
1640164132141672000,46.5,1,46.5,12,46.65,2,2,2021-12-22 09:08:52
1640164133774585000,46.65,4,46.5,13,46.7,4,1,2021-12-22 09:08:53
1640164133774585000,46.7,2,46.5,13,46.7,4,1,2021-12-22 09:08:53
1640164137486279000,46.55,2,46.5,13,46.65,8,2,2021-12-22 09:08:57
1640164137486279000,46.5,3,46.5,13,46.65,8,2,2021-12-22 09:08:57
1640164138315985000,46.5,13,46.45,19,46.65,8,2,2021-12-22 09:08:58
1640164138376962000,46.45,2,46.45,17,46.55,2,2,2021-12-22 09:08:58
1640164138406225000,46.45,2,46.45,15,46.55,2,2,2021-12-22 09:08:58
1640164139225766000,46.45,15,46.4,9,46.55,2,2,2021-12-22 09:08:59
1640164139715508000,46.4,9,46.35,6,46.55,2,2,2021-12-22 09:08:59
1640164139715508000,46.35,1,46.35,6,46.55,2,2,2021-12-22 09:08:59
1640164141318100000,46.5,1,46.35,6,46.6,4,2,2021-12-22 09:09:01
1640164146211899000,46.5,3,46.35,6,46.55,5,1,2021-12-22 09:09:06
1640164147638285000,46.35,6,46.3,26,46.55,5,2,2021-12-22 09:09:07
1640164153449846000,46.35,1,46.35,6,46.5,3,2,2021-12-22 09:09:13
1640164153606897000,46.5,3,46.5,2,46.55,5,1,2021-12-22 09:09:13
1640164154568186000,46.5,2,46.35,7,46.55,5,2,2021-12-22 09:09:14
1640164156874500000,46.5,1,46.35,19,46.5,2,1,2021-12-22 09:09:16
1640164161658177000,46.4,1,46.35,29,46.5,6,2,2021-12-22 09:09:21
1640164161831675000,46.5,1,46.35,29,46.5,5,1,2021-12-22 09:09:21
1640164168479406000,46.35,25,46.35,4,46.45,1,2,2021-12-22 09:09:28
1640164168510865000,46.35,4,46.3,26,46.45,1,2,2021-12-22 09:09:28
1640164168598762000,46.4,1,46.3,26,46.4,2,1,2021-12-22 09:09:28
1640164169579768000,46.35,5,46.3,26,46.35,6,1,2021-12-22 09:09:29
1640164170837196000,46.35,1,46.3,26,46.35,5,1,2021-12-22 09:09:30
1640164170903595000,46.3,1,46.3,25,46.35,5,2,2021-12-22 09:09:30
1640164171706013000,46.3,2,46.3,23,46.35,5,2,2021-12-22 09:09:31
1640164174325699000,46.3,5,46.3,18,46.35,5,2,2021-12-22 09:09:34
1640164174350077000,46.3,10,46.3,8,46.35,5,2,2021-12-22 09:09:34
1640164175894498000,46.3,1,46.3,7,46.35,5,2,2021-12-22 09:09:35
1640164175920761000,46.3,7,46.2,4,46.35,5,2,2021-12-22 09:09:35
1640164176588027000,46.35,1,46.2,4,46.35,4,1,2021-12-22 09:09:36
1640164179648097000,46.3,1,46.2,4,46.35,4,1,2021-12-22 09:09:39
1640164184632046000,46.3,1,46.2,3,46.3,1,1,2021-12-22 09:09:44
1640164189205135000,46.3,1,46.25,1,46.3,3,1,2021-12-22 09:09:49
1640164190188680000,46.25,1,46.2,2,46.3,3,2,2021-12-22 09:09:50
1640164195422766000,46.3,6,46.3,2,46.35,14,1,2021-12-22 09:09:55
1640164199923778000,46.3,1,46.3,1,46.35,15,2,2021-12-22 09:09:59
1640164203165448000,46.3,1,46.25,1,46.35,11,2,2021-12-22 09:10:03
1640164203653951000,46.25,1,46.2,3,46.35,11,2,2021-12-22 09:10:03
1640164203653951000,46.2,1,46.2,3,46.35,11,2,2021-12-22 09:10:03
1640164206341230000,46.3,1,46.2,3,46.3,2,1,2021-12-22 09:10:06
1640164207595604000,46.3,3,46.2,3,46.35,10,1,2021-12-22 09:10:07
1640164216177124000,46.3,1,46.2,10,46.3,2,1,2021-12-22 09:10:16
1640164216634628000,46.2,10,46.15,6,46.3,2,2,2021-12-22 09:10:16
1640164216909700000,46.15,1,46.15,5,46.25,1,2,2021-12-22 09:10:16
1640164233660764000,46.2,2,46.2,3,46.25,5,2,2021-12-22 09:10:33
1640164235938913000,46.25,5,46.2,3,46.3,9,1,2021-12-22 09:10:35
1640164245768245000,46.2,4,46.2,1,46.25,3,2,2021-12-22 09:10:45
1640164245796728000,46.2,1,46.15,10,46.25,3,2,2021-12-22 09:10:45
1640164253304770000,46.2,1,46.2,2,46.25,8,2,2021-12-22 09:10:53
1640164257722251000,46.2,2,46.2,2,46.25,8,2,2021-12-22 09:10:57
1640164258647149000,46.2,2,46.15,10,46.2,8,2,2021-12-22 09:10:58
1640164261243541000,46.2,2,46.15,10,46.2,7,1,2021-12-22 09:11:01
1640164263807185000,46.15,10,46.1,13,46.2,7,2,2021-12-22 09:11:03
1640164270062235000,46.1,1,46.1,12,46.15,1,2,2021-12-22 09:11:10
1640164276201252000,46.1,5,46.1,7,46.15,2,2,2021-12-22 09:11:16
1640164276228142000,46.1,7,46.05,15,46.15,2,2,2021-12-22 09:11:16
1640164277469142000,46.15,2,46.15,8,46.2,12,1,2021-12-22 09:11:17
1640164278052662000,46.15,5,46.15,3,46.2,12,2,2021-12-22 09:11:18
1640164279962942000,46.15,3,46.05,13,46.15,7,2,2021-12-22 09:11:19
1640164296256338000,46.1,2,46.05,12,46.1,7,1,2021-12-22 09:11:36
1640164296276836000,46.05,1,46.05,11,46.1,7,2,2021-12-22 09:11:36
1640164296309359000,46.05,2,46.05,9,46.1,7,2,2021-12-22 09:11:36
1640164296476660000,46.05,1,46.05,8,46.1,7,2,2021-12-22 09:11:36
1640164296655917000,46.1,6,46.05,8,46.1,1,1,2021-12-22 09:11:36
1640164299637439000,46.1,1,46.05,9,46.15,7,1,2021-12-22 09:11:39
1640164300695329000,46.1,1,46.05,9,46.15,7,1,2021-12-22 09:11:40
1640164304459444000,46.1,2,46.1,2,46.15,7,2,2021-12-22 09:11:44
1640164306188909000,46.1,1,46.1,1,46.15,7,2,2021-12-22 09:11:46
1640164309884010000,46.15,1,46.1,3,46.15,6,1,2021-12-22 09:11:49
1640164310696428000,46.1,3,46.05,9,46.1,2,2,2021-12-22 09:11:50
1640164313502610000,46.1,1,46.05,8,46.1,1,1,2021-12-22 09:11:53
1640164313534735000,46.1,1,46.05,8,46.15,6,1,2021-12-22 09:11:53
1640164314962763000,46.05,8,46.0,55,46.05,2,2,2021-12-22 09:11:54
1640164316082039000,46.05,1,46.0,54,46.05,1,1,2021-12-22 09:11:56
1640164316851309000,46.05,1,46.0,54,46.15,6,1,2021-12-22 09:11:56
1640164323525076000,46.05,1,46.0,54,46.15,6,2,2021-12-22 09:12:03
1640164324661684000,46.05,1,46.05,1,46.15,6,1,2021-12-22 09:12:04
1640164341217104000,46.1,4,46.1,3,46.15,6,1,2021-12-22 09:12:21
1640164344777386000,46.1,3,46.0,59,46.05,5,2,2021-12-22 09:12:24
1640164344777386000,46.05,6,46.0,59,46.05,5,2,2021-12-22 09:12:24
1640164349850239000,46.05,1,46.0,59,46.05,4,1,2021-12-22 09:12:29
1640164349872655000,46.05,4,46.0,59,46.15,6,1,2021-12-22 09:12:29
1640164352827194000,46.05,1,46.05,2,46.15,6,2,2021-12-22 09:12:32
1640164379211156000,46.15,6,46.1,10,46.2,3,1,2021-12-22 09:12:59
1640164381404969000,46.2,2,46.1,10,46.25,4,1,2021-12-22 09:13:01
1640164387100290000,46.1,2,46.1,9,46.25,3,2,2021-12-22 09:13:07
1640164390987182000,46.1,5,46.1,4,46.25,3,2,2021-12-22 09:13:10
1640164402338854000,46.1,1,46.1,6,46.25,8,2,2021-12-22 09:13:22
1640164451952844000,46.25,7,46.2,3,46.4,3,1,2021-12-22 09:14:11
1640164451952844000,46.3,2,46.2,3,46.4,3,1,2021-12-22 09:14:11
1640164451952844000,46.35,1,46.2,3,46.4,3,1,2021-12-22 09:14:11
1640164466373851000,46.4,4,46.2,3,46.55,7,1,2021-12-22 09:14:26
1640164466373851000,46.45,5,46.2,3,46.55,7,1,2021-12-22 09:14:26
1640164466373851000,46.5,16,46.2,3,46.55,7,1,2021-12-22 09:14:26
1640164477988405000,46.55,7,46.4,1,46.6,7,1,2021-12-22 09:14:37
1640164477988405000,46.6,3,46.4,1,46.6,7,1,2021-12-22 09:14:37
1640164478432941000,46.6,1,46.5,1,46.6,6,1,2021-12-22 09:14:38
1640164478464233000,46.6,6,46.5,1,46.65,4,1,2021-12-22 09:14:38
1640164481176670000,46.65,1,46.5,1,46.65,3,1,2021-12-22 09:14:41
1640164481197940000,46.65,3,46.5,1,46.7,14,1,2021-12-22 09:14:41
1640164485399855000,46.55,1,46.4,2,46.55,1,1,2021-12-22 09:14:45
1640164487261616000,46.4,2,46.35,2,46.4,1,2,2021-12-22 09:14:47
1640164487540261000,46.4,1,46.35,2,46.55,1,1,2021-12-22 09:14:47
1640164487566320000,46.55,1,46.35,2,46.6,3,1,2021-12-22 09:14:47
1640164493158354000,46.55,1,46.35,2,46.6,6,2,2021-12-22 09:14:53
1640164493857354000,46.6,2,46.35,3,46.6,4,1,2021-12-22 09:14:53
1640164495212744000,46.5,1,46.4,2,46.6,4,2,2021-12-22 09:14:55
1640164500671438000,46.55,1,46.55,2,46.6,14,2,2021-12-22 09:15:00
1640164500852193000,46.55,2,46.4,2,46.55,1,2,2021-12-22 09:15:00
1640164504879751000,46.4,2,46.35,3,46.55,6,2,2021-12-22 09:15:04
1640164526143536000,46.45,1,46.35,4,46.5,4,2,2021-12-22 09:15:26
1640164526143536000,46.4,13,46.35,4,46.5,4,2,2021-12-22 09:15:26
1640164534867841000,46.45,5,46.35,4,46.5,5,2,2021-12-22 09:15:34
1640164535400353000,46.45,1,46.35,4,46.55,4,1,2021-12-22 09:15:35
1640164535400353000,46.5,6,46.35,4,46.55,4,1,2021-12-22 09:15:35
1640164535400353000,46.55,3,46.35,4,46.55,4,1,2021-12-22 09:15:35
1640164537456008000,46.55,4,46.35,4,46.6,13,1,2021-12-22 09:15:37
1640164537456008000,46.6,1,46.35,4,46.6,13,1,2021-12-22 09:15:37
1640164550575605000,46.55,1,46.4,2,46.55,5,1,2021-12-22 09:15:50
1640164551107264000,46.55,1,46.4,2,46.55,4,1,2021-12-22 09:15:51
1640164551349226000,46.55,1,46.4,2,46.55,3,1,2021-12-22 09:15:51
1640164552625317000,46.55,1,46.4,2,46.55,2,1,2021-12-22 09:15:52
1640164563623406000,46.55,5,46.5,3,46.55,12,1,2021-12-22 09:16:03
1640164563647394000,46.55,5,46.5,3,46.55,7,1,2021-12-22 09:16:03
1640164564405983000,46.55,5,46.5,3,46.55,2,1,2021-12-22 09:16:04
1640164564422877000,46.55,2,46.5,3,46.65,3,1,2021-12-22 09:16:04
1640164564422877000,46.6,2,46.5,3,46.65,3,1,2021-12-22 09:16:04
1640164564422877000,46.65,1,46.5,3,46.65,3,1,2021-12-22 09:16:04
1640164564476759000,46.65,3,46.5,3,46.7,2,1,2021-12-22 09:16:04
1640164564476759000,46.7,2,46.5,3,46.7,2,1,2021-12-22 09:16:04
1640164564727818000,46.55,1,46.5,3,46.7,2,1,2021-12-22 09:16:04
1640164579137882000,46.55,1,46.5,2,46.7,2,2,2021-12-22 09:16:19
1640164579137882000,46.5,3,46.5,2,46.7,2,2,2021-12-22 09:16:19
1640164592561960000,46.55,1,46.35,21,46.65,1,2,2021-12-22 09:16:32
1640164592561960000,46.5,2,46.35,21,46.65,1,2,2021-12-22 09:16:32
1640164592561960000,46.4,4,46.35,21,46.65,1,2,2021-12-22 09:16:32
1640164592561960000,46.35,2,46.35,21,46.65,1,2,2021-12-22 09:16:32
1640164597040173000,46.35,2,46.35,19,46.6,1,2,2021-12-22 09:16:37
1640164613604069000,46.5,2,46.5,2,46.55,1,2,2021-12-22 09:16:53
1640164614608334000,46.5,2,46.35,21,46.55,1,2,2021-12-22 09:16:54
1640164638202830000,46.5,1,46.4,3,46.5,1,1,2021-12-22 09:17:18
1640164651583072000,46.5,1,46.4,4,46.55,4,1,2021-12-22 09:17:31
1640164672711153000,46.55,1,46.5,2,46.55,3,1,2021-12-22 09:17:52
1640164677802525000,46.55,1,46.5,2,46.6,4,1,2021-12-22 09:17:57
1640164699491114000,46.55,1,46.5,3,46.6,4,1,2021-12-22 09:18:19
1640164701408277000,46.55,1,46.5,3,46.6,4,1,2021-12-22 09:18:21
1640164708466603000,46.55,1,46.55,1,46.6,4,2,2021-12-22 09:18:28
1640164709199367000,46.6,4,46.55,1,46.7,5,1,2021-12-22 09:18:29
1640164709199367000,46.65,4,46.55,1,46.7,5,1,2021-12-22 09:18:29
1640164709199367000,46.7,17,46.55,1,46.7,5,1,2021-12-22 09:18:29
1640164709491859000,46.7,5,46.6,2,46.75,1,1,2021-12-22 09:18:29
1640164713002078000,46.75,1,46.75,2,46.8,5,1,2021-12-22 09:18:33
1640164716403444000,46.8,2,46.75,2,46.8,3,1,2021-12-22 09:18:36
1640164716436646000,46.8,3,46.75,2,46.85,5,1,2021-12-22 09:18:36
1640164724858974000,46.8,1,46.65,2,46.8,11,1,2021-12-22 09:18:44
1640164728754048000,46.8,1,46.65,2,46.8,10,1,2021-12-22 09:18:48
1640164730188817000,46.8,5,46.65,2,46.8,6,1,2021-12-22 09:18:50
1640164731911290000,46.8,1,46.6,5,46.8,5,1,2021-12-22 09:18:51
1640164732579704000,46.8,2,46.6,5,46.8,3,1,2021-12-22 09:18:52
1640164733147210000,46.8,2,46.6,5,46.8,1,1,2021-12-22 09:18:53
1640164734762496000,46.8,5,46.6,5,46.8,6,1,2021-12-22 09:18:54
1640164738041507000,46.8,1,46.6,5,46.8,7,1,2021-12-22 09:18:58
1640164739008253000,46.8,1,46.6,5,46.8,6,1,2021-12-22 09:18:59
1640164739556701000,46.8,1,46.65,1,46.8,5,1,2021-12-22 09:18:59
1640164741471337000,46.8,1,46.65,1,46.8,4,1,2021-12-22 09:19:01
1640164741857581000,46.65,1,46.6,1,46.8,4,2,2021-12-22 09:19:01
1640164741857581000,46.6,4,46.6,1,46.8,4,2,2021-12-22 09:19:01
1640164741889521000,46.6,1,46.5,4,46.55,2,2,2021-12-22 09:19:01
1640164741889521000,46.55,1,46.5,4,46.55,2,2,2021-12-22 09:19:01
1640164744732510000,46.55,2,46.5,4,46.8,4,1,2021-12-22 09:19:04
1640164763321194000,46.65,1,46.65,1,46.8,5,2,2021-12-22 09:19:23
1640164794910391000,46.7,1,46.55,2,46.7,2,1,2021-12-22 09:19:54
1640164806054349000,46.65,1,46.55,3,46.7,4,2,2021-12-22 09:20:06
1640164807893819000,46.7,5,46.55,3,46.75,4,1,2021-12-22 09:20:07
1640164807893819000,46.75,5,46.55,3,46.75,4,1,2021-12-22 09:20:07
1640164822757797000,46.7,7,46.6,1,46.75,8,1,2021-12-22 09:20:22
1640164822757797000,46.75,3,46.6,1,46.75,8,1,2021-12-22 09:20:22
1640164826377008000,46.7,1,46.6,1,46.7,2,1,2021-12-22 09:20:26
1640164836823932000,46.65,1,46.6,1,46.7,1,1,2021-12-22 09:20:36
1640164836823932000,46.7,1,46.6,1,46.7,1,1,2021-12-22 09:20:36
1640164869302404000,46.6,2,46.6,4,46.7,4,2,2021-12-22 09:21:09
1640164882064562000,46.65,1,46.6,3,46.7,6,1,2021-12-22 09:21:22
1640164896005911000,46.7,2,46.6,6,46.7,5,1,2021-12-22 09:21:36
1640164896041087000,46.7,1,46.6,6,46.7,4,1,2021-12-22 09:21:36
1640164896884205000,46.7,4,46.7,2,46.75,7,1,2021-12-22 09:21:36
1640164906659093000,46.7,1,46.7,2,46.75,7,2,2021-12-22 09:21:46
1640164931891253000,46.7,7,46.7,1,46.8,5,2,2021-12-22 09:22:11
1640164935287967000,46.7,1,46.65,1,46.8,5,2,2021-12-22 09:22:15
1640164957946518000,46.65,1,46.6,8,46.7,1,2,2021-12-22 09:22:37
1640165022972993000,46.65,1,46.6,7,46.65,5,1,2021-12-22 09:23:42
1640165027300142000,46.65,1,46.6,8,46.65,4,1,2021-12-22 09:23:47
1640165028583123000,46.65,1,46.6,8,46.65,3,1,2021-12-22 09:23:48
1640165028607774000,46.65,1,46.6,8,46.65,2,1,2021-12-22 09:23:48
1640165033372223000,46.65,1,46.6,8,46.65,1,1,2021-12-22 09:23:53
1640165033405145000,46.65,1,46.6,8,46.7,3,1,2021-12-22 09:23:53
1640165039971854000,46.65,1,46.65,2,46.7,3,2,2021-12-22 09:23:59
1640165056340467000,46.7,1,46.65,3,46.7,2,1,2021-12-22 09:24:16
1640165058588403000,46.65,3,46.6,7,46.7,2,2,2021-12-22 09:24:18
1640165088522535000,46.65,1,46.65,18,46.7,5,2,2021-12-22 09:24:48
1640165090436356000,46.7,4,46.65,18,46.7,1,1,2021-12-22 09:24:50
1640165091223841000,46.65,1,46.65,17,46.7,1,2,2021-12-22 09:24:51
1640165096239066000,46.65,3,46.65,14,46.7,1,2,2021-12-22 09:24:56
1640165117182320000,46.65,2,46.65,12,46.7,3,2,2021-12-22 09:25:17
1640165120718106000,46.65,12,46.6,2,46.7,3,2,2021-12-22 09:25:20
1640165120718106000,46.6,3,46.6,2,46.7,3,2,2021-12-22 09:25:20
1640165150174863000,46.6,1,46.6,1,46.65,2,2,2021-12-22 09:25:50
1640165161152577000,46.6,1,46.6,2,46.65,2,2,2021-12-22 09:26:01
1640165165241343000,46.6,1,46.6,1,46.65,2,2,2021-12-22 09:26:05
1640165166036208000,46.6,1,46.55,14,46.65,2,2,2021-12-22 09:26:06
1640165172153188000,46.55,2,46.55,11,46.65,2,2,2021-12-22 09:26:12
1640165176634309000,46.6,1,46.55,11,46.65,4,2,2021-12-22 09:26:16
1640165186534632000,46.55,11,46.5,26,46.55,9,2,2021-12-22 09:26:26
1640165204160791000,46.5,15,46.5,9,46.6,10,2,2021-12-22 09:26:44
1640165204181066000,46.5,9,46.45,12,46.5,1,2,2021-12-22 09:26:44
1640165208719763000,46.45,2,46.45,10,46.5,2,2,2021-12-22 09:26:48
1640165210808857000,46.45,2,46.45,8,46.5,1,2,2021-12-22 09:26:50
1640165210837307000,46.45,1,46.45,7,46.5,1,2,2021-12-22 09:26:50
1640165215016948000,46.45,1,46.45,6,46.5,1,2,2021-12-22 09:26:55
1640165215053870000,46.45,3,46.45,3,46.5,1,2,2021-12-22 09:26:55
1640165218344801000,46.45,3,46.4,4,46.5,1,2,2021-12-22 09:26:58
1640165228563552000,46.4,2,46.4,2,46.45,2,2,2021-12-22 09:27:08
1640165228599658000,46.4,1,46.4,1,46.45,2,2,2021-12-22 09:27:08
1640165232054287000,46.4,1,46.35,2,46.45,2,2,2021-12-22 09:27:12
1640165236090848000,46.35,1,46.35,1,46.45,2,2,2021-12-22 09:27:16
1640165236660843000,46.35,1,46.3,2,46.45,2,2,2021-12-22 09:27:16
1640165257392837000,46.3,1,46.3,4,46.35,3,2,2021-12-22 09:27:37
1640165267751650000,46.3,1,46.3,4,46.35,3,2,2021-12-22 09:27:47
1640165272466102000,46.3,1,46.3,3,46.35,3,2,2021-12-22 09:27:52
1640165274474607000,46.3,1,46.3,2,46.35,3,2,2021-12-22 09:27:54
1640165277294598000,46.3,1,46.3,1,46.35,3,2,2021-12-22 09:27:57
1640165283095275000,46.3,1,46.25,7,46.35,3,2,2021-12-22 09:28:03
1640165308170715000,46.3,1,46.3,2,46.35,3,2,2021-12-22 09:28:28
1640165314990726000,46.3,1,46.25,7,46.3,1,2,2021-12-22 09:28:34
1640165318806110000,46.3,1,46.25,7,46.35,3,1,2021-12-22 09:28:38
1640165340340140000,46.3,1,46.3,2,46.35,3,2,2021-12-22 09:29:00
1640165349963292000,46.35,1,46.3,4,46.45,1,1,2021-12-22 09:29:09
1640165360102601000,46.35,1,46.3,4,46.45,1,1,2021-12-22 09:29:20
1640165368987110000,46.35,2,46.3,4,46.45,1,2,2021-12-22 09:29:28
1640165383955007000,46.35,1,46.35,4,46.45,1,2,2021-12-22 09:29:43
1640165391715721000,46.45,1,46.4,6,46.6,10,1,2021-12-22 09:29:51
1640165407396996000,46.45,1,46.4,6,46.6,10,2,2021-12-22 09:30:07
1640165417448295000,46.45,1,46.4,7,46.6,11,2,2021-12-22 09:30:17
1640165427956079000,46.45,6,46.4,1,46.45,4,1,2021-12-22 09:30:27
1640165447579401000,46.4,1,46.4,2,46.45,4,2,2021-12-22 09:30:47
1640165447647091000,46.45,4,46.4,2,46.6,11,1,2021-12-22 09:30:47
1640165483562121000,46.5,1,46.45,6,46.5,1,1,2021-12-22 09:31:23
1640165488941778000,46.5,1,46.45,6,46.55,1,1,2021-12-22 09:31:28
1640165513832921000,46.5,1,46.5,2,46.55,1,2,2021-12-22 09:31:53
1640165519100723000,46.55,1,46.5,2,46.6,10,1,2021-12-22 09:31:59
1640165531168324000,46.5,1,46.5,1,46.55,8,2,2021-12-22 09:32:11
1640165565864835000,46.5,3,46.45,6,46.5,2,2,2021-12-22 09:32:45
1640165573210082000,46.5,2,46.45,6,46.6,10,1,2021-12-22 09:32:53
1640165573210082000,46.55,8,46.45,6,46.6,10,1,2021-12-22 09:32:53
1640165605161970000,46.55,1,46.5,2,46.6,10,1,2021-12-22 09:33:25
1640165619540546000,46.6,8,46.55,6,46.6,2,1,2021-12-22 09:33:39
1640165619577215000,46.6,2,46.55,6,46.7,2,1,2021-12-22 09:33:39
1640165626976825000,46.7,2,46.7,2,46.75,6,1,2021-12-22 09:33:46
1640165636341670000,46.7,1,46.7,1,46.75,6,2,2021-12-22 09:33:56
1640165638622563000,46.7,1,46.6,3,46.7,1,2,2021-12-22 09:33:58
1640165638839244000,46.7,1,46.6,3,46.75,6,1,2021-12-22 09:33:58
1640165652131722000,46.7,2,46.6,3,46.75,6,2,2021-12-22 09:34:12
1640165659536853000,46.7,1,46.6,5,46.7,1,2,2021-12-22 09:34:19
1640165686502772000,46.7,6,46.6,7,46.75,2,1,2021-12-22 09:34:46
1640165686502772000,46.75,4,46.6,7,46.75,2,1,2021-12-22 09:34:46
1640165713664555000,46.75,1,46.7,2,46.75,1,1,2021-12-22 09:35:13
1640165720427371000,46.75,1,46.7,2,46.8,4,1,2021-12-22 09:35:20
1640165727130391000,46.75,2,46.7,2,46.75,8,2,2021-12-22 09:35:27
1640165731180549000,46.7,2,46.65,1,46.75,8,2,2021-12-22 09:35:31
1640165732160503000,46.75,1,46.65,1,46.75,7,1,2021-12-22 09:35:32
1640165736071615000,46.7,1,46.65,1,46.7,1,1,2021-12-22 09:35:36
1640165736087361000,46.7,1,46.65,1,46.75,7,1,2021-12-22 09:35:36
1640165742704200000,46.7,1,46.7,1,46.75,11,2,2021-12-22 09:35:42
1640165754584726000,46.7,1,46.6,7,46.75,11,2,2021-12-22 09:35:54
1640165755676470000,46.7,1,46.6,7,46.7,9,1,2021-12-22 09:35:55
1640165759581667000,46.7,1,46.6,7,46.7,8,1,2021-12-22 09:35:59
1640165800768441000,46.6,9,46.55,7,46.6,6,2,2021-12-22 09:36:40
1640165812088609000,46.6,1,46.55,6,46.6,5,2,2021-12-22 09:36:52
1640165833455378000,46.6,5,46.55,6,46.65,1,1,2021-12-22 09:37:13
1640165839390511000,46.65,1,46.55,6,46.7,8,1,2021-12-22 09:37:19
1640165839390511000,46.7,4,46.55,6,46.7,8,1,2021-12-22 09:37:19
1640165858014371000,46.7,5,46.55,7,46.7,3,1,2021-12-22 09:37:38
1640165864671597000,46.7,3,46.6,2,46.75,10,1,2021-12-22 09:37:44
1640165886886100000,46.7,2,46.7,12,46.75,10,1,2021-12-22 09:38:06
1640165895328342000,46.75,3,46.7,14,46.75,7,1,2021-12-22 09:38:15
1640165896492765000,46.75,2,46.7,14,46.75,5,1,2021-12-22 09:38:16
1640165897399787000,46.75,5,46.7,14,46.8,5,1,2021-12-22 09:38:17
1640165898334571000,46.7,1,46.7,13,46.8,5,2,2021-12-22 09:38:18
1640165899054516000,46.8,5,46.7,13,46.85,6,1,2021-12-22 09:38:19
1640165908923474000,46.85,6,46.8,2,46.9,22,1,2021-12-22 09:38:28
1640165912291168000,46.9,1,46.8,2,46.9,21,1,2021-12-22 09:38:32
1640165912462060000,46.9,5,46.8,2,46.9,16,1,2021-12-22 09:38:32
1640165912483414000,46.9,16,46.8,3,46.95,67,1,2021-12-22 09:38:32
1640165912503633000,46.95,52,46.8,3,46.95,15,1,2021-12-22 09:38:32
1640165912523556000,46.95,2,46.8,3,46.95,13,1,2021-12-22 09:38:32
1640165912524012000,46.95,13,46.8,3,47.0,22,1,2021-12-22 09:38:32
1640165912739215000,47.0,3,46.85,2,47.0,19,1,2021-12-22 09:38:32
1640165912770155000,47.0,19,46.85,2,47.05,14,1,2021-12-22 09:38:32
1640165918731987000,47.05,2,46.85,3,47.05,12,1,2021-12-22 09:38:38
1640165918900430000,47.05,2,46.85,4,47.05,10,1,2021-12-22 09:38:38
1640165918914465000,47.05,4,46.85,4,47.05,6,1,2021-12-22 09:38:38
1640165918950722000,47.05,1,46.85,4,47.05,5,1,2021-12-22 09:38:38
1640165918952825000,47.05,5,46.85,4,47.1,12,1,2021-12-22 09:38:38
1640165924753063000,47.1,4,47.05,1,47.1,8,1,2021-12-22 09:38:44
1640165924817605000,47.1,1,47.05,1,47.1,7,1,2021-12-22 09:38:44
1640165924827733000,47.1,2,47.05,1,47.1,5,1,2021-12-22 09:38:44
1640165924877559000,47.1,1,47.05,1,47.1,4,1,2021-12-22 09:38:44
1640165925811719000,47.1,1,47.05,1,47.1,5,1,2021-12-22 09:38:45
1640165926937823000,47.1,1,47.05,1,47.1,7,1,2021-12-22 09:38:46
1640165927133524000,47.1,1,47.05,1,47.1,6,1,2021-12-22 09:38:47
1640165927350834000,47.1,1,47.05,1,47.1,5,1,2021-12-22 09:38:47
1640165927383095000,47.1,4,47.05,1,47.1,1,1,2021-12-22 09:38:47
1640165928211386000,47.1,1,46.95,2,47.2,8,1,2021-12-22 09:38:48
1640165928211386000,47.15,2,46.95,2,47.2,8,1,2021-12-22 09:38:48
1640165928211386000,47.2,1,46.95,2,47.2,8,1,2021-12-22 09:38:48
1640165930011267000,47.1,1,47.1,1,47.2,8,2,2021-12-22 09:38:50
1640165932394872000,47.2,1,47.1,2,47.2,7,1,2021-12-22 09:38:52
1640165936329892000,47.2,1,47.1,5,47.2,6,1,2021-12-22 09:38:56
1640165936412187000,47.2,4,47.1,5,47.2,2,1,2021-12-22 09:38:56
1640165936432863000,47.2,2,47.1,5,47.25,17,1,2021-12-22 09:38:56
1640165936504492000,47.25,10,47.2,5,47.25,2,1,2021-12-22 09:38:56
1640165936525020000,47.25,2,47.2,5,47.3,21,1,2021-12-22 09:38:56
1640165936554168000,47.3,1,47.2,5,47.3,20,1,2021-12-22 09:38:56
1640165938801920000,47.3,1,47.25,2,47.3,19,1,2021-12-22 09:38:58
1640165938841449000,47.3,3,47.25,2,47.3,16,1,2021-12-22 09:38:58
1640165939047370000,47.3,1,47.25,2,47.3,15,1,2021-12-22 09:38:59
1640165939071634000,47.3,8,47.25,2,47.3,7,1,2021-12-22 09:38:59
1640165939077084000,47.3,7,47.25,2,47.35,7,1,2021-12-22 09:38:59
1640165939107765000,47.35,7,47.25,2,47.4,2,1,2021-12-22 09:38:59
1640165940459969000,47.4,2,47.4,3,47.45,1,1,2021-12-22 09:39:00
1640165941073990000,47.4,3,47.3,9,47.4,2,2,2021-12-22 09:39:01
1640165942708610000,47.4,1,47.35,1,47.4,1,1,2021-12-22 09:39:02
1640165942736859000,47.4,1,47.35,1,47.45,1,1,2021-12-22 09:39:02
1640165943367116000,47.45,1,47.35,1,47.5,11,1,2021-12-22 09:39:03
1640165943488701000,47.5,1,47.35,1,47.5,10,1,2021-12-22 09:39:03
1640165943583009000,47.5,5,47.35,1,47.5,5,1,2021-12-22 09:39:03
1640165943611612000,47.5,5,47.35,1,47.6,3,1,2021-12-22 09:39:03
1640165943611612000,47.55,1,47.35,1,47.6,3,1,2021-12-22 09:39:03
1640165945504405000,47.55,5,47.55,6,47.6,3,1,2021-12-22 09:39:05
1640165945588941000,47.6,3,47.65,6,47.7,2,1,2021-12-22 09:39:05
1640165945588941000,47.65,1,47.65,6,47.7,2,1,2021-12-22 09:39:05
1640165946286604000,47.65,5,47.65,3,47.7,2,2,2021-12-22 09:39:06
1640165946562054000,47.7,1,47.65,3,47.7,1,1,2021-12-22 09:39:06
1640165946610271000,47.7,1,47.7,1,47.75,14,1,2021-12-22 09:39:06
1640165946612372000,47.75,1,47.7,1,47.75,13,1,2021-12-22 09:39:06
1640165946977618000,47.75,5,47.7,2,47.75,8,1,2021-12-22 09:39:06
1640165947116773000,47.7,1,47.7,1,47.75,8,2,2021-12-22 09:39:07
1640165947671617000,47.75,2,47.7,4,47.75,6,1,2021-12-22 09:39:07
1640165949176454000,47.75,1,47.7,6,47.75,5,1,2021-12-22 09:39:09
1640165949366139000,47.75,1,47.7,6,47.75,4,1,2021-12-22 09:39:09
1640165949937795000,47.75,1,47.7,6,47.75,3,1,2021-12-22 09:39:09
1640165950178649000,47.75,3,47.7,5,47.8,9,1,2021-12-22 09:39:10
1640165950178649000,47.8,2,47.7,5,47.8,9,1,2021-12-22 09:39:10
1640165950864724000,47.8,3,47.75,1,47.8,6,1,2021-12-22 09:39:10
1640165950919741000,47.8,2,47.75,1,47.8,4,1,2021-12-22 09:39:10
1640165951035590000,47.75,1,47.7,11,47.8,4,2,2021-12-22 09:39:11
1640165951542020000,47.8,2,47.75,6,47.8,2,1,2021-12-22 09:39:11
1640165951567865000,47.8,1,47.75,6,47.8,1,1,2021-12-22 09:39:11
1640165951876512000,47.8,1,47.75,6,47.85,4,1,2021-12-22 09:39:11
1640165952727799000,47.85,1,47.75,10,47.85,3,1,2021-12-22 09:39:12
1640165952943459000,47.85,1,47.8,1,47.85,2,1,2021-12-22 09:39:12
1640165953259593000,47.85,1,47.8,1,47.85,6,1,2021-12-22 09:39:13
1640165954219765000,47.85,5,47.8,6,47.85,1,1,2021-12-22 09:39:14
1640165954549740000,47.85,1,47.8,6,47.9,30,1,2021-12-22 09:39:14
1640165954549740000,47.9,1,47.8,6,47.9,30,1,2021-12-22 09:39:14
1640165954659756000,47.9,2,47.8,8,47.9,28,1,2021-12-22 09:39:14
1640165955348548000,47.9,3,47.85,3,47.9,25,1,2021-12-22 09:39:15
1640165955557259000,47.9,1,47.85,3,47.9,24,1,2021-12-22 09:39:15
1640165955579978000,47.9,2,47.85,3,47.9,22,1,2021-12-22 09:39:15
1640165956852415000,47.9,1,47.85,3,47.9,21,1,2021-12-22 09:39:16
1640165956874085000,47.9,1,47.85,3,47.9,20,1,2021-12-22 09:39:16
1640165956895866000,47.9,1,47.85,3,47.9,19,1,2021-12-22 09:39:16
1640165957501783000,47.9,4,47.85,3,47.9,15,1,2021-12-22 09:39:17
1640165957531203000,47.9,6,47.85,3,47.9,9,1,2021-12-22 09:39:17
1640165957551553000,47.9,9,47.85,3,47.95,3,1,2021-12-22 09:39:17
1640165957551553000,47.95,3,47.85,3,47.95,3,1,2021-12-22 09:39:17
1640165958128341000,47.95,3,47.9,7,48.0,31,1,2021-12-22 09:39:18
1640165958432834000,47.9,4,47.9,7,48.0,31,2,2021-12-22 09:39:18
1640165958669306000,48.0,2,47.9,7,48.0,29,1,2021-12-22 09:39:18
1640165959268113000,48.0,2,47.95,3,48.0,27,1,2021-12-22 09:39:19
1640165959462465000,48.0,1,47.95,2,48.0,26,1,2021-12-22 09:39:19
1640165959499637000,48.0,2,47.95,2,48.0,24,1,2021-12-22 09:39:19
1640165959547278000,48.0,24,47.95,2,48.1,8,1,2021-12-22 09:39:19
1640165959652778000,48.1,1,47.95,2,48.1,7,1,2021-12-22 09:39:19
1640165959930146000,48.1,2,48.0,3,48.1,5,1,2021-12-22 09:39:19
1640165959947924000,48.0,1,48.0,2,48.1,5,2,2021-12-22 09:39:19
1640165959962417000,48.1,5,48.0,2,48.15,1,1,2021-12-22 09:39:19
1640165960393210000,48.15,1,48.0,2,48.2,2,1,2021-12-22 09:39:20
1640165961488621000,48.2,2,48.1,2,48.4,3,1,2021-12-22 09:39:21
1640165961488621000,48.35,1,48.1,2,48.4,3,1,2021-12-22 09:39:21
1640165962447024000,48.2,1,48.2,1,48.4,3,2,2021-12-22 09:39:22
1640165962628110000,48.4,2,48.2,1,48.4,1,1,2021-12-22 09:39:22
1640165963145540000,48.3,1,48.2,1,48.35,6,2,2021-12-22 09:39:23
1640165963542747000,48.35,1,48.25,5,48.35,5,1,2021-12-22 09:39:23
1640165963742517000,48.3,1,48.25,5,48.3,1,1,2021-12-22 09:39:23
1640165964260787000,48.3,1,48.25,5,48.35,5,1,2021-12-22 09:39:24
1640165964476984000,48.25,1,48.25,5,48.3,2,2,2021-12-22 09:39:24
1640165964636035000,48.3,2,48.25,5,48.35,2,1,2021-12-22 09:39:24
1640165964636035000,48.35,3,48.25,5,48.35,2,1,2021-12-22 09:39:24
1640165965318992000,48.35,1,48.25,5,48.35,1,1,2021-12-22 09:39:25
1640165965338390000,48.25,3,48.25,2,48.35,1,2,2021-12-22 09:39:25
1640165965638284000,48.3,1,48.25,1,48.35,1,1,2021-12-22 09:39:25
1640165966304462000,48.3,1,48.25,1,48.3,1,1,2021-12-22 09:39:26
1640165966502615000,48.3,1,48.25,1,48.35,1,1,2021-12-22 09:39:26
1640165967240267000,48.3,2,48.25,8,48.35,1,1,2021-12-22 09:39:27
1640165967335224000,48.35,1,48.4,1,48.45,1,1,2021-12-22 09:39:27
1640165967335224000,48.4,1,48.4,1,48.45,1,1,2021-12-22 09:39:27
1640165967345082000,48.4,1,48.25,8,48.3,4,2,2021-12-22 09:39:27
1640165967467143000,48.3,4,48.25,8,48.45,1,1,2021-12-22 09:39:27
1640165967787436000,48.3,2,48.25,8,48.45,1,2,2021-12-22 09:39:27
1640165968099255000,48.3,1,48.25,7,48.5,16,1,2021-12-22 09:39:28
1640165968099255000,48.45,1,48.25,7,48.5,16,1,2021-12-22 09:39:28
1640165968576617000,48.3,1,48.3,1,48.4,5,2,2021-12-22 09:39:28
1640165969325637000,48.35,2,48.25,17,48.3,7,2,2021-12-22 09:39:29
1640165969325637000,48.3,1,48.25,17,48.3,7,2,2021-12-22 09:39:29
1640165969717658000,48.25,1,48.25,16,48.3,7,2,2021-12-22 09:39:29
1640165969818366000,48.3,1,48.25,16,48.3,8,1,2021-12-22 09:39:29
1640165969950273000,48.3,1,48.25,16,48.3,7,1,2021-12-22 09:39:29
1640165970368664000,48.25,1,48.25,15,48.3,7,2,2021-12-22 09:39:30
1640165970660259000,48.3,1,48.25,15,48.3,6,1,2021-12-22 09:39:30
1640165970836732000,48.25,3,48.25,12,48.3,6,2,2021-12-22 09:39:30
1640165971406140000,48.3,1,48.25,12,48.3,5,1,2021-12-22 09:39:31
1640165971901793000,48.25,5,48.25,7,48.3,9,2,2021-12-22 09:39:31
1640165972000720000,48.3,1,48.25,7,48.3,8,1,2021-12-22 09:39:32
1640165972090007000,48.25,5,48.25,2,48.3,9,2,2021-12-22 09:39:32
1640165972140314000,48.25,2,48.2,1,48.3,9,2,2021-12-22 09:39:32
1640165973087438000,48.25,1,48.2,1,48.25,1,1,2021-12-22 09:39:33
1640165973372113000,48.25,2,48.2,1,48.25,4,1,2021-12-22 09:39:33
1640165973469277000,48.25,2,48.2,1,48.25,2,1,2021-12-22 09:39:33
1640165973554421000,48.2,1,48.15,1,48.25,2,2,2021-12-22 09:39:33
1640165973595704000,48.25,2,48.15,1,48.3,14,1,2021-12-22 09:39:33
1640165973942203000,48.2,2,48.15,1,48.3,14,1,2021-12-22 09:39:33
1640165973942203000,48.25,2,48.15,1,48.3,14,1,2021-12-22 09:39:33
1640165974298512000,48.25,1,48.2,1,48.25,1,1,2021-12-22 09:39:34
1640165974522869000,48.25,1,48.2,1,48.3,17,1,2021-12-22 09:39:34
1640165975202364000,48.25,1,48.2,1,48.25,1,1,2021-12-22 09:39:35
1640165975944734000,48.2,1,48.15,1,48.2,13,2,2021-12-22 09:39:35
1640165976918370000,48.2,1,48.15,1,48.2,15,1,2021-12-22 09:39:36
1640165976971790000,48.15,1,48.1,9,48.15,2,2,2021-12-22 09:39:36
1640165977133724000,48.1,1,48.1,11,48.15,5,2,2021-12-22 09:39:37
1640165977957725000,48.1,5,48.1,6,48.15,5,2,2021-12-22 09:39:37
1640165977986952000,48.1,6,48.05,5,48.15,5,2,2021-12-22 09:39:37
1640165978441191000,48.1,3,48.0,9,48.15,3,1,2021-12-22 09:39:38
1640165978441191000,48.15,2,48.0,9,48.15,3,1,2021-12-22 09:39:38
1640165979044088000,48.0,1,48.0,8,48.15,3,2,2021-12-22 09:39:39
1640165979436698000,48.15,1,48.0,8,48.15,2,1,2021-12-22 09:39:39
1640165979559916000,48.0,8,47.95,6,48.0,1,2,2021-12-22 09:39:39
1640165979997171000,47.95,2,47.95,4,48.0,1,2,2021-12-22 09:39:39
1640165980718866000,47.95,1,47.95,3,48.0,1,2,2021-12-22 09:39:40
1640165980739120000,47.95,3,47.9,21,48.0,1,2,2021-12-22 09:39:40
1640165981919185000,47.9,1,47.9,20,48.0,1,2,2021-12-22 09:39:41
1640165982577406000,48.0,1,47.9,18,48.05,1,1,2021-12-22 09:39:42
1640165982577406000,48.05,1,47.9,18,48.05,1,1,2021-12-22 09:39:42
1640165984662977000,47.9,4,47.9,14,48.0,5,2,2021-12-22 09:39:44
1640165984688734000,47.95,1,47.9,1,48.0,5,2,2021-12-22 09:39:44
1640165984688734000,47.9,13,47.9,1,48.0,5,2,2021-12-22 09:39:44
1640165985118687000,47.95,1,47.9,1,47.95,1,1,2021-12-22 09:39:45
1640165985326959000,47.95,1,47.9,1,48.0,5,1,2021-12-22 09:39:45
1640165985326959000,48.0,1,47.9,1,48.0,5,1,2021-12-22 09:39:45
1640165986008830000,47.95,1,47.9,1,48.0,5,2,2021-12-22 09:39:46
1640165986505660000,47.9,1,47.85,3,48.0,10,2,2021-12-22 09:39:46
1640165987297988000,48.0,1,47.9,1,48.0,9,1,2021-12-22 09:39:47
1640165987556262000,47.9,1,47.85,4,48.0,9,2,2021-12-22 09:39:47
1640165987937304000,47.95,1,47.85,4,48.0,9,2,2021-12-22 09:39:47
1640165988660735000,48.0,1,47.95,1,48.0,8,1,2021-12-22 09:39:48
1640165988998679000,48.0,1,47.95,1,48.0,7,1,2021-12-22 09:39:48
1640165989781962000,48.0,1,47.95,5,48.0,6,1,2021-12-22 09:39:49
1640165989810001000,47.95,3,47.95,2,48.0,6,2,2021-12-22 09:39:49
1640165990291328000,47.95,1,47.95,1,48.0,6,2,2021-12-22 09:39:50
1640165990609384000,47.95,1,47.9,3,48.0,6,2,2021-12-22 09:39:50
1640165992244165000,48.0,6,47.95,1,48.0,5,1,2021-12-22 09:39:52
1640165992776874000,48.0,1,47.95,1,48.0,4,1,2021-12-22 09:39:52
1640165994402315000,48.0,3,47.95,1,48.0,2,1,2021-12-22 09:39:54
1640165994434139000,48.0,2,47.95,1,48.05,3,1,2021-12-22 09:39:54
1640165994475371000,47.95,1,47.9,8,47.95,2,2,2021-12-22 09:39:54
1640165994551560000,47.95,2,47.9,8,48.1,13,1,2021-12-22 09:39:54
1640165994551560000,48.05,3,47.9,8,48.1,13,1,2021-12-22 09:39:54
1640165994551560000,48.1,3,47.9,8,48.1,13,1,2021-12-22 09:39:54
1640165996383533000,48.0,1,47.95,10,48.05,2,1,2021-12-22 09:39:56
1640165996383533000,48.05,1,47.95,10,48.05,2,1,2021-12-22 09:39:56
1640165996725582000,48.05,1,48.0,1,48.05,1,1,2021-12-22 09:39:56
1640165997150809000,48.0,2,47.95,9,48.05,1,2,2021-12-22 09:39:57
1640165997150809000,47.95,1,47.95,9,48.05,1,2,2021-12-22 09:39:57
1640165998362236000,48.0,1,47.95,9,48.0,2,2,2021-12-22 09:39:58
1640165998785274000,47.95,5,47.95,4,48.0,2,2,2021-12-22 09:39:58
1640165998863185000,48.0,1,47.95,4,48.0,1,1,2021-12-22 09:39:58
1640165998983275000,48.0,1,47.95,4,48.05,2,1,2021-12-22 09:39:58
1640165999428335000,48.0,1,48.0,4,48.05,2,2,2021-12-22 09:39:59
1640166001939625000,48.0,1,48.0,7,48.05,2,2,2021-12-22 09:40:01
1640166003355253000,48.0,2,48.0,8,48.05,2,2,2021-12-22 09:40:03
1640166004524835000,48.0,2,48.0,6,48.05,2,2,2021-12-22 09:40:04
1640166004543306000,48.0,6,47.95,9,48.05,2,2,2021-12-22 09:40:04
1640166004543306000,47.95,6,47.95,9,48.05,2,2,2021-12-22 09:40:04
1640166005089227000,48.0,1,47.95,9,48.0,4,1,2021-12-22 09:40:05
1640166005453523000,48.0,1,47.95,9,48.0,3,1,2021-12-22 09:40:05
1640166005581702000,47.95,2,47.95,7,48.0,3,2,2021-12-22 09:40:05
1640166005645170000,48.0,1,47.95,7,48.0,2,1,2021-12-22 09:40:05
1640166005662647000,48.0,1,47.95,7,48.0,1,1,2021-12-22 09:40:05
1640166005746545000,48.0,1,47.95,7,48.05,2,1,2021-12-22 09:40:05
1640166005807636000,47.95,2,47.95,5,48.05,2,2,2021-12-22 09:40:05
1640166006668257000,47.95,2,47.95,3,48.0,1,2,2021-12-22 09:40:06
1640166007056710000,48.0,1,47.95,5,48.05,5,1,2021-12-22 09:40:07
1640166007383847000,48.05,1,47.95,9,48.05,4,1,2021-12-22 09:40:07
1640166007773138000,48.0,2,47.95,9,48.0,1,2,2021-12-22 09:40:07
1640166007937965000,48.0,1,47.95,9,48.0,1,1,2021-12-22 09:40:07
1640166008054343000,48.0,1,48.0,2,48.05,4,1,2021-12-22 09:40:08
1640166008575427000,48.0,1,48.0,1,48.05,4,2,2021-12-22 09:40:08
1640166009186318000,48.0,1,47.95,9,48.05,4,2,2021-12-22 09:40:09
1640166009749270000,48.05,4,47.95,9,48.1,15,1,2021-12-22 09:40:09
1640166009749270000,48.1,1,47.95,9,48.1,15,1,2021-12-22 09:40:09
1640166012850073000,48.1,10,48.0,23,48.1,5,1,2021-12-22 09:40:12
1640166012874900000,48.1,3,48.0,23,48.1,2,1,2021-12-22 09:40:12
1640166013141948000,48.05,3,48.0,23,48.1,2,1,2021-12-22 09:40:13
1640166013175812000,48.1,1,48.0,23,48.1,1,1,2021-12-22 09:40:13
1640166013889731000,48.0,10,48.0,16,48.1,1,2,2021-12-22 09:40:13
1640166015203713000,48.05,2,48.0,16,48.05,1,1,2021-12-22 09:40:15
1640166016099509000,48.0,10,48.0,7,48.05,1,2,2021-12-22 09:40:16
1640166016381929000,48.05,1,48.05,2,48.1,1,1,2021-12-22 09:40:16
1640166017086043000,48.1,1,48.05,2,48.15,13,1,2021-12-22 09:40:17
1640166018515444000,48.1,1,48.1,2,48.15,13,2,2021-12-22 09:40:18
1640166018802216000,48.1,1,48.1,1,48.15,13,2,2021-12-22 09:40:18
1640166020349844000,48.1,1,48.05,3,48.15,13,2,2021-12-22 09:40:20
1640166020935801000,48.1,1,48.1,1,48.15,13,2,2021-12-22 09:40:20
1640166021342711000,48.15,2,48.1,1,48.15,11,1,2021-12-22 09:40:21
1640166021612056000,48.1,1,48.05,6,48.1,49,2,2021-12-22 09:40:21
1640166023358154000,48.05,4,48.05,2,48.1,52,2,2021-12-22 09:40:23
1640166023819050000,48.05,2,48.0,9,48.1,52,2,2021-12-22 09:40:23
1640166023987488000,48.0,1,48.0,8,48.1,52,2,2021-12-22 09:40:23
1640166024484274000,48.1,1,48.0,18,48.1,53,1,2021-12-22 09:40:24
1640166025333017000,48.1,15,48.05,1,48.1,38,1,2021-12-22 09:40:25
1640166027243007000,48.1,2,48.05,2,48.1,36,1,2021-12-22 09:40:27
1640166028707434000,48.05,1,48.05,3,48.1,38,2,2021-12-22 09:40:28
1640166029172665000,48.1,2,48.05,3,48.1,36,1,2021-12-22 09:40:29
1640166029511055000,48.1,2,48.05,3,48.1,34,1,2021-12-22 09:40:29
1640166030304393000,48.1,1,48.05,4,48.1,33,1,2021-12-22 09:40:30
1640166030781615000,48.1,5,48.05,14,48.1,30,1,2021-12-22 09:40:30
1640166031598408000,48.1,1,48.05,16,48.1,29,1,2021-12-22 09:40:31
1640166031674481000,48.05,2,48.05,14,48.1,29,2,2021-12-22 09:40:31
1640166032034152000,48.1,1,48.05,14,48.1,28,1,2021-12-22 09:40:32
1640166032625169000,48.1,1,48.05,14,48.1,26,1,2021-12-22 09:40:32
1640166032625356000,48.1,1,48.05,14,48.1,26,1,2021-12-22 09:40:32
1640166032688043000,48.1,2,48.05,14,48.1,24,1,2021-12-22 09:40:32
1640166032854483000,48.1,2,48.05,14,48.1,22,1,2021-12-22 09:40:32
1640166033258762000,48.1,1,48.05,14,48.1,21,1,2021-12-22 09:40:33
1640166033714105000,48.1,2,48.05,15,48.1,19,1,2021-12-22 09:40:33
1640166033831295000,48.1,1,48.05,15,48.1,18,1,2021-12-22 09:40:33
1640166034363199000,48.1,1,48.05,15,48.1,17,1,2021-12-22 09:40:34
1640166034388743000,48.1,2,48.05,15,48.1,15,1,2021-12-22 09:40:34
1640166034591157000,48.1,2,48.05,15,48.1,13,1,2021-12-22 09:40:34
1640166034629216000,48.1,1,48.05,15,48.1,12,1,2021-12-22 09:40:34
1640166034666497000,48.1,1,48.05,15,48.1,10,1,2021-12-22 09:40:34
1640166034666711000,48.1,1,48.05,15,48.1,10,1,2021-12-22 09:40:34
1640166034991696000,48.1,2,48.05,15,48.1,8,1,2021-12-22 09:40:34
1640166035232428000,48.1,1,48.05,15,48.1,7,1,2021-12-22 09:40:35
1640166035393909000,48.1,1,48.05,15,48.1,6,1,2021-12-22 09:40:35
1640166035631368000,48.1,1,48.05,15,48.1,16,1,2021-12-22 09:40:35
1640166035647768000,48.1,2,48.05,15,48.1,14,1,2021-12-22 09:40:35
1640166035959378000,48.1,1,48.05,15,48.1,13,1,2021-12-22 09:40:35
1640166037795379000,48.05,3,48.05,13,48.1,13,2,2021-12-22 09:40:37
1640166037825146000,48.1,1,48.05,13,48.1,12,1,2021-12-22 09:40:37
1640166037968354000,48.1,1,48.05,13,48.1,11,1,2021-12-22 09:40:37
1640166038036791000,48.1,5,48.05,13,48.1,6,1,2021-12-22 09:40:38
1640166038425275000,48.1,1,48.05,13,48.1,5,1,2021-12-22 09:40:38
1640166038620850000,48.1,1,48.05,13,48.1,3,1,2021-12-22 09:40:38
1640166038620993000,48.1,1,48.05,13,48.1,3,1,2021-12-22 09:40:38
1640166038649241000,48.1,1,48.05,13,48.1,2,1,2021-12-22 09:40:38
1640166038905898000,48.05,1,48.05,12,48.1,2,2,2021-12-22 09:40:38
1640166039121755000,48.1,1,48.05,12,48.1,1,1,2021-12-22 09:40:39
1640166039354987000,48.1,1,48.05,12,48.15,11,1,2021-12-22 09:40:39
1640166039411149000,48.05,1,48.05,11,48.15,11,2,2021-12-22 09:40:39
1640166039814072000,48.15,10,48.1,2,48.15,1,1,2021-12-22 09:40:39
1640166039838754000,48.15,1,48.1,2,48.2,14,1,2021-12-22 09:40:39
1640166040016488000,48.1,2,48.05,11,48.1,3,2,2021-12-22 09:40:40
1640166040079651000,48.1,1,48.05,11,48.1,2,1,2021-12-22 09:40:40
1640166040118744000,48.05,1,48.05,10,48.1,2,2,2021-12-22 09:40:40
1640166040297220000,48.1,2,48.1,2,48.2,14,1,2021-12-22 09:40:40
1640166040484444000,48.1,1,48.1,1,48.2,14,2,2021-12-22 09:40:40
1640166040791474000,48.1,1,48.05,11,48.1,4,2,2021-12-22 09:40:40
1640166041103023000,48.1,1,48.05,11,48.1,3,1,2021-12-22 09:40:41
1640166041445474000,48.1,1,48.05,11,48.1,2,1,2021-12-22 09:40:41
1640166042002560000,48.1,1,48.05,10,48.1,1,1,2021-12-22 09:40:42
1640166042592034000,48.1,1,48.05,10,48.2,14,1,2021-12-22 09:40:42
1640166043293964000,48.1,1,48.05,10,48.2,14,2,2021-12-22 09:40:43
1640166044120057000,48.1,1,48.05,6,48.2,14,2,2021-12-22 09:40:44
1640166044120057000,48.05,4,48.05,6,48.2,14,2,2021-12-22 09:40:44
1640166047015760000,48.1,2,48.1,2,48.15,2,2,2021-12-22 09:40:47
1640166047669908000,48.1,1,48.1,2,48.15,3,2,2021-12-22 09:40:47
1640166049304984000,48.1,1,48.1,1,48.15,4,2,2021-12-22 09:40:49
1640166049643800000,48.1,1,48.1,1,48.15,4,2,2021-12-22 09:40:49
1640166050497340000,48.1,1,48.1,1,48.15,4,2,2021-12-22 09:40:50
1640166051022665000,48.1,1,48.05,12,48.15,4,2,2021-12-22 09:40:51
1640166054449821000,48.05,2,48.05,11,48.1,8,2,2021-12-22 09:40:54
1640166054475595000,48.05,3,48.05,8,48.1,8,2,2021-12-22 09:40:54
1640166054673288000,48.05,2,48.05,6,48.1,8,2,2021-12-22 09:40:54
1640166054700639000,48.1,1,48.05,6,48.1,7,1,2021-12-22 09:40:54
1640166055048404000,48.1,1,48.05,6,48.1,6,1,2021-12-22 09:40:55
1640166055520775000,48.05,2,48.05,4,48.1,6,2,2021-12-22 09:40:55
1640166055522470000,48.1,1,48.05,4,48.1,5,1,2021-12-22 09:40:55
1640166055592875000,48.1,5,48.05,4,48.15,7,1,2021-12-22 09:40:55
1640166055738317000,48.05,2,48.05,2,48.15,7,2,2021-12-22 09:40:55
1640166057101675000,48.1,1,48.1,3,48.15,8,2,2021-12-22 09:40:57
1640166057324072000,48.15,1,48.1,3,48.15,7,1,2021-12-22 09:40:57
1640166057333799000,48.1,1,48.1,2,48.15,7,2,2021-12-22 09:40:57
1640166057571615000,48.15,2,48.1,2,48.15,5,1,2021-12-22 09:40:57
1640166057707338000,48.1,2,48.05,2,48.15,5,2,2021-12-22 09:40:57
1640166058169330000,48.1,1,48.1,1,48.15,5,2,2021-12-22 09:40:58
1640166060074622000,48.1,1,48.1,1,48.15,5,2,2021-12-22 09:41:00
1640166061052985000,48.1,1,48.05,4,48.1,1,2,2021-12-22 09:41:01
1640166062210319000,48.05,2,48.05,2,48.1,4,2,2021-12-22 09:41:02
1640166064046270000,48.1,1,48.05,3,48.1,2,1,2021-12-22 09:41:04
1640166064795117000,48.05,1,48.05,2,48.1,2,2,2021-12-22 09:41:04
1640166065488565000,48.1,2,48.1,3,48.15,6,1,2021-12-22 09:41:05
1640166066503735000,48.15,1,48.1,3,48.15,5,1,2021-12-22 09:41:06
1640166066688263000,48.1,1,48.1,2,48.15,5,2,2021-12-22 09:41:06
1640166067535259000,48.1,1,48.1,1,48.15,5,2,2021-12-22 09:41:07
1640166068970974000,48.1,1,48.1,2,48.15,5,2,2021-12-22 09:41:08
1640166069578446000,48.1,2,48.05,6,48.1,1,2,2021-12-22 09:41:09
1640166070785485000,48.1,2,48.05,6,48.15,11,1,2021-12-22 09:41:10
1640166072045091000,48.1,1,48.05,6,48.1,2,1,2021-12-22 09:41:12
1640166072904486000,48.1,1,48.05,6,48.1,1,1,2021-12-22 09:41:12
1640166075496268000,48.1,2,48.1,8,48.15,11,1,2021-12-22 09:41:15
1640166078662834000,48.15,1,48.1,8,48.15,12,1,2021-12-22 09:41:18
1640166079355945000,48.1,1,48.1,7,48.15,12,2,2021-12-22 09:41:19
1640166080458989000,48.1,1,48.1,6,48.15,12,2,2021-12-22 09:41:20
1640166082890138000,48.1,8,48.05,8,48.1,7,2,2021-12-22 09:41:22
1640166084634315000,48.1,1,48.05,10,48.1,6,1,2021-12-22 09:41:24
1640166085258940000,48.1,1,48.05,10,48.1,5,1,2021-12-22 09:41:25
1640166085495123000,48.1,1,48.05,10,48.1,4,1,2021-12-22 09:41:25
1640166087563795000,48.1,1,48.05,10,48.1,4,1,2021-12-22 09:41:27
1640166090334403000,48.1,1,48.05,10,48.1,3,1,2021-12-22 09:41:30
1640166091085979000,48.05,1,48.05,9,48.1,5,2,2021-12-22 09:41:31
1640166091777164000,48.1,5,48.05,10,48.15,12,1,2021-12-22 09:41:31
1640166093333048000,48.05,2,48.05,8,48.1,1,2,2021-12-22 09:41:33
1640166094168383000,48.05,2,48.05,6,48.1,1,2,2021-12-22 09:41:34
1640166094708621000,48.05,2,48.05,4,48.1,1,2,2021-12-22 09:41:34
1640166095948943000,48.05,1,48.05,3,48.1,1,2,2021-12-22 09:41:35
1640166095996661000,48.1,1,48.05,3,48.15,13,1,2021-12-22 09:41:35
1640166096153932000,48.1,1,48.05,3,48.1,1,2,2021-12-22 09:41:36
1640166098832937000,48.05,1,48.05,2,48.1,2,2,2021-12-22 09:41:38
1640166099901424000,48.05,1,48.05,1,48.1,4,2,2021-12-22 09:41:39
1640166099923077000,48.05,1,48.0,32,48.1,4,2,2021-12-22 09:41:39
1640166100112270000,48.1,1,48.0,32,48.1,3,1,2021-12-22 09:41:40
1640166101335474000,48.05,1,48.0,32,48.1,15,1,2021-12-22 09:41:41
1640166102792854000,48.0,1,48.0,31,48.1,20,2,2021-12-22 09:41:42
1640166104135175000,48.05,1,48.0,31,48.1,22,1,2021-12-22 09:41:44
1640166104135175000,48.1,1,48.0,31,48.1,22,1,2021-12-22 09:41:44
1640166104224190000,48.1,3,48.05,1,48.1,19,1,2021-12-22 09:41:44
1640166104357327000,48.05,1,48.0,31,48.05,1,2,2021-12-22 09:41:44
1640166107477661000,48.0,14,48.0,16,48.05,2,2,2021-12-22 09:41:47
1640166107508325000,48.0,16,47.95,7,48.05,2,2,2021-12-22 09:41:47
1640166108602529000,47.95,1,47.95,6,48.05,2,2,2021-12-22 09:41:48
1640166108620034000,47.95,6,47.9,15,48.05,2,2,2021-12-22 09:41:48
1640166108942806000,48.05,2,47.9,15,48.1,23,1,2021-12-22 09:41:48
1640166110052556000,47.9,2,47.9,13,48.0,2,2,2021-12-22 09:41:50
1640166110083631000,47.9,13,47.85,11,48.0,2,2,2021-12-22 09:41:50
1640166110621417000,47.95,1,47.85,11,47.95,1,1,2021-12-22 09:41:50
1640166114356312000,47.95,2,47.85,11,48.0,2,1,2021-12-22 09:41:54
1640166117258051000,47.85,1,47.85,8,48.0,2,2,2021-12-22 09:41:57
1640166117285674000,47.85,8,47.8,2,48.0,2,2,2021-12-22 09:41:57
1640166117475108000,47.8,2,47.75,1,47.8,1,2,2021-12-22 09:41:57
1640166118816249000,47.8,1,47.75,1,48.0,3,1,2021-12-22 09:41:58
1640166121633411000,47.8,2,48.0,9,48.05,6,1,2021-12-22 09:42:01
1640166121633411000,48.0,4,48.0,9,48.05,6,1,2021-12-22 09:42:01
1640166121709622000,48.0,1,48.0,8,48.05,6,2,2021-12-22 09:42:01
1640166121951504000,48.0,2,48.0,6,48.05,6,2,2021-12-22 09:42:01
1640166121991002000,48.0,2,48.0,4,48.05,6,2,2021-12-22 09:42:01
1640166122485988000,48.0,4,47.75,1,48.0,6,2,2021-12-22 09:42:02
1640166123519271000,47.8,1,47.75,1,48.0,6,2,2021-12-22 09:42:03
1640166126523792000,48.0,1,47.65,4,48.0,7,1,2021-12-22 09:42:06
1640166133873999000,47.9,1,47.75,2,47.95,2,1,2021-12-22 09:42:13
1640166138516261000,47.95,3,47.9,1,48.0,22,1,2021-12-22 09:42:18
1640166144294869000,47.95,1,47.9,3,48.0,20,2,2021-12-22 09:42:24
1640166145782463000,47.95,1,47.9,3,47.95,4,1,2021-12-22 09:42:25
1640166146719501000,47.95,1,47.9,3,47.95,3,1,2021-12-22 09:42:26
1640166147067479000,47.95,1,47.9,3,47.95,2,1,2021-12-22 09:42:27
1640166147096246000,47.95,2,47.9,3,48.0,15,1,2021-12-22 09:42:27
1640166150128279000,47.9,1,47.9,2,48.0,16,2,2021-12-22 09:42:30
1640166152109916000,48.0,1,47.95,2,48.0,16,1,2021-12-22 09:42:32
1640166153103533000,48.0,1,47.95,2,48.0,15,1,2021-12-22 09:42:33
1640166153270296000,47.95,1,47.95,1,48.0,15,2,2021-12-22 09:42:33
1640166153649437000,47.95,1,47.9,2,48.0,15,2,2021-12-22 09:42:33
1640166155003520000,47.9,2,47.55,2,47.95,1,2,2021-12-22 09:42:35
1640166155003520000,47.8,2,47.55,2,47.95,1,2,2021-12-22 09:42:35
1640166155003520000,47.75,3,47.55,2,47.95,1,2,2021-12-22 09:42:35
1640166155003520000,47.7,6,47.55,2,47.95,1,2,2021-12-22 09:42:35
1640166155003520000,47.65,3,47.55,2,47.95,1,2,2021-12-22 09:42:35
1640166155003520000,47.6,3,47.55,2,47.95,1,2,2021-12-22 09:42:35
1640166155003520000,47.55,1,47.55,2,47.95,1,2,2021-12-22 09:42:35
1640166157763412000,47.9,2,47.6,2,47.95,1,1,2021-12-22 09:42:37
1640166168043083000,47.9,1,47.7,2,47.9,8,1,2021-12-22 09:42:48
1640166169485174000,47.9,1,47.7,2,47.9,6,1,2021-12-22 09:42:49
1640166169693046000,47.7,1,47.7,1,47.9,6,2,2021-12-22 09:42:49
1640166174124049000,47.7,1,47.7,2,47.9,6,2,2021-12-22 09:42:54
1640166175061446000,47.7,1,47.7,1,47.9,6,2,2021-12-22 09:42:55
1640166176269342000,47.7,1,47.65,1,47.7,2,2,2021-12-22 09:42:56
1640166176803361000,47.7,1,47.65,1,47.7,1,1,2021-12-22 09:42:56
1640166176842760000,47.7,1,47.65,1,47.9,9,1,2021-12-22 09:42:56
1640166179490313000,47.65,1,47.55,3,47.6,6,2,2021-12-22 09:42:59
1640166179490313000,47.6,20,47.55,3,47.6,6,2,2021-12-22 09:42:59
1640166183273839000,47.6,2,47.55,5,47.6,4,1,2021-12-22 09:43:03
1640166183304258000,47.6,4,47.55,5,47.85,1,1,2021-12-22 09:43:03
1640166184380424000,47.55,1,47.55,4,47.85,4,2,2021-12-22 09:43:04
1640166189883730000,47.8,2,47.6,1,47.85,12,1,2021-12-22 09:43:09
1640166191722600000,47.6,2,47.55,12,47.7,5,2,2021-12-22 09:43:11
1640166191722600000,47.55,2,47.55,12,47.7,5,2,2021-12-22 09:43:11
1640166196398716000,47.55,1,47.55,13,47.7,5,2,2021-12-22 09:43:16
1640166201874769000,47.7,1,47.6,3,47.7,4,1,2021-12-22 09:43:21
1640166201899591000,47.7,4,47.6,3,47.8,5,1,2021-12-22 09:43:21
1640166205068104000,47.8,1,47.6,5,47.8,5,1,2021-12-22 09:43:25
1640166211026002000,47.7,5,47.65,1,47.8,6,1,2021-12-22 09:43:31
1640166216926846000,47.8,1,47.7,1,47.8,6,1,2021-12-22 09:43:36
1640166217054868000,47.8,4,47.7,1,47.8,2,1,2021-12-22 09:43:37
1640166217093584000,47.8,2,47.7,1,47.85,3,1,2021-12-22 09:43:37
1640166219194736000,47.7,2,47.65,3,47.7,3,2,2021-12-22 09:43:39
1640166223297548000,47.7,4,47.7,6,47.8,2,1,2021-12-22 09:43:43
1640166231139816000,47.75,1,47.7,13,47.8,6,1,2021-12-22 09:43:51
1640166233090225000,47.7,2,47.7,11,47.8,6,2,2021-12-22 09:43:53
1640166235157993000,47.7,4,47.7,8,47.8,6,2,2021-12-22 09:43:55
1640166238619894000,47.8,5,47.75,1,47.8,1,1,2021-12-22 09:43:58
1640166238639745000,47.8,1,47.75,1,47.85,6,1,2021-12-22 09:43:58
1640166240434668000,47.85,3,47.8,1,47.85,3,1,2021-12-22 09:44:00
1640166242494135000,47.85,1,47.8,1,47.85,2,1,2021-12-22 09:44:02
1640166242532116000,47.85,2,47.8,1,47.9,9,1,2021-12-22 09:44:02
1640166248484408000,47.85,1,47.8,4,47.9,5,1,2021-12-22 09:44:08
1640166248484408000,47.9,3,47.8,4,47.9,5,1,2021-12-22 09:44:08
1640166252454754000,47.85,2,47.85,1,47.9,5,2,2021-12-22 09:44:12
1640166253618206000,47.9,1,47.85,1,47.9,4,1,2021-12-22 09:44:13
1640166254079712000,47.9,1,47.85,1,47.9,3,1,2021-12-22 09:44:14
1640166254089203000,47.9,1,47.85,1,47.9,2,1,2021-12-22 09:44:14
1640166254438913000,47.9,2,47.9,1,47.95,5,1,2021-12-22 09:44:14
1640166256672395000,47.95,1,47.9,3,47.95,4,1,2021-12-22 09:44:16
1640166256963455000,47.9,2,47.9,1,47.95,4,2,2021-12-22 09:44:16
1640166259215347000,47.95,1,47.9,1,47.95,3,1,2021-12-22 09:44:19
1640166259249267000,47.95,3,47.9,1,48.0,15,1,2021-12-22 09:44:19
1640166260875928000,47.95,2,47.95,9,48.0,15,2,2021-12-22 09:44:20
1640166265477455000,48.0,10,47.95,10,48.0,5,1,2021-12-22 09:44:25
1640166265698878000,48.0,5,47.95,10,48.05,4,1,2021-12-22 09:44:25
1640166266553081000,48.05,1,47.95,50,48.05,4,1,2021-12-22 09:44:26
1640166268640229000,48.0,1,48.0,2,48.05,5,2,2021-12-22 09:44:28
1640166269730177000,48.05,1,48.0,8,48.05,4,1,2021-12-22 09:44:29
1640166274493250000,48.05,1,48.0,14,48.05,5,1,2021-12-22 09:44:34
1640166274734189000,48.05,2,48.0,14,48.05,3,1,2021-12-22 09:44:34
1640166274769904000,48.05,1,48.0,14,48.05,2,1,2021-12-22 09:44:34
1640166274781743000,48.0,1,48.0,13,48.05,2,2,2021-12-22 09:44:34
1640166274836484000,48.05,1,48.0,13,48.05,1,1,2021-12-22 09:44:34
1640166274872204000,48.05,1,48.0,13,48.1,17,1,2021-12-22 09:44:34
1640166275424995000,48.1,1,48.0,13,48.1,16,1,2021-12-22 09:44:35
1640166275605305000,48.05,1,48.0,13,48.1,16,1,2021-12-22 09:44:35
1640166278540844000,48.1,1,48.05,1,48.1,14,1,2021-12-22 09:44:38
1640166281618196000,48.1,6,48.05,5,48.1,8,1,2021-12-22 09:44:41
1640166281633892000,48.1,4,48.05,5,48.1,4,1,2021-12-22 09:44:41
1640166281668376000,48.1,4,48.05,5,48.15,11,1,2021-12-22 09:44:41
1640166283120499000,48.1,1,48.05,48,48.15,11,2,2021-12-22 09:44:43
1640166283250440000,48.05,1,48.05,47,48.15,11,2,2021-12-22 09:44:43
1640166284684108000,48.15,1,48.1,1,48.15,10,1,2021-12-22 09:44:44
1640166284729571000,48.15,1,48.1,1,48.15,9,1,2021-12-22 09:44:44
1640166284875691000,48.1,1,48.05,12,48.1,1,2,2021-12-22 09:44:44
1640166285053176000,48.1,1,48.05,12,48.15,9,1,2021-12-22 09:44:45
1640166286934025000,48.1,1,48.05,12,48.15,2,1,2021-12-22 09:44:46
1640166286934025000,48.15,7,48.05,12,48.15,2,1,2021-12-22 09:44:46
1640166287845156000,48.15,1,48.1,1,48.2,13,1,2021-12-22 09:44:47
1640166288100420000,48.1,1,48.05,11,48.2,13,2,2021-12-22 09:44:48
1640166288100420000,48.05,2,48.05,11,48.2,13,2,2021-12-22 09:44:48
1640166290334193000,48.2,1,48.05,11,48.2,12,1,2021-12-22 09:44:50
1640166292143644000,48.1,1,48.1,5,48.2,12,2,2021-12-22 09:44:52
1640166294271114000,48.2,1,48.1,5,48.2,10,1,2021-12-22 09:44:54
1640166297819017000,48.15,1,48.1,5,48.2,7,1,2021-12-22 09:44:57
1640166297819017000,48.2,4,48.1,5,48.2,7,1,2021-12-22 09:44:57
1640166299304321000,48.2,1,48.1,6,48.2,9,1,2021-12-22 09:44:59
1640166301835188000,48.2,1,48.15,1,48.2,8,1,2021-12-22 09:45:01
1640166303514540000,48.2,1,48.15,1,48.2,19,1,2021-12-22 09:45:03
1640166304844094000,48.15,1,48.1,6,48.15,4,2,2021-12-22 09:45:04
1640166305239451000,48.15,4,48.1,6,48.2,13,1,2021-12-22 09:45:05
1640166305239451000,48.2,6,48.1,6,48.2,13,1,2021-12-22 09:45:05
1640166308242030000,48.2,1,48.15,2,48.2,12,1,2021-12-22 09:45:08
1640166308361837000,48.2,3,48.15,2,48.2,9,1,2021-12-22 09:45:08
1640166308549933000,48.2,1,48.15,2,48.2,8,1,2021-12-22 09:45:08
1640166312498484000,48.15,1,48.15,6,48.2,14,2,2021-12-22 09:45:12
1640166312569139000,48.15,1,48.15,5,48.2,14,2,2021-12-22 09:45:12
1640166312705435000,48.15,1,48.15,4,48.2,24,2,2021-12-22 09:45:12
1640166312737894000,48.15,4,48.1,13,48.2,24,2,2021-12-22 09:45:12
1640166313266255000,48.2,2,48.1,13,48.2,22,1,2021-12-22 09:45:13
1640166318657503000,48.15,2,48.1,14,48.2,15,1,2021-12-22 09:45:18
1640166318657503000,48.2,8,48.1,14,48.2,15,1,2021-12-22 09:45:18
1640166318859069000,48.1,1,48.1,13,48.2,15,2,2021-12-22 09:45:18
1640166320400874000,48.15,1,48.15,6,48.2,16,2,2021-12-22 09:45:20
1640166321825502000,48.2,1,48.15,6,48.2,15,1,2021-12-22 09:45:21
1640166323259621000,48.2,2,48.15,6,48.2,14,1,2021-12-22 09:45:23
1640166325927546000,48.2,2,48.15,6,48.2,12,1,2021-12-22 09:45:25
1640166328117053000,48.2,1,48.15,6,48.2,12,1,2021-12-22 09:45:28
1640166329785624000,48.2,1,48.15,6,48.2,11,1,2021-12-22 09:45:29
1640166333267241000,48.15,1,48.15,7,48.2,12,2,2021-12-22 09:45:33
1640166333433879000,48.2,1,48.15,7,48.2,11,1,2021-12-22 09:45:33
1640166334697482000,48.2,1,48.15,7,48.2,11,1,2021-12-22 09:45:34
1640166334779255000,48.2,1,48.15,7,48.2,10,1,2021-12-22 09:45:34
1640166337593842000,48.2,3,48.15,7,48.2,12,1,2021-12-22 09:45:37
1640166339811967000,48.15,1,48.15,7,48.2,12,2,2021-12-22 09:45:39
1640166341755354000,48.2,2,48.15,7,48.2,10,1,2021-12-22 09:45:41
1640166343890611000,48.15,1,48.15,7,48.2,10,2,2021-12-22 09:45:43
1640166344020885000,48.15,3,48.15,4,48.2,10,2,2021-12-22 09:45:44
1640166344053100000,48.15,4,48.1,16,48.2,10,2,2021-12-22 09:45:44
1640166347061852000,48.15,1,48.1,17,48.2,15,1,2021-12-22 09:45:47
1640166347317022000,48.1,6,48.1,11,48.15,6,2,2021-12-22 09:45:47
1640166347345173000,48.1,11,48.0,30,48.15,6,2,2021-12-22 09:45:47
1640166347345173000,48.05,8,48.0,30,48.15,6,2,2021-12-22 09:45:47
1640166348015515000,48.0,2,48.0,28,48.15,6,2,2021-12-22 09:45:48
1640166348628280000,48.0,2,48.0,26,48.15,7,2,2021-12-22 09:45:48
1640166350292625000,48.05,1,48.0,26,48.15,7,1,2021-12-22 09:45:50
1640166351675636000,48.0,1,48.0,25,48.1,1,2,2021-12-22 09:45:51
1640166353218919000,48.0,1,48.0,24,48.1,1,2,2021-12-22 09:45:53
1640166353845628000,48.0,1,48.0,23,48.1,1,2,2021-12-22 09:45:53
1640166354638763000,48.0,5,48.0,18,48.1,1,2,2021-12-22 09:45:54
1640166354679432000,48.0,18,47.95,2,48.1,2,2,2021-12-22 09:45:54
1640166356589443000,48.0,1,47.95,2,48.05,1,2,2021-12-22 09:45:56
1640166356973491000,48.0,1,47.95,2,48.05,1,2,2021-12-22 09:45:56
1640166362093424000,48.0,1,47.95,2,48.0,4,1,2021-12-22 09:46:02
1640166363281411000,48.0,2,47.95,2,48.0,3,1,2021-12-22 09:46:03
1640166366218002000,48.0,2,47.95,2,48.0,1,1,2021-12-22 09:46:06
1640166367875155000,47.95,1,47.95,1,48.0,1,2,2021-12-22 09:46:07
1640166369993588000,47.95,1,47.8,2,47.95,1,2,2021-12-22 09:46:09
1640166375394133000,47.8,2,47.7,16,47.95,1,2,2021-12-22 09:46:15
1640166377171105000,47.7,1,47.7,15,47.9,1,2,2021-12-22 09:46:17
1640166382815335000,47.7,1,47.7,14,47.95,2,2,2021-12-22 09:46:22
1640166386876712000,47.9,1,47.7,13,47.95,1,2,2021-12-22 09:46:26
1640166386876712000,47.7,5,47.7,13,47.95,1,2,2021-12-22 09:46:26
1640166388714972000,47.7,1,47.7,13,47.9,1,2,2021-12-22 09:46:28
1640166416717570000,47.8,1,47.8,3,47.9,1,2,2021-12-22 09:46:56
1640166417440673000,47.8,1,47.8,2,47.9,1,2,2021-12-22 09:46:57
1640166419026922000,47.8,2,47.75,1,47.8,1,2,2021-12-22 09:46:59
1640166422291689000,47.75,1,47.7,28,47.75,1,2,2021-12-22 09:47:02
1640166424821299000,47.75,1,47.7,27,47.8,4,1,2021-12-22 09:47:04
1640166427095107000,47.8,1,47.75,1,47.8,3,1,2021-12-22 09:47:07
1640166432744445000,47.8,1,47.75,6,47.8,5,1,2021-12-22 09:47:12
1640166432849341000,47.8,1,47.75,5,47.8,4,1,2021-12-22 09:47:12
1640166436796473000,47.8,4,47.75,7,47.95,2,1,2021-12-22 09:47:16
1640166436796473000,47.9,3,47.75,7,47.95,2,1,2021-12-22 09:47:16
1640166436796473000,47.95,1,47.75,7,47.95,2,1,2021-12-22 09:47:16
1640166440172558000,47.95,1,47.8,3,48.0,7,1,2021-12-22 09:47:20
1640166446140562000,48.0,2,47.85,1,48.0,4,1,2021-12-22 09:47:26
1640166447869381000,48.0,2,47.9,2,48.0,2,1,2021-12-22 09:47:27
1640166452433991000,48.0,1,47.95,2,48.0,1,1,2021-12-22 09:47:32
1640166454213503000,48.0,1,47.95,2,48.1,3,1,2021-12-22 09:47:34
1640166455256291000,48.1,2,47.95,2,48.2,24,1,2021-12-22 09:47:35
1640166455256291000,48.15,9,47.95,2,48.2,24,1,2021-12-22 09:47:35
1640166455256291000,48.2,5,47.95,2,48.2,24,1,2021-12-22 09:47:35
1640166460210824000,48.2,1,48.05,2,48.2,23,1,2021-12-22 09:47:40
1640166461888187000,48.2,1,48.05,2,48.2,22,1,2021-12-22 09:47:41
1640166463245527000,48.15,1,48.05,2,48.2,22,1,2021-12-22 09:47:43
1640166463776868000,48.2,1,48.05,2,48.2,21,1,2021-12-22 09:47:43
1640166464685839000,48.2,1,48.05,2,48.2,20,1,2021-12-22 09:47:44
1640166469244086000,48.05,3,48.0,3,48.2,20,2,2021-12-22 09:47:49
1640166469971524000,48.2,1,48.0,3,48.2,19,1,2021-12-22 09:47:49
1640166471982021000,48.15,1,48.05,1,48.15,1,1,2021-12-22 09:47:51
1640166473296463000,48.15,1,48.05,1,48.2,20,1,2021-12-22 09:47:53
1640166474735802000,48.2,1,48.15,1,48.2,19,1,2021-12-22 09:47:54
1640166475934398000,48.2,5,48.15,1,48.2,15,1,2021-12-22 09:47:55
1640166476368506000,48.15,1,48.1,1,48.2,15,2,2021-12-22 09:47:56
1640166482607070000,48.1,1,48.1,2,48.15,1,2,2021-12-22 09:48:02
1640166487946748000,48.15,3,48.1,4,48.2,17,1,2021-12-22 09:48:07
1640166490081287000,48.15,1,48.1,4,48.2,17,2,2021-12-22 09:48:10
1640166496272537000,48.15,1,48.1,4,48.15,1,1,2021-12-22 09:48:16
1640166505615855000,48.1,3,48.05,2,48.15,11,2,2021-12-22 09:48:25
1640166508153561000,48.15,2,48.05,2,48.15,9,1,2021-12-22 09:48:28
1640166513318228000,48.15,9,48.15,1,48.2,20,1,2021-12-22 09:48:33
1640166520053053000,48.15,1,48.15,3,48.2,21,2,2021-12-22 09:48:40
1640166520273345000,48.15,1,48.15,2,48.2,21,2,2021-12-22 09:48:40
1640166522306565000,48.2,1,48.15,2,48.2,20,1,2021-12-22 09:48:42
1640166522929169000,48.15,1,48.15,1,48.2,20,2,2021-12-22 09:48:42
1640166524232631000,48.15,1,48.1,5,48.2,20,2,2021-12-22 09:48:44
1640166531209065000,48.15,1,48.1,5,48.15,3,1,2021-12-22 09:48:51
1640166540151306000,48.1,1,48.1,14,48.15,3,2,2021-12-22 09:49:00
1640166543963773000,48.15,1,48.1,14,48.15,3,1,2021-12-22 09:49:03
1640166557760208000,48.15,2,48.1,14,48.15,2,1,2021-12-22 09:49:17
1640166557966780000,48.1,4,48.05,1,48.15,9,2,2021-12-22 09:49:17
1640166565837391000,48.15,1,48.1,1,48.15,8,1,2021-12-22 09:49:25
1640166567793558000,48.1,1,48.05,3,48.15,8,2,2021-12-22 09:49:27
1640166569905087000,48.15,1,48.05,3,48.15,7,1,2021-12-22 09:49:29
1640166577747976000,48.1,1,48.05,3,48.1,2,1,2021-12-22 09:49:37
1640166578278106000,48.1,1,48.05,3,48.1,1,1,2021-12-22 09:49:38
1640166582195371000,48.1,1,48.05,3,48.15,17,1,2021-12-22 09:49:42
1640166590145881000,48.1,2,48.1,1,48.15,17,2,2021-12-22 09:49:50
1640166593512847000,48.1,1,48.05,3,48.15,17,2,2021-12-22 09:49:53
1640166593617988000,48.15,1,48.05,3,48.15,16,1,2021-12-22 09:49:53
1640166597291335000,48.15,1,48.1,2,48.15,16,1,2021-12-22 09:49:57
1640166609426988000,48.15,1,48.1,8,48.15,14,1,2021-12-22 09:50:09
1640166610144080000,48.15,1,48.1,8,48.15,13,1,2021-12-22 09:50:10
1640166611089817000,48.15,4,48.1,9,48.15,9,1,2021-12-22 09:50:11
1640166611356307000,48.15,1,48.1,9,48.15,8,1,2021-12-22 09:50:11
1640166611386955000,48.15,8,48.1,9,48.2,27,1,2021-12-22 09:50:11
1640166611691711000,48.1,1,48.1,8,48.2,27,2,2021-12-22 09:50:11
1640166611982230000,48.2,7,48.1,8,48.2,20,1,2021-12-22 09:50:11
1640166612003890000,48.2,9,48.1,8,48.2,11,1,2021-12-22 09:50:12
1640166612025275000,48.2,9,48.1,8,48.2,2,1,2021-12-22 09:50:12
1640166612055235000,48.2,2,48.1,8,48.25,11,1,2021-12-22 09:50:12
1640166614023328000,48.25,1,48.2,1,48.25,10,1,2021-12-22 09:50:14
1640166615085041000,48.25,1,48.2,1,48.25,9,1,2021-12-22 09:50:15
1640166615114494000,48.25,9,48.2,1,48.3,17,1,2021-12-22 09:50:15
1640166615184520000,48.3,1,48.2,1,48.3,16,1,2021-12-22 09:50:15
1640166615237013000,48.3,1,48.2,1,48.3,15,1,2021-12-22 09:50:15
1640166615238116000,48.3,1,48.2,1,48.3,14,1,2021-12-22 09:50:15
1640166616396685000,48.2,1,48.15,2,48.3,14,2,2021-12-22 09:50:16
1640166621487717000,48.3,1,48.25,2,48.3,13,1,2021-12-22 09:50:21
1640166624502418000,48.3,4,48.25,2,48.3,9,1,2021-12-22 09:50:24
1640166626207741000,48.3,1,48.25,2,48.3,8,1,2021-12-22 09:50:26
1640166626595815000,48.3,1,48.25,2,48.3,7,1,2021-12-22 09:50:26
1640166627610463000,48.3,1,48.25,2,48.3,6,1,2021-12-22 09:50:27
1640166629464636000,48.3,1,48.25,3,48.3,6,1,2021-12-22 09:50:29
1640166629817116000,48.3,2,48.25,3,48.3,4,1,2021-12-22 09:50:29
1640166631444328000,48.3,4,48.3,10,48.35,9,1,2021-12-22 09:50:31
1640166636247538000,48.35,5,48.3,13,48.35,4,1,2021-12-22 09:50:36
1640166636600417000,48.35,1,48.3,13,48.35,3,1,2021-12-22 09:50:36
1640166637128788000,48.35,2,48.3,13,48.35,1,1,2021-12-22 09:50:37
1640166637155556000,48.35,1,48.3,13,48.4,33,1,2021-12-22 09:50:37
1640166640408972000,48.35,1,48.35,6,48.4,33,2,2021-12-22 09:50:40
1640166642254576000,48.4,1,48.35,7,48.4,32,1,2021-12-22 09:50:42
1640166643036906000,48.35,1,48.35,7,48.4,34,2,2021-12-22 09:50:43
1640166644859502000,48.35,2,48.35,5,48.4,34,2,2021-12-22 09:50:44
1640166645491723000,48.4,1,48.35,5,48.4,33,1,2021-12-22 09:50:45
1640166647321281000,48.4,1,48.35,6,48.4,31,1,2021-12-22 09:50:47
1640166647391928000,48.4,1,48.35,6,48.4,30,1,2021-12-22 09:50:47
1640166648970427000,48.4,1,48.35,8,48.4,29,1,2021-12-22 09:50:48
1640166650428867000,48.4,2,48.35,13,48.4,27,1,2021-12-22 09:50:50
1640166650897634000,48.4,1,48.35,13,48.4,26,1,2021-12-22 09:50:50
1640166651784589000,48.4,5,48.35,16,48.4,21,1,2021-12-22 09:50:51
1640166651891251000,48.4,2,48.35,16,48.4,19,1,2021-12-22 09:50:51
1640166651894716000,48.4,1,48.35,16,48.4,18,1,2021-12-22 09:50:51
1640166651916763000,48.4,2,48.35,16,48.4,16,1,2021-12-22 09:50:51
1640166652217871000,48.4,1,48.35,16,48.4,18,1,2021-12-22 09:50:52
1640166652297509000,48.4,1,48.35,16,48.4,17,1,2021-12-22 09:50:52
1640166652369168000,48.4,2,48.35,16,48.4,15,1,2021-12-22 09:50:52
1640166652752299000,48.4,2,48.35,16,48.4,13,1,2021-12-22 09:50:52
1640166652866370000,48.4,2,48.35,16,48.4,11,1,2021-12-22 09:50:52
1640166653179620000,48.4,2,48.35,16,48.4,9,1,2021-12-22 09:50:53
1640166654435405000,48.4,1,48.35,16,48.4,8,1,2021-12-22 09:50:54
1640166654536108000,48.4,1,48.35,17,48.4,7,1,2021-12-22 09:50:54
1640166655025506000,48.4,1,48.35,17,48.4,6,1,2021-12-22 09:50:55
1640166655379982000,48.4,1,48.35,17,48.4,9,1,2021-12-22 09:50:55
1640166655510412000,48.4,1,48.35,17,48.4,8,1,2021-12-22 09:50:55
1640166656584108000,48.4,1,48.35,17,48.4,7,1,2021-12-22 09:50:56
1640166656864301000,48.4,5,48.35,17,48.4,2,1,2021-12-22 09:50:56
1640166656924768000,48.4,1,48.35,17,48.4,1,1,2021-12-22 09:50:56
1640166656984622000,48.4,1,48.4,1,48.45,2,1,2021-12-22 09:50:56
1640166657052360000,48.4,1,48.35,17,48.4,9,2,2021-12-22 09:50:57
1640166658047735000,48.35,5,48.35,11,48.4,9,2,2021-12-22 09:50:58
1640166658127932000,48.4,2,48.35,11,48.4,7,1,2021-12-22 09:50:58
1640166658176672000,48.4,1,48.35,11,48.4,6,1,2021-12-22 09:50:58
1640166658583920000,48.4,1,48.35,11,48.4,5,1,2021-12-22 09:50:58
1640166658609773000,48.4,1,48.35,11,48.4,4,1,2021-12-22 09:50:58
1640166659255186000,48.35,2,48.35,9,48.4,5,2,2021-12-22 09:50:59
1640166659796554000,48.35,4,48.35,5,48.4,5,2,2021-12-22 09:50:59
1640166660472978000,48.4,1,48.35,5,48.4,4,1,2021-12-22 09:51:00
1640166662757474000,48.4,1,48.35,7,48.4,3,1,2021-12-22 09:51:02
1640166663417668000,48.35,2,48.35,6,48.4,3,2,2021-12-22 09:51:03
1640166663470179000,48.4,1,48.35,6,48.4,2,1,2021-12-22 09:51:03
1640166663822975000,48.4,2,48.4,3,48.45,3,1,2021-12-22 09:51:03
1640166663947238000,48.4,1,48.4,2,48.45,3,2,2021-12-22 09:51:03
1640166665094950000,48.45,2,48.4,2,48.45,1,1,2021-12-22 09:51:05
1640166668904689000,48.45,1,48.45,4,48.5,27,1,2021-12-22 09:51:08
1640166668950573000,48.5,1,48.45,4,48.5,26,1,2021-12-22 09:51:08
1640166669154879000,48.5,1,48.45,6,48.5,25,1,2021-12-22 09:51:09
1640166669163490000,48.5,1,48.45,6,48.5,24,1,2021-12-22 09:51:09
1640166669172080000,48.5,1,48.45,6,48.5,23,1,2021-12-22 09:51:09
1640166669862511000,48.45,3,48.45,3,48.5,23,2,2021-12-22 09:51:09
1640166670731142000,48.5,1,48.45,3,48.5,22,1,2021-12-22 09:51:10
1640166670825247000,48.5,2,48.45,3,48.5,20,1,2021-12-22 09:51:10
1640166671017517000,48.5,5,48.45,3,48.5,14,1,2021-12-22 09:51:11
1640166671569666000,48.5,1,48.45,3,48.5,13,1,2021-12-22 09:51:11
1640166673959713000,48.5,2,48.45,5,48.5,11,1,2021-12-22 09:51:13
1640166674449567000,48.5,5,48.45,5,48.5,6,1,2021-12-22 09:51:14
1640166674552380000,48.5,2,48.45,5,48.5,4,1,2021-12-22 09:51:14
1640166675077316000,48.5,1,48.45,7,48.5,3,1,2021-12-22 09:51:15
1640166675106665000,48.5,1,48.45,7,48.5,2,1,2021-12-22 09:51:15
1640166675121244000,48.5,2,48.5,1,48.55,2,1,2021-12-22 09:51:15
1640166675436043000,48.55,2,48.5,4,48.6,3,1,2021-12-22 09:51:15
1640166675436043000,48.6,1,48.5,4,48.6,3,1,2021-12-22 09:51:15
1640166675527768000,48.6,2,48.5,9,48.6,1,1,2021-12-22 09:51:15
1640166675556621000,48.6,1,48.5,9,48.65,4,1,2021-12-22 09:51:15
1640166676552698000,48.65,1,48.5,13,48.65,3,1,2021-12-22 09:51:16
1640166676879688000,48.65,3,48.5,15,48.7,4,1,2021-12-22 09:51:16
1640166676879688000,48.7,2,48.5,15,48.7,4,1,2021-12-22 09:51:16
1640166677749977000,48.7,1,48.55,2,48.7,4,1,2021-12-22 09:51:17
1640166679261836000,48.65,1,48.55,2,48.7,4,1,2021-12-22 09:51:19
1640166679324631000,48.7,1,48.55,2,48.7,3,1,2021-12-22 09:51:19
1640166679693113000,48.7,2,48.55,2,48.7,1,1,2021-12-22 09:51:19
1640166681853814000,48.7,1,48.7,1,48.75,4,2,2021-12-22 09:51:21
1640166681855098000,48.7,1,48.6,1,48.75,4,2,2021-12-22 09:51:21
1640166682493661000,48.75,1,48.7,1,48.75,3,1,2021-12-22 09:51:22
1640166682628738000,48.7,2,48.65,5,48.7,1,2,2021-12-22 09:51:22
1640166683147964000,48.7,3,48.65,5,48.75,3,1,2021-12-22 09:51:23
1640166686677639000,48.7,2,48.65,6,48.7,4,1,2021-12-22 09:51:26
1640166687458115000,48.7,5,48.65,7,48.7,5,1,2021-12-22 09:51:27
1640166688125517000,48.7,1,48.65,12,48.7,4,1,2021-12-22 09:51:28
1640166688228843000,48.7,1,48.65,12,48.7,3,1,2021-12-22 09:51:28
1640166688783218000,48.7,1,48.65,13,48.7,2,1,2021-12-22 09:51:28
1640166689554942000,48.65,2,48.65,11,48.7,3,2,2021-12-22 09:51:29
1640166690174917000,48.65,1,48.65,8,48.7,3,2,2021-12-22 09:51:30
1640166690232747000,48.7,2,48.65,8,48.7,1,1,2021-12-22 09:51:30
1640166690430685000,48.7,1,48.65,8,48.75,1,1,2021-12-22 09:51:30
1640166691158285000,48.75,1,48.65,8,48.75,1,1,2021-12-22 09:51:31
1640166692802230000,48.7,1,48.7,1,48.8,5,2,2021-12-22 09:51:32
1640166694078706000,48.8,1,48.75,1,48.8,4,1,2021-12-22 09:51:34
1640166694129455000,48.75,1,48.75,1,48.8,4,2,2021-12-22 09:51:34
1640166694749954000,48.8,4,48.75,1,48.85,4,1,2021-12-22 09:51:34
1640166694749954000,48.85,1,48.75,1,48.85,4,1,2021-12-22 09:51:34
1640166696220067000,48.85,4,48.75,1,48.9,13,1,2021-12-22 09:51:36
1640166696220067000,48.9,6,48.75,1,48.9,13,1,2021-12-22 09:51:36
1640166698065395000,48.9,1,48.75,5,48.9,12,1,2021-12-22 09:51:38
1640166699045628000,48.75,5,48.7,12,48.85,1,2,2021-12-22 09:51:39
1640166699229342000,48.85,1,48.7,12,48.85,1,1,2021-12-22 09:51:39
1640166699409323000,48.85,1,48.7,12,48.9,9,1,2021-12-22 09:51:39
1640166699409323000,48.9,3,48.7,12,48.9,9,1,2021-12-22 09:51:39
1640166699650979000,48.9,1,48.85,1,48.9,8,1,2021-12-22 09:51:39
1640166699756544000,48.9,1,48.85,1,48.9,7,1,2021-12-22 09:51:39
1640166700110798000,48.9,1,48.85,1,48.9,6,1,2021-12-22 09:51:40
1640166700191275000,48.85,1,48.8,1,48.9,6,2,2021-12-22 09:51:40
1640166700248203000,48.9,1,48.8,1,48.9,5,1,2021-12-22 09:51:40
1640166700344279000,48.9,1,48.8,1,48.9,4,1,2021-12-22 09:51:40
1640166700525481000,48.9,1,48.8,1,48.9,3,1,2021-12-22 09:51:40
1640166700569863000,48.9,1,48.8,1,48.9,2,1,2021-12-22 09:51:40
1640166701723203000,48.8,1,48.7,12,48.9,3,2,2021-12-22 09:51:41
1640166702127500000,48.9,1,48.7,12,48.9,2,1,2021-12-22 09:51:42
1640166702825660000,48.9,1,48.8,1,48.9,1,1,2021-12-22 09:51:42
1640166702886557000,48.9,1,48.8,1,48.95,18,1,2021-12-22 09:51:42
1640166702886557000,48.95,1,48.8,1,48.95,18,1,2021-12-22 09:51:42
1640166703842015000,48.9,1,48.8,1,48.95,18,1,2021-12-22 09:51:43
1640166703934191000,48.9,1,48.8,2,48.95,17,1,2021-12-22 09:51:43
1640166703934191000,48.95,1,48.8,2,48.95,17,1,2021-12-22 09:51:43
1640166703998820000,48.95,5,48.8,2,48.95,12,1,2021-12-22 09:51:43
1640166704399711000,48.8,1,48.8,1,48.95,12,2,2021-12-22 09:51:44
1640166705546819000,48.85,1,48.8,1,48.85,1,1,2021-12-22 09:51:45
1640166706641707000,48.85,1,48.9,4,48.95,12,1,2021-12-22 09:51:46
1640166706694437000,48.95,1,48.9,4,48.95,11,1,2021-12-22 09:51:46
1640166707519414000,48.95,1,48.9,5,48.95,10,1,2021-12-22 09:51:47
1640166708692764000,48.9,1,48.9,4,48.95,10,2,2021-12-22 09:51:48
1640166708740291000,48.95,1,48.9,4,48.95,9,1,2021-12-22 09:51:48
1640166709214069000,48.95,2,48.9,4,48.95,7,1,2021-12-22 09:51:49
1640166710024159000,48.95,1,48.9,13,48.95,6,1,2021-12-22 09:51:50
1640166710141069000,48.9,1,48.9,13,48.95,6,2,2021-12-22 09:51:50
1640166711712471000,48.95,1,48.9,14,48.95,8,1,2021-12-22 09:51:51
1640166711781055000,48.95,2,48.9,14,48.95,6,1,2021-12-22 09:51:51
1640166711836452000,48.95,1,48.9,14,48.95,5,1,2021-12-22 09:51:51
1640166712512742000,48.95,1,48.9,19,48.95,5,1,2021-12-22 09:51:52
1640166712701199000,48.95,5,48.95,5,49.0,38,1,2021-12-22 09:51:52
1640166715366993000,49.0,2,48.95,6,49.0,36,1,2021-12-22 09:51:55
1640166715727835000,49.0,1,48.95,6,49.0,35,1,2021-12-22 09:51:55
1640166716958559000,48.95,1,48.95,5,49.0,32,2,2021-12-22 09:51:56
1640166717049017000,48.95,1,48.95,4,49.0,32,2,2021-12-22 09:51:57
1640166717789894000,48.95,1,48.95,3,49.0,32,2,2021-12-22 09:51:57
1640166719395620000,49.0,1,48.95,4,49.0,33,1,2021-12-22 09:51:59
1640166721064672000,49.0,1,48.95,6,49.0,34,1,2021-12-22 09:52:01
1640166722660302000,48.95,1,48.95,6,49.0,35,2,2021-12-22 09:52:02
1640166722685420000,48.95,6,48.9,19,49.0,35,2,2021-12-22 09:52:02
1640166722786303000,49.0,10,48.9,19,49.0,25,1,2021-12-22 09:52:02
1640166724081988000,48.95,1,48.9,15,49.0,25,2,2021-12-22 09:52:04
1640166724081988000,48.9,4,48.9,15,49.0,25,2,2021-12-22 09:52:04
1640166725043490000,49.0,1,48.95,5,49.0,24,1,2021-12-22 09:52:05
1640166725173699000,48.95,1,48.95,9,49.0,24,2,2021-12-22 09:52:05
1640166726514117000,49.0,2,48.95,10,49.0,22,1,2021-12-22 09:52:06
1640166728436532000,48.95,1,48.95,9,49.0,22,2,2021-12-22 09:52:08
1640166730127964000,49.0,3,48.95,30,49.0,22,1,2021-12-22 09:52:10
1640166731008565000,49.0,1,48.95,30,49.0,21,1,2021-12-22 09:52:11
1640166731819162000,48.95,1,48.95,29,49.0,21,2,2021-12-22 09:52:11
1640166732503951000,49.0,10,48.95,29,49.0,11,1,2021-12-22 09:52:12
1640166733147849000,49.0,10,48.95,29,49.0,1,1,2021-12-22 09:52:13
1640166734048402000,49.0,1,48.95,29,49.05,14,1,2021-12-22 09:52:14
1640166734356619000,49.0,1,48.95,29,49.0,9,1,2021-12-22 09:52:14
1640166735278518000,49.0,5,48.95,32,49.0,4,1,2021-12-22 09:52:15
1640166735508610000,49.0,1,48.95,32,49.0,3,1,2021-12-22 09:52:15
1640166735972014000,49.0,1,48.95,38,49.0,2,1,2021-12-22 09:52:15
1640166736838847000,49.0,1,48.95,38,49.0,4,1,2021-12-22 09:52:16
1640166737155928000,48.95,3,48.95,35,49.0,4,2,2021-12-22 09:52:17
1640166737179505000,49.0,2,48.95,35,49.0,2,1,2021-12-22 09:52:17
1640166739098281000,49.0,1,48.95,36,49.0,1,1,2021-12-22 09:52:19
1640166739102082000,49.0,1,48.95,36,49.05,14,1,2021-12-22 09:52:19
1640166739625515000,48.95,5,48.95,31,49.0,5,2,2021-12-22 09:52:19
1640166740246261000,49.0,1,48.95,31,49.0,4,1,2021-12-22 09:52:20
1640166741546643000,49.0,2,48.95,31,49.0,4,1,2021-12-22 09:52:21
1640166743099274000,49.0,4,49.0,2,49.05,15,1,2021-12-22 09:52:23
1640166743233822000,49.0,1,49.0,1,49.05,15,2,2021-12-22 09:52:23
1640166743503801000,49.05,1,49.0,1,49.05,14,1,2021-12-22 09:52:23
1640166744495062000,49.0,2,48.95,31,49.0,3,2,2021-12-22 09:52:24
1640166744551692000,49.0,1,48.95,31,49.0,2,1,2021-12-22 09:52:24
1640166744932282000,48.95,1,48.95,30,49.0,2,2,2021-12-22 09:52:24
1640166745527391000,49.0,1,48.95,30,49.0,3,1,2021-12-22 09:52:25
1640166746982560000,48.95,15,48.95,16,49.0,6,2,2021-12-22 09:52:26
1640166747201241000,48.95,10,48.95,6,49.0,6,2,2021-12-22 09:52:27
1640166747228619000,48.95,2,48.95,4,49.0,6,2,2021-12-22 09:52:27
1640166747229121000,48.95,4,48.9,12,49.0,6,2,2021-12-22 09:52:27
1640166747726042000,48.95,1,48.9,12,48.95,1,1,2021-12-22 09:52:27
1640166748186746000,48.95,1,48.9,12,48.95,6,1,2021-12-22 09:52:28
1640166748190990000,48.95,6,48.9,12,49.0,9,1,2021-12-22 09:52:28
1640166748190990000,49.0,1,48.9,12,49.0,9,1,2021-12-22 09:52:28
1640166748745871000,48.95,1,48.9,12,48.95,1,1,2021-12-22 09:52:28
1640166749404798000,48.95,3,48.9,12,49.0,11,1,2021-12-22 09:52:29
1640166751150925000,49.0,2,48.9,12,49.0,11,1,2021-12-22 09:52:31
1640166751770935000,48.9,1,48.9,11,48.95,2,2,2021-12-22 09:52:31
1640166751838708000,48.9,4,48.9,7,48.95,2,2,2021-12-22 09:52:31
1640166751866828000,48.9,7,48.85,2,48.95,2,2,2021-12-22 09:52:31
1640166751929202000,48.95,1,48.85,2,48.95,1,1,2021-12-22 09:52:31
1640166756990409000,48.9,1,48.85,1,48.9,1,1,2021-12-22 09:52:36
1640166757323913000,48.9,1,48.85,1,48.95,9,1,2021-12-22 09:52:37
1640166758248358000,48.9,1,48.85,2,48.95,5,1,2021-12-22 09:52:38
1640166758248358000,48.95,4,48.85,2,48.95,5,1,2021-12-22 09:52:38
1640166760847646000,48.9,1,48.85,2,48.95,5,1,2021-12-22 09:52:40
1640166761508559000,48.95,5,48.85,2,49.0,18,1,2021-12-22 09:52:41
1640166761508559000,49.0,5,48.85,2,49.0,18,1,2021-12-22 09:52:41
1640166762886814000,48.9,1,48.85,2,48.9,2,2,2021-12-22 09:52:42
1640166762950329000,48.9,1,48.85,2,48.9,1,1,2021-12-22 09:52:42
1640166765478613000,48.85,5,48.85,2,48.9,1,2,2021-12-22 09:52:45
1640166766806577000,48.9,1,48.85,2,48.95,2,1,2021-12-22 09:52:46
1640166767625442000,48.85,1,48.85,1,48.95,3,2,2021-12-22 09:52:47
1640166768427603000,48.85,1,48.8,2,48.85,3,2,2021-12-22 09:52:48
1640166769547769000,48.8,1,48.8,1,48.85,6,2,2021-12-22 09:52:49
1640166769623406000,48.85,1,48.8,1,48.85,6,1,2021-12-22 09:52:49
1640166769708667000,48.8,1,48.7,2,48.85,6,2,2021-12-22 09:52:49
1640166770274788000,48.85,1,48.7,2,48.85,5,1,2021-12-22 09:52:50
1640166774525004000,48.85,1,48.75,1,48.85,4,1,2021-12-22 09:52:54
1640166774673019000,48.75,1,48.6,7,48.85,4,2,2021-12-22 09:52:54
