ts,close,volume,bid_price,bid_volume,ask_price,ask_volume,tick_type,datetime
1657530127667204000,21.25,3609,21.2,542,21.25,116,1,2022-07-11 09:02:07
1657530127688340000,21.25,73,21.2,542,21.25,43,1,2022-07-11 09:02:07
1657530127690674000,21.25,43,21.2,542,21.3,299,1,2022-07-11 09:02:07
1657530127737271000,21.2,5,21.2,537,21.25,7,2,2022-07-11 09:02:07
1657530127752504000,21.2,14,21.2,523,21.25,7,2,2022-07-11 09:02:07
1657530127768537000,21.2,32,21.2,491,21.25,13,2,2022-07-11 09:02:07
1657530127772518000,21.2,1,21.2,490,21.25,13,2,2022-07-11 09:02:07
1657530127772880000,21.2,2,21.2,488,21.25,13,2,2022-07-11 09:02:07
1657530127798484000,21.2,3,21.2,485,21.25,13,2,2022-07-11 09:02:07
1657530127798501000,21.2,1,21.2,484,21.25,13,2,2022-07-11 09:02:07
1657530127803047000,21.2,1,21.2,483,21.25,13,2,2022-07-11 09:02:07
1657530127809501000,21.2,1,21.2,482,21.25,13,2,2022-07-11 09:02:07
1657530127848762000,21.2,2,21.2,480,21.25,13,2,2022-07-11 09:02:07
1657530127848950000,21.2,1,21.2,479,21.25,13,2,2022-07-11 09:02:07
1657530127851570000,21.2,22,21.2,457,21.25,13,2,2022-07-11 09:02:07
1657530127859145000,21.2,1,21.2,456,21.25,13,2,2022-07-11 09:02:07
1657530127882730000,21.2,1,21.2,455,21.25,13,2,2022-07-11 09:02:07
1657530127883153000,21.2,1,21.2,454,21.25,13,2,2022-07-11 09:02:07
1657530127889705000,21.2,33,21.2,421,21.25,13,2,2022-07-11 09:02:07
1657530127906979000,21.2,1,21.2,420,21.25,13,2,2022-07-11 09:02:07
1657530127926110000,21.2,1,21.2,419,21.25,13,2,2022-07-11 09:02:07
1657530127984771000,21.2,17,21.2,402,21.25,13,2,2022-07-11 09:02:07
1657530127990999000,21.2,2,21.2,400,21.25,13,2,2022-07-11 09:02:07
1657530127993728000,21.2,3,21.2,397,21.25,13,2,2022-07-11 09:02:07
1657530128002459000,21.2,2,21.2,395,21.25,13,2,2022-07-11 09:02:08
1657530128008425000,21.2,1,21.2,394,21.25,13,2,2022-07-11 09:02:08
1657530128048277000,21.25,2,21.2,523,21.25,13,1,2022-07-11 09:02:08
1657530128139638000,21.25,10,21.2,394,21.25,1,1,2022-07-11 09:02:08
1657530128186418000,21.2,2,21.2,392,21.25,1,2,2022-07-11 09:02:08
1657530128318856000,21.2,1,21.2,391,21.25,1,2,2022-07-11 09:02:08
1657530128561250000,21.25,1,21.2,391,21.3,293,1,2022-07-11 09:02:08
1657530128561250000,21.3,6,21.2,391,21.3,293,1,2022-07-11 09:02:08
1657530128712128000,21.3,1,21.2,391,21.3,292,1,2022-07-11 09:02:08
1657530128756219000,21.3,1,21.2,391,21.3,291,1,2022-07-11 09:02:08
1657530128763723000,21.25,1,21.2,391,21.25,7,1,2022-07-11 09:02:08
1657530128784143000,21.25,7,21.25,3,21.3,291,1,2022-07-11 09:02:08
1657530128795169000,21.3,1,21.25,3,21.3,290,1,2022-07-11 09:02:08
1657530128816929000,21.25,1,21.25,2,21.3,290,2,2022-07-11 09:02:08
1657530129120673000,21.25,2,21.2,299,21.3,290,2,2022-07-11 09:02:09
1657530129120673000,21.2,92,21.2,299,21.3,290,2,2022-07-11 09:02:09
1657530129126100000,21.2,18,21.2,281,21.3,290,2,2022-07-11 09:02:09
1657530129133340000,21.2,47,21.2,234,21.3,290,2,2022-07-11 09:02:09
1657530129145441000,21.2,189,21.2,45,21.3,290,2,2022-07-11 09:02:09
1657530129168899000,21.2,19,21.2,26,21.25,1,2,2022-07-11 09:02:09
1657530129172010000,21.2,15,21.2,11,21.25,1,2,2022-07-11 09:02:09
1657530129195715000,21.2,11,21.15,301,21.25,2,2,2022-07-11 09:02:09
1657530129406900000,21.25,1,21.15,301,21.25,1,1,2022-07-11 09:02:09
1657530129476269000,21.25,1,21.15,301,21.3,290,1,2022-07-11 09:02:09
1657530129560309000,21.25,1,21.25,14,21.3,290,2,2022-07-11 09:02:09
1657530129626202000,21.3,33,21.25,15,21.3,290,1,2022-07-11 09:02:09
1657530129842592000,21.3,3,21.25,14,21.3,254,1,2022-07-11 09:02:09
1657530129861861000,21.3,1,21.25,14,21.3,253,1,2022-07-11 09:02:09
1657530130016686000,21.3,2,21.25,14,21.3,251,1,2022-07-11 09:02:10
1657530130255854000,21.25,5,21.15,321,21.3,251,2,2022-07-11 09:02:10
1657530130303160000,21.2,5,21.15,298,21.3,251,2,2022-07-11 09:02:10
1657530130303160000,21.15,23,21.15,298,21.3,251,2,2022-07-11 09:02:10
1657530130341383000,21.25,1,21.15,298,21.3,251,1,2022-07-11 09:02:10
1657530130587543000,21.3,1,21.25,1,21.3,251,1,2022-07-11 09:02:10
1657530130704577000,21.25,1,21.2,2,21.25,19,2,2022-07-11 09:02:10
1657530130819466000,21.25,1,21.2,2,21.25,18,1,2022-07-11 09:02:10
1657530130944974000,21.25,2,21.2,3,21.25,16,1,2022-07-11 09:02:10
1657530130951591000,21.25,10,21.2,3,21.25,6,1,2022-07-11 09:02:10
1657530130982125000,21.25,6,21.2,3,21.25,18,1,2022-07-11 09:02:10
1657530131179642000,21.3,10,21.2,3,21.3,240,1,2022-07-11 09:02:11
1657530131274046000,21.25,2,21.2,53,21.3,240,1,2022-07-11 09:02:11
1657530131303293000,21.25,1,21.2,53,21.25,4,1,2022-07-11 09:02:11
1657530131454966000,21.25,1,21.2,53,21.25,3,1,2022-07-11 09:02:11
1657530131559882000,21.25,1,21.2,53,21.25,5,1,2022-07-11 09:02:11
1657530131839846000,21.25,2,21.2,55,21.3,233,1,2022-07-11 09:02:11
1657530131839846000,21.3,7,21.2,55,21.3,233,1,2022-07-11 09:02:11
1657530131930499000,21.3,10,21.2,55,21.25,2,1,2022-07-11 09:02:11
1657530132389069000,21.3,50,21.25,75,21.3,173,1,2022-07-11 09:02:12
1657530132413223000,21.3,71,21.25,75,21.3,102,1,2022-07-11 09:02:12
1657530132447840000,21.3,3,21.25,75,21.3,99,1,2022-07-11 09:02:12
1657530132448130000,21.3,8,21.25,75,21.3,91,1,2022-07-11 09:02:12
1657530132448162000,21.3,8,21.25,75,21.3,83,1,2022-07-11 09:02:12
1657530132448179000,21.3,8,21.25,75,21.3,75,1,2022-07-11 09:02:12
1657530132448195000,21.3,8,21.25,75,21.3,67,1,2022-07-11 09:02:12
1657530132448235000,21.3,8,21.25,75,21.3,59,1,2022-07-11 09:02:12
1657530132448238000,21.3,8,21.25,75,21.3,51,1,2022-07-11 09:02:12
1657530132448261000,21.3,8,21.25,75,21.3,43,1,2022-07-11 09:02:12
1657530132448286000,21.3,8,21.25,75,21.3,35,1,2022-07-11 09:02:12
1657530132448302000,21.3,8,21.25,75,21.3,27,1,2022-07-11 09:02:12
1657530132448318000,21.3,8,21.25,75,21.3,19,1,2022-07-11 09:02:12
1657530132460197000,21.3,10,21.25,75,21.3,9,1,2022-07-11 09:02:12
1657530132481103000,21.3,9,21.25,75,21.3,3,1,2022-07-11 09:02:12
1657530132481351000,21.3,3,21.25,75,21.35,60,1,2022-07-11 09:02:12
1657530132531824000,21.25,3,21.25,76,21.35,60,2,2022-07-11 09:02:12
1657530132751499000,21.3,1,21.25,76,21.35,60,2,2022-07-11 09:02:12
1657530132753268000,21.35,6,21.25,76,21.35,54,1,2022-07-11 09:02:12
1657530132940279000,21.3,1,21.25,116,21.35,50,1,2022-07-11 09:02:12
1657530132940279000,21.35,4,21.25,116,21.35,50,1,2022-07-11 09:02:12
1657530133316465000,21.35,1,21.3,3,21.35,49,1,2022-07-11 09:02:13
1657530133589043000,21.35,1,21.3,54,21.35,48,1,2022-07-11 09:02:13
1657530133606852000,21.3,5,21.3,54,21.35,51,2,2022-07-11 09:02:13
1657530133698604000,21.35,3,21.3,60,21.35,48,1,2022-07-11 09:02:13
1657530133854156000,21.35,30,21.3,62,21.35,18,1,2022-07-11 09:02:13
1657530133887618000,21.35,18,21.3,63,21.4,142,1,2022-07-11 09:02:13
1657530134006676000,21.4,5,21.3,63,21.4,137,1,2022-07-11 09:02:14
1657530134124673000,21.3,5,21.3,64,21.4,137,2,2022-07-11 09:02:14
1657530134151994000,21.3,2,21.3,57,21.4,137,2,2022-07-11 09:02:14
1657530134175504000,21.4,1,21.3,57,21.4,136,1,2022-07-11 09:02:14
1657530134302473000,21.4,1,21.3,65,21.4,135,1,2022-07-11 09:02:14
1657530134403056000,21.35,1,21.35,100,21.4,135,2,2022-07-11 09:02:14
1657530134477958000,21.4,5,21.35,100,21.4,130,1,2022-07-11 09:02:14
1657530134618522000,21.35,6,21.35,94,21.4,130,2,2022-07-11 09:02:14
1657530134700738000,21.35,2,21.35,94,21.4,130,2,2022-07-11 09:02:14
1657530134790702000,21.35,6,21.35,101,21.4,130,2,2022-07-11 09:02:14
1657530134791669000,21.4,30,21.35,101,21.4,100,1,2022-07-11 09:02:14
1657530134831438000,21.4,23,21.35,101,21.4,80,1,2022-07-11 09:02:14
1657530134860237000,21.35,3,21.35,98,21.4,80,2,2022-07-11 09:02:14
1657530135056701000,21.4,1,21.35,100,21.4,79,1,2022-07-11 09:02:15
1657530135079555000,21.4,10,21.35,100,21.4,69,1,2022-07-11 09:02:15
1657530135158240000,21.4,1,21.35,100,21.4,68,1,2022-07-11 09:02:15
1657530135255437000,21.4,3,21.35,100,21.4,66,1,2022-07-11 09:02:15
1657530135438422000,21.4,1,21.35,100,21.4,65,1,2022-07-11 09:02:15
1657530135468953000,21.4,1,21.35,100,21.4,64,1,2022-07-11 09:02:15
1657530135499641000,21.4,1,21.35,101,21.4,63,1,2022-07-11 09:02:15
1657530135552756000,21.35,1,21.35,100,21.4,63,2,2022-07-11 09:02:15
1657530135629420000,21.4,20,21.35,100,21.4,63,1,2022-07-11 09:02:15
1657530135746672000,21.4,15,21.35,100,21.4,28,1,2022-07-11 09:02:15
1657530135765333000,21.4,2,21.35,103,21.4,26,1,2022-07-11 09:02:15
1657530135765706000,21.4,13,21.35,103,21.4,13,1,2022-07-11 09:02:15
1657530135799440000,21.4,1,21.35,103,21.4,12,1,2022-07-11 09:02:15
1657530135830165000,21.4,5,21.35,104,21.4,7,1,2022-07-11 09:02:15
1657530135831586000,21.4,7,21.35,104,21.45,53,1,2022-07-11 09:02:15
1657530135978491000,21.45,1,21.4,30,21.45,52,1,2022-07-11 09:02:15
1657530136044437000,21.45,1,21.4,30,21.45,51,1,2022-07-11 09:02:16
1657530136082808000,21.45,1,21.4,30,21.45,50,1,2022-07-11 09:02:16
1657530136322583000,21.45,5,21.4,31,21.45,45,1,2022-07-11 09:02:16
1657530136359178000,21.45,5,21.4,32,21.45,40,1,2022-07-11 09:02:16
1657530136434137000,21.4,1,21.4,31,21.45,40,2,2022-07-11 09:02:16
1657530136501080000,21.4,4,21.4,27,21.45,40,2,2022-07-11 09:02:16
1657530136586377000,21.45,1,21.4,27,21.45,39,1,2022-07-11 09:02:16
1657530136620359000,21.45,1,21.4,27,21.45,38,1,2022-07-11 09:02:16
1657530136692012000,21.45,10,21.4,32,21.45,28,1,2022-07-11 09:02:16
1657530136699764000,21.45,28,21.4,32,21.5,110,1,2022-07-11 09:02:16
1657530136699764000,21.5,2,21.4,32,21.5,110,1,2022-07-11 09:02:16
1657530137134237000,21.45,1,21.45,1,21.5,110,2,2022-07-11 09:02:17
1657530137462910000,21.4,1,21.4,21,21.5,110,2,2022-07-11 09:02:17
1657530137526095000,21.5,1,21.4,21,21.5,109,1,2022-07-11 09:02:17
1657530137710545000,21.5,1,21.4,27,21.5,108,1,2022-07-11 09:02:17
1657530137752243000,21.5,1,21.4,27,21.5,107,1,2022-07-11 09:02:17
1657530137789489000,21.4,2,21.4,30,21.5,107,2,2022-07-11 09:02:17
1657530137972908000,21.5,2,21.4,32,21.5,105,1,2022-07-11 09:02:17
1657530138113760000,21.5,1,21.45,25,21.5,104,1,2022-07-11 09:02:18
1657530138123362000,21.5,3,21.45,25,21.5,105,1,2022-07-11 09:02:18
1657530138176299000,21.5,100,21.45,25,21.5,1,1,2022-07-11 09:02:18
1657530138209673000,21.5,1,21.45,25,21.55,2,1,2022-07-11 09:02:18
1657530138278761000,21.45,9,21.45,16,21.5,1,2,2022-07-11 09:02:18
1657530138407103000,21.5,1,21.45,16,21.7,1,1,2022-07-11 09:02:18
1657530138407103000,21.55,2,21.45,16,21.7,1,1,2022-07-11 09:02:18
1657530138407103000,21.6,16,21.45,16,21.7,1,1,2022-07-11 09:02:18
1657530138407103000,21.65,4,21.45,16,21.7,1,1,2022-07-11 09:02:18
1657530138407103000,21.7,27,21.45,16,21.7,1,1,2022-07-11 09:02:18
1657530138546229000,21.6,1,21.5,1,21.6,7,1,2022-07-11 09:02:18
1657530138708845000,21.5,1,21.45,16,21.5,4,2,2022-07-11 09:02:18
1657530138751948000,21.45,1,21.45,15,21.5,4,2,2022-07-11 09:02:18
1657530138777089000,21.45,3,21.45,12,21.5,4,2,2022-07-11 09:02:18
1657530138789038000,21.5,4,21.45,12,21.6,4,1,2022-07-11 09:02:18
1657530138789038000,21.6,2,21.45,12,21.6,4,1,2022-07-11 09:02:18
1657530138984349000,21.6,2,21.45,17,21.6,2,1,2022-07-11 09:02:18
1657530139014039000,21.6,2,21.45,17,21.75,17,1,2022-07-11 09:02:19
1657530139140514000,21.75,2,21.55,12,21.75,15,1,2022-07-11 09:02:19
1657530139152777000,21.75,1,21.55,12,21.75,14,1,2022-07-11 09:02:19
1657530139615882000,21.75,5,21.55,17,21.75,9,1,2022-07-11 09:02:19
1657530139636290000,21.75,2,21.55,17,21.75,14,1,2022-07-11 09:02:19
1657530139698584000,21.75,1,21.6,4,21.75,6,1,2022-07-11 09:02:19
1657530139721539000,21.75,3,21.6,4,21.75,3,1,2022-07-11 09:02:19
1657530139742946000,21.75,3,21.6,4,21.8,160,1,2022-07-11 09:02:19
1657530139742946000,21.8,2,21.6,4,21.8,160,1,2022-07-11 09:02:19
1657530139794859000,21.8,8,21.6,4,21.8,152,1,2022-07-11 09:02:19
1657530139855256000,21.8,2,21.6,20,21.8,150,1,2022-07-11 09:02:19
1657530140007150000,21.8,10,21.6,20,21.8,140,1,2022-07-11 09:02:20
1657530140031964000,21.8,1,21.6,20,21.8,139,1,2022-07-11 09:02:20
1657530140288320000,21.65,1,21.6,8,21.7,2,1,2022-07-11 09:02:20
1657530140288320000,21.7,1,21.6,8,21.7,2,1,2022-07-11 09:02:20
1657530140305005000,21.7,2,21.6,8,21.8,144,1,2022-07-11 09:02:20
1657530140375650000,21.65,3,21.6,20,21.65,2,2,2022-07-11 09:02:20
1657530140416841000,21.6,3,21.6,5,21.65,2,2,2022-07-11 09:02:20
1657530140475011000,21.65,2,21.65,2,21.8,144,1,2022-07-11 09:02:20
1657530140524368000,21.75,1,21.75,3,21.8,144,2,2022-07-11 09:02:20
1657530140542601000,21.75,2,21.75,1,21.8,144,2,2022-07-11 09:02:20
1657530140542624000,21.75,1,21.65,2,21.8,144,2,2022-07-11 09:02:20
1657530140711664000,21.75,4,21.65,2,21.8,144,2,2022-07-11 09:02:20
1657530140711695000,21.65,2,21.6,6,21.8,144,2,2022-07-11 09:02:20
1657530140716014000,21.8,1,21.7,1,21.8,143,1,2022-07-11 09:02:20
1657530140742553000,21.7,1,21.6,6,21.8,143,2,2022-07-11 09:02:20
1657530140764444000,21.8,1,21.6,6,21.8,142,1,2022-07-11 09:02:20
1657530141054701000,21.75,1,21.6,30,21.8,133,1,2022-07-11 09:02:21
1657530141054701000,21.8,9,21.6,30,21.8,133,1,2022-07-11 09:02:21
1657530141138804000,21.8,10,21.65,12,21.8,133,1,2022-07-11 09:02:21
1657530141215673000,21.75,1,21.6,30,21.8,74,1,2022-07-11 09:02:21
1657530141215673000,21.8,49,21.6,30,21.8,74,1,2022-07-11 09:02:21
1657530141222246000,21.6,5,21.6,25,21.8,74,2,2022-07-11 09:02:21
1657530141272482000,21.75,1,21.65,12,21.8,74,1,2022-07-11 09:02:21
1657530141385914000,21.6,1,21.6,24,21.75,1,2,2022-07-11 09:02:21
1657530141401519000,21.75,1,21.6,24,21.8,74,1,2022-07-11 09:02:21
1657530141576392000,21.7,1,21.6,25,21.75,10,1,2022-07-11 09:02:21
1657530141577863000,21.75,1,21.6,25,21.75,9,1,2022-07-11 09:02:21
1657530141601389000,21.6,25,21.55,2,21.75,9,2,2022-07-11 09:02:21
1657530141607085000,21.55,2,21.4,53,21.45,158,2,2022-07-11 09:02:21
1657530141607085000,21.5,14,21.4,53,21.45,158,2,2022-07-11 09:02:21
1657530141607085000,21.45,26,21.4,53,21.45,158,2,2022-07-11 09:02:21
1657530141633726000,21.45,158,21.4,53,21.75,9,1,2022-07-11 09:02:21
1657530141641708000,21.4,1,21.4,52,21.75,9,2,2022-07-11 09:02:21
1657530141643311000,21.4,1,21.6,25,21.7,1,2,2022-07-11 09:02:21
1657530141659060000,21.4,1,21.4,50,21.75,9,2,2022-07-11 09:02:21
1657530141665067000,21.45,1,21.45,11,21.75,9,2,2022-07-11 09:02:21
1657530141674481000,21.45,1,21.45,10,21.7,2,2,2022-07-11 09:02:21
1657530141728401000,21.65,1,21.45,10,21.65,1,1,2022-07-11 09:02:21
1657530141818417000,21.65,1,21.6,5,21.7,5,1,2022-07-11 09:02:21
1657530141818417000,21.7,4,21.6,5,21.7,5,1,2022-07-11 09:02:21
1657530141833149000,21.6,5,21.45,10,21.7,5,2,2022-07-11 09:02:21
1657530141896660000,21.55,1,21.4,50,21.7,5,1,2022-07-11 09:02:21
1657530141943491000,21.7,5,21.45,12,21.75,4,1,2022-07-11 09:02:21
1657530141943491000,21.75,5,21.45,12,21.75,4,1,2022-07-11 09:02:21
1657530141965551000,21.75,1,21.45,12,21.75,3,1,2022-07-11 09:02:21
1657530142178887000,21.7,3,21.45,12,21.7,12,1,2022-07-11 09:02:22
1657530142216736000,21.7,10,21.45,12,21.7,2,1,2022-07-11 09:02:22
1657530142320190000,21.7,1,21.6,1,21.7,1,1,2022-07-11 09:02:22
1657530142371475000,21.7,1,21.6,1,21.75,4,1,2022-07-11 09:02:22
1657530142430692000,21.75,1,21.6,1,21.75,3,1,2022-07-11 09:02:22
1657530142707174000,21.65,15,21.75,10,21.8,77,1,2022-07-11 09:02:22
1657530142707174000,21.75,5,21.75,10,21.8,77,1,2022-07-11 09:02:22
1657530142718586000,21.75,10,21.6,1,21.65,5,2,2022-07-11 09:02:22
1657530142733594000,21.6,1,21.5,16,21.65,5,2,2022-07-11 09:02:22
1657530142786794000,21.65,1,21.5,4,21.65,4,1,2022-07-11 09:02:22
1657530142816879000,21.65,4,21.5,4,21.75,19,1,2022-07-11 09:02:22
1657530142816879000,21.75,1,21.5,4,21.75,19,1,2022-07-11 09:02:22
1657530142910411000,21.7,1,21.6,3,21.75,19,2,2022-07-11 09:02:22
1657530143078848000,21.7,1,21.6,3,21.7,24,1,2022-07-11 09:02:23
1657530143092222000,21.6,3,21.55,12,21.7,24,2,2022-07-11 09:02:23
1657530143112133000,21.7,3,21.55,12,21.7,21,1,2022-07-11 09:02:23
1657530143147930000,21.7,2,21.5,21,21.7,21,1,2022-07-11 09:02:23
1657530143165736000,21.7,5,21.5,21,21.7,14,1,2022-07-11 09:02:23
1657530143173376000,21.7,3,21.5,21,21.7,11,1,2022-07-11 09:02:23
1657530143213948000,21.7,1,21.5,21,21.7,10,1,2022-07-11 09:02:23
1657530143460184000,21.7,1,21.6,1,21.7,9,1,2022-07-11 09:02:23
1657530143533370000,21.7,8,21.6,1,21.7,1,1,2022-07-11 09:02:23
1657530143570507000,21.7,1,21.6,1,21.75,17,1,2022-07-11 09:02:23
1657530143570507000,21.75,12,21.6,1,21.75,17,1,2022-07-11 09:02:23
1657530143616835000,21.6,1,21.6,1,21.65,3,2,2022-07-11 09:02:23
1657530143616835000,21.5,1,21.6,1,21.65,3,2,2022-07-11 09:02:23
1657530143670599000,21.65,1,21.5,20,21.65,2,1,2022-07-11 09:02:23
1657530143723156000,21.65,2,21.5,20,21.75,17,1,2022-07-11 09:02:23
1657530143723156000,21.75,1,21.5,20,21.75,17,1,2022-07-11 09:02:23
1657530143885955000,21.7,1,21.5,20,21.7,4,1,2022-07-11 09:02:23
1657530143908045000,21.7,2,21.55,3,21.7,2,1,2022-07-11 09:02:23
1657530143912257000,21.7,1,21.55,3,21.7,1,1,2022-07-11 09:02:23
1657530143990994000,21.7,5,21.55,3,21.75,22,1,2022-07-11 09:02:23
1657530144065630000,21.75,1,21.55,3,21.75,21,1,2022-07-11 09:02:24
1657530144147341000,21.7,2,21.6,3,21.75,21,1,2022-07-11 09:02:24
1657530144147341000,21.75,1,21.6,3,21.75,21,1,2022-07-11 09:02:24
1657530144184002000,21.65,1,21.6,3,21.75,21,2,2022-07-11 09:02:24
1657530144308261000,21.65,1,21.6,3,21.7,3,2,2022-07-11 09:02:24
1657530144469890000,21.7,1,21.6,3,21.7,4,1,2022-07-11 09:02:24
1657530144550072000,21.7,3,21.6,3,21.7,11,1,2022-07-11 09:02:24
1657530144584096000,21.7,1,21.6,3,21.7,10,1,2022-07-11 09:02:24
1657530144611108000,21.7,10,21.6,3,21.75,38,1,2022-07-11 09:02:24
1657530144726152000,21.75,2,21.6,3,21.75,42,1,2022-07-11 09:02:24
1657530144761309000,21.7,1,21.6,3,21.75,33,1,2022-07-11 09:02:24
1657530144761309000,21.75,9,21.6,3,21.75,33,1,2022-07-11 09:02:24
1657530144790815000,21.7,1,21.6,3,21.7,3,1,2022-07-11 09:02:24
1657530145072056000,21.7,1,21.6,5,21.7,7,1,2022-07-11 09:02:25
1657530145151192000,21.7,1,21.6,5,21.7,8,1,2022-07-11 09:02:25
1657530145225889000,21.7,1,21.6,5,21.7,5,1,2022-07-11 09:02:25
1657530145264690000,21.7,1,21.6,5,21.7,4,1,2022-07-11 09:02:25
1657530145432448000,21.7,1,21.6,6,21.7,3,1,2022-07-11 09:02:25
1657530145543207000,21.7,1,21.65,1,21.7,2,1,2022-07-11 09:02:25
1657530145615202000,21.65,4,21.6,7,21.7,103,2,2022-07-11 09:02:25
1657530145632864000,21.7,5,21.65,3,21.7,99,1,2022-07-11 09:02:25
1657530145637996000,21.65,3,21.6,3,21.7,99,2,2022-07-11 09:02:25
1657530145637996000,21.6,4,21.6,3,21.7,99,2,2022-07-11 09:02:25
1657530145641207000,21.7,2,21.65,3,21.7,104,1,2022-07-11 09:02:25
1657530145674708000,21.7,1,21.6,3,21.7,96,1,2022-07-11 09:02:25
1657530145868354000,21.6,3,21.55,18,21.7,96,2,2022-07-11 09:02:25
1657530145868354000,21.55,2,21.55,18,21.7,96,2,2022-07-11 09:02:25
1657530145869385000,21.7,1,21.55,18,21.7,95,1,2022-07-11 09:02:25
1657530145944256000,21.7,1,21.55,18,21.7,99,1,2022-07-11 09:02:25
1657530146126561000,21.7,10,21.6,7,21.7,92,1,2022-07-11 09:02:26
1657530146160939000,21.7,1,21.6,7,21.7,91,1,2022-07-11 09:02:26
1657530146163029000,21.7,1,21.6,7,21.7,90,1,2022-07-11 09:02:26
1657530146187796000,21.7,1,21.6,7,21.7,89,1,2022-07-11 09:02:26
1657530146442613000,21.65,2,21.6,7,21.65,23,1,2022-07-11 09:02:26
1657530146462882000,21.65,1,21.6,7,21.65,46,1,2022-07-11 09:02:26
1657530146476386000,21.65,1,21.6,7,21.65,45,1,2022-07-11 09:02:26
1657530146484179000,21.6,7,21.55,7,21.65,45,2,2022-07-11 09:02:26
1657530146508361000,21.65,1,21.55,7,21.65,44,1,2022-07-11 09:02:26
1657530146611116000,21.65,5,21.55,7,21.65,40,1,2022-07-11 09:02:26
1657530146751234000,21.55,5,21.55,3,21.65,41,2,2022-07-11 09:02:26
1657530146772304000,21.65,1,21.55,3,21.65,40,1,2022-07-11 09:02:26
1657530146774161000,21.65,1,21.55,3,21.65,39,1,2022-07-11 09:02:26
1657530146822836000,21.65,1,21.55,3,21.65,39,1,2022-07-11 09:02:26
1657530146904476000,21.65,1,21.55,3,21.65,38,1,2022-07-11 09:02:26
1657530146910100000,21.65,10,21.55,3,21.65,28,1,2022-07-11 09:02:26
1657530147111755000,21.65,1,21.55,3,21.65,137,1,2022-07-11 09:02:27
1657530147204564000,21.6,2,21.55,3,21.65,144,2,2022-07-11 09:02:27
1657530147222240000,21.65,3,21.55,3,21.65,141,1,2022-07-11 09:02:27
1657530147308461000,21.55,1,21.55,5,21.6,20,2,2022-07-11 09:02:27
1657530147309232000,21.55,5,21.5,26,21.6,20,2,2022-07-11 09:02:27
1657530147310432000,21.6,4,21.5,26,21.6,16,1,2022-07-11 09:02:27
1657530147341012000,21.6,1,21.5,26,21.6,15,1,2022-07-11 09:02:27
1657530147418302000,21.6,2,21.5,26,21.6,13,1,2022-07-11 09:02:27
1657530147477442000,21.6,1,21.5,26,21.6,12,1,2022-07-11 09:02:27
1657530147498567000,21.6,2,21.5,26,21.6,10,1,2022-07-11 09:02:27
1657530147541803000,21.6,1,21.5,26,21.6,9,1,2022-07-11 09:02:27
1657530147551182000,21.6,1,21.5,26,21.6,8,1,2022-07-11 09:02:27
1657530147565558000,21.55,1,21.55,4,21.6,8,1,2022-07-11 09:02:27
1657530147581570000,21.55,1,21.55,3,21.6,8,2,2022-07-11 09:02:27
1657530147599439000,21.55,3,21.5,26,21.6,9,2,2022-07-11 09:02:27
1657530147656729000,21.6,1,21.5,26,21.6,8,1,2022-07-11 09:02:27
1657530147699173000,21.5,1,21.5,25,21.55,1,2,2022-07-11 09:02:27
1657530147728208000,21.55,1,21.5,30,21.55,1,1,2022-07-11 09:02:27
1657530147739437000,21.55,1,21.5,30,21.6,14,1,2022-07-11 09:02:27
1657530147741317000,21.6,4,21.5,30,21.6,10,1,2022-07-11 09:02:27
1657530147742119000,21.6,5,21.5,30,21.6,5,1,2022-07-11 09:02:27
1657530147746387000,21.5,5,21.5,25,21.6,5,2,2022-07-11 09:02:27
1657530147792906000,21.5,1,21.5,24,21.55,1,2,2022-07-11 09:02:27
1657530147895799000,21.55,2,21.5,26,21.6,4,1,2022-07-11 09:02:27
1657530147895799000,21.6,1,21.5,26,21.6,4,1,2022-07-11 09:02:27
1657530147915236000,21.6,1,21.5,26,21.6,3,1,2022-07-11 09:02:27
1657530147951655000,21.6,2,21.5,26,21.6,26,1,2022-07-11 09:02:27
1657530147967878000,21.6,8,21.5,26,21.6,19,1,2022-07-11 09:02:27
1657530147999702000,21.6,4,21.5,26,21.6,20,1,2022-07-11 09:02:27
1657530148000538000,21.6,1,21.5,26,21.6,19,1,2022-07-11 09:02:28
1657530148029765000,21.6,1,21.5,26,21.6,18,1,2022-07-11 09:02:28
1657530148045663000,21.6,5,21.5,26,21.6,13,1,2022-07-11 09:02:28
1657530148078002000,21.55,1,21.5,26,21.6,13,2,2022-07-11 09:02:28
1657530148096641000,21.55,1,21.5,26,21.6,11,1,2022-07-11 09:02:28
1657530148096641000,21.6,2,21.5,26,21.6,11,1,2022-07-11 09:02:28
1657530148127543000,21.6,5,21.5,26,21.6,11,1,2022-07-11 09:02:28
1657530148194006000,21.6,5,21.5,26,21.6,3,1,2022-07-11 09:02:28
1657530148263872000,21.55,1,21.5,26,21.6,3,2,2022-07-11 09:02:28
1657530148350219000,21.6,1,21.5,26,21.6,2,1,2022-07-11 09:02:28
1657530148358994000,21.5,5,21.5,21,21.6,2,2,2022-07-11 09:02:28
1657530148438193000,21.55,1,21.5,21,21.65,267,1,2022-07-11 09:02:28
1657530148438193000,21.6,2,21.5,21,21.65,267,1,2022-07-11 09:02:28
1657530148438193000,21.65,3,21.5,21,21.65,267,1,2022-07-11 09:02:28
1657530148507908000,21.6,4,21.5,21,21.65,266,1,2022-07-11 09:02:28
1657530148507908000,21.65,1,21.5,21,21.65,266,1,2022-07-11 09:02:28
1657530148651165000,21.65,1,21.5,21,21.65,241,1,2022-07-11 09:02:28
1657530148666570000,21.65,2,21.5,21,21.65,238,1,2022-07-11 09:02:28
1657530148716637000,21.65,1,21.5,21,21.65,237,1,2022-07-11 09:02:28
1657530148724225000,21.65,5,21.5,21,21.65,232,1,2022-07-11 09:02:28
1657530148750848000,21.65,1,21.5,21,21.65,231,1,2022-07-11 09:02:28
1657530148789062000,21.55,1,21.5,25,21.65,231,1,2022-07-11 09:02:28
1657530148807285000,21.65,1,21.5,25,21.65,230,1,2022-07-11 09:02:28
1657530148896881000,21.55,1,21.5,25,21.65,228,1,2022-07-11 09:02:28
1657530148896881000,21.65,2,21.5,25,21.65,228,1,2022-07-11 09:02:28
1657530149031242000,21.65,5,21.5,28,21.65,221,1,2022-07-11 09:02:29
1657530149368890000,21.55,2,21.5,33,21.55,28,1,2022-07-11 09:02:29
1657530149385191000,21.5,28,21.5,5,21.55,28,2,2022-07-11 09:02:29
1657530149420044000,21.5,5,21.45,19,21.55,28,2,2022-07-11 09:02:29
1657530149537081000,21.5,1,21.45,19,21.55,28,1,2022-07-11 09:02:29
1657530149547238000,21.45,3,21.45,16,21.55,28,2,2022-07-11 09:02:29
1657530149576543000,21.55,5,21.45,16,21.55,23,1,2022-07-11 09:02:29
1657530149608488000,21.5,1,21.5,1,21.55,23,1,2022-07-11 09:02:29
1657530149612432000,21.5,1,21.5,1,21.55,23,2,2022-07-11 09:02:29
1657530149938040000,21.45,16,21.4,18,21.55,23,2,2022-07-11 09:02:29
1657530149938040000,21.4,9,21.4,18,21.55,23,2,2022-07-11 09:02:29
1657530150316799000,21.55,1,21.45,1,21.55,22,1,2022-07-11 09:02:30
1657530150387694000,21.5,1,21.45,1,21.55,22,2,2022-07-11 09:02:30
1657530150413057000,21.55,1,21.45,1,21.55,21,1,2022-07-11 09:02:30
1657530150543140000,21.55,1,21.45,1,21.55,20,1,2022-07-11 09:02:30
1657530150652026000,21.45,1,21.4,9,21.55,25,2,2022-07-11 09:02:30
1657530150652026000,21.4,19,21.4,9,21.55,25,2,2022-07-11 09:02:30
1657530150694527000,21.5,1,21.5,2,21.55,25,2,2022-07-11 09:02:30
1657530150700559000,21.5,1,21.5,1,21.55,25,2,2022-07-11 09:02:30
1657530150712211000,21.5,1,21.4,9,21.55,25,2,2022-07-11 09:02:30
1657530151038369000,21.5,1,21.4,9,21.55,25,2,2022-07-11 09:02:31
1657530151081352000,21.55,2,21.4,9,21.55,23,1,2022-07-11 09:02:31
1657530151325821000,21.5,2,21.45,20,21.55,23,2,2022-07-11 09:02:31
1657530151333590000,21.55,5,21.45,20,21.55,18,1,2022-07-11 09:02:31
1657530151384316000,21.5,1,21.45,20,21.55,18,2,2022-07-11 09:02:31
1657530151418560000,21.55,1,21.45,20,21.55,17,1,2022-07-11 09:02:31
1657530151432727000,21.55,5,21.45,22,21.55,12,1,2022-07-11 09:02:31
1657530151467665000,21.55,1,21.45,22,21.55,11,1,2022-07-11 09:02:31
1657530151540159000,21.55,1,21.45,22,21.55,10,1,2022-07-11 09:02:31
1657530151642046000,21.55,1,21.45,22,21.55,10,1,2022-07-11 09:02:31
1657530151706521000,21.55,1,21.45,22,21.55,48,1,2022-07-11 09:02:31
1657530151853196000,21.55,5,21.45,22,21.55,44,1,2022-07-11 09:02:31
1657530151878741000,21.55,1,21.45,22,21.55,43,1,2022-07-11 09:02:31
1657530151932333000,21.5,1,21.45,22,21.55,43,2,2022-07-11 09:02:31
1657530151946770000,21.55,43,21.45,22,21.6,43,1,2022-07-11 09:02:31
1657530151946770000,21.6,17,21.45,22,21.6,43,1,2022-07-11 09:02:31
1657530152267199000,21.5,1,21.45,22,21.55,1,1,2022-07-11 09:02:32
1657530152267199000,21.55,2,21.45,22,21.55,1,1,2022-07-11 09:02:32
1657530152270889000,21.55,1,21.45,22,21.6,41,1,2022-07-11 09:02:32
1657530152270889000,21.6,2,21.45,22,21.6,41,1,2022-07-11 09:02:32
1657530152375858000,21.55,2,21.5,1,21.65,174,1,2022-07-11 09:02:32
1657530152375858000,21.6,41,21.5,1,21.65,174,1,2022-07-11 09:02:32
1657530152375858000,21.65,57,21.5,1,21.65,174,1,2022-07-11 09:02:32
1657530152538476000,21.5,15,21.45,17,21.65,174,2,2022-07-11 09:02:32
1657530152538476000,21.45,5,21.45,17,21.65,174,2,2022-07-11 09:02:32
1657530152688606000,21.5,1,21.45,17,21.5,19,1,2022-07-11 09:02:32
1657530152688788000,21.5,1,21.45,17,21.5,18,1,2022-07-11 09:02:32
1657530152717510000,21.5,1,21.45,17,21.5,18,1,2022-07-11 09:02:32
1657530152796380000,21.5,10,21.45,17,21.5,8,1,2022-07-11 09:02:32
1657530152818143000,21.45,3,21.45,14,21.5,8,2,2022-07-11 09:02:32
1657530152822023000,21.45,5,21.45,9,21.5,8,2,2022-07-11 09:02:32
1657530152970091000,21.5,1,21.45,9,21.5,8,1,2022-07-11 09:02:32
1657530153258497000,21.5,1,21.45,9,21.5,7,1,2022-07-11 09:02:33
1657530153298741000,21.5,1,21.45,9,21.5,6,1,2022-07-11 09:02:33
1657530153342972000,21.5,1,21.45,9,21.5,5,1,2022-07-11 09:02:33
1657530153393883000,21.5,1,21.45,9,21.5,4,1,2022-07-11 09:02:33
1657530153554144000,21.5,1,21.45,9,21.5,4,1,2022-07-11 09:02:33
1657530153736173000,21.45,9,21.4,12,21.5,4,2,2022-07-11 09:02:33
1657530153736173000,21.4,1,21.4,12,21.5,4,2,2022-07-11 09:02:33
1657530153767890000,21.4,1,21.4,11,21.5,4,2,2022-07-11 09:02:33
1657530153798441000,21.45,1,21.4,11,21.45,2,1,2022-07-11 09:02:33
1657530153848188000,21.45,1,21.4,11,21.45,1,1,2022-07-11 09:02:33
1657530153918180000,21.45,1,21.4,11,21.55,5,1,2022-07-11 09:02:33
1657530153918180000,21.5,4,21.4,11,21.55,5,1,2022-07-11 09:02:33
1657530154041460000,21.5,1,21.55,4,21.6,54,1,2022-07-11 09:02:34
1657530154041460000,21.55,5,21.55,4,21.6,54,1,2022-07-11 09:02:34
1657530154045522000,21.6,1,21.55,4,21.6,53,1,2022-07-11 09:02:34
1657530154060602000,21.55,2,21.55,2,21.6,53,2,2022-07-11 09:02:34
1657530154060785000,21.55,2,21.4,10,21.6,53,2,2022-07-11 09:02:34
1657530154131152000,21.55,1,21.4,10,21.55,1,1,2022-07-11 09:02:34
1657530154131152000,21.6,2,21.4,10,21.55,1,1,2022-07-11 09:02:34
1657530154247662000,21.5,1,21.45,1,21.5,9,2,2022-07-11 09:02:34
1657530154306596000,21.45,1,21.45,1,21.5,9,2,2022-07-11 09:02:34
1657530154476613000,21.5,1,21.45,16,21.5,8,1,2022-07-11 09:02:34
1657530154479361000,21.5,1,21.45,16,21.5,7,1,2022-07-11 09:02:34
1657530154574568000,21.5,1,21.45,16,21.5,6,1,2022-07-11 09:02:34
1657530154629831000,21.5,2,21.45,16,21.5,8,1,2022-07-11 09:02:34
1657530154967053000,21.5,1,21.45,20,21.5,3,1,2022-07-11 09:02:34
1657530154986173000,21.5,3,21.45,20,21.55,2,1,2022-07-11 09:02:34
1657530155030512000,21.55,2,21.45,20,21.6,13,1,2022-07-11 09:02:35
1657530155030512000,21.6,38,21.45,20,21.6,13,1,2022-07-11 09:02:35
1657530155434406000,21.55,2,21.5,5,21.6,13,1,2022-07-11 09:02:35
1657530155434406000,21.6,1,21.5,5,21.6,13,1,2022-07-11 09:02:35
1657530155548688000,21.6,3,21.55,1,21.6,10,1,2022-07-11 09:02:35
1657530155623295000,21.55,1,21.55,1,21.6,10,2,2022-07-11 09:02:35
1657530155623295000,21.5,4,21.55,1,21.6,10,2,2022-07-11 09:02:35
1657530155744351000,21.5,4,21.5,20,21.6,20,2,2022-07-11 09:02:35
1657530156142647000,21.5,1,21.5,30,21.55,50,2,2022-07-11 09:02:36
1657530156334727000,21.5,1,21.5,29,21.55,51,2,2022-07-11 09:02:36
1657530156350390000,21.55,2,21.5,30,21.55,49,1,2022-07-11 09:02:36
1657530156451197000,21.55,10,21.5,32,21.55,39,1,2022-07-11 09:02:36
1657530156535133000,21.55,1,21.5,32,21.55,38,1,2022-07-11 09:02:36
1657530156763291000,21.55,2,21.5,42,21.55,36,1,2022-07-11 09:02:36
1657530157054268000,21.55,1,21.5,54,21.55,37,1,2022-07-11 09:02:37
1657530157098832000,21.55,3,21.5,54,21.55,34,1,2022-07-11 09:02:37
1657530157285093000,21.55,3,21.5,61,21.55,31,1,2022-07-11 09:02:37
1657530157584576000,21.55,4,21.5,90,21.55,27,1,2022-07-11 09:02:37
1657530157704745000,21.5,1,21.5,89,21.55,27,2,2022-07-11 09:02:37
1657530157795170000,21.55,1,21.5,89,21.55,28,1,2022-07-11 09:02:37
1657530158146960000,21.55,1,21.5,90,21.55,31,1,2022-07-11 09:02:38
1657530158170849000,21.5,10,21.5,80,21.55,30,2,2022-07-11 09:02:38
1657530158197757000,21.55,1,21.5,80,21.55,29,1,2022-07-11 09:02:38
1657530158391277000,21.5,1,21.5,93,21.55,30,2,2022-07-11 09:02:38
1657530158449013000,21.55,1,21.5,94,21.55,29,1,2022-07-11 09:02:38
1657530158453459000,21.55,2,21.5,94,21.55,27,1,2022-07-11 09:02:38
1657530158784299000,21.55,1,21.5,105,21.55,28,1,2022-07-11 09:02:38
1657530158802428000,21.55,1,21.5,105,21.55,27,1,2022-07-11 09:02:38
1657530158822006000,21.55,2,21.5,105,21.55,25,1,2022-07-11 09:02:38
1657530158882816000,21.55,5,21.5,105,21.55,20,1,2022-07-11 09:02:38
1657530158892909000,21.55,5,21.5,105,21.55,15,1,2022-07-11 09:02:38
1657530158934654000,21.55,5,21.5,105,21.55,10,1,2022-07-11 09:02:38
1657530158977205000,21.5,1,21.5,104,21.55,10,2,2022-07-11 09:02:38
1657530158995256000,21.5,1,21.5,103,21.55,10,2,2022-07-11 09:02:38
1657530159053265000,21.5,1,21.5,102,21.55,10,2,2022-07-11 09:02:39
1657530159093966000,21.55,1,21.5,106,21.55,9,1,2022-07-11 09:02:39
1657530159247099000,21.5,1,21.5,106,21.55,9,2,2022-07-11 09:02:39
1657530159273162000,21.55,8,21.5,107,21.55,1,1,2022-07-11 09:02:39
1657530159307215000,21.55,1,21.55,1,21.6,86,1,2022-07-11 09:02:39
1657530159445424000,21.55,2,21.5,112,21.55,8,2,2022-07-11 09:02:39
1657530159447021000,21.55,8,21.5,112,21.6,74,1,2022-07-11 09:02:39
1657530159447021000,21.6,12,21.5,112,21.6,74,1,2022-07-11 09:02:39
1657530159602836000,21.55,1,21.5,113,21.55,2,1,2022-07-11 09:02:39
1657530159625127000,21.55,2,21.5,113,21.6,71,1,2022-07-11 09:02:39
1657530159625127000,21.6,3,21.5,113,21.6,71,1,2022-07-11 09:02:39
1657530159669157000,21.55,4,21.5,113,21.6,74,1,2022-07-11 09:02:39
1657530159720061000,21.6,5,21.5,122,21.6,69,1,2022-07-11 09:02:39
1657530159753892000,21.6,2,21.55,1,21.6,67,1,2022-07-11 09:02:39
1657530159941559000,21.55,1,21.55,1,21.6,67,2,2022-07-11 09:02:39
1657530159968068000,21.6,1,21.55,1,21.6,66,1,2022-07-11 09:02:39
1657530160074348000,21.6,1,21.55,1,21.6,65,1,2022-07-11 09:02:40
1657530160280481000,21.55,2,21.55,8,21.6,65,2,2022-07-11 09:02:40
1657530160411875000,21.55,5,21.55,4,21.6,65,2,2022-07-11 09:02:40
1657530160459641000,21.55,5,21.5,114,21.6,65,2,2022-07-11 09:02:40
1657530160459641000,21.5,45,21.5,114,21.6,65,2,2022-07-11 09:02:40
1657530160460777000,21.5,50,21.5,64,21.6,65,2,2022-07-11 09:02:40
1657530160500124000,21.55,1,21.55,14,21.6,65,2,2022-07-11 09:02:40
1657530160502552000,21.55,8,21.55,6,21.6,65,2,2022-07-11 09:02:40
1657530160502572000,21.55,6,21.5,64,21.6,65,2,2022-07-11 09:02:40
1657530160564376000,21.55,1,21.5,64,21.55,5,1,2022-07-11 09:02:40
1657530160572522000,21.55,1,21.5,64,21.55,4,1,2022-07-11 09:02:40
1657530160610976000,21.55,4,21.5,64,21.6,64,1,2022-07-11 09:02:40
1657530160610976000,21.6,1,21.5,64,21.6,64,1,2022-07-11 09:02:40
1657530160621814000,21.55,1,21.5,64,21.6,64,2,2022-07-11 09:02:40
1657530160699963000,21.6,1,21.5,64,21.6,65,1,2022-07-11 09:02:40
1657530160747368000,21.55,2,21.5,65,21.6,65,2,2022-07-11 09:02:40
1657530160790423000,21.6,7,21.55,6,21.6,58,1,2022-07-11 09:02:40
1657530160800098000,21.55,1,21.55,5,21.6,58,2,2022-07-11 09:02:40
1657530160803102000,21.55,5,21.5,65,21.6,58,2,2022-07-11 09:02:40
1657530160836303000,21.55,5,21.5,65,21.6,58,2,2022-07-11 09:02:40
1657530160856926000,21.6,1,21.5,65,21.6,57,1,2022-07-11 09:02:40
1657530160939438000,21.55,4,21.5,67,21.55,46,1,2022-07-11 09:02:40
1657530160958486000,21.5,5,21.5,62,21.55,46,2,2022-07-11 09:02:40
1657530160958507000,21.5,8,21.5,54,21.55,46,2,2022-07-11 09:02:40
1657530161012445000,21.55,1,21.5,54,21.55,45,1,2022-07-11 09:02:41
1657530161116218000,21.55,1,21.5,55,21.55,44,1,2022-07-11 09:02:41
1657530161216378000,21.55,1,21.5,56,21.55,43,1,2022-07-11 09:02:41
1657530161280958000,21.55,1,21.5,56,21.55,42,1,2022-07-11 09:02:41
1657530161317089000,21.55,1,21.5,56,21.55,41,1,2022-07-11 09:02:41
1657530161419219000,21.5,1,21.5,57,21.55,41,2,2022-07-11 09:02:41
1657530161471294000,21.5,51,21.5,6,21.55,41,2,2022-07-11 09:02:41
1657530161501633000,21.5,6,21.5,1,21.55,41,2,2022-07-11 09:02:41
1657530161539254000,21.55,3,21.5,1,21.55,38,1,2022-07-11 09:02:41
1657530161767995000,21.55,2,21.5,1,21.55,36,1,2022-07-11 09:02:41
1657530161798955000,21.55,1,21.5,1,21.55,35,1,2022-07-11 09:02:41
1657530161812061000,21.55,1,21.5,1,21.55,34,1,2022-07-11 09:02:41
1657530161873558000,21.55,2,21.5,1,21.55,32,1,2022-07-11 09:02:41
1657530161897246000,21.55,10,21.5,1,21.55,22,1,2022-07-11 09:02:41
1657530161900236000,21.55,20,21.5,1,21.55,2,1,2022-07-11 09:02:41
1657530161906506000,21.55,1,21.5,1,21.55,1,1,2022-07-11 09:02:41
1657530162030358000,21.55,1,21.5,6,21.6,43,1,2022-07-11 09:02:42
1657530162030358000,21.6,14,21.5,6,21.6,43,1,2022-07-11 09:02:42
1657530162140408000,21.55,1,21.5,16,21.55,2,1,2022-07-11 09:02:42
1657530162158966000,21.55,1,21.5,21,21.55,2,1,2022-07-11 09:02:42
1657530162201849000,21.5,1,21.5,20,21.55,1,2,2022-07-11 09:02:42
1657530162384940000,21.55,1,21.5,26,21.6,43,1,2022-07-11 09:02:42
1657530162483733000,21.5,1,21.5,25,21.6,43,2,2022-07-11 09:02:42
1657530162568479000,21.5,10,21.5,25,21.55,10,2,2022-07-11 09:02:42
1657530162659022000,21.55,1,21.5,15,21.55,9,1,2022-07-11 09:02:42
1657530162716384000,21.5,5,21.5,10,21.55,10,2,2022-07-11 09:02:42
1657530162754494000,21.5,1,21.5,9,21.55,10,2,2022-07-11 09:02:42
1657530162763085000,21.5,1,21.5,8,21.55,10,2,2022-07-11 09:02:42
1657530162845967000,21.55,1,21.5,8,21.55,9,1,2022-07-11 09:02:42
1657530162906662000,21.5,3,21.5,5,21.55,9,2,2022-07-11 09:02:42
1657530162915548000,21.55,9,21.5,5,21.6,42,1,2022-07-11 09:02:42
1657530162915548000,21.6,1,21.5,5,21.6,42,1,2022-07-11 09:02:42
1657530163071949000,21.55,3,21.55,3,21.6,42,2,2022-07-11 09:02:43
1657530163240956000,21.55,2,21.55,2,21.6,47,2,2022-07-11 09:02:43
1657530163368755000,21.55,2,21.5,19,21.55,18,2,2022-07-11 09:02:43
1657530163398903000,21.55,5,21.5,19,21.55,13,1,2022-07-11 09:02:43
1657530163427760000,21.55,10,21.5,19,21.55,3,1,2022-07-11 09:02:43
1657530163495677000,21.5,20,21.45,34,21.5,30,2,2022-07-11 09:02:43
1657530163558407000,21.5,1,21.45,34,21.5,29,1,2022-07-11 09:02:43
1657530163636785000,21.5,1,21.5,20,21.55,4,1,2022-07-11 09:02:43
1657530163686016000,21.5,2,21.45,34,21.5,26,1,2022-07-11 09:02:43
1657530163708898000,21.5,1,21.45,34,21.5,25,1,2022-07-11 09:02:43
1657530163710190000,21.5,1,21.45,34,21.5,24,1,2022-07-11 09:02:43
1657530163738891000,21.5,1,21.45,34,21.5,23,1,2022-07-11 09:02:43
1657530163797215000,21.5,5,21.45,34,21.5,18,1,2022-07-11 09:02:43
1657530163799982000,21.5,1,21.45,34,21.5,17,1,2022-07-11 09:02:43
1657530163808132000,21.5,1,21.45,34,21.5,16,1,2022-07-11 09:02:43
1657530163810768000,21.5,10,21.45,34,21.5,6,1,2022-07-11 09:02:43
1657530163811619000,21.5,6,21.45,34,21.6,47,1,2022-07-11 09:02:43
1657530163811619000,21.55,4,21.45,34,21.6,47,1,2022-07-11 09:02:43
1657530163843264000,21.45,1,21.45,33,21.6,47,2,2022-07-11 09:02:43
1657530163943515000,21.55,3,21.5,2,21.55,9,1,2022-07-11 09:02:43
1657530164057481000,21.55,1,21.5,3,21.55,12,1,2022-07-11 09:02:44
1657530164223283000,21.5,3,21.45,51,21.55,12,2,2022-07-11 09:02:44
1657530164223283000,21.45,2,21.45,51,21.55,12,2,2022-07-11 09:02:44
1657530164262824000,21.5,1,21.45,51,21.55,12,2,2022-07-11 09:02:44
1657530164272502000,21.45,46,21.45,5,21.55,12,2,2022-07-11 09:02:44
1657530164280289000,21.55,1,21.45,5,21.55,11,1,2022-07-11 09:02:44
1657530164287657000,21.55,1,21.45,5,21.55,10,1,2022-07-11 09:02:44
1657530164299968000,21.55,1,21.45,5,21.55,9,1,2022-07-11 09:02:44
1657530164311270000,21.5,5,21.45,5,21.55,9,2,2022-07-11 09:02:44
1657530164351859000,21.5,2,21.45,5,21.5,2,1,2022-07-11 09:02:44
1657530164443870000,21.5,1,21.45,5,21.5,1,1,2022-07-11 09:02:44
1657530164556721000,21.5,1,21.45,5,21.55,28,1,2022-07-11 09:02:44
1657530164556721000,21.55,4,21.45,5,21.55,28,1,2022-07-11 09:02:44
1657530164645291000,21.55,2,21.45,5,21.5,1,1,2022-07-11 09:02:44
1657530164675850000,21.55,1,21.45,5,21.55,25,1,2022-07-11 09:02:44
1657530164749957000,21.55,10,21.45,5,21.55,15,1,2022-07-11 09:02:44
1657530164813092000,21.55,1,21.45,5,21.55,14,1,2022-07-11 09:02:44
1657530164873420000,21.55,2,21.5,1,21.55,12,1,2022-07-11 09:02:44
1657530164884828000,21.55,2,21.5,1,21.55,10,1,2022-07-11 09:02:44
1657530165184013000,21.55,5,21.5,7,21.55,8,1,2022-07-11 09:02:45
1657530165374330000,21.55,6,21.5,9,21.55,2,1,2022-07-11 09:02:45
1657530165546681000,21.55,2,21.55,3,21.6,51,1,2022-07-11 09:02:45
1657530165560649000,21.55,1,21.55,2,21.6,51,2,2022-07-11 09:02:45
1657530165614875000,21.6,1,21.55,2,21.6,50,1,2022-07-11 09:02:45
1657530165648802000,21.6,10,21.55,2,21.6,50,1,2022-07-11 09:02:45
1657530165718996000,21.55,2,21.5,4,21.6,40,2,2022-07-11 09:02:45
1657530165718996000,21.5,8,21.5,4,21.6,40,2,2022-07-11 09:02:45
1657530165727495000,21.5,4,21.45,6,21.6,40,2,2022-07-11 09:02:45
1657530165727495000,21.45,1,21.45,6,21.6,40,2,2022-07-11 09:02:45
1657530165896266000,21.6,4,21.55,1,21.6,36,1,2022-07-11 09:02:45
1657530165903746000,21.6,1,21.55,1,21.6,35,1,2022-07-11 09:02:45
1657530165949946000,21.55,1,21.5,4,21.6,35,2,2022-07-11 09:02:45
1657530165949946000,21.5,2,21.5,4,21.6,35,2,2022-07-11 09:02:45
1657530166060045000,21.6,5,21.5,4,21.6,30,1,2022-07-11 09:02:46
1657530166148195000,21.55,1,21.5,18,21.55,20,1,2022-07-11 09:02:46
1657530166193101000,21.55,2,21.5,24,21.55,20,1,2022-07-11 09:02:46
1657530166497035000,21.5,5,21.5,21,21.55,42,2,2022-07-11 09:02:46
1657530166599179000,21.55,1,21.5,21,21.55,41,1,2022-07-11 09:02:46
1657530166852788000,21.55,1,21.5,21,21.55,142,1,2022-07-11 09:02:46
1657530167163536000,21.55,3,21.5,37,21.55,143,1,2022-07-11 09:02:47
1657530167228622000,21.55,1,21.5,37,21.55,142,1,2022-07-11 09:02:47
1657530167245761000,21.5,10,21.5,27,21.55,142,2,2022-07-11 09:02:47
1657530167254817000,21.55,5,21.5,27,21.55,137,1,2022-07-11 09:02:47
1657530167312521000,21.55,1,21.5,29,21.55,137,1,2022-07-11 09:02:47
1657530167430698000,21.55,5,21.5,29,21.55,133,1,2022-07-11 09:02:47
1657530167434048000,21.5,1,21.5,28,21.55,133,2,2022-07-11 09:02:47
1657530167633080000,21.55,2,21.5,28,21.55,156,1,2022-07-11 09:02:47
1657530167666252000,21.5,1,21.5,29,21.55,161,2,2022-07-11 09:02:47
1657530167729105000,21.55,1,21.5,28,21.55,165,1,2022-07-11 09:02:47
1657530167816460000,21.5,1,21.5,27,21.55,165,2,2022-07-11 09:02:47
1657530167850737000,21.55,1,21.5,30,21.55,164,1,2022-07-11 09:02:47
1657530167928803000,21.55,1,21.5,30,21.55,168,1,2022-07-11 09:02:47
1657530168060260000,21.5,1,21.5,30,21.55,168,2,2022-07-11 09:02:48
1657530168139655000,21.5,2,21.5,28,21.55,168,2,2022-07-11 09:02:48
1657530168158754000,21.55,1,21.5,28,21.55,167,1,2022-07-11 09:02:48
1657530168232087000,21.55,3,21.5,28,21.55,164,1,2022-07-11 09:02:48
1657530168271418000,21.5,2,21.5,26,21.55,164,2,2022-07-11 09:02:48
1657530168312637000,21.55,5,21.5,26,21.55,159,1,2022-07-11 09:02:48
1657530168421822000,21.5,2,21.5,29,21.55,163,2,2022-07-11 09:02:48
1657530168833259000,21.55,10,21.5,29,21.55,154,1,2022-07-11 09:02:48
1657530169224439000,21.55,10,21.5,34,21.55,146,1,2022-07-11 09:02:49
1657530169456808000,21.55,5,21.5,36,21.55,141,1,2022-07-11 09:02:49
1657530169481195000,21.55,1,21.5,36,21.55,140,1,2022-07-11 09:02:49
1657530169523546000,21.55,2,21.5,36,21.55,138,1,2022-07-11 09:02:49
1657530169599642000,21.55,2,21.5,36,21.55,136,1,2022-07-11 09:02:49
1657530169656162000,21.55,1,21.5,37,21.55,136,1,2022-07-11 09:02:49
1657530169741903000,21.5,2,21.5,37,21.55,135,2,2022-07-11 09:02:49
1657530169765322000,21.55,3,21.5,37,21.55,132,1,2022-07-11 09:02:49
1657530169827513000,21.5,1,21.5,36,21.55,132,2,2022-07-11 09:02:49
1657530169842131000,21.55,5,21.5,36,21.55,127,1,2022-07-11 09:02:49
1657530169850622000,21.55,1,21.5,36,21.55,126,1,2022-07-11 09:02:49
1657530169888925000,21.5,1,21.5,35,21.55,126,2,2022-07-11 09:02:49
1657530169905236000,21.5,1,21.5,35,21.55,126,2,2022-07-11 09:02:49
1657530169988834000,21.5,1,21.5,34,21.55,126,2,2022-07-11 09:02:49
1657530170004777000,21.55,5,21.5,34,21.55,121,1,2022-07-11 09:02:50
1657530170051964000,21.55,10,21.5,34,21.55,111,1,2022-07-11 09:02:50
1657530170116420000,21.55,1,21.5,34,21.55,110,1,2022-07-11 09:02:50
1657530170291923000,21.55,1,21.5,34,21.55,109,1,2022-07-11 09:02:50
1657530170388957000,21.55,10,21.5,34,21.55,99,1,2022-07-11 09:02:50
1657530170415392000,21.5,1,21.5,35,21.55,99,2,2022-07-11 09:02:50
1657530170450707000,21.55,1,21.5,39,21.55,98,1,2022-07-11 09:02:50
1657530170485837000,21.55,1,21.5,39,21.55,97,1,2022-07-11 09:02:50
1657530170557307000,21.55,1,21.5,46,21.55,97,1,2022-07-11 09:02:50
1657530170812881000,21.55,1,21.5,47,21.55,95,1,2022-07-11 09:02:50
1657530170923625000,21.55,20,21.5,48,21.55,75,1,2022-07-11 09:02:50
1657530170952928000,21.55,8,21.5,48,21.55,67,1,2022-07-11 09:02:50
1657530170953230000,21.55,12,21.5,48,21.55,55,1,2022-07-11 09:02:50
1657530170975832000,21.55,8,21.5,48,21.55,47,1,2022-07-11 09:02:50
1657530170975852000,21.55,2,21.5,48,21.55,45,1,2022-07-11 09:02:50
1657530170975877000,21.55,8,21.5,48,21.55,37,1,2022-07-11 09:02:50
1657530170975907000,21.55,8,21.5,48,21.55,29,1,2022-07-11 09:02:50
1657530170975924000,21.55,8,21.5,48,21.55,21,1,2022-07-11 09:02:50
1657530170975940000,21.55,8,21.5,48,21.55,13,1,2022-07-11 09:02:50
1657530170975957000,21.55,8,21.5,48,21.55,5,1,2022-07-11 09:02:50
1657530170975995000,21.55,5,21.5,48,21.6,65,1,2022-07-11 09:02:50
1657530171243455000,21.55,1,21.5,63,21.55,1,1,2022-07-11 09:02:51
1657530171244096000,21.5,1,21.5,62,21.55,1,2,2022-07-11 09:02:51
1657530171337441000,21.55,1,21.5,62,21.6,65,1,2022-07-11 09:02:51
1657530171368820000,21.5,60,21.5,2,21.6,65,2,2022-07-11 09:02:51
1657530171411918000,21.55,4,21.5,2,21.6,65,1,2022-07-11 09:02:51
1657530171431942000,21.55,1,21.55,6,21.6,65,1,2022-07-11 09:02:51
1657530171446336000,21.6,1,21.55,6,21.6,64,1,2022-07-11 09:02:51
1657530171448907000,21.55,1,21.55,5,21.6,64,2,2022-07-11 09:02:51
1657530171472411000,21.55,1,21.55,4,21.6,64,2,2022-07-11 09:02:51
1657530171509895000,21.6,50,21.55,25,21.6,14,1,2022-07-11 09:02:51
1657530171602977000,21.55,3,21.55,22,21.6,14,2,2022-07-11 09:02:51
1657530171637179000,21.55,10,21.55,12,21.6,14,2,2022-07-11 09:02:51
1657530171710835000,21.55,6,21.55,7,21.6,14,2,2022-07-11 09:02:51
1657530171859904000,21.6,1,21.55,8,21.6,13,1,2022-07-11 09:02:51
1657530172041032000,21.55,8,21.5,10,21.6,13,2,2022-07-11 09:02:52
1657530172041032000,21.5,2,21.5,10,21.6,13,2,2022-07-11 09:02:52
1657530172113768000,21.55,1,21.5,15,21.6,2,1,2022-07-11 09:02:52
1657530172113768000,21.6,11,21.5,15,21.6,2,1,2022-07-11 09:02:52
1657530172431085000,21.6,2,21.55,9,21.65,60,1,2022-07-11 09:02:52
1657530172431085000,21.65,3,21.55,9,21.65,60,1,2022-07-11 09:02:52
1657530172534821000,21.55,1,21.55,12,21.65,60,2,2022-07-11 09:02:52
1657530172611686000,21.65,10,21.55,12,21.65,50,1,2022-07-11 09:02:52
1657530172819477000,21.55,2,21.55,30,21.6,1,2,2022-07-11 09:02:52
1657530172973968000,21.6,1,21.55,33,21.65,56,1,2022-07-11 09:02:52
1657530173090852000,21.55,1,21.55,33,21.65,56,2,2022-07-11 09:02:53
1657530173167151000,21.55,1,21.55,34,21.65,56,2,2022-07-11 09:02:53
1657530173231439000,21.55,1,21.55,31,21.6,1,2,2022-07-11 09:02:53
1657530173272902000,21.6,1,21.55,31,21.65,53,1,2022-07-11 09:02:53
1657530173272902000,21.65,4,21.55,31,21.65,53,1,2022-07-11 09:02:53
1657530173322051000,21.6,5,21.55,31,21.6,5,2,2022-07-11 09:02:53
1657530173347172000,21.6,1,21.55,41,21.6,4,1,2022-07-11 09:02:53
1657530173514805000,21.6,5,21.55,41,21.65,52,1,2022-07-11 09:02:53
1657530173514805000,21.65,1,21.55,41,21.65,52,1,2022-07-11 09:02:53
1657530173595676000,21.65,1,21.55,45,21.65,51,1,2022-07-11 09:02:53
1657530173686819000,21.65,10,21.55,46,21.65,41,1,2022-07-11 09:02:53
1657530173819243000,21.55,2,21.55,44,21.65,41,2,2022-07-11 09:02:53
1657530173854918000,21.55,1,21.55,43,21.6,10,2,2022-07-11 09:02:53
1657530173882909000,21.55,1,21.55,42,21.6,10,2,2022-07-11 09:02:53
1657530173902325000,21.55,39,21.55,5,21.6,10,2,2022-07-11 09:02:53
1657530173930418000,21.55,5,21.5,39,21.6,10,2,2022-07-11 09:02:53
1657530173982061000,21.55,2,21.5,39,21.6,2,1,2022-07-11 09:02:53
1657530173982061000,21.6,8,21.5,39,21.6,2,1,2022-07-11 09:02:53
1657530174074530000,21.55,1,21.5,50,21.65,24,1,2022-07-11 09:02:54
1657530174074530000,21.6,2,21.5,50,21.65,24,1,2022-07-11 09:02:54
1657530174074530000,21.65,17,21.5,50,21.65,24,1,2022-07-11 09:02:54
1657530174224669000,21.6,1,21.5,54,21.6,2,1,2022-07-11 09:02:54
1657530174287768000,21.5,20,21.5,36,21.6,2,2,2022-07-11 09:02:54
1657530174295139000,21.6,1,21.5,36,21.6,1,1,2022-07-11 09:02:54
1657530174852086000,21.55,1,21.6,2,21.65,24,1,2022-07-11 09:02:54
1657530174852086000,21.6,1,21.6,2,21.65,24,1,2022-07-11 09:02:54
1657530174883055000,21.6,2,21.5,39,21.65,24,2,2022-07-11 09:02:54
1657530175122909000,21.6,5,21.55,1,21.65,24,2,2022-07-11 09:02:55
1657530175243469000,21.6,1,21.55,1,21.6,19,1,2022-07-11 09:02:55
1657530175345863000,21.6,3,21.55,6,21.6,16,1,2022-07-11 09:02:55
1657530175414065000,21.55,1,21.55,9,21.6,119,2,2022-07-11 09:02:55
1657530175441065000,21.55,8,21.55,1,21.6,119,2,2022-07-11 09:02:55
1657530175441088000,21.55,1,21.5,65,21.6,119,2,2022-07-11 09:02:55
1657530175467459000,21.6,1,21.5,65,21.6,118,1,2022-07-11 09:02:55
1657530175560030000,21.55,1,21.5,65,21.6,118,2,2022-07-11 09:02:55
1657530175677437000,21.55,5,21.5,65,21.6,118,2,2022-07-11 09:02:55
1657530175686105000,21.6,1,21.5,65,21.6,117,1,2022-07-11 09:02:55
1657530175730454000,21.55,1,21.5,67,21.6,117,2,2022-07-11 09:02:55
1657530175807061000,21.55,5,21.55,2,21.6,117,2,2022-07-11 09:02:55
1657530175807139000,21.55,2,21.5,67,21.6,117,2,2022-07-11 09:02:55
1657530175915718000,21.55,1,21.5,67,21.55,5,1,2022-07-11 09:02:55
1657530175960902000,21.55,2,21.5,67,21.55,3,1,2022-07-11 09:02:55
1657530176041550000,21.55,1,21.5,67,21.55,2,1,2022-07-11 09:02:56
1657530176126821000,21.5,1,21.5,67,21.55,5,2,2022-07-11 09:02:56
1657530176323031000,21.5,4,21.5,64,21.55,102,2,2022-07-11 09:02:56
1657530176338848000,21.5,8,21.5,56,21.55,102,2,2022-07-11 09:02:56
1657530176338912000,21.5,8,21.5,48,21.55,102,2,2022-07-11 09:02:56
1657530176338931000,21.5,8,21.5,40,21.55,102,2,2022-07-11 09:02:56
1657530176338934000,21.5,8,21.5,32,21.55,102,2,2022-07-11 09:02:56
1657530176338951000,21.5,4,21.5,28,21.55,102,2,2022-07-11 09:02:56
1657530176340146000,21.5,28,21.45,94,21.55,102,2,2022-07-11 09:02:56
1657530176380059000,21.5,1,21.5,2,21.55,122,1,2022-07-11 09:02:56
1657530176381887000,21.5,1,21.5,1,21.55,122,2,2022-07-11 09:02:56
1657530176387506000,21.5,1,21.5,1,21.55,122,2,2022-07-11 09:02:56
1657530176394513000,21.5,1,21.45,94,21.55,122,2,2022-07-11 09:02:56
1657530176395585000,21.55,1,21.45,94,21.55,121,1,2022-07-11 09:02:56
1657530176439004000,21.5,3,21.45,94,21.55,119,1,2022-07-11 09:02:56
1657530176439004000,21.55,2,21.45,94,21.55,119,1,2022-07-11 09:02:56
1657530176652766000,21.5,1,21.45,94,21.5,1,1,2022-07-11 09:02:56
1657530176788769000,21.45,2,21.45,87,21.55,134,2,2022-07-11 09:02:56
1657530176819201000,21.5,2,21.45,44,21.55,134,2,2022-07-11 09:02:56
1657530176819201000,21.45,43,21.45,44,21.55,134,2,2022-07-11 09:02:56
1657530176914230000,21.45,3,21.45,41,21.5,4,2,2022-07-11 09:02:56
1657530176916864000,21.5,4,21.45,41,21.55,128,1,2022-07-11 09:02:56
1657530176916864000,21.55,6,21.45,41,21.55,128,1,2022-07-11 09:02:56
1657530176932070000,21.55,5,21.45,41,21.55,123,1,2022-07-11 09:02:56
1657530176949438000,21.45,41,21.4,38,21.55,123,2,2022-07-11 09:02:56
1657530176949438000,21.4,59,21.4,38,21.55,123,2,2022-07-11 09:02:56
1657530176951325000,21.55,1,21.4,38,21.55,122,1,2022-07-11 09:02:56
1657530176981587000,21.55,1,21.4,38,21.55,133,1,2022-07-11 09:02:56
1657530177026151000,21.4,1,21.4,37,21.5,24,2,2022-07-11 09:02:57
1657530177050453000,21.4,1,21.4,36,21.5,24,2,2022-07-11 09:02:57
1657530177136863000,21.5,1,21.4,36,21.5,23,1,2022-07-11 09:02:57
1657530177391524000,21.5,2,21.4,37,21.5,48,1,2022-07-11 09:02:57
1657530177498322000,21.5,1,21.4,37,21.5,47,1,2022-07-11 09:02:57
1657530177525701000,21.5,2,21.4,37,21.5,45,1,2022-07-11 09:02:57
1657530177545123000,21.5,1,21.4,37,21.5,44,1,2022-07-11 09:02:57
1657530177665868000,21.45,1,21.4,37,21.45,20,1,2022-07-11 09:02:57
1657530177694745000,21.45,10,21.4,37,21.45,29,1,2022-07-11 09:02:57
1657530177791807000,21.45,3,21.4,37,21.45,26,1,2022-07-11 09:02:57
1657530178029226000,21.45,3,21.4,37,21.45,29,1,2022-07-11 09:02:58
1657530178064517000,21.4,1,21.4,36,21.45,34,2,2022-07-11 09:02:58
1657530178139598000,21.45,5,21.4,36,21.45,29,1,2022-07-11 09:02:58
1657530178195182000,21.45,1,21.4,36,21.45,33,1,2022-07-11 09:02:58
1657530178223272000,21.4,10,21.4,26,21.45,33,2,2022-07-11 09:02:58
1657530178235198000,21.45,5,21.4,26,21.45,28,1,2022-07-11 09:02:58
1657530178284896000,21.4,1,21.4,25,21.45,28,2,2022-07-11 09:02:58
1657530178384552000,21.45,1,21.4,25,21.45,27,1,2022-07-11 09:02:58
1657530178412884000,21.45,10,21.4,25,21.45,17,1,2022-07-11 09:02:58
1657530178441131000,21.45,8,21.4,25,21.45,9,1,2022-07-11 09:02:58
1657530178501580000,21.45,1,21.4,25,21.45,8,1,2022-07-11 09:02:58
1657530178574323000,21.45,1,21.4,25,21.45,7,1,2022-07-11 09:02:58
1657530178884335000,21.45,3,21.4,25,21.45,9,1,2022-07-11 09:02:58
1657530178894158000,21.45,2,21.4,25,21.45,7,1,2022-07-11 09:02:58
1657530179021111000,21.45,5,21.4,25,21.45,7,1,2022-07-11 09:02:59
1657530179089011000,21.45,2,21.4,25,21.45,5,1,2022-07-11 09:02:59
1657530179283096000,21.45,5,21.4,25,21.5,55,1,2022-07-11 09:02:59
1657530179283096000,21.5,15,21.4,25,21.5,55,1,2022-07-11 09:02:59
1657530179328634000,21.4,3,21.4,22,21.5,55,2,2022-07-11 09:02:59
1657530179389219000,21.5,10,21.4,22,21.5,45,1,2022-07-11 09:02:59
1657530179551094000,21.45,1,21.4,22,21.5,26,1,2022-07-11 09:02:59
1657530179551094000,21.5,19,21.4,22,21.5,26,1,2022-07-11 09:02:59
1657530179637749000,21.4,22,21.4,22,21.45,1,2,2022-07-11 09:02:59
1657530179637749000,21.35,18,21.4,22,21.45,1,2,2022-07-11 09:02:59
1657530179886059000,21.45,1,21.35,14,21.45,4,1,2022-07-11 09:02:59
1657530179915898000,21.45,1,21.35,14,21.45,3,1,2022-07-11 09:02:59
1657530179926109000,21.45,1,21.35,14,21.45,3,1,2022-07-11 09:02:59
1657530179972517000,21.45,1,21.35,14,21.45,2,1,2022-07-11 09:02:59
1657530180080480000,21.45,1,21.35,14,21.45,1,1,2022-07-11 09:03:00
1657530180320134000,21.45,3,21.35,14,21.5,25,1,2022-07-11 09:03:00
1657530180320134000,21.5,6,21.35,14,21.5,25,1,2022-07-11 09:03:00
1657530180400819000,21.35,12,21.35,2,21.5,34,2,2022-07-11 09:03:00
1657530180406973000,21.5,34,21.35,2,21.55,56,1,2022-07-11 09:03:00
1657530180406973000,21.55,66,21.35,2,21.55,56,1,2022-07-11 09:03:00
1657530180413539000,21.35,2,21.3,87,21.35,7,2,2022-07-11 09:03:00
1657530180439739000,21.35,7,21.35,5,21.55,56,1,2022-07-11 09:03:00
1657530180528489000,21.45,1,21.4,1,21.45,9,1,2022-07-11 09:03:00
1657530180703708000,21.4,1,21.3,87,21.4,49,2,2022-07-11 09:03:00
1657530180717493000,21.4,10,21.3,87,21.4,39,1,2022-07-11 09:03:00
1657530180788786000,21.35,1,21.3,87,21.4,39,1,2022-07-11 09:03:00
1657530180990029000,21.4,1,21.3,87,21.4,38,1,2022-07-11 09:03:00
1657530180996548000,21.4,1,21.3,87,21.4,37,1,2022-07-11 09:03:00
1657530181090776000,21.4,1,21.3,88,21.4,36,1,2022-07-11 09:03:01
1657530181178713000,21.4,10,21.3,89,21.4,26,1,2022-07-11 09:03:01
1657530181233800000,21.4,1,21.3,89,21.4,25,1,2022-07-11 09:03:01
1657530181240287000,21.35,1,21.3,89,21.4,24,1,2022-07-11 09:03:01
1657530181240287000,21.4,1,21.3,89,21.4,24,1,2022-07-11 09:03:01
1657530181277098000,21.35,1,21.3,89,21.4,24,1,2022-07-11 09:03:01
1657530181374471000,21.4,1,21.3,89,21.4,23,1,2022-07-11 09:03:01
1657530181394677000,21.4,1,21.3,89,21.4,22,1,2022-07-11 09:03:01
1657530181417226000,21.3,1,21.3,88,21.4,22,2,2022-07-11 09:03:01
1657530181421289000,21.4,1,21.3,88,21.4,21,1,2022-07-11 09:03:01
1657530181427539000,21.4,2,21.3,88,21.4,19,1,2022-07-11 09:03:01
1657530181560320000,21.4,1,21.3,88,21.4,18,1,2022-07-11 09:03:01
1657530181638261000,21.4,1,21.3,88,21.4,17,1,2022-07-11 09:03:01
1657530181678554000,21.4,6,21.3,88,21.4,11,1,2022-07-11 09:03:01
1657530181736098000,21.35,1,21.3,88,21.4,30,1,2022-07-11 09:03:01
1657530181740860000,21.4,5,21.3,88,21.4,25,1,2022-07-11 09:03:01
1657530181750850000,21.4,6,21.3,88,21.4,19,1,2022-07-11 09:03:01
1657530181809391000,21.35,1,21.35,5,21.4,19,1,2022-07-11 09:03:01
1657530181842566000,21.4,3,21.35,5,21.4,16,1,2022-07-11 09:03:01
1657530181877310000,21.4,1,21.35,5,21.4,15,1,2022-07-11 09:03:01
1657530181927618000,21.35,5,21.25,90,21.3,7,2,2022-07-11 09:03:01
1657530181927618000,21.3,88,21.25,90,21.3,7,2,2022-07-11 09:03:01
1657530181959709000,21.3,7,21.25,90,21.4,15,1,2022-07-11 09:03:01
1657530181964563000,21.25,1,21.25,89,21.4,15,2,2022-07-11 09:03:01
1657530181970109000,21.25,1,21.25,88,21.4,15,2,2022-07-11 09:03:01
1657530181970312000,21.25,1,21.25,87,21.4,15,2,2022-07-11 09:03:01
1657530181987226000,21.25,1,21.25,86,21.4,15,2,2022-07-11 09:03:01
1657530182036527000,21.35,1,21.25,86,21.4,6,1,2022-07-11 09:03:02
1657530182036527000,21.4,9,21.25,86,21.4,6,1,2022-07-11 09:03:02
1657530182181015000,21.3,1,21.25,82,21.4,6,2,2022-07-11 09:03:02
1657530182181015000,21.25,4,21.25,82,21.4,6,2,2022-07-11 09:03:02
1657530182320404000,21.4,1,21.25,82,21.4,5,1,2022-07-11 09:03:02
1657530182360922000,21.25,1,21.25,81,21.4,5,2,2022-07-11 09:03:02
1657530182495353000,21.4,5,21.25,81,21.45,13,1,2022-07-11 09:03:02
1657530182495353000,21.45,5,21.25,81,21.45,13,1,2022-07-11 09:03:02
1657530182533623000,21.4,5,21.25,81,21.45,13,1,2022-07-11 09:03:02
1657530182563177000,21.45,1,21.4,1,21.45,12,1,2022-07-11 09:03:02
1657530182588283000,21.4,1,21.3,1,21.45,12,2,2022-07-11 09:03:02
1657530182658826000,21.45,1,21.4,1,21.45,12,1,2022-07-11 09:03:02
1657530182848657000,21.45,1,21.3,1,21.45,10,1,2022-07-11 09:03:02
1657530182889019000,21.4,1,21.3,8,21.4,2,1,2022-07-11 09:03:02
1657530182963915000,21.4,1,21.3,23,21.4,1,1,2022-07-11 09:03:02
1657530182986506000,21.4,1,21.3,23,21.45,17,1,2022-07-11 09:03:02
1657530183031631000,21.3,1,21.3,22,21.4,7,2,2022-07-11 09:03:03
1657530183065562000,21.4,2,21.3,22,21.4,5,1,2022-07-11 09:03:03
1657530183105047000,21.35,1,21.3,22,21.4,5,1,2022-07-11 09:03:03
1657530183207141000,21.4,1,21.35,1,21.4,4,1,2022-07-11 09:03:03
1657530183218066000,21.4,4,21.4,6,21.45,17,1,2022-07-11 09:03:03
1657530183360171000,21.4,6,21.35,1,21.45,17,2,2022-07-11 09:03:03
1657530183400670000,21.35,1,21.3,22,21.45,17,2,2022-07-11 09:03:03
1657530183439520000,21.45,2,21.3,22,21.45,15,1,2022-07-11 09:03:03
1657530183465978000,21.3,1,21.3,21,21.4,1,2,2022-07-11 09:03:03
1657530183494009000,21.4,1,21.3,21,21.45,14,1,2022-07-11 09:03:03
1657530183563106000,21.4,1,21.3,17,21.45,14,2,2022-07-11 09:03:03
1657530183563106000,21.3,4,21.3,17,21.45,14,2,2022-07-11 09:03:03
1657530183595162000,21.45,1,21.3,17,21.45,13,1,2022-07-11 09:03:03
1657530183636493000,21.3,10,21.3,7,21.45,13,2,2022-07-11 09:03:03
1657530183652969000,21.3,2,21.3,7,21.45,16,2,2022-07-11 09:03:03
1657530183841908000,21.3,17,21.25,87,21.4,1,2,2022-07-11 09:03:03
1657530183841908000,21.25,33,21.25,87,21.4,1,2,2022-07-11 09:03:03
1657530183905725000,21.35,1,21.35,24,21.4,1,1,2022-07-11 09:03:03
1657530183999717000,21.35,1,21.35,23,21.4,1,2,2022-07-11 09:03:03
1657530184096185000,21.4,1,21.35,23,21.45,16,1,2022-07-11 09:03:04
1657530184140578000,21.45,1,21.35,23,21.45,15,1,2022-07-11 09:03:04
1657530184370858000,21.4,1,21.35,23,21.4,2,1,2022-07-11 09:03:04
1657530184510379000,21.4,2,21.35,23,21.5,24,1,2022-07-11 09:03:04
1657530184510379000,21.45,15,21.35,23,21.5,24,1,2022-07-11 09:03:04
1657530184510379000,21.5,3,21.35,23,21.5,24,1,2022-07-11 09:03:04
1657530184575439000,21.5,2,21.35,23,21.5,22,1,2022-07-11 09:03:04
1657530184674481000,21.4,1,21.35,23,21.4,9,1,2022-07-11 09:03:04
1657530185039663000,21.4,1,21.35,24,21.4,8,1,2022-07-11 09:03:05
1657530185151093000,21.4,1,21.35,24,21.4,7,1,2022-07-11 09:03:05
1657530185187818000,21.4,5,21.35,25,21.4,2,1,2022-07-11 09:03:05
1657530185276085000,21.4,2,21.35,25,21.45,3,1,2022-07-11 09:03:05
1657530185309112000,21.45,3,21.35,25,21.5,20,1,2022-07-11 09:03:05
1657530185309112000,21.5,2,21.35,25,21.5,20,1,2022-07-11 09:03:05
1657530185383054000,21.5,1,21.35,25,21.5,19,1,2022-07-11 09:03:05
1657530185683136000,21.5,3,21.4,1,21.5,16,1,2022-07-11 09:03:05
1657530185992771000,21.5,1,21.4,11,21.5,15,1,2022-07-11 09:03:05
1657530186075264000,21.45,26,21.45,4,21.5,15,2,2022-07-11 09:03:06
1657530186108433000,21.45,4,21.4,11,21.5,15,2,2022-07-11 09:03:06
1657530186113452000,21.5,1,21.4,11,21.5,14,1,2022-07-11 09:03:06
1657530186306419000,21.5,1,21.4,11,21.5,13,1,2022-07-11 09:03:06
1657530186374231000,21.45,2,21.4,11,21.5,13,1,2022-07-11 09:03:06
1657530186752844000,21.4,5,21.4,7,21.45,1,2,2022-07-11 09:03:06
1657530186796256000,21.45,1,21.4,7,21.5,13,1,2022-07-11 09:03:06
1657530187121961000,21.4,7,21.35,34,21.4,3,2,2022-07-11 09:03:07
1657530187130399000,21.4,3,21.35,34,21.5,13,1,2022-07-11 09:03:07
1657530187130399000,21.45,7,21.35,34,21.5,13,1,2022-07-11 09:03:07
1657530187344576000,21.35,1,21.35,35,21.5,13,2,2022-07-11 09:03:07
1657530187584363000,21.4,2,21.4,1,21.5,13,2,2022-07-11 09:03:07
1657530187917029000,21.5,10,21.4,1,21.5,3,1,2022-07-11 09:03:07
1657530187963245000,21.45,5,21.4,1,21.5,3,1,2022-07-11 09:03:07
1657530188022957000,21.5,1,21.4,2,21.5,3,1,2022-07-11 09:03:08
1657530188313274000,21.4,2,21.35,43,21.5,6,2,2022-07-11 09:03:08
1657530188353248000,21.5,2,21.35,43,21.5,4,1,2022-07-11 09:03:08
1657530188523108000,21.5,1,21.4,1,21.5,13,1,2022-07-11 09:03:08
1657530188581672000,21.45,5,21.4,1,21.45,50,1,2022-07-11 09:03:08
1657530188723139000,21.4,1,21.35,43,21.45,45,2,2022-07-11 09:03:08
1657530188724748000,21.45,5,21.35,43,21.45,40,1,2022-07-11 09:03:08
1657530188885917000,21.4,2,21.35,49,21.45,42,2,2022-07-11 09:03:08
1657530188885917000,21.35,1,21.35,49,21.45,42,2,2022-07-11 09:03:08
1657530189139443000,21.4,3,21.4,7,21.45,42,2,2022-07-11 09:03:09
1657530189163097000,21.4,1,21.4,6,21.45,42,2,2022-07-11 09:03:09
1657530189165128000,21.4,1,21.4,5,21.45,42,2,2022-07-11 09:03:09
1657530189168463000,21.4,1,21.4,10,21.45,42,2,2022-07-11 09:03:09
1657530189264556000,21.45,1,21.4,4,21.45,41,1,2022-07-11 09:03:09
1657530189472431000,21.4,5,21.4,9,21.45,48,2,2022-07-11 09:03:09
1657530189520649000,21.45,1,21.4,9,21.45,47,1,2022-07-11 09:03:09
1657530189551713000,21.45,5,21.4,9,21.45,42,1,2022-07-11 09:03:09
1657530189954451000,21.45,1,21.4,12,21.45,41,1,2022-07-11 09:03:09
1657530190198237000,21.45,10,21.4,14,21.45,31,1,2022-07-11 09:03:10
1657530190230299000,21.45,1,21.4,15,21.45,30,1,2022-07-11 09:03:10
1657530190402765000,21.45,13,21.4,37,21.45,17,1,2022-07-11 09:03:10
1657530190424052000,21.45,8,21.4,37,21.45,9,1,2022-07-11 09:03:10
1657530190425715000,21.45,9,21.4,37,21.5,46,1,2022-07-11 09:03:10
1657530190635783000,21.5,10,21.4,37,21.5,42,1,2022-07-11 09:03:10
1657530190684450000,21.5,1,21.4,39,21.5,42,1,2022-07-11 09:03:10
1657530190812375000,21.45,1,21.4,39,21.45,2,1,2022-07-11 09:03:10
1657530190828477000,21.45,1,21.4,39,21.45,1,1,2022-07-11 09:03:10
1657530190917145000,21.45,1,21.4,39,21.5,37,1,2022-07-11 09:03:10
1657530190917145000,21.5,9,21.4,39,21.5,37,1,2022-07-11 09:03:10
1657530191200110000,21.45,1,21.4,42,21.45,2,1,2022-07-11 09:03:11
1657530191298364000,21.45,1,21.4,42,21.45,1,1,2022-07-11 09:03:11
1657530191502962000,21.45,3,21.45,47,21.5,48,1,2022-07-11 09:03:11
1657530191544228000,21.45,2,21.45,45,21.5,48,2,2022-07-11 09:03:11
1657530192015702000,21.45,1,21.45,57,21.5,43,2,2022-07-11 09:03:12
1657530192024370000,21.5,1,21.45,57,21.5,42,1,2022-07-11 09:03:12
1657530192116051000,21.5,2,21.45,57,21.5,40,1,2022-07-11 09:03:12
1657530192131851000,21.5,30,21.45,57,21.5,10,1,2022-07-11 09:03:12
1657530192152446000,21.5,8,21.45,57,21.5,2,1,2022-07-11 09:03:12
1657530192152502000,21.5,2,21.45,57,21.55,50,1,2022-07-11 09:03:12
1657530192356308000,21.55,1,21.45,60,21.55,49,1,2022-07-11 09:03:12
1657530192381374000,21.45,8,21.45,54,21.5,2,2,2022-07-11 09:03:12
1657530192574559000,21.5,3,21.45,54,21.55,47,1,2022-07-11 09:03:12
1657530192574559000,21.55,2,21.45,54,21.55,47,1,2022-07-11 09:03:12
1657530192991085000,21.45,26,21.45,37,21.55,44,2,2022-07-11 09:03:12
1657530193030358000,21.55,1,21.45,37,21.55,43,1,2022-07-11 09:03:13
1657530193110899000,21.5,1,21.5,9,21.55,43,1,2022-07-11 09:03:13
1657530193124114000,21.55,5,21.5,9,21.55,38,1,2022-07-11 09:03:13
1657530193171916000,21.5,2,21.45,37,21.5,1,2,2022-07-11 09:03:13
1657530193431881000,21.5,2,21.5,5,21.55,38,2,2022-07-11 09:03:13
1657530193518728000,21.55,1,21.5,5,21.55,37,1,2022-07-11 09:03:13
1657530193734424000,21.55,10,21.5,6,21.55,27,1,2022-07-11 09:03:13
1657530194003285000,21.5,16,21.45,41,21.5,4,2,2022-07-11 09:03:14
1657530194092629000,21.5,1,21.45,41,21.5,3,1,2022-07-11 09:03:14
1657530194214546000,21.5,3,21.45,42,21.55,26,1,2022-07-11 09:03:14
1657530194214546000,21.55,7,21.45,42,21.55,26,1,2022-07-11 09:03:14
1657530194438602000,21.55,1,21.45,48,21.55,25,1,2022-07-11 09:03:14
1657530194828642000,21.55,15,21.45,54,21.55,10,1,2022-07-11 09:03:14
1657530194993193000,21.45,3,21.45,51,21.55,10,2,2022-07-11 09:03:14
1657530195062715000,21.55,3,21.5,1,21.55,7,1,2022-07-11 09:03:15
1657530195113804000,21.5,1,21.5,1,21.55,9,2,2022-07-11 09:03:15
1657530195217130000,21.5,1,21.45,51,21.55,8,1,2022-07-11 09:03:15
1657530195217130000,21.55,1,21.45,51,21.55,8,1,2022-07-11 09:03:15
1657530195261045000,21.5,1,21.45,51,21.55,8,2,2022-07-11 09:03:15
1657530195780628000,21.5,1,21.45,51,21.55,16,1,2022-07-11 09:03:15
1657530195939971000,21.55,10,21.5,1,21.55,7,1,2022-07-11 09:03:15
1657530196002210000,21.55,1,21.5,3,21.55,11,1,2022-07-11 09:03:16
1657530196159347000,21.55,1,21.5,5,21.55,11,1,2022-07-11 09:03:16
1657530196984629000,21.5,2,21.5,25,21.55,12,2,2022-07-11 09:03:16
1657530197439533000,21.55,2,21.5,40,21.55,17,1,2022-07-11 09:03:17
1657530197708147000,21.55,2,21.5,40,21.55,26,1,2022-07-11 09:03:17
1657530197744070000,21.55,2,21.5,40,21.55,24,1,2022-07-11 09:03:17
1657530197823299000,21.55,1,21.5,41,21.55,23,1,2022-07-11 09:03:17
1657530197849275000,21.55,1,21.5,43,21.55,22,1,2022-07-11 09:03:17
1657530198138677000,21.5,1,21.5,47,21.55,22,2,2022-07-11 09:03:18
1657530198167409000,21.55,1,21.5,47,21.55,21,1,2022-07-11 09:03:18
1657530198574453000,21.55,4,21.5,50,21.55,18,1,2022-07-11 09:03:18
1657530198852937000,21.55,10,21.5,51,21.55,8,1,2022-07-11 09:03:18
1657530198895951000,21.5,1,21.5,50,21.55,11,2,2022-07-11 09:03:18
1657530198913815000,21.55,1,21.5,50,21.55,10,1,2022-07-11 09:03:18
1657530198913994000,21.5,3,21.5,47,21.55,10,2,2022-07-11 09:03:18
1657530198948902000,21.55,10,21.55,10,21.6,37,1,2022-07-11 09:03:18
1657530199053679000,21.55,1,21.55,12,21.6,37,2,2022-07-11 09:03:19
1657530199060935000,21.55,12,21.5,10,21.6,37,2,2022-07-11 09:03:19
1657530199060935000,21.5,41,21.5,10,21.6,37,2,2022-07-11 09:03:19
1657530199101749000,21.55,1,21.55,9,21.6,37,2,2022-07-11 09:03:19
1657530199127466000,21.55,8,21.55,1,21.6,37,2,2022-07-11 09:03:19
1657530199127500000,21.55,1,21.5,10,21.6,37,2,2022-07-11 09:03:19
1657530199414824000,21.55,1,21.5,17,21.6,47,1,2022-07-11 09:03:19
1657530199460090000,21.5,2,21.5,15,21.6,47,2,2022-07-11 09:03:19
1657530199486039000,21.6,1,21.5,15,21.6,46,1,2022-07-11 09:03:19
1657530199526002000,21.5,1,21.5,14,21.6,46,2,2022-07-11 09:03:19
1657530199543589000,21.5,3,21.5,11,21.6,46,2,2022-07-11 09:03:19
1657530199580194000,21.55,8,21.55,2,21.6,46,2,2022-07-11 09:03:19
1657530199580211000,21.55,2,21.5,11,21.6,46,2,2022-07-11 09:03:19
1657530199632370000,21.55,1,21.55,4,21.6,46,1,2022-07-11 09:03:19
1657530199662278000,21.55,1,21.55,3,21.6,46,2,2022-07-11 09:03:19
1657530199797091000,21.55,1,21.55,7,21.6,46,2,2022-07-11 09:03:19
1657530199812397000,21.55,1,21.55,6,21.6,46,2,2022-07-11 09:03:19
1657530199857359000,21.6,1,21.55,6,21.6,45,1,2022-07-11 09:03:19
1657530199939946000,21.6,2,21.55,6,21.6,43,1,2022-07-11 09:03:19
1657530199997009000,21.55,1,21.55,5,21.6,43,2,2022-07-11 09:03:19
1657530200440445000,21.55,15,21.55,2,21.6,38,2,2022-07-11 09:03:20
1657530200499307000,21.6,30,21.55,3,21.6,8,1,2022-07-11 09:03:20
1657530200555629000,21.6,2,21.55,3,21.6,6,1,2022-07-11 09:03:20
1657530200664123000,21.6,1,21.55,3,21.6,5,1,2022-07-11 09:03:20
1657530200680569000,21.6,5,21.55,3,21.6,6,1,2022-07-11 09:03:20
1657530200680569000,21.65,5,21.55,3,21.6,6,1,2022-07-11 09:03:20
1657530200748216000,21.65,15,21.55,3,21.65,32,1,2022-07-11 09:03:20
1657530200769359000,21.55,1,21.55,2,21.65,32,2,2022-07-11 09:03:20
1657530201039645000,21.55,7,21.5,16,21.65,32,2,2022-07-11 09:03:21
1657530201039645000,21.5,8,21.5,16,21.65,32,2,2022-07-11 09:03:21
1657530201196550000,21.55,1,21.5,16,21.55,2,1,2022-07-11 09:03:21
1657530201212331000,21.55,2,21.5,16,21.65,32,1,2022-07-11 09:03:21
1657530201466159000,21.6,30,21.55,5,21.65,32,2,2022-07-11 09:03:21
1657530201468624000,21.55,2,21.6,30,21.65,32,2,2022-07-11 09:03:21
1657530201738848000,21.65,10,21.55,3,21.65,22,1,2022-07-11 09:03:21
1657530201748726000,21.65,20,21.55,3,21.65,2,1,2022-07-11 09:03:21
1657530201785754000,21.65,2,21.55,3,21.65,9,1,2022-07-11 09:03:21
1657530201812337000,21.65,1,21.55,3,21.65,9,1,2022-07-11 09:03:21
1657530202053231000,21.65,10,21.55,36,21.65,4,1,2022-07-11 09:03:22
1657530202276406000,21.55,1,21.55,40,21.65,4,2,2022-07-11 09:03:22
1657530202715487000,21.55,1,21.55,45,21.6,70,2,2022-07-11 09:03:22
1657530202795881000,21.6,1,21.55,45,21.6,69,1,2022-07-11 09:03:22
1657530202932914000,21.6,2,21.55,45,21.6,67,1,2022-07-11 09:03:22
1657530202963899000,21.6,2,21.55,45,21.6,65,1,2022-07-11 09:03:22
1657530202985543000,21.6,1,21.55,45,21.6,64,1,2022-07-11 09:03:22
1657530203376735000,21.6,1,21.55,50,21.6,64,1,2022-07-11 09:03:23
1657530203466747000,21.55,1,21.55,49,21.6,64,2,2022-07-11 09:03:23
1657530203660396000,21.6,1,21.55,50,21.6,64,1,2022-07-11 09:03:23
1657530203730855000,21.6,1,21.55,50,21.6,62,1,2022-07-11 09:03:23
1657530203734296000,21.6,2,21.55,50,21.6,60,1,2022-07-11 09:03:23
1657530203846081000,21.6,1,21.55,50,21.6,65,1,2022-07-11 09:03:23
1657530204039944000,21.6,5,21.55,53,21.6,66,1,2022-07-11 09:03:24
1657530204134555000,21.6,1,21.55,53,21.6,65,1,2022-07-11 09:03:24
1657530204186617000,21.6,5,21.55,53,21.6,60,1,2022-07-11 09:03:24
1657530204404058000,21.6,1,21.55,55,21.6,59,1,2022-07-11 09:03:24
1657530204524668000,21.55,13,21.55,42,21.6,59,2,2022-07-11 09:03:24
1657530204531246000,21.55,1,21.55,41,21.6,59,2,2022-07-11 09:03:24
1657530204562917000,21.55,1,21.55,40,21.6,59,2,2022-07-11 09:03:24
1657530204564667000,21.55,1,21.55,39,21.6,59,2,2022-07-11 09:03:24
1657530204568971000,21.55,1,21.55,38,21.6,59,2,2022-07-11 09:03:24
1657530204639021000,21.6,5,21.55,38,21.6,54,1,2022-07-11 09:03:24
1657530204641857000,21.6,1,21.55,55,21.6,60,1,2022-07-11 09:03:24
1657530204820493000,21.55,5,21.55,33,21.6,53,2,2022-07-11 09:03:24
1657530204884638000,21.55,2,21.55,31,21.6,53,2,2022-07-11 09:03:24
1657530204974206000,21.6,1,21.55,31,21.6,52,1,2022-07-11 09:03:24
1657530205285382000,21.55,3,21.55,29,21.6,52,2,2022-07-11 09:03:25
1657530205721181000,21.6,2,21.55,34,21.6,108,1,2022-07-11 09:03:25
1657530205788245000,21.6,10,21.55,36,21.6,98,1,2022-07-11 09:03:25
1657530206052799000,21.6,1,21.55,37,21.6,97,1,2022-07-11 09:03:26
1657530206386564000,21.55,1,21.55,43,21.6,98,2,2022-07-11 09:03:26
1657530206528651000,21.6,5,21.55,44,21.6,93,1,2022-07-11 09:03:26
1657530206597489000,21.6,1,21.55,44,21.6,93,1,2022-07-11 09:03:26
1657530206599422000,21.6,1,21.55,44,21.6,92,1,2022-07-11 09:03:26
1657530207009209000,21.6,10,21.55,46,21.6,82,1,2022-07-11 09:03:27
1657530207039784000,21.55,1,21.55,45,21.6,82,2,2022-07-11 09:03:27
1657530207308340000,21.6,1,21.55,45,21.6,81,1,2022-07-11 09:03:27
1657530207338348000,21.55,45,21.5,83,21.6,81,2,2022-07-11 09:03:27
1657530207361382000,21.6,4,21.5,83,21.6,77,1,2022-07-11 09:03:27
1657530207533811000,21.55,1,21.5,84,21.55,2,1,2022-07-11 09:03:27
1657530207548173000,21.55,2,21.5,84,21.6,77,1,2022-07-11 09:03:27
1657530207614878000,21.6,1,21.5,84,21.6,76,1,2022-07-11 09:03:27
1657530207696128000,21.6,1,21.5,89,21.6,75,1,2022-07-11 09:03:27
1657530207784008000,21.55,1,21.5,89,21.6,75,2,2022-07-11 09:03:27
1657530207918885000,21.55,5,21.5,89,21.55,15,2,2022-07-11 09:03:27
1657530208053598000,21.55,20,21.5,89,21.55,8,1,2022-07-11 09:03:28
1657530208186351000,21.55,1,21.5,89,21.55,8,1,2022-07-11 09:03:28
1657530208223201000,21.55,1,21.5,89,21.55,6,1,2022-07-11 09:03:28
1657530208247632000,21.55,1,21.5,89,21.55,5,1,2022-07-11 09:03:28
1657530208264972000,21.55,1,21.5,89,21.55,4,1,2022-07-11 09:03:28
1657530208300637000,21.55,4,21.5,89,21.6,73,1,2022-07-11 09:03:28
1657530208300637000,21.6,6,21.5,89,21.6,73,1,2022-07-11 09:03:28
1657530208443705000,21.5,2,21.5,87,21.55,1,2,2022-07-11 09:03:28
1657530208451830000,21.55,1,21.5,87,21.6,86,1,2022-07-11 09:03:28
1657530208497409000,21.5,1,21.5,86,21.6,86,2,2022-07-11 09:03:28
1657530208596542000,21.6,1,21.55,1,21.6,88,1,2022-07-11 09:03:28
1657530208665515000,21.55,1,21.5,86,21.6,95,2,2022-07-11 09:03:28
1657530208710973000,21.5,5,21.5,81,21.6,100,2,2022-07-11 09:03:28
1657530208741511000,21.6,2,21.5,81,21.6,98,1,2022-07-11 09:03:28
1657530208773390000,21.6,2,21.55,3,21.6,96,1,2022-07-11 09:03:28
1657530209047559000,21.55,1,21.55,2,21.6,96,2,2022-07-11 09:03:29
1657530209077252000,21.6,3,21.55,2,21.6,98,1,2022-07-11 09:03:29
1657530209117753000,21.6,10,21.55,2,21.6,88,1,2022-07-11 09:03:29
1657530209133451000,21.6,1,21.55,2,21.6,87,1,2022-07-11 09:03:29
1657530209191281000,21.6,2,21.55,2,21.6,101,1,2022-07-11 09:03:29
1657530209235928000,21.6,10,21.55,2,21.6,75,1,2022-07-11 09:03:29
1657530209271653000,21.6,2,21.55,3,21.6,73,1,2022-07-11 09:03:29
1657530209288986000,21.6,10,21.55,4,21.6,63,1,2022-07-11 09:03:29
1657530209333790000,21.55,4,21.45,95,21.6,63,2,2022-07-11 09:03:29
1657530209333790000,21.5,86,21.45,95,21.6,63,2,2022-07-11 09:03:29
1657530209333790000,21.45,10,21.45,95,21.6,63,2,2022-07-11 09:03:29
1657530209853007000,21.55,1,21.5,8,21.55,2,1,2022-07-11 09:03:29
1657530209906297000,21.55,2,21.5,8,21.6,70,1,2022-07-11 09:03:29
1657530209906297000,21.6,1,21.5,8,21.6,70,1,2022-07-11 09:03:29
1657530210148000000,21.55,1,21.5,9,21.6,70,1,2022-07-11 09:03:30
1657530210213158000,21.55,1,21.5,9,21.6,70,1,2022-07-11 09:03:30
1657530210292390000,21.55,1,21.5,12,21.55,4,1,2022-07-11 09:03:30
1657530210323016000,21.55,1,21.5,12,21.55,3,1,2022-07-11 09:03:30
1657530210361858000,21.55,1,21.5,12,21.55,2,1,2022-07-11 09:03:30
1657530210376634000,21.55,3,21.5,12,21.6,69,1,2022-07-11 09:03:30
1657530210376634000,21.6,2,21.5,12,21.6,69,1,2022-07-11 09:03:30
1657530210389586000,21.5,1,21.5,11,21.6,69,2,2022-07-11 09:03:30
1657530210436198000,21.55,1,21.5,11,21.55,4,1,2022-07-11 09:03:30
1657530210560646000,21.55,15,21.5,11,21.55,4,1,2022-07-11 09:03:30
1657530210696099000,21.5,5,21.5,6,21.55,19,2,2022-07-11 09:03:30
1657530210699264000,21.55,1,21.5,11,21.55,19,1,2022-07-11 09:03:30
1657530210713007000,21.55,1,21.5,6,21.55,17,1,2022-07-11 09:03:30
1657530210730075000,21.5,1,21.5,5,21.55,17,2,2022-07-11 09:03:30
1657530210793768000,21.55,1,21.5,5,21.55,17,1,2022-07-11 09:03:30
1657530210851752000,21.55,1,21.5,5,21.55,16,1,2022-07-11 09:03:30
1657530210962484000,21.55,10,21.5,10,21.55,7,1,2022-07-11 09:03:30
1657530210975618000,21.55,1,21.5,10,21.55,6,1,2022-07-11 09:03:30
1657530211135461000,21.5,11,21.5,11,21.55,8,2,2022-07-11 09:03:31
1657530211135461000,21.45,9,21.5,11,21.55,8,2,2022-07-11 09:03:31
1657530211290054000,21.55,1,21.45,91,21.55,7,1,2022-07-11 09:03:31
1657530211440071000,21.55,1,21.45,91,21.55,17,1,2022-07-11 09:03:31
1657530211800064000,21.55,6,21.45,91,21.55,11,1,2022-07-11 09:03:31
1657530211817572000,21.55,5,21.45,91,21.55,7,1,2022-07-11 09:03:31
1657530211825220000,21.45,6,21.45,86,21.55,7,2,2022-07-11 09:03:31
1657530212277983000,21.55,1,21.5,3,21.55,14,1,2022-07-11 09:03:32
1657530212669439000,21.55,12,21.5,23,21.55,17,1,2022-07-11 09:03:32
1657530212671135000,21.5,5,21.5,18,21.55,17,2,2022-07-11 09:03:32
1657530212747494000,21.5,16,21.5,2,21.55,29,2,2022-07-11 09:03:32
1657530212810655000,21.5,1,21.5,1,21.55,29,2,2022-07-11 09:03:32
1657530213082572000,21.55,1,21.5,1,21.55,45,1,2022-07-11 09:03:33
1657530213234137000,21.55,1,21.5,1,21.55,43,1,2022-07-11 09:03:33
1657530213268542000,21.5,1,21.45,93,21.55,48,2,2022-07-11 09:03:33
1657530213453384000,21.5,5,21.45,93,21.55,49,1,2022-07-11 09:03:33
1657530213650977000,21.55,10,21.45,93,21.55,39,1,2022-07-11 09:03:33
1657530213690116000,21.45,1,21.45,93,21.55,40,2,2022-07-11 09:03:33
1657530213823474000,21.55,1,21.5,1,21.55,39,1,2022-07-11 09:03:33
1657530213824411000,21.55,1,21.5,1,21.55,38,1,2022-07-11 09:03:33
1657530213841407000,21.55,1,21.5,1,21.55,37,1,2022-07-11 09:03:33
1657530213847931000,21.55,1,21.5,1,21.55,36,1,2022-07-11 09:03:33
1657530213856539000,21.55,1,21.5,1,21.55,35,1,2022-07-11 09:03:33
1657530213909455000,21.55,1,21.5,1,21.55,34,1,2022-07-11 09:03:33
1657530214411039000,21.55,1,21.5,15,21.55,50,1,2022-07-11 09:03:34
1657530214537712000,21.55,5,21.5,35,21.55,45,1,2022-07-11 09:03:34
1657530214596148000,21.5,35,21.45,98,21.55,46,2,2022-07-11 09:03:34
1657530214664640000,21.55,2,21.45,98,21.55,46,1,2022-07-11 09:03:34
1657530214717636000,21.45,1,21.45,97,21.55,44,2,2022-07-11 09:03:34
1657530215229306000,21.55,2,21.5,3,21.55,50,1,2022-07-11 09:03:35
1657530215329827000,21.5,3,21.5,2,21.55,52,2,2022-07-11 09:03:35
1657530215434565000,21.5,2,21.5,2,21.55,53,2,2022-07-11 09:03:35
1657530215694569000,21.5,3,21.5,3,21.55,53,2,2022-07-11 09:03:35
1657530215746198000,21.5,4,21.5,36,21.55,41,1,2022-07-11 09:03:35
1657530215842650000,21.55,31,21.5,36,21.55,10,1,2022-07-11 09:03:35
1657530215862338000,21.55,10,21.5,36,21.6,98,1,2022-07-11 09:03:35
1657530216399987000,21.55,1,21.5,40,21.55,2,2,2022-07-11 09:03:36
1657530216493588000,21.55,1,21.5,41,21.55,1,1,2022-07-11 09:03:36
1657530216549303000,21.5,3,21.5,38,21.55,1,2,2022-07-11 09:03:36
1657530216563915000,21.55,1,21.5,38,21.6,84,1,2022-07-11 09:03:36
1657530216636130000,21.5,6,21.5,34,21.6,84,2,2022-07-11 09:03:36
1657530216971599000,21.55,1,21.5,44,21.55,7,1,2022-07-11 09:03:36
1657530217133153000,21.55,1,21.5,44,21.55,6,1,2022-07-11 09:03:37
1657530217169633000,21.55,2,21.5,44,21.55,8,1,2022-07-11 09:03:37
1657530217235802000,21.55,4,21.5,44,21.6,83,1,2022-07-11 09:03:37
1657530217235802000,21.6,1,21.5,44,21.6,83,1,2022-07-11 09:03:37
1657530217248532000,21.6,1,21.5,44,21.6,82,1,2022-07-11 09:03:37
1657530217320281000,21.6,1,21.5,48,21.6,81,1,2022-07-11 09:03:37
1657530217468853000,21.55,1,21.5,49,21.6,68,2,2022-07-11 09:03:37
1657530217537784000,21.55,5,21.5,49,21.55,1,1,2022-07-11 09:03:37
1657530217563070000,21.55,1,21.5,49,21.6,68,1,2022-07-11 09:03:37
1657530217571209000,21.5,23,21.5,26,21.6,68,2,2022-07-11 09:03:37
1657530217690602000,21.55,1,21.5,33,21.55,10,1,2022-07-11 09:03:37
1657530217831128000,21.55,1,21.5,33,21.55,9,1,2022-07-11 09:03:37
1657530218098352000,21.55,19,21.5,34,21.6,2,1,2022-07-11 09:03:38
1657530218098352000,21.6,81,21.5,34,21.6,2,1,2022-07-11 09:03:38
1657530218208244000,21.6,2,21.5,35,21.6,2,1,2022-07-11 09:03:38
1657530218208244000,21.65,3,21.5,35,21.6,2,1,2022-07-11 09:03:38
1657530218233617000,21.5,2,21.5,33,21.65,37,2,2022-07-11 09:03:38
1657530218278433000,21.65,1,21.5,33,21.65,36,1,2022-07-11 09:03:38
1657530218600657000,21.6,3,21.6,1,21.65,36,1,2022-07-11 09:03:38
1657530218630323000,21.6,1,21.55,10,21.65,36,2,2022-07-11 09:03:38
1657530218685546000,21.6,2,21.6,12,21.65,36,2,2022-07-11 09:03:38
1657530218831165000,21.6,1,21.6,9,21.65,36,2,2022-07-11 09:03:38
1657530218831997000,21.6,5,21.6,4,21.65,36,2,2022-07-11 09:03:38
1657530218835284000,21.6,1,21.6,3,21.65,36,2,2022-07-11 09:03:38
1657530219111612000,21.6,3,21.6,2,21.65,49,2,2022-07-11 09:03:39
1657530219567023000,21.6,4,21.55,34,21.65,48,2,2022-07-11 09:03:39
1657530219890541000,21.55,1,21.55,34,21.6,11,2,2022-07-11 09:03:39
1657530219972512000,21.6,1,21.55,36,21.6,10,1,2022-07-11 09:03:39
1657530220064593000,21.6,1,21.55,36,21.6,9,1,2022-07-11 09:03:40
1657530220400266000,21.6,2,21.55,36,21.6,14,1,2022-07-11 09:03:40
1657530220671708000,21.55,1,21.55,37,21.6,14,2,2022-07-11 09:03:40
1657530220721873000,21.55,5,21.55,31,21.6,16,2,2022-07-11 09:03:40
1657530220829694000,21.6,1,21.55,31,21.6,16,1,2022-07-11 09:03:40
1657530220986534000,21.55,1,21.55,28,21.6,16,2,2022-07-11 09:03:40
1657530221018616000,21.6,1,21.55,28,21.6,15,1,2022-07-11 09:03:41
1657530221065864000,21.55,3,21.55,25,21.6,15,2,2022-07-11 09:03:41
1657530221506698000,21.6,1,21.55,25,21.6,14,1,2022-07-11 09:03:41
1657530221583656000,21.55,1,21.55,24,21.6,14,2,2022-07-11 09:03:41
1657530221635438000,21.6,10,21.55,34,21.6,14,1,2022-07-11 09:03:41
1657530222078717000,21.6,3,21.55,36,21.6,1,1,2022-07-11 09:03:42
1657530222434128000,21.55,1,21.55,38,21.6,1,2,2022-07-11 09:03:42
1657530222485919000,21.6,1,21.55,38,21.65,23,1,2022-07-11 09:03:42
1657530222485919000,21.65,29,21.55,38,21.65,23,1,2022-07-11 09:03:42
1657530223169926000,21.6,1,21.55,54,21.6,14,1,2022-07-11 09:03:43
1657530223195886000,21.6,10,21.55,54,21.6,14,1,2022-07-11 09:03:43
1657530223234209000,21.6,4,21.55,54,21.65,29,1,2022-07-11 09:03:43
1657530223234209000,21.65,11,21.55,54,21.65,29,1,2022-07-11 09:03:43
1657530223358059000,21.6,5,21.55,56,21.65,44,2,2022-07-11 09:03:43
1657530223508256000,21.65,10,21.55,56,21.65,39,1,2022-07-11 09:03:43
1657530223607556000,21.65,1,21.55,56,21.65,38,1,2022-07-11 09:03:43
1657530223720671000,21.65,1,21.6,5,21.65,37,1,2022-07-11 09:03:43
1657530224038544000,21.6,15,21.6,3,21.65,39,2,2022-07-11 09:03:44
1657530224153132000,21.6,2,21.6,1,21.65,39,2,2022-07-11 09:03:44
1657530224172276000,21.6,1,21.55,58,21.65,39,2,2022-07-11 09:03:44
1657530224613872000,21.6,12,21.55,61,21.6,38,2,2022-07-11 09:03:44
1657530224623037000,21.6,1,21.55,61,21.6,37,1,2022-07-11 09:03:44
1657530224837605000,21.6,1,21.55,64,21.6,36,1,2022-07-11 09:03:44
1657530224928131000,21.6,2,21.55,64,21.6,34,1,2022-07-11 09:03:44
1657530225108323000,21.6,1,21.55,64,21.6,43,1,2022-07-11 09:03:45
1657530225141818000,21.6,1,21.55,64,21.6,42,1,2022-07-11 09:03:45
1657530225210136000,21.6,5,21.55,64,21.6,37,1,2022-07-11 09:03:45
1657530225323776000,21.6,10,21.55,64,21.6,37,1,2022-07-11 09:03:45
1657530225564212000,21.6,1,21.55,70,21.6,36,1,2022-07-11 09:03:45
1657530225658523000,21.6,1,21.55,71,21.6,36,1,2022-07-11 09:03:45
1657530225922003000,21.6,1,21.55,73,21.6,34,1,2022-07-11 09:03:45
1657530225952331000,21.6,1,21.55,73,21.6,33,1,2022-07-11 09:03:45
1657530226103037000,21.6,22,21.55,73,21.6,11,1,2022-07-11 09:03:46
1657530226128475000,21.6,11,21.55,73,21.65,54,1,2022-07-11 09:03:46
1657530226131951000,21.55,1,21.55,72,21.65,54,2,2022-07-11 09:03:46
1657530226227423000,21.6,1,21.55,74,21.65,54,1,2022-07-11 09:03:46
1657530226227423000,21.65,1,21.55,74,21.65,54,1,2022-07-11 09:03:46
1657530226319759000,21.6,2,21.6,4,21.65,54,1,2022-07-11 09:03:46
1657530226344853000,21.6,3,21.6,1,21.65,54,2,2022-07-11 09:03:46
1657530226353051000,21.6,1,21.55,74,21.6,3,2,2022-07-11 09:03:46
1657530226377329000,21.6,1,21.55,74,21.6,2,1,2022-07-11 09:03:46
1657530226436319000,21.55,3,21.55,71,21.6,2,2,2022-07-11 09:03:46
1657530226485960000,21.55,1,21.55,70,21.6,2,2,2022-07-11 09:03:46
1657530226693131000,21.6,1,21.55,70,21.6,3,1,2022-07-11 09:03:46
1657530226893823000,21.6,1,21.55,71,21.6,12,1,2022-07-11 09:03:46
1657530227037957000,21.6,1,21.55,71,21.6,11,1,2022-07-11 09:03:47
1657530227064949000,21.6,10,21.55,71,21.6,1,1,2022-07-11 09:03:47
1657530227154884000,21.6,1,21.55,71,21.6,12,1,2022-07-11 09:03:47
1657530227278013000,21.65,3,21.6,3,21.65,51,1,2022-07-11 09:03:47
1657530227354177000,21.65,1,21.6,3,21.65,50,1,2022-07-11 09:03:47
1657530227394121000,21.6,1,21.6,2,21.65,50,2,2022-07-11 09:03:47
1657530227423401000,21.65,2,21.6,2,21.65,48,1,2022-07-11 09:03:47
1657530227573721000,21.6,3,21.6,49,21.65,48,2,2022-07-11 09:03:47
1657530227619504000,21.65,2,21.6,49,21.65,46,1,2022-07-11 09:03:47
1657530227711613000,21.6,49,21.55,73,21.6,1,2,2022-07-11 09:03:47
1657530227835057000,21.6,1,21.55,73,21.65,46,1,2022-07-11 09:03:47
1657530227987669000,21.65,10,21.6,2,21.65,37,1,2022-07-11 09:03:47
1657530228097523000,21.65,1,21.6,3,21.65,36,1,2022-07-11 09:03:48
1657530228147734000,21.6,2,21.6,3,21.65,37,2,2022-07-11 09:03:48
1657530228234489000,21.6,1,21.55,78,21.65,36,2,2022-07-11 09:03:48
1657530228370909000,21.65,2,21.55,78,21.65,34,1,2022-07-11 09:03:48
1657530228840800000,21.65,10,21.6,3,21.65,32,1,2022-07-11 09:03:48
1657530228923012000,21.65,1,21.6,3,21.65,34,1,2022-07-11 09:03:48
1657530229170668000,21.65,10,21.6,33,21.65,24,1,2022-07-11 09:03:49
1657530229530184000,21.65,10,21.6,50,21.65,22,1,2022-07-11 09:03:49
1657530229560125000,21.65,9,21.6,50,21.65,13,1,2022-07-11 09:03:49
1657530229561123000,21.65,13,21.6,50,21.7,231,1,2022-07-11 09:03:49
1657530229679992000,21.6,10,21.6,50,21.65,30,2,2022-07-11 09:03:49
1657530229721314000,21.6,1,21.6,49,21.65,30,2,2022-07-11 09:03:49
1657530229738396000,21.65,1,21.6,49,21.65,29,1,2022-07-11 09:03:49
1657530230039735000,21.65,10,21.6,52,21.65,24,1,2022-07-11 09:03:50
1657530230196125000,21.65,10,21.6,52,21.65,26,1,2022-07-11 09:03:50
1657530230292706000,21.6,3,21.6,49,21.65,16,2,2022-07-11 09:03:50
1657530230362240000,21.65,10,21.6,52,21.65,6,1,2022-07-11 09:03:50
1657530230451162000,21.65,1,21.6,52,21.65,5,1,2022-07-11 09:03:50
1657530230501957000,21.65,5,21.65,5,21.7,281,1,2022-07-11 09:03:50
1657530230576021000,21.7,3,21.65,15,21.7,278,1,2022-07-11 09:03:50
1657530230771736000,21.65,5,21.65,11,21.7,278,2,2022-07-11 09:03:50
1657530230805998000,21.65,10,21.65,1,21.7,278,2,2022-07-11 09:03:50
1657530230889370000,21.65,1,21.65,2,21.7,278,2,2022-07-11 09:03:50
1657530230954175000,21.7,5,21.65,2,21.7,273,1,2022-07-11 09:03:50
1657530231025421000,21.65,1,21.65,1,21.7,273,2,2022-07-11 09:03:51
1657530231047766000,21.7,10,21.65,1,21.7,263,1,2022-07-11 09:03:51
1657530231073313000,21.65,1,21.6,57,21.7,263,2,2022-07-11 09:03:51
1657530231205403000,21.65,1,21.6,64,21.65,1,1,2022-07-11 09:03:51
1657530231232372000,21.6,20,21.6,44,21.7,263,2,2022-07-11 09:03:51
1657530231587599000,21.6,1,21.6,44,21.65,1,2,2022-07-11 09:03:51
1657530231605021000,21.65,1,21.6,44,21.7,263,1,2022-07-11 09:03:51
1657530231658160000,21.7,1,21.6,44,21.7,262,1,2022-07-11 09:03:51
1657530231825415000,21.7,5,21.6,46,21.7,257,1,2022-07-11 09:03:51
1657530232040218000,21.65,1,21.6,46,21.65,1,2,2022-07-11 09:03:52
1657530232192942000,21.65,1,21.6,46,21.65,1,1,2022-07-11 09:03:52
1657530232331851000,21.65,1,21.6,58,21.7,257,1,2022-07-11 09:03:52
1657530232693590000,21.65,1,21.65,14,21.7,261,2,2022-07-11 09:03:52
1657530233145514000,21.7,2,21.65,18,21.7,259,1,2022-07-11 09:03:53
1657530233347189000,21.65,5,21.65,13,21.7,302,2,2022-07-11 09:03:53
1657530233982099000,21.7,2,21.65,16,21.7,299,1,2022-07-11 09:03:53
1657530233986625000,21.65,16,21.55,62,21.7,299,2,2022-07-11 09:03:53
1657530233986625000,21.6,111,21.55,62,21.7,299,2,2022-07-11 09:03:53
1657530233986625000,21.55,72,21.55,62,21.7,299,2,2022-07-11 09:03:53
1657530234160767000,21.65,30,21.6,5,21.7,319,1,2022-07-11 09:03:54
1657530234160767000,21.7,10,21.6,5,21.7,319,1,2022-07-11 09:03:54
1657530234201904000,21.7,9,21.6,5,21.7,319,1,2022-07-11 09:03:54
1657530234490587000,21.7,1,21.65,8,21.7,312,1,2022-07-11 09:03:54
1657530234854821000,21.65,2,21.65,6,21.7,312,2,2022-07-11 09:03:54
1657530235155685000,21.7,5,21.65,8,21.7,313,1,2022-07-11 09:03:55
1657530235257634000,21.65,5,21.65,5,21.7,308,2,2022-07-11 09:03:55
1657530235298613000,21.7,15,21.65,5,21.7,293,1,2022-07-11 09:03:55
1657530235357759000,21.65,2,21.65,4,21.7,293,2,2022-07-11 09:03:55
1657530235415858000,21.65,4,21.6,8,21.7,293,2,2022-07-11 09:03:55
1657530235745715000,21.7,1,21.6,9,21.7,292,1,2022-07-11 09:03:55
1657530236065441000,21.65,8,21.6,10,21.7,290,1,2022-07-11 09:03:56
1657530236065441000,21.7,2,21.6,10,21.7,290,1,2022-07-11 09:03:56
1657530236159957000,21.7,10,21.6,10,21.7,290,1,2022-07-11 09:03:56
1657530236286596000,21.65,1,21.6,10,21.65,4,2,2022-07-11 09:03:56
1657530236433320000,21.65,1,21.6,22,21.65,3,1,2022-07-11 09:03:56
1657530236744002000,21.65,3,21.6,26,21.65,2,1,2022-07-11 09:03:56
1657530236789725000,21.6,1,21.6,25,21.65,2,2,2022-07-11 09:03:56
1657530237075677000,21.65,1,21.6,26,21.65,6,1,2022-07-11 09:03:57
1657530237229355000,21.65,6,21.65,14,21.7,283,1,2022-07-11 09:03:57
1657530237291134000,21.65,12,21.65,7,21.7,283,2,2022-07-11 09:03:57
1657530237292003000,21.65,7,21.6,27,21.65,3,2,2022-07-11 09:03:57
1657530237559009000,21.65,10,21.6,27,21.7,263,1,2022-07-11 09:03:57
1657530237559009000,21.7,20,21.6,27,21.7,263,1,2022-07-11 09:03:57
1657530237852880000,21.65,1,21.6,29,21.65,2,2,2022-07-11 09:03:57
1657530237971411000,21.65,2,21.65,3,21.7,263,1,2022-07-11 09:03:57
1657530238122084000,21.65,1,21.65,3,21.7,263,2,2022-07-11 09:03:58
1657530238400610000,21.65,5,21.6,32,21.7,263,2,2022-07-11 09:03:58
1657530238476443000,21.65,1,21.6,32,21.7,263,2,2022-07-11 09:03:58
1657530238566390000,21.6,20,21.6,13,21.7,263,2,2022-07-11 09:03:58
1657530238596382000,21.6,1,21.6,13,21.7,263,2,2022-07-11 09:03:58
1657530238609257000,21.6,13,21.55,23,21.65,1,2,2022-07-11 09:03:58
1657530238609257000,21.55,87,21.55,23,21.65,1,2,2022-07-11 09:03:58
1657530238683434000,21.6,1,21.6,4,21.65,1,1,2022-07-11 09:03:58
1657530239035864000,21.65,3,21.6,4,21.65,15,1,2022-07-11 09:03:59
1657530239076189000,21.65,10,21.6,4,21.65,15,1,2022-07-11 09:03:59
1657530239696076000,21.65,1,21.6,21,21.65,30,1,2022-07-11 09:03:59
1657530239780064000,21.65,1,21.6,21,21.65,28,1,2022-07-11 09:03:59
1657530240065105000,21.65,1,21.6,23,21.65,35,1,2022-07-11 09:04:00
1657530240158115000,21.65,2,21.6,23,21.65,33,1,2022-07-11 09:04:00
1657530240245389000,21.65,1,21.6,23,21.65,34,1,2022-07-11 09:04:00
1657530240363250000,21.6,10,21.6,13,21.65,34,2,2022-07-11 09:04:00
1657530240663096000,21.65,10,21.6,24,21.65,25,1,2022-07-11 09:04:00
1657530240740979000,21.65,1,21.6,24,21.65,37,1,2022-07-11 09:04:00
1657530240749534000,21.65,5,21.6,24,21.65,32,1,2022-07-11 09:04:00
1657530240931190000,21.65,1,21.6,28,21.65,31,1,2022-07-11 09:04:00
1657530240983094000,21.65,4,21.6,28,21.65,27,1,2022-07-11 09:04:00
1657530241125077000,21.65,3,21.6,28,21.65,34,1,2022-07-11 09:04:01
1657530241341986000,21.65,1,21.6,28,21.65,45,1,2022-07-11 09:04:01
1657530241466115000,21.65,1,21.6,33,21.65,44,1,2022-07-11 09:04:01
1657530241594594000,21.6,10,21.6,23,21.65,44,2,2022-07-11 09:04:01
1657530241595844000,21.65,10,21.6,23,21.65,34,1,2022-07-11 09:04:01
1657530241702487000,21.65,3,21.6,23,21.65,45,1,2022-07-11 09:04:01
1657530241742531000,21.65,1,21.6,23,21.65,46,1,2022-07-11 09:04:01
1657530241770390000,21.65,1,21.6,33,21.65,47,1,2022-07-11 09:04:01
1657530241998268000,21.65,5,21.6,34,21.65,48,1,2022-07-11 09:04:01
1657530242198783000,21.65,6,21.6,35,21.65,153,1,2022-07-11 09:04:02
1657530242289057000,21.65,1,21.6,40,21.65,146,1,2022-07-11 09:04:02
1657530242370658000,21.65,10,21.6,40,21.65,136,1,2022-07-11 09:04:02
1657530242422740000,21.6,3,21.6,37,21.65,136,2,2022-07-11 09:04:02
1657530242432772000,21.65,1,21.6,37,21.65,135,1,2022-07-11 09:04:02
1657530242505828000,21.65,2,21.6,37,21.65,133,1,2022-07-11 09:04:02
1657530242818455000,21.6,20,21.6,17,21.65,149,2,2022-07-11 09:04:02
1657530242904673000,21.65,5,21.6,17,21.65,144,1,2022-07-11 09:04:02
1657530242904799000,21.65,2,21.6,17,21.65,142,1,2022-07-11 09:04:02
1657530243181683000,21.65,1,21.6,39,21.65,142,1,2022-07-11 09:04:03
1657530243324654000,21.6,20,21.6,19,21.65,141,2,2022-07-11 09:04:03
1657530243362516000,21.6,1,21.6,18,21.65,141,2,2022-07-11 09:04:03
1657530243382369000,21.6,1,21.6,17,21.65,141,2,2022-07-11 09:04:03
1657530243383638000,21.65,1,21.6,17,21.65,140,1,2022-07-11 09:04:03
1657530243476226000,21.65,2,21.6,17,21.65,138,1,2022-07-11 09:04:03
1657530243521473000,21.6,5,21.6,12,21.65,138,2,2022-07-11 09:04:03
1657530243690097000,21.65,1,21.6,15,21.65,143,1,2022-07-11 09:04:03
1657530243862263000,21.65,1,21.6,15,21.65,143,1,2022-07-11 09:04:03
1657530243933371000,21.6,12,21.6,3,21.65,143,2,2022-07-11 09:04:03
1657530243971196000,21.6,3,21.55,25,21.65,143,2,2022-07-11 09:04:03
1657530244102072000,21.65,2,21.55,26,21.65,146,1,2022-07-11 09:04:04
1657530244189757000,21.65,4,21.55,26,21.65,150,1,2022-07-11 09:04:04
1657530244264656000,21.65,10,21.55,26,21.65,136,1,2022-07-11 09:04:04
1657530244269781000,21.65,2,21.55,26,21.65,134,1,2022-07-11 09:04:04
1657530244373642000,21.65,1,21.55,26,21.65,141,1,2022-07-11 09:04:04
1657530244550328000,21.6,1,21.55,26,21.6,35,1,2022-07-11 09:04:04
1657530244573329000,21.6,1,21.55,26,21.6,39,1,2022-07-11 09:04:04
1657530244794680000,21.6,2,21.55,26,21.6,57,1,2022-07-11 09:04:04
1657530244830442000,21.6,2,21.55,26,21.6,55,1,2022-07-11 09:04:04
1657530244831620000,21.6,5,21.55,26,21.6,50,1,2022-07-11 09:04:04
1657530244900896000,21.55,1,21.55,25,21.6,50,2,2022-07-11 09:04:04
1657530245071935000,21.6,1,21.55,25,21.6,59,1,2022-07-11 09:04:05
1657530245290953000,21.6,1,21.55,25,21.6,58,1,2022-07-11 09:04:05
1657530245494212000,21.6,4,21.55,25,21.6,81,1,2022-07-11 09:04:05
1657530245527292000,21.6,3,21.55,25,21.6,78,1,2022-07-11 09:04:05
1657530245558675000,21.6,2,21.55,25,21.6,77,1,2022-07-11 09:04:05
1657530245580921000,21.55,14,21.55,11,21.6,77,2,2022-07-11 09:04:05
1657530245612791000,21.6,1,21.55,11,21.6,76,1,2022-07-11 09:04:05
1657530245683370000,21.6,2,21.55,11,21.6,76,1,2022-07-11 09:04:05
1657530246010640000,21.6,3,21.55,13,21.6,104,1,2022-07-11 09:04:06
1657530246151865000,21.6,1,21.55,13,21.6,105,1,2022-07-11 09:04:06
1657530246159673000,21.6,15,21.55,13,21.6,90,1,2022-07-11 09:04:06
1657530246374897000,21.6,1,21.55,13,21.6,89,1,2022-07-11 09:04:06
1657530246407062000,21.6,5,21.55,13,21.6,84,1,2022-07-11 09:04:06
1657530246504656000,21.6,2,21.55,30,21.6,82,1,2022-07-11 09:04:06
1657530246754761000,21.6,1,21.55,30,21.6,82,1,2022-07-11 09:04:06
1657530246833985000,21.6,5,21.55,30,21.6,76,1,2022-07-11 09:04:06
1657530247053265000,21.55,20,21.55,10,21.6,81,2,2022-07-11 09:04:07
1657530247104582000,21.55,1,21.55,9,21.6,80,2,2022-07-11 09:04:07
1657530247176276000,21.6,1,21.55,9,21.6,79,1,2022-07-11 09:04:07
1657530247201819000,21.6,1,21.55,14,21.6,78,1,2022-07-11 09:04:07
1657530247253588000,21.6,1,21.55,14,21.6,77,1,2022-07-11 09:04:07
1657530247254864000,21.6,1,21.55,14,21.6,76,1,2022-07-11 09:04:07
1657530247362231000,21.6,2,21.55,14,21.6,75,1,2022-07-11 09:04:07
1657530247536653000,21.6,2,21.55,14,21.6,73,1,2022-07-11 09:04:07
1657530247561384000,21.55,1,21.55,13,21.6,73,2,2022-07-11 09:04:07
1657530247627670000,21.6,2,21.55,13,21.6,77,1,2022-07-11 09:04:07
1657530247771157000,21.55,5,21.55,9,21.6,77,2,2022-07-11 09:04:07
1657530247974422000,21.55,5,21.55,8,21.6,85,2,2022-07-11 09:04:07
1657530248202816000,21.6,2,21.55,12,21.6,85,1,2022-07-11 09:04:08
1657530248408919000,21.6,2,21.55,15,21.6,81,1,2022-07-11 09:04:08
1657530248543015000,21.6,6,21.55,20,21.6,80,1,2022-07-11 09:04:08
1657530248611825000,21.55,1,21.55,21,21.6,80,2,2022-07-11 09:04:08
1657530248861246000,21.6,3,21.55,21,21.6,77,1,2022-07-11 09:04:08
1657530248907002000,21.6,5,21.55,21,21.6,72,1,2022-07-11 09:04:08
1657530248963172000,21.6,10,21.55,21,21.6,63,1,2022-07-11 09:04:08
1657530249113880000,21.6,1,21.55,21,21.6,62,1,2022-07-11 09:04:09
1657530249225919000,21.55,2,21.55,19,21.6,62,2,2022-07-11 09:04:09
1657530249297188000,21.6,1,21.55,19,21.6,61,1,2022-07-11 09:04:09
1657530249438777000,21.6,5,21.55,20,21.6,56,1,2022-07-11 09:04:09
1657530249815074000,21.6,1,21.55,22,21.6,55,1,2022-07-11 09:04:09
1657530250012116000,21.55,24,21.5,263,21.55,16,2,2022-07-11 09:04:10
1657530250352634000,21.55,17,21.5,273,21.65,61,1,2022-07-11 09:04:10
1657530250352634000,21.6,55,21.5,273,21.65,61,1,2022-07-11 09:04:10
1657530250352634000,21.65,128,21.5,273,21.65,61,1,2022-07-11 09:04:10
1657530250412037000,21.6,5,21.5,273,21.6,20,2,2022-07-11 09:04:10
1657530250909998000,21.6,1,21.55,2,21.6,21,1,2022-07-11 09:04:10
1657530251187396000,21.6,2,21.55,4,21.6,28,1,2022-07-11 09:04:11
1657530251429130000,21.6,1,21.55,9,21.6,29,1,2022-07-11 09:04:11
1657530251535759000,21.6,5,21.55,12,21.6,24,1,2022-07-11 09:04:11
1657530251579794000,21.55,1,21.55,11,21.6,24,2,2022-07-11 09:04:11
1657530251592773000,21.6,1,21.55,11,21.6,23,1,2022-07-11 09:04:11
1657530251674528000,21.6,2,21.55,11,21.6,21,1,2022-07-11 09:04:11
1657530251697272000,21.55,1,21.55,11,21.6,23,2,2022-07-11 09:04:11
1657530251740651000,21.6,3,21.55,10,21.6,18,1,2022-07-11 09:04:11
1657530252131608000,21.6,2,21.55,37,21.6,16,1,2022-07-11 09:04:12
1657530252360339000,21.55,10,21.55,27,21.6,20,2,2022-07-11 09:04:12
1657530252493140000,21.55,27,21.5,278,21.55,23,2,2022-07-11 09:04:12
1657530252636465000,21.55,1,21.5,278,21.55,72,1,2022-07-11 09:04:12
1657530252654237000,21.55,5,21.5,278,21.55,67,1,2022-07-11 09:04:12
1657530252686028000,21.55,2,21.5,278,21.55,65,1,2022-07-11 09:04:12
1657530252723722000,21.55,10,21.5,278,21.55,75,1,2022-07-11 09:04:12
1657530252745992000,21.55,4,21.5,278,21.55,61,1,2022-07-11 09:04:12
1657530252756105000,21.55,1,21.5,278,21.55,60,1,2022-07-11 09:04:12
1657530252861738000,21.55,5,21.5,278,21.55,55,1,2022-07-11 09:04:12
1657530253021733000,21.55,3,21.5,278,21.55,54,1,2022-07-11 09:04:13
1657530253126989000,21.5,5,21.5,273,21.55,54,2,2022-07-11 09:04:13
1657530253148919000,21.55,1,21.5,273,21.55,53,1,2022-07-11 09:04:13
1657530253154491000,21.5,1,21.5,272,21.55,53,2,2022-07-11 09:04:13
1657530253161734000,21.55,1,21.5,272,21.55,52,1,2022-07-11 09:04:13
1657530253185042000,21.55,1,21.5,278,21.55,57,1,2022-07-11 09:04:13
1657530253285404000,21.55,5,21.5,272,21.55,46,1,2022-07-11 09:04:13
1657530253377356000,21.55,3,21.5,272,21.55,43,1,2022-07-11 09:04:13
1657530253467132000,21.55,23,21.5,272,21.55,20,1,2022-07-11 09:04:13
1657530253524697000,21.55,2,21.5,272,21.55,18,1,2022-07-11 09:04:13
1657530253577529000,21.55,1,21.5,272,21.55,17,1,2022-07-11 09:04:13
1657530253859744000,21.55,1,21.5,273,21.55,17,1,2022-07-11 09:04:13
1657530253998335000,21.55,2,21.5,263,21.55,15,1,2022-07-11 09:04:13
1657530254277392000,21.55,28,21.5,265,21.6,20,1,2022-07-11 09:04:14
1657530254277392000,21.6,2,21.5,265,21.6,20,1,2022-07-11 09:04:14
1657530254612534000,21.55,1,21.5,269,21.55,19,1,2022-07-11 09:04:14
1657530255009559000,21.55,1,21.5,269,21.55,20,1,2022-07-11 09:04:15
1657530255088718000,21.55,10,21.5,269,21.55,10,1,2022-07-11 09:04:15
1657530255375126000,21.55,4,21.5,273,21.55,6,1,2022-07-11 09:04:15
1657530255414532000,21.55,5,21.5,273,21.55,7,1,2022-07-11 09:04:15
1657530255584714000,21.55,5,21.5,273,21.55,7,1,2022-07-11 09:04:15
1657530256007834000,21.55,1,21.5,273,21.55,1,1,2022-07-11 09:04:16
1657530256519319000,21.55,1,21.5,273,21.6,37,1,2022-07-11 09:04:16
1657530256630452000,21.55,1,21.5,273,21.55,4,1,2022-07-11 09:04:16
1657530256677591000,21.55,2,21.5,273,21.55,5,1,2022-07-11 09:04:16
1657530256875338000,21.55,2,21.5,273,21.55,1,1,2022-07-11 09:04:16
1657530256882673000,21.5,1,21.5,272,21.55,1,2,2022-07-11 09:04:16
1657530257055769000,21.55,1,21.5,272,21.6,39,1,2022-07-11 09:04:17
1657530257355690000,21.6,5,21.55,15,21.6,34,1,2022-07-11 09:04:17
1657530257360521000,21.55,13,21.55,2,21.6,34,2,2022-07-11 09:04:17
1657530257447313000,21.6,1,21.55,4,21.6,28,1,2022-07-11 09:04:17
1657530257823910000,21.55,3,21.55,22,21.6,28,2,2022-07-11 09:04:17
1657530257896545000,21.6,2,21.55,22,21.6,26,1,2022-07-11 09:04:17
1657530257986340000,21.55,1,21.55,21,21.6,26,2,2022-07-11 09:04:17
1657530258329447000,21.55,1,21.55,23,21.6,27,2,2022-07-11 09:04:18
1657530258387851000,21.55,1,21.55,27,21.6,27,2,2022-07-11 09:04:18
1657530258569681000,21.55,2,21.55,25,21.6,27,2,2022-07-11 09:04:18
1657530258601932000,21.55,25,21.5,282,21.6,27,2,2022-07-11 09:04:18
1657530258610019000,21.6,3,21.5,282,21.6,24,1,2022-07-11 09:04:18
1657530258741752000,21.6,1,21.5,282,21.6,23,1,2022-07-11 09:04:18
1657530258782912000,21.55,1,21.5,282,21.6,23,1,2022-07-11 09:04:18
1657530259142543000,21.55,1,21.5,268,21.6,26,2,2022-07-11 09:04:19
1657530259142543000,21.5,19,21.5,268,21.6,26,2,2022-07-11 09:04:19
1657530259188509000,21.6,1,21.5,268,21.6,27,1,2022-07-11 09:04:19
1657530259369487000,21.55,2,21.5,268,21.6,27,2,2022-07-11 09:04:19
1657530259796037000,21.55,3,21.55,3,21.6,27,2,2022-07-11 09:04:19
1657530259896467000,21.55,4,21.5,269,21.55,26,2,2022-07-11 09:04:19
1657530260116822000,21.55,4,21.5,269,21.55,22,1,2022-07-11 09:04:20
1657530260174909000,21.55,5,21.5,267,21.55,17,1,2022-07-11 09:04:20
1657530260183735000,21.55,1,21.5,267,21.55,16,1,2022-07-11 09:04:20
1657530260305759000,21.55,5,21.5,268,21.55,11,1,2022-07-11 09:04:20
1657530260509753000,21.55,1,21.5,268,21.55,10,1,2022-07-11 09:04:20
1657530260826519000,21.55,1,21.5,268,21.55,9,1,2022-07-11 09:04:20
1657530260881892000,21.55,2,21.5,268,21.55,7,1,2022-07-11 09:04:20
1657530261098791000,21.55,2,21.5,268,21.55,15,1,2022-07-11 09:04:21
1657530261405533000,21.55,10,21.5,268,21.55,6,1,2022-07-11 09:04:21
1657530261777532000,21.55,2,21.5,269,21.55,43,1,2022-07-11 09:04:21
1657530261886439000,21.5,2,21.5,267,21.55,48,2,2022-07-11 09:04:21
1657530261984379000,21.55,5,21.5,267,21.55,48,1,2022-07-11 09:04:21
1657530262198069000,21.55,1,21.5,267,21.55,50,1,2022-07-11 09:04:22
1657530262245431000,21.55,3,21.5,267,21.55,46,1,2022-07-11 09:04:22
1657530262260498000,21.55,1,21.5,267,21.55,45,1,2022-07-11 09:04:22
1657530262389017000,21.55,1,21.5,267,21.55,44,1,2022-07-11 09:04:22
1657530262401333000,21.55,1,21.5,267,21.55,43,1,2022-07-11 09:04:22
1657530262611069000,21.55,1,21.5,267,21.55,44,1,2022-07-11 09:04:22
1657530263113084000,21.55,20,21.5,268,21.55,26,1,2022-07-11 09:04:23
1657530263144623000,21.5,1,21.5,267,21.55,33,2,2022-07-11 09:04:23
1657530263211770000,21.55,1,21.5,268,21.55,33,1,2022-07-11 09:04:23
1657530263237421000,21.5,2,21.5,265,21.55,32,2,2022-07-11 09:04:23
1657530263254216000,21.55,1,21.5,265,21.55,31,1,2022-07-11 09:04:23
1657530263450151000,21.55,2,21.5,265,21.55,39,1,2022-07-11 09:04:23
1657530263580981000,21.55,2,21.5,265,21.55,37,1,2022-07-11 09:04:23
1657530263775110000,21.55,1,21.5,265,21.55,40,1,2022-07-11 09:04:23
1657530264491856000,21.55,6,21.5,270,21.55,110,1,2022-07-11 09:04:24
1657530264675023000,21.55,1,21.5,270,21.55,116,1,2022-07-11 09:04:24
1657530264765445000,21.5,1,21.5,269,21.55,124,2,2022-07-11 09:04:24
