ts,close,volume,bid_price,bid_volume,ask_price,ask_volume,tick_type,datetime
1657530019099734000,97.2,328,97.1,3,97.3,1,1,2022-07-11 09:00:19
1657530019242121000,97.3,1,97.1,3,97.3,33,1,2022-07-11 09:00:19
1657530019245724000,97.3,1,97.1,3,97.3,34,1,2022-07-11 09:00:19
1657530019686353000,97.2,1,97.1,3,97.2,2,1,2022-07-11 09:00:19
1657530019989462000,97.1,1,97.1,2,97.2,1,2,2022-07-11 09:00:19
1657530020258777000,97.2,1,97.1,2,97.3,34,1,2022-07-11 09:00:20
1657530020284012000,97.1,2,97.0,23,97.3,34,2,2022-07-11 09:00:20
1657530020755816000,97.0,23,96.9,5,97.3,34,2,2022-07-11 09:00:20
1657530020790501000,96.9,5,96.8,14,97.3,34,2,2022-07-11 09:00:20
1657530021958542000,96.9,1,96.8,15,96.9,19,1,2022-07-11 09:00:21
1657530022493286000,96.9,1,96.8,15,96.9,18,1,2022-07-11 09:00:22
1657530022606459000,96.9,18,96.8,16,97.3,34,1,2022-07-11 09:00:22
1657530022727811000,96.8,1,96.8,14,97.3,34,2,2022-07-11 09:00:22
1657530022859815000,97.3,1,96.8,15,97.3,34,1,2022-07-11 09:00:22
1657530023153103000,97.3,2,96.9,1,97.3,31,1,2022-07-11 09:00:23
1657530024703609000,97.1,2,96.9,3,97.2,3,1,2022-07-11 09:00:24
1657530024703609000,97.2,1,96.9,3,97.2,3,1,2022-07-11 09:00:24
1657530025275162000,97.1,1,96.9,2,97.1,28,1,2022-07-11 09:00:25
1657530026728846000,97.1,1,96.9,3,97.1,27,1,2022-07-11 09:00:26
1657530027023734000,97.0,1,96.9,2,97.1,27,2,2022-07-11 09:00:27
1657530027131869000,97.0,1,96.9,1,97.1,27,2,2022-07-11 09:00:27
1657530028744927000,96.9,1,96.8,16,97.1,27,2,2022-07-11 09:00:28
1657530029910164000,97.0,2,97.0,2,97.1,27,2,2022-07-11 09:00:29
1657530030434935000,97.1,1,97.0,1,97.1,27,1,2022-07-11 09:00:30
1657530031548723000,97.1,1,97.0,1,97.1,25,1,2022-07-11 09:00:31
1657530031802957000,97.1,25,97.0,12,97.2,4,1,2022-07-11 09:00:31
1657530032965007000,97.1,2,97.1,2,97.2,4,2,2022-07-11 09:00:32
1657530032965007000,97.0,8,97.1,2,97.2,4,2,2022-07-11 09:00:32
1657530033243753000,97.1,1,97.0,6,97.2,4,2,2022-07-11 09:00:33
1657530033364835000,97.0,5,97.0,2,97.2,4,2,2022-07-11 09:00:33
1657530033666918000,97.0,3,96.9,5,97.2,4,2,2022-07-11 09:00:33
1657530033666918000,96.9,2,96.9,5,97.2,4,2,2022-07-11 09:00:33
1657530033786164000,96.9,5,96.9,6,97.2,4,2,2022-07-11 09:00:33
1657530034234616000,97.1,1,96.9,1,97.2,4,2,2022-07-11 09:00:34
1657530034454232000,97.2,1,97.0,1,97.2,4,1,2022-07-11 09:00:34
1657530034848436000,97.2,1,97.1,4,97.2,3,1,2022-07-11 09:00:34
1657530035395662000,97.1,4,97.1,4,97.2,2,2,2022-07-11 09:00:35
1657530035395662000,97.0,1,97.1,4,97.2,2,2,2022-07-11 09:00:35
1657530035861381000,97.0,1,96.9,3,97.1,1,2,2022-07-11 09:00:35
1657530036454451000,97.1,1,97.0,7,97.1,1,1,2022-07-11 09:00:36
1657530036592571000,97.2,2,97.0,7,97.5,105,1,2022-07-11 09:00:36
1657530036592571000,97.3,2,97.0,7,97.5,105,1,2022-07-11 09:00:36
1657530036592571000,97.4,8,97.0,7,97.5,105,1,2022-07-11 09:00:36
1657530037730742000,97.1,1,97.0,9,97.3,1,1,2022-07-11 09:00:37
1657530037730742000,97.2,1,97.0,9,97.3,1,1,2022-07-11 09:00:37
1657530039166872000,97.3,1,97.2,12,97.5,104,1,2022-07-11 09:00:39
1657530039166872000,97.5,1,97.2,12,97.5,104,1,2022-07-11 09:00:39
1657530039169808000,97.5,2,97.2,12,97.5,102,1,2022-07-11 09:00:39
1657530039442391000,97.2,5,97.2,12,97.5,102,2,2022-07-11 09:00:39
1657530040150064000,97.2,1,97.2,6,97.4,2,2,2022-07-11 09:00:40
1657530041086800000,97.3,1,97.2,9,97.3,3,1,2022-07-11 09:00:41
1657530041118672000,97.3,3,97.2,9,97.4,2,1,2022-07-11 09:00:41
1657530042631769000,97.4,1,97.2,9,97.4,1,1,2022-07-11 09:00:42
1657530043384514000,97.2,5,97.2,10,97.4,10,2,2022-07-11 09:00:43
1657530044276520000,97.4,1,97.2,5,97.4,9,1,2022-07-11 09:00:44
1657530044328103000,97.4,1,97.2,5,97.4,8,1,2022-07-11 09:00:44
1657530045114843000,97.3,1,97.3,1,97.4,16,2,2022-07-11 09:00:45
1657530046546143000,97.4,1,97.3,6,97.4,16,1,2022-07-11 09:00:46
1657530046739438000,97.4,1,97.3,6,97.4,14,1,2022-07-11 09:00:46
1657530047100915000,97.3,1,97.3,5,97.4,14,2,2022-07-11 09:00:47
1657530047261669000,97.4,1,97.3,5,97.4,13,1,2022-07-11 09:00:47
1657530047389077000,97.3,5,97.2,26,97.4,13,2,2022-07-11 09:00:47
1657530047543144000,97.4,1,97.2,26,97.4,13,1,2022-07-11 09:00:47
1657530048286230000,97.4,10,97.3,1,97.4,2,1,2022-07-11 09:00:48
1657530048307597000,97.3,1,97.2,26,97.4,2,2,2022-07-11 09:00:48
1657530048315572000,97.4,2,97.2,26,97.5,104,1,2022-07-11 09:00:48
1657530048432894000,97.4,1,97.4,1,97.5,104,2,2022-07-11 09:00:48
1657530049635610000,97.5,1,97.3,2,97.5,103,1,2022-07-11 09:00:49
1657530049673009000,97.5,1,97.3,2,97.5,102,1,2022-07-11 09:00:49
1657530049957196000,97.5,1,97.4,5,97.5,101,1,2022-07-11 09:00:49
1657530050045038000,97.4,5,97.4,5,97.5,102,2,2022-07-11 09:00:50
1657530050260681000,97.4,1,97.3,2,97.5,101,2,2022-07-11 09:00:50
1657530050281148000,97.5,1,97.3,2,97.5,100,1,2022-07-11 09:00:50
1657530051371327000,97.4,2,97.3,6,97.5,98,1,2022-07-11 09:00:51
1657530051371327000,97.5,2,97.3,6,97.5,98,1,2022-07-11 09:00:51
1657530051397655000,97.5,1,97.3,6,97.5,97,1,2022-07-11 09:00:51
1657530051434632000,97.3,5,97.3,1,97.5,97,2,2022-07-11 09:00:51
1657530052460047000,97.4,1,97.3,4,97.5,93,1,2022-07-11 09:00:52
1657530052460047000,97.5,4,97.3,4,97.5,93,1,2022-07-11 09:00:52
1657530052961585000,97.4,5,97.4,7,97.5,92,2,2022-07-11 09:00:52
1657530053697075000,97.5,1,97.4,3,97.5,91,1,2022-07-11 09:00:53
1657530053896651000,97.5,1,97.4,3,97.5,90,1,2022-07-11 09:00:53
1657530054751134000,97.5,1,97.4,3,97.5,89,1,2022-07-11 09:00:54
1657530054928644000,97.5,2,97.4,3,97.5,87,1,2022-07-11 09:00:54
1657530055420297000,97.5,2,97.4,4,97.5,85,1,2022-07-11 09:00:55
1657530055421505000,97.4,4,97.3,3,97.5,85,2,2022-07-11 09:00:55
1657530055421505000,97.3,1,97.3,3,97.5,85,2,2022-07-11 09:00:55
1657530055689256000,97.5,2,97.3,3,97.5,83,1,2022-07-11 09:00:55
1657530055705586000,97.5,1,97.3,3,97.5,82,1,2022-07-11 09:00:55
1657530056999189000,97.5,1,97.4,1,97.5,83,1,2022-07-11 09:00:56
1657530058528684000,97.4,1,97.4,3,97.5,83,2,2022-07-11 09:00:58
1657530058582064000,97.4,1,97.4,4,97.5,83,2,2022-07-11 09:00:58
1657530058607393000,97.4,2,97.3,12,97.5,83,2,2022-07-11 09:00:58
1657530059456664000,97.4,1,97.3,16,97.5,83,2,2022-07-11 09:00:59
1657530059464108000,97.3,5,97.4,1,97.5,83,2,2022-07-11 09:00:59
1657530059688421000,97.5,1,97.3,11,97.5,82,1,2022-07-11 09:00:59
1657530060275188000,97.3,5,97.3,7,97.5,94,2,2022-07-11 09:01:00
1657530060313670000,97.3,7,97.3,12,97.5,94,2,2022-07-11 09:01:00
1657530060843988000,97.4,1,97.2,37,97.4,11,1,2022-07-11 09:01:00
1657530061271502000,97.2,37,97.1,4,97.4,27,2,2022-07-11 09:01:01
1657530061293979000,97.1,4,97.0,35,97.4,27,2,2022-07-11 09:01:01
1657530062725866000,97.3,1,97.0,38,97.3,1,1,2022-07-11 09:01:02
1657530062858735000,97.1,1,97.0,38,97.3,1,2,2022-07-11 09:01:02
1657530063032741000,97.3,1,97.0,39,97.4,22,1,2022-07-11 09:01:03
1657530063032741000,97.4,9,97.0,39,97.4,22,1,2022-07-11 09:01:03
1657530063072006000,97.4,5,97.0,42,97.4,22,1,2022-07-11 09:01:03
1657530063406270000,97.0,5,97.0,37,97.4,17,2,2022-07-11 09:01:03
1657530066628027000,97.1,1,97.0,38,97.4,15,2,2022-07-11 09:01:06
1657530066777799000,97.1,1,97.0,38,97.4,15,2,2022-07-11 09:01:06
1657530066811792000,97.0,7,97.0,31,97.4,15,2,2022-07-11 09:01:06
1657530067064236000,97.0,6,97.1,1,97.4,15,2,2022-07-11 09:01:07
1657530067436178000,97.0,5,97.0,19,97.4,15,2,2022-07-11 09:01:07
1657530067533664000,97.4,1,97.0,24,97.4,15,1,2022-07-11 09:01:07
1657530070174396000,97.0,5,97.0,23,97.3,2,2,2022-07-11 09:01:10
1657530071485866000,97.0,5,97.0,20,97.3,6,2,2022-07-11 09:01:11
1657530071582879000,97.3,1,97.0,25,97.3,6,1,2022-07-11 09:01:11
1657530071936926000,97.3,2,97.1,2,97.3,8,1,2022-07-11 09:01:11
1657530074372802000,97.2,2,97.1,12,97.2,5,1,2022-07-11 09:01:14
1657530075467871000,97.1,5,97.1,8,97.2,3,2,2022-07-11 09:01:15
1657530075633895000,97.1,8,97.0,33,97.2,8,2,2022-07-11 09:01:15
1657530075690074000,97.2,3,97.0,33,97.2,5,1,2022-07-11 09:01:15
1657530075794767000,97.1,1,97.1,9,97.2,5,1,2022-07-11 09:01:15
1657530076226087000,97.1,5,97.1,4,97.2,5,2,2022-07-11 09:01:16
1657530077166728000,97.2,1,97.1,4,97.2,8,1,2022-07-11 09:01:17
1657530077674448000,97.2,5,97.1,4,97.2,22,1,2022-07-11 09:01:17
1657530077748087000,97.2,1,97.1,4,97.2,21,1,2022-07-11 09:01:17
1657530079504392000,97.1,5,97.1,1,97.2,21,2,2022-07-11 09:01:19
1657530079543778000,97.1,1,97.1,1,97.2,21,2,2022-07-11 09:01:19
1657530080292952000,97.0,5,97.0,36,97.2,21,2,2022-07-11 09:01:20
1657530082022095000,97.1,1,97.0,39,97.1,6,1,2022-07-11 09:01:22
1657530082735663000,97.1,1,97.0,41,97.1,15,1,2022-07-11 09:01:22
1657530083137461000,97.0,41,96.9,19,97.0,9,2,2022-07-11 09:01:23
1657530083141115000,97.0,1,96.9,19,97.0,8,1,2022-07-11 09:01:23
1657530083190461000,96.9,1,96.9,18,97.0,11,2,2022-07-11 09:01:23
1657530083199963000,96.9,1,96.9,17,97.0,11,2,2022-07-11 09:01:23
1657530083203136000,96.9,1,96.9,16,97.0,11,2,2022-07-11 09:01:23
1657530083238174000,96.9,4,96.9,12,97.0,11,2,2022-07-11 09:01:23
1657530083261102000,96.9,7,96.9,5,97.0,11,2,2022-07-11 09:01:23
1657530083264607000,96.9,1,96.9,4,97.0,11,2,2022-07-11 09:01:23
1657530083265188000,96.9,1,96.9,3,97.0,11,2,2022-07-11 09:01:23
1657530083265302000,96.9,1,96.9,2,97.0,11,2,2022-07-11 09:01:23
1657530083294124000,96.9,2,96.8,23,97.0,11,2,2022-07-11 09:01:23
1657530083444165000,96.8,5,96.8,18,96.9,4,2,2022-07-11 09:01:23
1657530083483712000,96.8,1,96.8,23,96.9,4,2,2022-07-11 09:01:23
1657530084131881000,96.9,1,96.8,17,96.9,53,1,2022-07-11 09:01:24
1657530084135991000,96.8,12,96.8,5,96.9,53,2,2022-07-11 09:01:24
1657530084136007000,96.8,5,96.7,6,96.9,53,2,2022-07-11 09:01:24
1657530084563353000,96.7,6,96.6,5,96.8,55,2,2022-07-11 09:01:24
1657530085513375000,96.6,1,96.6,8,96.7,1,2,2022-07-11 09:01:25
1657530085607686000,96.7,1,96.6,7,96.8,6,1,2022-07-11 09:01:25
1657530086031635000,96.7,1,96.6,4,96.8,6,1,2022-07-11 09:01:26
1657530086033212000,96.8,2,96.6,4,96.8,4,1,2022-07-11 09:01:26
1657530087431637000,96.6,3,96.5,6,96.7,1,2,2022-07-11 09:01:27
1657530087431637000,96.5,2,96.5,6,96.7,1,2,2022-07-11 09:01:27
1657530087856526000,96.5,1,96.5,5,96.7,1,2,2022-07-11 09:01:27
1657530089729616000,96.7,1,96.5,5,96.8,3,1,2022-07-11 09:01:29
1657530090299294000,96.6,1,96.6,1,96.7,1,2,2022-07-11 09:01:30
1657530091465670000,96.6,1,96.5,1,96.7,1,2,2022-07-11 09:01:31
1657530091465670000,96.5,4,96.5,1,96.7,1,2,2022-07-11 09:01:31
1657530092388064000,96.5,1,96.5,3,96.7,3,2,2022-07-11 09:01:32
1657530093873755000,96.7,1,96.5,3,96.7,8,1,2022-07-11 09:01:33
1657530094499607000,96.5,1,96.5,6,96.7,8,2,2022-07-11 09:01:34
1657530095295173000,96.5,5,96.5,2,96.7,8,2,2022-07-11 09:01:35
1657530095500441000,96.5,2,96.3,1,96.7,8,2,2022-07-11 09:01:35
1657530095500441000,96.4,1,96.3,1,96.7,8,2,2022-07-11 09:01:35
1657530095500441000,96.3,2,96.3,1,96.7,8,2,2022-07-11 09:01:35
1657530096023953000,96.5,2,96.3,1,96.5,3,1,2022-07-11 09:01:36
1657530096053932000,96.5,3,96.3,1,96.7,8,1,2022-07-11 09:01:36
1657530097007100000,96.5,1,96.3,1,96.5,7,1,2022-07-11 09:01:37
1657530097597076000,96.3,1,96.3,2,96.5,6,2,2022-07-11 09:01:37
1657530098380302000,96.5,6,96.3,1,96.6,1,1,2022-07-11 09:01:38
1657530099530197000,96.3,1,96.2,2,96.6,6,2,2022-07-11 09:01:39
1657530099530197000,96.2,4,96.2,2,96.6,6,2,2022-07-11 09:01:39
1657530099794448000,96.5,1,96.2,2,96.5,1,1,2022-07-11 09:01:39
1657530101331766000,96.5,2,96.3,1,96.5,22,2,2022-07-11 09:01:41
1657530102860822000,96.3,1,96.3,2,96.5,27,2,2022-07-11 09:01:42
1657530103516115000,96.2,2,96.1,13,96.5,27,2,2022-07-11 09:01:43
1657530103516115000,96.1,3,96.1,13,96.5,27,2,2022-07-11 09:01:43
1657530103552547000,96.1,12,96.1,1,96.5,27,2,2022-07-11 09:01:43
1657530103640669000,96.1,1,96.0,19,96.5,27,2,2022-07-11 09:01:43
1657530104006105000,96.4,1,96.0,20,96.4,3,1,2022-07-11 09:01:44
1657530104281808000,96.3,2,96.2,1,96.4,9,2,2022-07-11 09:01:44
1657530104360351000,96.2,1,96.1,1,96.3,2,2,2022-07-11 09:01:44
1657530104712012000,96.3,1,96.1,1,96.3,1,1,2022-07-11 09:01:44
1657530104775914000,96.3,1,96.1,1,96.4,8,1,2022-07-11 09:01:44
1657530104775914000,96.4,1,96.1,1,96.4,8,1,2022-07-11 09:01:44
1657530105176131000,96.1,1,96.0,19,96.3,1,2,2022-07-11 09:01:45
1657530105340709000,96.3,1,96.0,19,96.4,8,1,2022-07-11 09:01:45
1657530105495593000,96.1,1,96.1,1,96.3,1,2,2022-07-11 09:01:45
1657530105680837000,96.0,5,96.0,14,96.3,1,2,2022-07-11 09:01:45
1657530105721455000,96.0,1,96.0,13,96.3,1,2,2022-07-11 09:01:45
1657530106399720000,96.0,1,96.0,12,96.3,1,2,2022-07-11 09:01:46
1657530106676312000,96.3,1,96.0,12,96.4,8,1,2022-07-11 09:01:46
1657530106870144000,96.0,1,96.0,11,96.4,8,2,2022-07-11 09:01:46
1657530107552214000,96.0,5,96.0,6,96.4,14,2,2022-07-11 09:01:47
1657530107820938000,96.0,1,96.0,5,96.4,14,2,2022-07-11 09:01:47
1657530108065486000,96.0,5,95.8,2,96.0,15,2,2022-07-11 09:01:48
1657530108422282000,96.0,2,95.8,4,96.0,13,1,2022-07-11 09:01:48
1657530109661928000,96.0,1,95.8,4,96.0,12,1,2022-07-11 09:01:49
1657530110404148000,95.8,4,95.7,1,96.0,13,2,2022-07-11 09:01:50
1657530110766062000,95.9,1,95.8,2,95.9,1,1,2022-07-11 09:01:50
1657530111270575000,95.9,2,95.8,2,96.0,13,1,2022-07-11 09:01:51
1657530111492223000,95.8,2,95.6,1,96.0,13,2,2022-07-11 09:01:51
1657530111492223000,95.7,1,95.6,1,96.0,13,2,2022-07-11 09:01:51
1657530111492223000,95.6,2,95.6,1,96.0,13,2,2022-07-11 09:01:51
1657530112458547000,95.9,1,95.6,1,96.0,20,1,2022-07-11 09:01:52
1657530113664191000,96.0,1,95.6,1,96.0,19,1,2022-07-11 09:01:53
1657530115092379000,96.0,1,95.7,1,96.0,19,1,2022-07-11 09:01:55
1657530115523983000,95.7,1,95.5,2,96.0,18,2,2022-07-11 09:01:55
1657530115523983000,95.6,2,95.5,2,96.0,18,2,2022-07-11 09:01:55
1657530115523983000,95.5,2,95.5,2,96.0,18,2,2022-07-11 09:01:55
1657530116063213000,95.5,1,95.5,4,95.9,4,2,2022-07-11 09:01:56
1657530116639284000,95.8,1,95.5,4,95.8,1,1,2022-07-11 09:01:56
1657530119500248000,95.5,4,95.4,1,95.8,7,2,2022-07-11 09:01:59
1657530119500248000,95.4,1,95.4,1,95.8,7,2,2022-07-11 09:01:59
1657530119640058000,95.4,2,95.4,1,95.8,7,2,2022-07-11 09:01:59
1657530120147581000,95.8,1,95.4,1,95.8,6,1,2022-07-11 09:02:00
1657530120318206000,95.4,1,95.3,1,95.4,1,2,2022-07-11 09:02:00
1657530120336416000,95.4,1,95.3,1,95.8,6,1,2022-07-11 09:02:00
1657530120471981000,95.6,1,95.3,2,95.8,6,2,2022-07-11 09:02:00
1657530120650302000,95.4,1,95.3,2,95.7,4,1,2022-07-11 09:02:00
1657530120793199000,95.6,1,95.6,1,95.7,4,2,2022-07-11 09:02:00
1657530121074616000,95.6,1,95.3,2,95.8,7,2,2022-07-11 09:02:01
1657530122013870000,95.7,1,95.4,1,95.7,9,1,2022-07-11 09:02:02
1657530123424367000,95.7,1,95.5,4,95.7,8,1,2022-07-11 09:02:03
1657530123540538000,95.5,4,95.4,1,95.7,8,2,2022-07-11 09:02:03
1657530123540538000,95.4,1,95.4,1,95.7,8,2,2022-07-11 09:02:03
1657530123981639000,95.7,1,95.4,1,95.7,8,1,2022-07-11 09:02:03
1657530126792329000,95.7,1,95.5,2,95.7,9,1,2022-07-11 09:02:06
1657530127570135000,95.5,2,95.4,5,95.7,10,2,2022-07-11 09:02:07
1657530127570135000,95.4,3,95.4,5,95.7,10,2,2022-07-11 09:02:07
1657530127876183000,95.6,1,95.5,1,95.6,1,1,2022-07-11 09:02:07
1657530128992734000,95.5,1,95.4,4,95.7,10,2,2022-07-11 09:02:08
1657530128992734000,95.4,1,95.4,4,95.7,10,2,2022-07-11 09:02:08
1657530131252962000,95.5,1,95.5,2,95.6,1,2,2022-07-11 09:02:11
1657530131608478000,95.5,2,95.4,12,95.6,1,2,2022-07-11 09:02:11
1657530131608478000,95.4,3,95.4,12,95.6,1,2,2022-07-11 09:02:11
1657530135084015000,95.6,1,95.5,5,95.6,11,1,2022-07-11 09:02:15
1657530135496868000,95.5,5,95.4,16,95.6,10,2,2022-07-11 09:02:15
1657530135542523000,95.5,1,95.4,16,95.6,10,1,2022-07-11 09:02:15
1657530135624505000,95.4,1,95.4,15,95.6,10,2,2022-07-11 09:02:15
1657530137106025000,95.6,1,95.5,2,95.6,11,1,2022-07-11 09:02:17
1657530137532990000,95.5,1,95.5,1,95.6,10,2,2022-07-11 09:02:17
1657530139529414000,95.5,3,95.4,15,95.6,17,2,2022-07-11 09:02:19
1657530139529414000,95.4,2,95.4,15,95.6,17,2,2022-07-11 09:02:19
1657530139546945000,95.6,17,95.6,3,95.7,12,1,2022-07-11 09:02:19
1657530140793157000,95.6,1,95.6,2,95.7,14,2,2022-07-11 09:02:20
1657530140798013000,95.6,1,95.6,1,95.7,14,2,2022-07-11 09:02:20
1657530140938275000,95.6,1,95.5,12,95.7,14,2,2022-07-11 09:02:20
1657530141115841000,95.5,2,95.6,1,95.7,14,2,2022-07-11 09:02:21
1657530141322889000,95.7,1,95.5,11,95.7,13,1,2022-07-11 09:02:21
1657530142617892000,95.7,1,95.5,11,95.7,7,1,2022-07-11 09:02:22
1657530142996627000,95.6,1,95.6,1,95.7,7,2,2022-07-11 09:02:22
1657530143565333000,95.5,5,95.5,8,95.7,29,2,2022-07-11 09:02:23
1657530144340568000,95.6,2,95.5,9,95.7,29,2,2022-07-11 09:02:24
1657530144395817000,95.6,1,95.5,9,95.7,29,1,2022-07-11 09:02:24
1657530145262836000,95.6,1,95.5,13,95.7,29,1,2022-07-11 09:02:25
1657530145365630000,95.7,1,95.5,13,95.7,28,1,2022-07-11 09:02:25
1657530145867361000,95.7,3,95.6,1,95.7,25,1,2022-07-11 09:02:25
1657530147190724000,95.6,2,95.5,17,95.7,25,2,2022-07-11 09:02:27
1657530147561655000,95.5,5,95.5,12,95.7,25,2,2022-07-11 09:02:27
1657530147643905000,95.6,1,95.5,12,95.7,25,1,2022-07-11 09:02:27
1657530150371986000,95.7,1,95.6,8,95.7,24,1,2022-07-11 09:02:30
1657530150650780000,95.6,1,95.6,10,95.7,24,2,2022-07-11 09:02:30
1657530151589703000,95.6,5,95.6,4,95.7,24,2,2022-07-11 09:02:31
1657530151630322000,95.6,4,95.6,9,95.7,24,2,2022-07-11 09:02:31
1657530151674799000,95.7,1,95.5,18,95.7,23,1,2022-07-11 09:02:31
1657530154202881000,95.7,1,95.6,1,95.7,22,1,2022-07-11 09:02:34
1657530154978168000,95.7,2,95.6,3,95.7,20,1,2022-07-11 09:02:34
1657530155629650000,95.6,3,95.5,21,95.7,21,2,2022-07-11 09:02:35
1657530155629650000,95.5,2,95.5,21,95.7,21,2,2022-07-11 09:02:35
1657530158027029000,95.6,1,95.6,1,95.7,28,2,2022-07-11 09:02:38
1657530158062883000,95.6,1,95.5,21,95.7,28,2,2022-07-11 09:02:38
1657530158615562000,95.5,1,95.5,20,95.7,28,2,2022-07-11 09:02:38
1657530159452072000,95.7,1,95.5,20,95.7,31,1,2022-07-11 09:02:39
1657530159568698000,95.5,5,95.5,14,95.7,31,2,2022-07-11 09:02:39
1657530161164010000,95.5,1,95.5,23,95.7,31,2,2022-07-11 09:02:41
1657530161273356000,95.5,2,95.5,21,95.7,31,2,2022-07-11 09:02:41
1657530161695753000,95.5,19,95.3,4,95.7,31,2,2022-07-11 09:02:41
1657530161695753000,95.4,34,95.3,4,95.7,31,2,2022-07-11 09:02:41
1657530161928684000,95.5,5,95.5,5,95.6,7,2,2022-07-11 09:02:41
1657530162257723000,95.3,4,95.2,21,95.6,7,2,2022-07-11 09:02:42
1657530162269374000,95.6,1,95.2,21,95.6,9,1,2022-07-11 09:02:42
1657530162497636000,95.4,10,95.2,21,95.5,1,1,2022-07-11 09:02:42
1657530163351043000,95.4,1,95.2,20,95.5,3,2,2022-07-11 09:02:43
1657530163351043000,95.2,1,95.2,20,95.5,3,2,2022-07-11 09:02:43
1657530163553113000,95.2,5,95.2,20,95.5,8,2,2022-07-11 09:02:43
1657530165301776000,95.3,1,95.3,1,95.5,9,2,2022-07-11 09:02:45
1657530166649345000,95.3,1,95.3,1,95.4,6,2,2022-07-11 09:02:46
1657530166649345000,95.2,16,95.3,1,95.4,6,2,2022-07-11 09:02:46
1657530167603640000,95.1,5,95.1,18,95.3,3,2,2022-07-11 09:02:47
1657530168373121000,95.1,4,95.1,9,95.2,2,2,2022-07-11 09:02:48
1657530170508682000,95.1,6,95.1,2,95.2,7,2,2022-07-11 09:02:50
1657530171350053000,95.1,2,95.0,30,95.2,12,2,2022-07-11 09:02:51
1657530171624502000,95.0,5,95.0,30,95.2,12,2,2022-07-11 09:02:51
1657530171794610000,95.2,1,95.0,25,95.2,11,1,2022-07-11 09:02:51
1657530172323473000,95.1,1,95.0,26,95.2,11,1,2022-07-11 09:02:52
1657530172442426000,95.0,2,95.0,26,95.1,1,2,2022-07-11 09:02:52
1657530172808793000,95.1,1,95.0,24,95.1,2,1,2022-07-11 09:02:52
1657530173998898000,95.1,3,95.0,24,95.2,9,1,2022-07-11 09:02:53
1657530173998898000,95.2,2,95.0,24,95.2,9,1,2022-07-11 09:02:53
1657530174026031000,95.2,9,95.0,24,95.3,4,1,2022-07-11 09:02:54
1657530174454596000,95.1,1,95.0,26,95.3,3,1,2022-07-11 09:02:54
1657530174622352000,95.1,1,95.1,3,95.3,3,2,2022-07-11 09:02:54
1657530174661536000,95.1,1,95.1,4,95.3,3,2,2022-07-11 09:02:54
1657530174897590000,95.1,1,95.1,1,95.3,3,2,2022-07-11 09:02:54
1657530175608117000,95.2,2,95.2,2,95.3,3,2,2022-07-11 09:02:55
1657530175608117000,95.1,3,95.2,2,95.3,3,2,2022-07-11 09:02:55
1657530175875485000,95.1,2,95.0,26,95.1,2,1,2022-07-11 09:02:55
1657530176553855000,95.1,1,95.0,26,95.3,3,1,2022-07-11 09:02:56
1657530177830134000,95.2,8,95.0,26,95.3,4,1,2022-07-11 09:02:57
1657530178941435000,95.2,3,95.1,7,95.4,3,1,2022-07-11 09:02:58
1657530178941435000,95.3,4,95.1,7,95.4,3,1,2022-07-11 09:02:58
1657530179314399000,95.2,8,95.1,8,95.4,3,1,2022-07-11 09:02:59
1657530179866319000,95.2,2,95.1,10,95.4,3,2,2022-07-11 09:02:59
1657530180592424000,95.1,5,95.1,5,95.2,4,2,2022-07-11 09:03:00
1657530181443335000,95.2,13,95.1,5,95.3,18,1,2022-07-11 09:03:01
1657530182467992000,95.1,1,95.1,5,95.3,10,2,2022-07-11 09:03:02
1657530183583593000,95.2,1,95.1,9,95.2,6,1,2022-07-11 09:03:03
1657530185464573000,95.2,1,95.1,18,95.2,7,1,2022-07-11 09:03:05
1657530185543498000,95.2,1,95.1,20,95.2,6,1,2022-07-11 09:03:05
1657530185570303000,95.2,6,95.1,20,95.3,7,1,2022-07-11 09:03:05
1657530185601257000,95.3,7,95.1,20,95.2,7,1,2022-07-11 09:03:05
1657530187601010000,95.2,2,95.2,6,95.3,3,2,2022-07-11 09:03:07
1657530189655362000,95.3,1,95.2,9,95.3,3,1,2022-07-11 09:03:09
1657530189685349000,95.3,2,95.2,9,95.4,7,1,2022-07-11 09:03:09
1657530192911700000,95.3,1,95.3,1,95.4,6,2,2022-07-11 09:03:12
1657530195607115000,95.3,1,95.3,5,95.4,7,2,2022-07-11 09:03:15
1657530196327980000,95.4,2,95.3,5,95.4,5,1,2022-07-11 09:03:16
1657530196361488000,95.4,5,95.3,5,95.5,3,1,2022-07-11 09:03:16
1657530196522699000,95.5,1,95.3,7,95.5,3,1,2022-07-11 09:03:16
1657530197343356000,95.5,2,95.4,1,95.6,8,1,2022-07-11 09:03:17
1657530197995390000,95.6,1,95.4,2,95.6,7,1,2022-07-11 09:03:17
1657530202090950000,95.6,6,95.5,1,95.6,8,1,2022-07-11 09:03:22
1657530202551094000,95.6,1,95.5,2,95.6,2,1,2022-07-11 09:03:22
1657530204822979000,95.6,1,95.5,2,95.6,1,1,2022-07-11 09:03:24
1657530205731957000,95.6,1,95.6,1,95.7,1,1,2022-07-11 09:03:25
1657530206520324000,95.7,1,95.6,2,96.0,12,1,2022-07-11 09:03:26
1657530206520324000,95.8,1,95.6,2,96.0,12,1,2022-07-11 09:03:26
1657530206520324000,96.0,3,95.6,2,96.0,12,1,2022-07-11 09:03:26
1657530206926414000,95.6,1,95.6,3,96.0,12,2,2022-07-11 09:03:26
1657530206935032000,95.6,1,95.6,2,96.0,12,2,2022-07-11 09:03:26
1657530208240773000,95.9,1,95.6,3,95.9,1,1,2022-07-11 09:03:28
1657530211744932000,95.9,1,95.6,4,96.0,10,1,2022-07-11 09:03:31
1657530211744932000,96.0,1,95.6,4,96.0,10,1,2022-07-11 09:03:31
1657530212371344000,95.9,1,95.6,4,96.0,10,2,2022-07-11 09:03:32
1657530212834637000,95.9,1,95.7,1,96.0,10,2,2022-07-11 09:03:32
1657530212869831000,95.7,1,95.6,7,96.0,10,2,2022-07-11 09:03:32
1657530214011368000,96.0,1,95.6,8,96.0,9,1,2022-07-11 09:03:34
1657530214444882000,95.9,2,95.6,9,96.0,9,2,2022-07-11 09:03:34
1657530215862243000,96.0,1,95.6,9,96.0,9,1,2022-07-11 09:03:35
1657530216036938000,96.0,5,95.6,9,96.0,4,1,2022-07-11 09:03:36
1657530217399777000,96.0,3,95.7,2,96.0,1,1,2022-07-11 09:03:37
1657530217425044000,96.0,1,95.7,2,96.3,8,1,2022-07-11 09:03:37
1657530217968875000,95.9,1,95.7,3,96.3,8,2,2022-07-11 09:03:37
1657530218541726000,96.2,1,95.9,1,96.2,12,1,2022-07-11 09:03:38
1657530218562916000,95.9,1,95.7,4,96.2,9,2,2022-07-11 09:03:38
1657530219618815000,96.0,2,96.0,2,96.1,2,2,2022-07-11 09:03:39
1657530220813503000,95.8,2,95.7,3,96.1,12,2,2022-07-11 09:03:40
1657530220858924000,95.7,3,95.6,13,96.1,12,2,2022-07-11 09:03:40
1657530221309089000,95.9,1,95.6,14,96.0,6,2,2022-07-11 09:03:41
1657530222649402000,95.8,1,95.6,15,96.0,2,2,2022-07-11 09:03:42
1657530222718226000,95.6,15,95.5,21,96.0,6,2,2022-07-11 09:03:42
1657530223199978000,95.7,1,95.5,21,95.9,6,2,2022-07-11 09:03:43
1657530223401065000,95.9,1,95.7,3,95.9,1,1,2022-07-11 09:03:43
1657530223425589000,95.7,3,95.5,21,95.9,1,2,2022-07-11 09:03:43
1657530224741501000,95.9,3,95.5,21,95.9,1,1,2022-07-11 09:03:44
1657530229548604000,95.8,1,95.5,24,95.8,4,1,2022-07-11 09:03:49
1657530230473960000,95.8,3,95.6,1,95.9,1,1,2022-07-11 09:03:50
1657530230606856000,95.9,1,95.6,1,96.0,25,1,2022-07-11 09:03:50
1657530230606856000,96.0,1,95.6,1,96.0,25,1,2022-07-11 09:03:50
1657530230639617000,95.6,1,95.6,2,96.0,25,2,2022-07-11 09:03:50
1657530231064686000,95.9,1,95.9,1,96.0,25,2,2022-07-11 09:03:51
1657530232648974000,95.7,1,95.6,1,95.8,4,2,2022-07-11 09:03:52
1657530232735522000,95.8,1,95.5,34,95.8,3,1,2022-07-11 09:03:52
1657530233703558000,95.8,5,95.5,34,95.8,5,1,2022-07-11 09:03:53
1657530236673265000,95.9,1,95.7,11,95.9,4,1,2022-07-11 09:03:56
1657530237517740000,95.8,1,95.7,11,95.9,4,2,2022-07-11 09:03:57
1657530238783845000,95.8,1,95.7,11,95.9,6,2,2022-07-11 09:03:58
1657530239119757000,95.8,1,95.8,1,95.9,7,2,2022-07-11 09:03:59
1657530240307796000,95.7,11,95.6,3,95.8,2,2,2022-07-11 09:04:00
1657530241019285000,95.7,1,95.6,3,95.8,3,1,2022-07-11 09:04:01
1657530242023880000,95.8,3,95.6,4,95.8,3,1,2022-07-11 09:04:02
1657530242127849000,95.7,1,95.7,1,95.8,3,2,2022-07-11 09:04:02
1657530242416094000,95.8,1,95.6,4,95.8,2,1,2022-07-11 09:04:02
1657530244294631000,95.6,1,95.6,3,95.7,1,2,2022-07-11 09:04:04
1657530244874026000,95.6,1,95.6,3,95.7,1,2,2022-07-11 09:04:04
1657530246109086000,95.7,1,95.8,6,95.9,6,1,2022-07-11 09:04:06
1657530246109086000,95.8,3,95.8,6,95.9,6,1,2022-07-11 09:04:06
1657530246128250000,95.8,6,95.6,3,95.9,6,2,2022-07-11 09:04:06
1657530247308237000,95.7,1,95.7,1,95.8,12,1,2022-07-11 09:04:07
1657530247347397000,95.7,1,95.6,3,95.8,12,2,2022-07-11 09:04:07
1657530249873691000,95.7,1,95.6,3,95.8,13,2,2022-07-11 09:04:09
1657530249915570000,95.6,3,95.5,47,95.8,13,2,2022-07-11 09:04:09
1657530251504794000,95.7,1,95.6,3,95.7,20,1,2022-07-11 09:04:11
1657530251613717000,95.6,1,95.6,2,95.7,20,2,2022-07-11 09:04:11
1657530251731267000,95.6,1,95.6,1,95.7,20,2,2022-07-11 09:04:11
1657530253110289000,95.7,1,95.6,1,95.7,20,1,2022-07-11 09:04:13
1657530253384039000,95.7,1,95.6,1,95.7,24,1,2022-07-11 09:04:13
1657530256013390000,95.7,1,95.6,2,95.7,22,1,2022-07-11 09:04:16
1657530256082034000,95.7,1,95.6,2,95.7,21,1,2022-07-11 09:04:16
1657530256222248000,95.7,1,95.6,2,95.7,20,1,2022-07-11 09:04:16
1657530256252538000,95.6,1,95.6,1,95.7,20,2,2022-07-11 09:04:16
1657530257757001000,95.6,1,95.6,1,95.7,24,2,2022-07-11 09:04:17
1657530259264640000,95.6,2,95.5,41,95.6,8,2,2022-07-11 09:04:19
1657530259290290000,95.5,1,95.5,40,95.6,8,2,2022-07-11 09:04:19
1657530259342605000,95.6,2,95.5,40,95.6,6,1,2022-07-11 09:04:19
1657530260681133000,95.6,3,95.5,41,95.6,6,1,2022-07-11 09:04:20
1657530260751763000,95.6,1,95.5,41,95.6,6,1,2022-07-11 09:04:20
1657530261217685000,95.6,1,95.5,41,95.6,6,1,2022-07-11 09:04:21
1657530262231795000,95.6,5,95.6,5,95.7,20,1,2022-07-11 09:04:22
1657530263584101000,95.6,4,95.6,4,95.7,20,2,2022-07-11 09:04:23
1657530263877362000,95.6,5,95.5,41,95.6,2,2,2022-07-11 09:04:23
1657530263951176000,95.6,2,95.6,2,95.7,20,1,2022-07-11 09:04:23
1657530270304185000,95.6,1,95.6,10,95.7,23,2,2022-07-11 09:04:30
1657530272517266000,95.7,1,95.6,14,95.7,22,1,2022-07-11 09:04:32
1657530272839501000,95.7,1,95.6,14,95.7,21,1,2022-07-11 09:04:32
1657530272952493000,95.7,1,95.6,14,95.7,20,1,2022-07-11 09:04:32
1657530273570830000,95.6,1,95.6,13,95.7,20,2,2022-07-11 09:04:33
1657530273985650000,95.6,2,95.6,11,95.7,20,2,2022-07-11 09:04:33
1657530275755484000,95.7,19,95.6,22,95.8,1,1,2022-07-11 09:04:35
1657530279151188000,95.7,1,95.6,25,95.7,1,1,2022-07-11 09:04:39
1657530282395262000,95.7,1,95.6,31,95.8,3,2,2022-07-11 09:04:42
1657530283309917000,95.8,1,95.6,31,95.8,2,1,2022-07-11 09:04:43
1657530283428308000,95.7,1,95.6,31,95.8,2,1,2022-07-11 09:04:43
1657530286894138000,95.8,1,95.7,3,95.8,1,1,2022-07-11 09:04:46
1657530288794600000,95.8,1,95.7,8,95.9,5,1,2022-07-11 09:04:48
1657530294497209000,95.9,1,95.8,2,95.9,4,1,2022-07-11 09:04:54
1657530295253898000,95.9,3,95.8,2,95.9,1,1,2022-07-11 09:04:55
1657530296340720000,95.8,1,95.8,3,95.9,1,2,2022-07-11 09:04:56
1657530299066098000,95.9,1,95.8,4,95.9,1,1,2022-07-11 09:04:59
1657530299611032000,95.9,1,95.8,4,96.0,23,1,2022-07-11 09:04:59
1657530300326174000,95.9,1,95.8,5,95.9,1,2,2022-07-11 09:05:00
1657530300690002000,95.8,5,95.7,22,95.9,2,2,2022-07-11 09:05:00
1657530300698504000,95.8,1,95.7,22,95.8,4,1,2022-07-11 09:05:00
1657530302060644000,95.8,1,95.7,22,95.8,4,1,2022-07-11 09:05:02
1657530302606099000,95.8,1,95.7,22,95.8,3,1,2022-07-11 09:05:02
1657530303661258000,95.8,1,95.7,22,95.8,2,1,2022-07-11 09:05:03
1657530304671752000,95.8,1,95.7,22,95.8,1,1,2022-07-11 09:05:04
1657530306833818000,95.8,1,95.7,22,95.8,4,1,2022-07-11 09:05:06
1657530307680277000,95.8,1,95.7,22,95.8,4,1,2022-07-11 09:05:07
1657530307921276000,95.8,1,95.7,22,95.8,2,1,2022-07-11 09:05:07
1657530308655103000,95.8,1,95.7,22,95.8,1,1,2022-07-11 09:05:08
1657530309683812000,95.8,2,95.8,2,95.9,2,1,2022-07-11 09:05:09
1657530310320130000,95.8,1,95.8,1,95.9,2,2,2022-07-11 09:05:10
1657530310349973000,95.8,1,95.7,24,95.9,2,2,2022-07-11 09:05:10
1657530311942281000,95.8,2,95.7,25,95.9,2,2,2022-07-11 09:05:11
1657530311976412000,95.7,25,95.6,36,95.9,2,2,2022-07-11 09:05:11
1657530313223487000,95.8,1,95.6,36,95.9,7,1,2022-07-11 09:05:13
1657530313910602000,95.7,1,95.6,36,95.9,7,1,2022-07-11 09:05:13
1657530316149046000,95.7,1,95.6,36,95.8,1,2,2022-07-11 09:05:16
1657530316154746000,95.8,1,95.6,36,95.9,7,1,2022-07-11 09:05:16
1657530321308919000,95.8,1,95.7,3,95.8,1,1,2022-07-11 09:05:21
1657530322014750000,95.7,1,95.7,4,95.8,1,2,2022-07-11 09:05:22
1657530322376581000,95.7,3,95.7,1,95.8,1,2,2022-07-11 09:05:22
1657530322418741000,95.7,1,95.6,46,95.8,1,2,2022-07-11 09:05:22
1657530334004463000,95.8,2,95.7,7,95.9,15,1,2022-07-11 09:05:34
1657530334421739000,95.7,5,95.7,2,95.9,15,2,2022-07-11 09:05:34
1657530336114425000,95.8,1,95.7,3,95.9,15,1,2022-07-11 09:05:36
1657530338827975000,95.9,5,95.7,3,95.9,10,1,2022-07-11 09:05:38
1657530338864580000,95.9,10,95.7,3,96.0,38,1,2022-07-11 09:05:38
1657530339389273000,95.8,1,95.7,3,96.0,38,1,2022-07-11 09:05:39
1657530342810030000,95.7,1,95.7,2,95.9,5,2,2022-07-11 09:05:42
1657530342834213000,95.7,2,95.6,48,95.9,5,2,2022-07-11 09:05:42
1657530344691530000,95.8,1,95.7,5,95.9,6,1,2022-07-11 09:05:44
1657530346226725000,95.9,2,95.8,2,95.9,7,1,2022-07-11 09:05:46
1657530346525846000,95.8,1,95.8,1,95.9,7,2,2022-07-11 09:05:46
1657530346566445000,95.8,1,95.7,6,95.9,7,2,2022-07-11 09:05:46
1657530348755065000,95.8,1,95.7,6,95.8,3,2,2022-07-11 09:05:48
1657530349646927000,95.8,1,95.7,9,95.8,3,1,2022-07-11 09:05:49
1657530349846484000,95.8,3,95.7,9,95.9,12,1,2022-07-11 09:05:49
1657530350455553000,95.7,1,95.7,8,95.9,12,2,2022-07-11 09:05:50
1657530350651183000,95.8,1,95.7,8,95.8,3,1,2022-07-11 09:05:50
1657530353162580000,95.8,5,95.7,15,95.8,1,1,2022-07-11 09:05:53
1657530353568815000,95.8,1,95.7,15,95.9,12,1,2022-07-11 09:05:53
1657530354255289000,95.7,9,95.7,7,95.9,12,2,2022-07-11 09:05:54
1657530354362753000,95.7,2,95.7,5,95.8,1,2,2022-07-11 09:05:54
1657530354401621000,95.7,5,95.6,50,95.8,1,2,2022-07-11 09:05:54
1657530357265489000,95.7,1,95.6,49,95.7,1,2,2022-07-11 09:05:57
1657530364669161000,95.6,2,95.6,50,95.7,11,2,2022-07-11 09:06:04
1657530365832698000,95.7,2,95.6,50,95.7,9,1,2022-07-11 09:06:05
1657530368475392000,95.7,2,95.6,49,95.7,6,1,2022-07-11 09:06:08
1657530373994736000,95.7,5,95.6,49,95.7,2,1,2022-07-11 09:06:13
1657530374146799000,95.7,1,95.6,49,95.7,1,1,2022-07-11 09:06:14
1657530375129472000,95.7,1,95.6,49,95.8,10,1,2022-07-11 09:06:15
1657530377033203000,95.7,1,95.6,49,95.8,10,1,2022-07-11 09:06:17
1657530388540559000,95.8,1,95.7,2,95.8,9,1,2022-07-11 09:06:28
1657530390400088000,95.8,1,95.7,2,95.8,8,1,2022-07-11 09:06:30
1657530393534551000,95.7,1,95.7,2,95.8,8,2,2022-07-11 09:06:33
1657530393796934000,95.8,1,95.7,9,95.8,8,1,2022-07-11 09:06:33
1657530394390518000,95.8,1,95.7,9,95.8,6,1,2022-07-11 09:06:34
1657530398170359000,95.7,9,95.6,61,95.7,41,2,2022-07-11 09:06:38
1657530398407908000,95.7,1,95.6,61,95.7,40,1,2022-07-11 09:06:38
1657530403608712000,95.7,1,95.6,61,95.7,43,1,2022-07-11 09:06:43
1657530406137827000,95.6,2,95.6,63,95.7,43,2,2022-07-11 09:06:46
1657530407665549000,95.6,20,95.6,44,95.7,48,2,2022-07-11 09:06:47
1657530407693433000,95.6,3,95.6,41,95.7,48,2,2022-07-11 09:06:47
1657530407693482000,95.6,41,95.5,29,95.7,48,2,2022-07-11 09:06:47
1657530408584920000,95.6,1,95.5,29,95.6,10,1,2022-07-11 09:06:48
1657530409761357000,95.5,5,95.5,24,95.6,13,2,2022-07-11 09:06:49
1657530409795903000,95.5,24,95.4,11,95.6,13,2,2022-07-11 09:06:49
1657530409838429000,95.4,10,95.4,1,95.5,11,2,2022-07-11 09:06:49
1657530409859438000,95.4,1,95.3,14,95.5,11,2,2022-07-11 09:06:49
1657530409880586000,95.3,7,95.3,6,95.4,1,2,2022-07-11 09:06:49
1657530411806518000,95.3,1,95.3,5,95.4,2,2,2022-07-11 09:06:51
1657530412261298000,95.3,1,95.3,4,95.4,3,2,2022-07-11 09:06:52
1657530412285259000,95.3,4,95.2,21,95.4,3,2,2022-07-11 09:06:52
1657530413646526000,95.2,19,95.0,52,95.4,3,2,2022-07-11 09:06:53
1657530413646526000,95.1,16,95.0,52,95.4,3,2,2022-07-11 09:06:53
1657530413646526000,95.0,15,95.0,52,95.4,3,2,2022-07-11 09:06:53
1657530413682781000,95.3,2,95.3,8,95.4,3,2,2022-07-11 09:06:53
1657530413683915000,95.3,8,95.0,52,95.4,3,2,2022-07-11 09:06:53
1657530415003966000,95.2,1,95.1,3,95.2,3,1,2022-07-11 09:06:55
1657530415802262000,95.1,2,95.1,1,95.2,3,2,2022-07-11 09:06:55
1657530415835049000,95.1,1,95.0,52,95.2,3,2,2022-07-11 09:06:55
1657530415835294000,95.0,7,95.0,45,95.2,3,2,2022-07-11 09:06:55
1657530416138558000,95.2,3,95.2,7,95.3,5,1,2022-07-11 09:06:56
1657530416479444000,95.2,2,95.2,5,95.3,5,2,2022-07-11 09:06:56
1657530416527409000,95.2,5,95.0,44,95.3,5,2,2022-07-11 09:06:56
1657530417358161000,95.0,2,95.0,42,95.3,7,2,2022-07-11 09:06:57
1657530418571371000,95.1,1,95.1,9,95.2,1,2,2022-07-11 09:06:58
1657530420673553000,95.2,2,95.1,19,95.3,7,1,2022-07-11 09:07:00
1657530422187275000,95.1,10,95.1,9,95.2,1,2,2022-07-11 09:07:02
1657530422252814000,95.1,1,95.1,8,95.2,1,2,2022-07-11 09:07:02
1657530422280434000,95.1,1,95.1,7,95.2,1,2,2022-07-11 09:07:02
1657530423391428000,95.2,1,95.2,5,95.3,8,1,2022-07-11 09:07:03
1657530425806136000,95.2,1,95.2,4,95.3,8,2,2022-07-11 09:07:05
1657530426557367000,95.2,1,95.2,3,95.3,8,2,2022-07-11 09:07:06
1657530430022264000,95.2,1,95.2,2,95.3,13,2,2022-07-11 09:07:10
1657530431736408000,95.3,3,95.2,2,95.3,10,1,2022-07-11 09:07:11
1657530431991253000,95.3,10,95.2,2,95.4,7,1,2022-07-11 09:07:11
1657530432051282000,95.2,1,95.2,1,95.4,6,2,2022-07-11 09:07:12
1657530434251959000,95.4,1,95.3,1,95.4,5,1,2022-07-11 09:07:14
1657530434901830000,95.3,1,95.2,1,95.4,6,2,2022-07-11 09:07:14
1657530436076093000,95.4,6,95.3,18,95.5,8,1,2022-07-11 09:07:16
1657530436509039000,95.4,1,95.3,18,95.5,8,1,2022-07-11 09:07:16
1657530438792151000,95.3,1,95.3,17,95.5,8,2,2022-07-11 09:07:18
1657530445565746000,95.3,10,95.3,8,95.5,8,2,2022-07-11 09:07:25
1657530446421649000,95.3,8,95.2,6,95.5,8,2,2022-07-11 09:07:26
1657530448593024000,95.2,1,95.2,5,95.4,4,2,2022-07-11 09:07:28
1657530452199629000,95.3,1,95.2,13,95.4,6,1,2022-07-11 09:07:32
1657530452325236000,95.3,3,95.3,15,95.4,6,2,2022-07-11 09:07:32
1657530452350788000,95.4,5,95.3,15,95.4,1,1,2022-07-11 09:07:32
1657530452374285000,95.4,1,95.3,15,95.5,10,1,2022-07-11 09:07:32
1657530453243698000,95.3,1,95.3,14,95.5,9,2,2022-07-11 09:07:33
1657530453282507000,95.5,6,95.3,14,95.5,3,1,2022-07-11 09:07:33
1657530453282641000,95.5,3,95.3,14,95.6,19,1,2022-07-11 09:07:33
1657530454067763000,95.4,1,95.3,14,95.6,19,1,2022-07-11 09:07:34
1657530454091705000,95.6,19,95.3,14,95.7,43,1,2022-07-11 09:07:34
1657530454262155000,95.7,14,95.5,17,95.7,29,1,2022-07-11 09:07:34
1657530454293398000,95.7,7,95.5,21,95.7,22,1,2022-07-11 09:07:34
1657530454353373000,95.7,8,95.5,21,95.7,14,1,2022-07-11 09:07:34
1657530454383020000,95.7,3,95.5,21,95.7,11,1,2022-07-11 09:07:34
1657530454383144000,95.7,7,95.5,21,95.7,4,1,2022-07-11 09:07:34
1657530454383161000,95.7,4,95.5,21,95.8,6,1,2022-07-11 09:07:34
1657530454419692000,95.5,1,95.5,20,95.8,6,2,2022-07-11 09:07:34
1657530454510731000,95.8,4,95.6,4,95.8,6,1,2022-07-11 09:07:34
1657530454598713000,95.8,1,95.6,4,95.8,1,1,2022-07-11 09:07:34
1657530454692522000,95.8,1,95.6,4,95.9,7,1,2022-07-11 09:07:34
1657530454770305000,95.9,4,95.6,4,95.9,3,1,2022-07-11 09:07:34
1657530454855048000,95.9,2,95.6,4,95.9,1,1,2022-07-11 09:07:34
1657530455240006000,95.7,1,95.7,8,95.9,1,2,2022-07-11 09:07:35
1657530463002614000,95.9,1,95.7,19,95.9,1,1,2022-07-11 09:07:43
1657530463026908000,95.9,1,95.7,19,96.0,9,1,2022-07-11 09:07:43
1657530476941426000,96.0,5,95.9,16,96.0,7,1,2022-07-11 09:07:56
1657530478693157000,96.0,1,95.9,16,96.0,6,1,2022-07-11 09:07:58
1657530479247151000,96.0,1,95.9,16,96.0,5,1,2022-07-11 09:07:59
1657530480493086000,96.0,4,95.9,16,96.0,1,1,2022-07-11 09:08:00
1657530480523692000,96.0,1,95.9,16,96.1,17,1,2022-07-11 09:08:00
1657530480954272000,95.9,1,95.9,16,96.1,17,2,2022-07-11 09:08:00
1657530484311413000,96.0,1,96.0,1,96.1,16,2,2022-07-11 09:08:04
1657530486921005000,96.0,1,96.0,2,96.1,17,2,2022-07-11 09:08:06
1657530489156798000,96.1,11,96.0,13,96.1,5,1,2022-07-11 09:08:09
1657530489337190000,96.1,3,96.0,13,96.1,2,1,2022-07-11 09:08:09
1657530489478300000,96.1,2,96.0,14,96.1,2,1,2022-07-11 09:08:09
1657530490863409000,96.1,1,96.0,5,96.2,16,2,2022-07-11 09:08:10
1657530490863409000,96.0,9,96.0,5,96.2,16,2,2022-07-11 09:08:10
1657530491532917000,96.2,6,96.1,12,96.2,15,1,2022-07-11 09:08:11
1657530491572240000,96.2,9,96.1,12,96.3,23,1,2022-07-11 09:08:11
1657530492002567000,96.3,16,96.1,12,96.3,7,1,2022-07-11 09:08:12
1657530492037780000,96.3,7,96.1,12,96.4,10,1,2022-07-11 09:08:12
1657530492173037000,96.4,7,96.2,4,96.4,3,1,2022-07-11 09:08:12
1657530492205499000,96.4,3,96.2,4,96.5,6,1,2022-07-11 09:08:12
1657530492253325000,96.5,1,96.2,4,96.5,5,1,2022-07-11 09:08:12
1657530493527967000,96.2,1,96.2,3,96.4,10,2,2022-07-11 09:08:13
1657530494143385000,96.3,1,96.2,3,96.4,10,2,2022-07-11 09:08:14
1657530495319572000,96.2,1,96.2,3,96.4,10,2,2022-07-11 09:08:15
1657530495884204000,96.4,10,96.1,28,96.4,1,1,2022-07-11 09:08:15
1657530497763849000,96.4,1,96.3,2,96.5,5,1,2022-07-11 09:08:17
1657530500273938000,96.4,1,96.3,3,96.4,1,2,2022-07-11 09:08:20
1657530501236211000,96.4,2,96.4,8,96.5,5,1,2022-07-11 09:08:21
1657530503855587000,96.5,1,96.4,13,96.5,4,1,2022-07-11 09:08:23
1657530504370171000,96.4,1,96.4,12,96.5,8,2,2022-07-11 09:08:24
1657530505897664000,96.5,1,96.4,11,96.5,7,1,2022-07-11 09:08:25
1657530506428597000,96.5,4,96.4,12,96.5,3,1,2022-07-11 09:08:26
1657530506462482000,96.5,3,96.4,12,96.6,7,1,2022-07-11 09:08:26
1657530506486339000,96.6,1,96.4,12,96.6,6,1,2022-07-11 09:08:26
1657530507863698000,96.4,1,96.4,12,96.6,5,2,2022-07-11 09:08:27
1657530508047606000,96.4,11,96.4,11,96.6,5,2,2022-07-11 09:08:28
1657530508047606000,96.3,3,96.4,11,96.6,5,2,2022-07-11 09:08:28
1657530508047606000,96.2,5,96.4,11,96.6,5,2,2022-07-11 09:08:28
1657530508047606000,96.1,26,96.4,11,96.6,5,2,2022-07-11 09:08:28
1657530508047606000,96.0,17,96.4,11,96.6,5,2,2022-07-11 09:08:28
1657530508047606000,95.9,6,96.4,11,96.6,5,2,2022-07-11 09:08:28
1657530508047606000,95.8,12,96.4,11,96.6,5,2,2022-07-11 09:08:28
1657530508047606000,95.7,20,96.4,11,96.6,5,2,2022-07-11 09:08:28
1657530508151350000,95.7,2,95.7,3,96.5,15,2,2022-07-11 09:08:28
1657530509292661000,95.7,5,95.6,15,96.2,1,2,2022-07-11 09:08:29
1657530510072411000,96.2,1,96.4,2,96.5,17,1,2022-07-11 09:08:30
1657530510072411000,96.4,2,96.4,2,96.5,17,1,2022-07-11 09:08:30
1657530510104089000,96.4,2,95.6,11,96.5,17,2,2022-07-11 09:08:30
1657530512134918000,96.3,2,95.7,5,96.3,4,1,2022-07-11 09:08:32
1657530512815298000,96.3,3,95.7,10,96.3,2,1,2022-07-11 09:08:32
1657530518260740000,96.2,1,95.9,2,96.2,4,1,2022-07-11 09:08:38
1657530519082079000,96.2,1,96.0,2,96.2,3,1,2022-07-11 09:08:39
1657530520203934000,96.2,1,96.0,2,96.2,2,1,2022-07-11 09:08:40
1657530520232597000,96.2,1,96.0,2,96.2,1,1,2022-07-11 09:08:40
1657530521213755000,96.1,1,96.0,2,96.1,2,1,2022-07-11 09:08:41
1657530521247273000,96.1,2,96.0,2,96.2,1,1,2022-07-11 09:08:41
1657530521286152000,96.1,1,96.0,1,96.2,1,2,2022-07-11 09:08:41
1657530522626705000,96.2,1,96.0,1,96.2,1,1,2022-07-11 09:08:42
1657530525393649000,96.2,1,96.0,1,96.3,5,1,2022-07-11 09:08:45
1657530527605741000,96.1,2,96.0,3,96.1,80,2,2022-07-11 09:08:47
1657530527638772000,96.0,3,95.9,3,96.1,80,2,2022-07-11 09:08:47
1657530527714102000,95.9,2,95.8,3,96.0,8,2,2022-07-11 09:08:47
1657530528041043000,96.0,1,95.8,3,96.0,8,1,2022-07-11 09:08:48
1657530532840046000,95.8,2,95.8,1,96.0,7,2,2022-07-11 09:08:52
1657530532867975000,95.8,1,95.7,6,96.0,7,2,2022-07-11 09:08:52
1657530533789926000,95.9,1,95.7,6,96.0,9,2,2022-07-11 09:08:53
1657530535205554000,95.9,1,95.8,1,96.0,9,2,2022-07-11 09:08:55
1657530536344376000,95.9,1,95.8,1,96.0,9,2,2022-07-11 09:08:56
1657530537736462000,96.0,1,95.8,1,96.0,8,1,2022-07-11 09:08:57
1657530538324884000,95.9,1,95.8,1,96.0,9,2,2022-07-11 09:08:58
1657530538460544000,96.0,2,95.8,1,96.0,7,1,2022-07-11 09:08:58
1657530542528662000,95.8,3,95.7,3,95.8,2,2,2022-07-11 09:09:02
1657530542947321000,95.8,2,95.8,6,95.9,5,1,2022-07-11 09:09:02
1657530543016247000,95.8,1,95.8,5,95.9,5,2,2022-07-11 09:09:03
1657530543070927000,95.8,5,95.7,3,95.9,5,2,2022-07-11 09:09:03
1657530545234968000,95.9,1,95.7,3,95.9,5,1,2022-07-11 09:09:05
1657530546037439000,95.8,1,95.7,3,95.9,5,2,2022-07-11 09:09:06
1657530548595238000,95.9,1,95.7,4,95.9,4,1,2022-07-11 09:09:08
1657530549425865000,95.8,2,95.7,4,95.8,8,1,2022-07-11 09:09:09
1657530552945070000,95.8,8,95.7,5,95.9,5,1,2022-07-11 09:09:12
1657530553249513000,95.8,1,95.7,4,95.9,5,1,2022-07-11 09:09:13
1657530555220757000,95.9,2,95.8,2,95.9,3,1,2022-07-11 09:09:15
1657530555330671000,95.9,1,95.8,2,95.9,3,1,2022-07-11 09:09:15
1657530559300954000,95.9,1,95.8,3,95.9,4,1,2022-07-11 09:09:19
1657530559581327000,95.9,2,95.8,3,95.9,1,1,2022-07-11 09:09:19
1657530560822874000,95.9,1,95.8,1,96.0,11,1,2022-07-11 09:09:20
1657530562518988000,96.0,5,95.8,1,96.0,6,1,2022-07-11 09:09:22
1657530568789257000,96.0,2,95.9,2,96.0,6,1,2022-07-11 09:09:28
1657530568970915000,96.0,1,95.9,2,96.0,5,1,2022-07-11 09:09:28
1657530569391125000,96.0,1,95.9,2,96.0,4,1,2022-07-11 09:09:29
1657530569422158000,96.0,4,95.9,2,96.1,80,1,2022-07-11 09:09:29
1657530570001980000,95.9,1,95.9,2,96.1,80,2,2022-07-11 09:09:30
1657530574909813000,96.1,1,96.0,2,96.1,80,1,2022-07-11 09:09:34
1657530576693006000,96.1,1,96.0,2,96.1,79,1,2022-07-11 09:09:36
1657530583145081000,96.1,1,96.0,3,96.1,38,1,2022-07-11 09:09:43
1657530583288157000,96.1,1,96.0,3,96.1,37,1,2022-07-11 09:09:43
1657530584872254000,96.1,1,96.0,3,96.1,36,1,2022-07-11 09:09:44
1657530589396568000,96.1,1,96.0,4,96.1,35,1,2022-07-11 09:09:49
1657530592890331000,96.1,1,96.0,6,96.1,34,1,2022-07-11 09:09:52
1657530595430220000,96.1,1,96.0,6,96.1,33,1,2022-07-11 09:09:55
1657530596252551000,96.1,2,96.0,6,96.1,31,1,2022-07-11 09:09:56
1657530596646686000,96.0,1,96.0,5,96.1,31,2,2022-07-11 09:09:56
1657530597573828000,96.0,1,96.0,4,96.1,31,2,2022-07-11 09:09:57
1657530597611102000,96.0,1,96.0,3,96.1,31,2,2022-07-11 09:09:57
1657530597611131000,96.0,1,96.0,2,96.1,31,2,2022-07-11 09:09:57
1657530597611147000,96.0,1,96.0,1,96.1,31,2,2022-07-11 09:09:57
1657530597665149000,96.0,1,95.9,7,96.1,31,2,2022-07-11 09:09:57
1657530600718336000,96.0,2,95.9,6,96.1,31,1,2022-07-11 09:10:00
1657530600718336000,96.1,1,95.9,6,96.1,31,1,2022-07-11 09:10:00
1657530603132960000,96.0,4,96.0,1,96.1,31,1,2022-07-11 09:10:03
1657530608142524000,96.1,2,96.0,12,96.1,29,1,2022-07-11 09:10:08
1657530608555073000,96.0,1,96.0,11,96.1,29,2,2022-07-11 09:10:08
1657530608675424000,96.0,3,96.0,8,96.1,29,2,2022-07-11 09:10:08
1657530610105305000,96.0,1,96.0,7,96.1,29,2,2022-07-11 09:10:10
1657530610975411000,96.0,1,96.0,6,96.1,29,2,2022-07-11 09:10:10
1657530612157280000,96.1,1,96.0,7,96.1,28,1,2022-07-11 09:10:12
1657530614738027000,96.0,1,96.0,6,96.1,28,2,2022-07-11 09:10:14
1657530615183837000,96.0,2,96.0,4,96.1,28,2,2022-07-11 09:10:15
1657530616863461000,96.1,1,96.0,6,96.1,27,1,2022-07-11 09:10:16
1657530624410282000,96.1,1,96.0,18,96.1,26,1,2022-07-11 09:10:24
1657530628394404000,96.1,1,96.0,18,96.1,30,1,2022-07-11 09:10:28
1657530629409420000,96.1,1,96.0,19,96.1,29,1,2022-07-11 09:10:29
1657530630001870000,96.1,1,96.0,19,96.1,28,1,2022-07-11 09:10:30
1657530632750758000,96.1,1,96.0,21,96.1,27,1,2022-07-11 09:10:32
1657530640709444000,96.0,25,95.9,9,96.0,5,2,2022-07-11 09:10:40
1657530640744042000,95.9,9,95.8,9,96.0,5,2,2022-07-11 09:10:40
1657530640774715000,95.8,5,95.8,4,96.0,5,2,2022-07-11 09:10:40
1657530640776750000,95.8,4,95.7,3,96.0,5,2,2022-07-11 09:10:40
1657530641563525000,95.7,3,95.7,4,96.0,7,2,2022-07-11 09:10:41
1657530646672043000,95.7,1,95.6,14,95.9,2,2,2022-07-11 09:10:46
1657530646672043000,95.6,13,95.6,14,95.9,2,2,2022-07-11 09:10:46
1657530648974269000,95.7,1,95.6,14,95.8,1,2,2022-07-11 09:10:48
1657530650354808000,95.7,1,95.7,1,95.8,7,2,2022-07-11 09:10:50
1657530651009210000,95.7,1,95.6,14,95.8,7,2,2022-07-11 09:10:51
1657530651876526000,95.7,5,95.6,14,95.8,7,2,2022-07-11 09:10:51
1657530652521333000,95.7,1,95.7,1,95.8,8,2,2022-07-11 09:10:52
1657530654836578000,95.6,5,95.6,11,95.8,8,2,2022-07-11 09:10:54
1657530657374486000,95.7,1,95.7,4,95.8,10,1,2022-07-11 09:10:57
1657530658269600000,95.8,1,95.7,4,95.8,9,1,2022-07-11 09:10:58
1657530660051516000,95.7,4,95.4,8,95.8,9,2,2022-07-11 09:11:00
1657530660051516000,95.6,11,95.4,8,95.8,9,2,2022-07-11 09:11:00
1657530660051516000,95.5,20,95.4,8,95.8,9,2,2022-07-11 09:11:00
1657530660051516000,95.4,5,95.4,8,95.8,9,2,2022-07-11 09:11:00
1657530662142664000,95.6,1,95.5,1,95.6,2,1,2022-07-11 09:11:02
1657530673747763000,95.6,6,95.5,12,95.6,3,1,2022-07-11 09:11:13
1657530673791232000,95.5,1,95.5,11,95.6,3,2,2022-07-11 09:11:13
1657530673823616000,95.6,2,95.5,11,95.6,1,1,2022-07-11 09:11:13
1657530674420453000,95.6,1,95.5,11,95.7,1,1,2022-07-11 09:11:14
1657530676588301000,95.7,1,95.6,13,95.8,6,1,2022-07-11 09:11:16
1657530681413396000,95.6,2,95.6,21,95.8,5,2,2022-07-11 09:11:21
1657530685707018000,95.6,1,95.6,22,95.7,3,2,2022-07-11 09:11:25
1657530686761914000,95.6,20,95.6,1,95.7,3,2,2022-07-11 09:11:26
1657530686787478000,95.6,1,95.5,11,95.7,3,2,2022-07-11 09:11:26
1657530686787686000,95.5,7,95.5,4,95.7,3,2,2022-07-11 09:11:26
1657530688189767000,95.6,1,95.5,4,95.6,1,1,2022-07-11 09:11:28
1657530689276930000,95.6,1,95.5,4,95.7,3,1,2022-07-11 09:11:29
1657530690440720000,95.7,1,95.5,4,95.7,3,1,2022-07-11 09:11:30
1657530703338947000,95.7,1,95.6,2,95.7,6,1,2022-07-11 09:11:43
1657530703817381000,95.6,2,95.5,5,95.7,6,2,2022-07-11 09:11:43
1657530715347022000,95.6,1,95.6,5,95.7,8,2,2022-07-11 09:11:55
1657530716617428000,95.7,1,95.6,5,95.7,7,1,2022-07-11 09:11:56
1657530719566156000,95.6,2,95.6,3,95.7,7,2,2022-07-11 09:11:59
1657530724805939000,95.7,1,95.6,7,95.7,8,1,2022-07-11 09:12:04
1657530741720870000,95.7,1,95.6,13,95.7,10,1,2022-07-11 09:12:21
1657530741969244000,95.6,1,95.6,12,95.7,15,2,2022-07-11 09:12:21
1657530743647793000,95.7,1,95.6,12,95.7,14,1,2022-07-11 09:12:23
1657530749943763000,95.6,1,95.6,11,95.7,14,2,2022-07-11 09:12:29
1657530749984171000,95.6,1,95.6,10,95.7,14,2,2022-07-11 09:12:29
1657530750637321000,95.7,10,95.6,10,95.7,4,1,2022-07-11 09:12:30
1657530750776820000,95.7,2,95.6,10,95.7,2,1,2022-07-11 09:12:30
1657530751821126000,95.7,2,95.6,10,95.7,1,1,2022-07-11 09:12:31
1657530751846222000,95.7,1,95.6,10,95.8,2,1,2022-07-11 09:12:31
1657530754651341000,95.7,1,95.7,16,95.8,2,2,2022-07-11 09:12:34
1657530757116895000,95.8,1,95.7,22,95.8,1,1,2022-07-11 09:12:37
1657530757273654000,95.8,1,95.7,22,95.9,2,1,2022-07-11 09:12:37
1657530762306406000,95.8,1,95.8,3,95.9,2,2,2022-07-11 09:12:42
1657530789793585000,95.9,1,95.8,6,95.9,3,1,2022-07-11 09:13:09
1657530795937163000,95.9,1,95.8,10,95.9,2,1,2022-07-11 09:13:15
1657530798906374000,95.9,2,95.8,11,96.0,11,1,2022-07-11 09:13:18
1657530804093980000,96.0,5,95.9,6,96.0,6,1,2022-07-11 09:13:24
1657530804110225000,96.0,6,95.9,6,96.1,39,1,2022-07-11 09:13:24
1657530804506268000,96.0,2,96.0,10,96.1,39,2,2022-07-11 09:13:24
1657530812525958000,96.0,2,96.0,10,96.1,40,2,2022-07-11 09:13:32
1657530819240290000,96.1,1,96.0,10,96.1,39,1,2022-07-11 09:13:39
1657530832548407000,96.0,1,96.0,13,96.1,39,2,2022-07-11 09:13:52
1657530837717138000,96.1,1,96.0,13,96.1,39,1,2022-07-11 09:13:57
1657530838116929000,96.0,4,96.0,9,96.1,39,2,2022-07-11 09:13:58
1657530838540239000,96.0,1,96.0,13,96.1,39,2,2022-07-11 09:13:58
1657530839759496000,96.0,1,96.0,12,96.1,39,2,2022-07-11 09:13:59
1657530840658280000,96.0,1,96.0,31,96.1,39,2,2022-07-11 09:14:00
1657530840736761000,96.1,9,96.0,32,96.1,39,1,2022-07-11 09:14:00
1657530840880736000,96.1,6,96.0,32,96.1,24,1,2022-07-11 09:14:00
1657530840914679000,96.1,2,96.0,32,96.1,22,1,2022-07-11 09:14:00
1657530840915608000,96.1,10,96.0,32,96.1,12,1,2022-07-11 09:14:00
1657530840916066000,96.1,12,96.0,32,96.2,17,1,2022-07-11 09:14:00
1657530841024379000,96.2,3,96.0,32,96.2,14,1,2022-07-11 09:14:01
1657530844426528000,96.0,1,96.0,36,96.2,15,2,2022-07-11 09:14:04
1657530848125650000,96.1,1,96.1,3,96.2,15,2,2022-07-11 09:14:08
1657530848512689000,96.2,1,96.1,3,96.2,14,1,2022-07-11 09:14:08
1657530848904160000,96.1,3,96.0,39,96.1,7,2,2022-07-11 09:14:08
1657530849034097000,96.1,1,96.0,39,96.1,6,1,2022-07-11 09:14:09
1657530849966636000,96.1,1,96.0,40,96.1,5,1,2022-07-11 09:14:09
1657530850005899000,96.1,3,96.0,40,96.1,2,1,2022-07-11 09:14:10
1657530851139037000,96.0,10,96.0,30,96.1,2,2,2022-07-11 09:14:11
1657530851180215000,96.0,1,96.0,29,96.1,2,2,2022-07-11 09:14:11
1657530851859364000,96.1,2,96.0,29,96.2,13,1,2022-07-11 09:14:11
1657530852789699000,96.1,1,96.0,28,96.1,1,1,2022-07-11 09:14:12
1657530855735994000,96.2,14,96.0,43,96.2,14,1,2022-07-11 09:14:15
1657530856473418000,96.1,1,96.1,5,96.3,12,2,2022-07-11 09:14:16
1657530857613139000,96.1,2,96.1,3,96.3,12,2,2022-07-11 09:14:17
1657530858209416000,96.3,10,96.0,45,96.3,2,1,2022-07-11 09:14:18
1657530858241287000,96.3,2,96.0,46,96.4,27,1,2022-07-11 09:14:18
1657530858608986000,96.4,1,96.1,5,96.4,25,1,2022-07-11 09:14:18
1657530858617574000,96.4,1,96.1,5,96.4,24,1,2022-07-11 09:14:18
1657530858631595000,96.4,1,96.1,5,96.4,26,1,2022-07-11 09:14:18
1657530860102202000,96.1,1,96.1,4,96.4,25,2,2022-07-11 09:14:20
1657530860192280000,96.1,2,96.1,4,96.2,10,2,2022-07-11 09:14:20
1657530864141694000,96.2,7,96.1,13,96.2,4,1,2022-07-11 09:14:24
1657530864177607000,96.2,4,96.1,13,96.4,25,1,2022-07-11 09:14:24
1657530865387732000,96.4,2,96.1,21,96.4,23,1,2022-07-11 09:14:25
1657530865654230000,96.4,23,96.3,6,96.5,12,1,2022-07-11 09:14:25
1657530866005182000,96.5,3,96.3,11,96.5,9,1,2022-07-11 09:14:26
1657530866046015000,96.5,9,96.3,11,96.6,12,1,2022-07-11 09:14:26
1657530866172211000,96.6,1,96.3,11,96.6,11,1,2022-07-11 09:14:26
1657530867142366000,96.3,2,96.3,11,96.6,11,2,2022-07-11 09:14:27
1657530867257470000,96.3,3,96.3,8,96.6,11,2,2022-07-11 09:14:27
1657530871669161000,96.5,1,96.4,5,96.5,1,1,2022-07-11 09:14:31
1657530871852593000,96.5,1,96.4,5,96.6,11,1,2022-07-11 09:14:31
1657530875902051000,96.5,1,96.4,5,96.5,11,1,2022-07-11 09:14:35
1657530875919557000,96.5,1,96.4,5,96.5,10,1,2022-07-11 09:14:35
1657530877750131000,96.5,10,96.4,5,96.5,3,1,2022-07-11 09:14:37
1657530877768201000,96.5,3,96.4,6,96.6,15,1,2022-07-11 09:14:37
1657530878182973000,96.5,1,96.4,7,96.6,15,1,2022-07-11 09:14:38
1657530878981526000,96.6,4,96.4,7,96.6,11,1,2022-07-11 09:14:38
1657530883964656000,96.6,1,96.5,11,96.6,10,1,2022-07-11 09:14:43
1657530883966650000,96.6,1,96.5,11,96.6,9,1,2022-07-11 09:14:43
1657530884020307000,96.6,9,96.5,21,96.7,13,1,2022-07-11 09:14:44
1657530885534706000,96.7,1,96.6,4,96.7,12,1,2022-07-11 09:14:45
1657530886432235000,96.6,2,96.6,3,96.7,13,2,2022-07-11 09:14:46
1657530889136115000,96.7,1,96.6,18,96.7,13,1,2022-07-11 09:14:49
1657530889360855000,96.6,10,96.6,8,96.7,13,2,2022-07-11 09:14:49
1657530889467095000,96.6,8,96.5,22,96.7,13,2,2022-07-11 09:14:49
1657530889467095000,96.5,2,96.5,22,96.7,13,2,2022-07-11 09:14:49
1657530890495442000,96.7,1,96.6,1,96.7,13,1,2022-07-11 09:14:50
1657530890530918000,96.7,1,96.6,1,96.7,12,1,2022-07-11 09:14:50
1657530890874618000,96.6,1,96.5,23,96.7,12,2,2022-07-11 09:14:50
1657530891936643000,96.5,1,96.5,21,96.6,15,2,2022-07-11 09:14:51
1657530892926818000,96.5,2,96.5,21,96.6,18,2,2022-07-11 09:14:52
1657530893080453000,96.6,1,96.5,21,96.6,17,1,2022-07-11 09:14:53
1657530894369502000,96.5,1,96.5,20,96.6,22,2,2022-07-11 09:14:54
1657530894534033000,96.6,1,96.5,20,96.6,22,1,2022-07-11 09:14:54
1657530894586816000,96.6,1,96.5,20,96.6,21,1,2022-07-11 09:14:54
1657530894645019000,96.5,2,96.5,20,96.6,23,2,2022-07-11 09:14:54
1657530894939351000,96.6,1,96.5,18,96.6,21,1,2022-07-11 09:14:54
1657530894946009000,96.5,1,96.5,17,96.6,21,2,2022-07-11 09:14:54
1657530894979914000,96.5,1,96.5,18,96.6,22,2,2022-07-11 09:14:54
1657530895720863000,96.5,6,96.5,12,96.6,21,2,2022-07-11 09:14:55
1657530895844644000,96.5,1,96.5,12,96.6,20,2,2022-07-11 09:14:55
1657530896263043000,96.5,1,96.5,11,96.6,22,2,2022-07-11 09:14:56
1657530896502796000,96.5,10,96.4,7,96.6,22,2,2022-07-11 09:14:56
1657530897551108000,96.4,3,96.4,4,96.5,29,2,2022-07-11 09:14:57
1657530897577169000,96.4,4,96.3,16,96.5,29,2,2022-07-11 09:14:57
1657530897846658000,96.3,2,96.3,16,96.4,11,2,2022-07-11 09:14:57
1657530897875338000,96.3,1,96.3,13,96.4,11,2,2022-07-11 09:14:57
1657530897898333000,96.3,1,96.3,12,96.4,11,2,2022-07-11 09:14:57
1657530897940043000,96.3,1,96.3,11,96.4,11,2,2022-07-11 09:14:57
1657530897958748000,96.3,1,96.3,10,96.4,11,2,2022-07-11 09:14:57
1657530898371182000,96.4,1,96.3,10,96.4,10,1,2022-07-11 09:14:58
1657530898543782000,96.4,1,96.3,10,96.4,9,1,2022-07-11 09:14:58
1657530899369041000,96.3,1,96.3,9,96.4,9,2,2022-07-11 09:14:59
1657530900431955000,96.4,1,96.3,9,96.4,8,1,2022-07-11 09:15:00
1657530901777581000,96.4,1,96.3,9,96.4,1,1,2022-07-11 09:15:01
1657530901930548000,96.3,4,96.3,5,96.5,26,2,2022-07-11 09:15:01
1657530901970238000,96.3,3,96.3,2,96.5,26,2,2022-07-11 09:15:01
1657530902381747000,96.4,1,96.3,2,96.5,25,1,2022-07-11 09:15:02
1657530902381747000,96.5,1,96.3,2,96.5,25,1,2022-07-11 09:15:02
1657530903873534000,96.3,1,96.3,1,96.4,6,2,2022-07-11 09:15:03
1657530903911249000,96.3,1,96.2,12,96.4,6,2,2022-07-11 09:15:03
1657530904327707000,96.3,10,96.2,12,96.4,6,2,2022-07-11 09:15:04
1657530905065641000,96.4,5,96.2,12,96.4,3,1,2022-07-11 09:15:05
1657530907734795000,96.3,2,96.2,12,96.3,3,2,2022-07-11 09:15:07
1657530908347909000,96.3,1,96.2,12,96.3,2,1,2022-07-11 09:15:08
1657530909516176000,96.3,1,96.2,12,96.3,2,1,2022-07-11 09:15:09
1657530911319559000,96.3,1,96.2,12,96.3,1,1,2022-07-11 09:15:11
1657530912374359000,96.3,1,96.2,12,96.3,2,1,2022-07-11 09:15:12
1657530912872913000,96.2,12,96.1,22,96.3,2,2,2022-07-11 09:15:12
1657530914307727000,96.2,2,96.1,21,96.2,4,1,2022-07-11 09:15:14
1657530914360655000,96.2,1,96.1,21,96.2,6,1,2022-07-11 09:15:14
1657530914399543000,96.1,1,96.1,20,96.2,3,2,2022-07-11 09:15:14
1657530914417491000,96.1,1,96.1,19,96.2,3,2,2022-07-11 09:15:14
1657530915001812000,96.2,1,96.1,19,96.2,2,1,2022-07-11 09:15:15
1657530916625995000,96.2,1,96.1,18,96.2,1,1,2022-07-11 09:15:16
1657530916651268000,96.2,1,96.1,18,96.3,7,1,2022-07-11 09:15:16
1657530919057238000,96.2,1,96.1,15,96.2,2,1,2022-07-11 09:15:19
1657530919334397000,96.2,1,96.1,15,96.2,3,1,2022-07-11 09:15:19
1657530919839742000,96.2,2,96.1,15,96.3,7,1,2022-07-11 09:15:19
1657530919839742000,96.3,1,96.1,15,96.3,7,1,2022-07-11 09:15:19
1657530920547564000,96.2,1,96.2,1,96.3,8,2,2022-07-11 09:15:20
1657530920574205000,96.2,1,96.1,15,96.3,8,2,2022-07-11 09:15:20
1657530922885488000,96.1,1,96.1,14,96.2,1,2,2022-07-11 09:15:22
1657530924552854000,96.2,1,96.1,16,96.3,8,1,2022-07-11 09:15:24
1657530926207595000,96.3,1,96.1,16,96.3,9,1,2022-07-11 09:15:26
1657530928677272000,96.2,1,96.2,2,96.3,9,2,2022-07-11 09:15:28
1657530932403350000,96.3,4,96.2,6,96.3,5,1,2022-07-11 09:15:32
1657530933399525000,96.3,5,96.2,8,96.4,4,1,2022-07-11 09:15:33
1657530936822135000,96.3,1,96.2,8,96.4,4,1,2022-07-11 09:15:36
1657530939634703000,96.3,1,96.2,9,96.4,5,2,2022-07-11 09:15:39
1657530939665714000,96.2,9,96.1,26,96.4,5,2,2022-07-11 09:15:39
1657530951277745000,96.2,1,96.2,45,96.3,2,2,2022-07-11 09:15:51
1657530952010334000,96.2,35,96.2,10,96.3,3,2,2022-07-11 09:15:52
1657530952010381000,96.2,1,96.2,9,96.3,3,2,2022-07-11 09:15:52
1657530952042614000,96.2,9,96.1,26,96.3,3,2,2022-07-11 09:15:52
1657530952837146000,96.1,3,96.1,23,96.2,3,2,2022-07-11 09:15:52
1657530954589117000,96.1,1,96.1,22,96.2,9,2,2022-07-11 09:15:54
1657530954635451000,96.1,1,96.1,21,96.2,9,2,2022-07-11 09:15:54
1657530954658656000,96.1,7,96.1,14,96.2,9,2,2022-07-11 09:15:54
1657530954705253000,96.1,1,96.1,13,96.2,9,2,2022-07-11 09:15:54
1657530954731903000,96.1,13,96.0,33,96.2,9,2,2022-07-11 09:15:54
1657530955350700000,96.1,1,96.0,32,96.1,5,1,2022-07-11 09:15:55
1657530955443098000,96.0,1,96.0,31,96.1,1,2,2022-07-11 09:15:55
1657530955856368000,96.0,4,96.0,27,96.1,2,2,2022-07-11 09:15:55
1657530957942308000,96.0,2,96.0,27,96.1,6,2,2022-07-11 09:15:57
1657530958905827000,96.0,1,96.0,24,96.1,6,2,2022-07-11 09:15:58
1657530959963265000,96.0,1,96.0,23,96.1,7,2,2022-07-11 09:15:59
1657530960054783000,96.0,2,96.0,21,96.1,7,2,2022-07-11 09:16:00
1657530960889897000,96.0,1,96.0,19,96.1,7,2,2022-07-11 09:16:00
1657530961957209000,96.0,1,96.0,19,96.1,7,2,2022-07-11 09:16:01
1657530962017210000,96.0,1,96.0,18,96.1,7,2,2022-07-11 09:16:02
1657530963938988000,96.0,2,96.0,17,96.1,7,2,2022-07-11 09:16:03
1657530964635729000,96.0,10,96.0,7,96.1,7,2,2022-07-11 09:16:04
1657530964963857000,96.0,1,96.0,16,96.1,9,2,2022-07-11 09:16:04
1657530965027619000,96.0,1,96.0,16,96.1,9,2,2022-07-11 09:16:05
1657530965930142000,96.0,1,96.0,14,96.1,9,2,2022-07-11 09:16:05
1657530965963162000,96.0,1,96.0,13,96.1,9,2,2022-07-11 09:16:05
1657530966551047000,96.0,1,96.0,12,96.1,9,2,2022-07-11 09:16:06
1657530968123498000,96.0,1,96.0,11,96.1,9,2,2022-07-11 09:16:08
1657530968947084000,96.0,1,96.0,10,96.1,9,2,2022-07-11 09:16:08
1657530979450183000,96.0,3,96.0,10,96.1,8,2,2022-07-11 09:16:19
1657530995790083000,96.1,1,96.0,25,96.1,10,1,2022-07-11 09:16:35
1657530995817144000,96.1,10,96.0,25,96.2,9,1,2022-07-11 09:16:35
1657530997303533000,96.2,2,96.1,12,96.2,5,1,2022-07-11 09:16:37
1657531002215315000,96.2,5,96.1,15,96.2,1,1,2022-07-11 09:16:42
1657531004809979000,96.2,1,96.1,15,96.3,8,1,2022-07-11 09:16:44
1657531018903785000,96.2,1,96.1,17,96.3,7,1,2022-07-11 09:16:58
1657531025096085000,96.2,2,96.1,20,96.2,2,1,2022-07-11 09:17:05
1657531025194395000,96.2,2,96.1,20,96.3,7,1,2022-07-11 09:17:05
1657531025232024000,96.3,7,96.1,20,96.4,7,1,2022-07-11 09:17:05
1657531029060876000,96.4,8,96.3,13,96.5,10,1,2022-07-11 09:17:09
1657531029224976000,96.5,7,96.3,13,96.5,3,1,2022-07-11 09:17:09
1657531029323055000,96.5,2,96.4,3,96.5,1,1,2022-07-11 09:17:09
1657531029346261000,96.5,1,96.4,3,96.6,22,1,2022-07-11 09:17:09
1657531032167870000,96.4,3,96.4,12,96.6,22,2,2022-07-11 09:17:12
1657531033042884000,96.6,1,96.4,12,96.6,21,1,2022-07-11 09:17:13
1657531033083256000,96.6,1,96.4,12,96.6,20,1,2022-07-11 09:17:13
1657531033282081000,96.6,1,96.5,3,96.6,19,1,2022-07-11 09:17:13
1657531033375898000,96.6,12,96.4,5,96.6,7,1,2022-07-11 09:17:13
1657531033483949000,96.6,2,96.4,5,96.6,7,1,2022-07-11 09:17:13
1657531034385881000,96.4,1,96.4,4,96.5,2,2,2022-07-11 09:17:14
1657531035249493000,96.5,1,96.4,2,96.5,1,1,2022-07-11 09:17:15
1657531036423154000,96.4,1,96.4,1,96.5,1,2,2022-07-11 09:17:16
1657531036593838000,96.5,1,96.4,1,96.5,2,1,2022-07-11 09:17:16
1657531036727916000,96.5,1,96.5,2,96.6,7,1,2022-07-11 09:17:16
1657531036845448000,96.6,4,96.5,2,96.6,3,1,2022-07-11 09:17:16
1657531036908946000,96.6,2,96.5,2,96.6,1,1,2022-07-11 09:17:16
1657531036949562000,96.6,1,96.5,5,96.7,18,1,2022-07-11 09:17:16
1657531037066535000,96.7,12,96.5,5,96.7,6,1,2022-07-11 09:17:17
1657531037164054000,96.7,1,96.5,5,96.7,7,1,2022-07-11 09:17:17
1657531037320318000,96.7,3,96.5,5,96.7,2,1,2022-07-11 09:17:17
1657531037421667000,96.7,1,96.5,5,96.7,1,1,2022-07-11 09:17:17
1657531037453383000,96.7,1,96.5,5,96.8,14,1,2022-07-11 09:17:17
1657531037956717000,96.8,3,96.5,5,96.8,11,1,2022-07-11 09:17:17
1657531038138736000,96.7,1,96.5,5,96.8,11,1,2022-07-11 09:17:18
1657531038147919000,96.8,1,96.5,5,96.8,10,1,2022-07-11 09:17:18
1657531038155755000,96.8,1,96.5,5,96.7,1,1,2022-07-11 09:17:18
1657531038219923000,96.8,1,96.5,5,96.8,8,1,2022-07-11 09:17:18
1657531038232953000,96.8,1,96.5,5,96.8,7,1,2022-07-11 09:17:18
1657531038298643000,96.6,10,96.5,5,96.8,7,1,2022-07-11 09:17:18
1657531038328728000,96.8,1,96.5,5,96.8,6,1,2022-07-11 09:17:18
1657531038419600000,96.8,1,96.5,5,96.8,6,1,2022-07-11 09:17:18
1657531038456594000,96.8,2,96.5,5,96.8,4,1,2022-07-11 09:17:18
1657531041939841000,96.7,1,96.5,6,96.8,5,1,2022-07-11 09:17:21
1657531042091353000,96.8,1,96.5,11,96.8,4,1,2022-07-11 09:17:22
1657531042855607000,96.8,1,96.7,1,96.8,4,1,2022-07-11 09:17:22
1657531043369676000,96.8,1,96.7,1,96.8,3,1,2022-07-11 09:17:23
1657531043454768000,96.7,1,96.5,11,96.8,18,2,2022-07-11 09:17:23
1657531045558879000,96.6,1,96.6,1,96.8,18,2,2022-07-11 09:17:25
1657531050426334000,96.7,1,96.6,2,96.7,1,1,2022-07-11 09:17:30
1657531054961965000,96.7,1,96.6,6,96.7,9,1,2022-07-11 09:17:34
1657531056314191000,96.7,1,96.6,8,96.7,9,1,2022-07-11 09:17:36
1657531056345745000,96.7,2,96.6,8,96.7,7,1,2022-07-11 09:17:36
1657531057718807000,96.6,1,96.6,7,96.7,8,2,2022-07-11 09:17:37
1657531059138175000,96.6,1,96.6,6,96.7,10,2,2022-07-11 09:17:39
1657531059379462000,96.7,2,96.6,6,96.7,8,1,2022-07-11 09:17:39
1657531062467474000,96.6,1,96.6,10,96.7,9,2,2022-07-11 09:17:42
1657531064674220000,96.7,1,96.6,10,96.7,11,1,2022-07-11 09:17:44
1657531064732128000,96.7,1,96.6,10,96.7,10,1,2022-07-11 09:17:44
1657531065196662000,96.7,1,96.6,10,96.7,9,1,2022-07-11 09:17:45
1657531067980733000,96.7,1,96.6,11,96.7,9,1,2022-07-11 09:17:47
1657531068584322000,96.7,4,96.6,11,96.7,9,1,2022-07-11 09:17:48
1657531068948597000,96.7,2,96.6,11,96.7,5,1,2022-07-11 09:17:48
1657531072402561000,96.7,1,96.6,11,96.7,2,1,2022-07-11 09:17:52
1657531076483312000,96.6,13,96.4,3,96.7,2,2,2022-07-11 09:17:56
1657531076483312000,96.5,3,96.4,3,96.7,2,2,2022-07-11 09:17:56
1657531076483312000,96.4,11,96.4,3,96.7,2,2,2022-07-11 09:17:56
1657531077713989000,96.4,1,96.4,2,96.6,1,2,2022-07-11 09:17:57
1657531078173440000,96.5,1,96.4,2,96.7,10,1,2022-07-11 09:17:58
1657531078173440000,96.6,2,96.4,2,96.7,10,1,2022-07-11 09:17:58
1657531078173440000,96.7,2,96.4,2,96.7,10,1,2022-07-11 09:17:58
1657531080608345000,96.6,1,96.4,2,96.7,12,2,2022-07-11 09:18:00
1657531080702844000,96.4,2,96.2,13,96.7,12,2,2022-07-11 09:18:00
1657531082266391000,96.4,1,96.2,10,96.6,5,2,2022-07-11 09:18:02
1657531089652958000,96.4,1,96.3,10,96.4,4,1,2022-07-11 09:18:09
1657531092096600000,96.4,5,96.4,5,96.6,11,1,2022-07-11 09:18:12
1657531094156729000,96.4,1,96.4,4,96.5,3,2,2022-07-11 09:18:14
1657531095333366000,96.4,3,96.4,1,96.5,4,2,2022-07-11 09:18:15
1657531095363228000,96.4,1,96.3,13,96.5,4,2,2022-07-11 09:18:15
1657531096635197000,96.4,1,96.4,1,96.5,4,1,2022-07-11 09:18:16
1657531097800296000,96.4,1,96.3,13,96.5,5,2,2022-07-11 09:18:17
1657531101089751000,96.3,1,96.3,23,96.5,32,2,2022-07-11 09:18:21
1657531101121271000,96.3,23,96.2,11,96.5,32,2,2022-07-11 09:18:21
1657531101945901000,96.2,1,96.2,10,96.4,4,2,2022-07-11 09:18:21
1657531102037842000,96.2,10,96.1,15,96.4,8,2,2022-07-11 09:18:22
1657531103172485000,96.3,1,96.1,15,96.3,2,1,2022-07-11 09:18:23
1657531103981179000,96.1,2,96.1,13,96.3,2,2,2022-07-11 09:18:23
1657531104285262000,96.1,1,96.1,12,96.3,4,2,2022-07-11 09:18:24
1657531105084573000,96.3,1,96.1,12,96.3,4,1,2022-07-11 09:18:25
1657531106211840000,96.3,1,96.1,12,96.3,5,1,2022-07-11 09:18:26
1657531107531000000,96.1,2,96.1,8,96.3,7,2,2022-07-11 09:18:27
1657531111338236000,96.2,1,96.1,9,96.3,10,2,2022-07-11 09:18:31
1657531118634082000,96.3,1,96.1,25,96.3,9,1,2022-07-11 09:18:38
1657531119783694000,96.1,21,96.0,58,96.3,9,2,2022-07-11 09:18:39
1657531119783694000,96.0,4,96.0,58,96.3,9,2,2022-07-11 09:18:39
1657531120108038000,96.0,2,96.0,58,96.2,3,2,2022-07-11 09:18:40
1657531122760949000,96.0,38,96.0,18,96.1,7,2,2022-07-11 09:18:42
1657531122789860000,96.0,10,96.0,8,96.1,7,2,2022-07-11 09:18:42
1657531122790150000,96.0,2,96.0,6,96.1,7,2,2022-07-11 09:18:42
1657531122808945000,96.0,1,96.0,5,96.1,9,2,2022-07-11 09:18:42
1657531122812488000,96.0,3,96.0,2,96.1,9,2,2022-07-11 09:18:42
1657531122813750000,96.0,2,95.9,9,96.1,9,2,2022-07-11 09:18:42
1657531122819219000,96.0,1,96.0,6,96.1,9,2,2022-07-11 09:18:42
1657531122834162000,96.0,1,96.0,5,96.1,9,2,2022-07-11 09:18:42
1657531122843197000,96.0,1,96.0,4,96.1,9,2,2022-07-11 09:18:42
1657531122843290000,96.0,1,96.0,3,96.1,9,2,2022-07-11 09:18:42
1657531122843426000,96.0,3,95.9,5,96.1,9,2,2022-07-11 09:18:42
1657531122843426000,95.9,4,95.9,5,96.1,9,2,2022-07-11 09:18:42
1657531122843521000,95.9,5,95.8,21,95.9,2,2,2022-07-11 09:18:42
1657531124154590000,95.8,5,95.8,21,95.9,5,2,2022-07-11 09:18:44
1657531124176923000,95.8,1,95.8,15,95.9,6,2,2022-07-11 09:18:44
1657531124360394000,95.8,1,95.8,14,95.9,15,2,2022-07-11 09:18:44
1657531124952363000,95.9,2,95.8,15,95.9,13,1,2022-07-11 09:18:44
1657531125019729000,95.8,1,95.8,14,95.9,13,2,2022-07-11 09:18:45
1657531126090832000,95.8,1,95.8,13,95.9,13,2,2022-07-11 09:18:46
1657531128158136000,95.8,2,95.8,11,95.9,14,2,2022-07-11 09:18:48
1657531131133805000,95.8,1,95.8,13,95.9,13,2,2022-07-11 09:18:51
1657531139059237000,95.9,1,95.8,15,95.9,14,1,2022-07-11 09:18:59
1657531139997699000,95.9,1,95.8,15,95.9,13,1,2022-07-11 09:18:59
1657531145140909000,95.9,1,95.8,15,95.9,12,1,2022-07-11 09:19:05
1657531146595840000,95.9,12,95.8,15,96.0,2,1,2022-07-11 09:19:06
1657531146707644000,95.9,1,95.9,3,96.0,2,1,2022-07-11 09:19:06
1657531150879409000,96.0,3,95.9,3,96.0,3,1,2022-07-11 09:19:10
1657531152514983000,95.9,1,95.9,2,96.1,2,2,2022-07-11 09:19:12
1657531154005654000,96.1,1,96.0,2,96.1,1,1,2022-07-11 09:19:14
1657531159014156000,96.1,2,96.0,3,96.1,1,1,2022-07-11 09:19:19
1657531159926308000,96.1,1,96.0,3,96.2,19,1,2022-07-11 09:19:19
1657531166250553000,96.1,1,96.0,5,96.2,19,2,2022-07-11 09:19:26
1657531166386900000,96.1,1,96.0,5,96.1,1,1,2022-07-11 09:19:26
1657531174536626000,96.0,1,96.0,12,96.2,15,2,2022-07-11 09:19:34
1657531180455037000,96.1,1,96.1,1,96.2,16,2,2022-07-11 09:19:40
1657531181345517000,96.1,1,96.1,1,96.2,20,2,2022-07-11 09:19:41
1657531190259661000,96.0,1,96.0,17,96.1,10,2,2022-07-11 09:19:50
1657531190351853000,96.0,1,96.0,17,96.1,11,2,2022-07-11 09:19:50
1657531191264165000,96.0,1,96.0,15,96.1,11,2,2022-07-11 09:19:51
1657531192952458000,96.0,3,96.0,12,96.1,15,2,2022-07-11 09:19:52
1657531192975127000,96.0,12,95.9,20,96.1,15,2,2022-07-11 09:19:52
1657531197079000000,96.0,3,95.9,20,96.0,6,1,2022-07-11 09:19:57
1657531201358304000,96.0,2,95.9,20,96.0,3,1,2022-07-11 09:20:01
1657531202058810000,96.0,2,95.9,20,96.0,1,1,2022-07-11 09:20:02
1657531202344414000,96.0,1,95.9,20,96.0,2,1,2022-07-11 09:20:02
1657531208670790000,96.1,1,95.9,21,96.1,11,1,2022-07-11 09:20:08
1657531209275633000,96.0,1,95.9,21,96.1,11,2,2022-07-11 09:20:09
1657531210545273000,96.0,1,95.9,20,96.1,11,1,2022-07-11 09:20:10
1657531219413012000,96.1,3,96.0,2,96.1,9,1,2022-07-11 09:20:19
1657531219910998000,96.0,1,96.0,1,96.1,9,2,2022-07-11 09:20:19
1657531220102788000,96.1,4,96.0,62,96.1,6,1,2022-07-11 09:20:20
1657531220125897000,96.1,6,96.0,62,96.1,10,1,2022-07-11 09:20:20
1657531220201372000,96.0,1,96.0,67,96.2,17,2,2022-07-11 09:20:20
1657531220237589000,96.2,2,96.0,67,96.2,15,1,2022-07-11 09:20:20
1657531220429558000,96.2,8,96.0,67,96.2,8,1,2022-07-11 09:20:20
1657531220646615000,96.2,8,96.0,68,96.3,3,1,2022-07-11 09:20:20
1657531229262939000,96.3,1,96.1,1,96.3,1,1,2022-07-11 09:20:29
1657531230430936000,96.3,1,96.1,1,96.4,4,1,2022-07-11 09:20:30
1657531235198764000,96.3,3,96.1,32,96.4,3,1,2022-07-11 09:20:35
1657531242194479000,96.4,3,96.1,36,96.5,17,1,2022-07-11 09:20:42
1657531251949291000,96.3,1,96.2,2,96.5,19,1,2022-07-11 09:20:51
1657531252019136000,96.2,1,96.2,1,96.5,19,2,2022-07-11 09:20:52
1657531253235026000,96.3,1,96.2,53,96.5,19,1,2022-07-11 09:20:53
1657531253307422000,96.4,1,96.2,56,96.5,19,1,2022-07-11 09:20:53
1657531260235739000,96.5,19,96.4,3,96.6,7,1,2022-07-11 09:21:00
1657531262268433000,96.6,7,96.5,8,96.6,7,1,2022-07-11 09:21:02
1657531262514718000,96.6,1,96.5,12,96.7,21,1,2022-07-11 09:21:02
1657531265012869000,96.7,5,96.5,12,96.7,16,1,2022-07-11 09:21:05
1657531265048589000,96.7,16,96.5,12,96.8,23,1,2022-07-11 09:21:05
1657531267272889000,96.7,1,96.6,19,96.7,1,1,2022-07-11 09:21:07
1657531267342484000,96.8,13,96.6,19,96.8,10,1,2022-07-11 09:21:07
1657531267441972000,96.8,1,96.6,19,96.8,9,1,2022-07-11 09:21:07
1657531267477188000,96.8,4,96.6,19,96.8,5,1,2022-07-11 09:21:07
1657531267623144000,96.8,1,96.6,19,96.8,4,1,2022-07-11 09:21:07
1657531267876147000,96.8,4,96.6,19,96.9,15,1,2022-07-11 09:21:07
1657531267956437000,96.9,1,96.6,19,96.9,14,1,2022-07-11 09:21:07
1657531269924745000,96.9,6,96.8,4,96.9,9,1,2022-07-11 09:21:09
1657531269950847000,96.9,9,96.8,11,97.0,44,1,2022-07-11 09:21:09
1657531270022301000,97.0,1,96.8,11,97.0,44,1,2022-07-11 09:21:10
1657531270100688000,97.0,1,96.8,11,97.0,43,1,2022-07-11 09:21:10
1657531270978126000,96.8,2,96.8,10,96.9,1,2,2022-07-11 09:21:10
1657531270978821000,96.9,1,96.8,10,97.0,43,1,2022-07-11 09:21:10
1657531271239065000,96.9,1,96.8,10,96.9,1,1,2022-07-11 09:21:11
1657531271239065000,97.0,9,96.8,10,96.9,1,1,2022-07-11 09:21:11
1657531271334113000,97.0,1,96.8,10,97.0,33,1,2022-07-11 09:21:11
1657531271368063000,97.0,6,96.8,15,97.0,27,1,2022-07-11 09:21:11
1657531271401963000,97.0,11,96.8,15,97.0,16,1,2022-07-11 09:21:11
1657531271431611000,97.0,2,96.8,15,97.0,14,1,2022-07-11 09:21:11
1657531271432263000,97.0,6,96.8,15,97.0,8,1,2022-07-11 09:21:11
1657531271436970000,97.0,1,96.8,15,97.0,7,1,2022-07-11 09:21:11
1657531271466567000,97.0,7,96.8,15,97.1,16,1,2022-07-11 09:21:11
1657531271567468000,97.1,2,97.0,10,97.1,14,1,2022-07-11 09:21:11
1657531271630229000,97.1,3,97.0,10,97.1,11,1,2022-07-11 09:21:11
1657531271652248000,97.1,1,97.0,10,97.1,10,1,2022-07-11 09:21:11
1657531271670573000,97.1,4,97.0,10,97.1,6,1,2022-07-11 09:21:11
1657531271774014000,97.1,1,97.0,10,97.1,6,1,2022-07-11 09:21:11
1657531271899281000,97.1,1,97.0,10,97.1,4,1,2022-07-11 09:21:11
1657531271935224000,97.1,4,97.0,10,97.2,8,1,2022-07-11 09:21:11
1657531272103674000,97.2,1,97.0,10,97.2,7,1,2022-07-11 09:21:12
1657531272700645000,97.0,4,97.0,7,97.2,7,2,2022-07-11 09:21:12
1657531273169869000,97.2,1,97.0,7,97.2,6,1,2022-07-11 09:21:13
1657531274609850000,97.1,1,97.1,2,97.2,6,2,2022-07-11 09:21:14
1657531275389676000,97.1,1,97.1,2,97.2,6,2,2022-07-11 09:21:15
1657531275507097000,97.1,1,97.1,1,97.2,6,2,2022-07-11 09:21:15
1657531275660367000,97.1,1,97.1,1,97.2,7,2,2022-07-11 09:21:15
1657531276430251000,97.1,2,97.0,7,97.2,6,1,2022-07-11 09:21:16
1657531276430251000,97.2,1,97.0,7,97.2,6,1,2022-07-11 09:21:16
1657531277843229000,97.1,1,97.0,7,97.2,6,2,2022-07-11 09:21:17
1657531278231367000,97.1,1,97.0,9,97.2,6,2,2022-07-11 09:21:18
1657531279247464000,97.0,1,97.0,8,97.2,6,2,2022-07-11 09:21:19
1657531281617173000,97.1,1,97.0,8,97.2,5,1,2022-07-11 09:21:21
1657531281617173000,97.2,1,97.0,8,97.2,5,1,2022-07-11 09:21:21
1657531283334329000,97.0,2,97.0,6,97.1,1,2,2022-07-11 09:21:23
1657531283606891000,97.1,1,97.0,6,97.2,6,1,2022-07-11 09:21:23
1657531286787013000,97.1,2,97.0,7,97.2,9,2,2022-07-11 09:21:26
1657531286814766000,97.2,9,97.0,7,97.2,9,1,2022-07-11 09:21:26
1657531286814766000,97.3,1,97.0,7,97.2,9,1,2022-07-11 09:21:26
1657531286848194000,97.0,2,97.0,5,97.3,11,2,2022-07-11 09:21:26
1657531287610802000,97.1,1,97.1,2,97.3,11,2,2022-07-11 09:21:27
1657531287913623000,97.1,1,97.1,1,97.3,11,2,2022-07-11 09:21:27
1657531288810746000,97.1,1,97.0,5,97.1,9,2,2022-07-11 09:21:28
1657531290921905000,97.0,1,97.0,3,97.1,12,2,2022-07-11 09:21:30
1657531291130486000,97.1,1,97.0,3,97.1,11,1,2022-07-11 09:21:31
1657531291239883000,97.0,3,96.9,6,97.0,1,2,2022-07-11 09:21:31
1657531291320772000,97.0,1,96.9,6,97.1,11,1,2022-07-11 09:21:31
1657531291450823000,97.1,1,96.9,6,97.1,10,1,2022-07-11 09:21:31
1657531292992557000,97.0,2,96.9,5,97.1,2,1,2022-07-11 09:21:32
1657531292992557000,97.1,8,96.9,5,97.1,2,1,2022-07-11 09:21:32
1657531294312328000,96.9,1,96.9,5,97.0,1,2,2022-07-11 09:21:34
1657531295261284000,97.0,1,96.9,4,97.1,4,1,2022-07-11 09:21:35
1657531297818454000,97.0,1,97.0,2,97.1,22,2,2022-07-11 09:21:37
1657531300099575000,97.0,2,97.0,4,97.1,22,2,2022-07-11 09:21:40
1657531300139431000,97.0,1,97.0,3,97.1,22,2,2022-07-11 09:21:40
1657531300140323000,97.0,1,97.0,2,97.1,22,2,2022-07-11 09:21:40
1657531300641110000,97.0,2,96.9,11,97.0,13,2,2022-07-11 09:21:40
1657531300773055000,96.9,1,96.9,13,97.0,13,2,2022-07-11 09:21:40
1657531300804444000,96.9,1,96.9,14,97.0,13,2,2022-07-11 09:21:40
1657531301746822000,97.0,1,96.9,12,97.0,13,1,2022-07-11 09:21:41
1657531302829387000,96.9,3,96.9,9,97.0,18,2,2022-07-11 09:21:42
1657531303169051000,96.9,1,96.9,11,97.0,18,2,2022-07-11 09:21:43
1657531306463379000,96.9,1,96.9,12,97.0,28,2,2022-07-11 09:21:46
1657531307346298000,97.0,1,96.9,12,97.0,27,1,2022-07-11 09:21:47
1657531310859519000,96.9,4,96.9,9,97.0,30,2,2022-07-11 09:21:50
1657531310928587000,96.9,1,96.9,8,97.0,30,2,2022-07-11 09:21:50
1657531310963453000,96.9,1,96.9,7,97.0,30,2,2022-07-11 09:21:50
1657531312523652000,96.9,1,96.9,6,97.0,30,2,2022-07-11 09:21:52
1657531312560956000,96.9,1,96.9,5,97.0,30,2,2022-07-11 09:21:52
1657531312585072000,96.9,1,96.9,4,97.0,30,2,2022-07-11 09:21:52
1657531313239492000,96.9,1,96.9,10,97.0,31,2,2022-07-11 09:21:53
1657531313274269000,96.9,2,96.9,8,97.0,31,2,2022-07-11 09:21:53
1657531313278148000,96.9,1,96.9,7,97.0,31,2,2022-07-11 09:21:53
1657531313632990000,96.9,2,96.9,5,97.0,31,2,2022-07-11 09:21:53
1657531313651912000,96.9,1,96.9,4,97.0,31,2,2022-07-11 09:21:53
1657531313687832000,96.9,1,96.9,3,97.0,31,2,2022-07-11 09:21:53
1657531313730067000,96.9,2,96.9,1,97.0,31,2,2022-07-11 09:21:53
1657531313730908000,96.9,1,96.8,13,97.0,31,2,2022-07-11 09:21:53
1657531317280217000,96.9,2,96.8,12,97.0,31,1,2022-07-11 09:21:57
1657531318560291000,96.9,1,96.8,12,96.9,1,1,2022-07-11 09:21:58
1657531318970097000,96.9,2,96.8,12,97.0,30,1,2022-07-11 09:21:58
1657531318970097000,97.0,1,96.8,12,97.0,30,1,2022-07-11 09:21:58
1657531322180385000,96.9,1,96.8,12,97.0,31,1,2022-07-11 09:22:02
1657531323420248000,97.0,1,96.9,5,97.0,30,1,2022-07-11 09:22:03
1657531324129168000,96.9,1,96.9,4,97.0,30,2,2022-07-11 09:22:04
1657531324402304000,97.0,5,96.9,35,97.0,25,1,2022-07-11 09:22:04
1657531324430023000,97.0,3,96.9,35,97.0,22,1,2022-07-11 09:22:04
1657531324430087000,97.0,22,96.9,35,97.1,24,1,2022-07-11 09:22:04
1657531324517888000,96.9,2,96.9,33,97.1,24,2,2022-07-11 09:22:04
1657531324563998000,97.1,3,96.9,33,97.1,21,1,2022-07-11 09:22:04
1657531324663140000,97.1,8,96.9,33,97.1,14,1,2022-07-11 09:22:04
1657531324776650000,97.1,1,96.9,33,97.1,13,1,2022-07-11 09:22:04
1657531325645091000,96.9,2,96.9,31,97.1,12,2,2022-07-11 09:22:05
1657531325673569000,97.1,12,96.9,31,97.2,10,1,2022-07-11 09:22:05
1657531325799448000,97.2,2,97.0,4,97.2,10,1,2022-07-11 09:22:05
1657531326429723000,97.2,5,97.0,4,97.3,9,1,2022-07-11 09:22:06
1657531327499335000,97.3,1,97.0,5,97.3,9,1,2022-07-11 09:22:07
1657531328559665000,97.2,1,97.0,5,97.3,8,2,2022-07-11 09:22:08
1657531330103935000,97.3,7,97.0,6,97.4,24,1,2022-07-11 09:22:10
1657531331616867000,97.4,1,97.2,6,97.4,19,1,2022-07-11 09:22:11
1657531331647706000,97.4,19,97.2,6,97.5,38,1,2022-07-11 09:22:11
1657531332133584000,97.5,21,97.2,6,97.5,18,1,2022-07-11 09:22:12
1657531332156453000,97.5,15,97.2,7,97.5,3,1,2022-07-11 09:22:12
1657531332156816000,97.5,3,97.2,7,97.6,4,1,2022-07-11 09:22:12
1657531332748698000,97.2,5,97.2,2,97.5,2,2,2022-07-11 09:22:12
1657531332847395000,97.4,1,97.2,6,97.4,1,1,2022-07-11 09:22:12
1657531333035066000,97.2,6,97.0,6,97.5,3,2,2022-07-11 09:22:13
1657531333035066000,97.1,2,97.0,6,97.5,3,2,2022-07-11 09:22:13
1657531333035066000,97.0,2,97.0,6,97.5,3,2,2022-07-11 09:22:13
1657531334463231000,97.3,1,97.2,5,97.5,7,1,2022-07-11 09:22:14
1657531334463231000,97.4,1,97.2,5,97.5,7,1,2022-07-11 09:22:14
1657531335210999000,97.4,1,97.2,5,97.5,7,2,2022-07-11 09:22:15
1657531336452280000,97.5,1,97.4,2,97.5,3,1,2022-07-11 09:22:16
1657531337373532000,97.5,1,97.4,33,97.5,2,1,2022-07-11 09:22:17
1657531338255140000,97.4,1,97.4,32,97.5,2,2,2022-07-11 09:22:18
1657531338719749000,97.5,1,97.4,33,97.5,6,1,2022-07-11 09:22:18
1657531338746937000,97.5,1,97.4,33,97.5,7,1,2022-07-11 09:22:18
1657531338994259000,97.5,2,97.4,33,97.5,3,1,2022-07-11 09:22:18
1657531339438759000,97.5,1,97.4,33,97.5,2,1,2022-07-11 09:22:19
1657531339773221000,97.4,10,97.4,23,97.5,2,2,2022-07-11 09:22:19
1657531339806124000,97.4,1,97.4,22,97.5,2,2,2022-07-11 09:22:19
1657531339935166000,97.4,2,97.4,20,97.5,2,2,2022-07-11 09:22:19
1657531339972233000,97.4,20,97.2,5,97.5,2,2,2022-07-11 09:22:19
1657531340394080000,97.4,1,97.2,5,97.5,2,2,2022-07-11 09:22:20
1657531341464123000,97.3,1,97.2,5,97.5,2,2,2022-07-11 09:22:21
1657531341793977000,97.2,1,97.2,4,97.5,2,2,2022-07-11 09:22:21
1657531343545729000,97.4,1,97.2,5,97.5,7,2,2022-07-11 09:22:23
1657531345448111000,97.4,1,97.2,11,97.4,12,1,2022-07-11 09:22:25
1657531348486302000,97.3,1,97.3,1,97.4,30,2,2022-07-11 09:22:28
1657531348690261000,97.4,5,97.3,4,97.4,30,1,2022-07-11 09:22:28
1657531349629849000,97.4,2,97.3,4,97.4,24,1,2022-07-11 09:22:29
1657531351297642000,97.3,4,97.2,10,97.4,26,2,2022-07-11 09:22:31
1657531352783186000,97.3,1,97.2,11,97.3,1,1,2022-07-11 09:22:32
1657531353726907000,97.4,5,97.2,10,97.4,27,1,2022-07-11 09:22:33
1657531354463988000,97.4,2,97.3,1,97.4,25,1,2022-07-11 09:22:34
1657531354469387000,97.3,1,97.2,11,97.4,25,2,2022-07-11 09:22:34
1657531355770735000,97.2,11,97.1,8,97.3,9,2,2022-07-11 09:22:35
1657531356119562000,97.2,1,97.1,8,97.3,10,1,2022-07-11 09:22:36
1657531356452492000,97.2,1,97.1,8,97.3,10,1,2022-07-11 09:22:36
1657531356776098000,97.3,8,97.1,8,97.3,5,1,2022-07-11 09:22:36
1657531357825885000,97.2,1,97.1,8,97.2,2,1,2022-07-11 09:22:37
1657531358583021000,97.1,6,97.1,2,97.2,7,2,2022-07-11 09:22:38
1657531358616726000,97.1,2,97.0,15,97.2,7,2,2022-07-11 09:22:38
1657531359459348000,97.1,2,97.1,8,97.2,7,1,2022-07-11 09:22:39
1657531361870413000,97.2,1,97.1,8,97.2,8,1,2022-07-11 09:22:41
1657531361897388000,97.1,8,97.0,16,97.2,8,2,2022-07-11 09:22:41
1657531365176347000,97.1,1,97.0,16,97.1,7,1,2022-07-11 09:22:45
1657531365488457000,97.0,15,96.9,9,97.1,7,2,2022-07-11 09:22:45
1657531366136815000,96.9,1,96.9,8,97.0,2,2,2022-07-11 09:22:46
1657531366287714000,97.0,2,96.9,8,97.1,7,1,2022-07-11 09:22:46
1657531366287714000,97.1,1,96.9,8,97.1,7,1,2022-07-11 09:22:46
1657531366302144000,97.1,1,96.9,8,97.1,6,1,2022-07-11 09:22:46
1657531366491477000,97.1,1,97.0,1,97.1,5,1,2022-07-11 09:22:46
1657531368270389000,97.1,1,97.0,1,97.1,4,1,2022-07-11 09:22:48
1657531370430726000,97.1,3,97.0,2,97.1,5,1,2022-07-11 09:22:50
1657531376746520000,97.0,1,97.0,5,97.1,8,2,2022-07-11 09:22:56
1657531390895557000,97.1,1,97.0,13,97.1,7,1,2022-07-11 09:23:10
1657531391163451000,97.0,1,97.0,12,97.1,6,2,2022-07-11 09:23:11
1657531393594512000,97.0,1,97.0,11,97.1,4,2,2022-07-11 09:23:13
1657531397768553000,97.0,1,97.0,12,97.1,5,2,2022-07-11 09:23:17
1657531398557044000,97.1,1,97.0,11,97.1,4,1,2022-07-11 09:23:18
1657531399389905000,97.0,1,97.0,10,97.1,4,2,2022-07-11 09:23:19
1657531399424351000,97.0,1,97.0,9,97.1,4,2,2022-07-11 09:23:19
1657531400067430000,97.1,1,97.0,9,97.1,3,1,2022-07-11 09:23:20
1657531403040520000,97.1,1,97.0,10,97.1,2,1,2022-07-11 09:23:23
1657531404013563000,97.1,1,97.0,11,97.1,3,1,2022-07-11 09:23:24
1657531404523289000,97.1,1,97.0,11,97.1,2,1,2022-07-11 09:23:24
1657531405980984000,97.1,1,97.0,11,97.1,2,1,2022-07-11 09:23:25
1657531406663234000,97.1,1,97.0,11,97.1,1,1,2022-07-11 09:23:26
1657531406793722000,97.1,1,97.0,11,97.1,1,1,2022-07-11 09:23:26
1657531410465363000,97.1,3,97.1,7,97.2,18,1,2022-07-11 09:23:30
1657531414509015000,97.1,8,97.0,12,97.1,12,2,2022-07-11 09:23:34
1657531414540589000,97.0,1,97.0,11,97.1,12,2,2022-07-11 09:23:34
1657531418536740000,97.0,8,97.0,4,97.1,16,2,2022-07-11 09:23:38
1657531418536822000,97.0,4,96.9,6,97.1,16,2,2022-07-11 09:23:38
1657531424739475000,96.9,1,96.9,6,97.0,20,2,2022-07-11 09:23:44
1657531424763333000,96.9,6,96.8,18,97.0,20,2,2022-07-11 09:23:44
1657531427588208000,96.8,2,96.8,17,96.9,9,2,2022-07-11 09:23:47
1657531429692684000,96.8,17,96.7,12,96.9,9,2,2022-07-11 09:23:49
1657531430052454000,96.8,1,96.7,12,96.9,10,1,2022-07-11 09:23:50
1657531430832443000,96.7,1,96.7,11,96.9,10,2,2022-07-11 09:23:50
1657531434463059000,96.7,1,96.7,14,96.8,3,2,2022-07-11 09:23:54
1657531443395049000,96.8,3,96.8,7,96.9,13,1,2022-07-11 09:24:03
1657531443426431000,96.8,1,96.8,6,96.9,13,2,2022-07-11 09:24:03
1657531444832400000,96.8,5,96.8,6,96.9,7,2,2022-07-11 09:24:04
1657531445379880000,96.8,2,96.8,4,96.9,8,2,2022-07-11 09:24:05
1657531445441289000,96.8,1,96.8,3,96.9,8,2,2022-07-11 09:24:05
1657531446271813000,96.8,1,96.8,2,96.9,8,2,2022-07-11 09:24:06
1657531447359572000,96.8,1,96.8,1,96.9,9,2,2022-07-11 09:24:07
1657531454031356000,96.8,1,96.8,2,96.9,15,2,2022-07-11 09:24:14
1657531461272403000,96.9,1,96.8,3,96.9,10,1,2022-07-11 09:24:21
1657531461431766000,96.9,1,96.8,3,96.9,9,1,2022-07-11 09:24:21
1657531463076944000,96.8,1,96.8,2,96.9,9,2,2022-07-11 09:24:23
1657531463134219000,96.8,1,96.8,1,96.9,9,2,2022-07-11 09:24:23
1657531465365487000,96.9,1,96.8,1,96.9,8,1,2022-07-11 09:24:25
1657531465522897000,96.8,1,96.7,22,96.9,8,2,2022-07-11 09:24:25
1657531481621622000,96.8,6,96.8,4,96.9,18,1,2022-07-11 09:24:41
1657531484850373000,96.9,2,96.8,10,96.9,16,1,2022-07-11 09:24:44
1657531487630465000,96.9,1,96.8,10,96.9,11,1,2022-07-11 09:24:47
1657531487663932000,96.9,2,96.8,10,96.9,9,1,2022-07-11 09:24:47
1657531488067319000,96.9,1,96.8,10,96.9,8,1,2022-07-11 09:24:48
1657531488219371000,96.9,8,96.8,10,97.0,22,1,2022-07-11 09:24:48
1657531490530267000,96.9,3,96.9,4,97.0,18,2,2022-07-11 09:24:50
1657531490530271000,96.9,3,96.9,1,97.0,18,2,2022-07-11 09:24:50
1657531490561404000,96.9,1,96.8,11,96.9,1,2,2022-07-11 09:24:50
1657531491207115000,96.9,2,96.8,11,97.0,22,1,2022-07-11 09:24:51
1657531498395579000,97.0,1,96.9,7,97.0,17,1,2022-07-11 09:24:58
1657531501298492000,97.0,1,96.9,8,97.0,16,1,2022-07-11 09:25:01
1657531503079143000,97.0,1,96.9,10,97.0,15,1,2022-07-11 09:25:03
1657531510133788000,97.0,1,96.9,10,97.0,29,1,2022-07-11 09:25:10
1657531511949012000,97.0,30,97.0,20,97.1,13,1,2022-07-11 09:25:11
1657531517901814000,97.1,1,97.0,35,97.1,15,1,2022-07-11 09:25:17
1657531519039717000,97.1,1,97.0,35,97.1,14,1,2022-07-11 09:25:19
1657531520976220000,97.1,2,97.0,35,97.1,14,1,2022-07-11 09:25:20
1657531521222579000,97.1,1,97.0,35,97.1,13,1,2022-07-11 09:25:21
1657531522583350000,97.1,1,97.0,36,97.1,12,1,2022-07-11 09:25:22
1657531523687725000,97.1,1,97.0,42,97.1,12,1,2022-07-11 09:25:23
1657531524198748000,97.0,1,97.0,41,97.1,11,2,2022-07-11 09:25:24
1657531524314520000,97.1,3,97.0,41,97.1,8,1,2022-07-11 09:25:24
1657531524384551000,97.1,1,97.0,41,97.1,7,1,2022-07-11 09:25:24
1657531524467523000,97.1,5,97.0,41,97.1,2,1,2022-07-11 09:25:24
1657531526189372000,97.1,1,97.0,41,97.1,1,1,2022-07-11 09:25:26
1657531526751967000,97.1,1,97.1,1,97.2,7,1,2022-07-11 09:25:26
1657531526788319000,97.1,1,97.0,42,97.2,7,2,2022-07-11 09:25:26
1657531529644472000,97.2,3,97.1,7,97.2,5,1,2022-07-11 09:25:29
1657531530203411000,97.1,1,97.1,6,97.2,5,2,2022-07-11 09:25:30
1657531532050813000,97.2,1,97.1,16,97.2,4,1,2022-07-11 09:25:32
1657531534576258000,97.2,1,97.1,17,97.2,2,1,2022-07-11 09:25:34
1657531535914076000,97.2,1,97.1,17,97.2,1,1,2022-07-11 09:25:35
1657531536553442000,97.1,2,97.1,15,97.2,2,2,2022-07-11 09:25:36
1657531536553457000,97.1,6,97.1,9,97.2,2,2,2022-07-11 09:25:36
1657531536585274000,97.1,3,97.1,6,97.2,2,2,2022-07-11 09:25:36
1657531536585302000,97.1,5,97.1,1,97.2,2,2,2022-07-11 09:25:36
1657531536590611000,97.1,1,97.0,32,97.2,2,2,2022-07-11 09:25:36
1657531544543406000,97.1,1,97.0,35,97.1,10,1,2022-07-11 09:25:44
1657531544714887000,97.1,1,97.0,35,97.1,9,1,2022-07-11 09:25:44
1657531546920011000,97.1,3,97.0,38,97.1,6,1,2022-07-11 09:25:46
1657531547276251000,97.0,38,96.9,6,97.0,12,2,2022-07-11 09:25:47
1657531547309372000,96.9,1,96.9,5,97.0,12,2,2022-07-11 09:25:47
1657531547310396000,96.9,1,96.9,4,97.0,12,2,2022-07-11 09:25:47
1657531547310559000,96.9,1,96.9,3,97.0,12,2,2022-07-11 09:25:47
1657531547311852000,96.9,1,96.9,2,97.0,12,2,2022-07-11 09:25:47
1657531547339415000,96.9,2,96.8,18,97.0,18,2,2022-07-11 09:25:47
1657531547350749000,96.9,3,96.9,2,97.0,18,1,2022-07-11 09:25:47
1657531547359624000,96.9,2,96.8,18,97.0,18,2,2022-07-11 09:25:47
1657531547770837000,96.9,1,96.8,18,96.9,4,1,2022-07-11 09:25:47
1657531547836708000,96.8,1,96.8,17,96.9,4,2,2022-07-11 09:25:47
1657531548030884000,96.8,1,96.8,17,96.9,5,2,2022-07-11 09:25:48
1657531548651276000,96.8,1,96.8,15,96.9,5,2,2022-07-11 09:25:48
1657531548697656000,96.8,1,96.8,14,96.9,5,2,2022-07-11 09:25:48
1657531551074862000,96.9,1,96.8,16,96.9,7,1,2022-07-11 09:25:51
1657531552752779000,96.9,1,96.8,16,96.9,3,1,2022-07-11 09:25:52
1657531554634230000,96.9,2,96.8,17,96.9,1,1,2022-07-11 09:25:54
1657531554733197000,96.8,2,96.8,15,96.9,1,2,2022-07-11 09:25:54
1657531559449464000,96.9,2,96.8,14,97.0,5,1,2022-07-11 09:25:59
1657531559449464000,97.0,8,96.8,14,97.0,5,1,2022-07-11 09:25:59
1657531560211277000,96.8,1,96.8,15,97.0,5,2,2022-07-11 09:26:00
1657531563112960000,97.0,1,96.9,1,97.0,9,1,2022-07-11 09:26:03
1657531572244922000,97.0,1,96.9,2,97.0,9,1,2022-07-11 09:26:12
1657531583143811000,97.0,1,96.9,3,97.0,20,1,2022-07-11 09:26:23
1657531584351220000,97.0,2,96.9,4,97.0,18,1,2022-07-11 09:26:24
1657531587246025000,97.0,1,96.9,5,97.0,18,1,2022-07-11 09:26:27
1657531587974841000,97.0,1,96.9,5,97.0,24,1,2022-07-11 09:26:27
1657531591869530000,97.0,3,96.9,13,97.0,22,1,2022-07-11 09:26:31
1657531592181907000,97.0,1,96.9,13,97.0,21,1,2022-07-11 09:26:32
1657531593323813000,97.0,1,96.9,13,97.0,22,1,2022-07-11 09:26:33
1657531600718023000,97.0,1,96.9,13,97.0,23,1,2022-07-11 09:26:40
1657531600748981000,96.9,13,96.8,31,97.0,23,2,2022-07-11 09:26:40
1657531600826800000,96.9,1,96.8,31,97.0,19,1,2022-07-11 09:26:40
1657531600826800000,97.0,4,96.8,31,97.0,19,1,2022-07-11 09:26:40
1657531611473881000,96.9,2,96.8,34,96.9,5,1,2022-07-11 09:26:51
1657531611507329000,96.9,5,96.8,34,97.0,14,1,2022-07-11 09:26:51
1657531626390096000,96.9,1,96.8,36,96.9,2,1,2022-07-11 09:27:06
1657531629221339000,96.9,1,96.8,36,96.9,1,1,2022-07-11 09:27:09
1657531629269884000,96.8,1,96.8,35,96.9,1,2,2022-07-11 09:27:09
1657531629977556000,96.9,1,96.8,35,96.9,2,1,2022-07-11 09:27:09
1657531630662316000,96.9,1,96.8,35,96.9,1,1,2022-07-11 09:27:10
1657531631317952000,96.9,1,96.8,35,96.9,2,1,2022-07-11 09:27:11
1657531633079226000,96.9,2,96.8,36,97.0,17,1,2022-07-11 09:27:13
1657531637375647000,97.0,2,96.9,4,97.0,15,1,2022-07-11 09:27:17
1657531642425138000,97.0,1,96.9,15,97.0,12,1,2022-07-11 09:27:22
1657531649949584000,97.0,1,96.9,17,97.0,12,1,2022-07-11 09:27:29
1657531651687908000,97.0,1,96.9,17,97.0,11,1,2022-07-11 09:27:31
1657531651710231000,97.0,11,96.9,17,97.1,4,1,2022-07-11 09:27:31
1657531657657881000,97.1,2,97.0,7,97.2,18,1,2022-07-11 09:27:37
1657531660255014000,97.0,5,97.0,2,97.2,18,2,2022-07-11 09:27:40
1657531665483920000,97.0,1,97.0,4,97.2,17,2,2022-07-11 09:27:45
1657531677181877000,97.0,3,97.0,16,97.1,1,2,2022-07-11 09:27:57
1657531677409861000,97.1,1,97.0,16,97.2,7,1,2022-07-11 09:27:57
1657531677409861000,97.2,9,97.0,16,97.2,7,1,2022-07-11 09:27:57
1657531680179963000,97.2,5,97.1,1,97.3,22,1,2022-07-11 09:28:00
1657531680179963000,97.3,5,97.1,1,97.3,22,1,2022-07-11 09:28:00
1657531680356332000,97.1,1,97.0,16,97.3,22,2,2022-07-11 09:28:00
1657531680645990000,97.1,2,97.0,18,97.1,2,1,2022-07-11 09:28:00
1657531684820978000,97.3,5,97.1,2,97.3,24,1,2022-07-11 09:28:04
1657531687105465000,97.3,1,97.1,2,97.3,23,1,2022-07-11 09:28:07
1657531688092559000,97.1,1,97.1,1,97.3,23,2,2022-07-11 09:28:08
1657531689293483000,97.3,3,97.1,1,97.3,20,1,2022-07-11 09:28:09
1657531692136250000,97.3,3,97.1,5,97.3,15,1,2022-07-11 09:28:12
1657531693089234000,97.2,1,97.1,5,97.3,14,2,2022-07-11 09:28:13
1657531698672910000,97.2,9,97.1,8,97.2,6,2,2022-07-11 09:28:18
1657531700431548000,97.2,1,97.1,18,97.2,8,1,2022-07-11 09:28:20
1657531704528077000,97.2,2,97.1,18,97.2,6,1,2022-07-11 09:28:24
1657531705544078000,97.2,1,97.1,18,97.2,7,1,2022-07-11 09:28:25
1657531706227869000,97.2,1,97.1,18,97.2,5,1,2022-07-11 09:28:26
1657531707466382000,97.2,1,97.1,19,97.2,4,1,2022-07-11 09:28:27
1657531708059165000,97.2,1,97.1,19,97.2,3,1,2022-07-11 09:28:28
1657531710364860000,97.2,2,97.1,19,97.2,1,1,2022-07-11 09:28:30
1657531710475296000,97.2,1,97.1,19,97.3,15,1,2022-07-11 09:28:30
1657531712247703000,97.2,1,97.1,19,97.3,15,2,2022-07-11 09:28:32
1657531720615451000,97.2,14,97.1,19,97.2,1,2,2022-07-11 09:28:40
1657531722074458000,97.2,1,97.1,19,97.3,15,1,2022-07-11 09:28:42
1657531728213362000,97.1,1,97.1,9,97.2,7,2,2022-07-11 09:28:48
1657531728243377000,97.1,9,97.0,21,97.2,7,2,2022-07-11 09:28:48
1657531729041028000,97.1,1,97.0,20,97.1,2,2,2022-07-11 09:28:49
1657531729088030000,97.0,11,97.0,9,97.1,2,2,2022-07-11 09:28:49
1657531729106108000,97.0,3,97.0,6,97.1,6,2,2022-07-11 09:28:49
1657531729106334000,97.0,6,96.9,13,97.1,6,2,2022-07-11 09:28:49
1657531729990228000,97.0,2,96.9,22,97.0,5,1,2022-07-11 09:28:49
1657531732450934000,97.0,1,96.9,22,97.0,4,1,2022-07-11 09:28:52
1657531732511765000,96.9,1,96.9,21,97.0,1,2,2022-07-11 09:28:52
1657531736627463000,97.0,1,96.9,21,97.0,5,1,2022-07-11 09:28:56
1657531742230746000,97.0,1,96.9,21,97.0,5,1,2022-07-11 09:29:02
1657531743328827000,97.0,1,96.9,21,97.0,4,1,2022-07-11 09:29:03
1657531743938049000,96.9,1,96.9,20,97.0,5,2,2022-07-11 09:29:03
1657531745246360000,97.0,1,96.9,20,97.0,4,1,2022-07-11 09:29:05
1657531752954346000,97.0,2,96.9,14,97.0,1,2,2022-07-11 09:29:12
1657531753511200000,96.9,20,96.9,1,97.0,5,2,2022-07-11 09:29:13
1657531753546291000,96.9,1,96.9,1,97.0,5,2,2022-07-11 09:29:13
1657531753546788000,96.9,1,96.8,38,97.0,5,2,2022-07-11 09:29:13
1657531754082543000,96.9,1,96.8,45,96.9,6,1,2022-07-11 09:29:14
1657531754703417000,96.9,5,97.3,6,97.4,35,1,2022-07-11 09:29:14
1657531754703417000,97.0,8,97.3,6,97.4,35,1,2022-07-11 09:29:14
1657531754703417000,97.1,10,97.3,6,97.4,35,1,2022-07-11 09:29:14
1657531754703417000,97.2,8,97.3,6,97.4,35,1,2022-07-11 09:29:14
1657531754703417000,97.3,13,97.3,6,97.4,35,1,2022-07-11 09:29:14
1657531754730387000,97.3,3,97.3,3,97.4,35,2,2022-07-11 09:29:14
1657531754730411000,97.3,3,96.8,45,97.4,35,2,2022-07-11 09:29:14
1657531755517530000,97.3,1,96.9,1,97.3,7,1,2022-07-11 09:29:15
1657531756104059000,96.9,1,96.8,46,97.3,7,2,2022-07-11 09:29:16
1657531758027011000,97.3,1,96.8,46,97.3,5,1,2022-07-11 09:29:18
1657531761409978000,97.1,25,96.8,37,97.3,2,2,2022-07-11 09:29:21
1657531761409978000,96.9,5,96.8,37,97.3,2,2,2022-07-11 09:29:21
1657531761409978000,96.8,10,96.8,37,97.3,2,2,2022-07-11 09:29:21
1657531761477830000,97.2,1,96.8,34,97.2,1,1,2022-07-11 09:29:21
1657531766392507000,97.0,1,97.0,1,97.1,2,2,2022-07-11 09:29:26
1657531766428738000,97.0,1,96.9,1,97.1,2,2,2022-07-11 09:29:26
1657531767656838000,97.1,2,97.2,1,97.3,10,1,2022-07-11 09:29:27
1657531767656838000,97.2,2,97.2,1,97.3,10,1,2022-07-11 09:29:27
1657531767678753000,97.2,1,96.9,1,97.3,10,2,2022-07-11 09:29:27
1657531771429913000,96.9,1,96.8,34,97.2,6,2,2022-07-11 09:29:31
1657531776873523000,97.0,1,96.9,38,97.0,9,2,2022-07-11 09:29:36
1657531778612340000,97.0,9,96.9,39,97.2,2,1,2022-07-11 09:29:38
1657531788897339000,97.1,1,97.0,12,97.1,1,1,2022-07-11 09:29:48
1657531788922910000,97.1,1,97.0,12,97.2,2,1,2022-07-11 09:29:48
1657531789040312000,97.2,1,97.0,12,97.2,1,1,2022-07-11 09:29:49
1657531791071133000,97.2,1,97.0,14,97.3,5,1,2022-07-11 09:29:51
1657531793825262000,97.1,1,97.0,15,97.3,7,1,2022-07-11 09:29:53
1657531795271402000,97.0,1,97.0,14,97.2,14,2,2022-07-11 09:29:55
1657531801246576000,97.1,2,97.0,18,97.1,2,1,2022-07-11 09:30:01
1657531805148099000,97.1,1,97.0,25,97.1,4,1,2022-07-11 09:30:05
1657531809118311000,97.1,2,97.0,35,97.1,4,1,2022-07-11 09:30:09
1657531809315181000,97.1,1,97.0,35,97.1,3,1,2022-07-11 09:30:09
1657531809350160000,97.1,3,97.0,35,97.2,18,1,2022-07-11 09:30:09
1657531811013404000,97.1,1,97.0,36,97.2,18,2,2022-07-11 09:30:11
1657531812967570000,97.1,1,97.0,36,97.1,1,1,2022-07-11 09:30:12
1657531815236556000,97.1,1,97.0,37,97.2,18,1,2022-07-11 09:30:15
1657531817425175000,97.1,1,97.0,36,97.2,19,2,2022-07-11 09:30:17
1657531834884950000,97.1,1,97.0,36,97.1,1,1,2022-07-11 09:30:34
1657531837547188000,97.1,3,97.1,1,97.2,22,1,2022-07-11 09:30:37
1657531851122267000,97.1,1,97.1,12,97.2,25,2,2022-07-11 09:30:51
1657531851136918000,97.2,1,97.1,12,97.2,24,1,2022-07-11 09:30:51
1657531851249624000,97.1,1,97.1,11,97.2,24,2,2022-07-11 09:30:51
1657531851249689000,97.1,1,97.1,10,97.2,24,2,2022-07-11 09:30:51
1657531856962785000,97.1,5,97.1,4,97.2,24,2,2022-07-11 09:30:56
1657531857287890000,97.1,1,97.1,3,97.2,24,2,2022-07-11 09:30:57
1657531858486605000,97.1,1,97.1,2,97.2,24,2,2022-07-11 09:30:58
1657531860655808000,97.1,1,97.1,1,97.2,24,2,2022-07-11 09:31:00
1657531862892737000,97.1,1,97.0,34,97.2,24,2,2022-07-11 09:31:02
1657531864112292000,97.0,1,97.0,34,97.2,24,2,2022-07-11 09:31:04
1657531871090921000,97.1,7,97.0,38,97.2,22,1,2022-07-11 09:31:11
1657531873647626000,97.1,1,97.0,37,97.2,20,2,2022-07-11 09:31:13
1657531882573178000,97.0,5,97.0,33,97.1,4,2,2022-07-11 09:31:22
1657531891455031000,97.1,7,97.0,33,97.1,1,1,2022-07-11 09:31:31
1657531891487995000,97.1,1,97.0,33,97.2,20,1,2022-07-11 09:31:31
1657531893197212000,97.0,1,97.0,33,97.2,21,2,2022-07-11 09:31:33
1657531893566154000,97.0,1,97.0,32,97.2,21,2,2022-07-11 09:31:33
1657531895255396000,97.2,1,97.0,32,97.2,19,1,2022-07-11 09:31:35
1657531897048410000,97.2,1,97.0,32,97.2,18,1,2022-07-11 09:31:37
1657531897960997000,97.0,15,97.0,17,97.2,18,2,2022-07-11 09:31:37
1657531900754005000,97.1,1,97.0,18,97.2,18,1,2022-07-11 09:31:40
1657531904055209000,97.0,1,97.0,18,97.2,18,2,2022-07-11 09:31:44
1657531906113340000,97.0,1,97.0,17,97.2,18,2,2022-07-11 09:31:46
1657531909510385000,97.2,7,97.0,21,97.2,11,1,2022-07-11 09:31:49
1657531909541645000,97.2,11,97.0,21,97.3,8,1,2022-07-11 09:31:49
1657531909574188000,97.3,8,97.0,21,97.4,48,1,2022-07-11 09:31:49
1657531909632063000,97.4,7,97.0,22,97.4,40,1,2022-07-11 09:31:49
1657531909645533000,97.4,7,97.0,22,97.4,33,1,2022-07-11 09:31:49
1657531909645565000,97.4,7,97.0,22,97.4,26,1,2022-07-11 09:31:49
1657531909645606000,97.4,9,97.0,22,97.4,17,1,2022-07-11 09:31:49
1657531910458892000,97.0,2,97.0,20,97.4,18,2,2022-07-11 09:31:50
1657531910465175000,97.4,1,97.0,20,97.4,17,1,2022-07-11 09:31:50
1657531910827839000,97.1,1,97.0,20,97.4,17,1,2022-07-11 09:31:50
1657531929493422000,97.3,1,97.2,6,97.4,19,2,2022-07-11 09:32:09
1657531950613637000,97.3,1,97.3,7,97.4,20,2,2022-07-11 09:32:30
1657531950642895000,97.3,1,97.3,6,97.4,20,2,2022-07-11 09:32:30
1657531952585918000,97.4,1,97.3,6,97.4,19,1,2022-07-11 09:32:32
1657531958074579000,97.4,10,97.3,13,97.4,9,1,2022-07-11 09:32:38
1657531958108577000,97.4,1,97.3,13,97.4,8,1,2022-07-11 09:32:38
1657531958141357000,97.4,4,97.3,13,97.4,4,1,2022-07-11 09:32:38
1657531958141846000,97.4,3,97.3,13,97.4,1,1,2022-07-11 09:32:38
1657531958659365000,97.4,1,97.3,13,97.5,10,1,2022-07-11 09:32:38
1657531958659365000,97.5,4,97.3,13,97.5,10,1,2022-07-11 09:32:38
1657531959097063000,97.5,1,97.3,13,97.5,7,1,2022-07-11 09:32:39
1657531959981373000,97.5,4,97.3,13,97.5,3,1,2022-07-11 09:32:39
1657531960188777000,97.4,1,97.3,14,97.4,1,1,2022-07-11 09:32:40
1657531962044957000,97.5,3,97.5,2,97.6,8,1,2022-07-11 09:32:42
1657531965419695000,97.6,1,97.5,5,97.6,6,1,2022-07-11 09:32:45
1657531965476170000,97.6,1,97.5,5,97.6,6,1,2022-07-11 09:32:45
1657531965593103000,97.6,1,97.5,5,97.6,4,1,2022-07-11 09:32:45
1657531967379282000,97.6,4,97.5,16,97.7,9,1,2022-07-11 09:32:47
1657531967379282000,97.7,3,97.5,16,97.7,9,1,2022-07-11 09:32:47
1657531967664472000,97.7,2,97.6,1,97.7,7,1,2022-07-11 09:32:47
1657531968486922000,97.7,1,97.6,3,97.7,6,1,2022-07-11 09:32:48
1657531969812777000,97.7,5,97.6,3,97.7,1,1,2022-07-11 09:32:49
1657531969885460000,97.7,1,97.6,3,97.8,18,1,2022-07-11 09:32:49
1657531969885460000,97.8,1,97.6,3,97.8,18,1,2022-07-11 09:32:49
1657531971223551000,97.7,1,97.6,10,97.8,17,2,2022-07-11 09:32:51
1657531971933490000,97.8,10,97.6,11,97.8,17,1,2022-07-11 09:32:51
1657531974014545000,97.8,7,97.7,1,97.9,14,1,2022-07-11 09:32:54
1657531974014545000,97.9,8,97.7,1,97.9,14,1,2022-07-11 09:32:54
1657531976159753000,97.9,1,97.8,4,97.9,13,1,2022-07-11 09:32:56
1657531976342852000,97.8,1,97.8,11,97.9,13,2,2022-07-11 09:32:56
1657531977356957000,97.9,1,97.8,14,97.9,12,1,2022-07-11 09:32:57
1657531977941643000,97.8,1,97.8,13,97.9,12,2,2022-07-11 09:32:57
1657531980277483000,97.8,1,97.8,27,97.9,11,2,2022-07-11 09:33:00
1657531980466550000,97.8,1,97.8,26,97.9,11,2,2022-07-11 09:33:00
1657531981055771000,97.9,2,97.8,27,97.9,9,1,2022-07-11 09:33:01
1657531981418874000,97.9,1,97.8,27,97.9,8,1,2022-07-11 09:33:01
1657531981461562000,97.9,8,97.8,27,97.9,9,1,2022-07-11 09:33:01
1657531981933163000,97.9,1,97.9,2,98.0,70,2,2022-07-11 09:33:01
1657531982930006000,98.0,5,97.9,2,98.0,66,1,2022-07-11 09:33:02
1657531983464892000,97.9,7,97.9,7,98.0,67,2,2022-07-11 09:33:03
1657531983497596000,97.8,25,97.8,2,98.0,67,2,2022-07-11 09:33:03
1657531983612681000,97.8,2,97.8,2,97.9,3,2,2022-07-11 09:33:03
1657531984046771000,97.9,1,97.7,3,97.9,2,1,2022-07-11 09:33:04
1657531984562257000,97.7,2,97.7,1,97.8,2,2,2022-07-11 09:33:04
1657531984731183000,97.7,1,97.6,15,97.8,2,2,2022-07-11 09:33:04
1657531984901043000,97.7,1,97.6,15,97.7,14,1,2022-07-11 09:33:04
1657531985229985000,97.7,1,97.6,16,97.7,12,1,2022-07-11 09:33:05
1657531986865606000,97.6,1,97.6,15,97.7,13,2,2022-07-11 09:33:06
1657531986889886000,97.6,15,97.5,34,97.7,13,2,2022-07-11 09:33:06
1657531988605326000,97.6,1,97.5,34,97.6,13,1,2022-07-11 09:33:08
1657531988818381000,97.6,1,97.5,34,97.6,13,1,2022-07-11 09:33:08
1657531989339495000,97.6,1,97.5,34,97.6,14,1,2022-07-11 09:33:09
1657531989794126000,97.5,4,97.5,29,97.6,14,2,2022-07-11 09:33:09
1657531989834287000,97.5,29,97.4,21,97.6,14,2,2022-07-11 09:33:09
1657531991830400000,97.5,1,97.4,21,97.5,12,1,2022-07-11 09:33:11
1657531992223637000,97.5,1,97.4,21,97.5,12,1,2022-07-11 09:33:12
1657531994070961000,97.4,4,97.4,17,97.5,11,2,2022-07-11 09:33:14
1657531994125239000,97.4,1,97.4,21,97.5,11,2,2022-07-11 09:33:14
1657531995194559000,97.5,3,97.4,16,97.5,8,1,2022-07-11 09:33:15
1657531996068742000,97.5,2,97.4,16,97.5,9,1,2022-07-11 09:33:16
1657531996498940000,97.5,1,97.4,16,97.5,8,1,2022-07-11 09:33:16
1657531999322917000,97.5,1,97.4,22,97.5,8,1,2022-07-11 09:33:19
1657532000373934000,97.5,2,97.4,22,97.5,4,1,2022-07-11 09:33:20
1657532000695513000,97.5,1,97.4,22,97.5,3,1,2022-07-11 09:33:20
1657532000827306000,97.5,1,97.4,22,97.5,2,1,2022-07-11 09:33:20
1657532002031280000,97.5,2,97.4,22,97.6,2,1,2022-07-11 09:33:22
1657532002031280000,97.6,13,97.4,22,97.6,2,1,2022-07-11 09:33:22
1657532002362636000,97.5,1,97.4,22,97.6,2,1,2022-07-11 09:33:22
1657532003023904000,97.5,1,97.4,22,97.5,1,2,2022-07-11 09:33:23
1657532003270818000,97.5,1,97.4,22,97.6,2,1,2022-07-11 09:33:23
1657532006318693000,97.5,1,97.5,6,97.6,3,2,2022-07-11 09:33:26
1657532006443031000,97.6,3,97.5,6,97.7,7,1,2022-07-11 09:33:26
1657532006443031000,97.7,7,97.5,6,97.7,7,1,2022-07-11 09:33:26
1657532006956238000,97.5,2,97.5,17,97.7,7,2,2022-07-11 09:33:26
1657532010847314000,97.6,1,97.5,26,97.7,5,2,2022-07-11 09:33:30
1657532010847314000,97.5,4,97.5,26,97.7,5,2,2022-07-11 09:33:30
1657532011260584000,97.6,1,97.5,27,97.6,1,1,2022-07-11 09:33:31
1657532011546662000,97.7,2,97.6,2,97.7,4,1,2022-07-11 09:33:31
1657532013007053000,97.7,1,97.6,2,97.7,3,1,2022-07-11 09:33:33
1657532015009502000,97.7,1,97.6,2,97.7,3,1,2022-07-11 09:33:35
1657532017095861000,97.7,4,97.6,2,97.8,3,1,2022-07-11 09:33:37
1657532018203470000,97.6,1,97.6,10,97.8,3,2,2022-07-11 09:33:38
1657532022102605000,97.7,2,97.6,12,97.7,1,1,2022-07-11 09:33:42
1657532023236165000,97.7,2,97.6,15,97.7,2,1,2022-07-11 09:33:43
