ts,close,volume,bid_price,bid_volume,ask_price,ask_volume,tick_type,datetime
1657530017923790000,72.1,876,72.1,57,72.2,51,1,2022-07-11 09:00:17
1657530017949635000,72.2,51,72.1,57,72.3,76,1,2022-07-11 09:00:17
1657530017979878000,72.3,40,72.1,57,72.3,36,1,2022-07-11 09:00:17
1657530018091625000,72.1,2,72.1,57,72.3,38,2,2022-07-11 09:00:18
1657530018142630000,72.3,1,72.1,55,72.3,37,1,2022-07-11 09:00:18
1657530018346512000,72.1,2,72.1,55,72.2,2,2,2022-07-11 09:00:18
1657530018646593000,72.2,2,72.2,1,72.3,37,1,2022-07-11 09:00:18
1657530018835710000,72.3,3,72.2,2,72.3,34,1,2022-07-11 09:00:18
1657530019041817000,72.3,3,72.2,2,72.3,31,1,2022-07-11 09:00:19
1657530019083681000,72.3,31,72.2,2,72.4,16,1,2022-07-11 09:00:19
1657530019276521000,72.4,1,72.2,2,72.4,15,1,2022-07-11 09:00:19
1657530019421182000,72.2,1,72.2,1,72.4,15,2,2022-07-11 09:00:19
1657530019536377000,72.4,1,72.2,1,72.4,16,1,2022-07-11 09:00:19
1657530020238560000,72.4,1,72.3,10,72.4,14,1,2022-07-11 09:00:20
1657530020486568000,72.4,1,72.3,10,72.4,13,1,2022-07-11 09:00:20
1657530020658638000,72.4,5,72.3,12,72.4,8,1,2022-07-11 09:00:20
1657530021057646000,72.3,1,72.3,12,72.4,8,2,2022-07-11 09:00:21
1657530021554545000,72.4,1,72.3,13,72.4,8,1,2022-07-11 09:00:21
1657530021722916000,72.4,7,72.4,3,72.5,70,1,2022-07-11 09:00:21
1657530021911783000,72.5,3,72.4,3,72.5,67,1,2022-07-11 09:00:21
1657530022128067000,72.5,1,72.4,3,72.5,67,1,2022-07-11 09:00:22
1657530022269203000,72.4,3,72.3,12,72.5,66,2,2022-07-11 09:00:22
1657530022269203000,72.3,3,72.3,12,72.5,66,2,2022-07-11 09:00:22
1657530022935121000,72.5,3,72.4,1,72.5,63,1,2022-07-11 09:00:22
1657530023260738000,72.5,1,72.4,2,72.5,66,1,2022-07-11 09:00:23
1657530023535500000,72.5,10,72.4,3,72.5,56,1,2022-07-11 09:00:23
1657530023898289000,72.5,1,72.4,3,72.5,55,1,2022-07-11 09:00:23
1657530024992007000,72.5,15,72.4,5,72.5,57,1,2022-07-11 09:00:24
1657530025358428000,72.5,3,72.4,5,72.5,39,1,2022-07-11 09:00:25
1657530025729463000,72.5,1,72.4,6,72.5,37,1,2022-07-11 09:00:25
1657530025756486000,72.5,37,72.4,6,72.6,4,1,2022-07-11 09:00:25
1657530025819800000,72.4,6,72.2,8,72.3,16,2,2022-07-11 09:00:25
1657530025819800000,72.3,18,72.2,8,72.3,16,2,2022-07-11 09:00:25
1657530025848577000,72.3,16,72.2,8,72.6,4,1,2022-07-11 09:00:25
1657530025851912000,72.6,5,72.3,6,72.7,43,1,2022-07-11 09:00:25
1657530025851912000,72.7,1,72.3,6,72.7,43,1,2022-07-11 09:00:25
1657530026012900000,72.6,2,72.5,1,72.7,43,2,2022-07-11 09:00:26
1657530026056767000,72.7,1,72.5,1,72.7,42,1,2022-07-11 09:00:26
1657530026455980000,72.7,1,72.5,2,72.7,41,1,2022-07-11 09:00:26
1657530027126107000,72.7,1,72.5,14,72.7,41,1,2022-07-11 09:00:27
1657530027403492000,72.7,1,72.5,18,72.7,41,1,2022-07-11 09:00:27
1657530027440592000,72.7,1,72.5,18,72.7,40,1,2022-07-11 09:00:27
1657530027496653000,72.5,1,72.5,17,72.7,40,2,2022-07-11 09:00:27
1657530027506273000,72.7,2,72.5,17,72.7,38,1,2022-07-11 09:00:27
1657530027601289000,72.7,1,72.5,19,72.7,38,1,2022-07-11 09:00:27
1657530027657269000,72.7,2,72.5,19,72.7,35,1,2022-07-11 09:00:27
1657530027703831000,72.7,5,72.5,19,72.7,30,1,2022-07-11 09:00:27
1657530027732837000,72.7,8,72.5,19,72.7,22,1,2022-07-11 09:00:27
1657530027742006000,72.7,22,72.5,19,72.8,60,1,2022-07-11 09:00:27
1657530027742006000,72.8,78,72.5,19,72.8,60,1,2022-07-11 09:00:27
1657530027773079000,72.8,10,72.5,21,72.8,50,1,2022-07-11 09:00:27
1657530027773156000,72.8,2,72.5,21,72.8,48,1,2022-07-11 09:00:27
1657530027773319000,72.8,6,72.5,21,72.8,42,1,2022-07-11 09:00:27
1657530027773428000,72.8,2,72.5,21,72.8,40,1,2022-07-11 09:00:27
1657530027773660000,72.8,6,72.5,21,72.8,34,1,2022-07-11 09:00:27
1657530027804604000,72.8,34,72.5,21,72.9,103,1,2022-07-11 09:00:27
1657530028294135000,72.9,1,72.5,22,72.9,102,1,2022-07-11 09:00:28
1657530028333147000,72.9,1,72.5,22,72.9,101,1,2022-07-11 09:00:28
1657530028689124000,72.9,2,72.6,2,72.9,99,1,2022-07-11 09:00:28
1657530028718087000,72.9,1,72.6,2,72.9,98,1,2022-07-11 09:00:28
1657530028751438000,72.9,6,72.6,3,72.9,92,1,2022-07-11 09:00:28
1657530029582003000,72.9,1,72.7,2,72.9,91,1,2022-07-11 09:00:29
1657530029627819000,72.9,1,72.7,2,72.9,92,1,2022-07-11 09:00:29
1657530030226781000,72.9,2,72.7,3,72.9,88,1,2022-07-11 09:00:30
1657530030295042000,72.9,1,72.7,4,72.9,87,1,2022-07-11 09:00:30
1657530030312643000,72.9,1,72.7,4,72.9,86,1,2022-07-11 09:00:30
1657530030338064000,72.9,2,72.7,5,72.9,84,1,2022-07-11 09:00:30
1657530030848785000,72.9,1,72.7,8,72.9,83,1,2022-07-11 09:00:30
1657530030861259000,72.9,2,72.7,8,72.9,81,1,2022-07-11 09:00:30
1657530030944574000,72.9,2,72.8,1,72.9,79,1,2022-07-11 09:00:30
1657530031032736000,72.9,5,72.8,1,72.9,76,1,2022-07-11 09:00:31
1657530031096503000,72.8,1,72.7,8,72.9,76,2,2022-07-11 09:00:31
1657530031255529000,72.8,1,72.7,8,72.9,75,2,2022-07-11 09:00:31
1657530031297882000,72.9,1,72.8,1,72.9,74,1,2022-07-11 09:00:31
1657530031306697000,72.8,1,72.8,1,72.9,74,2,2022-07-11 09:00:31
1657530031337350000,72.8,1,72.7,8,72.9,75,2,2022-07-11 09:00:31
1657530031418910000,72.9,10,72.8,1,72.9,64,1,2022-07-11 09:00:31
1657530031421603000,72.8,1,72.7,8,72.8,5,2,2022-07-11 09:00:31
1657530031449851000,72.8,5,72.7,8,72.8,2,1,2022-07-11 09:00:31
1657530031449881000,72.8,2,72.7,8,72.9,64,1,2022-07-11 09:00:31
1657530031625952000,72.9,1,72.7,8,72.9,64,1,2022-07-11 09:00:31
1657530031643380000,72.9,6,72.7,8,72.9,57,1,2022-07-11 09:00:31
1657530031695655000,72.8,1,72.7,8,72.9,57,1,2022-07-11 09:00:31
1657530032024057000,72.9,1,72.7,8,72.9,56,1,2022-07-11 09:00:32
1657530032194834000,72.8,1,72.7,8,72.9,61,1,2022-07-11 09:00:32
1657530032249257000,72.9,8,72.7,8,72.9,56,1,2022-07-11 09:00:32
1657530032493825000,72.8,2,72.7,8,72.8,5,1,2022-07-11 09:00:32
1657530032681499000,72.8,5,72.7,8,72.8,1,1,2022-07-11 09:00:32
1657530032719344000,72.8,1,72.7,8,72.9,56,1,2022-07-11 09:00:32
1657530032768774000,72.9,1,72.7,8,72.9,55,1,2022-07-11 09:00:32
1657530032823939000,72.9,1,72.7,8,72.9,55,1,2022-07-11 09:00:32
1657530032839743000,72.9,2,72.7,8,72.9,53,1,2022-07-11 09:00:32
1657530032895230000,72.9,1,72.7,8,72.9,52,1,2022-07-11 09:00:32
1657530032906452000,72.9,1,72.7,8,72.9,51,1,2022-07-11 09:00:32
1657530032986228000,72.9,2,72.7,8,72.9,49,1,2022-07-11 09:00:32
1657530032987244000,72.9,1,72.7,8,72.9,48,1,2022-07-11 09:00:32
1657530033156804000,72.9,1,72.7,8,72.9,48,1,2022-07-11 09:00:33
1657530033188096000,72.9,1,72.7,8,72.9,47,1,2022-07-11 09:00:33
1657530033292571000,72.9,4,72.7,8,72.9,43,1,2022-07-11 09:00:33
1657530033437583000,72.9,1,72.7,8,72.9,43,1,2022-07-11 09:00:33
1657530033619750000,72.9,2,72.7,8,72.9,41,1,2022-07-11 09:00:33
1657530033630330000,72.9,1,72.7,8,72.9,40,1,2022-07-11 09:00:33
1657530033745585000,72.9,1,72.7,8,72.9,39,1,2022-07-11 09:00:33
1657530033938092000,72.9,1,72.7,9,72.9,38,1,2022-07-11 09:00:33
1657530034056367000,72.9,1,72.7,9,72.9,38,1,2022-07-11 09:00:34
1657530034093100000,72.9,5,72.7,9,72.9,33,1,2022-07-11 09:00:34
1657530034099454000,72.8,1,72.7,9,72.8,9,1,2022-07-11 09:00:34
1657530034119658000,72.8,9,72.7,9,72.8,10,1,2022-07-11 09:00:34
1657530034167647000,72.9,33,72.7,9,73.0,106,1,2022-07-11 09:00:34
1657530034167647000,73.0,17,72.7,9,73.0,106,1,2022-07-11 09:00:34
1657530034418346000,72.9,1,72.9,9,73.0,106,2,2022-07-11 09:00:34
1657530034421300000,73.0,1,72.9,9,73.0,105,1,2022-07-11 09:00:34
1657530034443124000,72.9,7,72.9,2,73.0,105,2,2022-07-11 09:00:34
1657530034468519000,72.9,2,72.8,1,73.0,106,2,2022-07-11 09:00:34
1657530034482538000,73.0,1,72.8,1,73.0,104,1,2022-07-11 09:00:34
1657530034505170000,72.9,1,72.8,1,73.0,104,1,2022-07-11 09:00:34
1657530034757100000,72.9,2,72.9,8,73.0,102,1,2022-07-11 09:00:34
1657530034766547000,73.0,1,72.9,8,73.0,101,1,2022-07-11 09:00:34
1657530034770002000,73.0,1,72.9,8,73.0,100,1,2022-07-11 09:00:34
1657530034786082000,72.9,8,72.8,1,73.0,100,2,2022-07-11 09:00:34
1657530034914334000,73.0,1,72.9,3,73.0,101,1,2022-07-11 09:00:34
1657530034954870000,72.9,2,72.9,1,73.0,99,2,2022-07-11 09:00:34
1657530035023444000,72.9,1,72.7,18,73.0,100,2,2022-07-11 09:00:35
1657530035023444000,72.8,1,72.7,18,73.0,100,2,2022-07-11 09:00:35
1657530035217025000,72.9,3,72.9,1,73.0,101,1,2022-07-11 09:00:35
1657530035246077000,72.9,1,72.7,18,73.0,101,2,2022-07-11 09:00:35
1657530035378132000,72.9,2,72.7,19,73.0,99,1,2022-07-11 09:00:35
1657530035483736000,72.9,1,72.7,20,73.0,99,2,2022-07-11 09:00:35
1657530035486334000,73.0,1,72.7,20,73.0,98,1,2022-07-11 09:00:35
1657530035565748000,72.9,1,72.8,4,73.0,98,2,2022-07-11 09:00:35
1657530035882488000,72.8,3,72.8,1,73.0,98,2,2022-07-11 09:00:35
1657530036126428000,73.0,1,72.9,1,73.0,98,1,2022-07-11 09:00:36
1657530036188852000,73.0,1,72.9,1,73.0,96,1,2022-07-11 09:00:36
1657530036221778000,73.0,1,72.9,1,73.0,95,1,2022-07-11 09:00:36
1657530036221863000,72.9,1,72.8,1,73.0,95,2,2022-07-11 09:00:36
1657530036221863000,72.8,2,72.8,1,73.0,95,2,2022-07-11 09:00:36
1657530036401402000,72.9,2,72.8,2,73.0,95,2,2022-07-11 09:00:36
1657530036672349000,72.9,1,72.8,2,72.9,14,1,2022-07-11 09:00:36
1657530036751075000,72.9,10,72.8,2,72.9,4,1,2022-07-11 09:00:36
1657530036884451000,72.9,1,72.8,2,72.9,3,1,2022-07-11 09:00:36
1657530036894992000,72.9,1,72.8,2,72.9,2,1,2022-07-11 09:00:36
1657530036962695000,72.9,1,72.8,2,72.9,1,1,2022-07-11 09:00:36
1657530036972977000,72.9,1,72.8,2,73.0,95,1,2022-07-11 09:00:36
1657530037159104000,72.9,3,72.8,2,73.0,95,1,2022-07-11 09:00:37
1657530037443440000,72.9,1,72.8,3,72.9,2,2,2022-07-11 09:00:37
1657530037478225000,72.9,1,72.8,3,72.9,1,1,2022-07-11 09:00:37
1657530037511343000,72.9,1,72.8,3,73.0,100,1,2022-07-11 09:00:37
1657530037668038000,72.9,1,72.8,3,72.9,4,1,2022-07-11 09:00:37
1657530037785903000,72.9,4,72.8,3,72.9,1,1,2022-07-11 09:00:37
1657530037856887000,72.9,1,72.8,3,73.0,100,1,2022-07-11 09:00:37
1657530037863886000,73.0,2,72.8,3,73.0,98,1,2022-07-11 09:00:37
1657530037901895000,72.9,1,72.8,4,73.0,98,2,2022-07-11 09:00:37
1657530038009817000,73.0,1,72.8,5,73.0,97,1,2022-07-11 09:00:38
1657530038519315000,72.9,1,72.8,5,72.9,12,1,2022-07-11 09:00:38
1657530038587331000,72.9,2,72.8,5,72.9,10,1,2022-07-11 09:00:38
1657530038664694000,72.9,10,72.9,10,73.0,96,1,2022-07-11 09:00:38
1657530038681863000,73.0,1,72.9,10,73.0,95,1,2022-07-11 09:00:38
1657530038783595000,73.0,1,72.9,12,73.0,94,1,2022-07-11 09:00:38
1657530038913885000,72.9,3,72.9,9,73.0,94,2,2022-07-11 09:00:38
1657530038932725000,73.0,10,72.9,9,73.0,84,1,2022-07-11 09:00:38
1657530038951089000,73.0,2,72.9,9,73.0,82,1,2022-07-11 09:00:38
1657530039467544000,72.9,1,72.9,10,73.0,83,2,2022-07-11 09:00:39
1657530039894891000,72.9,1,72.9,11,73.0,83,2,2022-07-11 09:00:39
1657530040011289000,72.9,3,72.9,8,73.0,82,2,2022-07-11 09:00:40
1657530040197184000,73.0,1,72.9,8,73.0,93,1,2022-07-11 09:00:40
1657530040237995000,73.0,2,72.9,8,73.0,91,1,2022-07-11 09:00:40
1657530040428066000,72.9,1,72.9,10,73.0,91,2,2022-07-11 09:00:40
1657530040468432000,73.0,5,72.9,10,73.0,89,1,2022-07-11 09:00:40
1657530040542344000,73.0,2,72.9,10,73.0,86,1,2022-07-11 09:00:40
1657530040557875000,72.9,1,72.9,9,73.0,86,2,2022-07-11 09:00:40
1657530040620924000,73.0,1,72.9,12,73.0,85,1,2022-07-11 09:00:40
1657530040674842000,73.0,10,72.9,12,73.0,75,1,2022-07-11 09:00:40
1657530040772568000,73.0,1,72.9,14,73.0,74,1,2022-07-11 09:00:40
1657530040808710000,73.0,1,72.9,14,73.0,73,1,2022-07-11 09:00:40
1657530040814511000,72.9,5,72.9,9,73.0,73,2,2022-07-11 09:00:40
1657530041029457000,73.0,1,72.9,18,73.0,72,1,2022-07-11 09:00:41
1657530041049635000,73.0,1,72.9,18,73.0,71,1,2022-07-11 09:00:41
1657530041270892000,73.0,6,72.9,19,73.0,66,1,2022-07-11 09:00:41
1657530041346826000,73.0,10,72.9,20,73.0,56,1,2022-07-11 09:00:41
1657530041368146000,73.0,2,72.9,20,73.0,54,1,2022-07-11 09:00:41
1657530041766462000,73.0,1,72.9,20,73.0,42,1,2022-07-11 09:00:41
1657530041768341000,72.9,1,72.9,19,73.0,42,2,2022-07-11 09:00:41
1657530041958362000,72.9,5,72.9,14,73.0,43,2,2022-07-11 09:00:41
1657530041960066000,73.0,1,72.9,14,73.0,42,1,2022-07-11 09:00:41
1657530042028151000,73.0,1,72.9,14,73.0,41,1,2022-07-11 09:00:42
1657530042085899000,73.0,3,72.9,14,73.0,38,1,2022-07-11 09:00:42
1657530042107079000,72.9,3,72.9,11,73.0,38,2,2022-07-11 09:00:42
1657530042142216000,73.0,1,72.9,19,73.0,43,1,2022-07-11 09:00:42
1657530042198892000,72.9,1,72.9,10,73.0,37,2,2022-07-11 09:00:42
1657530042256842000,73.0,5,72.9,10,73.0,34,1,2022-07-11 09:00:42
1657530042265969000,73.0,17,72.9,10,73.0,17,1,2022-07-11 09:00:42
1657530042308356000,72.9,8,72.9,2,73.0,17,2,2022-07-11 09:00:42
1657530042333307000,73.0,1,72.9,2,73.0,18,1,2022-07-11 09:00:42
1657530042335604000,72.9,2,72.8,28,72.9,1,2,2022-07-11 09:00:42
1657530042337655000,72.9,1,72.8,28,73.0,18,1,2022-07-11 09:00:42
1657530042402354000,73.0,1,72.8,29,73.0,17,1,2022-07-11 09:00:42
1657530042405127000,73.0,1,72.9,1,73.0,16,1,2022-07-11 09:00:42
1657530042522995000,73.0,9,72.9,2,73.0,7,1,2022-07-11 09:00:42
1657530042534274000,72.9,1,72.9,1,73.0,7,2,2022-07-11 09:00:42
1657530042543693000,73.0,2,72.9,1,73.0,5,1,2022-07-11 09:00:42
1657530042842279000,73.0,1,72.9,6,73.0,4,1,2022-07-11 09:00:42
1657530042867294000,73.0,2,72.9,6,73.0,2,1,2022-07-11 09:00:42
1657530042877098000,73.0,2,72.9,6,73.1,89,1,2022-07-11 09:00:42
1657530043164565000,73.0,1,73.0,6,73.1,89,2,2022-07-11 09:00:43
1657530043209160000,73.0,1,73.0,5,73.1,89,2,2022-07-11 09:00:43
1657530043471595000,73.1,1,73.0,8,73.1,88,1,2022-07-11 09:00:43
1657530043575463000,73.1,1,73.0,9,73.1,88,1,2022-07-11 09:00:43
1657530043990355000,73.0,1,73.0,9,73.1,87,2,2022-07-11 09:00:43
1657530044241866000,73.1,1,73.0,10,73.1,86,1,2022-07-11 09:00:44
1657530044399544000,73.1,3,73.0,11,73.1,83,1,2022-07-11 09:00:44
1657530044415901000,73.0,1,73.0,11,73.1,83,2,2022-07-11 09:00:44
1657530044843370000,73.1,7,73.0,17,73.1,76,1,2022-07-11 09:00:44
1657530045159968000,73.0,1,73.0,16,73.1,76,2,2022-07-11 09:00:45
1657530045294072000,73.1,1,73.0,16,73.1,75,1,2022-07-11 09:00:45
1657530045458188000,73.1,1,73.0,17,73.1,74,1,2022-07-11 09:00:45
1657530046170535000,73.1,1,73.0,21,73.1,73,1,2022-07-11 09:00:46
1657530046310810000,73.0,21,72.9,42,73.0,79,2,2022-07-11 09:00:46
1657530046316604000,73.0,1,72.9,42,73.0,78,1,2022-07-11 09:00:46
1657530046340127000,73.0,1,72.9,42,73.0,77,1,2022-07-11 09:00:46
1657530046521578000,73.0,1,72.9,43,73.0,76,1,2022-07-11 09:00:46
1657530046529917000,73.0,1,72.9,43,73.0,75,1,2022-07-11 09:00:46
1657530046789408000,73.0,10,72.9,48,73.0,76,1,2022-07-11 09:00:46
1657530047025299000,73.0,1,72.9,48,73.0,64,1,2022-07-11 09:00:47
1657530047044979000,73.0,1,72.9,48,73.0,63,1,2022-07-11 09:00:47
1657530047086783000,73.0,5,72.9,48,73.0,65,1,2022-07-11 09:00:47
1657530047160983000,73.0,2,72.9,48,73.0,56,1,2022-07-11 09:00:47
1657530047182682000,73.0,3,72.9,48,73.0,58,1,2022-07-11 09:00:47
1657530047222078000,73.0,1,72.9,48,73.0,57,1,2022-07-11 09:00:47
1657530047355965000,73.0,1,72.9,48,73.0,58,1,2022-07-11 09:00:47
1657530047577579000,73.0,1,72.9,48,73.0,57,1,2022-07-11 09:00:47
1657530047664712000,73.0,1,72.9,48,73.0,59,1,2022-07-11 09:00:47
1657530047666927000,72.9,11,72.9,37,73.0,59,2,2022-07-11 09:00:47
1657530047853948000,73.0,30,72.9,37,73.0,29,1,2022-07-11 09:00:47
1657530047869447000,72.9,2,72.9,35,73.0,31,2,2022-07-11 09:00:47
1657530047876568000,73.0,1,72.9,35,73.0,30,1,2022-07-11 09:00:47
1657530047888011000,73.0,1,72.9,35,73.0,38,1,2022-07-11 09:00:47
1657530048031447000,73.0,1,72.9,35,73.0,37,1,2022-07-11 09:00:48
1657530048212545000,73.0,1,72.9,36,73.0,47,1,2022-07-11 09:00:48
1657530048253477000,73.0,1,72.9,36,73.0,47,1,2022-07-11 09:00:48
1657530048259227000,72.9,1,72.9,35,73.0,47,2,2022-07-11 09:00:48
1657530048353483000,73.0,10,72.9,36,73.0,37,1,2022-07-11 09:00:48
1657530048357981000,73.0,1,72.9,36,73.0,36,1,2022-07-11 09:00:48
1657530048404754000,73.0,2,72.9,36,73.0,34,1,2022-07-11 09:00:48
1657530048424346000,73.0,1,72.9,36,73.0,33,1,2022-07-11 09:00:48
1657530048433430000,73.0,1,72.9,36,73.0,32,1,2022-07-11 09:00:48
1657530048439386000,72.9,1,72.9,35,73.0,32,2,2022-07-11 09:00:48
1657530048453307000,73.0,1,72.9,35,73.0,34,1,2022-07-11 09:00:48
1657530048579562000,73.0,1,72.9,35,73.0,39,1,2022-07-11 09:00:48
1657530048584658000,73.0,1,72.9,35,73.0,38,1,2022-07-11 09:00:48
1657530048585021000,72.9,1,72.9,34,73.0,38,2,2022-07-11 09:00:48
1657530048602142000,73.0,5,72.9,35,73.0,38,1,2022-07-11 09:00:48
1657530048718958000,73.0,2,72.9,35,73.0,34,1,2022-07-11 09:00:48
1657530048766516000,73.0,1,72.9,35,73.0,34,1,2022-07-11 09:00:48
1657530048836492000,73.0,1,72.9,35,73.0,33,1,2022-07-11 09:00:48
1657530048849415000,73.0,2,72.9,35,73.0,31,1,2022-07-11 09:00:48
1657530048860085000,73.0,5,72.9,35,73.0,26,1,2022-07-11 09:00:48
1657530048932185000,73.0,1,72.9,36,73.0,31,1,2022-07-11 09:00:48
1657530048953946000,73.0,2,72.9,36,73.0,29,1,2022-07-11 09:00:48
1657530048974962000,73.0,1,72.9,36,73.0,28,1,2022-07-11 09:00:48
1657530048987379000,73.0,10,72.9,36,73.0,18,1,2022-07-11 09:00:48
1657530049009150000,72.9,1,72.9,35,73.0,18,2,2022-07-11 09:00:49
1657530049180819000,73.0,1,72.9,35,73.0,19,1,2022-07-11 09:00:49
1657530049387081000,73.0,1,72.9,36,73.0,18,1,2022-07-11 09:00:49
1657530049618795000,73.0,1,72.9,36,73.0,17,1,2022-07-11 09:00:49
1657530049646170000,73.0,1,72.9,36,73.0,18,1,2022-07-11 09:00:49
1657530049701204000,72.9,5,72.9,31,73.0,16,2,2022-07-11 09:00:49
1657530049713622000,73.0,1,72.9,31,73.0,15,1,2022-07-11 09:00:49
1657530049716156000,72.9,27,72.9,4,73.0,15,2,2022-07-11 09:00:49
1657530049716776000,72.9,4,72.8,45,73.0,15,2,2022-07-11 09:00:49
1657530049752850000,73.0,2,72.8,45,73.0,15,1,2022-07-11 09:00:49
1657530049780809000,72.9,1,72.9,5,73.0,15,2,2022-07-11 09:00:49
1657530049860284000,73.0,3,72.9,6,73.0,12,1,2022-07-11 09:00:49
1657530049866400000,73.0,1,72.9,6,73.0,11,1,2022-07-11 09:00:49
1657530049919504000,72.9,6,72.8,36,73.0,9,2,2022-07-11 09:00:49
1657530049919504000,72.8,9,72.8,36,73.0,9,2,2022-07-11 09:00:49
1657530049955149000,73.0,1,72.8,36,73.0,11,1,2022-07-11 09:00:49
1657530050161237000,72.9,1,72.8,37,72.9,1,1,2022-07-11 09:00:50
1657530050188274000,73.0,1,72.8,37,73.0,8,1,2022-07-11 09:00:50
1657530050255494000,73.0,3,72.8,37,73.0,5,1,2022-07-11 09:00:50
1657530050264024000,73.0,1,72.8,37,73.0,4,1,2022-07-11 09:00:50
1657530050391776000,72.9,1,72.8,37,73.0,10,1,2022-07-11 09:00:50
1657530050391776000,73.0,4,72.8,37,73.0,10,1,2022-07-11 09:00:50
1657530050463206000,73.0,2,72.8,37,73.0,8,1,2022-07-11 09:00:50
1657530050710342000,73.0,12,72.9,1,73.1,73,1,2022-07-11 09:00:50
1657530050761206000,72.9,1,72.8,37,73.0,1,2,2022-07-11 09:00:50
1657530050914468000,73.0,1,72.9,1,73.1,73,1,2022-07-11 09:00:50
1657530050933047000,73.0,1,72.9,1,73.1,73,1,2022-07-11 09:00:50
1657530051031700000,73.0,3,73.0,2,73.1,73,1,2022-07-11 09:00:51
1657530051059054000,73.0,2,72.8,37,72.9,7,2,2022-07-11 09:00:51
1657530051059054000,72.9,1,72.8,37,72.9,7,2,2022-07-11 09:00:51
1657530051103753000,72.8,2,72.8,35,72.9,11,2,2022-07-11 09:00:51
1657530051131861000,72.9,1,72.8,35,72.9,10,1,2022-07-11 09:00:51
1657530051152985000,72.9,1,72.8,35,72.9,10,1,2022-07-11 09:00:51
1657530051423021000,72.9,1,72.8,35,72.9,6,1,2022-07-11 09:00:51
1657530051443577000,72.9,1,72.8,35,72.9,5,1,2022-07-11 09:00:51
1657530051547040000,72.9,5,73.0,17,73.1,71,1,2022-07-11 09:00:51
1657530051547040000,73.0,8,73.0,17,73.1,71,1,2022-07-11 09:00:51
1657530051577998000,73.0,17,72.8,35,73.1,71,2,2022-07-11 09:00:51
1657530051609433000,73.1,2,72.8,35,73.1,69,1,2022-07-11 09:00:51
1657530051645673000,73.0,2,72.8,35,73.0,3,1,2022-07-11 09:00:51
1657530051676191000,73.0,1,73.0,1,73.1,69,1,2022-07-11 09:00:51
1657530051701086000,73.0,1,72.8,35,73.1,69,2,2022-07-11 09:00:51
1657530051843606000,72.8,6,72.8,29,73.1,69,2,2022-07-11 09:00:51
1657530051987983000,73.0,1,72.8,29,73.1,69,2,2022-07-11 09:00:51
1657530052153907000,73.0,1,72.9,1,73.0,3,1,2022-07-11 09:00:52
1657530052276245000,73.0,1,72.9,1,73.0,2,1,2022-07-11 09:00:52
1657530052421666000,72.9,2,72.8,35,73.0,2,2,2022-07-11 09:00:52
1657530053045544000,73.0,2,73.0,8,73.1,69,1,2022-07-11 09:00:53
1657530053075928000,73.0,8,72.8,43,73.1,69,2,2022-07-11 09:00:53
1657530053100378000,73.0,3,72.8,43,73.0,3,1,2022-07-11 09:00:53
1657530053216907000,72.9,2,72.8,43,73.0,3,1,2022-07-11 09:00:53
1657530053222027000,72.8,2,72.8,41,73.0,3,2,2022-07-11 09:00:53
1657530053227643000,73.0,1,72.8,41,73.0,2,1,2022-07-11 09:00:53
1657530053271964000,73.0,1,72.8,41,73.0,2,1,2022-07-11 09:00:53
1657530053312208000,73.0,1,72.8,41,73.0,1,1,2022-07-11 09:00:53
1657530053457072000,73.0,1,72.8,41,73.0,8,1,2022-07-11 09:00:53
1657530053549237000,72.9,3,72.8,42,73.0,9,2,2022-07-11 09:00:53
1657530053561411000,73.0,3,72.8,42,73.0,6,1,2022-07-11 09:00:53
1657530053567784000,73.0,1,72.9,3,73.0,9,1,2022-07-11 09:00:53
1657530053948876000,72.9,2,73.0,2,73.1,69,1,2022-07-11 09:00:53
1657530053948876000,73.0,6,73.0,2,73.1,69,1,2022-07-11 09:00:53
1657530053979599000,73.0,2,72.9,1,73.1,69,2,2022-07-11 09:00:53
1657530054321999000,72.9,1,72.8,43,72.9,4,2,2022-07-11 09:00:54
1657530054376492000,72.9,3,72.8,43,72.9,1,1,2022-07-11 09:00:54
1657530054450105000,72.9,1,72.8,43,73.1,68,1,2022-07-11 09:00:54
1657530054450105000,73.1,1,72.8,43,73.1,68,1,2022-07-11 09:00:54
1657530054464572000,73.1,2,72.8,43,73.1,66,1,2022-07-11 09:00:54
1657530054551905000,73.0,1,72.8,43,73.1,66,1,2022-07-11 09:00:54
1657530054688440000,72.9,10,72.8,43,73.0,11,2,2022-07-11 09:00:54
1657530054735669000,73.0,1,72.8,43,73.0,11,1,2022-07-11 09:00:54
1657530054778296000,73.0,8,72.8,43,73.0,3,1,2022-07-11 09:00:54
1657530055129273000,73.0,1,72.9,2,73.0,3,1,2022-07-11 09:00:55
1657530055182300000,72.9,2,72.8,43,73.0,10,2,2022-07-11 09:00:55
1657530055306569000,73.0,10,72.8,43,73.1,48,1,2022-07-11 09:00:55
1657530055306569000,73.1,20,72.8,43,73.1,48,1,2022-07-11 09:00:55
1657530055575688000,73.0,1,72.9,2,73.0,4,1,2022-07-11 09:00:55
1657530055630507000,73.0,1,72.9,2,73.0,5,1,2022-07-11 09:00:55
1657530055713851000,73.0,1,72.9,2,73.0,2,1,2022-07-11 09:00:55
1657530055824628000,73.0,1,72.9,2,73.0,1,1,2022-07-11 09:00:55
1657530056203277000,73.0,1,72.9,2,73.0,1,1,2022-07-11 09:00:56
1657530056211828000,72.9,1,72.9,1,73.0,1,2,2022-07-11 09:00:56
1657530056533636000,73.0,1,73.0,4,73.1,48,1,2022-07-11 09:00:56
1657530056546841000,73.0,2,73.0,2,73.1,48,2,2022-07-11 09:00:56
1657530056559291000,73.0,2,72.9,1,73.1,48,2,2022-07-11 09:00:56
1657530056692795000,73.0,1,72.9,1,73.1,48,2,2022-07-11 09:00:56
1657530056692811000,72.9,1,72.8,44,73.1,48,2,2022-07-11 09:00:56
1657530056717503000,73.1,1,72.8,44,73.1,47,1,2022-07-11 09:00:56
1657530057047869000,73.0,1,72.8,45,73.0,10,1,2022-07-11 09:00:57
1657530057239754000,73.0,1,72.8,45,73.0,10,1,2022-07-11 09:00:57
1657530057340960000,72.9,1,72.8,45,73.0,13,1,2022-07-11 09:00:57
1657530057566659000,73.0,1,72.8,45,73.0,12,1,2022-07-11 09:00:57
1657530057614443000,73.0,1,72.8,45,72.9,1,1,2022-07-11 09:00:57
1657530057696733000,73.0,1,72.8,45,73.0,10,1,2022-07-11 09:00:57
1657530057776439000,73.0,2,72.8,45,73.0,10,1,2022-07-11 09:00:57
1657530057807691000,73.0,2,72.8,45,73.0,8,1,2022-07-11 09:00:57
1657530057999678000,72.9,2,72.8,45,72.9,2,1,2022-07-11 09:00:57
1657530058361841000,72.9,1,72.8,46,72.9,4,1,2022-07-11 09:00:58
1657530058454811000,72.9,1,72.8,46,72.9,3,1,2022-07-11 09:00:58
1657530058458460000,72.9,3,72.9,7,73.0,9,1,2022-07-11 09:00:58
1657530058621842000,73.0,1,72.9,9,73.0,9,1,2022-07-11 09:00:58
1657530058696808000,73.0,1,72.9,10,73.0,7,1,2022-07-11 09:00:58
1657530058898899000,72.9,1,72.9,12,73.0,7,2,2022-07-11 09:00:58
1657530059642269000,73.0,1,72.9,13,73.0,14,1,2022-07-11 09:00:59
1657530059998903000,73.0,1,72.9,15,73.0,12,1,2022-07-11 09:00:59
1657530060130986000,73.0,1,72.9,15,73.0,13,1,2022-07-11 09:01:00
1657530060251210000,73.0,1,72.9,16,73.0,10,1,2022-07-11 09:01:00
1657530060303521000,73.0,5,72.9,16,73.0,13,1,2022-07-11 09:01:00
1657530060327353000,72.9,3,72.9,13,73.0,13,2,2022-07-11 09:01:00
1657530060507977000,72.9,8,72.9,5,73.0,17,2,2022-07-11 09:01:00
1657530060538799000,72.9,5,72.8,51,73.0,19,2,2022-07-11 09:01:00
1657530060668472000,73.0,2,72.8,51,73.0,18,1,2022-07-11 09:01:00
1657530060854785000,72.8,2,72.8,49,72.9,1,2,2022-07-11 09:01:00
1657530060868663000,72.8,2,72.8,48,72.9,7,2,2022-07-11 09:01:00
1657530060899221000,72.8,3,72.8,45,72.9,10,2,2022-07-11 09:01:00
1657530061043949000,72.8,15,72.8,30,72.9,25,2,2022-07-11 09:01:01
1657530061074624000,72.8,30,72.7,54,72.9,25,2,2022-07-11 09:01:01
1657530061097446000,72.9,1,72.7,54,72.9,24,1,2022-07-11 09:01:01
1657530061106127000,72.7,5,72.7,48,72.9,24,2,2022-07-11 09:01:01
1657530061108864000,72.8,1,72.7,48,72.8,1,1,2022-07-11 09:01:01
1657530061156752000,72.8,2,72.7,49,72.9,14,1,2022-07-11 09:01:01
1657530061156752000,72.9,8,72.7,49,72.9,14,1,2022-07-11 09:01:01
1657530061397438000,72.8,2,72.7,44,72.9,14,2,2022-07-11 09:01:01
1657530061468954000,72.8,1,72.7,44,72.9,14,2,2022-07-11 09:01:01
1657530061673110000,72.9,2,72.7,44,72.9,12,1,2022-07-11 09:01:01
1657530061722080000,72.9,2,72.7,44,72.9,10,1,2022-07-11 09:01:01
1657530061725213000,72.9,1,72.7,44,72.9,9,1,2022-07-11 09:01:01
1657530061974917000,72.7,9,72.7,35,72.8,9,2,2022-07-11 09:01:01
1657530062013894000,72.8,3,72.7,35,72.8,8,1,2022-07-11 09:01:02
1657530062068312000,72.8,1,72.7,35,72.8,5,1,2022-07-11 09:01:02
1657530062114146000,72.8,1,72.7,35,72.8,5,1,2022-07-11 09:01:02
1657530062526990000,72.8,1,72.7,35,72.8,4,1,2022-07-11 09:01:02
1657530062554239000,72.8,1,72.7,35,72.8,3,1,2022-07-11 09:01:02
1657530062566402000,72.8,1,72.7,35,72.8,2,1,2022-07-11 09:01:02
1657530062735338000,72.8,1,72.7,35,72.8,2,1,2022-07-11 09:01:02
1657530062766752000,72.8,1,72.7,35,72.8,1,1,2022-07-11 09:01:02
1657530062857311000,72.8,1,72.7,35,72.8,1,1,2022-07-11 09:01:02
1657530062985175000,72.8,1,72.7,35,72.9,57,1,2022-07-11 09:01:02
1657530063128691000,72.8,1,72.7,35,72.9,57,2,2022-07-11 09:01:03
1657530063490659000,72.8,1,72.7,35,72.8,1,1,2022-07-11 09:01:03
1657530063573237000,72.8,1,72.7,35,72.8,2,1,2022-07-11 09:01:03
1657530063660810000,72.9,1,72.7,35,72.9,57,1,2022-07-11 09:01:03
1657530063733398000,72.8,1,72.7,35,72.9,57,2,2022-07-11 09:01:03
1657530063853534000,72.8,1,72.7,36,72.9,57,1,2022-07-11 09:01:03
1657530063900646000,72.9,2,72.7,36,72.9,55,1,2022-07-11 09:01:03
1657530064130748000,72.7,1,72.7,36,72.8,1,2,2022-07-11 09:01:04
1657530064165474000,72.7,6,72.7,29,72.9,55,2,2022-07-11 09:01:04
1657530064318056000,72.8,1,72.8,1,72.9,55,2,2022-07-11 09:01:04
1657530064318153000,72.8,1,72.7,29,72.9,55,2,2022-07-11 09:01:04
1657530064801826000,72.8,1,72.7,29,72.9,56,2,2022-07-11 09:01:04
1657530064925826000,72.7,5,72.7,25,72.9,56,2,2022-07-11 09:01:04
1657530065187375000,72.7,25,72.6,31,72.8,3,2,2022-07-11 09:01:05
1657530065627886000,72.7,1,72.6,31,72.7,3,1,2022-07-11 09:01:05
1657530065650548000,72.6,1,72.6,30,72.7,2,2,2022-07-11 09:01:05
1657530066023295000,72.6,1,72.6,29,72.7,2,2,2022-07-11 09:01:06
1657530066125099000,72.7,2,72.6,20,72.7,2,1,2022-07-11 09:01:06
1657530066437138000,72.8,2,72.6,20,72.8,2,1,2022-07-11 09:01:06
1657530066524940000,72.8,1,72.6,20,72.8,1,1,2022-07-11 09:01:06
1657530066732733000,72.8,1,72.6,20,72.9,56,1,2022-07-11 09:01:06
1657530066736103000,72.6,6,72.6,14,72.9,56,2,2022-07-11 09:01:06
1657530066769650000,72.6,14,72.5,74,72.9,56,2,2022-07-11 09:01:06
1657530066810048000,72.8,1,72.6,4,72.9,56,2,2022-07-11 09:01:06
1657530066840975000,72.7,1,72.6,4,72.9,56,2,2022-07-11 09:01:06
1657530067345749000,72.7,1,72.6,4,72.8,3,2,2022-07-11 09:01:07
1657530067567316000,72.8,1,72.6,4,72.8,3,1,2022-07-11 09:01:07
1657530067840747000,72.8,1,72.6,3,72.8,1,1,2022-07-11 09:01:07
1657530068240471000,72.8,1,72.7,2,72.9,5,1,2022-07-11 09:01:08
1657530068240471000,72.9,49,72.7,2,72.9,5,1,2022-07-11 09:01:08
1657530070229423000,72.8,2,72.7,2,72.9,7,1,2022-07-11 09:01:10
1657530070439732000,72.9,1,72.7,2,72.9,6,1,2022-07-11 09:01:10
1657530070622696000,72.9,3,72.7,2,72.9,9,1,2022-07-11 09:01:10
1657530070759669000,72.7,1,72.7,1,72.9,6,2,2022-07-11 09:01:10
1657530070813988000,72.7,1,72.6,7,72.9,6,2,2022-07-11 09:01:10
1657530070813988000,72.6,4,72.6,7,72.9,6,2,2022-07-11 09:01:10
1657530071300749000,72.7,1,72.7,3,72.9,8,2,2022-07-11 09:01:11
1657530071496059000,72.7,1,72.7,3,72.9,8,2,2022-07-11 09:01:11
1657530071520360000,72.7,1,72.7,4,72.9,8,2,2022-07-11 09:01:11
1657530071881739000,72.9,2,72.7,6,72.9,11,1,2022-07-11 09:01:11
1657530072022082000,72.8,1,72.7,6,72.9,11,2,2022-07-11 09:01:12
1657530072415190000,72.9,1,72.7,7,72.9,10,1,2022-07-11 09:01:12
1657530072458156000,72.8,1,72.7,7,72.8,2,1,2022-07-11 09:01:12
1657530072532943000,72.8,1,72.7,7,72.8,6,1,2022-07-11 09:01:12
1657530072734670000,72.8,1,72.7,7,72.8,8,1,2022-07-11 09:01:12
1657530072883176000,72.8,1,72.7,7,72.8,7,1,2022-07-11 09:01:12
1657530072893984000,72.8,2,72.7,7,72.8,5,1,2022-07-11 09:01:12
1657530072901749000,72.8,1,72.7,7,72.8,4,1,2022-07-11 09:01:12
1657530072996095000,72.8,1,72.7,7,72.8,3,1,2022-07-11 09:01:12
1657530073039668000,72.7,1,72.7,6,72.8,3,2,2022-07-11 09:01:13
1657530073048076000,72.7,6,72.6,14,72.8,3,2,2022-07-11 09:01:13
1657530073092699000,72.8,2,72.6,18,72.8,1,1,2022-07-11 09:01:13
1657530073110334000,72.8,1,72.6,18,72.8,3,1,2022-07-11 09:01:13
1657530073830208000,72.7,2,72.7,1,72.8,3,2,2022-07-11 09:01:13
1657530073902438000,72.8,2,72.7,1,72.8,2,1,2022-07-11 09:01:13
1657530074053314000,72.7,1,72.7,1,72.8,2,2,2022-07-11 09:01:14
1657530074324467000,72.6,1,72.6,21,72.7,4,2,2022-07-11 09:01:14
1657530074596042000,72.7,1,72.6,16,72.7,3,1,2022-07-11 09:01:14
1657530074658341000,72.7,1,72.6,16,72.7,4,1,2022-07-11 09:01:14
1657530074724136000,72.7,1,72.6,17,72.7,1,1,2022-07-11 09:01:14
1657530074787461000,72.7,1,72.6,17,72.8,9,1,2022-07-11 09:01:14
1657530074912220000,72.8,2,72.6,18,72.8,7,1,2022-07-11 09:01:14
1657530075066260000,72.8,8,72.6,18,72.9,16,1,2022-07-11 09:01:15
1657530075066260000,72.9,2,72.6,18,72.9,16,1,2022-07-11 09:01:15
1657530075272810000,72.9,2,72.6,18,72.9,17,1,2022-07-11 09:01:15
1657530075456573000,72.9,5,72.6,20,72.9,12,1,2022-07-11 09:01:15
1657530075590141000,72.8,1,72.6,20,72.8,1,1,2022-07-11 09:01:15
1657530075650593000,72.6,1,72.6,20,72.8,2,2,2022-07-11 09:01:15
1657530075859336000,72.8,1,72.6,19,72.9,12,1,2022-07-11 09:01:15
1657530075925653000,72.9,2,72.6,19,72.9,10,1,2022-07-11 09:01:15
1657530076015108000,72.7,1,72.6,19,72.9,12,1,2022-07-11 09:01:16
1657530076123113000,72.9,1,72.7,3,72.9,12,1,2022-07-11 09:01:16
1657530076540810000,72.7,1,72.7,2,72.8,3,2,2022-07-11 09:01:16
1657530076781379000,72.8,1,72.7,3,72.8,5,1,2022-07-11 09:01:16
1657530076936085000,72.7,3,72.6,23,72.8,5,2,2022-07-11 09:01:16
1657530076942990000,72.8,2,72.6,23,72.8,3,1,2022-07-11 09:01:16
1657530077326360000,72.7,6,72.6,24,72.8,6,2,2022-07-11 09:01:17
1657530077374141000,72.7,1,72.7,4,72.8,6,2,2022-07-11 09:01:17
1657530077960145000,72.8,2,72.7,4,72.8,4,1,2022-07-11 09:01:17
1657530077992600000,72.7,1,72.7,3,72.8,6,2,2022-07-11 09:01:17
1657530078366246000,72.7,2,72.7,1,72.8,6,2,2022-07-11 09:01:18
1657530078470631000,72.7,1,72.6,28,72.7,14,2,2022-07-11 09:01:18
1657530078776478000,72.7,5,72.6,27,72.7,10,1,2022-07-11 09:01:18
1657530078807673000,72.6,1,72.6,26,72.7,10,2,2022-07-11 09:01:18
1657530078813881000,72.6,1,72.6,25,72.7,10,2,2022-07-11 09:01:18
1657530078957028000,72.7,2,72.6,30,72.7,8,1,2022-07-11 09:01:18
1657530078978191000,72.7,1,72.6,30,72.7,7,1,2022-07-11 09:01:18
1657530079032915000,72.7,1,72.6,30,72.7,6,1,2022-07-11 09:01:19
1657530079053175000,72.7,1,72.6,30,72.7,5,1,2022-07-11 09:01:19
1657530079244705000,72.6,1,72.6,29,72.7,5,2,2022-07-11 09:01:19
1657530079428823000,72.6,2,72.6,28,72.7,10,2,2022-07-11 09:01:19
1657530079562556000,72.7,2,72.6,28,72.7,8,1,2022-07-11 09:01:19
1657530079647535000,72.7,1,72.6,28,72.7,10,1,2022-07-11 09:01:19
1657530079770812000,72.7,1,72.6,28,72.7,6,1,2022-07-11 09:01:19
1657530079988144000,72.7,2,72.6,28,72.7,4,1,2022-07-11 09:01:19
1657530080025959000,72.7,1,72.6,28,72.7,6,1,2022-07-11 09:01:20
1657530080237779000,72.7,1,72.6,28,72.7,2,1,2022-07-11 09:01:20
1657530080861437000,72.6,10,72.6,22,72.7,2,2,2022-07-11 09:01:20
1657530081011288000,72.7,2,72.7,3,72.8,8,1,2022-07-11 09:01:21
1657530081072748000,72.8,5,72.7,3,72.8,3,1,2022-07-11 09:01:21
1657530081206851000,72.8,1,72.7,3,72.8,2,1,2022-07-11 09:01:21
1657530081222128000,72.8,1,72.7,3,72.8,1,1,2022-07-11 09:01:21
1657530081463219000,72.7,3,72.6,15,72.8,1,2,2022-07-11 09:01:21
1657530081463219000,72.6,7,72.6,15,72.8,1,2,2022-07-11 09:01:21
1657530081589676000,72.7,1,72.6,15,72.7,1,1,2022-07-11 09:01:21
1657530081712510000,72.8,1,72.8,24,72.9,13,1,2022-07-11 09:01:21
1657530081744695000,72.8,2,72.8,23,72.9,13,2,2022-07-11 09:01:21
1657530082229167000,72.8,1,72.8,22,72.9,13,2,2022-07-11 09:01:22
1657530082266667000,72.8,1,72.8,21,72.9,13,2,2022-07-11 09:01:22
1657530082322606000,72.8,2,72.8,19,72.9,13,2,2022-07-11 09:01:22
1657530082944401000,72.9,2,72.8,19,72.9,11,1,2022-07-11 09:01:22
1657530083031598000,72.9,1,72.8,19,72.9,10,1,2022-07-11 09:01:23
1657530083424830000,72.8,1,72.8,18,72.9,9,2,2022-07-11 09:01:23
1657530083601604000,72.8,2,72.8,16,72.9,9,2,2022-07-11 09:01:23
1657530083646269000,72.8,4,72.8,12,72.9,9,2,2022-07-11 09:01:23
1657530084761465000,72.8,1,72.8,13,72.9,12,2,2022-07-11 09:01:24
1657530084894517000,72.8,3,72.8,10,72.9,12,2,2022-07-11 09:01:24
1657530085003567000,72.8,1,72.8,13,72.9,12,2,2022-07-11 09:01:25
1657530085755646000,72.9,1,72.8,9,72.9,11,1,2022-07-11 09:01:25
1657530085960798000,72.8,1,72.8,9,72.9,11,2,2022-07-11 09:01:25
1657530085971743000,72.9,1,72.8,9,72.9,10,1,2022-07-11 09:01:25
1657530086933849000,72.8,4,72.8,7,72.9,13,2,2022-07-11 09:01:26
1657530086934803000,72.8,2,72.8,5,72.9,11,2,2022-07-11 09:01:26
1657530087013420000,72.8,2,72.8,5,72.9,11,2,2022-07-11 09:01:27
1657530087089994000,72.9,2,72.8,5,72.9,9,1,2022-07-11 09:01:27
1657530088164825000,72.8,1,72.8,8,72.9,11,2,2022-07-11 09:01:28
1657530088298739000,72.8,1,72.8,7,72.9,11,2,2022-07-11 09:01:28
1657530088318280000,72.9,1,72.8,8,72.9,10,1,2022-07-11 09:01:28
1657530088689843000,72.9,1,72.8,9,72.9,9,1,2022-07-11 09:01:28
1657530088954591000,72.9,2,72.8,11,72.9,7,1,2022-07-11 09:01:28
1657530089089671000,72.8,1,72.8,20,72.9,7,2,2022-07-11 09:01:29
1657530089225547000,72.9,1,72.8,20,72.9,6,1,2022-07-11 09:01:29
1657530089286031000,72.8,3,72.8,17,72.9,6,2,2022-07-11 09:01:29
1657530089381643000,72.9,5,72.8,17,72.9,2,1,2022-07-11 09:01:29
1657530089559270000,72.9,1,72.8,17,73.0,93,1,2022-07-11 09:01:29
1657530089559270000,73.0,1,72.8,17,73.0,93,1,2022-07-11 09:01:29
1657530089808630000,72.9,1,72.8,18,73.0,93,1,2022-07-11 09:01:29
1657530090850439000,72.8,1,72.8,25,73.0,94,2,2022-07-11 09:01:30
1657530091038969000,72.9,3,72.8,25,72.9,5,1,2022-07-11 09:01:31
1657530091200348000,72.9,1,72.8,26,72.9,4,1,2022-07-11 09:01:31
1657530091261914000,72.9,1,72.8,26,72.9,3,1,2022-07-11 09:01:31
1657530091675260000,72.9,1,72.8,27,72.9,3,1,2022-07-11 09:01:31
1657530091753008000,72.9,1,72.8,27,72.9,1,1,2022-07-11 09:01:31
1657530092045713000,72.9,2,72.8,29,72.9,1,1,2022-07-11 09:01:32
1657530092142178000,72.9,1,72.9,9,73.0,94,1,2022-07-11 09:01:32
1657530092272845000,72.9,2,72.9,7,73.0,94,2,2022-07-11 09:01:32
1657530092298397000,72.9,2,72.9,5,73.0,94,2,2022-07-11 09:01:32
1657530092325225000,72.9,1,72.9,4,73.0,96,2,2022-07-11 09:01:32
1657530093128841000,72.9,2,72.9,4,73.0,98,2,2022-07-11 09:01:33
1657530093335010000,73.0,1,72.9,5,73.0,97,1,2022-07-11 09:01:33
1657530093749517000,72.9,1,72.9,5,73.0,97,2,2022-07-11 09:01:33
1657530093819346000,73.0,1,72.9,5,73.0,96,1,2022-07-11 09:01:33
1657530094026694000,73.0,4,72.9,5,73.0,92,1,2022-07-11 09:01:34
1657530094133419000,72.9,2,72.9,3,73.0,91,2,2022-07-11 09:01:34
1657530094196254000,73.0,1,72.9,3,73.0,91,1,2022-07-11 09:01:34
1657530094793160000,72.9,6,72.8,37,73.0,90,2,2022-07-11 09:01:34
1657530094793160000,72.8,4,72.8,37,73.0,90,2,2022-07-11 09:01:34
1657530094834627000,72.9,1,72.8,37,73.0,90,2,2022-07-11 09:01:34
1657530094905635000,72.8,1,72.8,35,73.0,91,2,2022-07-11 09:01:34
1657530095170125000,72.9,1,72.8,37,72.9,1,1,2022-07-11 09:01:35
1657530095679014000,73.0,2,72.8,38,73.0,89,1,2022-07-11 09:01:35
1657530095757451000,72.9,1,72.8,39,73.0,80,1,2022-07-11 09:01:35
1657530095757451000,73.0,9,72.8,39,73.0,80,1,2022-07-11 09:01:35
1657530095840341000,72.9,1,72.8,39,73.0,81,1,2022-07-11 09:01:35
1657530095895350000,73.0,5,72.8,40,73.0,76,1,2022-07-11 09:01:35
1657530095967792000,73.0,15,72.8,40,73.0,60,1,2022-07-11 09:01:35
1657530096125046000,72.9,3,72.9,3,73.0,60,2,2022-07-11 09:01:36
1657530096191300000,72.9,3,72.8,36,73.0,60,2,2022-07-11 09:01:36
1657530096191300000,72.8,4,72.8,36,73.0,60,2,2022-07-11 09:01:36
1657530096323513000,72.9,1,72.8,36,73.0,60,1,2022-07-11 09:01:36
1657530097370758000,73.0,1,72.9,2,73.0,60,1,2022-07-11 09:01:37
1657530097643682000,72.9,2,72.9,2,73.0,61,2,2022-07-11 09:01:37
1657530097976569000,73.0,10,72.9,1,73.0,50,1,2022-07-11 09:01:37
1657530097984927000,72.9,1,72.8,36,73.0,50,2,2022-07-11 09:01:37
1657530098716227000,72.8,1,72.8,36,72.9,2,2,2022-07-11 09:01:38
1657530099064163000,72.8,1,72.8,35,72.9,6,2,2022-07-11 09:01:39
1657530099149535000,72.9,2,72.8,35,72.9,6,1,2022-07-11 09:01:39
1657530099186637000,72.9,3,72.8,35,72.9,1,1,2022-07-11 09:01:39
1657530099316502000,72.9,1,72.8,35,73.0,50,1,2022-07-11 09:01:39
1657530099316502000,73.0,1,72.8,35,73.0,50,1,2022-07-11 09:01:39
1657530099567469000,72.9,2,72.8,34,72.9,11,1,2022-07-11 09:01:39
1657530099805616000,72.8,1,72.8,34,72.9,11,2,2022-07-11 09:01:39
1657530099921297000,72.9,2,72.8,34,72.9,9,1,2022-07-11 09:01:39
1657530100121744000,72.9,1,72.8,34,72.9,9,1,2022-07-11 09:01:40
1657530100121883000,72.9,1,72.8,34,72.9,8,1,2022-07-11 09:01:40
1657530100181865000,72.9,1,72.8,34,72.9,10,1,2022-07-11 09:01:40
1657530100210501000,72.9,1,72.8,34,72.9,6,1,2022-07-11 09:01:40
1657530100463696000,72.9,1,72.8,34,72.9,7,1,2022-07-11 09:01:40
1657530100728975000,72.9,1,72.8,35,72.9,9,1,2022-07-11 09:01:40
1657530100966535000,72.9,1,72.8,38,72.9,8,1,2022-07-11 09:01:40
1657530101007501000,72.9,1,72.8,38,72.9,7,1,2022-07-11 09:01:41
1657530101009039000,72.9,2,72.8,38,72.9,5,1,2022-07-11 09:01:41
1657530101340688000,72.9,1,72.8,38,72.9,5,1,2022-07-11 09:01:41
1657530101433046000,72.9,1,72.8,38,72.9,4,1,2022-07-11 09:01:41
1657530101452034000,72.9,1,72.8,38,72.9,3,1,2022-07-11 09:01:41
1657530102228898000,72.9,1,72.8,38,72.9,10,1,2022-07-11 09:01:42
1657530102246359000,72.9,1,72.8,38,72.9,9,1,2022-07-11 09:01:42
1657530102250590000,72.9,1,72.8,38,72.9,8,1,2022-07-11 09:01:42
1657530102659982000,72.9,1,72.8,39,72.9,9,1,2022-07-11 09:01:42
1657530102873085000,72.9,1,72.8,40,72.9,11,1,2022-07-11 09:01:42
1657530102886690000,72.9,1,72.8,39,72.9,10,1,2022-07-11 09:01:42
1657530103002496000,72.9,1,72.8,39,72.9,10,1,2022-07-11 09:01:43
1657530103259143000,72.9,1,72.8,39,72.9,8,1,2022-07-11 09:01:43
1657530103290678000,72.9,5,72.8,39,72.9,3,1,2022-07-11 09:01:43
1657530103304883000,72.9,1,72.8,39,72.9,2,1,2022-07-11 09:01:43
1657530103355708000,72.8,1,72.8,38,73.0,59,2,2022-07-11 09:01:43
1657530104294173000,72.9,3,72.9,16,73.0,59,2,2022-07-11 09:01:44
1657530104338262000,72.9,1,72.9,15,73.0,60,2,2022-07-11 09:01:44
1657530104599427000,72.9,3,72.9,14,73.0,60,2,2022-07-11 09:01:44
1657530104702633000,72.9,3,72.9,11,73.0,60,2,2022-07-11 09:01:44
1657530104861801000,72.9,1,72.9,10,73.0,60,2,2022-07-11 09:01:44
1657530105084086000,73.0,1,72.9,13,73.0,61,1,2022-07-11 09:01:45
1657530105951337000,72.9,1,72.9,19,73.0,61,2,2022-07-11 09:01:45
1657530106327144000,73.0,1,72.9,26,73.0,60,1,2022-07-11 09:01:46
1657530107491169000,72.9,15,72.9,16,73.0,60,2,2022-07-11 09:01:47
1657530107514483000,72.9,1,72.9,15,73.0,61,2,2022-07-11 09:01:47
1657530107548750000,73.0,1,72.9,15,73.0,60,1,2022-07-11 09:01:47
1657530107601595000,72.9,2,72.9,13,73.0,60,2,2022-07-11 09:01:47
1657530108772321000,73.0,1,72.9,25,73.0,59,1,2022-07-11 09:01:48
1657530108832075000,72.9,1,72.9,24,73.0,59,2,2022-07-11 09:01:48
1657530108855279000,72.9,10,72.9,14,73.0,59,2,2022-07-11 09:01:48
1657530108886057000,72.9,14,72.8,57,73.0,59,2,2022-07-11 09:01:48
1657530109014501000,72.9,1,72.8,56,73.0,59,1,2022-07-11 09:01:49
1657530109417617000,72.9,1,72.8,57,72.9,5,1,2022-07-11 09:01:49
1657530109542653000,72.9,8,72.8,57,73.0,60,1,2022-07-11 09:01:49
1657530109542653000,73.0,2,72.8,57,73.0,60,1,2022-07-11 09:01:49
1657530110248777000,72.9,1,72.8,60,72.9,15,1,2022-07-11 09:01:50
1657530110464326000,72.9,1,72.8,60,72.9,16,1,2022-07-11 09:01:50
1657530110933020000,72.9,2,72.8,58,72.9,21,1,2022-07-11 09:01:50
1657530111347412000,72.9,1,72.8,58,72.9,20,1,2022-07-11 09:01:51
1657530111349538000,72.9,1,72.8,58,72.9,19,1,2022-07-11 09:01:51
1657530111487648000,72.8,1,72.8,57,72.9,19,2,2022-07-11 09:01:51
1657530111489182000,72.9,1,72.8,57,72.9,18,1,2022-07-11 09:01:51
1657530111687946000,72.9,1,72.8,57,72.9,21,1,2022-07-11 09:01:51
1657530111970461000,72.9,1,72.8,57,72.9,19,1,2022-07-11 09:01:51
1657530112025056000,72.9,1,72.8,57,72.9,18,1,2022-07-11 09:01:52
1657530112107382000,72.9,2,72.8,57,72.9,16,1,2022-07-11 09:01:52
1657530112146080000,72.8,1,72.8,57,72.9,15,2,2022-07-11 09:01:52
1657530112539808000,72.9,1,72.8,56,72.9,15,1,2022-07-11 09:01:52
1657530113559598000,72.9,10,72.8,58,72.9,15,1,2022-07-11 09:01:53
1657530114500770000,72.9,1,72.8,58,72.9,22,1,2022-07-11 09:01:54
1657530114502735000,72.9,1,72.8,58,72.9,21,1,2022-07-11 09:01:54
1657530114801396000,72.8,1,72.8,57,72.9,21,2,2022-07-11 09:01:54
1657530114937518000,72.9,1,72.8,57,72.9,20,1,2022-07-11 09:01:54
1657530114975127000,72.8,1,72.8,56,72.9,20,2,2022-07-11 09:01:54
1657530115386073000,72.8,1,72.8,55,72.9,22,2,2022-07-11 09:01:55
1657530115708490000,72.9,2,72.8,55,72.9,25,1,2022-07-11 09:01:55
1657530115957981000,72.8,5,72.8,56,72.9,28,2,2022-07-11 09:01:55
1657530115994807000,72.8,8,72.8,48,72.9,31,2,2022-07-11 09:01:55
1657530115995863000,72.8,2,72.8,46,72.9,29,2,2022-07-11 09:01:55
1657530116002707000,72.8,1,72.8,45,72.9,29,2,2022-07-11 09:01:56
1657530116027818000,72.8,1,72.8,44,72.9,29,2,2022-07-11 09:01:56
1657530116035826000,72.8,44,72.7,85,72.9,29,2,2022-07-11 09:01:56
1657530116460199000,72.8,4,72.8,6,72.9,29,1,2022-07-11 09:01:56
1657530116498977000,72.8,6,72.7,86,72.9,29,2,2022-07-11 09:01:56
1657530116657160000,72.8,1,72.7,86,72.8,6,1,2022-07-11 09:01:56
1657530116921369000,72.8,2,72.7,86,72.8,3,1,2022-07-11 09:01:56
1657530117048785000,72.8,2,72.7,86,72.9,30,1,2022-07-11 09:01:57
1657530117169665000,72.9,1,72.7,86,72.9,32,1,2022-07-11 09:01:57
1657530117283932000,72.9,1,72.7,86,72.9,30,1,2022-07-11 09:01:57
1657530117410730000,72.8,1,72.7,86,72.9,37,2,2022-07-11 09:01:57
1657530117474759000,72.9,1,72.7,86,72.9,36,1,2022-07-11 09:01:57
1657530117479998000,72.9,10,72.7,86,72.9,26,1,2022-07-11 09:01:57
1657530117592028000,72.7,1,72.7,85,72.8,2,2,2022-07-11 09:01:57
1657530117636973000,72.8,1,72.7,85,72.8,1,1,2022-07-11 09:01:57
1657530118942286000,72.8,3,72.8,1,72.9,29,1,2022-07-11 09:01:58
1657530119288770000,72.9,1,72.8,1,72.9,28,1,2022-07-11 09:01:59
1657530119291307000,72.8,1,72.7,84,72.9,28,2,2022-07-11 09:01:59
1657530119601535000,72.8,2,72.7,81,72.9,28,2,2022-07-11 09:01:59
1657530119601535000,72.7,3,72.7,81,72.9,28,2,2022-07-11 09:01:59
1657530119604019000,72.9,1,72.7,81,72.9,27,1,2022-07-11 09:01:59
1657530120056050000,72.8,1,72.8,1,72.9,26,1,2022-07-11 09:02:00
1657530120060758000,72.9,1,72.8,1,72.9,25,1,2022-07-11 09:02:00
1657530120520859000,72.8,1,72.7,81,72.9,30,2,2022-07-11 09:02:00
1657530120600583000,72.7,2,72.7,79,72.9,30,2,2022-07-11 09:02:00
1657530120648164000,72.8,1,72.8,2,72.9,30,2,2022-07-11 09:02:00
1657530120711603000,72.8,1,72.7,78,72.9,28,2,2022-07-11 09:02:00
1657530120711603000,72.7,1,72.7,78,72.9,28,2,2022-07-11 09:02:00
1657530120745274000,72.8,1,72.8,1,72.9,28,1,2022-07-11 09:02:00
1657530120750581000,72.8,1,72.7,79,72.9,28,2,2022-07-11 09:02:00
1657530121036912000,72.8,1,72.7,79,72.9,31,2,2022-07-11 09:02:01
1657530121116500000,72.8,1,72.8,1,72.9,31,2,2022-07-11 09:02:01
1657530121817547000,72.8,1,72.7,79,72.9,32,2,2022-07-11 09:02:01
1657530122013057000,72.7,1,72.7,78,72.9,32,2,2022-07-11 09:02:02
1657530122163673000,72.9,1,72.7,80,72.9,31,1,2022-07-11 09:02:02
1657530122336138000,72.8,1,72.8,3,72.9,29,2,2022-07-11 09:02:02
1657530124199062000,72.9,10,72.8,9,72.9,21,1,2022-07-11 09:02:04
1657530124998594000,72.8,10,72.8,1,72.9,18,2,2022-07-11 09:02:04
1657530125316195000,72.8,1,72.7,88,72.9,18,2,2022-07-11 09:02:05
1657530126117460000,72.8,1,72.8,4,72.9,24,2,2022-07-11 09:02:06
1657530126162977000,72.9,2,72.8,5,72.9,24,1,2022-07-11 09:02:06
1657530126782016000,72.9,2,72.8,5,72.9,14,1,2022-07-11 09:02:06
1657530126959240000,72.8,1,72.8,4,72.9,14,2,2022-07-11 09:02:06
1657530127140778000,72.8,1,72.8,6,72.9,14,2,2022-07-11 09:02:07
1657530128105575000,72.8,8,72.7,87,72.9,16,2,2022-07-11 09:02:08
1657530128105575000,72.7,2,72.7,87,72.9,16,2,2022-07-11 09:02:08
1657530128704982000,72.8,1,72.8,1,72.9,14,1,2022-07-11 09:02:08
1657530129270393000,72.8,1,72.8,2,72.9,14,2,2022-07-11 09:02:09
1657530129591754000,72.8,6,72.6,72,72.7,7,2,2022-07-11 09:02:09
1657530129591754000,72.7,87,72.6,72,72.7,7,2,2022-07-11 09:02:09
1657530129618093000,72.7,7,72.6,72,72.9,16,1,2022-07-11 09:02:09
1657530129622584000,72.6,1,72.6,71,72.9,18,2,2022-07-11 09:02:09
1657530129622728000,72.6,1,72.6,70,72.9,18,2,2022-07-11 09:02:09
1657530129640031000,72.6,1,72.6,69,72.9,18,2,2022-07-11 09:02:09
1657530129647872000,72.6,1,72.6,69,72.9,19,2,2022-07-11 09:02:09
1657530129741286000,72.8,1,72.6,68,72.9,19,1,2022-07-11 09:02:09
1657530129862510000,72.7,1,72.6,68,72.9,19,1,2022-07-11 09:02:09
1657530130435588000,72.8,1,72.6,68,72.9,18,1,2022-07-11 09:02:10
1657530130730439000,72.9,1,72.6,68,72.9,18,1,2022-07-11 09:02:10
1657530131415811000,72.8,1,72.6,68,72.8,4,2,2022-07-11 09:02:11
1657530131742180000,72.8,1,72.6,68,72.8,3,1,2022-07-11 09:02:11
1657530132780742000,72.8,1,72.7,1,72.8,4,1,2022-07-11 09:02:12
1657530132924339000,72.7,1,72.6,68,72.8,3,2,2022-07-11 09:02:12
1657530133639808000,72.8,2,72.6,68,72.8,2,1,2022-07-11 09:02:13
1657530134571527000,72.6,1,72.6,67,72.7,10,2,2022-07-11 09:02:14
1657530134608290000,72.7,1,72.6,66,72.7,10,1,2022-07-11 09:02:14
1657530134727376000,72.6,1,72.6,65,72.7,9,2,2022-07-11 09:02:14
1657530134941826000,72.7,1,72.6,65,72.7,8,1,2022-07-11 09:02:14
1657530135040650000,72.6,1,72.6,65,72.7,8,2,2022-07-11 09:02:15
1657530135204520000,72.7,1,72.6,66,72.7,7,1,2022-07-11 09:02:15
1657530135478794000,72.7,3,72.6,66,72.7,4,1,2022-07-11 09:02:15
1657530136648495000,72.6,5,72.6,63,72.7,6,2,2022-07-11 09:02:16
1657530136682602000,72.6,1,72.6,60,72.7,6,2,2022-07-11 09:02:16
1657530136907246000,72.7,2,72.6,59,72.7,4,1,2022-07-11 09:02:16
1657530137287422000,72.6,10,72.6,49,72.7,4,2,2022-07-11 09:02:17
1657530137509235000,72.7,1,72.6,50,72.7,3,1,2022-07-11 09:02:17
1657530137558679000,72.7,1,72.6,50,72.7,2,1,2022-07-11 09:02:17
1657530137572287000,72.7,1,72.6,50,72.7,1,1,2022-07-11 09:02:17
1657530137649876000,72.6,10,72.6,40,72.7,1,2,2022-07-11 09:02:17
1657530137877873000,72.7,1,72.6,40,72.7,1,1,2022-07-11 09:02:17
1657530137884996000,72.7,1,72.6,40,72.8,17,1,2022-07-11 09:02:17
1657530137930854000,72.6,10,72.6,30,72.8,18,2,2022-07-11 09:02:17
1657530138411074000,72.7,1,72.6,30,72.8,19,1,2022-07-11 09:02:18
1657530138916033000,72.7,3,72.6,30,72.7,2,2,2022-07-11 09:02:18
1657530138928297000,72.7,1,72.6,30,72.7,1,1,2022-07-11 09:02:18
1657530139285168000,72.6,1,72.6,35,72.7,1,2,2022-07-11 09:02:19
1657530139819662000,72.6,1,72.6,35,72.7,1,2,2022-07-11 09:02:19
1657530139944847000,72.7,1,72.6,35,72.8,23,1,2022-07-11 09:02:19
1657530140555695000,72.8,1,72.6,37,72.8,25,1,2022-07-11 09:02:20
1657530140799252000,72.6,8,72.6,29,72.8,25,2,2022-07-11 09:02:20
1657530141090920000,72.6,1,72.6,29,72.7,1,2,2022-07-11 09:02:21
1657530141989981000,72.6,1,72.6,29,72.7,3,2,2022-07-11 09:02:21
1657530142259307000,72.7,1,72.6,29,72.7,2,1,2022-07-11 09:02:22
1657530142755646000,72.7,1,72.6,30,72.7,1,1,2022-07-11 09:02:22
1657530142938494000,72.7,1,72.6,39,72.8,31,1,2022-07-11 09:02:22
1657530142993871000,72.6,5,72.6,33,72.8,31,2,2022-07-11 09:02:22
1657530143077279000,72.7,1,72.6,33,72.7,1,1,2022-07-11 09:02:23
1657530143590685000,72.7,1,72.7,1,72.8,31,2,2022-07-11 09:02:23
1657530143783587000,72.8,1,72.6,37,72.8,30,1,2022-07-11 09:02:23
1657530143927329000,72.6,3,72.6,35,72.8,30,2,2022-07-11 09:02:23
1657530144465140000,72.6,2,72.6,33,72.8,32,2,2022-07-11 09:02:24
1657530144806461000,72.6,1,72.6,33,72.7,1,2,2022-07-11 09:02:24
1657530145124744000,72.6,8,72.6,27,72.7,1,2,2022-07-11 09:02:25
1657530145412191000,72.7,2,72.7,3,72.8,32,1,2022-07-11 09:02:25
1657530145845979000,72.7,1,72.7,2,72.8,30,2,2022-07-11 09:02:25
1657530145935313000,72.7,2,72.6,34,72.8,30,2,2022-07-11 09:02:25
1657530146355622000,72.6,1,72.6,33,72.7,1,2,2022-07-11 09:02:26
1657530146750350000,72.7,1,72.6,33,72.8,30,1,2022-07-11 09:02:26
1657530147763499000,72.7,1,72.7,1,72.8,29,2,2022-07-11 09:02:27
1657530148144045000,72.7,1,72.6,40,72.8,29,2,2022-07-11 09:02:28
1657530148513629000,72.7,1,72.6,41,72.8,29,1,2022-07-11 09:02:28
1657530149312752000,72.7,1,72.6,46,72.7,2,1,2022-07-11 09:02:29
1657530149615238000,72.6,6,72.6,49,72.7,2,2,2022-07-11 09:02:29
1657530149732270000,72.7,1,72.6,43,72.7,1,1,2022-07-11 09:02:29
1657530150386729000,72.7,1,72.6,43,72.8,30,1,2022-07-11 09:02:30
1657530150468744000,72.7,1,72.6,43,72.8,31,2,2022-07-11 09:02:30
1657530150858432000,72.7,1,72.6,43,72.8,31,1,2022-07-11 09:02:30
1657530151175680000,72.7,1,72.6,46,72.8,33,2,2022-07-11 09:02:31
1657530151522183000,72.8,10,72.6,46,72.8,21,1,2022-07-11 09:02:31
1657530151676353000,72.7,1,72.6,46,72.8,21,1,2022-07-11 09:02:31
1657530151726577000,72.6,2,72.6,44,72.8,21,2,2022-07-11 09:02:31
1657530152236119000,72.7,1,72.6,44,72.8,21,2,2022-07-11 09:02:32
1657530152656071000,72.7,1,72.7,2,72.8,21,2,2022-07-11 09:02:32
1657530153006716000,72.7,1,72.7,4,72.8,21,2,2022-07-11 09:02:33
1657530153320805000,72.7,10,72.6,50,72.8,21,2,2022-07-11 09:02:33
1657530153726169000,72.7,1,72.6,52,72.7,1,1,2022-07-11 09:02:33
1657530153730247000,72.7,1,72.6,52,72.8,21,1,2022-07-11 09:02:33
1657530153818388000,72.8,3,72.7,1,72.8,18,1,2022-07-11 09:02:33
1657530154268320000,72.7,2,72.7,25,72.8,19,2,2022-07-11 09:02:34
1657530154779689000,72.8,1,72.7,30,72.8,20,1,2022-07-11 09:02:34
1657530154951326000,72.7,1,72.7,32,72.8,20,2,2022-07-11 09:02:34
1657530155105935000,72.7,1,72.7,32,72.8,20,2,2022-07-11 09:02:35
1657530156129329000,72.7,3,72.7,31,72.8,20,2,2022-07-11 09:02:36
1657530158515763000,72.7,2,72.7,38,72.8,25,2,2022-07-11 09:02:38
1657530158998455000,72.7,2,72.7,34,72.8,25,2,2022-07-11 09:02:38
1657530159622728000,72.7,1,72.7,33,72.8,23,2,2022-07-11 09:02:39
1657530159890470000,72.8,1,72.7,35,72.8,24,1,2022-07-11 09:02:39
1657530159916867000,72.7,35,72.6,64,72.7,15,2,2022-07-11 09:02:39
1657530160040758000,72.7,1,72.6,64,72.7,14,1,2022-07-11 09:02:40
1657530160207401000,72.7,6,72.6,64,72.7,15,1,2022-07-11 09:02:40
1657530160578999000,72.7,1,72.6,64,72.7,8,1,2022-07-11 09:02:40
1657530160723024000,72.7,1,72.6,64,72.7,8,1,2022-07-11 09:02:40
1657530160785569000,72.7,7,72.6,64,72.8,23,1,2022-07-11 09:02:40
1657530162477879000,72.7,1,72.7,35,72.8,24,2,2022-07-11 09:02:42
1657530162760448000,72.8,2,72.7,35,72.8,22,1,2022-07-11 09:02:42
1657530163206271000,72.7,2,72.7,35,72.8,22,2,2022-07-11 09:02:43
1657530163590500000,72.8,2,72.7,33,72.8,20,1,2022-07-11 09:02:43
1657530164694009000,72.7,1,72.7,32,72.8,20,2,2022-07-11 09:02:44
1657530164972955000,72.8,1,72.7,37,72.8,20,1,2022-07-11 09:02:44
1657530166322063000,72.7,1,72.7,37,72.8,19,2,2022-07-11 09:02:46
1657530166720173000,72.8,2,72.7,37,72.8,19,1,2022-07-11 09:02:46
1657530167975198000,72.8,1,72.7,37,72.8,17,1,2022-07-11 09:02:47
1657530168380147000,72.7,1,72.7,37,72.8,17,2,2022-07-11 09:02:48
1657530168397265000,72.8,1,72.7,37,72.8,16,1,2022-07-11 09:02:48
1657530168638618000,72.8,2,72.7,37,72.8,14,1,2022-07-11 09:02:48
1657530168710443000,72.8,1,72.7,37,72.8,13,1,2022-07-11 09:02:48
1657530168821966000,72.7,1,72.7,36,72.8,13,2,2022-07-11 09:02:48
1657530168978745000,72.8,1,72.7,36,72.8,12,1,2022-07-11 09:02:48
1657530169408742000,72.8,1,72.7,37,72.8,12,1,2022-07-11 09:02:49
1657530169511443000,72.8,1,72.7,37,72.8,11,1,2022-07-11 09:02:49
1657530169868003000,72.8,1,72.7,37,72.8,10,1,2022-07-11 09:02:49
1657530169908101000,72.8,10,72.7,37,72.9,54,1,2022-07-11 09:02:49
1657530169967513000,72.7,10,72.7,27,72.9,54,2,2022-07-11 09:02:49
1657530170540049000,72.8,1,72.7,34,72.8,1,1,2022-07-11 09:02:50
1657530170543397000,72.8,1,72.7,34,72.8,2,1,2022-07-11 09:02:50
1657530171329572000,72.7,1,72.7,33,72.8,1,2,2022-07-11 09:02:51
1657530171572200000,72.8,1,72.7,33,72.8,4,1,2022-07-11 09:02:51
1657530172249046000,72.8,1,72.7,33,72.8,5,1,2022-07-11 09:02:52
1657530172559142000,72.7,2,72.7,31,72.8,6,2,2022-07-11 09:02:52
1657530173025567000,72.7,10,72.7,21,72.8,6,2,2022-07-11 09:02:53
1657530173808691000,72.7,4,72.7,20,72.8,6,2,2022-07-11 09:02:53
1657530174551931000,72.8,1,72.7,20,72.8,5,1,2022-07-11 09:02:54
1657530174739194000,72.8,1,72.7,21,72.8,5,1,2022-07-11 09:02:54
1657530176078002000,72.8,3,72.7,23,72.8,4,1,2022-07-11 09:02:56
1657530176221468000,72.8,1,72.7,23,72.8,7,1,2022-07-11 09:02:56
1657530176924733000,72.8,3,72.7,24,72.8,1,1,2022-07-11 09:02:56
1657530178090034000,72.7,3,72.7,23,72.8,4,2,2022-07-11 09:02:58
1657530178570436000,72.8,1,72.7,23,72.8,10,1,2022-07-11 09:02:58
1657530179450000000,72.8,1,72.7,23,72.8,10,1,2022-07-11 09:02:59
1657530179926801000,72.7,1,72.7,23,72.8,10,2,2022-07-11 09:02:59
1657530180319131000,72.7,2,72.7,19,72.8,35,2,2022-07-11 09:03:00
1657530180469894000,72.7,1,72.7,18,72.8,35,2,2022-07-11 09:03:00
1657530180473301000,72.8,1,72.7,18,72.8,34,1,2022-07-11 09:03:00
1657530180748054000,72.7,1,72.7,17,72.8,34,2,2022-07-11 09:03:00
1657530180781365000,72.7,7,72.7,10,72.8,34,2,2022-07-11 09:03:00
1657530181156369000,72.7,5,72.7,5,72.8,34,2,2022-07-11 09:03:01
1657530181188989000,72.7,5,72.6,87,72.8,34,2,2022-07-11 09:03:01
1657530181512983000,72.7,3,72.6,86,72.8,36,2,2022-07-11 09:03:01
1657530181560483000,72.6,1,72.6,85,72.8,36,2,2022-07-11 09:03:01
1657530182184341000,72.8,1,72.7,4,72.8,37,1,2022-07-11 09:03:02
1657530182365926000,72.7,4,72.6,87,72.7,1,2,2022-07-11 09:03:02
1657530182413832000,72.7,1,72.7,2,72.8,39,1,2022-07-11 09:03:02
1657530182433070000,72.7,1,72.7,1,72.8,39,2,2022-07-11 09:03:02
1657530182536980000,72.8,2,72.7,1,72.8,37,1,2022-07-11 09:03:02
1657530182554861000,72.8,1,72.7,1,72.8,39,1,2022-07-11 09:03:02
1657530182961056000,72.8,3,72.7,2,72.8,33,1,2022-07-11 09:03:02
1657530183476955000,72.7,2,72.6,88,72.7,4,2,2022-07-11 09:03:03
1657530184609995000,72.7,1,72.6,87,72.7,9,1,2022-07-11 09:03:04
1657530184926666000,72.6,2,72.6,87,72.7,24,2,2022-07-11 09:03:04
1657530186466111000,72.6,1,72.6,84,72.7,24,2,2022-07-11 09:03:06
1657530186501958000,72.6,1,72.6,83,72.7,25,2,2022-07-11 09:03:06
1657530186682369000,72.7,2,72.6,83,72.7,25,1,2022-07-11 09:03:06
1657530187490392000,72.7,1,72.6,83,72.7,23,1,2022-07-11 09:03:07
1657530187726965000,72.6,1,72.6,83,72.7,23,2,2022-07-11 09:03:07
1657530187835220000,72.6,8,72.6,84,72.7,23,2,2022-07-11 09:03:07
1657530188565615000,72.6,5,72.6,79,72.7,28,2,2022-07-11 09:03:08
1657530190134591000,72.6,2,72.6,77,72.7,29,2,2022-07-11 09:03:10
1657530191998361000,72.7,1,72.6,80,72.7,27,1,2022-07-11 09:03:11
1657530192088449000,72.6,8,72.6,72,72.7,27,2,2022-07-11 09:03:12
1657530192088848000,72.6,2,72.6,70,72.7,27,2,2022-07-11 09:03:12
1657530192122727000,72.6,1,72.6,69,72.7,28,2,2022-07-11 09:03:12
1657530192122814000,72.6,1,72.6,68,72.7,28,2,2022-07-11 09:03:12
1657530192569478000,72.7,5,72.6,68,72.7,23,1,2022-07-11 09:03:12
1657530192701305000,72.7,1,72.6,68,72.7,22,1,2022-07-11 09:03:12
1657530193611731000,72.7,5,72.6,68,72.7,19,1,2022-07-11 09:03:13
1657530194884979000,72.7,5,72.6,68,72.7,14,1,2022-07-11 09:03:14
1657530197046787000,72.6,3,72.6,72,72.7,14,2,2022-07-11 09:03:17
1657530197079241000,72.6,1,72.6,71,72.7,14,2,2022-07-11 09:03:17
1657530198013558000,72.7,2,72.6,75,72.7,14,1,2022-07-11 09:03:18
1657530199429895000,72.7,3,72.6,74,72.7,11,1,2022-07-11 09:03:19
1657530200305561000,72.7,2,72.6,83,72.7,9,1,2022-07-11 09:03:20
1657530200354659000,72.7,1,72.6,98,72.7,9,1,2022-07-11 09:03:20
1657530201635298000,72.6,2,72.6,99,72.7,10,2,2022-07-11 09:03:21
1657530201945767000,72.7,1,72.6,97,72.7,9,1,2022-07-11 09:03:21
1657530202149170000,72.7,1,72.6,97,72.7,9,1,2022-07-11 09:03:22
1657530203987301000,72.7,1,72.6,99,72.7,12,1,2022-07-11 09:03:23
1657530204227481000,72.7,2,72.6,99,72.7,10,1,2022-07-11 09:03:24
1657530205047591000,72.7,2,72.6,100,72.7,9,1,2022-07-11 09:03:25
1657530205268255000,72.7,1,72.6,100,72.7,8,1,2022-07-11 09:03:25
1657530205946294000,72.7,1,72.6,99,72.7,7,1,2022-07-11 09:03:25
1657530205959999000,72.7,1,72.6,99,72.7,6,1,2022-07-11 09:03:25
1657530206486612000,72.7,8,72.7,2,72.8,40,1,2022-07-11 09:03:26
1657530206528607000,72.7,1,72.7,1,72.8,40,2,2022-07-11 09:03:26
1657530206645570000,72.7,1,72.6,100,72.8,40,2,2022-07-11 09:03:26
1657530207746437000,72.7,1,72.6,99,72.8,42,1,2022-07-11 09:03:27
1657530208110142000,72.8,1,72.7,1,72.8,41,1,2022-07-11 09:03:28
1657530208429459000,72.7,3,72.6,100,72.8,41,2,2022-07-11 09:03:28
1657530209746717000,72.8,10,72.6,99,72.8,36,1,2022-07-11 09:03:29
1657530210191640000,72.6,1,72.6,99,72.8,36,2,2022-07-11 09:03:30
1657530210591959000,72.7,1,72.6,98,72.7,10,1,2022-07-11 09:03:30
1657530211116809000,72.6,20,72.6,79,72.7,9,2,2022-07-11 09:03:31
1657530212919799000,72.6,26,72.6,55,72.7,9,2,2022-07-11 09:03:32
1657530212956180000,72.6,1,72.6,54,72.7,11,2,2022-07-11 09:03:32
1657530212963898000,72.6,1,72.6,53,72.7,11,2,2022-07-11 09:03:32
1657530214163884000,72.6,1,72.6,51,72.7,17,2,2022-07-11 09:03:34
1657530214167527000,72.7,1,72.6,51,72.7,16,1,2022-07-11 09:03:34
1657530214328582000,72.6,13,72.6,38,72.7,24,2,2022-07-11 09:03:34
1657530214359450000,72.6,38,72.5,349,72.7,24,2,2022-07-11 09:03:34
1657530214389915000,72.5,40,72.5,309,72.6,14,2,2022-07-11 09:03:34
1657530214427686000,72.5,1,72.5,308,72.6,16,2,2022-07-11 09:03:34
1657530214434018000,72.5,1,72.5,307,72.6,16,2,2022-07-11 09:03:34
1657530214519015000,72.6,1,72.5,307,72.6,16,1,2022-07-11 09:03:34
1657530214810357000,72.5,4,72.5,303,72.6,16,2,2022-07-11 09:03:34
1657530214810625000,72.5,2,72.5,301,72.6,16,2,2022-07-11 09:03:34
1657530214890135000,72.5,1,72.5,300,72.6,26,2,2022-07-11 09:03:34
1657530215058297000,72.6,1,72.5,300,72.6,26,1,2022-07-11 09:03:35
1657530215294738000,72.5,2,72.5,297,72.6,25,2,2022-07-11 09:03:35
1657530215617508000,72.5,1,72.5,298,72.6,15,2,2022-07-11 09:03:35
1657530216069909000,72.5,1,72.5,296,72.6,15,2,2022-07-11 09:03:36
1657530216347729000,72.5,23,72.5,273,72.6,19,2,2022-07-11 09:03:36
1657530216366587000,72.5,2,72.5,271,72.6,19,2,2022-07-11 09:03:36
1657530216366832000,72.5,6,72.5,265,72.6,19,2,2022-07-11 09:03:36
1657530216366848000,72.5,4,72.5,261,72.6,19,2,2022-07-11 09:03:36
1657530216367033000,72.5,2,72.5,259,72.6,19,2,2022-07-11 09:03:36
1657530216367078000,72.5,2,72.5,257,72.6,19,2,2022-07-11 09:03:36
1657530216373201000,72.5,1,72.5,256,72.6,19,2,2022-07-11 09:03:36
1657530216398845000,72.5,1,72.5,255,72.6,21,2,2022-07-11 09:03:36
1657530217181129000,72.5,2,72.5,253,72.6,25,2,2022-07-11 09:03:37
1657530217351488000,72.5,2,72.5,251,72.6,25,2,2022-07-11 09:03:37
1657530217585907000,72.5,10,72.5,251,72.6,24,2,2022-07-11 09:03:37
1657530217976602000,72.5,4,72.5,238,72.6,24,2,2022-07-11 09:03:37
1657530217981269000,72.5,1,72.5,237,72.6,24,2,2022-07-11 09:03:37
1657530218002814000,72.5,1,72.5,236,72.6,24,2,2022-07-11 09:03:38
1657530218023581000,72.5,6,72.5,230,72.6,24,2,2022-07-11 09:03:38
1657530218355321000,72.5,7,72.5,223,72.6,28,2,2022-07-11 09:03:38
1657530218775430000,72.5,10,72.5,213,72.6,31,2,2022-07-11 09:03:38
1657530218804711000,72.5,5,72.5,208,72.6,31,2,2022-07-11 09:03:38
1657530218837183000,72.5,2,72.5,206,72.6,32,2,2022-07-11 09:03:38
1657530218837334000,72.5,4,72.5,202,72.6,32,2,2022-07-11 09:03:38
1657530218867838000,72.5,14,72.5,188,72.6,32,2,2022-07-11 09:03:38
1657530218868815000,72.5,21,72.5,167,72.6,32,2,2022-07-11 09:03:38
1657530218887360000,72.5,35,72.5,132,72.6,32,2,2022-07-11 09:03:38
1657530218898125000,72.5,10,72.5,122,72.6,32,2,2022-07-11 09:03:38
1657530218898383000,72.5,7,72.5,115,72.6,32,2,2022-07-11 09:03:38
1657530218902574000,72.5,14,72.5,101,72.6,32,2,2022-07-11 09:03:38
1657530218930684000,72.5,9,72.5,92,72.6,32,2,2022-07-11 09:03:38
1657530218930855000,72.5,1,72.5,91,72.6,32,2,2022-07-11 09:03:38
1657530218961245000,72.5,3,72.5,88,72.6,32,2,2022-07-11 09:03:38
1657530218961790000,72.5,48,72.5,40,72.6,32,2,2022-07-11 09:03:38
1657530218968680000,72.5,2,72.5,38,72.6,32,2,2022-07-11 09:03:38
1657530219271077000,72.5,10,72.5,28,72.6,34,2,2022-07-11 09:03:39
1657530219480721000,72.5,1,72.5,28,72.6,34,2,2022-07-11 09:03:39
1657530219645857000,72.5,1,72.5,26,72.6,34,2,2022-07-11 09:03:39
1657530219685268000,72.5,1,72.5,25,72.6,34,2,2022-07-11 09:03:39
1657530219809988000,72.5,5,72.5,20,72.6,34,2,2022-07-11 09:03:39
1657530219970946000,72.5,2,72.5,18,72.6,34,2,2022-07-11 09:03:39
1657530219976065000,72.5,5,72.5,13,72.6,34,2,2022-07-11 09:03:39
1657530220116373000,72.5,1,72.5,13,72.6,34,2,2022-07-11 09:03:40
1657530220452625000,72.5,10,72.5,3,72.6,73,2,2022-07-11 09:03:40
1657530220453564000,72.5,2,72.5,1,72.6,71,2,2022-07-11 09:03:40
1657530220577800000,72.5,1,72.4,20,72.6,72,2,2022-07-11 09:03:40
1657530220614365000,72.5,1,72.4,1,72.6,72,2,2022-07-11 09:03:40
1657530220614365000,72.4,19,72.4,1,72.6,72,2,2022-07-11 09:03:40
1657530220701775000,72.4,1,72.3,48,72.5,28,2,2022-07-11 09:03:40
1657530220701775000,72.3,2,72.3,48,72.5,28,2,2022-07-11 09:03:40
1657530220706540000,72.3,1,72.3,47,72.5,28,2,2022-07-11 09:03:40
1657530220737218000,72.3,1,72.3,46,72.5,26,2,2022-07-11 09:03:40
1657530220762934000,72.3,2,72.3,44,72.5,27,2,2022-07-11 09:03:40
1657530221015699000,72.3,44,72.2,39,72.5,79,2,2022-07-11 09:03:41
1657530221750914000,72.4,1,72.2,39,72.4,2,1,2022-07-11 09:03:41
1657530223349377000,72.4,2,72.4,8,72.5,25,1,2022-07-11 09:03:43
1657530223380122000,72.4,8,72.2,39,72.5,25,2,2022-07-11 09:03:43
1657530223904064000,72.2,1,72.2,33,72.3,1,2,2022-07-11 09:03:43
1657530223907549000,72.2,1,72.2,32,72.3,1,2,2022-07-11 09:03:43
1657530224078562000,72.3,1,72.3,9,72.4,2,1,2022-07-11 09:03:44
1657530224339177000,72.3,5,72.3,4,72.5,22,2,2022-07-11 09:03:44
1657530225104578000,72.4,2,72.3,11,72.4,2,1,2022-07-11 09:03:45
1657530225104578000,72.5,3,72.3,11,72.4,2,1,2022-07-11 09:03:45
1657530225873973000,72.3,1,72.3,16,72.4,1,2,2022-07-11 09:03:45
1657530227262657000,72.4,1,72.3,18,72.4,2,1,2022-07-11 09:03:47
1657530227439585000,72.4,1,72.3,18,72.4,1,1,2022-07-11 09:03:47
1657530227766491000,72.4,1,72.3,18,72.5,23,1,2022-07-11 09:03:47
1657530228035778000,72.3,1,72.3,17,72.5,23,2,2022-07-11 09:03:48
1657530228068034000,72.3,1,72.3,16,72.5,23,2,2022-07-11 09:03:48
1657530228268665000,72.3,1,72.3,14,72.5,23,2,2022-07-11 09:03:48
1657530228808424000,72.5,3,72.3,13,72.5,19,1,2022-07-11 09:03:48
1657530229661241000,72.4,1,72.3,15,72.4,9,2,2022-07-11 09:03:49
1657530230046180000,72.4,2,72.3,15,72.4,7,1,2022-07-11 09:03:50
1657530230963874000,72.3,1,72.3,18,72.4,7,2,2022-07-11 09:03:50
1657530230974299000,72.4,1,72.3,18,72.4,6,1,2022-07-11 09:03:50
1657530231317958000,72.3,2,72.3,15,72.4,26,2,2022-07-11 09:03:51
1657530231772847000,72.4,1,72.3,16,72.4,25,1,2022-07-11 09:03:51
1657530232459097000,72.3,1,72.3,15,72.4,26,2,2022-07-11 09:03:52
1657530232472831000,72.4,1,72.3,15,72.4,25,1,2022-07-11 09:03:52
1657530232568346000,72.4,1,72.3,16,72.4,26,1,2022-07-11 09:03:52
1657530232887955000,72.4,1,72.3,17,72.4,23,1,2022-07-11 09:03:52
1657530233041180000,72.4,5,72.3,18,72.4,18,1,2022-07-11 09:03:53
1657530233076456000,72.4,18,72.3,18,72.4,18,1,2022-07-11 09:03:53
1657530233824803000,72.4,2,72.3,18,72.5,28,1,2022-07-11 09:03:53
1657530234330727000,72.3,4,72.3,17,72.4,23,2,2022-07-11 09:03:54
1657530234556924000,72.3,5,72.3,10,72.4,37,2,2022-07-11 09:03:54
1657530235351269000,72.4,1,72.3,11,72.4,37,1,2022-07-11 09:03:55
1657530236442863000,72.4,1,72.3,14,72.4,38,1,2022-07-11 09:03:56
1657530236522662000,72.3,3,72.3,11,72.4,38,2,2022-07-11 09:03:56
1657530236589023000,72.4,1,72.3,14,72.4,39,1,2022-07-11 09:03:56
1657530236955559000,72.3,2,72.3,9,72.4,37,2,2022-07-11 09:03:56
1657530237649557000,72.3,2,72.3,8,72.4,37,2,2022-07-11 09:03:57
1657530238123687000,72.4,1,72.3,7,72.4,36,1,2022-07-11 09:03:58
1657530238199920000,72.4,1,72.3,8,72.4,35,1,2022-07-11 09:03:58
1657530238229711000,72.4,1,72.3,8,72.4,34,1,2022-07-11 09:03:58
1657530238387709000,72.4,1,72.3,8,72.4,33,1,2022-07-11 09:03:58
1657530238543318000,72.3,8,72.2,34,72.3,32,2,2022-07-11 09:03:58
1657530238566719000,72.3,32,72.2,33,72.4,33,1,2022-07-11 09:03:58
1657530238571682000,72.2,1,72.2,32,72.4,33,2,2022-07-11 09:03:58
1657530238584662000,72.2,1,72.2,31,72.4,33,2,2022-07-11 09:03:58
1657530239651519000,72.3,3,72.2,31,72.4,38,2,2022-07-11 09:03:59
1657530239651519000,72.2,2,72.2,31,72.4,38,2,2022-07-11 09:03:59
1657530240150119000,72.2,1,72.2,29,72.4,38,2,2022-07-11 09:04:00
1657530240158708000,72.4,3,72.2,29,72.4,35,1,2022-07-11 09:04:00
1657530240177317000,72.2,2,72.2,37,72.4,35,2,2022-07-11 09:04:00
1657530240228211000,72.2,2,72.2,35,72.4,35,2,2022-07-11 09:04:00
1657530240302885000,72.3,2,72.3,2,72.4,35,2,2022-07-11 09:04:00
1657530240454053000,72.3,1,72.3,1,72.4,35,2,2022-07-11 09:04:00
1657530240478101000,72.3,1,72.2,35,72.4,35,2,2022-07-11 09:04:00
1657530241110473000,72.4,1,72.3,1,72.4,34,1,2022-07-11 09:04:01
1657530241116394000,72.3,1,72.2,34,72.4,34,2,2022-07-11 09:04:01
1657530241444754000,72.3,1,72.3,3,72.4,34,1,2022-07-11 09:04:01
1657530242012797000,72.4,5,72.3,4,72.4,29,1,2022-07-11 09:04:02
1657530242155249000,72.4,2,72.3,4,72.4,27,1,2022-07-11 09:04:02
1657530242189369000,72.3,1,72.3,3,72.4,27,2,2022-07-11 09:04:02
1657530242829804000,72.3,5,72.3,9,72.4,27,2,2022-07-11 09:04:02
1657530243139876000,72.3,1,72.3,26,72.4,28,2,2022-07-11 09:04:03
1657530243696571000,72.3,1,72.3,25,72.4,28,2,2022-07-11 09:04:03
1657530244153555000,72.3,1,72.3,24,72.4,39,2,2022-07-11 09:04:04
1657530244278151000,72.3,20,72.3,3,72.4,42,2,2022-07-11 09:04:04
1657530244491661000,72.3,2,72.3,2,72.4,42,2,2022-07-11 09:04:04
1657530244794119000,72.3,2,72.2,31,72.4,42,2,2022-07-11 09:04:04
1657530245146790000,72.3,3,72.2,32,72.4,41,2,2022-07-11 09:04:05
1657530245396752000,72.3,3,72.3,3,72.4,41,2,2022-07-11 09:04:05
1657530246103640000,72.3,1,72.2,32,72.4,41,1,2022-07-11 09:04:06
1657530246595626000,72.3,1,72.2,32,72.3,1,1,2022-07-11 09:04:06
1657530246739741000,72.2,20,72.2,12,72.3,1,2,2022-07-11 09:04:06
1657530246941971000,72.2,1,72.2,11,72.3,2,2,2022-07-11 09:04:06
1657530246944146000,72.3,1,72.2,11,72.3,1,1,2022-07-11 09:04:06
1657530247240101000,72.3,1,72.2,11,72.3,16,1,2022-07-11 09:04:07
1657530247433486000,72.3,16,72.2,11,72.4,39,1,2022-07-11 09:04:07
1657530247433486000,72.4,4,72.2,11,72.4,39,1,2022-07-11 09:04:07
1657530247691835000,72.3,1,72.2,12,72.3,2,1,2022-07-11 09:04:07
1657530247937897000,72.3,2,72.3,3,72.4,39,1,2022-07-11 09:04:07
1657530248153530000,72.3,1,72.3,2,72.4,39,2,2022-07-11 09:04:08
1657530248471374000,72.3,1,72.3,1,72.4,39,2,2022-07-11 09:04:08
1657530248662846000,72.3,1,72.2,11,72.4,41,2,2022-07-11 09:04:08
1657530249707356000,72.3,1,72.2,12,72.4,39,1,2022-07-11 09:04:09
1657530249970211000,72.2,1,72.2,10,72.4,39,2,2022-07-11 09:04:09
1657530251599792000,72.2,1,72.2,1,72.3,4,2,2022-07-11 09:04:11
1657530251889392000,72.2,1,72.1,52,72.3,4,2,2022-07-11 09:04:11
1657530252012094000,72.3,3,72.1,52,72.3,1,1,2022-07-11 09:04:12
1657530252039507000,72.1,10,72.1,42,72.3,1,2,2022-07-11 09:04:12
1657530252074306000,72.1,42,72.1,42,72.3,3,2,2022-07-11 09:04:12
1657530252074306000,72.0,158,72.1,42,72.3,3,2,2022-07-11 09:04:12
1657530252090137000,72.0,2,72.0,53,72.3,3,2,2022-07-11 09:04:12
1657530252113113000,72.0,10,72.0,45,72.2,2,2,2022-07-11 09:04:12
1657530252120287000,72.0,1,72.0,44,72.2,3,2,2022-07-11 09:04:12
1657530252223104000,72.0,2,72.0,42,72.1,1,2,2022-07-11 09:04:12
1657530252258053000,72.0,2,72.0,40,72.1,1,2,2022-07-11 09:04:12
1657530252393220000,72.0,20,72.0,20,72.1,1,2,2022-07-11 09:04:12
1657530252431808000,72.1,2,72.0,20,72.1,1,1,2022-07-11 09:04:12
1657530252752129000,72.0,21,71.9,10,72.1,2,2,2022-07-11 09:04:12
1657530252752129000,71.9,6,71.9,10,72.1,2,2,2022-07-11 09:04:12
1657530252872298000,71.9,1,71.9,10,72.1,3,2,2022-07-11 09:04:12
1657530253187651000,72.1,1,71.9,9,72.1,2,1,2022-07-11 09:04:13
1657530253338105000,71.9,2,71.9,7,72.1,2,2,2022-07-11 09:04:13
1657530253340987000,71.9,6,71.9,1,72.1,2,2,2022-07-11 09:04:13
1657530253665502000,72.0,1,71.9,1,72.1,2,1,2022-07-11 09:04:13
1657530254051938000,72.1,1,71.9,1,72.1,2,1,2022-07-11 09:04:14
1657530255444570000,71.9,1,71.9,3,72.2,8,2,2022-07-11 09:04:15
1657530255669694000,72.2,5,71.9,2,72.2,3,1,2022-07-11 09:04:15
1657530255813818000,72.2,1,71.9,2,72.2,1,1,2022-07-11 09:04:15
1657530255915808000,72.2,1,71.9,2,72.3,17,1,2022-07-11 09:04:15
1657530255949552000,72.3,2,71.9,3,72.3,15,1,2022-07-11 09:04:15
1657530256817474000,72.1,1,72.1,4,72.3,14,1,2022-07-11 09:04:16
1657530256891068000,72.1,1,72.1,3,72.3,10,2,2022-07-11 09:04:16
1657530257045878000,72.1,3,71.9,4,72.0,297,2,2022-07-11 09:04:17
1657530257674599000,72.0,5,71.9,2,72.0,315,1,2022-07-11 09:04:17
1657530259105405000,72.0,1,71.9,2,72.0,293,1,2022-07-11 09:04:19
1657530260142599000,71.9,2,71.8,40,72.0,294,2,2022-07-11 09:04:20
1657530260142599000,71.8,1,71.8,40,72.0,294,2,2022-07-11 09:04:20
1657530260286147000,72.0,1,71.8,45,72.0,293,1,2022-07-11 09:04:20
1657530260437408000,71.9,1,71.8,45,72.0,293,2,2022-07-11 09:04:20
1657530260770414000,71.8,1,71.8,44,72.0,293,2,2022-07-11 09:04:20
1657530261518167000,71.9,1,71.8,43,71.9,26,1,2022-07-11 09:04:21
1657530261595487000,71.9,1,71.8,46,71.9,25,1,2022-07-11 09:04:21
1657530261911412000,71.9,1,71.8,46,71.9,24,1,2022-07-11 09:04:21
1657530262115424000,71.9,1,71.8,46,71.9,23,1,2022-07-11 09:04:22
1657530263111529000,71.9,10,71.8,35,71.9,27,1,2022-07-11 09:04:23
1657530263146313000,71.8,1,71.8,34,71.9,27,2,2022-07-11 09:04:23
1657530263274275000,71.9,2,71.8,34,71.9,25,1,2022-07-11 09:04:23
1657530263318104000,71.9,1,71.8,34,71.9,24,1,2022-07-11 09:04:23
1657530263378353000,71.8,20,71.8,14,71.9,24,2,2022-07-11 09:04:23
1657530263802055000,71.9,5,71.8,6,71.9,19,1,2022-07-11 09:04:23
1657530264012320000,71.8,6,71.7,10,71.8,5,2,2022-07-11 09:04:24
1657530264053004000,71.7,1,71.7,7,71.8,5,2,2022-07-11 09:04:24
1657530264544936000,71.8,5,71.7,10,71.8,6,1,2022-07-11 09:04:24
1657530265066524000,71.8,1,71.7,15,71.8,21,1,2022-07-11 09:04:25
1657530265348992000,71.8,1,71.7,15,71.8,20,1,2022-07-11 09:04:25
1657530265616991000,71.7,1,71.7,14,71.8,25,2,2022-07-11 09:04:25
1657530265696287000,71.7,1,71.7,13,71.8,25,2,2022-07-11 09:04:25
1657530266099518000,71.8,1,71.7,12,71.8,24,1,2022-07-11 09:04:26
1657530266264018000,71.7,6,71.7,6,71.8,24,2,2022-07-11 09:04:26
1657530266424668000,71.8,1,71.7,5,71.8,24,1,2022-07-11 09:04:26
1657530267174774000,71.8,1,71.7,5,71.8,22,1,2022-07-11 09:04:27
1657530267243469000,71.8,1,71.7,5,71.8,21,1,2022-07-11 09:04:27
1657530267244614000,71.7,1,71.7,4,71.8,21,2,2022-07-11 09:04:27
1657530267428932000,71.7,1,71.7,3,71.8,21,2,2022-07-11 09:04:27
1657530267466128000,71.8,3,71.7,4,71.8,21,1,2022-07-11 09:04:27
1657530267757730000,71.7,1,71.7,2,71.8,18,2,2022-07-11 09:04:27
1657530267833273000,71.8,1,71.7,2,71.8,17,1,2022-07-11 09:04:27
1657530268553349000,71.7,1,71.7,10,71.8,17,2,2022-07-11 09:04:28
1657530268670342000,71.7,1,71.7,14,71.8,17,2,2022-07-11 09:04:28
1657530268714431000,71.8,1,71.7,14,71.8,16,1,2022-07-11 09:04:28
1657530268729188000,71.7,2,71.7,12,71.8,16,2,2022-07-11 09:04:28
1657530268799540000,71.8,1,71.7,12,71.8,15,1,2022-07-11 09:04:28
1657530269198440000,71.7,1,71.7,15,71.8,16,2,2022-07-11 09:04:29
1657530269225645000,71.8,1,71.7,15,71.8,15,1,2022-07-11 09:04:29
1657530269306764000,71.7,2,71.7,13,71.8,18,2,2022-07-11 09:04:29
1657530270060316000,71.8,2,71.7,21,71.8,20,1,2022-07-11 09:04:30
1657530270501255000,71.8,5,71.7,21,71.8,13,1,2022-07-11 09:04:30
1657530270537140000,71.8,13,71.7,21,71.9,24,1,2022-07-11 09:04:30
1657530270571989000,71.8,1,71.7,24,71.9,24,2,2022-07-11 09:04:30
1657530270854308000,71.8,1,71.7,22,71.8,1,2,2022-07-11 09:04:30
1657530270880976000,71.8,1,71.7,23,71.9,24,1,2022-07-11 09:04:30
1657530271351542000,71.8,1,71.8,5,71.9,24,2,2022-07-11 09:04:31
1657530271884142000,71.9,4,71.8,9,71.9,20,1,2022-07-11 09:04:31
1657530271898390000,71.8,1,71.8,8,71.9,20,2,2022-07-11 09:04:31
1657530272602207000,71.8,1,71.8,7,71.9,21,2,2022-07-11 09:04:32
1657530273183605000,71.8,3,71.8,4,71.9,21,2,2022-07-11 09:04:33
1657530273604172000,71.8,1,71.8,4,71.9,21,2,2022-07-11 09:04:33
1657530274612535000,71.9,1,71.8,9,71.9,21,1,2022-07-11 09:04:34
1657530275318680000,71.8,1,71.8,8,71.9,21,2,2022-07-11 09:04:35
1657530275924524000,71.9,21,71.8,11,72.0,14,1,2022-07-11 09:04:35
1657530275925707000,71.8,3,71.8,8,72.0,14,2,2022-07-11 09:04:35
1657530275961127000,71.9,1,71.8,13,71.9,9,1,2022-07-11 09:04:35
1657530275961131000,71.9,9,71.8,12,72.0,4,1,2022-07-11 09:04:35
1657530276129551000,71.9,3,71.9,6,72.0,4,2,2022-07-11 09:04:36
1657530276276939000,71.9,2,71.9,4,72.0,4,2,2022-07-11 09:04:36
1657530276333628000,71.9,3,71.8,14,72.0,4,2,2022-07-11 09:04:36
1657530276333628000,71.8,1,71.8,14,72.0,4,2,2022-07-11 09:04:36
1657530276529831000,71.9,1,71.9,1,72.0,4,2,2022-07-11 09:04:36
1657530276922339000,71.9,1,71.9,1,72.0,4,2,2022-07-11 09:04:36
1657530277396033000,71.9,1,71.9,6,72.0,4,2,2022-07-11 09:04:37
1657530277890675000,71.9,1,71.9,6,72.0,4,2,2022-07-11 09:04:37
1657530278275505000,71.9,1,71.9,5,72.0,4,2,2022-07-11 09:04:38
1657530279399537000,71.9,3,71.9,4,72.0,4,2,2022-07-11 09:04:39
1657530279792728000,72.0,2,71.9,4,72.0,5,1,2022-07-11 09:04:39
1657530280009537000,71.9,1,71.9,5,72.0,5,2,2022-07-11 09:04:40
1657530280414898000,72.0,1,71.9,7,72.0,5,1,2022-07-11 09:04:40
1657530280495957000,71.9,5,71.9,2,72.0,5,2,2022-07-11 09:04:40
1657530280787542000,71.9,2,71.8,36,72.0,5,2,2022-07-11 09:04:40
1657530280787542000,71.8,1,71.8,36,72.0,5,2,2022-07-11 09:04:40
1657530281378428000,72.0,1,71.9,2,72.0,4,1,2022-07-11 09:04:41
1657530282440367000,71.9,1,71.9,12,72.0,4,2,2022-07-11 09:04:42
1657530283022024000,72.0,1,71.9,14,72.0,4,1,2022-07-11 09:04:43
1657530284072583000,71.9,23,71.9,2,72.0,11,2,2022-07-11 09:04:44
1657530285251234000,71.9,1,71.9,16,72.0,14,2,2022-07-11 09:04:45
1657530285263359000,72.0,2,71.9,16,72.0,12,1,2022-07-11 09:04:45
1657530285352670000,71.9,2,71.9,14,72.0,12,2,2022-07-11 09:04:45
1657530285498470000,71.9,5,71.9,9,72.0,13,2,2022-07-11 09:04:45
1657530287095412000,71.9,1,71.9,15,72.0,14,2,2022-07-11 09:04:47
1657530287150647000,71.9,2,71.9,14,72.0,14,2,2022-07-11 09:04:47
1657530287757985000,71.9,1,71.9,20,72.0,14,2,2022-07-11 09:04:47
1657530287770164000,71.9,1,71.9,19,72.0,14,2,2022-07-11 09:04:47
1657530288674063000,71.9,1,71.9,21,72.0,15,2,2022-07-11 09:04:48
1657530289135095000,72.0,1,71.9,21,72.0,14,1,2022-07-11 09:04:49
1657530289642683000,72.0,1,71.9,23,72.0,14,1,2022-07-11 09:04:49
1657530290045249000,72.0,1,71.9,23,72.0,14,1,2022-07-11 09:04:50
1657530291048112000,71.9,1,71.9,29,72.0,13,2,2022-07-11 09:04:51
1657530291048302000,71.9,3,71.9,26,72.0,13,2,2022-07-11 09:04:51
1657530291420898000,71.9,3,71.9,26,72.0,13,2,2022-07-11 09:04:51
1657530291552801000,72.0,2,71.9,26,72.0,13,1,2022-07-11 09:04:51
1657530291870496000,72.0,1,71.9,28,72.0,11,1,2022-07-11 09:04:51
1657530292609276000,71.9,1,71.9,27,72.0,10,2,2022-07-11 09:04:52
1657530292645852000,71.9,3,71.9,24,72.0,10,2,2022-07-11 09:04:52
1657530293372323000,71.9,1,71.9,30,72.0,11,2,2022-07-11 09:04:53
1657530293464776000,72.0,1,71.9,29,72.0,11,1,2022-07-11 09:04:53
1657530293823025000,72.0,1,71.9,29,72.0,10,1,2022-07-11 09:04:53
1657530294491174000,71.9,11,71.9,19,72.0,10,2,2022-07-11 09:04:54
1657530295459697000,72.0,1,71.9,19,72.0,9,1,2022-07-11 09:04:55
1657530295654226000,72.0,4,71.9,22,72.0,5,1,2022-07-11 09:04:55
1657530296327207000,72.0,2,71.9,24,72.0,6,1,2022-07-11 09:04:56
1657530296789705000,72.0,2,71.9,25,72.0,2,1,2022-07-11 09:04:56
1657530297020381000,71.9,3,71.9,23,72.0,2,2,2022-07-11 09:04:57
1657530298682922000,72.0,1,71.9,28,72.0,8,1,2022-07-11 09:04:58
1657530298687438000,72.0,1,71.9,28,72.0,7,1,2022-07-11 09:04:58
1657530298866635000,71.9,6,71.9,22,72.0,7,2,2022-07-11 09:04:58
1657530299554820000,72.0,1,71.9,23,72.0,8,1,2022-07-11 09:04:59
1657530299615426000,71.9,4,71.9,19,72.0,7,2,2022-07-11 09:04:59
1657530299725463000,71.9,5,71.9,15,72.0,7,2,2022-07-11 09:04:59
1657530300049864000,72.0,3,71.9,16,72.0,7,1,2022-07-11 09:05:00
1657530300127526000,71.9,2,71.9,14,72.0,4,2,2022-07-11 09:05:00
1657530300348643000,72.0,1,71.9,14,72.0,3,1,2022-07-11 09:05:00
1657530300367966000,71.9,4,71.9,10,72.0,3,2,2022-07-11 09:05:00
1657530300667870000,71.9,1,71.9,11,72.0,3,2,2022-07-11 09:05:00
1657530300698781000,71.9,1,71.9,10,72.0,3,2,2022-07-11 09:05:00
1657530300701882000,71.9,6,71.9,4,72.0,3,2,2022-07-11 09:05:00
1657530300798062000,71.9,1,71.9,4,72.0,4,2,2022-07-11 09:05:00
1657530301169070000,71.9,4,71.8,46,71.9,6,2,2022-07-11 09:05:01
1657530301209780000,71.8,1,71.8,40,71.9,6,2,2022-07-11 09:05:01
1657530301814272000,71.9,5,71.8,40,71.9,4,1,2022-07-11 09:05:01
1657530302148084000,71.9,1,71.8,39,71.9,4,1,2022-07-11 09:05:02
1657530302495567000,71.9,1,71.8,39,71.9,4,1,2022-07-11 09:05:02
1657530302726025000,71.9,1,71.8,39,71.9,2,1,2022-07-11 09:05:02
1657530302792583000,71.9,2,71.9,8,72.0,8,1,2022-07-11 09:05:02
1657530303693579000,71.9,1,71.9,10,72.0,7,2,2022-07-11 09:05:03
1657530303986357000,72.0,1,71.9,10,72.0,7,1,2022-07-11 09:05:03
1657530304508219000,72.0,2,71.9,15,72.0,9,1,2022-07-11 09:05:04
1657530304757874000,71.9,1,71.9,14,72.0,6,2,2022-07-11 09:05:04
1657530306960655000,71.9,2,71.9,16,72.0,10,2,2022-07-11 09:05:06
1657530307614192000,71.9,5,71.9,10,72.0,14,2,2022-07-11 09:05:07
1657530307721312000,72.0,1,71.9,10,72.0,13,1,2022-07-11 09:05:07
1657530307743231000,71.9,9,71.9,1,72.0,13,2,2022-07-11 09:05:07
1657530308171978000,72.0,1,71.9,12,72.0,12,1,2022-07-11 09:05:08
1657530308384194000,71.9,2,71.9,10,72.0,21,2,2022-07-11 09:05:08
1657530308792063000,71.9,2,71.9,8,72.0,21,2,2022-07-11 09:05:08
1657530309136419000,71.9,8,71.8,50,72.0,22,2,2022-07-11 09:05:09
1657530309136419000,71.8,3,71.8,50,72.0,22,2,2022-07-11 09:05:09
1657530309377374000,71.8,1,71.8,49,71.9,4,2,2022-07-11 09:05:09
1657530309632980000,71.9,1,71.8,49,71.9,3,1,2022-07-11 09:05:09
1657530310083758000,71.9,1,71.8,49,72.0,23,1,2022-07-11 09:05:10
1657530311042707000,71.9,1,71.8,50,71.9,1,1,2022-07-11 09:05:11
1657530311179607000,71.9,1,71.8,50,71.9,7,1,2022-07-11 09:05:11
1657530312230983000,71.8,20,71.8,27,71.9,34,2,2022-07-11 09:05:12
1657530312267455000,71.8,27,71.7,70,71.9,34,2,2022-07-11 09:05:12
1657530313048005000,71.8,2,71.7,64,71.8,2,1,2022-07-11 09:05:13
1657530313048005000,71.9,1,71.7,64,71.8,2,1,2022-07-11 09:05:13
1657530313098563000,71.8,1,71.7,64,71.9,48,1,2022-07-11 09:05:13
1657530313162415000,71.9,1,71.7,64,71.9,47,1,2022-07-11 09:05:13
1657530313380846000,71.8,1,71.7,64,71.9,47,1,2022-07-11 09:05:13
1657530313857355000,71.8,1,71.7,64,71.9,49,1,2022-07-11 09:05:13
1657530314569984000,71.8,1,71.7,59,71.8,1,1,2022-07-11 09:05:14
1657530315260963000,71.8,1,71.7,60,71.8,2,1,2022-07-11 09:05:15
1657530315460899000,71.8,1,71.7,60,71.8,1,1,2022-07-11 09:05:15
1657530315734909000,71.8,1,71.7,60,71.8,2,1,2022-07-11 09:05:15
1657530316789810000,71.8,1,71.7,60,71.8,3,1,2022-07-11 09:05:16
1657530317740679000,71.8,1,71.7,60,71.8,24,1,2022-07-11 09:05:17
1657530317976761000,71.7,60,71.5,77,71.8,25,2,2022-07-11 09:05:17
1657530317976761000,71.6,33,71.5,77,71.8,25,2,2022-07-11 09:05:17
1657530317976761000,71.5,7,71.5,77,71.8,25,2,2022-07-11 09:05:17
1657530318288416000,71.7,1,71.5,76,71.7,9,1,2022-07-11 09:05:18
1657530318740290000,71.7,1,71.5,76,71.7,8,1,2022-07-11 09:05:18
1657530318986067000,71.7,2,71.5,76,71.7,5,1,2022-07-11 09:05:18
1657530320096564000,71.7,1,71.6,1,71.7,3,1,2022-07-11 09:05:20
1657530320142962000,71.7,1,71.6,1,71.7,2,1,2022-07-11 09:05:20
1657530320143886000,71.7,2,71.6,1,71.8,30,1,2022-07-11 09:05:20
1657530320143886000,71.8,3,71.6,1,71.8,30,1,2022-07-11 09:05:20
1657530320149517000,71.8,10,71.6,1,71.8,20,1,2022-07-11 09:05:20
1657530320176003000,71.6,2,71.5,78,71.6,8,2,2022-07-11 09:05:20
1657530320177979000,71.6,4,71.5,78,71.6,4,1,2022-07-11 09:05:20
1657530320525959000,71.5,1,71.5,77,71.6,4,2,2022-07-11 09:05:20
1657530320781092000,71.5,1,71.5,76,71.6,4,2,2022-07-11 09:05:20
1657530322345786000,71.6,1,71.5,66,71.6,3,1,2022-07-11 09:05:22
1657530322437044000,71.6,1,71.5,68,71.6,3,1,2022-07-11 09:05:22
1657530323553525000,71.5,1,71.5,67,71.6,4,2,2022-07-11 09:05:23
1657530323572127000,71.5,10,71.5,57,71.6,4,2,2022-07-11 09:05:23
1657530323725334000,71.6,2,71.5,57,71.6,2,1,2022-07-11 09:05:23
1657530323794663000,71.6,1,71.5,57,71.6,1,1,2022-07-11 09:05:23
1657530323814754000,71.6,1,71.5,57,71.7,7,1,2022-07-11 09:05:23
1657530324056400000,71.5,1,71.5,56,71.6,1,2,2022-07-11 09:05:24
1657530324094991000,71.5,1,71.5,55,71.6,1,2,2022-07-11 09:05:24
1657530324705179000,71.6,1,71.5,54,71.6,1,1,2022-07-11 09:05:24
1657530324841608000,71.6,1,71.6,5,71.7,8,1,2022-07-11 09:05:24
1657530325387790000,71.7,2,71.6,6,71.7,4,1,2022-07-11 09:05:25
1657530325534167000,71.6,6,71.5,51,71.7,3,2,2022-07-11 09:05:25
1657530325534167000,71.5,4,71.5,51,71.7,3,2,2022-07-11 09:05:25
1657530325542597000,71.5,1,71.6,6,71.7,3,2,2022-07-11 09:05:25
1657530326188026000,71.6,1,71.5,51,71.6,1,1,2022-07-11 09:05:26
1657530326266952000,71.5,2,71.5,49,71.6,1,2,2022-07-11 09:05:26
1657530326316212000,71.6,1,71.5,49,71.6,3,1,2022-07-11 09:05:26
1657530326534327000,71.6,1,71.5,49,71.6,3,1,2022-07-11 09:05:26
1657530326827469000,71.6,1,71.5,49,71.6,1,1,2022-07-11 09:05:26
1657530326988289000,71.6,1,71.5,49,71.7,5,1,2022-07-11 09:05:26
1657530327214804000,71.6,1,71.5,51,71.6,1,1,2022-07-11 09:05:27
1657530328223186000,71.5,1,71.5,51,71.6,3,2,2022-07-11 09:05:28
1657530328657271000,71.5,1,71.5,47,71.6,3,2,2022-07-11 09:05:28
1657530328792536000,71.6,1,71.5,47,71.6,2,1,2022-07-11 09:05:28
1657530329335296000,71.6,4,71.6,11,71.7,6,1,2022-07-11 09:05:29
1657530329365036000,71.6,1,71.6,10,71.7,6,2,2022-07-11 09:05:29
1657530329368141000,71.6,5,71.6,5,71.7,6,2,2022-07-11 09:05:29
1657530329885621000,71.6,1,71.6,4,71.7,7,2,2022-07-11 09:05:29
1657530329897803000,71.6,1,71.6,3,71.7,7,2,2022-07-11 09:05:29
1657530330237292000,71.6,1,71.6,3,71.7,7,2,2022-07-11 09:05:30
1657530330853546000,71.6,1,71.6,6,71.7,5,2,2022-07-11 09:05:30
1657530331654236000,71.6,3,71.6,13,71.7,5,2,2022-07-11 09:05:31
1657530331657749000,71.6,1,71.6,12,71.7,5,2,2022-07-11 09:05:31
1657530332137845000,71.6,2,71.6,16,71.7,5,2,2022-07-11 09:05:32
1657530332699274000,71.6,1,71.6,13,71.7,5,2,2022-07-11 09:05:32
1657530332823763000,71.7,4,71.6,13,71.7,1,1,2022-07-11 09:05:32
1657530332968576000,71.6,1,71.6,12,71.7,1,2,2022-07-11 09:05:32
1657530333304198000,71.6,13,71.5,20,71.7,1,2,2022-07-11 09:05:33
1657530333304198000,71.5,37,71.5,20,71.7,1,2,2022-07-11 09:05:33
1657530333346030000,71.6,1,71.5,24,71.7,1,1,2022-07-11 09:05:33
1657530333370048000,71.6,1,71.5,23,71.7,1,2,2022-07-11 09:05:33
1657530333370048000,71.5,1,71.5,23,71.7,1,2,2022-07-11 09:05:33
1657530334680587000,71.7,7,71.7,1,71.8,17,1,2022-07-11 09:05:34
1657530335236298000,71.7,1,71.6,14,71.8,17,2,2022-07-11 09:05:35
1657530335327807000,71.6,14,71.1,26,71.8,17,2,2022-07-11 09:05:35
1657530335327807000,71.5,25,71.1,26,71.8,17,2,2022-07-11 09:05:35
1657530335327807000,71.4,17,71.1,26,71.8,17,2,2022-07-11 09:05:35
1657530335327807000,71.3,33,71.1,26,71.8,17,2,2022-07-11 09:05:35
1657530335327807000,71.2,39,71.1,26,71.8,17,2,2022-07-11 09:05:35
1657530335327807000,71.1,3,71.1,26,71.8,17,2,2022-07-11 09:05:35
1657530335355438000,71.3,1,71.1,23,71.7,1,2,2022-07-11 09:05:35
1657530335355438000,71.1,2,71.1,23,71.7,1,2,2022-07-11 09:05:35
1657530335422217000,71.3,3,71.3,2,71.6,3,2,2022-07-11 09:05:35
1657530335711445000,71.6,1,71.4,1,71.6,4,1,2022-07-11 09:05:35
1657530336886928000,71.6,1,71.4,2,71.6,6,1,2022-07-11 09:05:36
1657530337100399000,71.6,1,71.4,2,71.6,5,1,2022-07-11 09:05:37
1657530337924582000,71.5,1,71.5,2,71.6,7,2,2022-07-11 09:05:37
1657530338060232000,71.5,2,71.4,2,71.6,7,2,2022-07-11 09:05:38
1657530339282117000,71.5,1,71.4,2,71.5,4,1,2022-07-11 09:05:39
1657530339508780000,71.5,1,71.4,2,71.5,4,1,2022-07-11 09:05:39
1657530341369105000,71.4,2,71.0,59,71.5,5,2,2022-07-11 09:05:41
1657530341369105000,71.3,6,71.0,59,71.5,5,2,2022-07-11 09:05:41
1657530341369105000,71.2,5,71.0,59,71.5,5,2,2022-07-11 09:05:41
1657530341369105000,71.1,29,71.0,59,71.5,5,2,2022-07-11 09:05:41
1657530341369105000,71.0,58,71.0,59,71.5,5,2,2022-07-11 09:05:41
1657530341527353000,71.3,1,71.3,2,71.4,6,2,2022-07-11 09:05:41
1657530341602892000,71.4,1,71.3,2,71.4,3,1,2022-07-11 09:05:41
1657530341619711000,71.4,3,71.3,2,71.5,13,1,2022-07-11 09:05:41
1657530342239819000,71.5,1,71.4,3,71.5,12,1,2022-07-11 09:05:42
1657530342293765000,71.5,4,71.4,3,71.5,7,1,2022-07-11 09:05:42
1657530342502759000,71.5,1,71.4,4,71.5,1,1,2022-07-11 09:05:42
1657530342521332000,71.5,1,71.4,4,71.6,15,1,2022-07-11 09:05:42
1657530343117999000,71.5,1,71.4,4,71.6,15,1,2022-07-11 09:05:43
1657530343400425000,71.6,1,71.5,2,71.6,13,1,2022-07-11 09:05:43
1657530343816459000,71.5,1,71.5,3,71.6,14,2,2022-07-11 09:05:43
1657530343887506000,71.5,3,71.4,4,71.6,14,2,2022-07-11 09:05:43
1657530344470993000,71.4,2,71.4,2,71.5,2,2,2022-07-11 09:05:44
1657530345371733000,71.5,1,71.4,3,71.5,2,1,2022-07-11 09:05:45
1657530345892724000,71.5,1,71.4,3,71.5,3,1,2022-07-11 09:05:45
1657530346761649000,71.5,1,71.4,3,71.5,1,1,2022-07-11 09:05:46
1657530348560001000,71.5,2,71.4,3,71.5,4,1,2022-07-11 09:05:48
1657530349076470000,71.4,1,71.4,2,71.5,20,2,2022-07-11 09:05:49
1657530349104745000,71.5,2,71.4,2,71.5,18,1,2022-07-11 09:05:49
1657530350288090000,71.5,1,71.4,3,71.5,22,1,2022-07-11 09:05:50
1657530351030786000,71.4,3,71.4,3,71.5,21,2,2022-07-11 09:05:51
1657530351071793000,71.4,3,71.3,11,71.5,22,1,2022-07-11 09:05:51
1657530351470058000,71.5,1,71.4,1,71.5,19,1,2022-07-11 09:05:51
1657530351859792000,71.5,1,71.4,2,71.5,18,1,2022-07-11 09:05:51
1657530353208358000,71.4,3,71.4,1,71.5,18,2,2022-07-11 09:05:53
1657530353562398000,71.4,1,71.4,2,71.5,18,2,2022-07-11 09:05:53
1657530354241441000,71.5,1,71.4,3,71.5,18,1,2022-07-11 09:05:54
1657530355919686000,71.4,1,71.4,3,71.5,19,2,2022-07-11 09:05:55
1657530355927368000,71.5,1,71.4,3,71.5,18,1,2022-07-11 09:05:55
1657530355997017000,71.4,1,71.4,3,71.5,18,2,2022-07-11 09:05:55
1657530357712629000,71.5,1,71.4,9,71.5,21,1,2022-07-11 09:05:57
1657530357747441000,71.5,2,71.4,9,71.5,19,1,2022-07-11 09:05:57
1657530357777987000,71.5,19,71.4,9,71.6,25,1,2022-07-11 09:05:57
1657530358457644000,71.6,1,71.4,15,71.6,23,1,2022-07-11 09:05:58
1657530358961062000,71.5,5,71.4,15,71.6,18,1,2022-07-11 09:05:58
1657530359196591000,71.6,1,71.4,17,71.6,17,1,2022-07-11 09:05:59
1657530359778112000,71.5,1,71.4,18,71.6,17,2,2022-07-11 09:05:59
1657530359778800000,71.4,1,71.4,17,71.6,17,2,2022-07-11 09:05:59
1657530360104035000,71.4,2,71.4,15,71.6,17,2,2022-07-11 09:06:00
1657530360140407000,71.4,1,71.4,14,71.6,17,2,2022-07-11 09:06:00
1657530360245840000,71.5,1,71.4,14,71.6,17,2,2022-07-11 09:06:00
1657530360846230000,71.6,1,71.4,20,71.6,16,1,2022-07-11 09:06:00
1657530361110193000,71.6,1,71.4,22,71.6,15,1,2022-07-11 09:06:01
1657530361232146000,71.4,1,71.4,21,71.6,15,2,2022-07-11 09:06:01
1657530362147060000,71.5,1,71.5,6,71.6,15,2,2022-07-11 09:06:02
1657530362533541000,71.5,3,71.5,6,71.6,15,2,2022-07-11 09:06:02
1657530362859164000,71.5,1,71.5,4,71.6,15,2,2022-07-11 09:06:02
1657530364038843000,71.5,9,71.4,9,71.6,16,2,2022-07-11 09:06:04
1657530364038843000,71.4,21,71.4,9,71.6,16,2,2022-07-11 09:06:04
1657530365380593000,71.5,2,71.4,17,71.6,16,1,2022-07-11 09:06:05
1657530365772940000,71.5,1,71.4,16,71.5,1,2,2022-07-11 09:06:05
1657530365894677000,71.5,1,71.4,18,71.6,16,1,2022-07-11 09:06:05
1657530366194440000,71.5,2,71.3,10,71.6,16,2,2022-07-11 09:06:06
1657530366194440000,71.4,19,71.3,10,71.6,16,2,2022-07-11 09:06:06
1657530366194440000,71.3,19,71.3,10,71.6,16,2,2022-07-11 09:06:06
1657530368156156000,71.4,2,71.3,8,71.4,2,2,2022-07-11 09:06:08
1657530368183930000,71.4,2,71.3,8,71.5,4,1,2022-07-11 09:06:08
1657530368821427000,71.5,1,71.4,1,71.5,3,1,2022-07-11 09:06:08
1657530368848945000,71.4,1,71.3,5,71.5,3,2,2022-07-11 09:06:08
1657530368848945000,71.3,3,71.3,5,71.5,3,2,2022-07-11 09:06:08
1657530368849124000,71.3,5,71.2,23,71.3,13,2,2022-07-11 09:06:08
1657530368879862000,71.3,10,71.2,22,71.3,3,1,2022-07-11 09:06:08
1657530368879894000,71.3,3,71.2,22,71.5,3,1,2022-07-11 09:06:08
1657530368914645000,71.5,2,71.3,1,71.5,2,1,2022-07-11 09:06:08
1657530369961245000,71.4,1,71.3,1,71.4,29,2,2022-07-11 09:06:09
1657530370220199000,71.4,3,71.2,14,71.4,26,1,2022-07-11 09:06:10
1657530370247722000,71.2,1,71.2,13,71.4,26,2,2022-07-11 09:06:10
1657530370437719000,71.2,1,71.2,13,71.4,26,2,2022-07-11 09:06:10
1657530371124706000,71.3,1,71.2,16,71.4,26,2,2022-07-11 09:06:11
1657530371560679000,71.4,1,71.2,16,71.4,25,1,2022-07-11 09:06:11
1657530371798826000,71.3,1,71.2,19,71.3,1,2,2022-07-11 09:06:11
1657530371992038000,71.3,1,71.2,21,71.4,25,1,2022-07-11 09:06:11
1657530372120514000,71.3,1,71.2,21,71.4,23,1,2022-07-11 09:06:12
1657530372120514000,71.4,2,71.2,21,71.4,23,1,2022-07-11 09:06:12
1657530372518849000,71.2,1,71.2,21,71.4,24,2,2022-07-11 09:06:12
1657530372947314000,71.4,5,71.2,20,71.4,19,1,2022-07-11 09:06:12
1657530373282819000,71.3,1,71.3,6,71.4,18,1,2022-07-11 09:06:13
1657530373580886000,71.3,4,71.3,3,71.4,18,2,2022-07-11 09:06:13
1657530374195063000,71.3,3,71.2,6,71.4,18,2,2022-07-11 09:06:14
1657530374195063000,71.2,17,71.2,6,71.4,18,2,2022-07-11 09:06:14
1657530374731412000,71.3,1,71.2,6,71.4,19,1,2022-07-11 09:06:14
1657530376340866000,71.4,1,71.3,3,71.4,20,1,2022-07-11 09:06:16
1657530376483802000,71.3,1,71.3,3,71.4,19,2,2022-07-11 09:06:16
1657530376887336000,71.3,1,71.3,4,71.4,20,2,2022-07-11 09:06:16
1657530377343562000,71.3,3,71.2,8,71.4,20,2,2022-07-11 09:06:17
1657530377343562000,71.2,2,71.2,8,71.4,20,2,2022-07-11 09:06:17
1657530378650476000,71.3,1,71.2,11,71.4,22,2,2022-07-11 09:06:18
1657530378978959000,71.4,2,71.2,12,71.4,20,1,2022-07-11 09:06:18
1657530379298194000,71.3,1,71.2,3,71.4,20,2,2022-07-11 09:06:19
1657530379298194000,71.2,9,71.2,3,71.4,20,2,2022-07-11 09:06:19
1657530379371014000,71.3,2,71.2,4,71.4,20,1,2022-07-11 09:06:19
1657530379493364000,71.2,1,71.2,3,71.4,21,2,2022-07-11 09:06:19
1657530380099425000,71.2,1,71.2,3,71.4,21,2,2022-07-11 09:06:20
1657530380353649000,71.3,1,71.2,5,71.3,1,1,2022-07-11 09:06:20
1657530380851563000,71.3,1,71.2,6,71.4,22,1,2022-07-11 09:06:20
1657530383974055000,71.3,1,71.3,10,71.4,24,2,2022-07-11 09:06:23
1657530385135771000,71.4,1,71.3,9,71.4,24,1,2022-07-11 09:06:25
1657530385537052000,71.3,1,71.3,11,71.4,24,2,2022-07-11 09:06:25
1657530386697352000,71.3,1,71.3,14,71.4,24,2,2022-07-11 09:06:26
1657530387165434000,71.3,1,71.3,14,71.4,26,2,2022-07-11 09:06:27
1657530387353999000,71.3,1,71.3,13,71.4,26,2,2022-07-11 09:06:27
1657530387751510000,71.3,1,71.3,12,71.4,25,2,2022-07-11 09:06:27
1657530387811899000,71.4,1,71.3,12,71.4,24,1,2022-07-11 09:06:27
1657530388067108000,71.3,1,71.3,11,71.4,24,2,2022-07-11 09:06:28
1657530389967449000,71.3,1,71.3,17,71.4,26,2,2022-07-11 09:06:29
1657530390663749000,71.3,1,71.3,16,71.4,27,2,2022-07-11 09:06:30
1657530390747570000,71.3,1,71.3,15,71.4,27,2,2022-07-11 09:06:30
1657530391912194000,71.3,5,71.3,29,71.4,27,2,2022-07-11 09:06:31
1657530394356394000,71.3,1,71.3,31,71.4,28,2,2022-07-11 09:06:34
1657530394501198000,71.3,1,71.3,31,71.4,28,2,2022-07-11 09:06:34
1657530395447939000,71.3,1,71.3,30,71.4,32,2,2022-07-11 09:06:35
1657530395910695000,71.3,1,71.3,29,71.4,31,2,2022-07-11 09:06:35
1657530396018397000,71.4,1,71.3,29,71.4,30,1,2022-07-11 09:06:36
1657530396104244000,71.3,10,71.3,19,71.4,30,2,2022-07-11 09:06:36
1657530396144286000,71.4,1,71.3,19,71.4,29,1,2022-07-11 09:06:36
1657530397295037000,71.3,2,71.3,18,71.4,29,2,2022-07-11 09:06:37
1657530398641357000,71.3,1,71.3,17,71.4,30,2,2022-07-11 09:06:38
1657530399003780000,71.4,5,71.3,18,71.4,30,1,2022-07-11 09:06:39
1657530399778471000,71.3,2,71.3,16,71.4,25,2,2022-07-11 09:06:39
1657530399811832000,71.3,1,71.3,15,71.4,25,2,2022-07-11 09:06:39
1657530399921543000,71.4,1,71.3,15,71.4,24,1,2022-07-11 09:06:39
1657530399925345000,71.4,1,71.3,15,71.4,25,1,2022-07-11 09:06:39
1657530400165005000,71.3,1,71.3,14,71.4,23,2,2022-07-11 09:06:40
1657530400480403000,71.4,1,71.3,14,71.4,24,1,2022-07-11 09:06:40
1657530400663839000,71.3,10,71.3,5,71.4,23,2,2022-07-11 09:06:40
1657530400862786000,71.3,5,70.9,145,71.0,22,2,2022-07-11 09:06:40
1657530400862786000,71.2,27,70.9,145,71.0,22,2,2022-07-11 09:06:40
1657530400862786000,71.1,37,70.9,145,71.0,22,2,2022-07-11 09:06:40
1657530400862786000,71.0,109,70.9,145,71.0,22,2,2022-07-11 09:06:40
1657530400893562000,71.0,10,70.9,145,71.0,12,1,2022-07-11 09:06:40
1657530400894442000,71.0,12,70.9,145,71.4,23,1,2022-07-11 09:06:40
1657530400898027000,70.9,1,70.9,143,71.2,1,2,2022-07-11 09:06:40
1657530400904058000,70.9,1,70.9,142,71.2,1,2,2022-07-11 09:06:40
1657530400911007000,70.9,1,70.9,141,71.2,1,2,2022-07-11 09:06:40
1657530400912116000,70.9,1,70.9,140,71.2,1,2,2022-07-11 09:06:40
1657530400918858000,70.9,1,70.9,139,71.2,1,2,2022-07-11 09:06:40
1657530400919710000,70.9,1,70.9,138,71.2,1,2,2022-07-11 09:06:40
1657530400919988000,71.2,1,70.9,138,71.4,20,1,2022-07-11 09:06:40
1657530400919988000,71.4,4,70.9,138,71.4,20,1,2022-07-11 09:06:40
1657530400933540000,70.9,1,70.9,137,71.4,21,2,2022-07-11 09:06:40
1657530400933654000,70.9,1,70.9,136,71.4,21,2,2022-07-11 09:06:40
1657530400946865000,71.0,1,70.9,122,71.2,1,2,2022-07-11 09:06:40
1657530400946865000,70.9,14,70.9,122,71.2,1,2,2022-07-11 09:06:40
1657530400948792000,70.9,43,70.9,79,71.2,1,2,2022-07-11 09:06:40
1657530400950534000,70.9,1,70.9,78,71.2,1,2,2022-07-11 09:06:40
1657530400957627000,70.9,1,70.9,78,71.2,2,2,2022-07-11 09:06:40
1657530400961317000,70.9,1,70.9,76,71.2,2,2,2022-07-11 09:06:40
1657530400963002000,70.9,1,70.9,75,71.2,2,2,2022-07-11 09:06:40
1657530400976455000,71.0,1,71.0,2,71.2,3,2,2022-07-11 09:06:40
1657530401013972000,70.9,1,70.9,74,71.1,3,2,2022-07-11 09:06:41
1657530401018075000,70.9,1,70.9,73,71.1,3,2,2022-07-11 09:06:41
1657530401020883000,70.9,5,70.9,68,71.1,3,2,2022-07-11 09:06:41
1657530401026561000,70.9,1,70.9,67,71.1,3,2,2022-07-11 09:06:41
1657530401036194000,70.9,1,70.9,66,71.1,3,2,2022-07-11 09:06:41
1657530401060212000,70.9,1,70.9,65,71.1,4,2,2022-07-11 09:06:41
1657530401336972000,71.0,1,70.9,65,71.0,1,1,2022-07-11 09:06:41
1657530401556167000,71.1,3,70.9,65,71.1,3,1,2022-07-11 09:06:41
1657530401739126000,70.9,5,70.9,60,71.1,4,2,2022-07-11 09:06:41
1657530401974417000,71.1,1,70.9,60,71.1,4,1,2022-07-11 09:06:41
1657530402002310000,71.1,4,70.9,60,71.1,5,1,2022-07-11 09:06:42
1657530402037439000,71.1,1,70.9,60,71.2,4,2,2022-07-11 09:06:42
1657530402053190000,71.1,1,70.9,60,71.2,3,1,2022-07-11 09:06:42
1657530402053190000,71.2,1,70.9,60,71.2,3,1,2022-07-11 09:06:42
1657530402282469000,71.1,1,70.9,60,71.1,24,1,2022-07-11 09:06:42
1657530402327854000,71.1,3,70.9,60,71.1,25,1,2022-07-11 09:06:42
1657530402553037000,70.9,4,70.9,56,71.1,22,2,2022-07-11 09:06:42
1657530402928933000,71.0,2,70.9,56,71.1,22,2,2022-07-11 09:06:42
1657530402971942000,71.1,1,70.9,56,71.1,22,1,2022-07-11 09:06:42
1657530403182755000,71.1,1,70.9,56,71.1,21,1,2022-07-11 09:06:43
1657530403292600000,70.9,1,70.9,55,71.1,20,2,2022-07-11 09:06:43
1657530403383073000,71.1,1,70.9,55,71.1,20,1,2022-07-11 09:06:43
1657530403772078000,70.9,4,70.9,51,71.1,19,2,2022-07-11 09:06:43
1657530404918238000,71.1,2,70.9,51,71.1,18,1,2022-07-11 09:06:44
1657530404973072000,70.9,2,70.9,49,71.0,1,2,2022-07-11 09:06:44
1657530405196294000,70.9,3,70.9,46,71.0,1,2,2022-07-11 09:06:45
1657530405278659000,71.0,1,70.9,46,71.1,17,1,2022-07-11 09:06:45
1657530405365541000,71.1,1,70.9,47,71.1,18,1,2022-07-11 09:06:45
1657530407400224000,71.0,1,70.9,56,71.1,20,2,2022-07-11 09:06:47
1657530408284184000,71.1,2,71.0,1,71.1,17,1,2022-07-11 09:06:48
1657530408302858000,71.0,1,70.9,49,71.1,17,2,2022-07-11 09:06:48
1657530408302858000,70.9,19,70.9,49,71.1,17,2,2022-07-11 09:06:48
1657530408378471000,71.0,1,70.9,47,71.1,19,1,2022-07-11 09:06:48
1657530408731713000,70.9,1,70.9,42,71.1,17,2,2022-07-11 09:06:48
1657530408848627000,71.0,1,70.9,42,71.1,18,1,2022-07-11 09:06:48
1657530408936972000,70.9,1,70.9,41,71.1,19,2,2022-07-11 09:06:48
1657530409132554000,71.1,1,70.9,41,71.1,18,1,2022-07-11 09:06:49
1657530409200573000,70.9,3,70.9,38,71.0,1,2,2022-07-11 09:06:49
1657530409297398000,71.0,1,70.9,38,71.1,18,1,2022-07-11 09:06:49
1657530409301027000,70.9,1,70.9,37,71.1,18,2,2022-07-11 09:06:49
1657530409718713000,70.9,1,70.9,36,71.1,18,2,2022-07-11 09:06:49
1657530410289314000,71.1,1,70.9,36,71.1,17,1,2022-07-11 09:06:50
1657530411459904000,71.0,1,70.9,36,71.1,18,1,2022-07-11 09:06:51
1657530411641229000,71.0,1,71.0,3,71.1,18,2,2022-07-11 09:06:51
1657530411802061000,71.0,1,71.0,3,71.1,18,2,2022-07-11 09:06:51
1657530413316578000,71.0,2,70.9,41,71.0,3,2,2022-07-11 09:06:53
1657530413449723000,71.0,1,70.9,36,71.0,3,1,2022-07-11 09:06:53
1657530414091638000,71.0,1,70.9,37,71.0,1,1,2022-07-11 09:06:54
1657530414993903000,71.0,1,70.9,40,71.1,21,1,2022-07-11 09:06:54
1657530415171859000,70.9,1,70.9,40,71.0,1,2,2022-07-11 09:06:55
1657530415679596000,71.0,1,70.9,41,71.0,2,1,2022-07-11 09:06:55
1657530416213252000,70.9,1,70.9,40,71.0,3,2,2022-07-11 09:06:56
1657530416604160000,71.0,2,70.9,46,71.0,2,1,2022-07-11 09:06:56
1657530416769231000,71.0,2,71.0,3,71.1,29,1,2022-07-11 09:06:56
1657530416784718000,71.0,3,70.9,46,71.0,2,2,2022-07-11 09:06:56
1657530416789751000,71.0,1,70.9,46,71.0,1,1,2022-07-11 09:06:56
1657530416817815000,70.9,1,70.9,45,71.0,1,2,2022-07-11 09:06:56
1657530417328027000,71.0,1,70.9,45,71.1,32,1,2022-07-11 09:06:57
1657530418831841000,71.0,5,71.0,5,71.1,34,2,2022-07-11 09:06:58
1657530419122256000,71.0,1,71.0,6,71.1,34,2,2022-07-11 09:06:59
1657530420275547000,71.0,1,71.0,8,71.1,33,2,2022-07-11 09:07:00
1657530420477993000,71.0,1,71.0,7,71.1,33,2,2022-07-11 09:07:00
1657530420723529000,71.1,1,71.0,8,71.1,32,1,2022-07-11 09:07:00
1657530421180196000,71.0,8,70.9,50,71.0,2,2,2022-07-11 09:07:01
1657530421214256000,71.0,2,70.9,50,71.1,32,1,2022-07-11 09:07:01
1657530422139498000,71.0,1,71.0,2,71.1,32,2,2022-07-11 09:07:02
1657530422386741000,71.0,1,71.0,1,71.1,32,2,2022-07-11 09:07:02
1657530423068066000,71.0,1,71.0,8,71.1,32,2,2022-07-11 09:07:03
1657530423579991000,71.0,1,71.0,8,71.1,32,2,2022-07-11 09:07:03
1657530423767008000,71.1,1,71.0,10,71.1,31,1,2022-07-11 09:07:03
1657530424016816000,71.0,1,71.0,13,71.1,31,2,2022-07-11 09:07:04
1657530424146768000,71.1,1,71.0,12,71.1,30,1,2022-07-11 09:07:04
1657530425381873000,71.0,5,71.0,11,71.1,30,2,2022-07-11 09:07:05
1657530425615746000,71.0,3,71.0,8,71.1,30,2,2022-07-11 09:07:05
1657530425639384000,71.0,1,71.0,7,71.1,30,2,2022-07-11 09:07:05
1657530425725585000,71.1,2,71.0,12,71.1,28,1,2022-07-11 09:07:05
1657530425955348000,71.0,1,71.0,11,71.1,30,2,2022-07-11 09:07:05
1657530426184217000,71.0,3,71.0,8,71.1,30,2,2022-07-11 09:07:06
1657530426608178000,71.1,1,71.0,8,71.1,34,1,2022-07-11 09:07:06
1657530426616144000,71.1,1,71.0,8,71.1,33,1,2022-07-11 09:07:06
1657530427421415000,71.0,1,71.0,9,71.1,38,2,2022-07-11 09:07:07
1657530427494539000,71.1,1,71.0,9,71.1,37,1,2022-07-11 09:07:07
1657530427588292000,71.0,1,71.0,8,71.1,37,2,2022-07-11 09:07:07
1657530427625080000,71.0,5,71.0,3,71.1,37,2,2022-07-11 09:07:07
1657530427956576000,71.0,1,71.0,4,71.1,37,2,2022-07-11 09:07:07
1657530428458109000,71.0,1,71.0,5,71.1,37,2,2022-07-11 09:07:08
1657530428492035000,71.0,1,71.0,6,71.1,37,2,2022-07-11 09:07:08
1657530428740979000,71.0,1,71.0,5,71.1,37,2,2022-07-11 09:07:08
