ts,close,volume,bid_price,bid_volume,ask_price,ask_volume,tick_type,datetime
1657098003939484000,33.45,298,33.4,2,33.45,1,2,2022-07-06 09:00:03
1657098003973987000,33.4,2,33.35,4,33.45,1,2,2022-07-06 09:00:03
1657098004019755000,33.4,1,33.4,17,33.45,1,2,2022-07-06 09:00:04
1657098004029207000,33.4,1,33.4,16,33.45,2,2,2022-07-06 09:00:04
1657098004039143000,33.4,1,33.4,15,33.45,2,2,2022-07-06 09:00:04
1657098004052158000,33.4,15,33.35,4,33.45,2,2,2022-07-06 09:00:04
1657098004080785000,33.35,1,33.35,3,33.45,2,2,2022-07-06 09:00:04
1657098004115262000,33.35,3,33.4,17,33.45,2,2,2022-07-06 09:00:04
1657098009444939000,33.45,2,33.3,24,33.5,13,1,2022-07-06 09:00:09
1657098009444939000,33.5,11,33.3,24,33.5,13,1,2022-07-06 09:00:09
1657098009557107000,33.3,1,33.3,23,33.5,13,2,2022-07-06 09:00:09
1657098011009913000,33.35,1,33.3,23,33.45,2,1,2022-07-06 09:00:11
1657098011393041000,33.5,1,33.35,1,33.5,13,1,2022-07-06 09:00:11
1657098016160375000,33.5,1,33.35,2,33.5,11,1,2022-07-06 09:00:16
1657098017549810000,33.5,4,33.35,4,33.5,7,1,2022-07-06 09:00:17
1657098017582465000,33.5,7,33.35,4,33.6,3,1,2022-07-06 09:00:17
1657098019229245000,33.5,3,33.35,4,33.5,1,2,2022-07-06 09:00:19
1657098019267391000,33.5,1,33.35,4,33.6,3,1,2022-07-06 09:00:19
1657098020826577000,33.6,3,33.5,1,33.85,31,1,2022-07-06 09:00:20
1657098026101015000,33.5,1,33.5,1,33.65,5,2,2022-07-06 09:00:26
1657098026694699000,33.5,1,33.35,9,33.6,10,2,2022-07-06 09:00:26
1657098027728715000,33.35,1,33.35,8,33.6,10,2,2022-07-06 09:00:27
1657098034072698000,33.6,3,33.4,1,33.6,10,1,2022-07-06 09:00:34
1657098034196634000,33.4,1,33.4,2,33.6,10,2,2022-07-06 09:00:34
1657098035895942000,33.4,3,33.35,7,33.6,11,1,2022-07-06 09:00:35
1657098037880329000,33.4,1,33.35,7,33.55,6,2,2022-07-06 09:00:37
1657098037938320000,33.35,3,33.4,1,33.55,6,2,2022-07-06 09:00:37
1657098038104108000,33.35,2,33.35,2,33.55,6,2,2022-07-06 09:00:38
1657098039664701000,33.35,2,33.3,23,33.4,15,2,2022-07-06 09:00:39
1657098044718016000,33.4,1,33.35,3,33.4,14,1,2022-07-06 09:00:44
1657098046721846000,33.35,3,33.3,24,33.35,2,2,2022-07-06 09:00:46
1657098049382161000,33.35,4,33.3,24,33.4,14,1,2022-07-06 09:00:49
1657098049382161000,33.4,1,33.3,24,33.4,14,1,2022-07-06 09:00:49
1657098051657373000,33.3,7,33.3,20,33.35,2,2,2022-07-06 09:00:51
1657098053161637000,33.35,1,33.3,21,33.35,1,1,2022-07-06 09:00:53
1657098053643654000,33.3,2,33.3,19,33.35,1,2,2022-07-06 09:00:53
1657098054720669000,33.3,10,33.3,10,33.35,3,2,2022-07-06 09:00:54
1657098055086920000,33.3,1,33.3,9,33.35,3,2,2022-07-06 09:00:55
1657098055473943000,33.3,2,33.3,7,33.35,3,2,2022-07-06 09:00:55
1657098056988175000,33.3,3,33.3,9,33.35,3,2,2022-07-06 09:00:56
1657098057253038000,33.3,9,33.2,8,33.3,4,2,2022-07-06 09:00:57
1657098059277613000,33.2,1,33.2,9,33.3,7,2,2022-07-06 09:00:59
1657098059317841000,33.2,9,33.1,5,33.3,7,2,2022-07-06 09:00:59
1657098060720166000,33.15,1,33.15,1,33.3,7,2,2022-07-06 09:01:00
1657098060753600000,33.15,1,33.1,5,33.3,7,2,2022-07-06 09:01:00
1657098060919303000,33.1,1,33.1,6,33.3,7,2,2022-07-06 09:01:00
1657098063099273000,33.1,2,33.1,2,33.25,2,2,2022-07-06 09:01:03
1657098064630660000,33.1,1,33.1,4,33.25,2,2,2022-07-06 09:01:04
1657098065126977000,33.1,1,33.1,3,33.25,2,2,2022-07-06 09:01:05
1657098066466881000,33.25,2,33.1,3,33.3,5,1,2022-07-06 09:01:06
1657098066466881000,33.3,1,33.1,3,33.3,5,1,2022-07-06 09:01:06
1657098066726465000,33.15,2,33.15,4,33.3,5,2,2022-07-06 09:01:06
1657098067280483000,33.15,1,33.15,3,33.3,5,2,2022-07-06 09:01:07
1657098067471393000,33.15,1,33.15,2,33.3,5,2,2022-07-06 09:01:07
1657098068333183000,33.15,2,33.1,4,33.3,5,2,2022-07-06 09:01:08
1657098068627499000,33.1,2,33.1,4,33.25,19,2,2022-07-06 09:01:08
1657098069137539000,33.1,2,33.05,28,33.25,19,2,2022-07-06 09:01:09
1657098069137539000,33.05,8,33.05,28,33.25,19,2,2022-07-06 09:01:09
1657098069282406000,33.05,1,33.05,27,33.25,19,2,2022-07-06 09:01:09
1657098071986258000,33.05,1,33.05,26,33.15,4,2,2022-07-06 09:01:11
1657098072163752000,33.15,1,33.05,26,33.15,3,1,2022-07-06 09:01:12
1657098072205130000,33.15,3,33.05,26,33.25,19,1,2022-07-06 09:01:12
1657098072891226000,33.05,1,33.05,28,33.25,19,2,2022-07-06 09:01:12
1657098075368913000,33.05,1,33.05,30,33.25,19,2,2022-07-06 09:01:15
1657098076203774000,33.2,2,33.05,31,33.25,19,1,2022-07-06 09:01:16
1657098078599964000,33.15,1,33.1,3,33.25,19,1,2022-07-06 09:01:18
1657098080733383000,33.25,18,33.2,1,33.25,1,1,2022-07-06 09:01:20
1657098080733458000,33.25,1,33.25,18,33.3,4,1,2022-07-06 09:01:20
1657098080766344000,33.3,1,33.25,18,33.3,3,1,2022-07-06 09:01:20
1657098080766525000,33.3,3,33.25,18,33.35,3,1,2022-07-06 09:01:20
1657098080768325000,33.35,1,33.25,18,33.35,2,1,2022-07-06 09:01:20
1657098084764965000,33.35,2,33.3,2,33.4,3,1,2022-07-06 09:01:24
1657098085644645000,33.4,1,33.3,3,33.4,2,1,2022-07-06 09:01:25
1657098085694117000,33.4,2,33.3,3,33.55,7,1,2022-07-06 09:01:25
1657098087270317000,33.3,1,33.2,2,33.5,5,2,2022-07-06 09:01:27
1657098090362983000,33.4,1,33.35,1,33.5,5,2,2022-07-06 09:01:30
1657098090362983000,33.35,1,33.35,1,33.5,5,2,2022-07-06 09:01:30
1657098090606008000,33.5,1,33.35,1,33.5,4,1,2022-07-06 09:01:30
1657098091539667000,33.35,1,33.2,3,33.5,5,2,2022-07-06 09:01:31
1657098091539667000,33.2,1,33.2,3,33.5,5,2,2022-07-06 09:01:31
1657098099025059000,33.2,1,33.2,4,33.4,5,2,2022-07-06 09:01:39
1657098112051612000,33.25,1,33.25,3,33.4,5,2,2022-07-06 09:01:52
1657098123476336000,33.4,4,33.25,9,33.4,1,1,2022-07-06 09:02:03
1657098123511820000,33.4,1,33.25,9,33.45,3,1,2022-07-06 09:02:03
1657098125709078000,33.4,1,33.25,12,33.45,3,1,2022-07-06 09:02:05
1657098135994313000,33.45,1,33.4,1,33.45,2,1,2022-07-06 09:02:15
1657098141827674000,33.4,1,33.25,6,33.45,8,2,2022-07-06 09:02:21
1657098141827674000,33.3,2,33.25,6,33.45,8,2,2022-07-06 09:02:21
1657098141827674000,33.25,2,33.25,6,33.45,8,2,2022-07-06 09:02:21
1657098158675008000,33.3,2,33.3,2,33.4,2,2,2022-07-06 09:02:38
1657098163852860000,33.4,7,33.3,4,33.45,2,1,2022-07-06 09:02:43
1657098163852860000,33.45,11,33.3,4,33.45,2,1,2022-07-06 09:02:43
1657098163929439000,33.45,2,33.35,2,33.5,2,1,2022-07-06 09:02:43
1657098164476565000,33.35,1,33.35,1,33.5,2,2,2022-07-06 09:02:44
1657098174074339000,33.45,2,33.35,52,33.5,2,1,2022-07-06 09:02:54
1657098179127731000,33.35,2,33.35,54,33.5,2,2,2022-07-06 09:02:59
1657098184917710000,33.5,2,33.4,2,33.5,1,1,2022-07-06 09:03:04
1657098187712604000,33.4,2,33.4,1,33.5,1,2,2022-07-06 09:03:07
1657098190807144000,33.5,1,33.4,2,33.5,11,1,2022-07-06 09:03:10
1657098196443642000,33.4,2,33.4,8,33.5,11,2,2022-07-06 09:03:16
1657098205117876000,33.5,11,33.45,5,33.65,6,1,2022-07-06 09:03:25
1657098206662341000,33.45,1,33.45,9,33.65,6,2,2022-07-06 09:03:26
1657098212071115000,33.5,2,33.45,9,33.65,6,2,2022-07-06 09:03:32
1657098227648958000,33.6,1,33.55,2,33.65,8,1,2022-07-06 09:03:47
1657098231834997000,33.6,1,33.55,2,33.65,8,2,2022-07-06 09:03:51
1657098241465163000,33.65,2,33.6,1,33.65,7,1,2022-07-06 09:04:01
1657098241874903000,33.65,1,33.6,1,33.65,6,1,2022-07-06 09:04:01
1657098243219432000,33.65,6,33.65,14,33.7,7,1,2022-07-06 09:04:03
1657098247021649000,33.65,1,33.65,14,33.7,7,2,2022-07-06 09:04:07
1657098252537923000,33.7,6,33.65,19,33.7,1,1,2022-07-06 09:04:12
1657098255610601000,33.65,1,33.65,30,33.7,1,2,2022-07-06 09:04:15
1657098255715598000,33.65,5,33.65,25,33.7,1,2,2022-07-06 09:04:15
1657098258707008000,33.7,1,33.65,27,33.75,16,1,2022-07-06 09:04:18
1657098260218233000,33.65,5,33.65,25,33.7,10,2,2022-07-06 09:04:20
1657098260245276000,33.65,25,33.6,2,33.7,10,2,2022-07-06 09:04:20
1657098260325342000,33.6,2,33.55,3,33.65,2,2,2022-07-06 09:04:20
1657098260723194000,33.55,3,33.5,9,33.65,32,2,2022-07-06 09:04:20
1657098260759371000,33.5,9,33.55,3,33.65,32,2,2022-07-06 09:04:20
1657098267550823000,33.45,1,33.45,57,33.55,2,2,2022-07-06 09:04:27
1657098270467346000,33.5,5,33.45,56,33.55,4,2,2022-07-06 09:04:30
1657098271087020000,33.5,1,33.5,1,33.55,4,2,2022-07-06 09:04:31
1657098277345595000,33.45,1,33.45,56,33.5,7,2,2022-07-06 09:04:37
1657098279652909000,33.45,35,33.45,20,33.5,4,2,2022-07-06 09:04:39
1657098279688497000,33.45,20,33.4,16,33.5,4,2,2022-07-06 09:04:39
1657098279802710000,33.4,1,33.4,15,33.5,4,2,2022-07-06 09:04:39
1657098279833325000,33.4,12,33.4,3,33.5,4,2,2022-07-06 09:04:39
1657098279863069000,33.4,3,33.35,22,33.5,4,2,2022-07-06 09:04:39
1657098291978179000,33.4,1,33.35,20,33.4,4,1,2022-07-06 09:04:51
1657098292010987000,33.35,2,33.35,18,33.4,4,2,2022-07-06 09:04:52
1657098292740753000,33.35,2,33.35,16,33.4,4,2,2022-07-06 09:04:52
1657098294961606000,33.35,1,33.35,16,33.4,5,2,2022-07-06 09:04:54
1657098295374143000,33.4,5,33.35,16,33.45,7,1,2022-07-06 09:04:55
1657098302214437000,33.35,10,33.35,9,33.45,4,2,2022-07-06 09:05:02
1657098303952745000,33.4,3,33.35,13,33.45,4,1,2022-07-06 09:05:03
1657098303985827000,33.45,4,33.35,13,33.5,7,1,2022-07-06 09:05:03
1657098310809408000,33.4,1,33.35,10,33.5,6,2,2022-07-06 09:05:10
1657098310809408000,33.35,3,33.35,10,33.5,6,2,2022-07-06 09:05:10
1657098314559082000,33.4,1,33.35,11,33.45,2,2,2022-07-06 09:05:14
1657098314842880000,33.45,4,33.35,15,33.45,4,1,2022-07-06 09:05:14
1657098316242370000,33.45,1,33.35,16,33.45,1,1,2022-07-06 09:05:16
1657098316830285000,33.45,1,33.4,1,33.5,3,1,2022-07-06 09:05:16
1657098317262061000,33.5,5,33.4,1,33.55,6,1,2022-07-06 09:05:17
1657098327003473000,33.4,1,33.4,1,33.55,9,2,2022-07-06 09:05:27
1657098330026566000,33.45,8,33.4,1,33.45,2,1,2022-07-06 09:05:30
1657098330063708000,33.45,2,33.4,1,33.5,5,1,2022-07-06 09:05:30
1657098332365151000,33.4,2,33.35,14,33.45,2,2,2022-07-06 09:05:32
1657098332382178000,33.45,2,33.35,14,33.5,13,1,2022-07-06 09:05:32
1657098335962327000,33.45,2,33.35,14,33.45,1,1,2022-07-06 09:05:35
1657098335987363000,33.45,1,33.35,14,33.5,13,1,2022-07-06 09:05:35
1657098337246666000,33.35,3,33.35,11,33.45,7,2,2022-07-06 09:05:37
1657098339525891000,33.35,2,33.35,9,33.45,7,2,2022-07-06 09:05:39
1657098339582657000,33.4,1,33.35,9,33.4,1,1,2022-07-06 09:05:39
1657098340208117000,33.45,1,33.35,9,33.45,6,1,2022-07-06 09:05:40
1657098342358180000,33.35,1,33.35,8,33.45,8,2,2022-07-06 09:05:42
1657098343548188000,33.35,2,33.35,6,33.45,8,2,2022-07-06 09:05:43
1657098351388452000,33.35,4,33.35,3,33.45,6,2,2022-07-06 09:05:51
1657098366877426000,33.45,1,33.35,3,33.45,5,1,2022-07-06 09:06:06
1657098370291701000,33.4,1,33.35,15,33.45,3,2,2022-07-06 09:06:10
1657098380955577000,33.4,1,33.4,1,33.45,6,2,2022-07-06 09:06:20
1657098384606581000,33.35,1,33.35,15,33.4,1,2,2022-07-06 09:06:24
1657098384661610000,33.35,2,33.35,13,33.4,1,2,2022-07-06 09:06:24
1657098385828208000,33.35,2,33.35,11,33.4,3,2,2022-07-06 09:06:25
1657098392031459000,33.35,1,33.35,8,33.4,4,2,2022-07-06 09:06:32
1657098392818182000,33.35,1,33.35,7,33.4,4,2,2022-07-06 09:06:32
1657098396293581000,33.35,2,33.35,6,33.4,5,2,2022-07-06 09:06:36
1657098396332161000,33.35,1,33.35,5,33.4,5,2,2022-07-06 09:06:36
1657098396352515000,33.35,1,33.35,4,33.4,5,2,2022-07-06 09:06:36
1657098396364587000,33.35,2,33.35,2,33.4,5,2,2022-07-06 09:06:36
1657098396383621000,33.35,2,33.3,11,33.4,5,2,2022-07-06 09:06:36
1657098406997183000,33.35,3,33.3,11,33.4,2,1,2022-07-06 09:06:46
1657098406997183000,33.4,2,33.3,11,33.4,2,1,2022-07-06 09:06:46
1657098416652067000,33.35,2,33.3,14,33.4,3,1,2022-07-06 09:06:56
1657098419205436000,33.3,10,33.3,4,33.4,5,2,2022-07-06 09:06:59
1657098419240043000,33.3,4,33.25,10,33.4,5,2,2022-07-06 09:06:59
1657098427850650000,33.3,3,33.25,10,33.4,7,1,2022-07-06 09:07:07
1657098431553444000,33.25,2,33.25,9,33.4,7,2,2022-07-06 09:07:11
1657098439772559000,33.3,1,33.3,1,33.35,4,2,2022-07-06 09:07:19
1657098441734300000,33.25,5,33.25,3,33.3,1,2,2022-07-06 09:07:21
1657098448266860000,33.25,1,33.25,2,33.3,2,2,2022-07-06 09:07:28
1657098458118401000,33.3,2,33.25,15,33.35,3,1,2022-07-06 09:07:38
1657098461000453000,33.35,1,33.25,15,33.4,16,1,2022-07-06 09:07:41
1657098465205276000,33.3,1,33.25,16,33.4,17,2,2022-07-06 09:07:45
1657098483829113000,33.3,11,33.25,16,33.35,2,1,2022-07-06 09:08:03
1657098486784744000,33.3,1,33.25,16,33.35,1,1,2022-07-06 09:08:06
1657098490235391000,33.3,1,33.25,16,33.35,1,2,2022-07-06 09:08:10
1657098497035281000,33.3,1,33.25,16,33.3,2,2,2022-07-06 09:08:17
1657098497062782000,33.3,2,33.25,16,33.35,3,1,2022-07-06 09:08:17
1657098519628121000,33.3,1,33.25,9,33.35,2,2,2022-07-06 09:08:39
1657098519628121000,33.25,7,33.25,9,33.35,2,2,2022-07-06 09:08:39
1657098556856906000,33.3,3,33.25,11,33.35,3,1,2022-07-06 09:09:16
1657098575882171000,33.3,1,33.25,10,33.35,5,2,2022-07-06 09:09:35
1657098584436761000,33.3,6,33.3,44,33.35,3,1,2022-07-06 09:09:44
1657098584458867000,33.35,3,33.3,44,33.4,16,1,2022-07-06 09:09:44
1657098597443313000,33.4,12,33.3,45,33.45,4,1,2022-07-06 09:09:57
1657098599231016000,33.45,4,33.4,10,33.5,17,1,2022-07-06 09:09:59
1657098599858439000,33.5,9,33.45,2,33.5,8,1,2022-07-06 09:09:59
1657098599901107000,33.5,8,33.45,2,33.55,5,1,2022-07-06 09:09:59
1657098603399923000,33.45,2,33.4,10,33.55,8,2,2022-07-06 09:10:03
1657098620187556000,33.45,1,33.45,2,33.55,8,2,2022-07-06 09:10:20
1657098664012311000,33.4,1,33.4,11,33.55,8,2,2022-07-06 09:11:04
1657098669897746000,33.45,1,33.4,11,33.55,8,1,2022-07-06 09:11:09
1657098678316094000,33.45,1,33.4,11,33.5,6,1,2022-07-06 09:11:18
1657098683350564000,33.5,5,33.45,8,33.55,5,1,2022-07-06 09:11:23
1657098716902576000,33.5,1,33.45,1,33.55,8,1,2022-07-06 09:11:56
1657098722775886000,33.45,1,33.4,3,33.55,8,2,2022-07-06 09:12:02
1657098737718282000,33.4,5,33.35,3,33.5,1,2,2022-07-06 09:12:17
1657098756133106000,33.4,1,33.35,3,33.45,5,2,2022-07-06 09:12:36
1657098763790447000,33.35,3,33.3,46,33.45,5,2,2022-07-06 09:12:43
1657098770935116000,33.3,5,33.3,41,33.45,8,2,2022-07-06 09:12:50
1657098773375707000,33.35,1,33.3,41,33.45,7,2,2022-07-06 09:12:53
1657098776542652000,33.4,1,33.3,43,33.4,1,1,2022-07-06 09:12:56
1657098785626090000,33.4,1,33.3,44,33.4,1,1,2022-07-06 09:13:05
1657098785849305000,33.3,1,33.3,43,33.4,1,2,2022-07-06 09:13:05
1657098836951739000,33.3,44,33.25,3,33.3,6,2,2022-07-06 09:13:56
1657098836989153000,33.3,6,33.25,3,33.4,3,1,2022-07-06 09:13:56
1657098837016375000,33.25,3,33.2,10,33.4,3,2,2022-07-06 09:13:57
1657098878613461000,33.35,1,33.25,11,33.4,1,1,2022-07-06 09:14:38
1657098886479999000,33.25,1,33.25,10,33.4,6,2,2022-07-06 09:14:46
1657098889750553000,33.4,3,33.25,11,33.4,3,1,2022-07-06 09:14:49
1657098889776575000,33.4,3,33.25,11,33.45,7,1,2022-07-06 09:14:49
1657098893737953000,33.4,1,33.3,2,33.45,7,1,2022-07-06 09:14:53
1657098901180103000,33.3,2,33.25,13,33.45,10,2,2022-07-06 09:15:01
1657098908207274000,33.3,3,33.25,6,33.45,10,2,2022-07-06 09:15:08
1657098908207274000,33.25,7,33.25,6,33.45,10,2,2022-07-06 09:15:08
1657098914503503000,33.3,3,33.25,7,33.45,11,1,2022-07-06 09:15:14
1657098919366587000,33.3,3,33.25,5,33.4,6,2,2022-07-06 09:15:19
1657098922069024000,33.3,2,33.25,5,33.4,6,1,2022-07-06 09:15:22
1657098922621307000,33.25,1,33.25,4,33.4,6,2,2022-07-06 09:15:22
1657098923564134000,33.3,1,33.25,4,33.4,6,1,2022-07-06 09:15:23
1657098955119778000,33.3,2,33.25,6,33.4,7,2,2022-07-06 09:15:55
1657098966853873000,33.25,1,33.25,4,33.4,7,2,2022-07-06 09:16:06
1657098975245203000,33.25,1,33.25,3,33.4,7,2,2022-07-06 09:16:15
1657098987108434000,33.25,4,33.2,17,33.4,7,2,2022-07-06 09:16:27
1657098994675946000,33.25,6,33.25,2,33.4,7,2,2022-07-06 09:16:34
1657099007123808000,33.25,1,33.25,3,33.4,7,2,2022-07-06 09:16:47
1657099026115435000,33.25,1,33.2,18,33.35,4,2,2022-07-06 09:17:06
1657099034217354000,33.2,2,33.2,15,33.35,5,2,2022-07-06 09:17:14
1657099043546542000,33.2,1,33.2,22,33.35,6,2,2022-07-06 09:17:23
1657099044558590000,33.3,1,33.25,1,33.35,6,1,2022-07-06 09:17:24
1657099054468078000,33.25,1,33.25,4,33.35,4,2,2022-07-06 09:17:34
1657099059684837000,33.35,4,33.25,5,33.4,7,1,2022-07-06 09:17:39
1657099067509504000,33.4,2,33.3,4,33.4,5,1,2022-07-06 09:17:47
1657099068067159000,33.3,1,33.3,3,33.4,5,2,2022-07-06 09:17:48
1657099103403963000,33.3,1,33.3,1,33.4,20,2,2022-07-06 09:18:23
1657099105682629000,33.3,1,33.25,6,33.4,20,2,2022-07-06 09:18:25
1657099110610194000,33.25,1,33.25,4,33.4,20,2,2022-07-06 09:18:30
1657099110863942000,33.3,3,33.25,4,33.3,1,1,2022-07-06 09:18:30
1657099110865082000,33.3,1,33.25,4,33.4,20,1,2022-07-06 09:18:30
1657099118775925000,33.3,1,33.2,18,33.25,2,2,2022-07-06 09:18:38
1657099118775925000,33.25,7,33.2,18,33.25,2,2,2022-07-06 09:18:38
1657099118808132000,33.25,2,33.2,18,33.4,20,1,2022-07-06 09:18:38
1657099120407356000,33.2,5,33.2,13,33.4,20,2,2022-07-06 09:18:40
1657099145508515000,33.25,2,33.25,1,33.4,20,2,2022-07-06 09:19:05
1657099148785861000,33.3,2,33.25,1,33.4,20,1,2022-07-06 09:19:08
1657099153233976000,33.25,1,33.25,2,33.4,20,2,2022-07-06 09:19:13
1657099162992705000,33.3,4,33.3,9,33.35,4,1,2022-07-06 09:19:22
1657099170119145000,33.35,2,33.3,9,33.4,18,1,2022-07-06 09:19:30
1657099177219005000,33.35,1,33.3,11,33.4,18,2,2022-07-06 09:19:37
1657099186167737000,33.3,13,33.25,4,33.4,18,2,2022-07-06 09:19:46
1657099215730583000,33.3,2,33.25,6,33.35,7,1,2022-07-06 09:20:15
1657099215763765000,33.35,7,33.25,8,33.4,18,1,2022-07-06 09:20:15
1657099217988300000,33.4,12,33.3,5,33.4,6,1,2022-07-06 09:20:17
1657099218025769000,33.4,6,33.3,5,33.45,11,1,2022-07-06 09:20:18
1657099228224900000,33.45,11,33.3,12,33.5,24,1,2022-07-06 09:20:28
1657099228499254000,33.45,4,33.3,12,33.5,24,1,2022-07-06 09:20:28
1657099242290628000,33.45,1,33.3,13,33.45,2,1,2022-07-06 09:20:42
1657099248730875000,33.45,2,33.4,6,33.5,24,1,2022-07-06 09:20:48
1657099248886085000,33.5,6,33.45,2,33.5,18,1,2022-07-06 09:20:48
1657099248927818000,33.5,4,33.45,2,33.5,14,1,2022-07-06 09:20:48
1657099248927846000,33.5,14,33.45,2,33.55,6,1,2022-07-06 09:20:48
1657099248972174000,33.55,6,33.45,2,33.65,14,1,2022-07-06 09:20:48
1657099249799438000,33.65,4,33.55,11,33.65,10,1,2022-07-06 09:20:49
1657099249820470000,33.65,10,33.55,11,33.65,14,1,2022-07-06 09:20:49
1657099249981931000,33.7,4,33.6,2,33.7,10,1,2022-07-06 09:20:49
1657099250025189000,33.7,10,33.6,2,33.75,6,1,2022-07-06 09:20:50
1657099252264297000,33.75,6,33.65,14,33.9,7,1,2022-07-06 09:20:52
1657099252264297000,33.8,2,33.65,14,33.9,7,1,2022-07-06 09:20:52
1657099252264297000,33.9,9,33.65,14,33.9,7,1,2022-07-06 09:20:52
1657099252432944000,33.7,3,33.65,8,33.9,7,2,2022-07-06 09:20:52
1657099253618674000,33.85,1,33.75,14,33.9,5,1,2022-07-06 09:20:53
1657099253618674000,33.9,2,33.75,14,33.9,5,1,2022-07-06 09:20:53
1657099258218750000,33.9,5,33.75,14,33.95,2,1,2022-07-06 09:20:58
1657099262955874000,33.75,5,33.75,9,33.9,2,2,2022-07-06 09:21:02
1657099263566319000,33.9,2,33.75,9,33.95,4,1,2022-07-06 09:21:03
1657099267351300000,33.9,1,33.7,1,33.9,4,1,2022-07-06 09:21:07
1657099267436712000,33.7,1,33.35,1,33.85,7,2,2022-07-06 09:21:07
1657099270450007000,33.4,1,33.4,1,33.75,7,2,2022-07-06 09:21:10
1657099271777919000,33.4,1,33.35,2,33.75,7,2,2022-07-06 09:21:11
1657099271992256000,33.7,1,33.4,2,33.9,6,1,2022-07-06 09:21:11
1657099273038930000,33.65,1,33.45,3,33.65,7,1,2022-07-06 09:21:13
1657099273569578000,33.45,3,33.35,1,33.65,7,2,2022-07-06 09:21:13
1657099273569578000,33.35,2,33.35,1,33.65,7,2,2022-07-06 09:21:13
1657099288580587000,33.6,1,33.45,2,33.65,1,1,2022-07-06 09:21:28
1657099292326005000,33.6,1,33.45,2,33.65,1,1,2022-07-06 09:21:32
1657099292355396000,33.65,1,33.45,2,33.7,1,1,2022-07-06 09:21:32
1657099316859337000,33.7,1,33.65,3,33.75,1,1,2022-07-06 09:21:56
1657099317858256000,33.65,3,33.65,3,33.7,6,2,2022-07-06 09:21:57
1657099324129216000,33.6,10,33.55,1,33.7,8,2,2022-07-06 09:22:04
1657099324669696000,33.55,1,33.5,1,33.6,6,2,2022-07-06 09:22:04
1657099330990942000,33.6,3,33.5,1,33.65,3,1,2022-07-06 09:22:10
1657099352254583000,33.6,1,33.45,5,33.6,4,1,2022-07-06 09:22:32
1657099362231012000,33.6,1,33.45,5,33.6,2,1,2022-07-06 09:22:42
1657099362259924000,33.6,2,33.45,5,33.65,3,1,2022-07-06 09:22:42
1657099408697194000,33.6,1,33.6,2,33.65,1,2,2022-07-06 09:23:28
1657099413080492000,33.65,2,33.6,2,33.75,2,1,2022-07-06 09:23:33
1657099430058080000,33.6,1,33.6,1,33.75,2,2,2022-07-06 09:23:50
1657099466401907000,33.6,6,33.55,4,33.6,4,2,2022-07-06 09:24:26
1657099466434414000,33.6,4,33.55,4,33.7,6,1,2022-07-06 09:24:26
1657099479253962000,33.6,1,33.55,4,33.6,2,1,2022-07-06 09:24:39
1657099482613423000,33.6,1,33.55,4,33.6,1,1,2022-07-06 09:24:42
1657099492427189000,33.6,2,33.55,2,33.7,2,1,2022-07-06 09:24:52
1657099504319953000,33.55,2,33.5,3,33.7,4,2,2022-07-06 09:25:04
1657099513174485000,33.6,2,33.55,4,33.7,4,1,2022-07-06 09:25:13
1657099521756329000,33.7,2,33.55,4,34.0,31,1,2022-07-06 09:25:21
1657099521756329000,33.75,4,33.55,4,34.0,31,1,2022-07-06 09:25:21
1657099521756329000,33.8,6,33.55,4,34.0,31,1,2022-07-06 09:25:21
1657099521756329000,33.85,19,33.55,4,34.0,31,1,2022-07-06 09:25:21
1657099521756329000,33.9,37,33.55,4,34.0,31,1,2022-07-06 09:25:21
1657099521756329000,33.95,5,33.55,4,34.0,31,1,2022-07-06 09:25:21
1657099521756329000,34.0,27,33.55,4,34.0,31,1,2022-07-06 09:25:21
1657099527867824000,33.95,1,33.75,11,33.95,1,1,2022-07-06 09:25:27
1657099531344619000,33.8,1,33.8,1,33.95,1,2,2022-07-06 09:25:31
1657099531483183000,33.85,11,33.75,4,33.95,1,2,2022-07-06 09:25:31
1657099536938145000,33.9,1,33.8,2,33.9,2,1,2022-07-06 09:25:36
1657099539567511000,33.8,2,33.75,4,33.9,2,2,2022-07-06 09:25:39
1657099549045282000,33.8,1,33.75,4,33.85,4,1,2022-07-06 09:25:49
1657099549455783000,33.85,1,33.75,4,33.85,3,1,2022-07-06 09:25:49
1657099551139282000,33.8,1,33.75,4,33.85,3,2,2022-07-06 09:25:51
1657099556978823000,33.85,1,33.8,2,33.95,11,1,2022-07-06 09:25:56
1657099561402718000,33.85,2,33.8,2,33.9,10,2,2022-07-06 09:26:01
1657099561916196000,33.8,2,33.75,6,33.85,2,2,2022-07-06 09:26:01
1657099561916196000,33.75,1,33.75,6,33.85,2,2,2022-07-06 09:26:01
1657099561993693000,33.8,1,33.75,6,33.8,1,1,2022-07-06 09:26:01
1657099561993698000,33.8,1,33.75,6,33.85,4,1,2022-07-06 09:26:01
1657099562519981000,33.75,6,33.75,1,33.9,12,2,2022-07-06 09:26:02
1657099562520176000,33.75,1,33.65,3,33.9,12,2,2022-07-06 09:26:02
1657099572978180000,33.7,1,33.5,4,33.7,6,1,2022-07-06 09:26:12
1657099581612366000,33.7,1,33.5,5,33.7,5,1,2022-07-06 09:26:21
1657099591498528000,33.7,2,33.5,5,33.7,3,1,2022-07-06 09:26:31
1657099610732663000,33.65,1,33.6,2,33.7,3,2,2022-07-06 09:26:50
1657099612463205000,33.7,1,33.6,2,33.7,2,1,2022-07-06 09:26:52
1657099639370534000,33.7,1,33.6,5,33.8,4,1,2022-07-06 09:27:19
1657099645788353000,33.7,1,33.6,26,33.8,2,1,2022-07-06 09:27:25
1657099653039388000,33.7,1,33.6,26,33.8,2,2,2022-07-06 09:27:33
1657099658102536000,33.7,1,33.6,26,33.8,4,2,2022-07-06 09:27:38
1657099667410452000,33.75,1,33.6,26,33.8,3,1,2022-07-06 09:27:47
1657099667410452000,33.8,1,33.6,26,33.8,3,1,2022-07-06 09:27:47
1657099681033640000,33.7,5,33.6,26,33.75,3,2,2022-07-06 09:28:01
1657099693822515000,33.7,1,33.6,28,33.7,23,1,2022-07-06 09:28:13
1657099700150892000,33.65,1,33.6,28,33.7,23,1,2022-07-06 09:28:20
1657099712949241000,33.6,25,33.5,7,33.6,5,2,2022-07-06 09:28:32
1657099714801378000,33.5,1,33.5,6,33.6,7,2,2022-07-06 09:28:34
1657099717464296000,33.6,1,33.5,6,33.6,4,1,2022-07-06 09:28:37
1657099720130910000,33.6,4,33.5,6,33.7,22,1,2022-07-06 09:28:40
1657099720130910000,33.7,1,33.5,6,33.7,22,1,2022-07-06 09:28:40
1657099723864374000,33.6,1,33.5,6,33.7,24,1,2022-07-06 09:28:43
1657099764977713000,33.5,1,33.5,9,33.65,3,2,2022-07-06 09:29:24
1657099800779182000,33.65,6,33.5,12,33.7,22,1,2022-07-06 09:30:00
1657099828724758000,33.65,1,33.5,10,33.7,22,2,2022-07-06 09:30:28
1657099840365022000,33.5,2,33.5,8,33.7,22,2,2022-07-06 09:30:40
1657099848892028000,33.5,1,33.5,7,33.65,1,2,2022-07-06 09:30:48
1657099849436999000,33.65,1,33.5,7,33.7,22,1,2022-07-06 09:30:49
1657099860147505000,33.5,2,33.5,5,33.65,8,2,2022-07-06 09:31:00
1657099874227671000,33.65,1,33.5,6,33.65,7,1,2022-07-06 09:31:14
1657099899896153000,33.5,11,33.4,6,33.65,6,2,2022-07-06 09:31:39
1657099899896153000,33.45,3,33.4,6,33.65,6,2,2022-07-06 09:31:39
1657099953619032000,33.4,1,33.4,5,33.6,3,2,2022-07-06 09:32:33
1657099969384435000,33.4,1,33.4,5,33.6,6,2,2022-07-06 09:32:49
1657099980887808000,33.55,1,33.4,10,33.6,7,1,2022-07-06 09:33:00
1657099988631040000,33.55,1,33.4,10,33.6,7,2,2022-07-06 09:33:08
1657100055950375000,33.4,1,33.4,17,33.55,5,2,2022-07-06 09:34:15
1657100055979494000,33.55,5,33.4,17,33.6,6,1,2022-07-06 09:34:15
1657100112286025000,33.55,1,33.5,5,33.6,6,2,2022-07-06 09:35:12
1657100120912004000,33.5,3,33.5,2,33.6,6,2,2022-07-06 09:35:20
1657100121123905000,33.5,2,33.4,21,33.6,6,2,2022-07-06 09:35:21
1657100121123905000,33.45,2,33.4,21,33.6,6,2,2022-07-06 09:35:21
1657100157639149000,33.4,1,33.4,18,33.55,3,2,2022-07-06 09:35:57
1657100179672261000,33.4,1,33.4,16,33.55,4,2,2022-07-06 09:36:19
1657100193720658000,33.5,3,33.4,16,33.55,4,1,2022-07-06 09:36:33
1657100214145856000,33.55,2,33.4,16,33.6,6,1,2022-07-06 09:36:54
1657100241885156000,33.4,1,33.4,16,33.55,7,2,2022-07-06 09:37:21
1657100241909347000,33.4,16,33.35,6,33.55,7,2,2022-07-06 09:37:21
1657100262263629000,33.4,1,33.35,8,33.5,4,1,2022-07-06 09:37:42
1657100329767791000,33.4,1,33.4,1,33.5,2,2,2022-07-06 09:38:49
1657100329803855000,33.4,1,33.35,8,33.5,2,2,2022-07-06 09:38:49
1657100366403086000,33.4,1,33.35,7,33.5,5,1,2022-07-06 09:39:26
1657100368052646000,33.5,5,33.35,9,33.6,6,1,2022-07-06 09:39:28
1657100394386660000,33.4,3,33.35,8,33.4,7,2,2022-07-06 09:39:54
1657100396719165000,33.4,7,33.35,8,33.55,4,1,2022-07-06 09:39:56
1657100411977265000,33.35,1,33.35,7,33.55,1,2,2022-07-06 09:40:11
1657100429762607000,33.35,1,33.35,6,33.55,1,2,2022-07-06 09:40:29
1657100448786540000,33.35,2,33.35,6,33.55,1,2,2022-07-06 09:40:48
1657100460720784000,33.35,2,33.35,6,33.55,1,2,2022-07-06 09:41:00
1657100463708087000,33.35,1,33.35,3,33.55,3,2,2022-07-06 09:41:03
1657100485565822000,33.45,1,33.4,2,33.55,1,1,2022-07-06 09:41:25
1657100554585717000,33.4,1,33.35,6,33.55,4,2,2022-07-06 09:42:34
1657100595564558000,33.35,5,33.35,1,33.5,7,2,2022-07-06 09:43:15
1657100595591681000,33.35,1,33.3,14,33.5,7,2,2022-07-06 09:43:15
1657100595687191000,33.3,1,33.3,13,33.45,2,2,2022-07-06 09:43:15
1657100617981670000,33.45,3,33.35,2,33.5,5,1,2022-07-06 09:43:37
1657100670025293000,33.45,1,33.35,8,33.5,4,1,2022-07-06 09:44:30
1657100707993821000,33.45,1,33.35,7,33.5,5,1,2022-07-06 09:45:07
1657100742955178000,33.35,7,33.2,17,33.5,5,2,2022-07-06 09:45:42
1657100742955178000,33.3,16,33.2,17,33.5,5,2,2022-07-06 09:45:42
1657100742955178000,33.25,7,33.2,17,33.5,5,2,2022-07-06 09:45:42
1657100767117652000,33.25,2,33.2,7,33.45,7,2,2022-07-06 09:46:07
1657100767117652000,33.2,12,33.2,7,33.45,7,2,2022-07-06 09:46:07
1657100767251568000,33.2,1,33.2,5,33.4,2,2,2022-07-06 09:46:07
1657100771402282000,33.2,6,33.1,9,33.4,2,2,2022-07-06 09:46:11
1657100771402282000,33.15,34,33.1,9,33.4,2,2,2022-07-06 09:46:11
1657100771402282000,33.1,3,33.1,9,33.4,2,2,2022-07-06 09:46:11
1657100771957962000,33.15,1,33.15,1,33.4,6,2,2022-07-06 09:46:11
1657100772611602000,33.15,1,33.1,11,33.4,6,2,2022-07-06 09:46:12
1657100776077630000,33.1,1,33.1,10,33.35,4,2,2022-07-06 09:46:16
1657100776469059000,33.15,1,33.1,10,33.35,4,1,2022-07-06 09:46:16
1657100776596389000,33.2,1,33.1,10,33.35,2,1,2022-07-06 09:46:16
1657100777626350000,33.1,2,33.1,8,33.4,5,2,2022-07-06 09:46:17
1657100781338664000,33.2,1,33.1,8,33.35,3,1,2022-07-06 09:46:21
1657100781701873000,33.1,1,33.1,7,33.25,1,2,2022-07-06 09:46:21
1657100782901324000,33.25,1,33.1,7,33.4,4,1,2022-07-06 09:46:22
1657100783087492000,33.1,1,33.1,6,33.4,4,2,2022-07-06 09:46:23
1657100787306556000,33.1,1,33.1,10,33.35,4,2,2022-07-06 09:46:27
1657100789821947000,33.1,1,33.1,11,33.35,4,2,2022-07-06 09:46:29
1657100789850829000,33.1,2,33.1,9,33.35,4,2,2022-07-06 09:46:29
1657100790771207000,33.1,1,33.1,8,33.35,4,2,2022-07-06 09:46:30
1657100796790978000,33.1,2,33.1,6,33.25,2,2,2022-07-06 09:46:36
1657100797218498000,33.1,6,33.05,12,33.25,2,2,2022-07-06 09:46:37
1657100802254509000,33.05,1,33.05,13,33.25,3,2,2022-07-06 09:46:42
1657100804642982000,33.05,1,33.05,12,33.25,3,2,2022-07-06 09:46:44
1657100805115486000,33.05,10,33.0,31,33.25,5,2,2022-07-06 09:46:45
1657100805115486000,33.0,5,33.0,31,33.25,5,2,2022-07-06 09:46:45
1657100805151194000,33.0,26,33.0,5,33.25,5,2,2022-07-06 09:46:45
1657100805253163000,33.0,3,33.0,2,33.2,2,2,2022-07-06 09:46:45
1657100805273000000,33.0,1,33.0,2,33.2,2,2,2022-07-06 09:46:45
1657100806187582000,33.05,1,33.0,1,33.25,4,1,2022-07-06 09:46:46
1657100806203277000,33.0,1,32.95,4,33.25,4,2,2022-07-06 09:46:46
1657100808923867000,32.95,2,32.95,4,33.2,2,2,2022-07-06 09:46:48
1657100808955208000,32.95,3,32.95,1,33.2,2,2,2022-07-06 09:46:48
1657100814480087000,33.0,1,33.0,2,33.2,2,2,2022-07-06 09:46:54
1657100815350524000,32.95,3,32.9,8,33.2,2,2,2022-07-06 09:46:55
1657100818443511000,33.0,2,32.95,3,33.2,2,1,2022-07-06 09:46:58
1657100838786040000,33.05,2,33.05,10,33.35,7,2,2022-07-06 09:47:18
1657100865477789000,33.05,10,33.05,1,33.3,4,2,2022-07-06 09:47:45
1657100865501410000,33.05,1,33.0,1,33.3,4,2,2022-07-06 09:47:45
1657100870301505000,33.05,3,33.05,8,33.25,1,2,2022-07-06 09:47:50
1657100870549011000,33.05,1,33.05,4,33.25,1,2,2022-07-06 09:47:50
1657100878234838000,33.2,1,33.05,8,33.3,1,1,2022-07-06 09:47:58
1657100887793401000,33.2,1,33.2,1,33.3,1,2,2022-07-06 09:48:07
1657100944512282000,33.2,1,33.1,1,33.25,6,2,2022-07-06 09:49:04
1657100960247730000,33.1,1,33.05,2,33.2,6,2,2022-07-06 09:49:20
1657100963941461000,33.15,1,33.05,4,33.2,4,1,2022-07-06 09:49:23
1657100963941461000,33.2,2,33.05,4,33.2,4,1,2022-07-06 09:49:23
1657101038345441000,33.15,1,33.1,4,33.2,3,1,2022-07-06 09:50:38
1657101038376741000,33.2,3,33.1,4,33.25,6,1,2022-07-06 09:50:38
1657101043823115000,33.25,3,33.2,4,33.25,5,1,2022-07-06 09:50:43
1657101043854547000,33.25,1,33.2,4,33.25,4,1,2022-07-06 09:50:43
1657101091785440000,33.2,9,33.05,5,33.25,4,2,2022-07-06 09:51:31
1657101091785440000,33.1,4,33.05,5,33.25,4,2,2022-07-06 09:51:31
1657101091785440000,33.05,2,33.05,5,33.25,4,2,2022-07-06 09:51:31
1657101115029323000,33.05,1,33.05,6,33.2,2,2,2022-07-06 09:51:55
1657101119455579000,33.05,7,32.9,10,33.2,2,2,2022-07-06 09:51:59
1657101119455579000,33.0,4,32.9,10,33.2,2,2,2022-07-06 09:51:59
1657101119455579000,32.95,3,32.9,10,33.2,2,2,2022-07-06 09:51:59
1657101119455579000,32.9,1,32.9,10,33.2,2,2,2022-07-06 09:51:59
1657101127055580000,33.0,1,33.0,4,33.2,2,2,2022-07-06 09:52:07
1657101133955710000,33.0,1,33.0,3,33.15,2,2,2022-07-06 09:52:13
1657101150430468000,33.05,4,33.05,7,33.15,4,2,2022-07-06 09:52:30
1657101172120785000,33.05,1,33.05,5,33.15,4,2,2022-07-06 09:52:52
1657101187180188000,33.1,2,33.05,5,33.15,2,1,2022-07-06 09:53:07
1657101187211803000,33.15,2,33.05,5,33.25,2,1,2022-07-06 09:53:07
1657101195910277000,33.2,1,33.05,7,33.25,2,1,2022-07-06 09:53:15
1657101202174545000,33.25,2,33.05,8,33.3,1,1,2022-07-06 09:53:22
1657101205458731000,33.3,2,33.1,3,33.35,3,1,2022-07-06 09:53:25
1657101245222748000,33.3,1,33.3,1,33.35,3,1,2022-07-06 09:54:05
1657101273215872000,33.3,1,33.25,4,33.3,2,2,2022-07-06 09:54:33
1657101287281438000,33.3,2,33.3,1,33.35,4,1,2022-07-06 09:54:47
1657101316586776000,33.3,1,33.25,4,33.35,4,2,2022-07-06 09:55:16
1657101325492419000,33.3,1,33.25,4,33.35,4,2,2022-07-06 09:55:25
1657101351239320000,33.3,1,33.25,4,33.35,4,2,2022-07-06 09:55:51
1657101476215661000,33.3,5,33.3,1,33.35,7,2,2022-07-06 09:57:56
1657101476250990000,33.3,1,33.25,4,33.35,7,2,2022-07-06 09:57:56
1657101482697143000,33.25,2,33.05,13,33.3,4,1,2022-07-06 09:58:02
1657101514043111000,33.05,1,33.05,14,33.25,2,2,2022-07-06 09:58:34
1657101559796668000,33.2,1,33.05,19,33.25,4,1,2022-07-06 09:59:19
1657101567578359000,33.25,4,33.05,19,33.3,2,1,2022-07-06 09:59:27
1657101584043577000,33.3,2,33.1,8,33.35,2,1,2022-07-06 09:59:44
1657101590714657000,33.3,2,33.15,6,33.3,2,1,2022-07-06 09:59:50
1657101667867475000,33.3,1,33.15,9,33.35,2,1,2022-07-06 10:01:07
1657101672382897000,33.25,1,33.15,9,33.35,2,1,2022-07-06 10:01:12
1657101679543146000,33.35,2,33.2,3,33.4,2,1,2022-07-06 10:01:19
1657101679591231000,33.4,1,33.2,3,33.4,1,1,2022-07-06 10:01:19
1657101679620112000,33.4,1,33.2,3,33.45,4,1,2022-07-06 10:01:19
1657101687741364000,33.45,1,33.25,5,33.45,3,1,2022-07-06 10:01:27
1657101696808778000,33.45,1,33.4,1,33.45,2,1,2022-07-06 10:01:36
1657101706486924000,33.45,2,33.4,5,33.5,6,1,2022-07-06 10:01:46
1657101717535338000,33.5,1,33.45,2,33.5,7,1,2022-07-06 10:01:57
1657101717568770000,33.5,5,33.45,2,33.5,2,1,2022-07-06 10:01:57
1657101724058738000,33.5,1,33.45,2,33.5,1,1,2022-07-06 10:02:04
1657101762302294000,33.55,4,33.5,1,33.55,10,1,2022-07-06 10:02:42
1657101766194713000,33.55,2,33.5,1,33.55,8,1,2022-07-06 10:02:46
1657101772818330000,33.5,1,33.4,9,33.55,23,2,2022-07-06 10:02:52
1657101775859413000,33.5,1,33.4,9,33.55,21,1,2022-07-06 10:02:55
1657101775859413000,33.55,1,33.4,9,33.55,21,1,2022-07-06 10:02:55
1657101787226018000,33.55,1,33.45,1,33.55,21,1,2022-07-06 10:03:07
1657101800661945000,33.55,1,33.45,1,33.55,20,1,2022-07-06 10:03:20
1657101815569142000,33.55,3,33.5,1,33.55,17,1,2022-07-06 10:03:35
1657101821493258000,33.55,2,33.5,1,33.55,15,1,2022-07-06 10:03:41
1657101825717397000,33.5,1,33.45,2,33.55,15,2,2022-07-06 10:03:45
1657101827955918000,33.55,1,33.45,2,33.55,14,1,2022-07-06 10:03:47
1657101831430097000,33.55,12,33.45,2,33.55,2,1,2022-07-06 10:03:51
1657101831448287000,33.55,2,33.45,2,33.6,3,1,2022-07-06 10:03:51
1657101848949077000,33.55,2,33.5,4,33.55,1,1,2022-07-06 10:04:08
1657101852428054000,33.55,1,33.5,4,33.6,3,1,2022-07-06 10:04:12
1657101873554665000,33.5,1,33.5,2,33.55,1,2,2022-07-06 10:04:33
1657101874219226000,33.5,3,33.5,4,33.55,1,2,2022-07-06 10:04:34
1657101890029327000,33.5,5,33.45,1,33.5,5,2,2022-07-06 10:04:50
1657101920462732000,33.45,1,33.45,3,33.5,5,2,2022-07-06 10:05:20
1657101924591166000,33.45,3,33.4,5,33.5,5,2,2022-07-06 10:05:24
1657101948822265000,33.4,1,33.3,2,33.4,3,2,2022-07-06 10:05:48
1657102006894533000,33.3,1,33.25,1,33.3,3,2,2022-07-06 10:06:46
1657102006917811000,33.3,3,33.25,1,33.4,6,1,2022-07-06 10:06:46
1657102012869519000,33.3,2,33.3,1,33.4,6,2,2022-07-06 10:06:52
1657102014955485000,33.3,1,33.25,1,33.4,6,2,2022-07-06 10:06:54
1657102149159904000,33.25,1,33.25,5,33.4,5,2,2022-07-06 10:09:09
1657102158675476000,33.25,1,33.25,5,33.4,5,2,2022-07-06 10:09:18
1657102183182367000,33.4,2,33.25,5,33.4,3,1,2022-07-06 10:09:43
1657102183223053000,33.4,3,33.25,5,33.5,16,1,2022-07-06 10:09:43
1657102294706293000,33.4,1,33.35,3,33.5,17,1,2022-07-06 10:11:34
1657102347201262000,33.4,7,33.35,5,33.4,3,2,2022-07-06 10:12:27
1657102347237883000,33.4,3,33.35,5,33.5,17,1,2022-07-06 10:12:27
1657102471350460000,33.4,3,33.35,5,33.5,7,2,2022-07-06 10:14:31
1657102497873276000,33.35,1,33.3,6,33.5,7,2,2022-07-06 10:14:57
1657102516915630000,33.3,1,33.3,3,33.5,7,2,2022-07-06 10:15:16
1657102548866069000,33.4,1,33.35,1,33.5,7,1,2022-07-06 10:15:48
1657102568572644000,33.35,1,33.3,5,33.35,4,2,2022-07-06 10:16:08
1657102568603503000,33.35,4,33.3,5,33.5,2,1,2022-07-06 10:16:08
1657102617302603000,33.4,1,33.4,3,33.5,6,2,2022-07-06 10:16:57
1657102681893117000,33.4,1,33.4,2,33.5,6,2,2022-07-06 10:18:01
1657102732170440000,33.4,1,33.4,6,33.5,10,2,2022-07-06 10:18:52
1657102747742330000,33.45,1,33.4,2,33.45,1,1,2022-07-06 10:19:07
1657102755815829000,33.4,2,33.35,2,33.45,1,2,2022-07-06 10:19:15
1657102757229619000,33.45,1,33.45,4,33.5,6,1,2022-07-06 10:19:17
1657102768428785000,33.45,3,33.45,1,33.5,8,2,2022-07-06 10:19:28
1657102777064660000,33.45,1,33.35,2,33.45,3,2,2022-07-06 10:19:37
1657102801659498000,33.45,1,33.35,2,33.45,2,1,2022-07-06 10:20:01
1657102819256529000,33.45,1,33.35,2,33.45,1,1,2022-07-06 10:20:19
1657102898099093000,33.4,1,33.35,2,33.45,6,2,2022-07-06 10:21:38
1657102921407018000,33.35,1,33.35,2,33.45,6,2,2022-07-06 10:22:01
1657102940637441000,33.35,1,33.35,1,33.45,5,2,2022-07-06 10:22:20
1657103005158935000,33.35,2,33.3,6,33.45,5,2,2022-07-06 10:23:25
1657103006819211000,33.35,2,33.3,6,33.45,5,1,2022-07-06 10:23:26
1657103010481642000,33.3,1,33.3,5,33.45,5,2,2022-07-06 10:23:30
1657103025047484000,33.3,5,33.25,4,33.45,5,2,2022-07-06 10:23:45
1657103056779854000,33.25,1,33.25,4,33.35,1,2,2022-07-06 10:24:16
1657103064038757000,33.25,1,33.25,4,33.4,1,2,2022-07-06 10:24:24
1657103075299161000,33.3,1,33.25,4,33.4,1,1,2022-07-06 10:24:35
1657103114630793000,33.25,3,33.25,1,33.3,10,2,2022-07-06 10:25:14
1657103133088053000,33.3,7,33.25,1,33.3,3,1,2022-07-06 10:25:33
1657103133112891000,33.3,3,33.2,11,33.4,1,1,2022-07-06 10:25:33
1657103167568834000,33.3,1,33.25,4,33.4,1,1,2022-07-06 10:26:07
1657103194397029000,33.3,1,33.25,4,33.4,1,1,2022-07-06 10:26:34
1657103226550751000,33.35,2,33.35,3,33.4,1,2,2022-07-06 10:27:06
1657103226567071000,33.35,3,33.3,2,33.4,1,2,2022-07-06 10:27:06
1657103227721752000,33.4,1,33.4,5,33.45,5,1,2022-07-06 10:27:07
1657103294875097000,33.45,1,33.4,4,33.45,4,1,2022-07-06 10:28:14
1657103298972145000,33.45,4,33.45,4,33.5,5,1,2022-07-06 10:28:18
1657103299048270000,33.5,2,33.45,4,33.5,3,1,2022-07-06 10:28:19
1657103299086425000,33.5,3,33.45,4,33.55,10,1,2022-07-06 10:28:19
1657103305420394000,33.45,1,33.45,5,33.55,10,2,2022-07-06 10:28:25
1657103320129562000,33.5,1,33.45,5,33.5,2,1,2022-07-06 10:28:40
1657103402795344000,33.45,1,33.45,1,33.5,3,2,2022-07-06 10:30:02
1657103451709379000,33.5,6,33.45,7,33.5,19,1,2022-07-06 10:30:51
1657103454191318000,33.45,1,33.45,6,33.5,19,2,2022-07-06 10:30:54
1657103498009091000,33.5,1,33.45,8,33.5,18,1,2022-07-06 10:31:38
1657103528589813000,33.5,3,33.45,8,33.5,15,1,2022-07-06 10:32:08
1657103573748125000,33.5,1,33.45,9,33.5,14,1,2022-07-06 10:32:53
1657103580298433000,33.5,1,33.45,9,33.5,13,1,2022-07-06 10:33:00
1657103580341507000,33.5,7,33.45,9,33.5,6,1,2022-07-06 10:33:00
1657103580382874000,33.5,5,33.45,9,33.5,1,1,2022-07-06 10:33:00
1657103580382895000,33.5,1,33.45,9,33.55,12,1,2022-07-06 10:33:00
1657103580415056000,33.55,2,33.45,9,33.55,10,1,2022-07-06 10:33:00
1657103580451402000,33.55,1,33.45,9,33.55,9,1,2022-07-06 10:33:00
1657103586000095000,33.55,7,33.5,5,33.55,2,1,2022-07-06 10:33:06
1657103586039895000,33.55,2,33.5,5,33.6,24,1,2022-07-06 10:33:06
1657103608979238000,33.6,4,33.55,3,33.6,20,1,2022-07-06 10:33:28
1657103609010794000,33.6,7,33.55,3,33.6,13,1,2022-07-06 10:33:29
1657103609449535000,33.6,13,33.55,5,33.65,6,1,2022-07-06 10:33:29
1657103609582268000,33.65,3,33.6,5,33.65,3,1,2022-07-06 10:33:29
1657103609605494000,33.65,3,33.6,6,33.7,48,1,2022-07-06 10:33:29
1657103626228626000,33.65,1,33.65,1,33.7,48,2,2022-07-06 10:33:46
1657103628187878000,33.7,1,33.65,1,33.7,47,1,2022-07-06 10:33:48
1657103635511486000,33.7,5,33.65,3,33.7,42,1,2022-07-06 10:33:55
1657103635528730000,33.7,7,33.65,3,33.7,35,1,2022-07-06 10:33:55
1657103635746317000,33.7,1,33.65,3,33.7,34,1,2022-07-06 10:33:55
1657103635778066000,33.7,1,33.65,3,33.7,33,1,2022-07-06 10:33:55
1657103637515693000,33.7,1,33.65,3,33.7,32,1,2022-07-06 10:33:57
1657103639162454000,33.7,24,33.65,3,33.7,8,1,2022-07-06 10:33:59
1657103639184393000,33.7,8,33.65,3,33.75,6,1,2022-07-06 10:33:59
1657103639327503000,33.75,4,33.7,11,33.75,2,1,2022-07-06 10:33:59
1657103639350300000,33.75,2,33.7,12,33.8,56,1,2022-07-06 10:33:59
1657103639464697000,33.8,11,33.75,1,33.8,45,1,2022-07-06 10:33:59
1657103639495964000,33.8,7,33.7,15,33.8,38,1,2022-07-06 10:33:59
1657103639578472000,33.8,5,33.75,1,33.8,33,1,2022-07-06 10:33:59
1657103639598779000,33.8,1,33.75,1,33.8,32,1,2022-07-06 10:33:59
1657103639676010000,33.8,2,33.75,1,33.8,38,1,2022-07-06 10:33:59
1657103639718621000,33.8,1,33.75,1,33.8,29,1,2022-07-06 10:33:59
1657103639813958000,33.8,1,33.7,15,33.8,28,1,2022-07-06 10:33:59
1657103639822493000,33.8,1,33.7,15,33.8,27,1,2022-07-06 10:33:59
1657103639854805000,33.8,1,33.7,15,33.8,26,1,2022-07-06 10:33:59
1657103639918255000,33.8,26,33.7,15,33.85,20,1,2022-07-06 10:33:59
1657103640189901000,33.85,3,33.8,3,33.85,17,1,2022-07-06 10:34:00
1657103640227576000,33.85,1,33.8,3,33.85,16,1,2022-07-06 10:34:00
1657103641855521000,33.85,2,33.8,3,33.85,14,1,2022-07-06 10:34:01
1657103641876310000,33.85,7,33.8,3,33.85,7,1,2022-07-06 10:34:01
1657103641892069000,33.85,7,33.8,3,33.9,5,1,2022-07-06 10:34:01
1657103642791387000,33.9,1,33.8,3,33.9,4,1,2022-07-06 10:34:02
1657103647722833000,33.9,3,33.85,1,33.9,1,1,2022-07-06 10:34:07
1657103647748550000,33.9,1,33.85,1,33.95,4,1,2022-07-06 10:34:07
1657103652453712000,33.9,1,33.9,1,33.95,4,1,2022-07-06 10:34:12
1657103655552893000,33.9,1,33.9,5,33.95,6,2,2022-07-06 10:34:15
1657103655837796000,33.9,5,33.85,7,33.95,7,2,2022-07-06 10:34:15
1657103656509202000,33.9,2,33.85,7,33.95,7,2,2022-07-06 10:34:16
1657103662205682000,33.9,2,33.85,7,33.9,18,2,2022-07-06 10:34:22
1657103662241220000,33.85,7,33.8,10,33.9,18,2,2022-07-06 10:34:22
1657103663465024000,33.9,18,33.8,10,34.0,18,1,2022-07-06 10:34:23
1657103663465024000,33.95,6,33.8,10,34.0,18,1,2022-07-06 10:34:23
1657103663465024000,34.0,66,33.8,10,34.0,18,1,2022-07-06 10:34:23
1657103663676677000,34.0,1,33.75,2,34.0,17,1,2022-07-06 10:34:23
1657103663677798000,34.0,1,33.75,2,34.0,16,1,2022-07-06 10:34:23
1657103663679855000,34.0,1,33.75,2,34.0,15,1,2022-07-06 10:34:23
1657103664241345000,33.9,1,33.9,11,34.0,15,2,2022-07-06 10:34:24
1657103665087158000,34.0,10,33.9,11,34.0,5,1,2022-07-06 10:34:25
1657103665604079000,34.0,2,33.9,11,34.0,3,1,2022-07-06 10:34:25
1657103667768717000,34.0,1,33.9,11,34.0,2,1,2022-07-06 10:34:27
1657103677526872000,34.0,1,33.95,1,34.0,2,1,2022-07-06 10:34:37
1657103678180411000,34.0,1,33.95,3,34.0,1,1,2022-07-06 10:34:38
1657103681538299000,34.0,1,34.0,2,34.05,5,1,2022-07-06 10:34:41
1657103681557688000,34.0,2,33.95,3,34.05,5,2,2022-07-06 10:34:41
1657103683318029000,34.0,1,33.95,3,34.05,5,2,2022-07-06 10:34:43
1657103685829721000,33.95,3,33.9,11,34.05,5,2,2022-07-06 10:34:45
1657103686797718000,33.9,10,33.9,1,34.0,1,2,2022-07-06 10:34:46
1657103686830266000,33.9,1,33.85,1,34.0,1,2,2022-07-06 10:34:46
1657103695013131000,34.0,6,33.85,1,34.05,1,1,2022-07-06 10:34:55
1657103695013131000,34.05,6,33.85,1,34.05,1,1,2022-07-06 10:34:55
1657103695051436000,34.05,1,34.05,25,34.1,10,1,2022-07-06 10:34:55
1657103695081363000,34.05,22,34.05,3,34.1,10,2,2022-07-06 10:34:55
1657103695081436000,34.05,3,33.85,1,34.1,10,2,2022-07-06 10:34:55
1657103706356691000,34.0,1,33.9,20,34.05,1,2,2022-07-06 10:35:06
1657103719072623000,33.95,1,33.85,1,33.95,2,1,2022-07-06 10:35:19
1657103723111442000,33.85,1,33.8,2,33.9,10,2,2022-07-06 10:35:23
1657103727226478000,33.85,1,33.8,3,33.9,10,1,2022-07-06 10:35:27
1657103736506339000,33.85,1,33.8,1,33.9,10,1,2022-07-06 10:35:36
1657103738243217000,33.85,1,33.8,1,33.9,10,2,2022-07-06 10:35:38
1657103746755265000,33.85,1,33.8,1,33.9,10,1,2022-07-06 10:35:46
1657103751590885000,33.85,1,33.8,1,33.9,10,1,2022-07-06 10:35:51
1657103756738671000,33.85,1,33.8,1,33.85,4,1,2022-07-06 10:35:56
1657103761901277000,33.85,1,33.8,2,33.85,3,1,2022-07-06 10:36:01
1657103782836817000,33.85,1,33.8,3,33.85,2,1,2022-07-06 10:36:22
1657103789901107000,33.85,1,33.8,3,33.85,1,1,2022-07-06 10:36:29
1657103813320315000,33.85,1,33.8,4,33.85,2,1,2022-07-06 10:36:53
1657103827072822000,33.8,3,33.8,1,33.85,10,2,2022-07-06 10:37:07
1657103827100008000,33.8,1,33.75,15,33.85,10,2,2022-07-06 10:37:07
1657103836600804000,33.8,3,33.75,17,33.85,10,1,2022-07-06 10:37:16
1657103839723893000,33.8,1,33.8,1,33.85,10,2,2022-07-06 10:37:19
1657103850946938000,33.8,1,33.75,16,33.85,10,2,2022-07-06 10:37:30
1657103850946938000,33.75,1,33.75,16,33.85,10,2,2022-07-06 10:37:30
1657103889130771000,33.8,1,33.75,16,33.8,2,1,2022-07-06 10:38:09
1657103900903569000,33.8,1,33.75,16,33.8,2,1,2022-07-06 10:38:20
1657103930229434000,33.8,1,33.75,31,33.8,2,1,2022-07-06 10:38:50
1657103935379377000,33.8,1,33.75,31,33.8,1,1,2022-07-06 10:38:55
1657103946074914000,33.75,8,33.75,23,33.8,3,2,2022-07-06 10:39:06
1657103991198064000,33.75,1,33.75,19,33.8,2,2,2022-07-06 10:39:51
1657103995626887000,33.75,2,33.75,17,33.8,12,2,2022-07-06 10:39:55
1657104005663365000,33.75,2,33.75,15,33.8,12,2,2022-07-06 10:40:05
1657104007030088000,33.75,5,33.75,9,33.8,12,2,2022-07-06 10:40:07
1657104014743000000,33.8,5,33.75,9,33.8,7,1,2022-07-06 10:40:14
1657104025905851000,33.8,1,33.75,10,33.8,6,1,2022-07-06 10:40:25
1657104094665600000,33.8,1,33.75,12,33.8,8,1,2022-07-06 10:41:34
1657104109592507000,33.8,1,33.75,12,33.8,7,1,2022-07-06 10:41:49
1657104109628048000,33.8,7,33.75,12,33.85,10,1,2022-07-06 10:41:49
1657104111068330000,33.85,2,33.75,12,33.85,8,1,2022-07-06 10:41:51
1657104120740444000,33.8,2,33.8,1,33.85,8,2,2022-07-06 10:42:00
1657104138509336000,33.8,1,33.8,3,33.85,8,2,2022-07-06 10:42:18
1657104142310318000,33.8,5,33.75,34,33.85,8,2,2022-07-06 10:42:22
1657104157402988000,33.75,10,33.75,24,33.85,11,2,2022-07-06 10:42:37
1657104196598550000,33.75,1,33.75,24,33.8,2,2,2022-07-06 10:43:16
1657104201181680000,33.75,1,33.75,23,33.8,2,2,2022-07-06 10:43:21
1657104234924350000,33.8,2,33.75,24,33.85,15,1,2022-07-06 10:43:54
1657104340472815000,33.8,1,33.75,26,33.85,15,1,2022-07-06 10:45:40
1657104344562285000,33.75,2,33.75,24,33.85,15,2,2022-07-06 10:45:44
1657104357188755000,33.75,1,33.75,23,33.85,15,2,2022-07-06 10:45:57
1657104445639625000,33.75,2,33.75,23,33.8,3,2,2022-07-06 10:47:25
1657104470052215000,33.75,3,33.75,20,33.8,15,2,2022-07-06 10:47:50
1657104477326095000,33.75,2,33.75,24,33.8,15,2,2022-07-06 10:47:57
1657104499345182000,33.75,1,33.75,23,33.8,15,2,2022-07-06 10:48:19
1657104558665540000,33.75,2,33.75,20,33.8,14,2,2022-07-06 10:49:18
1657104579410567000,33.75,2,33.75,16,33.8,19,2,2022-07-06 10:49:39
1657104581175498000,33.75,1,33.75,14,33.8,19,2,2022-07-06 10:49:41
1657104581567324000,33.75,2,33.75,17,33.8,19,2,2022-07-06 10:49:41
1657104582479442000,33.75,1,33.75,16,33.8,19,2,2022-07-06 10:49:42
1657104586485822000,33.75,6,33.75,10,33.8,15,2,2022-07-06 10:49:46
1657104586520506000,33.75,3,33.75,7,33.8,15,2,2022-07-06 10:49:46
1657104588264378000,33.8,1,33.75,7,33.8,14,1,2022-07-06 10:49:48
1657104592374729000,33.75,1,33.75,6,33.8,14,2,2022-07-06 10:49:52
1657104593234271000,33.75,2,33.75,4,33.8,14,2,2022-07-06 10:49:53
1657104593264387000,33.75,2,33.75,2,33.8,14,2,2022-07-06 10:49:53
1657104597242726000,33.75,2,33.7,57,33.8,14,2,2022-07-06 10:49:57
1657104603781535000,33.75,1,33.7,57,33.8,14,1,2022-07-06 10:50:03
1657104618328730000,33.75,1,33.7,57,33.8,14,1,2022-07-06 10:50:18
1657104618361736000,33.8,14,33.7,57,33.85,14,1,2022-07-06 10:50:18
1657104623177349000,33.8,3,33.7,57,33.85,11,1,2022-07-06 10:50:23
1657104625397828000,33.75,1,33.7,57,33.85,12,1,2022-07-06 10:50:25
1657104631860475000,33.75,3,33.7,57,33.85,12,1,2022-07-06 10:50:31
1657104644631138000,33.7,1,33.7,60,33.85,12,2,2022-07-06 10:50:44
1657104682450715000,33.7,1,33.7,59,33.8,2,2,2022-07-06 10:51:22
1657104778826276000,33.8,1,33.75,11,33.8,1,1,2022-07-06 10:52:58
1657104797703257000,33.8,1,33.75,11,33.8,1,1,2022-07-06 10:53:17
1657104817986490000,33.8,1,33.75,11,33.85,13,1,2022-07-06 10:53:37
1657104836907455000,33.75,2,33.75,9,33.8,2,2,2022-07-06 10:53:56
1657104872629932000,33.75,1,33.75,6,33.8,3,2,2022-07-06 10:54:32
1657104925257152000,33.7,1,33.7,57,33.8,11,2,2022-07-06 10:55:25
1657104935622308000,33.8,6,33.7,57,33.85,10,1,2022-07-06 10:55:35
1657104940516736000,33.75,1,33.75,1,33.85,10,2,2022-07-06 10:55:40
1657104949406404000,33.75,1,33.7,57,33.85,10,2,2022-07-06 10:55:49
1657105050788690000,33.7,1,33.7,59,33.75,2,2,2022-07-06 10:57:30
1657105102591211000,33.7,10,33.7,49,33.75,3,2,2022-07-06 10:58:22
1657105102624748000,33.75,3,33.7,49,33.8,5,1,2022-07-06 10:58:22
1657105124518839000,33.75,1,33.7,49,33.8,5,2,2022-07-06 10:58:44
1657105125031237000,33.7,1,33.7,48,33.8,5,2,2022-07-06 10:58:45
1657105140627284000,33.7,1,33.7,47,33.8,5,2,2022-07-06 10:59:00
1657105156406736000,33.7,1,33.7,46,33.8,5,2,2022-07-06 10:59:16
1657105175365012000,33.75,1,33.7,46,33.8,6,1,2022-07-06 10:59:35
1657105318477809000,33.75,1,33.75,1,33.8,16,2,2022-07-06 11:01:58
1657105363538392000,33.75,1,33.75,3,33.8,16,2,2022-07-06 11:02:43
1657105380275182000,33.8,1,33.75,3,33.8,15,1,2022-07-06 11:03:00
1657105399160368000,33.75,1,33.75,2,33.8,17,2,2022-07-06 11:03:19
1657105399943443000,33.8,5,33.75,2,33.8,12,1,2022-07-06 11:03:19
1657105402007787000,33.8,2,33.75,2,33.8,10,1,2022-07-06 11:03:22
1657105408166114000,33.8,1,33.75,2,33.8,9,1,2022-07-06 11:03:28
1657105408187049000,33.8,2,33.75,2,33.8,7,1,2022-07-06 11:03:28
1657105410970466000,33.8,1,33.75,2,33.8,6,1,2022-07-06 11:03:30
1657105411001414000,33.8,6,33.75,2,33.85,16,1,2022-07-06 11:03:31
1657105507419025000,33.8,1,33.75,2,33.8,2,1,2022-07-06 11:05:07
1657105511665634000,33.8,1,33.75,2,33.8,1,1,2022-07-06 11:05:11
1657105547606842000,33.8,1,33.75,2,33.85,16,1,2022-07-06 11:05:47
1657105723978076000,33.75,1,33.7,50,33.8,21,2,2022-07-06 11:08:43
1657105734754689000,33.75,1,33.7,51,33.8,22,2,2022-07-06 11:08:54
1657105787344169000,33.75,2,33.75,3,33.8,22,2,2022-07-06 11:09:47
1657105789220164000,33.75,2,33.75,1,33.8,22,2,2022-07-06 11:09:49
1657105805973845000,33.75,1,33.7,53,33.8,21,2,2022-07-06 11:10:05
1657105845686432000,33.7,10,33.7,44,33.8,11,2,2022-07-06 11:10:45
1657105868401127000,33.75,1,33.7,43,33.75,1,1,2022-07-06 11:11:08
1657106007470975000,33.75,2,33.7,43,33.8,11,2,2022-07-06 11:13:27
1657106044763202000,33.7,1,33.7,42,33.75,16,2,2022-07-06 11:14:04
1657106044793322000,33.7,2,33.7,40,33.75,16,2,2022-07-06 11:14:04
1657106072882503000,33.7,3,33.7,37,33.75,16,2,2022-07-06 11:14:32
1657106151001582000,33.7,1,33.7,35,33.75,16,2,2022-07-06 11:15:51
1657106173183188000,33.7,1,33.7,34,33.75,16,2,2022-07-06 11:16:13
1657106188977981000,33.7,1,33.7,33,33.75,16,2,2022-07-06 11:16:28
1657106189264097000,33.7,20,33.7,13,33.75,16,2,2022-07-06 11:16:29
1657106202979893000,33.7,1,33.7,8,33.75,16,2,2022-07-06 11:16:42
1657106205884182000,33.7,1,33.7,7,33.75,16,2,2022-07-06 11:16:45
1657106218590958000,33.7,1,33.7,6,33.75,16,2,2022-07-06 11:16:58
1657106224447594000,33.7,1,33.7,5,33.75,16,2,2022-07-06 11:17:04
1657106224483679000,33.7,2,33.7,3,33.75,16,2,2022-07-06 11:17:04
1657106227121618000,33.7,2,33.7,1,33.75,16,2,2022-07-06 11:17:07
1657106227767530000,33.7,1,33.65,6,33.7,1,2,2022-07-06 11:17:07
1657106227797469000,33.7,1,33.65,6,33.75,16,1,2022-07-06 11:17:07
1657106328683675000,33.65,2,33.6,5,33.65,2,1,2022-07-06 11:18:48
1657106354632306000,33.65,3,33.6,5,33.7,10,1,2022-07-06 11:19:14
1657106418832570000,33.6,1,33.6,2,33.7,10,2,2022-07-06 11:20:18
1657106448301850000,33.6,2,33.55,10,33.65,3,2,2022-07-06 11:20:48
1657106560983269000,33.55,3,33.5,1,33.6,17,2,2022-07-06 11:22:40
1657106560983269000,33.5,7,33.5,1,33.6,17,2,2022-07-06 11:22:40
1657106578776419000,33.5,1,33.45,7,33.5,4,2,2022-07-06 11:22:58
1657106578802663000,33.5,4,33.45,7,33.6,17,1,2022-07-06 11:22:58
1657106592040656000,33.5,1,33.45,9,33.55,2,1,2022-07-06 11:23:12
1657106893375927000,33.45,3,33.4,5,33.55,5,2,2022-07-06 11:28:13
1657106893375927000,33.4,2,33.4,5,33.55,5,2,2022-07-06 11:28:13
1657106949148014000,33.4,7,33.4,4,33.55,5,2,2022-07-06 11:29:09
1657107007813126000,33.5,2,33.45,4,33.5,1,1,2022-07-06 11:30:07
1657107007846548000,33.5,1,33.45,4,33.55,2,1,2022-07-06 11:30:07
1657107023447380000,33.55,1,33.5,4,33.55,1,1,2022-07-06 11:30:23
1657107030013088000,33.55,1,33.5,3,33.6,16,1,2022-07-06 11:30:30
1657107162270046000,33.55,3,33.45,5,33.55,7,2,2022-07-06 11:32:42
1657107172539838000,33.45,3,33.4,3,33.55,7,2,2022-07-06 11:32:52
1657107289874130000,33.4,2,33.4,1,33.5,4,2,2022-07-06 11:34:49
1657107399770540000,33.4,2,33.35,6,33.4,1,2,2022-07-06 11:36:39
1657107407995309000,33.4,2,33.35,6,33.5,4,1,2022-07-06 11:36:47
1657107430136373000,33.4,2,33.35,6,33.5,4,1,2022-07-06 11:37:10
1657107441408761000,33.35,5,33.35,3,33.5,4,2,2022-07-06 11:37:21
1657107565128754000,33.35,1,33.35,2,33.5,9,2,2022-07-06 11:39:25
1657107578579919000,33.35,2,33.3,3,33.5,9,2,2022-07-06 11:39:38
1657107599654768000,33.35,2,33.3,3,33.45,2,1,2022-07-06 11:39:59
1657107661225590000,33.35,2,33.3,4,33.35,6,2,2022-07-06 11:41:01
1657107724958996000,33.35,1,33.35,2,33.45,6,2,2022-07-06 11:42:04
1657107810474078000,33.4,1,33.35,5,33.4,1,1,2022-07-06 11:43:30
1657107833981889000,33.4,1,33.35,6,33.45,7,1,2022-07-06 11:43:53
1657107834018948000,33.45,7,33.35,6,33.5,13,1,2022-07-06 11:43:54
1657107841003671000,33.4,1,33.35,6,33.5,13,1,2022-07-06 11:44:01
1657107841038357000,33.5,13,33.35,6,33.55,7,1,2022-07-06 11:44:01
1657107849632373000,33.55,7,33.4,3,33.6,17,1,2022-07-06 11:44:09
1657107856815204000,33.4,1,33.4,6,33.6,17,2,2022-07-06 11:44:16
1657107861178090000,33.6,3,33.4,6,33.6,14,1,2022-07-06 11:44:21
1657107893881901000,33.6,2,33.4,6,33.6,14,1,2022-07-06 11:44:53
1657107900840969000,33.6,2,33.45,4,33.6,10,1,2022-07-06 11:45:00
1657107903915294000,33.6,1,33.45,4,33.6,9,1,2022-07-06 11:45:03
1657107925421876000,33.6,1,33.45,3,33.6,8,1,2022-07-06 11:45:25
1657107967834464000,33.6,2,33.45,4,33.6,6,1,2022-07-06 11:46:07
1657108010435953000,33.55,3,33.5,5,33.6,6,1,2022-07-06 11:46:50
1657108049722642000,33.55,10,33.5,11,33.6,6,1,2022-07-06 11:47:29
1657108087859388000,33.55,1,33.5,10,33.6,6,1,2022-07-06 11:48:07
1657108110419931000,33.6,1,33.5,10,33.6,5,1,2022-07-06 11:48:30
1657108207922894000,33.55,1,33.5,10,33.55,1,1,2022-07-06 11:50:07
1657108313928307000,33.55,3,33.5,10,33.6,9,1,2022-07-06 11:51:53
1657108328571674000,33.55,1,33.5,10,33.6,9,1,2022-07-06 11:52:08
1657108374105439000,33.5,4,33.5,7,33.6,9,2,2022-07-06 11:52:54
1657108398441247000,33.5,1,33.5,7,33.6,9,2,2022-07-06 11:53:18
1657108413494303000,33.5,1,33.5,6,33.6,9,2,2022-07-06 11:53:33
1657108450695195000,33.5,4,33.5,2,33.6,9,2,2022-07-06 11:54:10
1657108474459768000,33.5,1,33.5,1,33.55,2,2,2022-07-06 11:54:34
1657108478446801000,33.5,1,33.4,10,33.55,2,2,2022-07-06 11:54:38
1657108577121743000,33.4,1,33.4,9,33.55,3,2,2022-07-06 11:56:17
1657108611588335000,33.4,1,33.4,8,33.55,4,2,2022-07-06 11:56:51
1657108631413295000,33.4,9,33.35,1,33.55,4,2,2022-07-06 11:57:11
1657108652200984000,33.4,1,33.35,7,33.55,7,1,2022-07-06 11:57:32
1657108676029756000,33.4,1,33.35,7,33.55,7,2,2022-07-06 11:57:56
1657108695570666000,33.5,8,33.5,2,33.55,7,2,2022-07-06 11:58:15
1657108696182581000,33.5,2,33.35,8,33.55,7,2,2022-07-06 11:58:16
1657108840007386000,33.55,1,33.5,11,33.55,4,1,2022-07-06 12:00:40
1657108920074461000,33.5,2,33.5,10,33.55,4,2,2022-07-06 12:02:00
1657108923499058000,33.5,10,33.4,6,33.55,4,2,2022-07-06 12:02:03
1657109051884031000,33.4,3,33.4,4,33.5,4,2,2022-07-06 12:04:11
1657109118156205000,33.4,1,33.4,7,33.5,4,2,2022-07-06 12:05:18
1657109156674433000,33.5,1,33.45,5,33.5,4,1,2022-07-06 12:05:56
1657109162106024000,33.5,4,33.45,5,33.55,3,1,2022-07-06 12:06:02
1657109200932234000,33.55,3,33.5,10,33.6,7,1,2022-07-06 12:06:40
1657109204143344000,33.6,1,33.5,10,33.6,7,1,2022-07-06 12:06:44
1657109251345653000,33.6,2,33.55,1,33.6,6,1,2022-07-06 12:07:31
1657109278884170000,33.6,6,33.6,3,33.65,2,1,2022-07-06 12:07:58
1657109286131289000,33.6,1,33.6,2,33.65,2,2,2022-07-06 12:08:06
1657109289637572000,33.65,1,33.6,12,33.65,1,1,2022-07-06 12:08:09
1657109289904358000,33.65,1,33.6,12,33.65,1,1,2022-07-06 12:08:09
1657109328450331000,33.7,1,33.65,10,33.7,11,1,2022-07-06 12:08:48
1657109331449479000,33.7,9,33.65,10,33.7,2,1,2022-07-06 12:08:51
1657109332855983000,33.7,1,33.65,9,33.7,1,1,2022-07-06 12:08:52
1657109342526374000,33.7,1,33.65,9,33.75,2,1,2022-07-06 12:09:02
1657109361637576000,33.7,1,33.7,8,33.75,1,2,2022-07-06 12:09:21
1657109365791060000,33.7,1,33.7,7,33.75,1,2,2022-07-06 12:09:25
1657109375038420000,33.7,5,33.7,2,33.75,1,2,2022-07-06 12:09:35
1657109379471494000,33.7,2,33.65,11,33.75,1,2,2022-07-06 12:09:39
1657109382255443000,33.7,2,33.65,11,33.7,3,1,2022-07-06 12:09:42
1657109396872036000,33.65,11,33.55,1,33.7,4,2,2022-07-06 12:09:56
1657109425897387000,33.65,1,33.6,3,33.65,2,1,2022-07-06 12:10:25
1657109457574539000,33.6,1,33.6,2,33.65,2,2,2022-07-06 12:10:57
1657109458300740000,33.6,2,33.55,1,33.65,4,2,2022-07-06 12:10:58
1657109527828235000,33.55,1,33.55,4,33.6,10,2,2022-07-06 12:12:07
1657109555972802000,33.55,4,33.5,2,33.55,6,2,2022-07-06 12:12:35
1657109703835888000,33.55,1,33.5,3,33.55,5,1,2022-07-06 12:15:03
1657109719326493000,33.55,3,33.5,5,33.55,2,1,2022-07-06 12:15:19
1657109802704832000,33.55,2,33.55,8,33.6,1,1,2022-07-06 12:16:42
1657109802746938000,33.6,1,33.55,8,33.7,11,1,2022-07-06 12:16:42
1657109827997505000,33.7,14,33.7,6,33.75,3,1,2022-07-06 12:17:07
1657109865388140000,33.7,3,33.7,3,33.75,5,2,2022-07-06 12:17:45
1657109865419583000,33.7,3,33.55,9,33.75,5,2,2022-07-06 12:17:45
1657110036718901000,33.7,1,33.55,11,33.7,3,1,2022-07-06 12:20:36
1657110041041829000,33.55,10,33.55,1,33.7,3,2,2022-07-06 12:20:41
1657110098005668000,33.6,1,33.55,1,33.65,1,1,2022-07-06 12:21:38
1657110108880239000,33.65,1,33.55,6,33.7,3,1,2022-07-06 12:21:48
1657110158617547000,33.65,1,33.6,3,33.7,3,1,2022-07-06 12:22:38
1657110168381329000,33.7,3,33.6,5,33.75,5,1,2022-07-06 12:22:48
1657110175479981000,33.65,1,33.6,5,33.75,5,1,2022-07-06 12:22:55
1657110179110259000,33.7,5,33.6,5,33.75,5,1,2022-07-06 12:22:59
1657110280185849000,33.6,1,33.55,13,33.7,3,2,2022-07-06 12:24:40
1657110309097514000,33.7,2,33.55,13,33.7,2,1,2022-07-06 12:25:09
1657110466440636000,33.65,1,33.6,1,33.65,2,2,2022-07-06 12:27:46
1657110496427932000,33.6,1,33.55,15,33.6,1,2,2022-07-06 12:28:16
1657110496457550000,33.6,1,33.55,15,33.65,6,1,2022-07-06 12:28:16
1657110537200126000,33.6,2,33.65,44,33.7,6,1,2022-07-06 12:28:57
1657110537200126000,33.65,4,33.65,44,33.7,6,1,2022-07-06 12:28:57
1657110539388050000,33.65,1,33.65,43,33.7,4,2,2022-07-06 12:28:59
1657110576049265000,33.65,43,33.55,15,33.65,7,2,2022-07-06 12:29:36
1657110601364676000,33.55,1,33.55,14,33.65,8,2,2022-07-06 12:30:01
1657110633570142000,33.55,11,33.55,7,33.65,26,2,2022-07-06 12:30:33
1657110651619314000,33.55,1,33.55,4,33.6,11,2,2022-07-06 12:30:51
1657110651659393000,33.55,4,33.5,9,33.6,11,2,2022-07-06 12:30:51
1657110654904149000,33.55,1,33.5,11,33.6,9,1,2022-07-06 12:30:54
1657110662502632000,33.6,9,33.6,1,33.65,17,1,2022-07-06 12:31:02
1657110662530888000,33.6,1,33.5,11,33.65,17,2,2022-07-06 12:31:02
1657110689708691000,33.6,1,33.55,7,33.65,17,1,2022-07-06 12:31:29
1657110692107754000,33.65,7,33.55,7,33.65,10,1,2022-07-06 12:31:32
1657110692144253000,33.65,3,33.55,7,33.65,7,1,2022-07-06 12:31:32
1657110728007796000,33.65,11,33.55,17,33.7,1,1,2022-07-06 12:32:08
1657110777085536000,33.65,1,33.6,9,33.7,1,1,2022-07-06 12:32:57
1657110807686089000,33.7,1,33.65,8,33.75,7,1,2022-07-06 12:33:27
1657110824623454000,33.75,4,33.7,3,33.75,3,1,2022-07-06 12:33:44
1657110825746887000,33.75,1,33.7,5,33.75,2,1,2022-07-06 12:33:45
1657110825782769000,33.75,2,33.7,5,33.8,37,1,2022-07-06 12:33:45
1657110909291118000,33.7,3,33.6,9,33.75,5,2,2022-07-06 12:35:09
1657110948304891000,33.7,1,33.6,7,33.75,5,1,2022-07-06 12:35:48
1657110963556371000,33.6,1,33.6,8,33.75,6,2,2022-07-06 12:36:03
1657111009101653000,33.6,1,33.6,5,33.7,1,2,2022-07-06 12:36:49
1657111193730516000,33.6,1,33.6,6,33.7,2,2,2022-07-06 12:39:53
1657111210538786000,33.6,6,33.55,15,33.6,4,2,2022-07-06 12:40:10
1657111210573838000,33.6,2,33.55,15,33.6,2,1,2022-07-06 12:40:10
1657111210576134000,33.6,2,33.55,15,33.7,2,1,2022-07-06 12:40:10
1657111230581018000,33.6,1,33.55,15,33.7,2,2,2022-07-06 12:40:30
1657111246183436000,33.6,1,33.55,15,33.7,2,1,2022-07-06 12:40:46
1657111289378235000,33.55,17,33.5,5,33.7,2,2,2022-07-06 12:41:29
1657111289378235000,33.5,13,33.5,5,33.7,2,2,2022-07-06 12:41:29
1657111465213024000,33.5,4,33.5,3,33.6,2,2,2022-07-06 12:44:25
1657111471301391000,33.5,1,33.5,2,33.6,2,2,2022-07-06 12:44:31
1657111525269502000,33.5,1,33.45,10,33.6,2,1,2022-07-06 12:45:25
1657111525320483000,33.6,2,33.5,2,33.65,3,1,2022-07-06 12:45:25
1657111581669637000,33.6,3,33.55,12,33.65,3,1,2022-07-06 12:46:21
1657111601317631000,33.65,3,33.6,2,33.7,2,1,2022-07-06 12:46:41
1657111601317631000,33.7,9,33.6,2,33.7,2,1,2022-07-06 12:46:41
1657111615695368000,33.6,1,33.6,1,33.7,3,2,2022-07-06 12:46:55
1657111635255544000,33.6,1,33.6,10,33.7,6,2,2022-07-06 12:47:15
1657111677107760000,33.7,4,33.7,1,33.75,8,1,2022-07-06 12:47:57
1657111677144602000,33.7,1,33.6,12,33.75,8,2,2022-07-06 12:47:57
1657111677313874000,33.7,2,33.65,2,33.7,2,1,2022-07-06 12:47:57
1657111689191624000,33.75,8,33.65,2,33.8,1,1,2022-07-06 12:48:09
1657111689191624000,33.8,47,33.65,2,33.8,1,1,2022-07-06 12:48:09
1657111693794173000,33.65,2,33.6,11,33.8,1,2,2022-07-06 12:48:13
1657111693794173000,33.6,1,33.6,11,33.8,1,2,2022-07-06 12:48:13
1657111701441168000,33.7,1,33.65,2,33.75,6,1,2022-07-06 12:48:21
1657111704414437000,33.75,6,33.7,3,33.8,1,1,2022-07-06 12:48:24
1657111715624533000,33.8,1,33.75,3,33.85,11,1,2022-07-06 12:48:35
1657111724028069000,33.85,1,33.75,3,33.85,11,1,2022-07-06 12:48:44
1657111724320585000,33.85,1,33.75,3,33.85,10,1,2022-07-06 12:48:44
1657111747013248000,33.8,1,33.7,6,33.8,5,1,2022-07-06 12:49:07
1657111747932976000,33.8,4,33.7,6,33.8,1,1,2022-07-06 12:49:07
1657111747963252000,33.8,1,33.7,6,33.85,10,1,2022-07-06 12:49:07
1657111768407821000,33.75,2,33.7,6,33.8,8,1,2022-07-06 12:49:28
1657111936698757000,33.7,3,33.65,5,33.7,5,2,2022-07-06 12:52:16
1657111946280908000,33.65,3,33.6,12,33.65,2,2,2022-07-06 12:52:26
1657111946307079000,33.65,2,33.6,12,33.7,2,1,2022-07-06 12:52:26
1657111967955554000,33.7,2,33.7,3,33.75,8,1,2022-07-06 12:52:47
1657112040760747000,33.7,3,33.65,2,33.7,7,2,2022-07-06 12:54:00
1657112078011590000,33.7,9,33.7,1,33.75,10,1,2022-07-06 12:54:38
1657112084088528000,33.75,10,33.7,2,33.8,10,1,2022-07-06 12:54:44
1657112139032375000,33.75,1,33.7,6,33.8,12,1,2022-07-06 12:55:39
1657112139220795000,33.75,2,33.7,6,33.8,10,1,2022-07-06 12:55:39
1657112162899007000,33.75,1,33.75,2,33.8,11,2,2022-07-06 12:56:02
1657112193641494000,33.75,3,33.7,6,33.75,2,2,2022-07-06 12:56:33
1657112193685518000,33.75,2,33.7,6,33.8,11,1,2022-07-06 12:56:33
1657112251609119000,33.7,1,33.7,5,33.75,1,2,2022-07-06 12:57:31
1657112273986978000,33.7,1,33.7,4,33.75,2,2,2022-07-06 12:57:53
1657112288231538000,33.75,4,33.7,4,33.8,10,1,2022-07-06 12:58:08
1657112288231538000,33.8,1,33.7,4,33.8,10,1,2022-07-06 12:58:08
1657112303158230000,33.75,1,33.7,6,33.8,11,1,2022-07-06 12:58:23
1657112304369925000,33.7,1,33.7,5,33.8,11,2,2022-07-06 12:58:24
1657112317926467000,33.7,1,33.7,6,33.8,11,2,2022-07-06 12:58:37
1657112328631288000,33.7,1,33.7,5,33.8,11,2,2022-07-06 12:58:48
1657112335396259000,33.7,5,33.65,6,33.8,13,2,2022-07-06 12:58:55
1657112335643552000,33.7,1,33.65,8,33.7,1,1,2022-07-06 12:58:55
1657112338255500000,33.75,1,33.65,8,33.8,13,1,2022-07-06 12:58:58
1657112349712062000,33.8,1,33.7,12,33.8,12,1,2022-07-06 12:59:09
1657112354902292000,33.8,11,33.8,1,33.85,10,1,2022-07-06 12:59:14
1657112356856147000,33.85,10,33.8,3,33.9,23,1,2022-07-06 12:59:16
1657112357008336000,33.85,2,33.8,3,33.9,21,1,2022-07-06 12:59:17
1657112370581393000,33.9,10,33.85,6,33.9,12,1,2022-07-06 12:59:30
1657112371413576000,33.9,1,33.85,7,33.9,11,1,2022-07-06 12:59:31
1657112371448685000,33.9,10,33.85,7,33.9,12,1,2022-07-06 12:59:31
1657112371476781000,33.9,1,33.85,7,33.95,10,1,2022-07-06 12:59:31
1657112373936603000,33.95,3,33.9,22,33.95,10,1,2022-07-06 12:59:33
1657112373970708000,33.95,7,33.9,22,34.0,42,1,2022-07-06 12:59:33
1657112376140602000,34.0,5,33.9,22,34.0,34,1,2022-07-06 12:59:36
1657112376987198000,34.0,1,33.9,24,34.0,33,1,2022-07-06 12:59:36
1657112382600119000,33.95,4,33.9,23,34.0,33,1,2022-07-06 12:59:42
1657112383472144000,34.0,6,33.9,25,34.0,27,1,2022-07-06 12:59:43
1657112383503410000,34.0,2,33.9,25,34.0,25,1,2022-07-06 12:59:43
1657112383657549000,33.95,1,33.95,1,34.0,25,2,2022-07-06 12:59:43
1657112383685713000,33.95,1,33.9,23,34.0,25,2,2022-07-06 12:59:43
1657112384216167000,34.0,25,34.0,5,34.05,9,1,2022-07-06 12:59:44
1657112385610740000,34.0,2,34.0,4,34.05,9,2,2022-07-06 12:59:45
1657112385642570000,34.0,4,33.9,23,34.05,9,2,2022-07-06 12:59:45
1657112385838938000,33.95,1,33.9,25,34.0,2,1,2022-07-06 12:59:45
1657112385839013000,34.0,1,33.9,25,34.0,1,1,2022-07-06 12:59:45
1657112385872548000,34.0,1,33.9,25,34.05,9,1,2022-07-06 12:59:45
1657112386657370000,34.05,1,33.95,2,34.05,8,1,2022-07-06 12:59:46
1657112390485311000,34.0,1,33.9,3,34.05,9,2,2022-07-06 12:59:50
1657112391147773000,33.9,3,33.7,5,34.0,1,2,2022-07-06 12:59:51
1657112397420571000,33.9,2,33.8,4,33.9,8,2,2022-07-06 12:59:57
1657112399098051000,33.85,1,33.8,2,33.9,7,1,2022-07-06 12:59:59
1657112399098051000,33.9,1,33.8,2,33.9,7,1,2022-07-06 12:59:59
1657112399407462000,33.9,1,33.8,4,33.9,6,1,2022-07-06 12:59:59
1657112400518961000,33.85,1,33.8,4,33.9,6,1,2022-07-06 13:00:00
1657112419611568000,33.85,1,33.8,6,33.9,8,1,2022-07-06 13:00:19
1657112439731372000,33.85,1,33.85,3,33.9,8,2,2022-07-06 13:00:39
1657112443879559000,33.85,1,33.85,1,33.9,8,2,2022-07-06 13:00:43
1657112452744959000,33.85,2,33.85,1,33.9,8,1,2022-07-06 13:00:52
1657112454412645000,33.85,1,33.8,3,33.9,8,2,2022-07-06 13:00:54
1657112463835275000,33.85,2,33.85,18,33.9,6,1,2022-07-06 13:01:03
1657112489997348000,33.85,3,33.85,15,33.9,6,2,2022-07-06 13:01:29
1657112498681216000,33.85,1,33.85,14,33.9,6,2,2022-07-06 13:01:38
1657112502202233000,33.9,6,33.9,4,34.0,6,1,2022-07-06 13:01:42
1657112533157730000,33.9,2,33.9,2,33.95,1,2,2022-07-06 13:02:13
1657112547966381000,33.9,1,33.9,1,34.0,4,2,2022-07-06 13:02:27
1657112550534984000,34.0,1,33.9,1,34.0,7,1,2022-07-06 13:02:30
1657112567796766000,33.95,1,33.9,1,34.0,6,1,2022-07-06 13:02:47
1657112578268205000,33.9,1,33.85,14,33.95,4,2,2022-07-06 13:02:58
1657112585456698000,33.85,14,33.8,3,33.95,4,2,2022-07-06 13:03:05
1657112587586195000,33.8,1,33.8,2,33.95,4,2,2022-07-06 13:03:07
1657112597385869000,33.8,2,33.75,1,33.8,1,2,2022-07-06 13:03:17
1657112597415247000,33.8,1,33.75,1,33.9,3,1,2022-07-06 13:03:17
1657112600345697000,33.8,1,33.7,16,33.9,3,1,2022-07-06 13:03:20
1657112623221685000,33.8,1,33.75,5,33.8,1,2,2022-07-06 13:03:43
1657112624233005000,33.8,1,33.75,5,33.85,4,1,2022-07-06 13:03:44
1657112628556966000,33.85,4,33.85,2,33.9,1,1,2022-07-06 13:03:48
1657112655476734000,33.85,2,33.8,71,33.95,3,2,2022-07-06 13:04:15
1657112752224890000,33.9,1,33.85,6,33.9,1,1,2022-07-06 13:05:52
1657112761879806000,33.9,1,33.85,6,33.95,4,1,2022-07-06 13:06:01
1657112784572900000,33.95,1,33.9,4,33.95,3,1,2022-07-06 13:06:24
1657112788275556000,33.95,3,33.9,6,34.0,18,1,2022-07-06 13:06:28
1657112793953191000,33.95,2,33.95,1,34.0,19,2,2022-07-06 13:06:33
1657112797714764000,33.95,1,33.95,2,34.0,19,2,2022-07-06 13:06:37
1657112803404141000,34.0,10,33.95,2,34.0,11,1,2022-07-06 13:06:43
1657112803450350000,34.0,2,33.95,2,34.0,9,1,2022-07-06 13:06:43
1657112803483794000,34.0,4,33.95,4,34.0,5,1,2022-07-06 13:06:43
1657112803505186000,34.0,1,33.95,4,34.0,4,1,2022-07-06 13:06:43
1657112803543399000,34.0,2,33.95,4,34.0,4,1,2022-07-06 13:06:43
1657112803700576000,33.95,1,33.95,3,34.0,2,2,2022-07-06 13:06:43
1657112804041215000,33.95,1,33.95,2,34.0,2,2,2022-07-06 13:06:44
1657112804113167000,34.0,2,34.0,13,34.05,18,1,2022-07-06 13:06:44
1657112810494749000,34.05,1,34.0,13,34.05,16,1,2022-07-06 13:06:50
1657112810523100000,34.05,2,34.0,13,34.05,14,1,2022-07-06 13:06:50
1657112812230498000,34.05,2,34.0,13,34.05,12,1,2022-07-06 13:06:52
1657112812688716000,34.05,1,34.0,13,34.05,11,1,2022-07-06 13:06:52
1657112813569783000,34.05,1,34.0,13,34.05,10,1,2022-07-06 13:06:53
1657112813603490000,34.05,2,34.0,13,34.05,8,1,2022-07-06 13:06:53
1657112814921131000,34.05,1,34.0,13,34.05,7,1,2022-07-06 13:06:54
1657112816592241000,34.05,2,34.0,13,34.05,5,1,2022-07-06 13:06:56
1657112817692471000,34.05,1,34.0,13,34.05,4,1,2022-07-06 13:06:57
1657112818012809000,34.05,1,34.0,13,34.05,3,1,2022-07-06 13:06:58
1657112820522260000,34.05,3,34.05,2,34.1,9,1,2022-07-06 13:07:00
1657112822197060000,34.1,1,34.05,2,34.1,8,1,2022-07-06 13:07:02
1657112826866960000,34.1,1,34.05,3,34.1,7,1,2022-07-06 13:07:06
1657112830185026000,34.1,4,34.05,4,34.1,4,1,2022-07-06 13:07:10
1657112838345349000,34.1,1,34.05,2,34.1,3,1,2022-07-06 13:07:18
1657112838948693000,34.1,1,34.05,2,34.1,2,1,2022-07-06 13:07:18
1657112840970610000,34.05,2,34.0,14,34.1,5,2,2022-07-06 13:07:20
1657112860890372000,34.05,1,34.0,14,34.1,5,2,2022-07-06 13:07:40
1657112868146751000,34.0,1,34.0,13,34.05,3,2,2022-07-06 13:07:48
1657112868200438000,34.0,9,34.0,4,34.05,3,2,2022-07-06 13:07:48
1657112868228390000,34.0,4,34.0,13,34.05,3,2,2022-07-06 13:07:48
1657112877774913000,34.0,1,33.85,4,34.0,11,1,2022-07-06 13:07:57
1657112881415305000,33.85,1,33.85,3,34.0,15,2,2022-07-06 13:08:01
1657112895984665000,33.85,4,33.8,71,33.85,1,2,2022-07-06 13:08:15
1657112896662398000,33.85,1,33.8,71,34.0,15,1,2022-07-06 13:08:16
1657112912401277000,33.85,5,33.8,72,34.0,13,2,2022-07-06 13:08:32
1657112921387408000,33.85,1,33.85,14,34.0,11,2,2022-07-06 13:08:41
1657112933802463000,33.85,4,33.85,10,34.0,13,2,2022-07-06 13:08:53
1657112941664616000,33.85,1,33.85,11,33.95,6,2,2022-07-06 13:09:01
1657112961844831000,33.85,2,33.85,9,33.95,6,2,2022-07-06 13:09:21
1657112987767742000,33.95,1,33.85,9,33.95,5,1,2022-07-06 13:09:47
1657113089905747000,33.9,1,33.85,12,33.9,5,1,2022-07-06 13:11:29
1657113095619703000,33.85,2,33.85,14,33.9,5,2,2022-07-06 13:11:35
1657113107348715000,33.85,5,33.85,9,33.9,11,2,2022-07-06 13:11:47
1657113111852138000,33.85,2,33.85,7,33.9,11,2,2022-07-06 13:11:51
1657113128728925000,33.85,1,33.85,6,33.9,5,2,2022-07-06 13:12:08
1657113139777612000,33.85,1,33.85,6,33.9,5,2,2022-07-06 13:12:19
1657113148677407000,33.85,2,33.85,4,33.9,3,2,2022-07-06 13:12:28
1657113155039659000,33.9,3,33.9,1,33.95,5,1,2022-07-06 13:12:35
1657113164293467000,33.9,2,33.85,9,33.95,6,2,2022-07-06 13:12:44
1657113170677715000,33.9,1,33.85,9,33.95,6,2,2022-07-06 13:12:50
1657113188611287000,33.9,2,33.85,11,33.95,6,2,2022-07-06 13:13:08
1657113192631622000,33.95,6,33.9,1,34.1,17,1,2022-07-06 13:13:12
1657113192631622000,34.0,4,33.9,1,34.1,17,1,2022-07-06 13:13:12
1657113192631622000,34.05,11,33.9,1,34.1,17,1,2022-07-06 13:13:12
1657113192631622000,34.1,2,33.9,1,34.1,17,1,2022-07-06 13:13:12
1657113217182720000,34.05,1,34.0,2,34.1,21,2,2022-07-06 13:13:37
1657113225724786000,34.05,3,34.05,2,34.1,20,1,2022-07-06 13:13:45
1657113225755968000,34.05,2,34.0,3,34.1,20,2,2022-07-06 13:13:45
1657113232130945000,34.05,2,34.0,7,34.1,17,1,2022-07-06 13:13:52
1657113236895075000,34.1,1,34.0,7,34.1,20,1,2022-07-06 13:13:56
1657113237247987000,34.05,1,34.0,7,34.1,20,1,2022-07-06 13:13:57
1657113243025231000,34.05,1,34.0,8,34.1,19,1,2022-07-06 13:14:03
1657113246401673000,34.05,1,34.0,8,34.1,19,2,2022-07-06 13:14:06
1657113249028546000,34.05,1,34.0,8,34.05,4,2,2022-07-06 13:14:09
1657113253916904000,34.05,2,34.0,8,34.05,4,1,2022-07-06 13:14:13
1657113261470956000,34.05,1,34.0,8,34.05,4,1,2022-07-06 13:14:21
1657113270189302000,34.05,1,34.0,9,34.05,3,1,2022-07-06 13:14:30
1657113271900433000,34.05,4,34.05,1,34.1,17,1,2022-07-06 13:14:31
1657113275969899000,34.05,1,34.0,8,34.1,17,2,2022-07-06 13:14:35
1657113275969899000,34.0,1,34.0,8,34.1,17,2,2022-07-06 13:14:35
1657113277296109000,34.05,1,34.0,8,34.1,17,2,2022-07-06 13:14:37
1657113285528741000,34.05,1,34.0,10,34.05,3,2,2022-07-06 13:14:45
1657113285559632000,34.05,3,34.0,10,34.1,14,1,2022-07-06 13:14:45
1657113300495421000,34.05,1,34.0,11,34.1,14,2,2022-07-06 13:15:00
1657113302964371000,34.05,1,34.0,11,34.05,4,2,2022-07-06 13:15:02
1657113307012378000,34.0,1,34.0,10,34.05,18,2,2022-07-06 13:15:07
1657113308946855000,34.0,2,34.0,8,34.05,19,2,2022-07-06 13:15:08
1657113308967948000,34.0,5,34.0,3,34.05,19,2,2022-07-06 13:15:08
1657113319641501000,34.0,1,34.0,2,34.05,19,2,2022-07-06 13:15:19
1657113331514292000,34.0,2,33.95,4,34.0,3,2,2022-07-06 13:15:31
1657113333738909000,34.0,3,33.95,4,34.05,5,1,2022-07-06 13:15:33
1657113333738909000,34.05,15,33.95,4,34.05,5,1,2022-07-06 13:15:33
1657113337775749000,34.0,3,33.95,4,34.0,3,1,2022-07-06 13:15:37
1657113337775749000,34.05,4,33.95,4,34.0,3,1,2022-07-06 13:15:37
1657113353401679000,34.05,2,34.05,1,34.1,14,2,2022-07-06 13:15:53
1657113353694052000,34.1,1,34.05,1,34.1,13,1,2022-07-06 13:15:53
1657113362623450000,34.05,4,34.05,1,34.1,13,2,2022-07-06 13:16:02
1657113362827503000,34.05,1,34.0,3,34.1,13,2,2022-07-06 13:16:02
1657113362942227000,34.1,4,34.0,3,34.1,11,1,2022-07-06 13:16:02
1657113363426136000,34.0,1,34.0,2,34.1,9,2,2022-07-06 13:16:03
1657113364954110000,34.05,2,34.0,2,34.1,11,1,2022-07-06 13:16:04
1657113375488262000,34.1,1,34.0,4,34.1,10,1,2022-07-06 13:16:15
1657113377843110000,34.1,5,34.05,10,34.1,9,1,2022-07-06 13:16:17
1657113377845195000,34.1,5,34.05,10,34.1,4,1,2022-07-06 13:16:17
1657113377962904000,34.1,4,34.05,10,34.15,32,1,2022-07-06 13:16:17
1657113377962904000,34.15,1,34.05,10,34.15,32,1,2022-07-06 13:16:17
1657113377963252000,34.15,5,34.05,10,34.15,27,1,2022-07-06 13:16:17
1657113387845677000,34.15,10,34.05,1,34.15,17,1,2022-07-06 13:16:27
1657113388494004000,34.15,2,34.05,1,34.15,15,1,2022-07-06 13:16:28
1657113389677872000,34.15,1,34.1,1,34.15,14,1,2022-07-06 13:16:29
1657113390301765000,34.15,1,34.1,1,34.15,13,1,2022-07-06 13:16:30
1657113395635926000,34.15,3,34.1,2,34.15,10,1,2022-07-06 13:16:35
1657113395709432000,34.15,4,34.1,2,34.15,6,1,2022-07-06 13:16:35
1657113397780158000,34.15,1,34.1,2,34.15,5,1,2022-07-06 13:16:37
1657113398886313000,34.15,5,34.1,7,34.2,108,1,2022-07-06 13:16:38
1657113400242218000,34.15,1,34.15,3,34.2,108,2,2022-07-06 13:16:40
1657113402359237000,34.15,1,34.15,2,34.2,108,2,2022-07-06 13:16:42
1657113411084932000,34.15,1,34.15,3,34.2,108,2,2022-07-06 13:16:51
1657113411110982000,34.15,3,34.1,1,34.2,108,2,2022-07-06 13:16:51
1657113420518836000,34.2,1,34.1,1,34.2,107,1,2022-07-06 13:17:00
1657113420572948000,34.2,3,34.1,1,34.2,104,1,2022-07-06 13:17:00
1657113428894546000,34.2,1,34.15,1,34.2,103,1,2022-07-06 13:17:08
1657113436467912000,34.2,1,34.15,6,34.2,103,1,2022-07-06 13:17:16
1657113436741156000,34.15,6,34.1,3,34.15,4,2,2022-07-06 13:17:16
1657113438123484000,34.15,1,34.1,3,34.15,3,1,2022-07-06 13:17:18
1657113439776497000,34.15,3,34.1,3,34.2,102,1,2022-07-06 13:17:19
1657113439776497000,34.2,1,34.1,3,34.2,102,1,2022-07-06 13:17:19
1657113440868436000,34.1,3,34.05,3,34.2,102,2,2022-07-06 13:17:20
1657113456356329000,34.1,2,34.1,9,34.15,7,2,2022-07-06 13:17:36
1657113459946183000,34.15,3,34.1,10,34.15,2,1,2022-07-06 13:17:39
1657113461287452000,34.15,2,34.15,1,34.2,103,1,2022-07-06 13:17:41
1657113475751658000,34.15,1,34.1,12,34.15,4,2,2022-07-06 13:17:55
1657113478192212000,34.15,1,34.1,12,34.15,3,1,2022-07-06 13:17:58
1657113492208902000,34.15,3,34.1,15,34.15,1,1,2022-07-06 13:18:12
1657113498114600000,34.15,1,34.1,15,34.2,108,1,2022-07-06 13:18:18
1657113515834248000,34.1,1,34.1,16,34.2,108,2,2022-07-06 13:18:35
1657113520915270000,34.1,1,34.1,15,34.2,108,2,2022-07-06 13:18:40
1657113525868980000,34.1,1,34.1,14,34.2,108,2,2022-07-06 13:18:45
1657113526634667000,34.1,1,34.1,13,34.2,108,2,2022-07-06 13:18:46
1657113538930376000,34.15,1,34.1,13,34.15,3,1,2022-07-06 13:18:58
1657113540303810000,34.1,13,34.05,12,34.1,7,2,2022-07-06 13:19:00
1657113557567975000,34.1,9,34.15,54,34.2,108,1,2022-07-06 13:19:17
1657113557567975000,34.15,3,34.15,54,34.2,108,1,2022-07-06 13:19:17
1657113557854913000,34.15,2,34.15,52,34.2,108,2,2022-07-06 13:19:17
1657113565913389000,34.15,50,34.15,2,34.2,108,2,2022-07-06 13:19:25
1657113565945162000,34.15,2,34.1,1,34.2,108,2,2022-07-06 13:19:25
1657113600089338000,34.15,1,34.1,23,34.15,4,1,2022-07-06 13:20:00
1657113603941557000,34.15,1,34.1,23,34.15,3,1,2022-07-06 13:20:03
1657113613133482000,34.15,1,34.1,28,34.2,110,1,2022-07-06 13:20:13
1657113618899379000,34.15,2,34.15,3,34.2,110,2,2022-07-06 13:20:18
1657113629893030000,34.15,2,34.15,1,34.2,110,2,2022-07-06 13:20:29
1657113633547146000,34.15,1,34.1,28,34.2,110,2,2022-07-06 13:20:33
1657113645837029000,34.15,1,34.1,28,34.15,3,1,2022-07-06 13:20:45
1657113647768198000,34.15,1,34.1,28,34.15,2,1,2022-07-06 13:20:47
1657113649537751000,34.15,1,34.1,28,34.15,1,1,2022-07-06 13:20:49
1657113651714932000,34.15,1,34.15,2,34.2,110,1,2022-07-06 13:20:51
1657113652722743000,34.15,2,34.1,28,34.15,8,2,2022-07-06 13:20:52
1657113666088672000,34.15,1,34.1,28,34.15,10,1,2022-07-06 13:21:06
1657113669809432000,34.15,1,34.1,28,34.15,9,1,2022-07-06 13:21:09
1657113676348886000,34.15,2,34.1,28,34.15,7,1,2022-07-06 13:21:16
1657113677970687000,34.15,5,34.1,28,34.15,2,1,2022-07-06 13:21:17
1657113680962875000,34.1,1,34.1,27,34.15,2,2,2022-07-06 13:21:20
1657113681999405000,34.15,2,34.1,27,34.2,12,1,2022-07-06 13:21:21
1657113681999405000,34.2,98,34.1,27,34.2,12,1,2022-07-06 13:21:21
1657113683298610000,34.2,12,34.2,3,34.25,5,1,2022-07-06 13:21:23
1657113694080583000,34.25,2,34.2,9,34.25,3,1,2022-07-06 13:21:34
1657113694082438000,34.25,2,34.2,9,34.25,1,1,2022-07-06 13:21:34
1657113694101595000,34.25,1,34.2,9,34.3,17,1,2022-07-06 13:21:34
1657113703357181000,34.3,3,34.2,11,34.3,14,1,2022-07-06 13:21:43
1657113706715677000,34.25,1,34.2,11,34.3,11,1,2022-07-06 13:21:46
1657113706715677000,34.3,3,34.2,11,34.3,11,1,2022-07-06 13:21:46
1657113707906861000,34.3,1,34.2,10,34.3,10,1,2022-07-06 13:21:47
1657113708692349000,34.3,1,34.2,10,34.3,9,1,2022-07-06 13:21:48
1657113711432789000,34.25,2,34.2,10,34.3,4,1,2022-07-06 13:21:51
1657113711432789000,34.3,8,34.2,10,34.3,4,1,2022-07-06 13:21:51
1657113711525349000,34.3,1,34.2,10,34.3,3,1,2022-07-06 13:21:51
1657113713284427000,34.3,1,34.2,10,34.3,2,1,2022-07-06 13:21:53
1657113713530506000,34.3,1,34.2,10,34.3,1,1,2022-07-06 13:21:53
1657113713729404000,34.2,1,34.2,9,34.3,1,2,2022-07-06 13:21:53
1657113714201596000,34.3,1,34.2,9,34.35,1,1,2022-07-06 13:21:54
1657113714372045000,34.35,1,34.2,9,34.4,17,1,2022-07-06 13:21:54
1657113714372045000,34.4,1,34.2,9,34.4,17,1,2022-07-06 13:21:54
1657113725055028000,34.3,1,34.25,6,34.35,4,2,2022-07-06 13:22:05
1657113738531516000,34.3,1,34.3,9,34.4,19,2,2022-07-06 13:22:18
1657113738574813000,34.3,9,34.25,8,34.4,19,2,2022-07-06 13:22:18
1657113738607739000,34.25,8,34.1,24,34.4,19,2,2022-07-06 13:22:18
1657113749296116000,34.35,1,34.25,1,34.35,8,1,2022-07-06 13:22:29
1657113751333266000,34.25,1,34.15,5,34.35,8,2,2022-07-06 13:22:31
1657113769735080000,34.25,1,34.2,1,34.3,7,1,2022-07-06 13:22:49
1657113771803324000,34.25,1,34.2,2,34.3,7,1,2022-07-06 13:22:51
1657113774792384000,34.25,1,34.2,2,34.3,6,1,2022-07-06 13:22:54
1657113780413350000,34.25,1,34.2,2,34.3,6,1,2022-07-06 13:23:00
1657113788853934000,34.2,1,34.2,3,34.3,8,2,2022-07-06 13:23:08
1657113789863647000,34.25,1,34.2,3,34.3,8,2,2022-07-06 13:23:09
1657113798518758000,34.25,3,34.2,3,34.25,1,1,2022-07-06 13:23:18
1657113802557604000,34.3,3,34.2,6,34.3,7,1,2022-07-06 13:23:22
1657113814323903000,34.25,3,34.2,8,34.25,2,1,2022-07-06 13:23:34
1657113814995595000,34.25,1,34.2,8,34.25,2,1,2022-07-06 13:23:34
1657113820165168000,34.25,1,34.2,11,34.3,10,2,2022-07-06 13:23:40
1657113823601099000,34.25,1,34.25,1,34.3,10,2,2022-07-06 13:23:43
1657113829459786000,34.25,2,34.2,10,34.3,10,2,2022-07-06 13:23:49
1657113835352913000,34.3,3,34.2,10,34.3,8,1,2022-07-06 13:23:55
1657113837476525000,34.2,5,34.2,5,34.3,6,2,2022-07-06 13:23:57
1657113838801871000,34.25,1,34.2,5,34.3,8,2,2022-07-06 13:23:58
1657113839206102000,34.25,1,34.2,5,34.3,8,2,2022-07-06 13:23:59
1657113843658048000,34.25,2,34.2,8,34.25,5,1,2022-07-06 13:24:03
1657113850827235000,34.2,10,34.15,4,34.25,18,2,2022-07-06 13:24:10
1657113855306354000,34.15,1,34.15,3,34.2,6,2,2022-07-06 13:24:15
1657113855361289000,34.15,1,34.15,2,34.2,6,2,2022-07-06 13:24:15
1657113855362161000,34.15,2,34.1,27,34.2,6,2,2022-07-06 13:24:15
1657113857520805000,34.2,1,34.1,27,34.2,5,1,2022-07-06 13:24:17
1657113859107905000,34.2,1,34.1,27,34.2,4,1,2022-07-06 13:24:19
1657113865336285000,34.2,2,34.15,1,34.2,4,1,2022-07-06 13:24:25
1657113883235333000,34.2,2,34.15,6,34.2,3,1,2022-07-06 13:24:43
1657113883238741000,34.2,1,34.15,7,34.2,2,1,2022-07-06 13:24:43
1657113890846598000,34.2,1,34.15,8,34.2,1,1,2022-07-06 13:24:50
1657113892431382000,34.15,1,34.15,7,34.2,2,2,2022-07-06 13:24:52
1657114200000000000,34.55,326,34.5,2,34.55,6,1,2022-07-06 13:30:00
