ts,close,volume,bid_price,bid_volume,ask_price,ask_volume,tick_type,datetime
1657098003159943000,34.9,1504,34.85,10,34.9,140,0,2022-07-06 09:00:03
1657098003193254000,34.85,10,34.8,20,34.9,140,2,2022-07-06 09:00:03
1657098003230813000,34.85,1,34.8,20,34.9,141,1,2022-07-06 09:00:03
1657098003287673000,34.85,1,34.8,20,34.9,128,1,2022-07-06 09:00:03
1657098003287673000,34.9,19,34.8,20,34.9,128,1,2022-07-06 09:00:03
1657098003348333000,34.8,3,34.8,20,34.9,130,2,2022-07-06 09:00:03
1657098003745361000,34.8,6,34.8,11,34.9,130,2,2022-07-06 09:00:03
1657098003779689000,34.8,11,34.75,6,34.9,130,2,2022-07-06 09:00:03
1657098003961503000,34.9,1,34.75,6,34.9,129,1,2022-07-06 09:00:03
1657098004130190000,34.75,2,34.75,4,34.9,141,2,2022-07-06 09:00:04
1657098004158513000,34.75,4,34.7,21,34.9,141,2,2022-07-06 09:00:04
1657098004995509000,34.75,2,34.7,22,34.75,3,1,2022-07-06 09:00:04
1657098006234184000,34.75,3,34.7,22,34.8,1,1,2022-07-06 09:00:06
1657098008852702000,34.8,2,34.7,22,34.9,132,1,2022-07-06 09:00:08
1657098008852702000,34.85,2,34.7,22,34.9,132,1,2022-07-06 09:00:08
1657098008852702000,34.9,11,34.7,22,34.9,132,1,2022-07-06 09:00:08
1657098009139862000,34.7,2,34.7,20,34.9,132,2,2022-07-06 09:00:09
1657098010609101000,34.75,1,34.75,10,34.85,9,2,2022-07-06 09:00:10
1657098011077647000,34.8,10,34.75,9,34.85,9,2,2022-07-06 09:00:11
1657098011092527000,34.8,1,34.75,9,34.8,9,1,2022-07-06 09:00:11
1657098011534275000,34.75,2,34.75,7,34.8,11,2,2022-07-06 09:00:11
1657098011740272000,34.8,1,34.75,27,34.8,10,1,2022-07-06 09:00:11
1657098011880447000,34.8,2,34.75,27,34.8,11,1,2022-07-06 09:00:11
1657098012082114000,34.75,1,34.75,26,34.8,8,2,2022-07-06 09:00:12
1657098013043601000,34.75,5,34.75,22,34.8,8,2,2022-07-06 09:00:13
1657098013572677000,34.8,4,34.75,22,34.8,5,1,2022-07-06 09:00:13
1657098013991506000,34.8,1,34.75,24,34.8,5,1,2022-07-06 09:00:13
1657098014111986000,34.8,1,34.75,24,34.8,4,1,2022-07-06 09:00:14
1657098014642426000,34.75,1,34.75,24,34.8,4,2,2022-07-06 09:00:14
1657098014769415000,34.8,4,34.75,24,34.85,10,1,2022-07-06 09:00:14
1657098014769415000,34.85,1,34.75,24,34.85,10,1,2022-07-06 09:00:14
1657098014906516000,34.75,1,34.75,23,34.85,10,2,2022-07-06 09:00:14
1657098015452178000,34.8,1,34.8,1,34.85,10,2,2022-07-06 09:00:15
1657098015452178000,34.75,2,34.8,1,34.85,10,2,2022-07-06 09:00:15
1657098015512874000,34.85,10,34.75,21,34.9,132,1,2022-07-06 09:00:15
1657098015926310000,34.8,1,34.8,2,34.9,132,2,2022-07-06 09:00:15
1657098016004814000,34.8,2,34.75,56,34.8,3,2,2022-07-06 09:00:16
1657098016032577000,34.8,3,34.75,56,34.9,132,1,2022-07-06 09:00:16
1657098016667395000,34.9,1,34.8,7,34.9,131,1,2022-07-06 09:00:16
1657098016950241000,34.8,3,34.8,7,34.9,132,2,2022-07-06 09:00:16
1657098017251290000,34.9,5,34.8,4,34.9,126,1,2022-07-06 09:00:17
1657098017336281000,34.9,1,34.8,4,34.9,125,1,2022-07-06 09:00:17
1657098017419980000,34.8,1,34.8,4,34.9,126,2,2022-07-06 09:00:17
1657098017890698000,34.85,1,34.85,1,34.9,125,2,2022-07-06 09:00:17
1657098018459342000,34.8,7,34.8,7,34.9,125,2,2022-07-06 09:00:18
1657098018495443000,34.8,2,34.75,60,34.9,125,1,2022-07-06 09:00:18
1657098019808880000,34.8,1,34.8,8,34.85,1,2,2022-07-06 09:00:19
1657098020747565000,34.85,1,34.8,9,34.9,127,1,2022-07-06 09:00:20
1657098021257823000,34.8,1,34.8,13,34.85,19,2,2022-07-06 09:00:21
1657098021911410000,34.8,2,34.8,31,34.85,19,2,2022-07-06 09:00:21
1657098022077194000,34.85,19,34.8,30,34.9,128,1,2022-07-06 09:00:22
1657098022077194000,34.9,1,34.8,30,34.9,128,1,2022-07-06 09:00:22
1657098022291573000,34.9,5,34.8,48,34.9,123,1,2022-07-06 09:00:22
1657098022578281000,34.8,1,34.8,49,34.9,123,2,2022-07-06 09:00:22
1657098023181212000,34.9,4,34.85,3,34.9,119,1,2022-07-06 09:00:23
1657098023218829000,34.85,1,34.85,2,34.9,119,2,2022-07-06 09:00:23
1657098023460295000,34.85,1,34.85,11,34.9,119,2,2022-07-06 09:00:23
1657098023536475000,34.85,3,34.85,10,34.9,119,2,2022-07-06 09:00:23
1657098023544257000,34.85,1,34.85,9,34.9,119,2,2022-07-06 09:00:23
1657098024093011000,34.9,5,34.85,10,34.9,114,1,2022-07-06 09:00:24
1657098024340161000,34.9,2,34.85,10,34.9,102,1,2022-07-06 09:00:24
1657098024652358000,34.85,1,34.85,11,34.9,102,2,2022-07-06 09:00:24
1657098024958106000,34.85,2,34.85,32,34.9,102,2,2022-07-06 09:00:24
1657098025459149000,34.85,12,34.85,21,34.9,102,2,2022-07-06 09:00:25
1657098026116183000,34.9,8,34.85,25,34.9,94,1,2022-07-06 09:00:26
1657098026220398000,34.85,1,34.85,24,34.9,94,2,2022-07-06 09:00:26
1657098026241316000,34.85,1,34.85,23,34.9,94,2,2022-07-06 09:00:26
1657098026277672000,34.85,1,34.85,22,34.9,94,2,2022-07-06 09:00:26
1657098026658392000,34.9,2,34.85,23,34.9,92,1,2022-07-06 09:00:26
1657098026701153000,34.85,1,34.85,22,34.9,92,2,2022-07-06 09:00:26
1657098026763306000,34.85,1,34.85,21,34.9,92,2,2022-07-06 09:00:26
1657098026843925000,34.85,4,34.85,17,34.9,92,2,2022-07-06 09:00:26
1657098027050115000,34.9,5,34.85,17,34.9,87,1,2022-07-06 09:00:27
1657098027054051000,34.85,1,34.85,16,34.9,87,2,2022-07-06 09:00:27
1657098027262155000,34.9,2,34.85,19,34.9,85,1,2022-07-06 09:00:27
1657098027779017000,34.85,1,34.85,19,34.9,86,2,2022-07-06 09:00:27
1657098028617193000,34.85,9,34.85,23,34.9,86,2,2022-07-06 09:00:28
1657098028832868000,34.85,1,34.85,23,34.9,86,2,2022-07-06 09:00:28
1657098030095863000,34.85,19,34.85,8,34.9,89,2,2022-07-06 09:00:30
1657098030126032000,34.85,2,34.85,6,34.9,89,2,2022-07-06 09:00:30
1657098030155429000,34.85,2,34.85,4,34.9,89,2,2022-07-06 09:00:30
1657098030858071000,34.85,11,34.8,74,34.9,95,2,2022-07-06 09:00:30
1657098031041837000,34.85,1,34.8,74,34.85,1,1,2022-07-06 09:00:31
1657098031253619000,34.85,2,34.85,1,34.9,96,2,2022-07-06 09:00:31
1657098031437749000,34.9,1,34.85,1,34.9,95,1,2022-07-06 09:00:31
1657098031534303000,34.85,1,34.85,1,34.9,96,2,2022-07-06 09:00:31
1657098031851904000,34.85,1,34.8,76,34.85,4,1,2022-07-06 09:00:31
1657098031873424000,34.8,3,34.8,76,34.85,5,2,2022-07-06 09:00:31
1657098032161918000,34.85,1,34.8,73,34.85,3,1,2022-07-06 09:00:32
1657098032178521000,34.85,1,34.8,73,34.85,2,1,2022-07-06 09:00:32
1657098032461841000,34.8,1,34.8,73,34.85,4,2,2022-07-06 09:00:32
1657098032594586000,34.85,1,34.8,72,34.85,3,1,2022-07-06 09:00:32
1657098033403615000,34.85,3,34.8,74,34.85,5,1,2022-07-06 09:00:33
1657098033457634000,34.85,5,34.8,74,34.85,5,1,2022-07-06 09:00:33
1657098033716117000,34.85,1,34.8,74,34.9,96,2,2022-07-06 09:00:33
1657098033913501000,34.8,1,34.8,73,34.85,3,2,2022-07-06 09:00:33
1657098034072092000,34.85,17,34.85,13,34.9,96,1,2022-07-06 09:00:34
1657098034102600000,34.85,4,34.85,9,34.9,96,2,2022-07-06 09:00:34
1657098034183881000,34.9,2,34.85,9,34.9,94,1,2022-07-06 09:00:34
1657098034281984000,34.85,1,34.85,8,34.9,94,2,2022-07-06 09:00:34
1657098034491354000,34.85,2,34.85,6,34.9,94,2,2022-07-06 09:00:34
1657098034811688000,34.85,3,34.85,9,34.9,95,2,2022-07-06 09:00:34
1657098034846995000,34.85,1,34.85,8,34.9,95,2,2022-07-06 09:00:34
1657098034953955000,34.85,4,34.85,4,34.9,99,2,2022-07-06 09:00:34
1657098035176759000,34.9,2,34.85,4,34.9,97,1,2022-07-06 09:00:35
1657098035250082000,34.85,2,34.85,2,34.9,98,2,2022-07-06 09:00:35
1657098035449664000,34.85,2,34.85,2,34.9,99,2,2022-07-06 09:00:35
1657098035717209000,34.85,2,34.85,5,34.9,102,2,2022-07-06 09:00:35
1657098035861189000,34.9,1,34.85,7,34.9,101,1,2022-07-06 09:00:35
1657098035877529000,34.85,1,34.85,7,34.9,102,2,2022-07-06 09:00:35
1657098036159865000,34.85,1,34.85,7,34.9,101,2,2022-07-06 09:00:36
1657098036438606000,34.9,1,34.85,12,34.9,100,1,2022-07-06 09:00:36
1657098036677108000,34.9,1,34.85,13,34.9,99,1,2022-07-06 09:00:36
1657098037160727000,34.9,15,34.85,19,34.9,84,1,2022-07-06 09:00:37
1657098037500745000,34.85,5,34.85,26,34.9,84,2,2022-07-06 09:00:37
1657098037713449000,34.85,1,34.85,25,34.9,84,2,2022-07-06 09:00:37
1657098037770796000,34.85,1,34.85,24,34.9,84,2,2022-07-06 09:00:37
1657098037836775000,34.85,2,34.85,24,34.9,84,2,2022-07-06 09:00:37
1657098037897768000,34.85,1,34.85,24,34.9,84,2,2022-07-06 09:00:37
1657098037991837000,34.9,2,34.85,24,34.9,82,1,2022-07-06 09:00:37
1657098038257728000,34.85,1,34.85,25,34.9,82,2,2022-07-06 09:00:38
1657098038276388000,34.9,1,34.85,25,34.9,81,1,2022-07-06 09:00:38
1657098038509327000,34.85,1,34.85,28,34.9,85,2,2022-07-06 09:00:38
1657098038869180000,34.9,2,34.85,38,34.9,83,1,2022-07-06 09:00:38
1657098038968823000,34.85,2,34.85,36,34.9,83,2,2022-07-06 09:00:38
1657098039038983000,34.9,1,34.85,38,34.9,85,1,2022-07-06 09:00:39
1657098039091299000,34.85,2,34.85,34,34.9,82,2,2022-07-06 09:00:39
1657098039227348000,34.85,1,34.85,34,34.9,82,2,2022-07-06 09:00:39
1657098039266834000,34.85,1,34.85,33,34.9,82,2,2022-07-06 09:00:39
1657098039429731000,34.85,1,34.85,32,34.9,83,2,2022-07-06 09:00:39
1657098039473353000,34.9,10,34.85,32,34.9,73,1,2022-07-06 09:00:39
1657098040424433000,34.85,1,34.85,53,34.9,73,2,2022-07-06 09:00:40
1657098041009853000,34.85,1,34.85,51,34.9,74,2,2022-07-06 09:00:41
1657098041047356000,34.9,1,34.85,52,34.9,74,1,2022-07-06 09:00:41
1657098041154435000,34.9,1,34.85,51,34.9,72,1,2022-07-06 09:00:41
1657098041202914000,34.9,3,34.85,51,34.9,69,1,2022-07-06 09:00:41
1657098041222136000,34.9,69,34.85,52,34.95,26,1,2022-07-06 09:00:41
1657098042264545000,34.95,1,34.9,2,34.95,25,1,2022-07-06 09:00:42
1657098042333708000,34.95,2,34.9,4,34.95,23,1,2022-07-06 09:00:42
1657098042384566000,34.95,1,34.9,4,34.95,23,1,2022-07-06 09:00:42
1657098042689862000,34.95,1,34.9,8,34.95,21,1,2022-07-06 09:00:42
1657098042946280000,34.95,1,34.9,8,34.95,20,1,2022-07-06 09:00:42
1657098042982313000,34.95,2,34.9,8,34.95,18,1,2022-07-06 09:00:42
1657098043614951000,34.95,3,34.9,14,34.95,15,1,2022-07-06 09:00:43
1657098043839401000,34.95,2,34.9,15,34.95,13,1,2022-07-06 09:00:43
1657098043949156000,34.95,5,34.9,16,34.95,8,1,2022-07-06 09:00:43
1657098044574556000,34.9,10,34.9,19,34.95,8,2,2022-07-06 09:00:44
1657098044599771000,34.9,2,34.9,7,34.95,8,2,2022-07-06 09:00:44
1657098044753868000,34.95,1,34.9,7,34.95,7,1,2022-07-06 09:00:44
1657098044999166000,34.95,1,34.9,8,34.95,7,1,2022-07-06 09:00:44
1657098045411279000,34.95,1,34.9,15,34.95,5,1,2022-07-06 09:00:45
1657098045536589000,34.95,3,34.9,15,34.95,2,1,2022-07-06 09:00:45
1657098045566669000,34.95,2,34.9,15,34.95,2,1,2022-07-06 09:00:45
1657098045619612000,34.95,1,34.95,47,35.0,169,2,2022-07-06 09:00:45
1657098046324642000,34.95,2,34.95,50,35.0,169,2,2022-07-06 09:00:46
1657098046327314000,34.95,1,34.95,49,35.0,169,2,2022-07-06 09:00:46
1657098047080259000,35.0,15,34.95,55,35.0,154,1,2022-07-06 09:00:47
1657098047083606000,35.0,2,34.95,55,35.0,169,1,2022-07-06 09:00:47
1657098047486948000,34.95,1,34.95,56,35.0,152,2,2022-07-06 09:00:47
1657098047842239000,35.0,1,34.95,57,35.0,151,1,2022-07-06 09:00:47
1657098048032886000,35.0,1,34.95,57,35.0,150,1,2022-07-06 09:00:48
1657098048047104000,35.0,2,34.95,57,35.0,148,1,2022-07-06 09:00:48
1657098048174219000,34.95,2,34.95,56,35.0,148,2,2022-07-06 09:00:48
1657098048469938000,35.0,2,34.95,55,35.0,153,1,2022-07-06 09:00:48
1657098049169623000,35.0,1,34.95,59,35.0,152,1,2022-07-06 09:00:49
1657098049267561000,34.95,10,34.95,50,35.0,142,2,2022-07-06 09:00:49
1657098049979072000,35.0,1,34.95,54,35.0,141,1,2022-07-06 09:00:49
1657098050109005000,35.0,1,34.95,64,35.0,140,1,2022-07-06 09:00:50
1657098050564773000,35.0,1,34.95,64,35.0,139,1,2022-07-06 09:00:50
1657098050629691000,35.0,10,34.95,65,35.0,129,1,2022-07-06 09:00:50
1657098050817650000,35.0,4,34.95,64,35.0,125,1,2022-07-06 09:00:50
1657098051040562000,35.0,1,34.95,65,35.0,124,1,2022-07-06 09:00:51
1657098051273724000,35.0,1,34.95,65,35.0,123,1,2022-07-06 09:00:51
1657098051568445000,34.95,1,34.95,68,35.0,123,2,2022-07-06 09:00:51
1657098051662103000,34.95,1,34.95,66,35.0,123,2,2022-07-06 09:00:51
1657098051746310000,34.95,1,34.95,65,35.0,123,2,2022-07-06 09:00:51
1657098051781238000,35.0,1,34.95,65,35.0,122,1,2022-07-06 09:00:51
1657098051846282000,35.0,1,34.95,65,35.0,121,1,2022-07-06 09:00:51
1657098051900869000,34.95,3,34.95,62,35.0,121,2,2022-07-06 09:00:51
1657098052049741000,35.0,2,34.95,62,35.0,119,1,2022-07-06 09:00:52
1657098052149650000,35.0,20,34.95,62,35.0,99,1,2022-07-06 09:00:52
1657098052430128000,34.95,10,34.95,63,35.0,99,2,2022-07-06 09:00:52
1657098052725357000,35.0,1,34.95,53,35.0,104,1,2022-07-06 09:00:52
1657098053481307000,35.0,6,34.95,90,35.0,104,1,2022-07-06 09:00:53
1657098053638626000,35.0,50,34.95,90,35.0,48,1,2022-07-06 09:00:53
1657098053696871000,35.0,14,34.95,91,35.0,34,1,2022-07-06 09:00:53
1657098053727677000,35.0,3,34.95,91,35.0,31,1,2022-07-06 09:00:53
1657098053752440000,35.0,1,34.95,91,35.0,30,1,2022-07-06 09:00:53
1657098053778685000,34.95,1,34.95,90,35.0,30,2,2022-07-06 09:00:53
1657098053803596000,35.0,3,34.95,90,35.0,27,1,2022-07-06 09:00:53
1657098054140550000,34.95,1,34.95,93,35.0,27,2,2022-07-06 09:00:54
1657098054185441000,35.0,1,34.95,93,35.0,26,1,2022-07-06 09:00:54
1657098054294132000,35.0,3,34.95,93,35.0,23,1,2022-07-06 09:00:54
1657098054399329000,35.0,5,34.95,105,35.0,18,1,2022-07-06 09:00:54
1657098054414079000,35.0,1,34.95,105,35.0,17,1,2022-07-06 09:00:54
1657098054421457000,35.0,2,34.95,105,35.0,15,1,2022-07-06 09:00:54
1657098054486155000,35.0,1,34.95,106,35.0,14,1,2022-07-06 09:00:54
1657098054511000000,34.95,2,34.95,104,35.0,14,2,2022-07-06 09:00:54
1657098054538094000,35.0,1,34.95,104,35.0,13,1,2022-07-06 09:00:54
1657098054586991000,35.0,1,34.95,109,35.0,13,1,2022-07-06 09:00:54
1657098054708004000,35.0,1,34.95,109,35.0,11,1,2022-07-06 09:00:54
1657098054722552000,35.0,6,34.95,109,35.0,5,1,2022-07-06 09:00:54
1657098054889787000,35.0,5,34.95,109,35.0,1,1,2022-07-06 09:00:54
1657098054940680000,35.0,1,35.0,1,35.05,45,1,2022-07-06 09:00:54
1657098055294435000,35.05,1,35.0,2,35.05,44,1,2022-07-06 09:00:55
1657098055468298000,35.05,2,35.0,4,35.05,42,1,2022-07-06 09:00:55
1657098055487373000,35.05,2,35.0,4,35.05,40,1,2022-07-06 09:00:55
1657098055577702000,35.0,1,35.0,3,35.05,40,2,2022-07-06 09:00:55
1657098055642076000,35.0,4,34.95,108,35.0,6,2,2022-07-06 09:00:55
1657098055703692000,35.0,6,34.95,108,35.05,26,1,2022-07-06 09:00:55
1657098055703692000,35.05,14,34.95,108,35.05,26,1,2022-07-06 09:00:55
1657098055773399000,35.0,1,34.95,109,35.0,1,1,2022-07-06 09:00:55
1657098055778817000,35.0,1,35.0,1,35.05,26,1,2022-07-06 09:00:55
1657098056282938000,35.0,11,35.0,16,35.05,26,2,2022-07-06 09:00:56
1657098056394947000,35.05,1,35.0,21,35.05,25,1,2022-07-06 09:00:56
1657098056427912000,35.05,3,35.0,21,35.05,22,1,2022-07-06 09:00:56
1657098056437395000,35.0,2,35.0,19,35.05,22,2,2022-07-06 09:00:56
1657098057277326000,35.05,2,35.0,33,35.05,20,1,2022-07-06 09:00:57
1657098057286190000,35.0,5,35.0,28,35.05,20,2,2022-07-06 09:00:57
1657098057491654000,35.05,5,35.0,34,35.05,17,1,2022-07-06 09:00:57
1657098057523725000,35.05,1,35.0,34,35.05,16,1,2022-07-06 09:00:57
1657098057841038000,35.05,1,35.0,40,35.05,15,1,2022-07-06 09:00:57
1657098057933851000,35.0,1,35.0,56,35.05,15,2,2022-07-06 09:00:57
1657098058004820000,35.0,10,35.0,50,35.05,15,2,2022-07-06 09:00:58
1657098058226152000,35.0,1,35.0,51,35.05,15,2,2022-07-06 09:00:58
1657098058584858000,35.05,17,35.0,55,35.05,17,1,2022-07-06 09:00:58
1657098058584858000,35.1,8,35.0,55,35.05,17,1,2022-07-06 09:00:58
1657098058713813000,35.1,2,35.0,55,35.1,106,1,2022-07-06 09:00:58
1657098058917427000,35.05,1,35.0,56,35.1,106,2,2022-07-06 09:00:58
1657098059075114000,35.1,6,35.0,67,35.1,106,1,2022-07-06 09:00:59
1657098059175641000,35.05,7,35.05,3,35.1,100,2,2022-07-06 09:00:59
1657098059178461000,35.1,1,35.05,3,35.1,99,1,2022-07-06 09:00:59
1657098059273854000,35.05,3,35.0,66,35.1,99,2,2022-07-06 09:00:59
1657098059273854000,35.0,7,35.0,66,35.1,99,2,2022-07-06 09:00:59
1657098059562204000,35.1,5,35.0,67,35.1,94,1,2022-07-06 09:00:59
1657098060240210000,35.05,1,35.05,10,35.1,102,2,2022-07-06 09:01:00
1657098060287345000,35.05,8,35.05,2,35.1,102,2,2022-07-06 09:01:00
1657098060337095000,35.1,1,35.05,2,35.1,104,1,2022-07-06 09:01:00
1657098060594036000,35.1,1,35.05,8,35.1,105,1,2022-07-06 09:01:00
1657098060716413000,35.05,1,35.05,8,35.1,104,2,2022-07-06 09:01:00
1657098060933065000,35.05,1,35.05,7,35.1,104,2,2022-07-06 09:01:00
1657098061117299000,35.1,2,35.05,7,35.1,102,1,2022-07-06 09:01:01
1657098062015343000,35.05,1,35.05,7,35.1,102,2,2022-07-06 09:01:02
1657098062508319000,35.1,5,35.05,7,35.1,112,1,2022-07-06 09:01:02
1657098062728721000,35.05,1,35.05,6,35.1,107,2,2022-07-06 09:01:02
1657098062866816000,35.1,1,35.05,6,35.1,106,1,2022-07-06 09:01:02
1657098063000737000,35.05,1,35.05,6,35.1,107,2,2022-07-06 09:01:03
1657098063220088000,35.05,5,35.0,158,35.1,106,2,2022-07-06 09:01:03
1657098063417528000,35.05,1,35.0,151,35.1,106,2,2022-07-06 09:01:03
1657098063417528000,35.0,9,35.0,151,35.1,106,2,2022-07-06 09:01:03
1657098063476571000,35.1,2,35.0,151,35.1,104,1,2022-07-06 09:01:03
1657098063513538000,35.1,2,35.0,153,35.1,102,1,2022-07-06 09:01:03
1657098063529250000,35.1,1,35.0,153,35.1,101,1,2022-07-06 09:01:03
1657098063541316000,35.1,5,35.0,153,35.1,96,1,2022-07-06 09:01:03
1657098063548902000,35.1,3,35.0,153,35.1,93,1,2022-07-06 09:01:03
1657098063836769000,35.05,3,35.05,10,35.1,93,2,2022-07-06 09:01:03
1657098063948517000,35.05,1,35.05,9,35.1,93,2,2022-07-06 09:01:03
1657098064128035000,35.05,1,35.05,9,35.1,93,2,2022-07-06 09:01:04
1657098064129046000,35.05,1,35.05,8,35.1,93,2,2022-07-06 09:01:04
1657098064508642000,35.05,14,35.05,14,35.1,93,2,2022-07-06 09:01:04
1657098064783151000,35.05,1,35.0,158,35.05,36,1,2022-07-06 09:01:04
1657098064786176000,35.05,1,35.0,158,35.05,35,1,2022-07-06 09:01:04
1657098064827651000,35.05,1,35.0,158,35.05,34,1,2022-07-06 09:01:04
1657098064836839000,35.05,1,35.0,158,35.05,33,1,2022-07-06 09:01:04
1657098064916056000,35.05,1,35.0,158,35.05,33,1,2022-07-06 09:01:04
1657098065042810000,35.05,1,35.0,158,35.05,33,1,2022-07-06 09:01:05
1657098065141488000,35.05,3,35.0,158,35.05,35,1,2022-07-06 09:01:05
1657098065230392000,35.05,1,35.0,157,35.05,34,1,2022-07-06 09:01:05
1657098065368363000,35.0,2,35.0,153,35.05,115,2,2022-07-06 09:01:05
1657098065407423000,35.0,2,35.0,151,35.05,115,2,2022-07-06 09:01:05
1657098065455684000,35.05,1,35.0,151,35.05,114,1,2022-07-06 09:01:05
1657098065471414000,35.0,6,35.0,146,35.05,114,2,2022-07-06 09:01:05
1657098065719121000,35.05,6,35.0,140,35.05,108,1,2022-07-06 09:01:05
1657098065737557000,35.0,68,35.0,72,35.05,108,2,2022-07-06 09:01:05
1657098065770127000,35.0,7,35.0,70,35.05,108,2,2022-07-06 09:01:05
1657098065799467000,35.05,1,35.0,70,35.05,109,1,2022-07-06 09:01:05
1657098065806232000,35.0,70,34.95,134,35.05,109,2,2022-07-06 09:01:05
1657098065923171000,35.05,2,34.95,133,35.05,107,1,2022-07-06 09:01:05
1657098065977177000,35.05,1,35.0,1,35.05,106,1,2022-07-06 09:01:05
1657098066017976000,35.0,1,34.95,133,35.05,106,2,2022-07-06 09:01:06
1657098066127770000,35.0,1,34.95,133,35.05,106,2,2022-07-06 09:01:06
1657098066303649000,34.95,13,34.95,120,35.0,2,2,2022-07-06 09:01:06
1657098066401984000,35.0,1,34.95,120,35.0,1,1,2022-07-06 09:01:06
1657098066422691000,35.0,1,34.95,120,35.05,108,1,2022-07-06 09:01:06
1657098066422691000,35.05,1,34.95,120,35.05,108,1,2022-07-06 09:01:06
1657098066433708000,35.05,1,34.95,120,35.05,107,1,2022-07-06 09:01:06
1657098066455549000,35.0,1,34.95,120,35.05,107,1,2022-07-06 09:01:06
1657098066499904000,35.05,1,34.95,120,35.05,107,1,2022-07-06 09:01:06
1657098066730229000,35.05,6,34.95,120,35.05,101,1,2022-07-06 09:01:06
1657098066857851000,35.05,10,34.95,130,35.05,91,1,2022-07-06 09:01:06
1657098066954141000,34.95,13,34.95,117,35.05,91,2,2022-07-06 09:01:06
1657098066988470000,35.05,4,34.95,117,35.05,87,1,2022-07-06 09:01:06
1657098067197939000,35.0,1,34.95,117,35.0,4,1,2022-07-06 09:01:07
1657098067250773000,35.0,1,34.95,117,35.0,2,1,2022-07-06 09:01:07
1657098067346193000,35.0,2,34.95,117,35.05,78,1,2022-07-06 09:01:07
1657098067346193000,35.05,8,34.95,117,35.05,78,1,2022-07-06 09:01:07
1657098067445857000,35.05,2,34.95,117,35.05,77,1,2022-07-06 09:01:07
1657098067789955000,35.0,1,34.95,117,35.0,2,1,2022-07-06 09:01:07
1657098068315087000,35.0,1,34.95,117,35.0,4,1,2022-07-06 09:01:08
1657098068443378000,35.0,1,34.95,117,35.0,2,1,2022-07-06 09:01:08
1657098068606433000,35.0,1,34.95,117,35.0,3,1,2022-07-06 09:01:08
1657098068751117000,35.0,2,34.95,117,35.0,4,1,2022-07-06 09:01:08
1657098069162975000,35.0,1,34.95,117,35.0,3,1,2022-07-06 09:01:09
1657098069308503000,35.0,3,34.95,117,35.05,92,1,2022-07-06 09:01:09
1657098069308503000,35.05,2,34.95,117,35.05,92,1,2022-07-06 09:01:09
1657098069510720000,35.05,1,35.0,2,35.05,93,1,2022-07-06 09:01:09
1657098069706835000,35.05,2,35.0,2,35.05,93,1,2022-07-06 09:01:09
1657098069870745000,35.0,2,34.95,117,35.05,98,2,2022-07-06 09:01:09
1657098070007530000,34.95,1,34.95,116,35.05,97,2,2022-07-06 09:01:10
1657098070032776000,35.05,5,34.95,116,35.05,93,1,2022-07-06 09:01:10
1657098070081923000,35.05,5,35.0,1,35.05,93,1,2022-07-06 09:01:10
1657098070348380000,35.05,1,35.0,1,35.05,81,1,2022-07-06 09:01:10
1657098070377375000,35.05,17,35.0,1,35.05,64,1,2022-07-06 09:01:10
1657098070579316000,35.05,1,35.0,1,35.05,63,1,2022-07-06 09:01:10
1657098070798595000,35.05,1,35.0,16,35.05,64,1,2022-07-06 09:01:10
1657098070835629000,35.0,1,35.0,16,35.05,64,2,2022-07-06 09:01:10
1657098071140427000,35.0,1,35.0,15,35.05,65,2,2022-07-06 09:01:11
1657098071421661000,35.05,1,35.0,15,35.05,64,1,2022-07-06 09:01:11
1657098071432608000,35.05,1,35.0,15,35.05,63,1,2022-07-06 09:01:11
1657098071673495000,35.05,8,35.0,15,35.05,55,1,2022-07-06 09:01:11
1657098072091783000,35.0,1,35.0,38,35.05,57,2,2022-07-06 09:01:12
1657098072417494000,35.05,1,35.0,40,35.05,58,1,2022-07-06 09:01:12
1657098072419305000,35.0,3,35.0,37,35.05,58,2,2022-07-06 09:01:12
1657098072588983000,35.0,2,35.0,35,35.05,59,2,2022-07-06 09:01:12
1657098072695248000,35.05,1,35.0,35,35.05,61,1,2022-07-06 09:01:12
1657098072821071000,35.05,2,35.0,35,35.05,59,1,2022-07-06 09:01:12
1657098072868511000,35.0,1,35.0,34,35.05,57,2,2022-07-06 09:01:12
1657098072920880000,35.0,1,35.0,35,35.05,60,2,2022-07-06 09:01:12
1657098073021497000,35.05,1,35.0,35,35.05,68,1,2022-07-06 09:01:13
1657098073052293000,35.0,2,35.0,33,35.05,66,2,2022-07-06 09:01:13
1657098073455365000,35.05,20,35.0,38,35.05,51,1,2022-07-06 09:01:13
1657098073530938000,35.05,20,35.0,38,35.05,28,1,2022-07-06 09:01:13
1657098073773097000,35.0,1,35.0,38,35.05,29,2,2022-07-06 09:01:13
1657098073794905000,35.05,10,35.0,38,35.05,19,1,2022-07-06 09:01:13
1657098073857628000,35.0,5,35.0,35,35.05,19,2,2022-07-06 09:01:13
1657098073898015000,35.0,1,35.0,38,35.05,19,2,2022-07-06 09:01:13
1657098073920994000,35.05,3,35.0,38,35.05,16,1,2022-07-06 09:01:13
1657098074386664000,35.05,1,35.0,52,35.05,16,1,2022-07-06 09:01:14
1657098074435651000,35.05,10,35.0,52,35.05,6,1,2022-07-06 09:01:14
1657098075035198000,35.05,10,35.0,71,35.05,99,1,2022-07-06 09:01:15
1657098075042267000,35.0,1,35.0,70,35.05,99,2,2022-07-06 09:01:15
1657098075244521000,35.05,4,35.0,70,35.05,96,1,2022-07-06 09:01:15
1657098075259048000,35.05,5,35.0,70,35.05,91,1,2022-07-06 09:01:15
1657098075327027000,35.0,1,35.0,71,35.05,90,2,2022-07-06 09:01:15
1657098075335812000,35.05,1,35.0,71,35.05,89,1,2022-07-06 09:01:15
1657098075546397000,35.05,2,35.0,77,35.05,89,1,2022-07-06 09:01:15
1657098075597015000,35.05,1,35.0,78,35.05,88,1,2022-07-06 09:01:15
1657098075602020000,35.05,1,35.0,78,35.05,87,1,2022-07-06 09:01:15
1657098075602100000,35.05,1,35.0,78,35.05,89,1,2022-07-06 09:01:15
1657098075775960000,35.05,2,35.0,79,35.05,84,1,2022-07-06 09:01:15
1657098075776962000,35.0,1,35.0,78,35.05,84,2,2022-07-06 09:01:15
1657098076019820000,35.05,3,35.0,78,35.05,86,1,2022-07-06 09:01:16
1657098076319189000,35.05,1,35.0,80,35.05,83,1,2022-07-06 09:01:16
1657098076383286000,35.05,3,35.0,80,35.05,81,1,2022-07-06 09:01:16
1657098076458014000,35.05,8,35.0,80,35.05,74,1,2022-07-06 09:01:16
1657098076478676000,35.05,20,35.0,80,35.05,55,1,2022-07-06 09:01:16
1657098076774524000,35.0,2,35.0,83,35.05,54,2,2022-07-06 09:01:16
1657098076790232000,35.05,1,35.0,83,35.05,53,1,2022-07-06 09:01:16
1657098076808399000,35.0,1,35.0,82,35.05,55,2,2022-07-06 09:01:16
1657098077388413000,35.05,1,35.0,82,35.05,74,1,2022-07-06 09:01:17
1657098077396153000,35.0,10,35.0,72,35.05,74,2,2022-07-06 09:01:17
1657098077433808000,35.0,1,35.0,72,35.05,74,2,2022-07-06 09:01:17
1657098077435829000,35.0,1,35.0,71,35.05,74,2,2022-07-06 09:01:17
1657098077437488000,35.0,1,35.0,70,35.05,74,2,2022-07-06 09:01:17
1657098077455657000,35.0,1,35.0,69,35.05,74,2,2022-07-06 09:01:17
1657098077497938000,35.05,1,35.0,69,35.05,76,1,2022-07-06 09:01:17
1657098077622866000,35.05,5,35.0,69,35.05,73,1,2022-07-06 09:01:17
1657098078220051000,35.05,10,35.0,89,35.05,59,1,2022-07-06 09:01:18
1657098078573128000,35.0,50,35.0,43,35.05,70,2,2022-07-06 09:01:18
1657098078577691000,35.05,1,35.0,43,35.05,69,1,2022-07-06 09:01:18
1657098078618498000,35.0,1,35.0,42,35.05,70,2,2022-07-06 09:01:18
1657098078625657000,35.0,1,35.0,41,35.05,70,2,2022-07-06 09:01:18
1657098078632629000,35.0,1,35.0,43,35.05,70,2,2022-07-06 09:01:18
1657098078646468000,35.0,1,35.0,39,35.05,70,2,2022-07-06 09:01:18
1657098078999508000,35.0,39,34.95,65,35.0,8,2,2022-07-06 09:01:18
1657098079034703000,34.95,1,34.95,63,35.0,8,2,2022-07-06 09:01:19
1657098079036596000,34.95,1,34.95,62,35.0,8,2,2022-07-06 09:01:19
1657098079071110000,35.0,9,35.0,1,35.05,70,1,2022-07-06 09:01:19
1657098079107258000,35.05,1,35.0,1,35.05,70,1,2022-07-06 09:01:19
1657098079266719000,35.0,1,34.95,53,35.0,2,2,2022-07-06 09:01:19
1657098079330006000,35.0,4,35.0,6,35.05,70,1,2022-07-06 09:01:19
1657098079495063000,35.05,2,35.0,7,35.05,68,1,2022-07-06 09:01:19
1657098079560872000,35.0,1,35.0,7,35.05,68,2,2022-07-06 09:01:19
1657098079641743000,35.0,1,35.0,6,35.05,69,2,2022-07-06 09:01:19
1657098079656633000,35.0,1,35.0,5,35.05,69,2,2022-07-06 09:01:19
1657098079876661000,35.05,5,35.0,7,35.05,67,1,2022-07-06 09:01:19
1657098080375650000,35.05,2,35.0,9,35.05,66,1,2022-07-06 09:01:20
1657098080400092000,35.0,1,35.0,10,35.05,66,2,2022-07-06 09:01:20
1657098080482633000,35.05,5,35.0,10,35.05,61,1,2022-07-06 09:01:20
1657098080535222000,35.05,1,35.0,10,35.05,60,1,2022-07-06 09:01:20
1657098080575557000,35.05,1,35.0,10,35.05,59,1,2022-07-06 09:01:20
1657098080621116000,35.05,5,35.0,11,35.05,66,1,2022-07-06 09:01:20
1657098080676767000,35.05,1,35.0,10,35.05,53,1,2022-07-06 09:01:20
1657098081345232000,35.05,1,35.0,13,35.05,53,1,2022-07-06 09:01:21
1657098081353330000,35.05,2,35.0,13,35.05,51,1,2022-07-06 09:01:21
1657098081374754000,35.0,2,35.0,11,35.05,51,2,2022-07-06 09:01:21
1657098081405855000,35.0,1,35.0,10,35.05,51,2,2022-07-06 09:01:21
1657098081668170000,35.0,1,35.0,9,35.05,52,2,2022-07-06 09:01:21
1657098081748256000,35.0,1,35.0,8,35.05,52,2,2022-07-06 09:01:21
1657098081784498000,35.0,8,34.95,6,35.05,52,2,2022-07-06 09:01:21
1657098081784498000,34.95,52,34.95,6,35.05,52,2,2022-07-06 09:01:21
1657098081851176000,35.0,6,35.0,24,35.05,52,1,2022-07-06 09:01:21
1657098081855229000,35.0,1,35.0,23,35.05,52,2,2022-07-06 09:01:21
1657098081858035000,35.0,4,35.0,19,35.05,52,2,2022-07-06 09:01:21
1657098081891344000,35.0,19,34.95,5,35.05,52,2,2022-07-06 09:01:21
1657098082045306000,35.0,1,34.95,5,35.0,2,1,2022-07-06 09:01:22
1657098082496579000,35.0,1,34.95,5,35.0,6,1,2022-07-06 09:01:22
1657098082511738000,34.95,1,34.95,4,35.0,6,2,2022-07-06 09:01:22
1657098082530132000,35.0,2,34.95,5,35.0,4,1,2022-07-06 09:01:22
1657098082846792000,35.0,1,34.95,5,35.0,3,1,2022-07-06 09:01:22
1657098082873266000,35.0,1,34.95,5,35.0,2,1,2022-07-06 09:01:22
1657098082915128000,35.0,2,34.95,6,35.05,59,1,2022-07-06 09:01:22
1657098083234995000,35.0,1,34.95,6,35.05,63,2,2022-07-06 09:01:23
1657098083370800000,35.0,5,34.95,5,35.0,5,2,2022-07-06 09:01:23
1657098083405718000,35.0,2,34.95,5,35.0,3,1,2022-07-06 09:01:23
1657098083719907000,35.0,1,34.95,5,35.0,3,1,2022-07-06 09:01:23
1657098084273062000,35.0,1,34.95,5,35.0,37,1,2022-07-06 09:01:24
1657098084398340000,35.0,1,34.95,5,35.0,36,1,2022-07-06 09:01:24
1657098084461029000,35.0,2,34.95,5,35.0,34,1,2022-07-06 09:01:24
1657098084653597000,35.0,1,34.95,5,35.0,34,1,2022-07-06 09:01:24
1657098084913437000,35.0,1,34.95,5,35.0,93,1,2022-07-06 09:01:24
1657098084953009000,34.95,1,34.95,4,35.0,93,2,2022-07-06 09:01:24
1657098085015441000,34.95,4,34.9,64,35.0,93,2,2022-07-06 09:01:25
1657098085015441000,34.9,1,34.9,64,35.0,93,2,2022-07-06 09:01:25
1657098085096369000,34.95,1,34.9,71,34.95,1,1,2022-07-06 09:01:25
1657098085096369000,35.0,1,34.9,71,34.95,1,1,2022-07-06 09:01:25
1657098085477817000,35.0,2,34.9,71,35.0,95,1,2022-07-06 09:01:25
1657098085479333000,35.0,1,34.9,71,35.0,94,1,2022-07-06 09:01:25
1657098085570619000,35.0,1,34.9,71,35.0,113,1,2022-07-06 09:01:25
1657098085694347000,35.0,1,34.9,71,35.0,114,1,2022-07-06 09:01:25
1657098085821102000,35.0,1,34.9,71,35.0,114,1,2022-07-06 09:01:25
1657098085867200000,35.0,1,34.9,71,35.0,113,1,2022-07-06 09:01:25
1657098085917299000,35.0,2,34.9,71,35.0,112,1,2022-07-06 09:01:25
1657098086650639000,35.0,1,34.9,71,35.0,119,1,2022-07-06 09:01:26
1657098086677126000,34.9,23,34.9,48,35.0,119,2,2022-07-06 09:01:26
1657098087038339000,34.9,2,34.9,38,34.95,3,2,2022-07-06 09:01:27
1657098087243894000,34.95,4,34.95,26,35.0,121,1,2022-07-06 09:01:27
1657098087927974000,35.0,1,34.95,26,35.0,124,1,2022-07-06 09:01:27
1657098087936910000,34.95,1,34.95,25,35.0,124,2,2022-07-06 09:01:27
1657098087964233000,34.95,25,34.9,38,35.0,124,2,2022-07-06 09:01:27
1657098088082839000,34.95,1,34.9,37,34.95,1,1,2022-07-06 09:01:28
1657098088389472000,35.0,5,34.95,1,35.0,120,1,2022-07-06 09:01:28
1657098088632910000,34.95,1,34.9,37,35.0,120,2,2022-07-06 09:01:28
1657098089335844000,34.95,11,34.9,37,35.0,140,1,2022-07-06 09:01:29
1657098091064671000,34.95,1,34.9,48,34.95,92,1,2022-07-06 09:01:31
1657098091367442000,34.95,1,34.9,49,34.95,114,1,2022-07-06 09:01:31
1657098091491298000,34.95,5,34.9,49,34.95,112,1,2022-07-06 09:01:31
1657098092030378000,34.95,5,34.9,51,34.95,115,1,2022-07-06 09:01:32
1657098092431034000,34.9,1,34.9,50,34.95,112,2,2022-07-06 09:01:32
1657098092631023000,34.9,7,34.9,43,34.95,114,2,2022-07-06 09:01:32
1657098092633694000,34.9,1,34.9,43,34.95,114,2,2022-07-06 09:01:32
1657098092669290000,34.9,1,34.9,41,34.95,114,2,2022-07-06 09:01:32
1657098092669907000,34.9,1,34.9,40,34.95,114,2,2022-07-06 09:01:32
1657098092712316000,34.9,1,34.9,40,34.95,114,2,2022-07-06 09:01:32
1657098092793451000,34.9,1,34.9,39,34.95,114,2,2022-07-06 09:01:32
1657098092805588000,34.95,1,34.9,39,34.95,113,1,2022-07-06 09:01:32
1657098093009507000,34.9,1,34.9,39,34.95,113,2,2022-07-06 09:01:33
1657098093243214000,34.9,3,34.9,35,34.95,113,2,2022-07-06 09:01:33
1657098093273616000,34.9,3,34.9,32,34.95,113,2,2022-07-06 09:01:33
1657098093277127000,34.9,1,34.9,31,34.95,113,2,2022-07-06 09:01:33
1657098093304152000,34.9,1,34.9,30,34.95,113,2,2022-07-06 09:01:33
1657098093308516000,34.9,1,34.9,29,34.95,113,2,2022-07-06 09:01:33
1657098093969876000,34.9,1,34.9,29,34.95,118,2,2022-07-06 09:01:33
1657098094171673000,34.95,1,34.9,30,34.95,117,1,2022-07-06 09:01:34
1657098094248647000,34.9,5,34.9,25,34.95,117,2,2022-07-06 09:01:34
1657098094293521000,34.9,1,34.9,24,34.95,117,2,2022-07-06 09:01:34
1657098094293666000,34.9,1,34.9,23,34.95,117,2,2022-07-06 09:01:34
1657098094319441000,34.9,1,34.9,22,34.95,117,2,2022-07-06 09:01:34
1657098094354497000,34.9,22,34.85,49,34.95,118,2,2022-07-06 09:01:34
1657098094857135000,34.9,1,34.85,56,34.9,19,1,2022-07-06 09:01:34
1657098094920753000,34.9,3,34.85,53,34.9,16,1,2022-07-06 09:01:34
1657098095155949000,34.9,1,34.85,57,34.9,56,1,2022-07-06 09:01:35
1657098095695807000,34.9,5,34.85,57,34.9,50,1,2022-07-06 09:01:35
1657098095718195000,34.9,28,34.85,57,34.9,22,1,2022-07-06 09:01:35
1657098095756434000,34.85,1,34.85,49,34.9,22,2,2022-07-06 09:01:35
1657098095811067000,34.9,1,34.85,49,34.9,21,1,2022-07-06 09:01:35
1657098095894941000,34.85,1,34.85,48,34.9,21,2,2022-07-06 09:01:35
1657098095925251000,34.85,1,34.85,47,34.9,21,2,2022-07-06 09:01:35
1657098095925307000,34.85,1,34.85,46,34.9,21,2,2022-07-06 09:01:35
1657098096228276000,34.9,1,34.85,46,34.9,33,1,2022-07-06 09:01:36
1657098096298439000,34.9,1,34.85,46,34.9,32,1,2022-07-06 09:01:36
1657098096366777000,34.85,3,34.85,43,34.9,32,2,2022-07-06 09:01:36
1657098096725718000,34.85,10,34.85,33,34.9,35,2,2022-07-06 09:01:36
1657098096746103000,34.85,1,34.85,32,34.9,35,2,2022-07-06 09:01:36
1657098096803761000,34.9,1,34.85,32,34.9,34,1,2022-07-06 09:01:36
1657098097140281000,34.85,1,34.85,31,34.9,54,2,2022-07-06 09:01:37
1657098097331224000,34.9,2,34.85,30,34.9,52,1,2022-07-06 09:01:37
1657098098495728000,34.85,1,34.85,29,34.9,65,2,2022-07-06 09:01:38
1657098098516265000,34.9,5,34.85,30,34.9,65,1,2022-07-06 09:01:38
1657098099236575000,34.9,2,34.85,28,34.9,58,1,2022-07-06 09:01:39
1657098099384229000,34.85,2,34.85,27,34.9,58,2,2022-07-06 09:01:39
1657098099563519000,34.85,27,34.8,116,34.9,60,2,2022-07-06 09:01:39
1657098099569174000,34.9,1,34.8,116,34.9,59,1,2022-07-06 09:01:39
1657098099603293000,34.8,90,34.8,26,34.9,59,2,2022-07-06 09:01:39
1657098099622796000,34.8,26,34.75,74,34.85,4,2,2022-07-06 09:01:39
1657098100163796000,34.75,4,34.75,70,34.85,9,2,2022-07-06 09:01:40
1657098100591126000,34.75,1,34.75,70,34.85,10,2,2022-07-06 09:01:40
1657098100953942000,34.75,1,34.75,77,34.85,10,2,2022-07-06 09:01:40
1657098101537304000,34.75,1,34.75,76,34.85,10,2,2022-07-06 09:01:41
1657098101667220000,34.75,1,34.75,74,34.85,10,2,2022-07-06 09:01:41
1657098101773041000,34.75,3,34.75,71,34.85,10,2,2022-07-06 09:01:41
1657098102050275000,34.85,2,34.75,71,34.85,8,1,2022-07-06 09:01:42
1657098102134433000,34.85,2,34.75,71,34.85,10,1,2022-07-06 09:01:42
1657098102237690000,34.75,2,34.75,69,34.85,6,2,2022-07-06 09:01:42
1657098102769424000,34.8,2,34.75,60,34.8,8,1,2022-07-06 09:01:42
1657098103041044000,34.75,1,34.75,59,34.8,8,2,2022-07-06 09:01:43
1657098103115418000,34.8,5,34.75,59,34.8,8,1,2022-07-06 09:01:43
1657098103264696000,34.75,4,34.75,55,34.8,3,2,2022-07-06 09:01:43
1657098103649362000,34.75,1,34.75,55,34.8,5,2,2022-07-06 09:01:43
1657098103984939000,34.75,3,34.75,51,34.8,5,2,2022-07-06 09:01:43
1657098104104485000,34.8,1,34.75,54,34.8,5,1,2022-07-06 09:01:44
1657098104228943000,34.75,3,34.75,48,34.8,4,2,2022-07-06 09:01:44
1657098104229579000,34.75,1,34.75,47,34.8,4,2,2022-07-06 09:01:44
1657098104684736000,34.75,1,34.75,47,34.8,4,2,2022-07-06 09:01:44
1657098104822557000,34.75,1,34.75,46,34.8,4,2,2022-07-06 09:01:44
1657098105035276000,34.75,46,34.7,18,34.8,8,2,2022-07-06 09:01:45
1657098105688891000,34.75,1,34.7,17,34.75,1,1,2022-07-06 09:01:45
1657098106064223000,34.75,1,34.7,17,34.8,10,1,2022-07-06 09:01:46
1657098106130247000,34.7,3,34.7,14,34.8,10,2,2022-07-06 09:01:46
1657098106163055000,34.7,14,34.65,5,34.8,11,2,2022-07-06 09:01:46
1657098106304399000,34.75,1,34.65,4,34.75,3,1,2022-07-06 09:01:46
1657098106335765000,34.75,4,34.65,4,34.8,12,1,2022-07-06 09:01:46
1657098106335765000,34.8,1,34.65,4,34.8,12,1,2022-07-06 09:01:46
1657098106576574000,34.8,1,34.65,4,34.8,9,1,2022-07-06 09:01:46
1657098106638590000,34.65,1,34.65,5,34.75,1,2,2022-07-06 09:01:46
1657098106834808000,34.75,1,34.65,4,34.8,9,1,2022-07-06 09:01:46
1657098106891903000,34.65,1,34.65,3,34.8,9,2,2022-07-06 09:01:46
1657098106989794000,34.65,3,34.5,60,34.8,9,2,2022-07-06 09:01:46
1657098106989794000,34.6,18,34.5,60,34.8,9,2,2022-07-06 09:01:46
1657098106989794000,34.55,21,34.5,60,34.8,9,2,2022-07-06 09:01:46
1657098106989794000,34.5,1,34.5,60,34.8,9,2,2022-07-06 09:01:46
1657098107022142000,34.75,1,34.55,7,34.75,7,1,2022-07-06 09:01:47
1657098107031895000,34.55,1,34.55,6,34.75,8,2,2022-07-06 09:01:47
1657098107033288000,34.55,1,34.55,5,34.75,8,2,2022-07-06 09:01:47
1657098107145841000,34.65,1,34.6,1,34.65,1,1,2022-07-06 09:01:47
1657098107283078000,34.6,1,34.55,4,34.7,2,2,2022-07-06 09:01:47
1657098107283078000,34.55,3,34.55,4,34.7,2,2,2022-07-06 09:01:47
1657098107503379000,34.55,1,34.55,2,34.7,2,2,2022-07-06 09:01:47
1657098107588674000,34.55,1,34.55,1,34.7,2,2,2022-07-06 09:01:47
1657098107607886000,34.7,1,34.55,1,34.7,1,1,2022-07-06 09:01:47
1657098107620467000,34.55,1,34.5,60,34.7,1,2,2022-07-06 09:01:47
1657098108084782000,34.6,1,34.55,9,34.7,2,2,2022-07-06 09:01:48
1657098108304297000,34.55,9,34.5,55,34.7,2,2,2022-07-06 09:01:48
1657098108304297000,34.5,5,34.5,55,34.7,2,2,2022-07-06 09:01:48
1657098108324359000,34.5,1,34.5,54,34.7,2,2,2022-07-06 09:01:48
1657098108349821000,34.65,1,34.55,1,34.7,15,1,2022-07-06 09:01:48
1657098111134044000,34.6,1,34.6,1,34.65,1,2,2022-07-06 09:01:51
1657098111252329000,34.6,1,34.55,4,34.65,1,2,2022-07-06 09:01:51
1657098111252329000,34.55,1,34.55,4,34.65,1,2,2022-07-06 09:01:51
1657098111969511000,34.55,2,34.55,3,34.65,5,2,2022-07-06 09:01:51
1657098112219951000,34.55,2,34.55,2,34.65,9,2,2022-07-06 09:01:52
1657098112559545000,34.55,1,34.55,1,34.65,9,2,2022-07-06 09:01:52
1657098112952993000,34.55,1,34.5,53,34.65,9,2,2022-07-06 09:01:52
1657098113210683000,34.6,1,34.5,52,34.7,3,1,2022-07-06 09:01:53
1657098113210683000,34.65,9,34.5,52,34.7,3,1,2022-07-06 09:01:53
1657098113971784000,34.6,1,34.6,16,34.7,3,2,2022-07-06 09:01:53
1657098114044581000,34.6,1,34.6,15,34.7,3,2,2022-07-06 09:01:54
1657098114758592000,34.6,3,34.6,12,34.65,1,2,2022-07-06 09:01:54
1657098114965085000,34.6,2,34.6,12,34.65,11,2,2022-07-06 09:01:54
1657098115424867000,34.6,5,34.6,5,34.65,11,2,2022-07-06 09:01:55
1657098115956420000,34.55,4,34.55,11,34.65,15,2,2022-07-06 09:01:55
1657098116051976000,34.6,1,34.55,11,34.65,15,1,2022-07-06 09:01:56
1657098117395705000,34.6,1,34.55,12,34.6,2,1,2022-07-06 09:01:57
1657098117473086000,34.6,2,34.55,13,34.65,15,1,2022-07-06 09:01:57
1657098117552871000,34.55,1,34.55,12,34.65,15,2,2022-07-06 09:01:57
1657098117631500000,34.65,1,34.55,12,34.65,16,1,2022-07-06 09:01:57
1657098117826196000,34.55,10,34.55,4,34.65,15,2,2022-07-06 09:01:57
1657098118476918000,34.6,1,34.55,5,34.6,2,1,2022-07-06 09:01:58
1657098118808635000,34.6,1,34.55,5,34.6,12,1,2022-07-06 09:01:58
1657098119280260000,34.55,5,34.55,1,34.6,12,2,2022-07-06 09:01:59
1657098119304231000,34.55,1,34.5,70,34.6,12,2,2022-07-06 09:01:59
1657098120129750000,34.55,2,34.5,68,34.6,13,2,2022-07-06 09:02:00
1657098120237953000,34.6,5,34.5,68,34.6,9,1,2022-07-06 09:02:00
1657098120296040000,34.6,8,34.55,30,34.65,18,1,2022-07-06 09:02:00
1657098120318815000,34.6,1,34.6,8,34.65,18,2,2022-07-06 09:02:00
1657098120355381000,34.6,5,34.6,3,34.65,18,2,2022-07-06 09:02:00
1657098120383630000,34.6,1,34.6,2,34.65,18,2,2022-07-06 09:02:00
1657098120490584000,34.6,2,34.55,53,34.65,48,2,2022-07-06 09:02:00
1657098120490584000,34.55,8,34.55,53,34.65,48,2,2022-07-06 09:02:00
1657098120646207000,34.6,10,34.55,59,34.6,10,1,2022-07-06 09:02:00
1657098120735048000,34.55,4,34.55,55,34.6,1,2,2022-07-06 09:02:00
1657098120816866000,34.55,1,34.55,54,34.6,2,2,2022-07-06 09:02:00
1657098121221054000,34.55,3,34.55,55,34.6,1,2,2022-07-06 09:02:01
1657098121289917000,34.55,1,34.55,54,34.6,3,2,2022-07-06 09:02:01
1657098121429657000,34.55,1,34.55,53,34.6,3,2,2022-07-06 09:02:01
1657098122013383000,34.55,3,34.55,59,34.6,3,2,2022-07-06 09:02:02
1657098122176907000,34.6,1,34.55,56,34.6,2,1,2022-07-06 09:02:02
1657098122633427000,34.55,1,34.55,56,34.6,2,2,2022-07-06 09:02:02
1657098122765866000,34.6,1,34.55,57,34.65,47,1,2022-07-06 09:02:02
1657098123182853000,34.65,2,34.55,57,34.65,45,1,2022-07-06 09:02:03
1657098123244891000,34.6,1,34.55,59,34.65,45,1,2022-07-06 09:02:03
1657098123438938000,34.6,5,34.55,58,34.6,1,1,2022-07-06 09:02:03
1657098123465787000,34.6,1,34.55,59,34.65,47,1,2022-07-06 09:02:03
1657098123657547000,34.6,2,34.6,3,34.65,47,2,2022-07-06 09:02:03
1657098123699114000,34.6,1,34.55,56,34.65,47,2,2022-07-06 09:02:03
1657098123699114000,34.55,4,34.55,56,34.65,47,2,2022-07-06 09:02:03
1657098123701563000,34.55,1,34.55,55,34.65,47,2,2022-07-06 09:02:03
1657098123761728000,34.6,1,34.55,56,34.65,47,1,2022-07-06 09:02:03
1657098123777007000,34.55,1,34.55,55,34.65,47,2,2022-07-06 09:02:03
1657098123787215000,34.55,1,34.55,54,34.65,47,2,2022-07-06 09:02:03
1657098123852334000,34.55,1,34.55,53,34.6,5,2,2022-07-06 09:02:03
1657098123874660000,34.6,5,34.55,52,34.65,47,1,2022-07-06 09:02:03
1657098123951748000,34.6,1,34.55,53,34.65,47,1,2022-07-06 09:02:03
1657098124385207000,34.55,10,34.55,46,34.65,48,2,2022-07-06 09:02:04
1657098124642249000,34.65,1,34.55,46,34.65,47,1,2022-07-06 09:02:04
1657098124781269000,34.55,2,34.55,44,34.65,47,2,2022-07-06 09:02:04
1657098124880001000,34.6,2,34.55,44,34.6,1,1,2022-07-06 09:02:04
1657098125182427000,34.6,2,34.6,8,34.65,46,1,2022-07-06 09:02:05
1657098125185729000,34.6,2,34.6,6,34.65,46,2,2022-07-06 09:02:05
1657098125575484000,34.6,1,34.6,5,34.65,47,2,2022-07-06 09:02:05
1657098125826657000,34.6,1,34.6,5,34.65,47,2,2022-07-06 09:02:05
1657098126623291000,34.6,2,34.6,5,34.65,47,2,2022-07-06 09:02:06
1657098126686466000,34.6,1,34.6,7,34.65,47,2,2022-07-06 09:02:06
1657098126878856000,34.6,1,34.6,5,34.65,47,2,2022-07-06 09:02:06
1657098127220056000,34.65,20,34.6,4,34.65,27,1,2022-07-06 09:02:07
1657098127302094000,34.6,1,34.6,3,34.65,26,2,2022-07-06 09:02:07
1657098127320851000,34.6,1,34.6,2,34.65,27,2,2022-07-06 09:02:07
1657098127350833000,34.6,1,34.6,1,34.65,27,2,2022-07-06 09:02:07
1657098127484275000,34.6,1,34.55,85,34.65,27,2,2022-07-06 09:02:07
1657098127554464000,34.6,1,34.6,1,34.65,26,2,2022-07-06 09:02:07
1657098127861191000,34.6,1,34.6,1,34.65,29,2,2022-07-06 09:02:07
1657098128182333000,34.6,3,34.55,88,34.65,29,2,2022-07-06 09:02:08
1657098128200128000,34.55,1,34.55,87,34.65,29,2,2022-07-06 09:02:08
1657098128268027000,34.6,1,34.55,87,34.65,28,1,2022-07-06 09:02:08
1657098128345304000,34.6,1,34.55,86,34.65,28,1,2022-07-06 09:02:08
1657098128674334000,34.6,1,34.6,3,34.65,31,2,2022-07-06 09:02:08
1657098129164876000,34.6,2,34.6,3,34.65,31,2,2022-07-06 09:02:09
1657098129198693000,34.6,1,34.55,91,34.65,31,2,2022-07-06 09:02:09
1657098129459399000,34.65,1,34.55,91,34.65,29,1,2022-07-06 09:02:09
1657098129599792000,34.6,1,34.6,1,34.65,29,2,2022-07-06 09:02:09
1657098130227676000,34.6,1,34.55,90,34.6,46,1,2022-07-06 09:02:10
1657098130384501000,34.6,1,34.55,90,34.6,45,1,2022-07-06 09:02:10
1657098130838197000,34.55,5,34.55,85,34.6,47,2,2022-07-06 09:02:10
1657098130869237000,34.55,1,34.55,84,34.6,47,2,2022-07-06 09:02:10
1657098130869748000,34.6,1,34.55,84,34.6,46,1,2022-07-06 09:02:10
1657098131195589000,34.6,1,34.55,84,34.6,51,1,2022-07-06 09:02:11
1657098131232780000,34.55,1,34.55,83,34.6,51,2,2022-07-06 09:02:11
1657098131695521000,34.6,3,34.55,89,34.6,48,1,2022-07-06 09:02:11
1657098132228695000,34.6,1,34.55,59,34.6,48,1,2022-07-06 09:02:12
1657098132259235000,34.55,1,34.55,58,34.6,48,2,2022-07-06 09:02:12
1657098132675608000,34.6,1,34.55,58,34.6,49,1,2022-07-06 09:02:12
1657098133479659000,34.6,2,34.55,58,34.6,53,1,2022-07-06 09:02:13
1657098133589435000,34.6,1,34.55,58,34.6,52,1,2022-07-06 09:02:13
1657098134530243000,34.6,2,34.55,60,34.6,52,1,2022-07-06 09:02:14
1657098134639662000,34.6,10,34.55,60,34.6,54,1,2022-07-06 09:02:14
1657098134783783000,34.55,1,34.55,59,34.6,42,2,2022-07-06 09:02:14
1657098134930828000,34.6,1,34.55,59,34.6,41,1,2022-07-06 09:02:14
1657098135012761000,34.55,2,34.55,57,34.6,41,2,2022-07-06 09:02:15
1657098135557852000,34.6,1,34.55,57,34.6,44,1,2022-07-06 09:02:15
1657098135897879000,34.6,2,34.55,58,34.6,42,1,2022-07-06 09:02:15
1657098137070668000,34.6,4,34.55,59,34.6,31,1,2022-07-06 09:02:17
1657098137487643000,34.55,1,34.55,58,34.6,29,2,2022-07-06 09:02:17
1657098137622140000,34.55,2,34.55,56,34.6,29,2,2022-07-06 09:02:17
1657098138106585000,34.6,1,34.55,56,34.6,30,1,2022-07-06 09:02:18
1657098138546251000,34.6,1,34.55,57,34.6,30,1,2022-07-06 09:02:18
1657098138797315000,34.6,1,34.55,57,34.6,27,1,2022-07-06 09:02:18
1657098138821452000,34.6,5,34.55,57,34.6,22,1,2022-07-06 09:02:18
1657098139422367000,34.6,4,34.55,58,34.6,27,1,2022-07-06 09:02:19
1657098139923547000,34.55,1,34.55,57,34.6,23,2,2022-07-06 09:02:19
1657098140013277000,34.6,1,34.55,87,34.6,22,1,2022-07-06 09:02:20
1657098140026171000,34.6,22,34.55,87,34.65,32,1,2022-07-06 09:02:20
1657098140548298000,34.55,5,34.55,84,34.65,34,2,2022-07-06 09:02:20
1657098141134460000,34.55,10,34.55,76,34.6,4,2,2022-07-06 09:02:21
1657098141169364000,34.55,1,34.55,75,34.6,5,2,2022-07-06 09:02:21
1657098141272269000,34.6,1,34.55,76,34.6,4,1,2022-07-06 09:02:21
1657098141975760000,34.6,1,34.55,80,34.6,25,1,2022-07-06 09:02:21
1657098141991252000,34.6,3,34.55,80,34.6,22,1,2022-07-06 09:02:21
1657098142143569000,34.6,1,34.55,81,34.6,22,1,2022-07-06 09:02:22
1657098142468075000,34.6,1,34.55,84,34.6,19,1,2022-07-06 09:02:22
1657098142616086000,34.6,1,34.55,84,34.6,19,1,2022-07-06 09:02:22
1657098142916552000,34.6,1,34.55,94,34.6,20,1,2022-07-06 09:02:22
1657098143011013000,34.55,5,34.55,89,34.6,20,2,2022-07-06 09:02:23
1657098143067232000,34.6,1,34.55,89,34.6,21,1,2022-07-06 09:02:23
1657098143477473000,34.6,1,34.55,90,34.6,19,1,2022-07-06 09:02:23
1657098143644608000,34.55,1,34.55,90,34.6,22,2,2022-07-06 09:02:23
1657098144137580000,34.6,1,34.55,89,34.6,24,1,2022-07-06 09:02:24
1657098144894511000,34.6,1,34.55,96,34.6,24,1,2022-07-06 09:02:24
1657098144912964000,34.6,1,34.55,96,34.6,23,1,2022-07-06 09:02:24
1657098145060218000,34.6,15,34.55,96,34.6,6,1,2022-07-06 09:02:25
1657098145729029000,34.55,1,34.55,95,34.6,6,2,2022-07-06 09:02:25
1657098145997700000,34.6,1,34.55,96,34.6,5,1,2022-07-06 09:02:25
1657098146002687000,34.6,1,34.55,96,34.6,4,1,2022-07-06 09:02:26
1657098146022027000,34.6,4,34.55,96,34.65,32,1,2022-07-06 09:02:26
1657098146171749000,34.6,2,34.6,5,34.65,39,2,2022-07-06 09:02:26
1657098146558537000,34.6,2,34.6,9,34.65,39,2,2022-07-06 09:02:26
1657098146981795000,34.6,3,34.6,5,34.65,36,2,2022-07-06 09:02:26
1657098147130761000,34.65,1,34.6,9,34.65,35,1,2022-07-06 09:02:27
1657098148165735000,34.6,1,34.6,13,34.65,37,2,2022-07-06 09:02:28
1657098148191413000,34.65,2,34.6,12,34.65,35,1,2022-07-06 09:02:28
1657098148450159000,34.6,1,34.6,13,34.65,35,2,2022-07-06 09:02:28
1657098148545186000,34.6,1,34.6,12,34.65,35,2,2022-07-06 09:02:28
1657098148670196000,34.6,1,34.6,12,34.65,35,2,2022-07-06 09:02:28
1657098148909074000,34.65,1,34.6,11,34.65,34,1,2022-07-06 09:02:28
1657098149735668000,34.6,1,34.6,18,34.65,34,2,2022-07-06 09:02:29
1657098150038217000,34.6,1,34.6,18,34.65,35,2,2022-07-06 09:02:30
1657098150977501000,34.65,1,34.6,21,34.65,34,1,2022-07-06 09:02:30
1657098151799194000,34.6,1,34.6,24,34.65,35,2,2022-07-06 09:02:31
1657098152038702000,34.65,3,34.6,30,34.65,32,1,2022-07-06 09:02:32
1657098152273533000,34.6,1,34.6,29,34.65,32,2,2022-07-06 09:02:32
1657098152351106000,34.6,5,34.6,29,34.65,32,2,2022-07-06 09:02:32
1657098152356555000,34.6,2,34.6,27,34.65,32,2,2022-07-06 09:02:32
1657098152481438000,34.6,5,34.6,22,34.65,32,2,2022-07-06 09:02:32
1657098152797321000,34.6,1,34.6,32,34.65,33,2,2022-07-06 09:02:32
1657098153156634000,34.6,1,34.6,34,34.65,32,2,2022-07-06 09:02:33
1657098153253484000,34.6,4,34.6,29,34.65,32,2,2022-07-06 09:02:33
1657098153647492000,34.6,1,34.6,30,34.65,33,2,2022-07-06 09:02:33
1657098154066815000,34.65,1,34.6,30,34.65,32,1,2022-07-06 09:02:34
1657098154225946000,34.65,1,34.6,30,34.65,31,1,2022-07-06 09:02:34
1657098154620142000,34.65,2,34.6,30,34.65,31,1,2022-07-06 09:02:34
1657098155194505000,34.6,1,34.6,39,34.65,29,2,2022-07-06 09:02:35
1657098155223443000,34.65,2,34.6,40,34.65,27,1,2022-07-06 09:02:35
1657098155439559000,34.65,1,34.6,40,34.65,23,1,2022-07-06 09:02:35
1657098155514619000,34.65,10,34.6,41,34.65,23,1,2022-07-06 09:02:35
1657098156008932000,34.6,1,34.6,44,34.65,14,2,2022-07-06 09:02:36
1657098156248343000,34.6,1,34.6,43,34.65,15,2,2022-07-06 09:02:36
1657098156457390000,34.6,1,34.6,42,34.65,15,2,2022-07-06 09:02:36
1657098156507143000,34.65,2,34.6,42,34.65,13,1,2022-07-06 09:02:36
1657098156631796000,34.65,1,34.6,42,34.65,12,1,2022-07-06 09:02:36
1657098156685048000,34.65,10,34.6,42,34.65,12,1,2022-07-06 09:02:36
1657098157568498000,34.65,1,34.6,46,34.65,4,1,2022-07-06 09:02:37
1657098157712611000,34.65,3,34.65,17,34.7,30,1,2022-07-06 09:02:37
1657098157822623000,34.65,1,34.65,16,34.7,30,2,2022-07-06 09:02:37
1657098157839524000,34.7,1,34.65,16,34.7,29,1,2022-07-06 09:02:37
1657098159097184000,34.7,1,34.65,18,34.7,30,1,2022-07-06 09:02:39
1657098159128217000,34.7,3,34.65,18,34.7,27,1,2022-07-06 09:02:39
1657098159752355000,34.65,2,34.65,18,34.7,25,2,2022-07-06 09:02:39
1657098160079945000,34.65,1,34.65,17,34.7,25,2,2022-07-06 09:02:40
1657098160143232000,34.7,2,34.65,17,34.7,24,1,2022-07-06 09:02:40
1657098160882429000,34.65,1,34.65,16,34.7,23,2,2022-07-06 09:02:40
1657098161113795000,34.65,2,34.65,14,34.7,24,2,2022-07-06 09:02:41
1657098161579509000,34.65,1,34.65,14,34.7,24,2,2022-07-06 09:02:41
1657098161713581000,34.7,1,34.65,21,34.7,23,1,2022-07-06 09:02:41
1657098161726819000,34.65,1,34.65,20,34.7,23,2,2022-07-06 09:02:41
1657098162278129000,34.7,4,34.65,20,34.7,21,1,2022-07-06 09:02:42
1657098163246540000,34.7,12,34.65,29,34.7,9,1,2022-07-06 09:02:43
1657098163568173000,34.65,2,34.65,28,34.7,8,2,2022-07-06 09:02:43
1657098164788117000,34.7,5,34.65,33,34.7,1,1,2022-07-06 09:02:44
1657098165053321000,34.65,10,34.65,23,34.7,1,2,2022-07-06 09:02:45
1657098165205448000,34.7,1,34.65,24,34.7,1,1,2022-07-06 09:02:45
1657098165543723000,34.75,1,34.7,13,34.75,39,1,2022-07-06 09:02:45
1657098165865177000,34.7,1,34.7,15,34.75,39,2,2022-07-06 09:02:45
1657098166081368000,34.75,13,34.7,21,34.75,26,1,2022-07-06 09:02:46
1657098166196925000,34.7,21,34.7,21,34.75,28,2,2022-07-06 09:02:46
1657098166264096000,34.7,13,34.65,27,34.7,6,1,2022-07-06 09:02:46
1657098166290437000,34.7,6,34.65,27,34.75,28,1,2022-07-06 09:02:46
1657098166587185000,34.65,2,34.65,31,34.75,28,2,2022-07-06 09:02:46
1657098167285544000,34.7,1,34.65,41,34.7,1,1,2022-07-06 09:02:47
1657098167816318000,34.65,10,34.65,31,34.7,1,2,2022-07-06 09:02:47
1657098168044879000,34.7,1,34.65,27,34.7,1,1,2022-07-06 09:02:48
1657098169140200000,34.7,1,34.65,42,34.75,28,1,2022-07-06 09:02:49
1657098169873871000,34.7,1,34.65,44,34.75,28,2,2022-07-06 09:02:49
1657098171956434000,34.65,1,34.65,47,34.7,10,2,2022-07-06 09:02:51
1657098171969319000,34.7,1,34.65,48,34.7,10,1,2022-07-06 09:02:51
1657098172291177000,34.7,1,34.65,47,34.7,8,1,2022-07-06 09:02:52
1657098172850568000,34.7,1,34.65,47,34.7,12,1,2022-07-06 09:02:52
1657098172871433000,34.7,12,34.75,8,34.8,34,1,2022-07-06 09:02:52
1657098172871433000,34.75,30,34.75,8,34.8,34,1,2022-07-06 09:02:52
1657098172903535000,34.75,8,34.65,47,34.8,34,2,2022-07-06 09:02:52
1657098173271605000,34.8,1,34.7,1,34.8,28,1,2022-07-06 09:02:53
1657098173549110000,34.7,2,34.7,3,34.8,28,2,2022-07-06 09:02:53
1657098173857325000,34.7,4,34.65,84,34.7,1,2,2022-07-06 09:02:53
1657098174297963000,34.7,1,34.65,78,34.8,28,1,2022-07-06 09:02:54
1657098174876756000,34.8,1,34.7,6,34.8,27,1,2022-07-06 09:02:54
1657098175371958000,34.8,3,34.7,6,34.8,26,1,2022-07-06 09:02:55
1657098175928899000,34.8,1,34.7,7,34.8,26,1,2022-07-06 09:02:55
1657098176390774000,34.8,3,34.7,7,34.8,22,1,2022-07-06 09:02:56
1657098176574505000,34.7,2,34.7,6,34.8,22,2,2022-07-06 09:02:56
1657098177401976000,34.8,1,34.7,12,34.8,21,1,2022-07-06 09:02:57
1657098177526889000,34.7,1,34.7,18,34.75,2,2,2022-07-06 09:02:57
1657098178640396000,34.7,2,34.7,18,34.75,4,2,2022-07-06 09:02:58
1657098178868184000,34.75,5,34.7,21,34.8,16,1,2022-07-06 09:02:58
1657098178868184000,34.8,5,34.7,21,34.8,16,1,2022-07-06 09:02:58
1657098179351691000,34.7,8,34.7,16,34.75,1,2,2022-07-06 09:02:59
1657098179437867000,34.75,1,34.7,16,34.8,23,1,2022-07-06 09:02:59
1657098181575076000,34.75,1,34.7,47,34.75,5,1,2022-07-06 09:03:01
1657098181896766000,34.7,1,34.7,46,34.75,4,2,2022-07-06 09:03:01
1657098182203828000,34.7,10,34.7,51,34.75,5,2,2022-07-06 09:03:02
1657098182239240000,34.7,1,34.7,40,34.75,5,2,2022-07-06 09:03:02
1657098182390575000,34.75,1,34.7,40,34.75,4,1,2022-07-06 09:03:02
1657098182435145000,34.75,1,34.7,40,34.75,3,1,2022-07-06 09:03:02
1657098182928538000,34.75,1,34.7,41,34.75,2,1,2022-07-06 09:03:02
1657098183079411000,34.7,13,34.7,28,34.75,2,2,2022-07-06 09:03:03
1657098183306863000,34.75,1,34.7,28,34.75,5,1,2022-07-06 09:03:03
1657098183755328000,34.75,1,34.7,31,34.75,4,1,2022-07-06 09:03:03
1657098183838932000,34.75,1,34.7,31,34.75,3,1,2022-07-06 09:03:03
1657098183895977000,34.75,1,34.7,31,34.75,2,1,2022-07-06 09:03:03
1657098183964480000,34.75,1,34.7,31,34.75,1,1,2022-07-06 09:03:03
1657098184433230000,34.75,1,34.7,33,34.75,1,1,2022-07-06 09:03:04
1657098185406838000,34.75,2,34.75,3,34.8,27,1,2022-07-06 09:03:05
1657098185594231000,34.75,3,34.75,10,34.8,27,2,2022-07-06 09:03:05
1657098185922788000,34.75,1,34.75,9,34.8,27,2,2022-07-06 09:03:05
1657098186469330000,34.75,1,34.75,10,34.8,27,2,2022-07-06 09:03:06
1657098188957785000,34.75,2,34.75,24,34.8,30,2,2022-07-06 09:03:08
1657098189260341000,34.75,1,34.75,23,34.8,30,2,2022-07-06 09:03:09
1657098189260490000,34.75,1,34.75,22,34.8,30,2,2022-07-06 09:03:09
1657098189290513000,34.75,10,34.75,12,34.8,30,2,2022-07-06 09:03:09
1657098189386519000,34.75,1,34.75,11,34.8,30,2,2022-07-06 09:03:09
1657098189807568000,34.75,5,34.75,6,34.8,30,2,2022-07-06 09:03:09
1657098189950626000,34.75,1,34.75,6,34.8,30,2,2022-07-06 09:03:09
1657098190827215000,34.75,1,34.75,4,34.8,32,2,2022-07-06 09:03:10
1657098191148747000,34.75,4,34.75,4,34.8,32,2,2022-07-06 09:03:11
1657098191243238000,34.75,1,34.7,93,34.75,5,1,2022-07-06 09:03:11
1657098191546552000,34.7,1,34.7,92,34.75,5,2,2022-07-06 09:03:11
1657098192002127000,34.75,6,34.7,92,34.75,1,1,2022-07-06 09:03:12
1657098193534286000,34.75,1,34.7,93,34.75,4,1,2022-07-06 09:03:13
1657098196103494000,34.75,10,34.7,96,34.75,15,1,2022-07-06 09:03:16
1657098196664432000,34.75,1,34.7,97,34.75,18,1,2022-07-06 09:03:16
1657098196893812000,34.7,7,34.7,90,34.75,19,2,2022-07-06 09:03:16
1657098196925044000,34.7,1,34.7,89,34.75,19,2,2022-07-06 09:03:16
1657098197004319000,34.7,2,34.7,87,34.75,21,2,2022-07-06 09:03:17
1657098197232953000,34.75,1,34.7,87,34.75,20,1,2022-07-06 09:03:17
1657098198874191000,34.75,1,34.7,88,34.75,19,1,2022-07-06 09:03:18
1657098198937355000,34.75,1,34.7,88,34.75,18,1,2022-07-06 09:03:18
1657098199491647000,34.75,2,34.7,93,34.75,20,1,2022-07-06 09:03:19
1657098199624868000,34.75,1,34.7,93,34.75,20,1,2022-07-06 09:03:19
1657098200659063000,34.75,1,34.7,95,34.75,18,1,2022-07-06 09:03:20
1657098200731791000,34.7,1,34.7,94,34.75,18,2,2022-07-06 09:03:20
1657098200751112000,34.75,1,34.7,94,34.75,17,1,2022-07-06 09:03:20
1657098201153948000,34.75,5,34.7,94,34.75,12,1,2022-07-06 09:03:21
1657098201348611000,34.75,1,34.7,94,34.75,21,1,2022-07-06 09:03:21
1657098202081114000,34.75,7,34.7,94,34.75,14,1,2022-07-06 09:03:22
1657098202133607000,34.75,1,34.7,94,34.75,13,1,2022-07-06 09:03:22
1657098202248512000,34.75,2,34.7,94,34.75,11,1,2022-07-06 09:03:22
1657098203269254000,34.75,1,34.7,95,34.75,13,1,2022-07-06 09:03:23
1657098203394672000,34.75,1,34.7,93,34.75,12,1,2022-07-06 09:03:23
1657098203826839000,34.75,1,34.7,93,34.75,11,1,2022-07-06 09:03:23
1657098204002907000,34.7,20,34.7,73,34.75,11,2,2022-07-06 09:03:24
1657098204035212000,34.7,1,34.7,72,34.75,11,2,2022-07-06 09:03:24
1657098204247915000,34.75,11,34.75,39,34.8,25,1,2022-07-06 09:03:24
1657098204268979000,34.75,38,34.75,1,34.8,25,2,2022-07-06 09:03:24
1657098204294430000,34.75,1,34.7,73,34.8,25,2,2022-07-06 09:03:24
1657098206241548000,34.7,75,34.65,95,34.75,6,2,2022-07-06 09:03:26
1657098206257850000,34.65,1,34.65,94,34.75,6,2,2022-07-06 09:03:26
1657098206607356000,34.7,1,34.65,94,34.7,2,1,2022-07-06 09:03:26
1657098207356343000,34.7,1,34.65,94,34.75,20,1,2022-07-06 09:03:27
1657098208472970000,34.65,94,34.6,49,34.7,14,2,2022-07-06 09:03:28
1657098209451522000,34.65,1,34.6,49,34.65,17,1,2022-07-06 09:03:29
1657098209799392000,34.6,2,34.6,47,34.65,18,2,2022-07-06 09:03:29
1657098210905028000,34.6,48,34.55,87,34.65,22,2,2022-07-06 09:03:30
1657098210926694000,34.65,3,34.55,87,34.65,19,1,2022-07-06 09:03:30
1657098211132931000,34.55,1,34.55,92,34.6,3,2,2022-07-06 09:03:31
1657098211604153000,34.6,2,34.55,92,34.6,1,1,2022-07-06 09:03:31
1657098213166650000,34.6,1,34.55,92,34.65,19,1,2022-07-06 09:03:33
1657098213302681000,34.65,1,34.55,92,34.65,18,1,2022-07-06 09:03:33
1657098214929680000,34.55,10,34.55,83,34.65,10,2,2022-07-06 09:03:34
1657098216102642000,34.55,1,34.55,82,34.6,2,2,2022-07-06 09:03:36
1657098216233950000,34.55,5,34.55,77,34.6,2,2,2022-07-06 09:03:36
1657098216293056000,34.55,77,34.5,193,34.6,3,2,2022-07-06 09:03:36
1657098216726776000,34.5,2,34.5,199,34.55,1,2,2022-07-06 09:03:36
1657098217629357000,34.5,1,34.5,196,34.55,1,2,2022-07-06 09:03:37
1657098218425560000,34.55,7,34.5,190,34.6,7,1,2022-07-06 09:03:38
1657098218425560000,34.6,3,34.5,190,34.6,7,1,2022-07-06 09:03:38
1657098219013797000,34.5,1,34.5,191,34.55,10,2,2022-07-06 09:03:39
1657098219158611000,34.5,3,34.5,192,34.55,10,2,2022-07-06 09:03:39
1657098220397289000,34.5,1,34.5,201,34.55,14,2,2022-07-06 09:03:40
1657098220641268000,34.5,6,34.5,194,34.55,14,2,2022-07-06 09:03:40
1657098221438084000,34.5,1,34.5,195,34.55,15,2,2022-07-06 09:03:41
1657098221924306000,34.5,1,34.5,195,34.55,15,2,2022-07-06 09:03:41
1657098223433379000,34.55,1,34.5,194,34.55,16,1,2022-07-06 09:03:43
1657098223512063000,34.5,5,34.5,189,34.55,16,2,2022-07-06 09:03:43
1657098223536005000,34.5,1,34.5,188,34.55,16,2,2022-07-06 09:03:43
1657098223540612000,34.5,1,34.5,187,34.55,16,2,2022-07-06 09:03:43
1657098223695170000,34.55,2,34.5,187,34.55,14,1,2022-07-06 09:03:43
1657098224512505000,34.5,1,34.5,187,34.55,14,2,2022-07-06 09:03:44
1657098225479882000,34.5,1,34.5,187,34.55,14,2,2022-07-06 09:03:45
1657098225511608000,34.5,1,34.5,186,34.55,14,2,2022-07-06 09:03:45
1657098225726649000,34.5,1,34.5,186,34.55,14,2,2022-07-06 09:03:45
1657098225805568000,34.55,3,34.5,185,34.55,11,1,2022-07-06 09:03:45
1657098226559667000,34.5,1,34.5,184,34.55,11,2,2022-07-06 09:03:46
1657098226561011000,34.5,1,34.5,183,34.55,11,2,2022-07-06 09:03:46
1657098226589290000,34.5,1,34.5,182,34.55,11,2,2022-07-06 09:03:46
1657098226643179000,34.5,10,34.5,185,34.55,11,2,2022-07-06 09:03:46
1657098227015899000,34.5,1,34.5,172,34.55,11,2,2022-07-06 09:03:47
1657098227775028000,34.55,1,34.5,171,34.55,10,1,2022-07-06 09:03:47
1657098227874586000,34.5,1,34.5,172,34.55,10,2,2022-07-06 09:03:47
1657098228045811000,34.5,3,34.5,169,34.55,7,2,2022-07-06 09:03:48
1657098228074984000,34.5,20,34.5,172,34.55,10,2,2022-07-06 09:03:48
1657098228280800000,34.55,3,34.5,149,34.55,4,1,2022-07-06 09:03:48
1657098228767271000,34.5,1,34.5,148,34.55,4,2,2022-07-06 09:03:48
1657098228769941000,34.55,1,34.5,148,34.55,3,1,2022-07-06 09:03:48
1657098229331958000,34.5,2,34.5,147,34.55,3,2,2022-07-06 09:03:49
1657098229590433000,34.5,1,34.5,147,34.55,3,2,2022-07-06 09:03:49
1657098229665396000,34.55,1,34.5,148,34.55,3,1,2022-07-06 09:03:49
1657098229961694000,34.55,2,34.5,147,34.6,29,1,2022-07-06 09:03:49
1657098229961694000,34.6,2,34.5,147,34.6,29,1,2022-07-06 09:03:49
1657098231053797000,34.5,1,34.5,146,34.55,1,2,2022-07-06 09:03:51
1657098231141923000,34.5,1,34.5,145,34.55,1,2,2022-07-06 09:03:51
1657098231158754000,34.5,1,34.5,144,34.55,1,2,2022-07-06 09:03:51
1657098232310584000,34.55,1,34.5,144,34.55,4,1,2022-07-06 09:03:52
1657098232474705000,34.5,2,34.5,142,34.55,4,2,2022-07-06 09:03:52
1657098232786407000,34.55,4,34.55,1,34.6,34,1,2022-07-06 09:03:52
1657098232813345000,34.55,1,34.5,111,34.6,34,2,2022-07-06 09:03:52
1657098232813345000,34.5,33,34.5,111,34.6,34,2,2022-07-06 09:03:52
1657098233469784000,34.6,1,34.5,112,34.6,43,1,2022-07-06 09:03:53
1657098234252744000,34.5,2,34.5,112,34.55,5,2,2022-07-06 09:03:54
1657098234491655000,34.5,1,34.5,110,34.55,6,2,2022-07-06 09:03:54
1657098235551068000,34.5,3,34.5,106,34.55,6,2,2022-07-06 09:03:55
1657098235630119000,34.55,1,34.5,106,34.55,5,1,2022-07-06 09:03:55
1657098235747858000,34.55,1,34.5,106,34.55,4,1,2022-07-06 09:03:55
1657098235999091000,34.55,1,34.5,106,34.55,4,1,2022-07-06 09:03:55
1657098236236208000,34.5,1,34.5,106,34.55,5,2,2022-07-06 09:03:56
1657098236290057000,34.5,1,34.5,104,34.55,4,2,2022-07-06 09:03:56
1657098236296739000,34.55,1,34.5,104,34.55,3,1,2022-07-06 09:03:56
1657098236481230000,34.5,1,34.5,103,34.55,3,2,2022-07-06 09:03:56
1657098237414614000,34.5,1,34.5,106,34.55,6,2,2022-07-06 09:03:57
1657098237819718000,34.5,5,34.5,101,34.55,7,2,2022-07-06 09:03:57
1657098238099871000,34.55,1,34.5,101,34.55,21,1,2022-07-06 09:03:58
1657098238901986000,34.5,1,34.5,100,34.55,23,2,2022-07-06 09:03:58
1657098238924494000,34.5,5,34.5,95,34.55,23,2,2022-07-06 09:03:58
1657098239439468000,34.5,1,34.5,104,34.55,32,2,2022-07-06 09:03:59
1657098239949450000,34.5,3,34.5,103,34.55,32,2,2022-07-06 09:03:59
1657098239997869000,34.5,1,34.5,102,34.55,32,2,2022-07-06 09:03:59
1657098240142096000,34.5,2,34.5,100,34.55,32,2,2022-07-06 09:04:00
1657098240294703000,34.5,2,34.5,98,34.55,32,2,2022-07-06 09:04:00
1657098240379495000,34.5,3,34.5,95,34.55,32,2,2022-07-06 09:04:00
1657098240474188000,34.5,1,34.5,94,34.55,33,2,2022-07-06 09:04:00
1657098240498443000,34.5,1,34.5,93,34.55,33,2,2022-07-06 09:04:00
1657098240911050000,34.5,5,34.5,92,34.55,33,2,2022-07-06 09:04:00
1657098240975470000,34.5,1,34.5,92,34.55,38,2,2022-07-06 09:04:00
1657098241431289000,34.55,1,34.5,94,34.55,38,1,2022-07-06 09:04:01
1657098241893445000,34.5,5,34.5,99,34.55,40,2,2022-07-06 09:04:01
1657098241924486000,34.5,1,34.5,98,34.55,40,2,2022-07-06 09:04:01
1657098241997545000,34.5,13,34.5,85,34.55,40,2,2022-07-06 09:04:01
1657098242189020000,34.5,15,34.5,70,34.55,40,2,2022-07-06 09:04:02
1657098242193060000,34.5,13,34.5,85,34.55,40,2,2022-07-06 09:04:02
1657098242297169000,34.5,1,34.5,56,34.55,40,2,2022-07-06 09:04:02
1657098242299137000,34.5,1,34.5,55,34.55,40,2,2022-07-06 09:04:02
1657098242305673000,34.5,3,34.5,52,34.55,40,2,2022-07-06 09:04:02
1657098242411278000,34.5,6,34.5,46,34.55,40,2,2022-07-06 09:04:02
1657098242626492000,34.5,1,34.5,45,34.55,40,2,2022-07-06 09:04:02
1657098242853398000,34.5,8,34.5,37,34.55,45,2,2022-07-06 09:04:02
1657098243036497000,34.5,10,34.5,27,34.55,45,2,2022-07-06 09:04:03
1657098243057585000,34.5,27,34.45,54,34.55,45,2,2022-07-06 09:04:03
1657098243596126000,34.45,1,34.45,59,34.5,2,2,2022-07-06 09:04:03
1657098243647180000,34.45,4,34.45,55,34.5,2,2,2022-07-06 09:04:03
1657098243748211000,34.45,1,34.45,55,34.5,2,2,2022-07-06 09:04:03
1657098243795448000,34.5,5,34.45,54,34.5,2,1,2022-07-06 09:04:03
1657098244209625000,34.45,1,34.45,47,34.5,4,2,2022-07-06 09:04:04
1657098244417919000,34.45,5,34.45,42,34.5,22,2,2022-07-06 09:04:04
1657098244448005000,34.45,1,34.45,41,34.5,22,2,2022-07-06 09:04:04
1657098244575008000,34.5,1,34.45,41,34.5,24,1,2022-07-06 09:04:04
1657098244658696000,34.45,5,34.45,36,34.5,24,2,2022-07-06 09:04:04
1657098244907624000,34.5,1,34.45,36,34.5,28,1,2022-07-06 09:04:04
1657098245298452000,34.45,1,34.45,35,34.5,34,2,2022-07-06 09:04:05
1657098245513583000,34.5,1,34.45,35,34.5,33,1,2022-07-06 09:04:05
1657098245596905000,34.5,3,34.45,35,34.5,30,1,2022-07-06 09:04:05
1657098246454823000,34.45,6,34.45,29,34.5,55,2,2022-07-06 09:04:06
1657098247127585000,34.45,3,34.45,26,34.5,55,2,2022-07-06 09:04:07
1657098247156030000,34.45,26,34.4,30,34.5,55,2,2022-07-06 09:04:07
1657098247626372000,34.45,1,34.4,30,34.45,33,1,2022-07-06 09:04:07
1657098247698385000,34.45,1,34.4,30,34.45,36,1,2022-07-06 09:04:07
1657098248013372000,34.45,1,34.4,35,34.45,34,1,2022-07-06 09:04:08
1657098248063988000,34.45,1,34.4,35,34.45,33,1,2022-07-06 09:04:08
1657098248228367000,34.4,1,34.4,35,34.45,36,2,2022-07-06 09:04:08
1657098248481401000,34.4,1,34.4,33,34.45,36,2,2022-07-06 09:04:08
1657098249102341000,34.45,1,34.4,33,34.45,36,1,2022-07-06 09:04:09
1657098249201208000,34.4,1,34.4,33,34.45,36,2,2022-07-06 09:04:09
1657098249764182000,34.4,1,34.4,31,34.45,37,2,2022-07-06 09:04:09
1657098249957976000,34.4,3,34.4,28,34.45,37,2,2022-07-06 09:04:09
1657098250154034000,34.4,5,34.4,23,34.45,37,2,2022-07-06 09:04:10
1657098250466791000,34.45,1,34.4,23,34.45,40,1,2022-07-06 09:04:10
1657098250520922000,34.4,1,34.4,22,34.45,40,2,2022-07-06 09:04:10
1657098250522372000,34.4,1,34.4,21,34.45,40,2,2022-07-06 09:04:10
1657098250887737000,34.4,1,34.4,21,34.45,41,2,2022-07-06 09:04:10
1657098251243217000,34.4,2,34.4,19,34.45,41,2,2022-07-06 09:04:11
1657098252208026000,34.45,1,34.4,20,34.45,42,1,2022-07-06 09:04:12
1657098252549189000,34.4,22,34.3,8,34.45,41,2,2022-07-06 09:04:12
1657098252549189000,34.35,28,34.3,8,34.45,41,2,2022-07-06 09:04:12
1657098252549189000,34.3,40,34.3,8,34.45,41,2,2022-07-06 09:04:12
1657098252636319000,34.3,9,34.3,12,34.4,9,2,2022-07-06 09:04:12
1657098252663721000,34.3,2,34.3,10,34.4,9,2,2022-07-06 09:04:12
1657098252665322000,34.3,10,34.25,64,34.4,9,2,2022-07-06 09:04:12
1657098252690150000,34.25,3,34.25,61,34.4,9,2,2022-07-06 09:04:12
1657098252999101000,34.35,1,34.3,14,34.4,9,1,2022-07-06 09:04:12
1657098253309297000,34.4,2,34.3,14,34.4,7,1,2022-07-06 09:04:13
1657098253898684000,34.4,1,34.3,14,34.4,7,1,2022-07-06 09:04:13
1657098254160119000,34.35,1,34.35,5,34.4,16,2,2022-07-06 09:04:14
1657098254213826000,34.4,9,34.35,5,34.4,7,1,2022-07-06 09:04:14
1657098254594472000,34.35,1,34.35,7,34.4,7,2,2022-07-06 09:04:14
1657098254880128000,34.35,3,34.35,3,34.4,7,2,2022-07-06 09:04:14
1657098254942615000,34.35,4,34.3,10,34.4,7,2,2022-07-06 09:04:14
1657098254942615000,34.3,6,34.3,10,34.4,7,2,2022-07-06 09:04:14
1657098255113491000,34.4,2,34.3,8,34.4,7,1,2022-07-06 09:04:15
1657098255437699000,34.3,10,34.25,24,34.4,5,2,2022-07-06 09:04:15
1657098255437699000,34.25,40,34.25,24,34.4,5,2,2022-07-06 09:04:15
1657098255526203000,34.35,1,34.25,22,34.4,8,1,2022-07-06 09:04:15
1657098255526203000,34.4,1,34.25,22,34.4,8,1,2022-07-06 09:04:15
1657098255984493000,34.4,1,34.25,22,34.4,10,1,2022-07-06 09:04:15
1657098256094944000,34.3,2,34.25,22,34.4,10,1,2022-07-06 09:04:16
1657098256266886000,34.4,1,34.35,1,34.4,16,1,2022-07-06 09:04:16
1657098256450667000,34.4,2,34.35,1,34.4,14,1,2022-07-06 09:04:16
1657098256604448000,34.4,1,34.35,1,34.4,12,1,2022-07-06 09:04:16
1657098257154465000,34.35,1,34.25,2,34.4,13,2,2022-07-06 09:04:17
1657098257154465000,34.3,5,34.25,2,34.4,13,2,2022-07-06 09:04:17
1657098257154465000,34.25,44,34.25,2,34.4,13,2,2022-07-06 09:04:17
1657098257462441000,34.25,1,34.25,1,34.35,6,2,2022-07-06 09:04:17
1657098257822653000,34.3,2,34.25,1,34.35,6,1,2022-07-06 09:04:17
1657098257931948000,34.35,2,34.3,1,34.4,13,1,2022-07-06 09:04:17
1657098258863336000,34.35,5,34.3,3,34.4,23,2,2022-07-06 09:04:18
1657098259221315000,34.35,3,34.3,4,34.4,22,1,2022-07-06 09:04:19
1657098260437617000,34.35,2,34.35,8,34.4,22,2,2022-07-06 09:04:20
1657098261069161000,34.4,1,34.35,8,34.4,22,1,2022-07-06 09:04:21
1657098261368167000,34.35,1,34.35,7,34.4,22,2,2022-07-06 09:04:21
1657098261907880000,34.4,2,34.35,7,34.4,20,1,2022-07-06 09:04:21
1657098261967331000,34.35,1,34.35,6,34.4,20,2,2022-07-06 09:04:21
1657098262041417000,34.4,20,34.35,7,34.45,36,1,2022-07-06 09:04:22
1657098262258295000,34.35,1,34.35,10,34.45,36,2,2022-07-06 09:04:22
1657098262371646000,34.35,2,34.35,7,34.45,36,2,2022-07-06 09:04:22
1657098262584183000,34.4,1,34.35,9,34.45,36,1,2022-07-06 09:04:22
1657098262612254000,34.35,5,34.35,5,34.45,36,2,2022-07-06 09:04:22
1657098262671402000,34.4,1,34.35,5,34.45,36,1,2022-07-06 09:04:22
1657098262687876000,34.35,1,34.35,5,34.4,1,2,2022-07-06 09:04:22
1657098262955737000,34.35,1,34.35,12,34.45,36,2,2022-07-06 09:04:22
1657098263632660000,34.35,3,34.35,8,34.45,36,2,2022-07-06 09:04:23
1657098263864314000,34.35,10,34.25,20,34.3,24,2,2022-07-06 09:04:23
1657098263864314000,34.3,16,34.25,20,34.3,24,2,2022-07-06 09:04:23
1657098263891436000,34.3,19,34.25,20,34.3,5,1,2022-07-06 09:04:23
1657098263891604000,34.3,5,34.25,20,34.45,36,1,2022-07-06 09:04:23
1657098263896687000,34.3,1,34.3,1,34.45,36,2,2022-07-06 09:04:23
1657098263897724000,34.3,1,34.25,20,34.45,36,2,2022-07-06 09:04:23
1657098263901700000,34.3,1,34.3,1,34.45,36,2,2022-07-06 09:04:23
1657098265136981000,34.35,1,34.3,18,34.4,11,2,2022-07-06 09:04:25
1657098265344794000,34.3,15,34.3,5,34.4,11,2,2022-07-06 09:04:25
1657098265519880000,34.3,3,34.25,9,34.4,11,2,2022-07-06 09:04:25
1657098265519880000,34.25,12,34.25,9,34.4,11,2,2022-07-06 09:04:25
1657098265687982000,34.25,6,34.2,40,34.35,1,2,2022-07-06 09:04:25
1657098265687982000,34.2,9,34.2,40,34.35,1,2,2022-07-06 09:04:25
1657098265808643000,34.2,8,34.2,32,34.3,1,2,2022-07-06 09:04:25
1657098265835230000,34.3,1,34.2,30,34.35,4,1,2022-07-06 09:04:25
1657098265879118000,34.3,1,34.2,42,34.35,4,1,2022-07-06 09:04:25
1657098265890759000,34.2,15,34.2,27,34.35,4,2,2022-07-06 09:04:25
1657098265955009000,34.3,1,34.2,13,34.35,4,1,2022-07-06 09:04:25
1657098266104278000,34.2,15,34.2,2,34.35,6,2,2022-07-06 09:04:26
1657098266302146000,34.3,1,34.2,2,34.3,1,2,2022-07-06 09:04:26
1657098266325171000,34.3,1,34.2,2,34.35,8,1,2022-07-06 09:04:26
1657098266397050000,34.2,2,34.15,5,34.35,6,2,2022-07-06 09:04:26
1657098266397050000,34.15,13,34.15,5,34.35,6,2,2022-07-06 09:04:26
1657098266475148000,34.3,2,34.15,3,34.35,7,1,2022-07-06 09:04:26
1657098266607196000,34.2,2,34.15,2,34.35,9,2,2022-07-06 09:04:26
1657098266607196000,34.15,13,34.15,2,34.35,9,2,2022-07-06 09:04:26
1657098266629585000,34.15,2,34.1,45,34.35,9,2,2022-07-06 09:04:26
1657098266629585000,34.1,8,34.1,45,34.35,9,2,2022-07-06 09:04:26
1657098266684459000,34.3,2,34.1,45,34.3,12,1,2022-07-06 09:04:26
1657098266998705000,34.15,1,34.15,12,34.3,2,2,2022-07-06 09:04:26
1657098267251326000,34.3,1,34.15,2,34.3,2,1,2022-07-06 09:04:27
1657098267459089000,34.15,1,34.15,14,34.3,1,2,2022-07-06 09:04:27
1657098267555222000,34.15,2,34.1,31,34.25,2,2,2022-07-06 09:04:27
1657098267555222000,34.1,2,34.1,31,34.25,2,2,2022-07-06 09:04:27
1657098267581429000,34.25,1,34.1,31,34.25,1,1,2022-07-06 09:04:27
1657098267584758000,34.1,1,34.1,30,34.25,1,2,2022-07-06 09:04:27
1657098268323083000,34.15,1,34.1,21,34.25,1,2,2022-07-06 09:04:28
1657098268323083000,34.1,5,34.1,21,34.25,1,2,2022-07-06 09:04:28
1657098268378636000,34.25,1,34.1,21,34.3,53,1,2022-07-06 09:04:28
1657098268628069000,34.2,1,34.1,21,34.2,1,1,2022-07-06 09:04:28
1657098268893291000,34.1,1,34.1,22,34.25,3,2,2022-07-06 09:04:28
1657098269012560000,34.25,1,34.1,20,34.25,2,1,2022-07-06 09:04:29
1657098269288197000,34.25,2,34.1,23,34.3,53,1,2022-07-06 09:04:29
1657098270238037000,34.1,23,34.0,94,34.3,53,2,2022-07-06 09:04:30
1657098270238037000,34.05,25,34.0,94,34.3,53,2,2022-07-06 09:04:30
1657098270238037000,34.0,22,34.0,94,34.3,53,2,2022-07-06 09:04:30
1657098270403180000,34.25,1,34.0,94,34.25,20,1,2022-07-06 09:04:30
1657098270529858000,34.0,1,34.0,93,34.25,30,2,2022-07-06 09:04:30
1657098270677088000,34.0,1,34.0,88,34.2,12,2,2022-07-06 09:04:30
1657098270738627000,34.15,1,34.0,86,34.2,12,1,2022-07-06 09:04:30
1657098270943985000,34.15,1,34.0,94,34.2,4,2,2022-07-06 09:04:30
1657098271127200000,34.15,2,34.05,2,34.2,4,1,2022-07-06 09:04:31
1657098271522890000,34.2,4,34.05,3,34.25,10,1,2022-07-06 09:04:31
1657098271522890000,34.25,1,34.05,3,34.25,10,1,2022-07-06 09:04:31
1657098271568559000,34.15,34,34.05,5,34.2,2,1,2022-07-06 09:04:31
1657098271591624000,34.2,2,34.15,68,34.25,8,1,2022-07-06 09:04:31
1657098271899246000,34.2,1,34.15,68,34.25,10,1,2022-07-06 09:04:31
1657098272693140000,34.2,1,34.2,1,34.25,12,2,2022-07-06 09:04:32
1657098272832145000,34.15,1,34.15,68,34.25,12,2,2022-07-06 09:04:32
1657098272839576000,34.15,2,34.15,66,34.25,12,2,2022-07-06 09:04:32
1657098273060501000,34.15,10,34.15,56,34.25,12,2,2022-07-06 09:04:33
1657098273303154000,34.15,1,34.15,56,34.25,12,2,2022-07-06 09:04:33
1657098273882029000,34.15,2,34.15,54,34.25,13,2,2022-07-06 09:04:33
1657098274709384000,34.2,8,34.15,54,34.25,8,1,2022-07-06 09:04:34
1657098274709384000,34.25,7,34.15,54,34.25,8,1,2022-07-06 09:04:34
1657098275184656000,34.2,1,34.15,54,34.2,4,2,2022-07-06 09:04:35
1657098275220973000,34.2,4,34.15,54,34.25,10,1,2022-07-06 09:04:35
1657098275610080000,34.25,1,34.15,54,34.25,9,1,2022-07-06 09:04:35
1657098275976024000,34.15,5,34.15,49,34.25,9,2,2022-07-06 09:04:35
1657098276949109000,34.15,1,34.15,21,34.25,11,2,2022-07-06 09:04:36
1657098277117088000,34.15,1,34.15,21,34.2,5,2,2022-07-06 09:04:37
1657098277127968000,34.2,5,34.15,21,34.25,11,1,2022-07-06 09:04:37
1657098279052375000,34.25,5,34.2,8,34.25,5,1,2022-07-06 09:04:39
1657098279079241000,34.25,5,34.2,9,34.3,59,1,2022-07-06 09:04:39
1657098279119076000,34.2,1,34.2,8,34.3,53,2,2022-07-06 09:04:39
1657098279548369000,34.2,1,34.2,7,34.25,1,2,2022-07-06 09:04:39
1657098279563164000,34.2,1,34.2,6,34.25,1,2,2022-07-06 09:04:39
1657098279873639000,34.2,7,34.15,19,34.25,1,2,2022-07-06 09:04:39
1657098279873639000,34.15,3,34.15,19,34.25,1,2,2022-07-06 09:04:39
1657098279937359000,34.2,1,34.15,18,34.25,1,1,2022-07-06 09:04:39
1657098281425881000,34.2,1,34.2,3,34.25,4,2,2022-07-06 09:04:41
1657098281446995000,34.25,4,34.2,3,34.3,40,1,2022-07-06 09:04:41
1657098281446995000,34.3,16,34.2,3,34.3,40,1,2022-07-06 09:04:41
1657098281527694000,34.2,3,34.15,16,34.3,40,2,2022-07-06 09:04:41
1657098281527694000,34.15,7,34.15,16,34.3,40,2,2022-07-06 09:04:41
1657098281626699000,34.15,1,34.15,15,34.3,40,2,2022-07-06 09:04:41
1657098282400077000,34.25,2,34.2,2,34.3,42,1,2022-07-06 09:04:42
1657098282497385000,34.2,2,34.2,3,34.3,40,2,2022-07-06 09:04:42
1657098282541318000,34.25,1,34.2,3,34.3,42,1,2022-07-06 09:04:42
1657098283105286000,34.2,10,34.15,3,34.25,46,2,2022-07-06 09:04:43
1657098283105286000,34.15,10,34.15,3,34.25,46,2,2022-07-06 09:04:43
1657098283156062000,34.2,2,34.15,3,34.25,46,1,2022-07-06 09:04:43
1657098284291253000,34.2,1,34.15,7,34.25,46,2,2022-07-06 09:04:44
1657098284658506000,34.2,1,34.2,1,34.25,47,2,2022-07-06 09:04:44
1657098285026665000,34.2,1,34.15,7,34.2,1,2,2022-07-06 09:04:45
1657098285042056000,34.2,1,34.15,7,34.25,47,1,2022-07-06 09:04:45
1657098285803828000,34.2,1,34.15,7,34.2,2,1,2022-07-06 09:04:45
1657098285832371000,34.2,2,34.15,7,34.25,47,1,2022-07-06 09:04:45
1657098286044333000,34.15,5,34.15,2,34.25,52,2,2022-07-06 09:04:46
1657098286172125000,34.2,3,34.15,2,34.25,52,1,2022-07-06 09:04:46
1657098286209072000,34.2,1,34.15,2,34.25,52,1,2022-07-06 09:04:46
1657098286319708000,34.2,1,34.15,14,34.25,52,1,2022-07-06 09:04:46
1657098286793982000,34.2,3,34.15,17,34.25,52,1,2022-07-06 09:04:46
1657098286861897000,34.25,52,34.15,23,34.3,40,1,2022-07-06 09:04:46
1657098287213701000,34.2,1,34.2,13,34.3,38,2,2022-07-06 09:04:47
1657098287236348000,34.2,1,34.2,2,34.3,38,2,2022-07-06 09:04:47
1657098287558124000,34.2,1,34.2,2,34.3,38,2,2022-07-06 09:04:47
1657098287857572000,34.2,1,34.15,33,34.3,38,2,2022-07-06 09:04:47
1657098288066081000,34.2,1,34.15,34,34.3,38,1,2022-07-06 09:04:48
1657098288257685000,34.2,1,34.15,41,34.2,3,2,2022-07-06 09:04:48
1657098288285617000,34.2,3,34.2,1,34.3,38,1,2022-07-06 09:04:48
1657098288340065000,34.25,1,34.15,31,34.3,38,1,2022-07-06 09:04:48
1657098288698736000,34.2,1,34.15,42,34.3,38,2,2022-07-06 09:04:48
1657098288698736000,34.15,1,34.15,42,34.3,38,2,2022-07-06 09:04:48
1657098288994487000,34.15,2,34.15,40,34.3,38,2,2022-07-06 09:04:48
1657098289249312000,34.2,1,34.15,40,34.2,1,1,2022-07-06 09:04:49
1657098289668045000,34.2,1,34.15,30,34.3,38,2,2022-07-06 09:04:49
1657098290327230000,34.2,1,34.2,3,34.3,38,2,2022-07-06 09:04:50
1657098290610318000,34.25,1,34.2,3,34.25,1,1,2022-07-06 09:04:50
1657098290643454000,34.25,1,34.2,3,34.3,38,1,2022-07-06 09:04:50
1657098290676869000,34.3,1,34.2,3,34.3,37,1,2022-07-06 09:04:50
1657098290718738000,34.2,1,34.2,2,34.3,37,2,2022-07-06 09:04:50
1657098290825595000,34.2,1,34.2,1,34.3,37,2,2022-07-06 09:04:50
1657098290887061000,34.25,1,34.2,1,34.3,37,1,2022-07-06 09:04:50
1657098292924210000,34.25,1,34.2,51,34.25,9,1,2022-07-06 09:04:52
1657098292962218000,34.25,9,34.2,51,34.3,37,1,2022-07-06 09:04:52
1657098293812721000,34.25,1,34.2,57,34.25,1,2,2022-07-06 09:04:53
1657098293838627000,34.25,1,34.2,57,34.3,38,1,2022-07-06 09:04:53
1657098294945536000,34.2,30,34.2,30,34.3,38,2,2022-07-06 09:04:54
1657098296106639000,34.25,5,34.2,31,34.25,6,1,2022-07-06 09:04:56
1657098296139845000,34.25,6,34.2,31,34.3,39,1,2022-07-06 09:04:56
1657098296191986000,34.2,10,34.2,21,34.3,41,2,2022-07-06 09:04:56
1657098296638001000,34.2,5,34.2,16,34.3,42,2,2022-07-06 09:04:56
1657098297739546000,34.2,1,34.2,18,34.25,22,2,2022-07-06 09:04:57
1657098298004689000,34.25,1,34.2,17,34.25,21,1,2022-07-06 09:04:58
1657098298088861000,34.2,1,34.2,16,34.25,21,2,2022-07-06 09:04:58
1657098299313459000,34.25,4,34.2,19,34.25,18,1,2022-07-06 09:04:59
1657098299412398000,34.2,1,34.2,18,34.25,17,2,2022-07-06 09:04:59
1657098299449046000,34.2,2,34.2,16,34.25,18,2,2022-07-06 09:04:59
1657098299477672000,34.2,1,34.2,15,34.25,18,2,2022-07-06 09:04:59
1657098299657513000,34.25,5,34.2,15,34.25,18,1,2022-07-06 09:04:59
1657098300473871000,34.2,13,34.2,1,34.25,21,2,2022-07-06 09:05:00
1657098300779489000,34.2,1,34.2,1,34.25,22,2,2022-07-06 09:05:00
1657098301112822000,34.2,1,34.15,32,34.2,7,1,2022-07-06 09:05:01
1657098301181219000,34.2,2,34.15,32,34.2,4,1,2022-07-06 09:05:01
1657098301537945000,34.2,30,34.15,32,34.25,19,1,2022-07-06 09:05:01
1657098301538039000,34.2,2,34.2,28,34.25,19,2,2022-07-06 09:05:01
1657098301560762000,34.2,28,34.15,32,34.2,22,2,2022-07-06 09:05:01
1657098301818391000,34.2,20,34.15,32,34.2,7,1,2022-07-06 09:05:01
1657098302077064000,34.2,2,34.15,32,34.2,4,1,2022-07-06 09:05:02
1657098302239010000,34.2,4,34.15,40,34.25,23,1,2022-07-06 09:05:02
1657098302270582000,34.2,1,34.2,1,34.25,23,2,2022-07-06 09:05:02
1657098302309913000,34.2,1,34.15,40,34.2,4,2,2022-07-06 09:05:02
1657098302974793000,34.2,3,34.15,40,34.2,7,1,2022-07-06 09:05:02
1657098303490668000,34.15,1,34.15,39,34.2,7,2,2022-07-06 09:05:03
1657098304880908000,34.15,5,34.15,36,34.2,7,2,2022-07-06 09:05:04
1657098304913480000,34.15,1,34.15,35,34.2,8,2,2022-07-06 09:05:04
1657098305010069000,34.2,1,34.15,35,34.2,9,1,2022-07-06 09:05:05
1657098305012698000,34.2,1,34.15,35,34.2,8,1,2022-07-06 09:05:05
1657098305175436000,34.15,4,34.15,32,34.2,6,2,2022-07-06 09:05:05
1657098305205817000,34.2,3,34.15,36,34.2,6,1,2022-07-06 09:05:05
1657098305614033000,34.15,2,34.15,30,34.2,4,2,2022-07-06 09:05:05
1657098305972434000,34.2,2,34.15,45,34.2,3,1,2022-07-06 09:05:05
1657098306194018000,34.15,8,34.15,37,34.2,8,2,2022-07-06 09:05:06
1657098306292137000,34.2,1,34.15,37,34.2,11,1,2022-07-06 09:05:06
1657098306693266000,34.2,1,34.15,37,34.2,10,1,2022-07-06 09:05:06
1657098306946239000,34.2,2,34.15,37,34.2,7,1,2022-07-06 09:05:06
1657098307099977000,34.15,10,34.15,27,34.2,7,2,2022-07-06 09:05:07
1657098307140299000,34.15,27,34.1,57,34.2,7,2,2022-07-06 09:05:07
1657098307528831000,34.15,2,34.1,57,34.15,3,1,2022-07-06 09:05:07
1657098308949230000,34.15,3,34.1,57,34.2,7,1,2022-07-06 09:05:08
1657098308949230000,34.2,2,34.1,57,34.2,7,1,2022-07-06 09:05:08
1657098310144855000,34.2,1,34.15,111,34.2,6,1,2022-07-06 09:05:10
1657098310145770000,34.2,2,34.15,111,34.2,7,1,2022-07-06 09:05:10
1657098310579713000,34.15,50,34.15,61,34.2,4,2,2022-07-06 09:05:10
1657098310585263000,34.15,1,34.15,60,34.2,4,2,2022-07-06 09:05:10
1657098310635485000,34.15,10,34.15,50,34.2,6,2,2022-07-06 09:05:10
1657098310668872000,34.15,50,34.1,57,34.2,7,2,2022-07-06 09:05:10
1657098311029092000,34.2,1,34.1,57,34.2,10,1,2022-07-06 09:05:11
1657098311836057000,34.2,1,34.1,57,34.2,10,1,2022-07-06 09:05:11
1657098313397572000,34.15,1,34.15,2,34.2,33,2,2022-07-06 09:05:13
1657098313431244000,34.15,2,34.1,69,34.2,33,2,2022-07-06 09:05:13
1657098313555211000,34.2,2,34.15,4,34.2,30,1,2022-07-06 09:05:13
1657098313624263000,34.2,1,34.15,4,34.2,29,1,2022-07-06 09:05:13
1657098313860693000,34.2,1,34.15,4,34.2,29,1,2022-07-06 09:05:13
1657098314692961000,34.15,1,34.15,7,34.2,27,2,2022-07-06 09:05:14
1657098316043451000,34.15,1,34.15,10,34.2,30,2,2022-07-06 09:05:16
1657098316053952000,34.15,10,34.1,84,34.2,30,2,2022-07-06 09:05:16
1657098316124334000,34.2,3,34.1,84,34.2,31,1,2022-07-06 09:05:16
1657098316125716000,34.1,3,34.1,81,34.2,31,2,2022-07-06 09:05:16
1657098316285925000,34.1,50,34.1,31,34.15,1,2,2022-07-06 09:05:16
1657098316320776000,34.1,1,34.1,30,34.15,3,2,2022-07-06 09:05:16
1657098316350369000,34.1,1,34.1,29,34.15,3,2,2022-07-06 09:05:16
1657098316358205000,34.15,1,34.1,29,34.15,2,1,2022-07-06 09:05:16
1657098316641039000,34.15,1,34.1,29,34.15,1,1,2022-07-06 09:05:16
1657098316842101000,34.15,1,34.1,29,34.2,41,1,2022-07-06 09:05:16
1657098317181258000,34.1,1,34.1,29,34.2,41,2,2022-07-06 09:05:17
1657098317544987000,34.1,2,34.1,27,34.15,2,2,2022-07-06 09:05:17
1657098317718471000,34.15,5,34.1,27,34.15,5,1,2022-07-06 09:05:17
1657098319137818000,34.15,1,34.1,29,34.2,41,1,2022-07-06 09:05:19
1657098319347087000,34.1,6,34.1,23,34.2,41,2,2022-07-06 09:05:19
1657098320776074000,34.15,2,34.1,23,34.15,30,1,2022-07-06 09:05:20
1657098321465510000,34.15,1,34.1,23,34.15,29,1,2022-07-06 09:05:21
1657098322092762000,34.1,10,34.1,13,34.15,49,2,2022-07-06 09:05:22
1657098322446738000,34.1,5,34.1,8,34.15,49,2,2022-07-06 09:05:22
1657098323330946000,34.1,8,34.05,55,34.15,49,2,2022-07-06 09:05:23
1657098323330946000,34.05,25,34.05,55,34.15,49,2,2022-07-06 09:05:23
1657098323390852000,34.1,2,34.05,55,34.1,2,1,2022-07-06 09:05:23
1657098323966334000,34.1,1,34.05,54,34.1,4,1,2022-07-06 09:05:23
1657098324533959000,34.1,3,34.05,54,34.1,1,1,2022-07-06 09:05:24
1657098325154082000,34.1,1,34.05,54,34.1,2,1,2022-07-06 09:05:25
1657098325731848000,34.1,1,34.05,54,34.1,4,1,2022-07-06 09:05:25
1657098325860030000,34.1,4,34.05,54,34.15,49,1,2022-07-06 09:05:25
1657098325860030000,34.15,1,34.05,54,34.15,49,1,2022-07-06 09:05:25
1657098325927081000,34.15,1,34.05,59,34.15,48,1,2022-07-06 09:05:25
1657098326570363000,34.05,2,34.05,57,34.15,88,2,2022-07-06 09:05:26
1657098326596020000,34.05,2,34.05,55,34.1,1,2,2022-07-06 09:05:26
1657098326713911000,34.05,1,34.05,55,34.1,1,2,2022-07-06 09:05:26
1657098327032945000,34.05,50,34.05,5,34.1,1,2,2022-07-06 09:05:27
1657098327064039000,34.05,1,34.0,209,34.1,3,2,2022-07-06 09:05:27
1657098327190501000,34.1,1,34.0,212,34.1,17,1,2022-07-06 09:05:27
1657098327299690000,34.1,1,34.05,3,34.1,13,1,2022-07-06 09:05:27
1657098328537392000,34.05,8,34.05,14,34.1,3,2,2022-07-06 09:05:28
1657098328665731000,34.05,14,34.0,211,34.1,3,2,2022-07-06 09:05:28
1657098328665731000,34.0,1,34.0,211,34.1,3,2,2022-07-06 09:05:28
1657098329999280000,34.05,1,34.05,5,34.1,6,2,2022-07-06 09:05:29
1657098330199434000,34.05,3,34.05,5,34.1,8,2,2022-07-06 09:05:30
1657098330228031000,34.05,2,34.0,211,34.1,8,2,2022-07-06 09:05:30
1657098330550209000,34.0,20,34.0,191,34.1,21,2,2022-07-06 09:05:30
1657098330583806000,34.0,1,34.0,190,34.1,21,2,2022-07-06 09:05:30
1657098330694124000,34.05,27,34.0,190,34.1,19,1,2022-07-06 09:05:30
1657098331225556000,34.1,1,34.05,27,34.1,6,1,2022-07-06 09:05:31
1657098332251155000,34.05,1,34.05,30,34.1,11,2,2022-07-06 09:05:32
1657098332320286000,34.1,1,34.05,36,34.1,10,1,2022-07-06 09:05:32
1657098332691860000,34.05,1,34.05,35,34.1,10,2,2022-07-06 09:05:32
1657098334512792000,34.1,2,34.05,40,34.1,10,1,2022-07-06 09:05:34
1657098334543186000,34.1,10,34.05,40,34.15,92,1,2022-07-06 09:05:34
1657098334603502000,34.05,1,34.05,39,34.15,93,2,2022-07-06 09:05:34
1657098335664336000,34.1,1,34.1,4,34.15,93,2,2022-07-06 09:05:35
1657098336328294000,34.1,4,34.05,17,34.1,6,2,2022-07-06 09:05:36
1657098336613911000,34.05,1,34.05,16,34.1,6,2,2022-07-06 09:05:36
1657098336800015000,34.1,1,34.05,16,34.1,5,1,2022-07-06 09:05:36
1657098336850986000,34.1,1,34.05,16,34.1,4,1,2022-07-06 09:05:36
1657098337104903000,34.05,2,34.05,14,34.1,4,2,2022-07-06 09:05:37
1657098337134222000,34.1,1,34.05,14,34.1,3,1,2022-07-06 09:05:37
1657098337177084000,34.05,1,34.05,16,34.1,6,2,2022-07-06 09:05:37
1657098337570389000,34.1,1,34.05,14,34.1,2,1,2022-07-06 09:05:37
1657098337647211000,34.05,5,34.05,14,34.1,5,2,2022-07-06 09:05:37
1657098338646083000,34.05,3,34.05,11,34.1,6,2,2022-07-06 09:05:38
1657098339464865000,34.1,2,34.05,10,34.1,6,1,2022-07-06 09:05:39
1657098339586112000,34.1,1,34.05,10,34.1,5,1,2022-07-06 09:05:39
1657098339874265000,34.05,2,34.05,8,34.1,5,2,2022-07-06 09:05:39
1657098340097360000,34.05,8,34.0,195,34.1,5,2,2022-07-06 09:05:40
1657098340097360000,34.0,7,34.0,195,34.1,5,2,2022-07-06 09:05:40
1657098340379959000,34.1,1,34.0,198,34.1,5,1,2022-07-06 09:05:40
1657098341541862000,34.1,1,34.05,11,34.1,31,1,2022-07-06 09:05:41
1657098341915328000,34.1,1,34.05,12,34.1,29,1,2022-07-06 09:05:41
1657098341928513000,34.1,1,34.05,12,34.1,28,1,2022-07-06 09:05:41
1657098344150632000,34.1,36,34.05,32,34.15,91,1,2022-07-06 09:05:44
1657098344183349000,34.15,3,34.05,35,34.15,88,1,2022-07-06 09:05:44
1657098344183391000,34.15,3,34.05,35,34.15,85,1,2022-07-06 09:05:44
1657098344183421000,34.15,85,34.15,3,34.2,99,1,2022-07-06 09:05:44
1657098344518759000,34.15,1,34.15,4,34.2,99,2,2022-07-06 09:05:44
1657098345322411000,34.15,2,34.15,11,34.2,99,2,2022-07-06 09:05:45
1657098345534815000,34.15,2,34.15,9,34.2,99,2,2022-07-06 09:05:45
1657098345831463000,34.15,3,34.15,6,34.2,99,2,2022-07-06 09:05:45
1657098346500396000,34.15,2,34.15,4,34.2,99,2,2022-07-06 09:05:46
1657098346969897000,34.15,2,34.15,4,34.2,99,2,2022-07-06 09:05:46
1657098347352309000,34.15,1,34.15,1,34.2,99,2,2022-07-06 09:05:47
1657098347909362000,34.15,1,34.05,63,34.2,99,2,2022-07-06 09:05:47
1657098347909362000,34.1,4,34.05,63,34.2,99,2,2022-07-06 09:05:47
1657098348247224000,34.15,1,34.1,11,34.2,99,1,2022-07-06 09:05:48
1657098350584475000,34.2,1,34.15,8,34.2,138,1,2022-07-06 09:05:50
1657098351426210000,34.15,5,34.15,4,34.2,109,2,2022-07-06 09:05:51
1657098351449239000,34.15,1,34.15,3,34.2,108,2,2022-07-06 09:05:51
1657098351694533000,34.15,3,34.1,15,34.15,4,2,2022-07-06 09:05:51
1657098352216835000,34.15,1,34.1,15,34.15,4,1,2022-07-06 09:05:52
1657098352347251000,34.15,1,34.1,15,34.15,4,1,2022-07-06 09:05:52
1657098352565601000,34.15,2,34.1,15,34.15,2,1,2022-07-06 09:05:52
1657098352812157000,34.15,1,34.1,15,34.15,1,1,2022-07-06 09:05:52
1657098352841840000,34.15,1,34.1,15,34.2,108,1,2022-07-06 09:05:52
1657098353367634000,34.15,1,34.15,10,34.2,108,2,2022-07-06 09:05:53
1657098353576490000,34.15,10,34.15,11,34.2,108,2,2022-07-06 09:05:53
1657098354141914000,34.15,1,34.15,1,34.2,108,2,2022-07-06 09:05:54
1657098354450117000,34.15,2,34.1,25,34.15,8,1,2022-07-06 09:05:54
1657098354635444000,34.15,1,34.1,55,34.15,8,1,2022-07-06 09:05:54
1657098354635748000,34.15,8,34.1,55,34.15,9,1,2022-07-06 09:05:54
1657098355242534000,34.15,1,34.1,55,34.2,108,2,2022-07-06 09:05:55
1657098355242534000,34.1,1,34.1,55,34.2,108,2,2022-07-06 09:05:55
1657098355489134000,34.15,3,34.1,55,34.15,3,1,2022-07-06 09:05:55
1657098355665115000,34.2,1,34.15,7,34.2,107,1,2022-07-06 09:05:55
1657098355759177000,34.15,7,34.1,32,34.2,77,2,2022-07-06 09:05:55
1657098355759177000,34.1,23,34.1,32,34.2,77,2,2022-07-06 09:05:55
1657098355952187000,34.15,2,34.1,34,34.15,1,1,2022-07-06 09:05:55
1657098355991522000,34.15,1,34.15,1,34.2,77,1,2022-07-06 09:05:55
1657098356027911000,34.2,1,34.15,3,34.2,77,1,2022-07-06 09:05:56
1657098356367904000,34.15,1,34.15,3,34.2,76,2,2022-07-06 09:05:56
1657098356502914000,34.15,1,34.15,8,34.2,76,2,2022-07-06 09:05:56
1657098357329837000,34.15,1,34.15,10,34.2,76,2,2022-07-06 09:05:57
1657098357580030000,34.2,1,34.15,10,34.2,75,1,2022-07-06 09:05:57
1657098357710997000,34.15,10,34.1,36,34.15,7,2,2022-07-06 09:05:57
1657098357778690000,34.15,7,34.15,7,34.2,75,1,2022-07-06 09:05:57
1657098359101286000,34.15,3,34.15,9,34.2,75,2,2022-07-06 09:05:59
1657098359117816000,34.15,9,34.1,38,34.2,75,2,2022-07-06 09:05:59
1657098359117816000,34.1,6,34.1,38,34.2,75,2,2022-07-06 09:05:59
1657098359671533000,34.15,1,34.1,38,34.2,75,1,2022-07-06 09:05:59
1657098360467397000,34.15,3,34.1,39,34.2,75,1,2022-07-06 09:06:00
1657098361296322000,34.2,75,34.15,4,34.25,24,1,2022-07-06 09:06:01
1657098362460715000,34.15,10,34.15,9,34.25,35,2,2022-07-06 09:06:02
1657098362784812000,34.2,1,34.15,17,34.2,1,1,2022-07-06 09:06:02
1657098362844304000,34.2,1,34.15,17,34.25,35,1,2022-07-06 09:06:02
1657098362851125000,34.25,1,34.15,17,34.25,34,1,2022-07-06 09:06:02
1657098363192664000,34.15,18,34.1,50,34.25,34,2,2022-07-06 09:06:03
1657098363192664000,34.1,2,34.1,50,34.25,34,2,2022-07-06 09:06:03
1657098363728418000,34.2,1,34.2,9,34.25,34,1,2022-07-06 09:06:03
1657098363828243000,34.2,1,34.2,8,34.25,34,2,2022-07-06 09:06:03
1657098364114862000,34.2,3,34.2,8,34.25,34,2,2022-07-06 09:06:04
1657098365139593000,34.25,2,34.2,5,34.25,36,1,2022-07-06 09:06:05
1657098365163822000,34.25,12,34.2,5,34.25,22,1,2022-07-06 09:06:05
1657098365813482000,34.2,2,34.2,17,34.25,22,2,2022-07-06 09:06:05
1657098366244394000,34.2,3,34.2,15,34.25,22,2,2022-07-06 09:06:06
1657098367477937000,34.25,1,34.2,7,34.25,21,1,2022-07-06 09:06:07
1657098367561031000,34.25,7,34.2,7,34.25,14,1,2022-07-06 09:06:07
1657098367748934000,34.25,1,34.2,7,34.25,13,1,2022-07-06 09:06:07
1657098369400603000,34.25,1,34.2,8,34.25,13,1,2022-07-06 09:06:09
1657098369829382000,34.25,1,34.2,11,34.25,12,1,2022-07-06 09:06:09
1657098370259791000,34.2,1,34.2,10,34.25,12,2,2022-07-06 09:06:10
1657098370277929000,34.2,2,34.2,8,34.25,12,2,2022-07-06 09:06:10
1657098370324500000,34.2,1,34.2,7,34.25,12,2,2022-07-06 09:06:10
1657098370645032000,34.25,1,34.2,10,34.25,12,1,2022-07-06 09:06:10
1657098372415922000,34.25,2,34.2,21,34.25,11,1,2022-07-06 09:06:12
1657098373230681000,34.25,9,34.25,1,34.3,228,1,2022-07-06 09:06:13
1657098373566113000,34.25,1,34.2,21,34.25,9,2,2022-07-06 09:06:13
1657098373677322000,34.25,5,34.2,22,34.25,4,1,2022-07-06 09:06:13
1657098374243131000,34.2,3,34.2,25,34.25,4,2,2022-07-06 09:06:14
1657098374308143000,34.25,1,34.2,25,34.25,3,1,2022-07-06 09:06:14
1657098374387265000,34.25,3,34.25,2,34.3,239,1,2022-07-06 09:06:14
1657098375241240000,34.3,2,34.25,3,34.3,237,1,2022-07-06 09:06:15
1657098375259512000,34.3,5,34.25,3,34.3,232,1,2022-07-06 09:06:15
1657098376061469000,34.25,1,34.25,5,34.3,232,2,2022-07-06 09:06:16
1657098376849337000,34.25,5,34.25,1,34.3,233,2,2022-07-06 09:06:16
1657098377356962000,34.25,3,34.2,37,34.3,236,2,2022-07-06 09:06:17
1657098377591384000,34.25,1,34.25,3,34.3,236,2,2022-07-06 09:06:17
1657098379612481000,34.3,6,34.25,10,34.3,235,1,2022-07-06 09:06:19
1657098380249156000,34.3,6,34.25,41,34.3,223,1,2022-07-06 09:06:20
1657098380762487000,34.3,1,34.25,43,34.3,222,1,2022-07-06 09:06:20
1657098380835773000,34.3,1,34.25,43,34.3,221,1,2022-07-06 09:06:20
1657098382076654000,34.3,5,34.25,46,34.3,223,1,2022-07-06 09:06:22
1657098382985914000,34.3,1,34.25,48,34.3,217,1,2022-07-06 09:06:22
1657098383321766000,34.25,1,34.25,52,34.3,220,2,2022-07-06 09:06:23
1657098383332271000,34.3,2,34.25,52,34.3,218,1,2022-07-06 09:06:23
1657098383429669000,34.3,1,34.25,52,34.3,218,1,2022-07-06 09:06:23
1657098383782268000,34.3,7,34.25,53,34.3,210,1,2022-07-06 09:06:23
1657098383980231000,34.3,2,34.25,54,34.3,208,1,2022-07-06 09:06:23
1657098384628784000,34.3,1,34.25,60,34.3,207,1,2022-07-06 09:06:24
1657098384864058000,34.3,5,34.25,60,34.3,202,1,2022-07-06 09:06:24
1657098385450242000,34.3,5,34.25,64,34.3,197,1,2022-07-06 09:06:25
1657098385585430000,34.3,1,34.25,64,34.3,196,1,2022-07-06 09:06:25
1657098385650919000,34.3,1,34.25,64,34.3,195,1,2022-07-06 09:06:25
1657098385712837000,34.3,1,34.25,64,34.3,194,1,2022-07-06 09:06:25
1657098385916710000,34.25,2,34.25,62,34.3,194,2,2022-07-06 09:06:25
1657098385950559000,34.25,1,34.25,61,34.3,194,2,2022-07-06 09:06:25
1657098385950981000,34.3,1,34.25,61,34.3,193,1,2022-07-06 09:06:25
1657098385951288000,34.25,1,34.25,60,34.3,193,2,2022-07-06 09:06:25
1657098386291708000,34.3,1,34.25,60,34.3,192,1,2022-07-06 09:06:26
1657098386432986000,34.3,1,34.25,62,34.3,191,1,2022-07-06 09:06:26
1657098386455165000,34.3,2,34.25,62,34.3,189,1,2022-07-06 09:06:26
1657098386535744000,34.3,1,34.25,62,34.3,188,1,2022-07-06 09:06:26
1657098387333020000,34.3,1,34.25,62,34.3,187,1,2022-07-06 09:06:27
1657098387364974000,34.3,2,34.25,60,34.3,185,1,2022-07-06 09:06:27
1657098387406146000,34.3,43,34.25,60,34.3,142,1,2022-07-06 09:06:27
1657098387420680000,34.3,1,34.25,60,34.3,141,1,2022-07-06 09:06:27
1657098387593451000,34.3,1,34.25,60,34.3,140,1,2022-07-06 09:06:27
1657098387688740000,34.3,5,34.25,60,34.3,135,1,2022-07-06 09:06:27
1657098388235712000,34.3,1,34.25,59,34.3,134,1,2022-07-06 09:06:28
1657098388307222000,34.3,2,34.25,59,34.3,132,1,2022-07-06 09:06:28
1657098388469337000,34.3,13,34.25,59,34.3,119,1,2022-07-06 09:06:28
1657098388489320000,34.3,119,34.25,59,34.35,8,1,2022-07-06 09:06:28
1657098388996183000,34.35,1,34.3,2,34.35,18,1,2022-07-06 09:06:28
1657098389292848000,34.3,6,34.3,7,34.35,18,2,2022-07-06 09:06:29
1657098389328283000,34.35,1,34.3,7,34.35,17,1,2022-07-06 09:06:29
1657098389648323000,34.35,2,34.3,26,34.35,15,1,2022-07-06 09:06:29
1657098389911251000,34.35,2,34.3,33,34.35,13,1,2022-07-06 09:06:29
1657098390499169000,34.35,1,34.3,62,34.35,12,1,2022-07-06 09:06:30
1657098390505935000,34.35,1,34.3,62,34.35,11,1,2022-07-06 09:06:30
1657098390550822000,34.35,1,34.3,67,34.35,11,1,2022-07-06 09:06:30
1657098390734793000,34.35,4,34.3,70,34.35,6,1,2022-07-06 09:06:30
1657098390762434000,34.35,1,34.3,70,34.35,5,1,2022-07-06 09:06:30
1657098391310987000,34.35,1,34.3,85,34.35,4,1,2022-07-06 09:06:31
1657098391317434000,34.3,1,34.3,84,34.35,4,2,2022-07-06 09:06:31
1657098392458721000,34.3,3,34.3,92,34.35,4,2,2022-07-06 09:06:32
1657098392481925000,34.35,1,34.3,92,34.35,3,1,2022-07-06 09:06:32
1657098392898549000,34.3,7,34.3,86,34.35,3,2,2022-07-06 09:06:32
1657098393031957000,34.35,3,34.35,2,34.4,12,1,2022-07-06 09:06:33
1657098393165779000,34.35,2,34.35,10,34.4,12,2,2022-07-06 09:06:33
1657098393739758000,34.4,1,34.35,10,34.4,26,1,2022-07-06 09:06:33
1657098393808886000,34.35,3,34.35,8,34.4,26,2,2022-07-06 09:06:33
1657098394700422000,34.4,2,34.35,12,34.4,27,1,2022-07-06 09:06:34
1657098396734122000,34.4,1,34.35,30,34.4,19,1,2022-07-06 09:06:36
1657098396886960000,34.4,4,34.35,32,34.4,15,1,2022-07-06 09:06:36
1657098397298520000,34.35,2,34.35,31,34.4,15,2,2022-07-06 09:06:37
1657098397446777000,34.4,1,34.35,31,34.4,14,1,2022-07-06 09:06:37
1657098397569130000,34.4,2,34.35,31,34.4,14,1,2022-07-06 09:06:37
1657098397709469000,34.4,6,34.35,31,34.4,6,1,2022-07-06 09:06:37
1657098397884261000,34.4,1,34.35,32,34.4,5,1,2022-07-06 09:06:37
1657098398217399000,34.4,1,34.35,33,34.4,4,1,2022-07-06 09:06:38
1657098398297797000,34.4,1,34.35,33,34.4,3,1,2022-07-06 09:06:38
1657098398349539000,34.4,3,34.4,17,34.45,43,1,2022-07-06 09:06:38
1657098398443116000,34.45,1,34.4,18,34.45,47,1,2022-07-06 09:06:38
1657098398486556000,34.4,11,34.4,7,34.45,47,2,2022-07-06 09:06:38
1657098398687215000,34.4,3,34.4,6,34.45,47,2,2022-07-06 09:06:38
1657098398694200000,34.4,2,34.4,4,34.45,47,2,2022-07-06 09:06:38
1657098398747920000,34.4,4,34.35,34,34.45,49,2,2022-07-06 09:06:38
1657098398845058000,34.4,1,34.35,34,34.45,47,2,2022-07-06 09:06:38
1657098398902040000,34.4,2,34.35,34,34.4,12,1,2022-07-06 09:06:38
1657098399003382000,34.35,3,34.35,31,34.4,14,2,2022-07-06 09:06:39
1657098399047508000,34.4,3,34.35,31,34.4,11,1,2022-07-06 09:06:39
1657098400136511000,34.4,1,34.35,36,34.4,8,1,2022-07-06 09:06:40
1657098400295529000,34.4,1,34.35,36,34.4,7,1,2022-07-06 09:06:40
1657098401115440000,34.4,1,34.35,39,34.4,7,1,2022-07-06 09:06:41
1657098401260269000,34.4,1,34.35,39,34.4,5,1,2022-07-06 09:06:41
1657098401605357000,34.4,1,34.35,41,34.4,5,1,2022-07-06 09:06:41
1657098401744013000,34.4,1,34.35,41,34.4,3,1,2022-07-06 09:06:41
1657098401915480000,34.4,1,34.35,42,34.4,3,1,2022-07-06 09:06:41
1657098401982107000,34.4,1,34.35,42,34.4,2,1,2022-07-06 09:06:41
1657098402050220000,34.4,2,34.35,42,34.4,2,1,2022-07-06 09:06:42
1657098402242345000,34.4,3,34.35,42,34.45,47,2,2022-07-06 09:06:42
1657098402272784000,34.4,1,34.35,52,34.45,47,2,2022-07-06 09:06:42
1657098402351095000,34.4,1,34.35,52,34.45,47,2,2022-07-06 09:06:42
1657098402351128000,34.35,52,34.3,92,34.45,47,2,2022-07-06 09:06:42
1657098402384443000,34.4,2,34.3,101,34.4,7,1,2022-07-06 09:06:42
1657098402653214000,34.4,1,34.3,101,34.4,21,1,2022-07-06 09:06:42
1657098402826985000,34.4,1,34.3,99,34.4,21,1,2022-07-06 09:06:42
1657098402918062000,34.4,1,34.35,1,34.4,20,1,2022-07-06 09:06:42
1657098402965652000,34.4,1,34.35,1,34.4,22,1,2022-07-06 09:06:42
1657098403490105000,34.4,1,34.35,1,34.4,20,1,2022-07-06 09:06:43
1657098404221960000,34.4,2,34.35,7,34.4,20,1,2022-07-06 09:06:44
1657098404559625000,34.4,2,34.35,7,34.4,6,1,2022-07-06 09:06:44
1657098405159869000,34.4,1,34.35,7,34.4,3,1,2022-07-06 09:06:45
1657098405317487000,34.4,3,34.4,2,34.45,47,1,2022-07-06 09:06:45
1657098405341898000,34.4,2,34.35,7,34.45,47,2,2022-07-06 09:06:45
1657098405509198000,34.4,1,34.35,7,34.45,47,2,2022-07-06 09:06:45
1657098405509346000,34.35,7,34.3,68,34.4,4,2,2022-07-06 09:06:45
1657098405750669000,34.4,1,34.3,64,34.4,11,1,2022-07-06 09:06:45
1657098406101564000,34.35,8,34.35,2,34.4,19,2,2022-07-06 09:06:46
1657098406122849000,34.35,2,34.3,65,34.4,19,2,2022-07-06 09:06:46
1657098406128805000,34.35,1,34.3,65,34.35,2,1,2022-07-06 09:06:46
1657098406159716000,34.35,1,34.3,59,34.4,17,1,2022-07-06 09:06:46
1657098406186729000,34.4,17,34.3,59,34.45,34,1,2022-07-06 09:06:46
1657098406186729000,34.45,13,34.3,59,34.45,34,1,2022-07-06 09:06:46
1657098407464575000,34.4,1,34.3,59,34.45,48,1,2022-07-06 09:06:47
1657098407515959000,34.45,1,34.4,2,34.45,47,1,2022-07-06 09:06:47
1657098407520810000,34.4,2,34.3,62,34.45,47,2,2022-07-06 09:06:47
1657098407583860000,34.4,1,34.3,60,34.45,43,2,2022-07-06 09:06:47
1657098407923865000,34.4,10,34.3,60,34.45,36,1,2022-07-06 09:06:47
1657098408670496000,34.4,1,34.35,2,34.4,5,1,2022-07-06 09:06:48
1657098408923528000,34.4,5,34.35,2,34.45,34,1,2022-07-06 09:06:48
1657098408923528000,34.45,5,34.35,2,34.45,34,1,2022-07-06 09:06:48
1657098409092222000,34.45,1,34.35,2,34.45,36,1,2022-07-06 09:06:49
1657098409294495000,34.4,20,34.35,2,34.45,31,2,2022-07-06 09:06:49
1657098409643751000,34.35,2,34.3,59,34.4,1,2,2022-07-06 09:06:49
1657098409643751000,34.3,1,34.3,59,34.4,1,2,2022-07-06 09:06:49
1657098409797991000,34.4,1,34.4,4,34.45,33,1,2022-07-06 09:06:49
1657098409828564000,34.4,4,34.3,85,34.45,35,2,2022-07-06 09:06:49
1657098410368106000,34.4,1,34.3,86,34.4,1,1,2022-07-06 09:06:50
1657098410433560000,34.4,1,34.3,86,34.45,32,1,2022-07-06 09:06:50
1657098411471108000,34.4,1,34.4,3,34.45,34,1,2022-07-06 09:06:51
1657098412130072000,34.45,1,34.4,3,34.45,36,1,2022-07-06 09:06:52
1657098413011401000,34.4,1,34.4,3,34.45,33,2,2022-07-06 09:06:53
1657098413441507000,34.45,3,34.4,5,34.45,30,1,2022-07-06 09:06:53
1657098413558361000,34.45,1,34.4,5,34.45,29,1,2022-07-06 09:06:53
1657098415443551000,34.45,3,34.4,8,34.45,27,1,2022-07-06 09:06:55
1657098415477564000,34.4,1,34.4,7,34.45,27,2,2022-07-06 09:06:55
1657098415921133000,34.45,1,34.4,7,34.45,26,1,2022-07-06 09:06:55
1657098416001156000,34.45,3,34.4,7,34.45,23,1,2022-07-06 09:06:56
1657098416313991000,34.45,1,34.4,8,34.45,22,1,2022-07-06 09:06:56
1657098416439545000,34.45,1,34.4,8,34.45,23,1,2022-07-06 09:06:56
1657098417278449000,34.45,2,34.4,13,34.45,19,1,2022-07-06 09:06:57
1657098418229203000,34.45,2,34.4,21,34.45,18,1,2022-07-06 09:06:58
1657098418340430000,34.45,1,34.4,21,34.45,17,1,2022-07-06 09:06:58
1657098418352384000,34.45,3,34.4,21,34.45,14,1,2022-07-06 09:06:58
1657098418520456000,34.45,1,34.4,21,34.45,13,1,2022-07-06 09:06:58
1657098419195902000,34.4,5,34.4,18,34.45,13,2,2022-07-06 09:06:59
1657098419261595000,34.4,1,34.4,17,34.45,13,2,2022-07-06 09:06:59
1657098419637618000,34.45,1,34.4,17,34.45,12,1,2022-07-06 09:06:59
1657098420266276000,34.45,1,34.4,22,34.45,11,1,2022-07-06 09:07:00
1657098420636594000,34.45,1,34.4,23,34.45,10,1,2022-07-06 09:07:00
1657098420726995000,34.45,1,34.4,23,34.45,9,1,2022-07-06 09:07:00
1657098421057457000,34.45,1,34.4,23,34.45,9,1,2022-07-06 09:07:01
1657098421152509000,34.45,8,34.45,26,34.5,24,1,2022-07-06 09:07:01
1657098421178381000,34.45,1,34.45,25,34.5,27,2,2022-07-06 09:07:01
1657098421850794000,34.45,1,34.45,47,34.5,35,2,2022-07-06 09:07:01
1657098422272332000,34.5,2,34.45,58,34.5,33,1,2022-07-06 09:07:02
