ts,close,volume,bid_price,bid_volume,ask_price,ask_volume,tick_type,datetime
1657098004964894000,179.0,92,178.5,20,179.0,6,1,2022-07-06 09:00:04
1657098006107936000,178.5,5,178.5,15,179.0,9,2,2022-07-06 09:00:06
1657098006108251000,178.5,15,178.0,5,179.0,9,2,2022-07-06 09:00:06
1657098006696237000,179.0,14,178.0,5,180.0,46,1,2022-07-06 09:00:06
1657098006696237000,179.5,3,178.0,5,180.0,46,1,2022-07-06 09:00:06
1657098006696237000,180.0,33,178.0,5,180.0,46,1,2022-07-06 09:00:06
1657098007169138000,179.5,1,178.0,5,179.5,4,1,2022-07-06 09:00:07
1657098010910730000,178.5,1,178.0,25,179.5,14,2,2022-07-06 09:00:10
1657098014028023000,178.5,1,178.0,25,179.0,5,2,2022-07-06 09:00:14
1657098016346506000,178.0,3,178.0,22,179.0,5,2,2022-07-06 09:00:16
1657098016570494000,179.0,1,178.0,22,179.0,4,1,2022-07-06 09:00:16
1657098016698503000,178.0,1,178.0,21,179.0,4,2,2022-07-06 09:00:16
1657098021811431000,178.0,21,177.5,2,179.0,11,2,2022-07-06 09:00:21
1657098021920358000,179.0,1,177.5,2,179.0,11,1,2022-07-06 09:00:21
1657098022942158000,179.0,1,177.5,2,179.0,9,1,2022-07-06 09:00:22
1657098024623564000,179.0,1,178.0,2,179.0,13,1,2022-07-06 09:00:24
1657098025022492000,179.0,2,178.0,2,179.0,13,1,2022-07-06 09:00:25
1657098025090446000,179.0,9,178.0,2,179.0,2,1,2022-07-06 09:00:25
1657098026043103000,179.0,1,178.0,2,179.0,6,1,2022-07-06 09:00:26
1657098026549087000,178.5,5,178.0,2,179.0,6,2,2022-07-06 09:00:26
1657098030188060000,179.0,2,179.0,8,179.5,42,1,2022-07-06 09:00:30
1657098030215185000,179.0,4,179.0,4,179.5,42,2,2022-07-06 09:00:30
1657098030215357000,179.0,4,178.0,4,179.0,4,2,2022-07-06 09:00:30
1657098030323272000,179.0,1,178.0,4,179.0,21,1,2022-07-06 09:00:30
1657098032972626000,179.0,2,178.0,4,179.0,12,1,2022-07-06 09:00:32
1657098033438150000,179.0,1,178.0,5,179.0,14,1,2022-07-06 09:00:33
1657098034210725000,178.5,1,178.0,5,179.0,13,2,2022-07-06 09:00:34
1657098035548711000,178.5,1,178.5,1,179.0,12,2,2022-07-06 09:00:35
1657098035589111000,178.5,1,178.0,6,179.0,4,2,2022-07-06 09:00:35
1657098038930810000,178.5,1,178.0,6,178.5,2,1,2022-07-06 09:00:38
1657098041432883000,178.5,1,178.0,7,178.5,1,1,2022-07-06 09:00:41
1657098042819432000,178.5,1,178.5,1,179.0,4,1,2022-07-06 09:00:42
1657098042845728000,178.5,1,178.0,6,179.0,4,2,2022-07-06 09:00:42
1657098045118872000,178.0,1,178.0,6,178.5,8,2,2022-07-06 09:00:45
1657098046845387000,178.5,1,178.0,7,178.5,10,1,2022-07-06 09:00:46
1657098048593687000,178.5,8,178.0,8,178.5,2,1,2022-07-06 09:00:48
1657098048711594000,178.5,1,178.0,8,178.5,1,1,2022-07-06 09:00:48
1657098049932751000,178.5,1,178.0,8,179.0,4,1,2022-07-06 09:00:49
1657098051517870000,178.5,2,178.0,8,178.5,2,1,2022-07-06 09:00:51
1657098053729202000,178.5,1,178.0,10,178.5,1,1,2022-07-06 09:00:53
1657098053899531000,178.5,1,178.0,10,179.0,5,1,2022-07-06 09:00:53
1657098054692132000,178.0,8,178.0,2,179.0,5,2,2022-07-06 09:00:54
1657098054721722000,178.0,2,177.5,2,179.0,5,2,2022-07-06 09:00:54
1657098054872291000,178.0,1,178.0,1,178.5,2,2,2022-07-06 09:00:54
1657098054904301000,178.0,1,177.5,2,178.5,2,2,2022-07-06 09:00:54
1657098056886420000,178.5,4,177.5,2,178.5,6,1,2022-07-06 09:00:56
1657098057058734000,178.0,1,177.5,2,178.0,9,1,2022-07-06 09:00:57
1657098057110751000,178.0,1,177.5,2,178.0,9,1,2022-07-06 09:00:57
1657098058261591000,178.0,5,177.5,2,178.0,3,1,2022-07-06 09:00:58
1657098058294484000,178.0,1,177.5,2,178.0,2,1,2022-07-06 09:00:58
1657098058316763000,177.5,1,177.5,1,178.0,2,2,2022-07-06 09:00:58
1657098059062082000,178.0,1,177.5,1,178.0,1,1,2022-07-06 09:00:59
1657098062053389000,178.0,1,178.0,1,178.5,5,1,2022-07-06 09:01:02
1657098062085537000,178.0,1,177.5,1,178.5,5,2,2022-07-06 09:01:02
1657098062118493000,177.5,1,177.0,4,177.5,55,2,2022-07-06 09:01:02
1657098064524184000,177.5,25,177.0,3,177.5,31,1,2022-07-06 09:01:04
1657098066094519000,177.0,1,177.0,2,177.5,31,2,2022-07-06 09:01:06
1657098067711733000,177.5,10,177.0,2,177.5,21,1,2022-07-06 09:01:07
1657098068523101000,177.0,1,177.0,1,177.5,21,2,2022-07-06 09:01:08
1657098076307064000,177.0,1,176.5,5,177.0,7,1,2022-07-06 09:01:16
1657098076339609000,177.0,1,176.5,5,177.0,6,1,2022-07-06 09:01:16
1657098078829441000,177.0,2,176.5,5,177.0,9,1,2022-07-06 09:01:18
1657098078860903000,177.0,2,176.5,5,177.0,7,1,2022-07-06 09:01:18
1657098081968158000,176.5,1,176.5,4,177.0,7,2,2022-07-06 09:01:21
1657098082848547000,177.0,2,176.5,4,177.0,5,1,2022-07-06 09:01:22
1657098085700933000,177.0,1,176.5,4,177.0,4,1,2022-07-06 09:01:25
1657098087573545000,177.0,2,176.5,4,177.0,2,1,2022-07-06 09:01:27
1657098087611314000,177.0,2,176.5,4,177.5,21,1,2022-07-06 09:01:27
1657098090440449000,176.5,2,176.5,4,177.5,21,2,2022-07-06 09:01:30
1657098098560048000,177.5,25,177.0,8,177.5,1,1,2022-07-06 09:01:38
1657098098599167000,177.5,1,177.0,8,178.5,19,1,2022-07-06 09:01:38
1657098108270205000,178.5,1,177.5,3,178.5,21,1,2022-07-06 09:01:48
1657098111117306000,177.5,1,177.5,8,178.0,6,2,2022-07-06 09:01:51
1657098111118198000,178.0,2,177.5,8,178.0,4,1,2022-07-06 09:01:51
1657098114434603000,178.0,1,177.5,8,178.0,3,1,2022-07-06 09:01:54
1657098114461943000,178.0,2,177.5,8,178.0,1,1,2022-07-06 09:01:54
1657098116544410000,178.0,1,178.0,3,178.5,22,1,2022-07-06 09:01:56
1657098118803102000,178.5,1,178.0,4,178.5,22,1,2022-07-06 09:01:58
1657098122715810000,178.5,5,178.0,7,178.5,16,1,2022-07-06 09:02:02
1657098123525775000,178.5,1,178.0,7,178.5,19,1,2022-07-06 09:02:03
1657098126368768000,178.5,1,178.0,9,178.5,19,1,2022-07-06 09:02:06
1657098133291578000,178.0,2,178.0,9,178.5,20,2,2022-07-06 09:02:13
1657098133344960000,178.0,9,177.5,10,178.5,20,2,2022-07-06 09:02:13
1657098133732231000,178.5,1,177.5,10,178.5,19,1,2022-07-06 09:02:13
1657098137581663000,178.5,1,177.5,10,178.5,14,1,2022-07-06 09:02:17
1657098142956788000,177.5,1,177.5,8,178.0,10,2,2022-07-06 09:02:22
1657098146738940000,177.5,11,177.0,24,178.0,14,2,2022-07-06 09:02:26
1657098146862331000,178.0,1,177.0,24,178.0,13,1,2022-07-06 09:02:26
1657098146891687000,177.0,1,177.0,23,178.0,13,2,2022-07-06 09:02:26
1657098151534988000,178.0,12,177.5,1,178.0,1,1,2022-07-06 09:02:31
1657098151564182000,178.0,1,177.5,1,178.5,19,1,2022-07-06 09:02:31
1657098155643025000,177.5,2,177.0,21,178.5,15,2,2022-07-06 09:02:35
1657098155643025000,177.0,3,177.0,21,178.5,15,2,2022-07-06 09:02:35
1657098165409727000,177.5,1,177.5,7,178.5,16,2,2022-07-06 09:02:45
1657098170077407000,177.5,1,177.5,6,178.5,16,2,2022-07-06 09:02:50
1657098172303536000,177.5,5,177.5,2,178.0,5,2,2022-07-06 09:02:52
1657098178872153000,178.0,1,177.5,3,178.0,7,1,2022-07-06 09:02:58
1657098180951553000,177.5,1,177.5,2,178.0,7,2,2022-07-06 09:03:00
1657098187958358000,177.5,1,177.5,5,178.0,7,2,2022-07-06 09:03:07
1657098209998009000,177.5,1,177.5,14,178.0,8,2,2022-07-06 09:03:29
1657098215207327000,177.5,1,177.5,13,178.0,8,2,2022-07-06 09:03:35
1657098216952542000,178.0,1,177.5,13,178.0,7,1,2022-07-06 09:03:36
1657098231336015000,178.0,1,177.5,22,178.0,6,1,2022-07-06 09:03:51
1657098256559359000,178.0,2,177.5,25,178.0,6,1,2022-07-06 09:04:16
1657098257482846000,178.0,1,177.5,25,178.0,5,1,2022-07-06 09:04:17
1657098257933903000,178.0,2,177.5,25,178.0,3,1,2022-07-06 09:04:17
1657098259258564000,178.0,1,177.5,25,178.0,4,1,2022-07-06 09:04:19
1657098259914591000,178.0,2,177.5,25,178.0,2,1,2022-07-06 09:04:19
1657098261016983000,178.0,1,177.5,25,178.0,1,1,2022-07-06 09:04:21
1657098261257310000,178.0,1,177.5,25,178.5,14,1,2022-07-06 09:04:21
1657098267415293000,178.5,5,178.0,5,178.5,8,1,2022-07-06 09:04:27
1657098282476856000,178.5,1,178.0,12,178.5,10,1,2022-07-06 09:04:42
1657098282501144000,178.5,10,178.0,12,179.0,20,1,2022-07-06 09:04:42
1657098290681582000,178.5,1,178.5,1,179.0,20,2,2022-07-06 09:04:50
1657098290720458000,178.5,1,178.0,14,179.0,20,2,2022-07-06 09:04:50
1657098290854125000,178.5,1,178.0,14,179.0,20,2,2022-07-06 09:04:50
1657098291499580000,178.5,1,178.5,1,179.0,18,1,2022-07-06 09:04:51
1657098295625386000,178.5,4,178.0,14,178.5,16,2,2022-07-06 09:04:55
1657098295708301000,178.0,14,177.5,26,178.5,16,2,2022-07-06 09:04:55
1657098296894215000,178.0,2,177.5,26,178.5,14,1,2022-07-06 09:04:56
1657098296894215000,178.5,8,177.5,26,178.5,14,1,2022-07-06 09:04:56
1657098305252177000,178.5,4,177.5,26,178.5,9,1,2022-07-06 09:05:05
1657098314002332000,178.0,2,177.5,21,178.0,11,1,2022-07-06 09:05:14
1657098335489505000,178.0,15,177.5,28,178.0,1,1,2022-07-06 09:05:35
1657098337962307000,178.0,1,177.5,29,178.0,1,1,2022-07-06 09:05:37
1657098338385492000,178.0,1,177.5,29,178.5,16,1,2022-07-06 09:05:38
1657098342566260000,178.0,1,177.5,29,178.0,1,1,2022-07-06 09:05:42
1657098345646380000,178.0,1,177.5,29,178.5,16,1,2022-07-06 09:05:45
1657098377888622000,178.5,1,178.0,31,178.5,8,1,2022-07-06 09:06:17
1657098378429700000,178.5,2,178.0,31,178.5,6,1,2022-07-06 09:06:18
1657098378450535000,178.5,6,178.0,31,179.0,21,1,2022-07-06 09:06:18
1657098389963871000,179.0,1,178.5,2,179.0,17,1,2022-07-06 09:06:29
1657098390353946000,179.0,1,178.5,2,179.0,16,1,2022-07-06 09:06:30
1657098402819094000,179.0,1,178.5,14,179.0,15,1,2022-07-06 09:06:42
1657098402982093000,179.0,2,178.5,14,179.0,13,1,2022-07-06 09:06:42
1657098403178736000,179.0,1,178.5,14,179.0,12,1,2022-07-06 09:06:43
1657098404312510000,179.0,1,178.5,14,179.0,9,1,2022-07-06 09:06:44
1657098405504819000,179.0,1,178.5,14,179.0,8,1,2022-07-06 09:06:45
1657098405656073000,179.0,8,179.0,2,179.5,29,1,2022-07-06 09:06:45
1657098415799936000,179.5,1,179.0,11,179.5,27,1,2022-07-06 09:06:55
1657098417030509000,179.5,5,179.0,14,179.5,22,1,2022-07-06 09:06:57
1657098419455688000,179.5,1,179.0,14,179.5,19,1,2022-07-06 09:06:59
1657098419650436000,179.5,10,179.0,14,179.5,9,1,2022-07-06 09:06:59
1657098419757500000,179.5,1,179.0,15,179.5,11,1,2022-07-06 09:06:59
1657098421498676000,179.5,5,179.0,15,179.5,5,1,2022-07-06 09:07:01
1657098422256887000,179.5,1,179.0,17,179.5,4,1,2022-07-06 09:07:02
1657098422557191000,179.5,2,179.0,17,179.5,2,1,2022-07-06 09:07:02
1657098423928609000,179.5,2,179.5,18,180.0,75,1,2022-07-06 09:07:03
1657098435283215000,180.0,1,179.5,26,180.0,78,1,2022-07-06 09:07:15
1657098440145474000,180.0,1,179.5,27,180.0,77,1,2022-07-06 09:07:20
1657098440883237000,180.0,1,179.5,26,180.0,76,1,2022-07-06 09:07:20
1657098442083016000,180.0,2,179.5,26,180.0,74,1,2022-07-06 09:07:22
1657098443211592000,179.5,2,179.5,24,180.0,74,2,2022-07-06 09:07:23
1657098446214382000,180.0,1,179.5,26,180.0,73,1,2022-07-06 09:07:26
1657098453423069000,179.5,1,179.5,27,180.0,73,2,2022-07-06 09:07:33
1657098455999261000,180.0,1,179.5,28,180.0,71,1,2022-07-06 09:07:35
1657098465319413000,180.0,50,179.5,59,180.0,22,1,2022-07-06 09:07:45
1657098466393492000,180.0,1,179.5,60,180.0,20,1,2022-07-06 09:07:46
1657098466880602000,180.0,2,179.5,60,180.0,18,1,2022-07-06 09:07:46
1657098467896362000,180.0,1,179.5,60,180.0,15,1,2022-07-06 09:07:47
1657098468578149000,180.0,10,179.5,30,180.0,4,1,2022-07-06 09:07:48
1657098468652246000,180.0,1,179.5,30,180.0,3,1,2022-07-06 09:07:48
1657098468692315000,180.0,1,179.5,30,180.0,2,1,2022-07-06 09:07:48
1657098469175920000,180.0,1,179.5,30,180.0,1,1,2022-07-06 09:07:49
1657098469593772000,180.0,1,180.0,1,180.5,65,1,2022-07-06 09:07:49
1657098470324708000,180.0,1,180.0,3,180.5,64,2,2022-07-06 09:07:50
1657098470986003000,180.0,10,179.5,31,180.0,5,2,2022-07-06 09:07:50
1657098471203610000,180.0,1,179.5,31,180.0,4,1,2022-07-06 09:07:51
1657098471334310000,180.0,1,179.5,31,180.0,5,1,2022-07-06 09:07:51
1657098472052791000,180.0,1,179.5,31,180.0,12,1,2022-07-06 09:07:52
1657098472153076000,179.5,1,179.5,30,180.0,11,2,2022-07-06 09:07:52
1657098474575190000,180.0,2,179.5,30,180.0,13,1,2022-07-06 09:07:54
1657098475605683000,180.0,1,179.5,30,180.0,12,1,2022-07-06 09:07:55
1657098475954953000,180.0,1,179.5,30,180.0,11,1,2022-07-06 09:07:55
1657098476289660000,180.0,1,179.5,30,180.0,10,1,2022-07-06 09:07:56
1657098476619818000,180.0,1,179.5,30,180.0,9,1,2022-07-06 09:07:56
1657098478588757000,180.0,1,179.5,39,180.0,11,1,2022-07-06 09:07:58
1657098478611485000,180.0,4,179.5,39,180.0,6,1,2022-07-06 09:07:58
1657098478734733000,180.0,1,179.5,39,180.0,5,1,2022-07-06 09:07:58
1657098479708532000,180.0,1,179.5,39,180.0,4,1,2022-07-06 09:07:59
1657098483729918000,180.0,1,179.5,39,180.0,6,1,2022-07-06 09:08:03
1657098484374383000,180.0,2,179.5,39,180.0,4,1,2022-07-06 09:08:04
1657098486098332000,180.0,4,179.5,39,180.5,64,1,2022-07-06 09:08:06
1657098487731601000,180.0,1,179.5,39,180.0,11,1,2022-07-06 09:08:07
1657098489436571000,180.0,2,179.5,39,180.0,9,1,2022-07-06 09:08:09
1657098490248197000,180.0,1,179.5,39,180.0,8,1,2022-07-06 09:08:10
1657098490686712000,180.0,1,179.5,39,180.0,7,1,2022-07-06 09:08:10
1657098494849382000,180.0,1,179.5,39,180.0,7,1,2022-07-06 09:08:14
1657098495518973000,180.0,1,179.5,39,180.0,8,1,2022-07-06 09:08:15
1657098496275769000,180.0,1,179.5,39,180.0,10,1,2022-07-06 09:08:16
1657098497626028000,180.0,1,179.5,39,180.0,9,1,2022-07-06 09:08:17
1657098498089999000,180.0,1,179.5,39,180.0,8,1,2022-07-06 09:08:18
1657098498823294000,180.0,5,179.5,39,180.0,3,1,2022-07-06 09:08:18
1657098503741120000,180.0,1,179.5,31,180.0,11,1,2022-07-06 09:08:23
1657098508059431000,180.0,1,179.5,29,180.0,10,1,2022-07-06 09:08:28
1657098511550391000,180.0,2,179.5,29,180.0,12,1,2022-07-06 09:08:31
1657098513820021000,180.0,1,179.5,26,180.0,12,1,2022-07-06 09:08:33
1657098514976485000,180.0,1,179.5,26,180.0,16,1,2022-07-06 09:08:34
1657098515659532000,180.0,2,179.5,26,180.0,14,1,2022-07-06 09:08:35
1657098515763389000,180.0,1,179.5,26,180.0,13,1,2022-07-06 09:08:35
1657098520612544000,180.0,1,179.5,28,180.0,15,1,2022-07-06 09:08:40
1657098521689646000,180.0,1,179.5,28,180.0,15,1,2022-07-06 09:08:41
1657098524268578000,180.0,1,179.5,28,180.0,14,1,2022-07-06 09:08:44
1657098526263749000,180.0,1,179.5,28,180.0,14,1,2022-07-06 09:08:46
1657098534175246000,180.0,1,179.5,28,180.0,16,1,2022-07-06 09:08:54
1657098542896420000,179.5,20,179.5,9,180.0,17,2,2022-07-06 09:09:02
1657098542917364000,179.5,9,179.0,15,179.5,2,2,2022-07-06 09:09:02
1657098551072487000,179.0,12,179.0,2,179.5,19,2,2022-07-06 09:09:11
1657098551094595000,179.0,2,178.5,9,179.5,19,2,2022-07-06 09:09:11
1657098556215389000,178.5,1,178.5,28,179.5,21,2,2022-07-06 09:09:16
1657098557469075000,179.5,1,178.5,28,179.5,20,1,2022-07-06 09:09:17
1657098568612823000,179.0,1,178.5,26,179.5,22,1,2022-07-06 09:09:28
1657098618801708000,178.5,12,178.5,17,179.0,17,2,2022-07-06 09:10:18
1657098619477258000,178.5,1,178.5,16,179.0,17,2,2022-07-06 09:10:19
1657098619615439000,179.0,1,178.5,16,179.0,16,1,2022-07-06 09:10:19
1657098622233882000,178.5,3,178.0,27,179.0,18,2,2022-07-06 09:10:22
1657098625563344000,178.5,1,178.0,30,178.5,5,1,2022-07-06 09:10:25
1657098625715713000,178.5,1,178.0,30,178.5,3,1,2022-07-06 09:10:25
1657098626689018000,178.5,2,178.0,30,178.5,6,1,2022-07-06 09:10:26
1657098631579557000,178.5,1,178.0,31,178.5,8,1,2022-07-06 09:10:31
1657098635390530000,178.0,5,178.0,28,178.5,8,2,2022-07-06 09:10:35
1657098706273081000,178.0,1,178.0,11,178.5,11,2,2022-07-06 09:11:46
1657098714972803000,178.0,2,178.0,8,178.5,12,2,2022-07-06 09:11:54
1657098717441788000,178.0,1,178.0,7,178.5,11,2,2022-07-06 09:11:57
1657098722366359000,178.0,1,178.0,7,178.5,11,2,2022-07-06 09:12:02
1657098723117780000,178.0,1,178.0,6,178.5,11,2,2022-07-06 09:12:03
1657098723547128000,178.0,3,178.0,3,178.5,11,2,2022-07-06 09:12:03
1657098723622291000,178.0,1,178.0,2,178.5,11,2,2022-07-06 09:12:03
1657098726291809000,178.5,1,178.0,2,178.5,10,1,2022-07-06 09:12:06
1657098726505123000,178.5,2,178.0,2,178.5,8,1,2022-07-06 09:12:06
1657098726510097000,178.5,1,178.0,1,178.5,7,1,2022-07-06 09:12:06
1657098729629668000,178.0,1,178.0,2,178.5,7,2,2022-07-06 09:12:09
1657098736542820000,178.0,3,178.0,1,178.5,7,2,2022-07-06 09:12:16
1657098740455513000,178.0,1,178.0,1,178.5,8,2,2022-07-06 09:12:20
1657098765022007000,178.5,1,178.0,5,178.5,6,1,2022-07-06 09:12:45
1657098765162566000,178.5,3,178.0,7,178.5,3,1,2022-07-06 09:12:45
1657098771537472000,178.5,2,178.0,8,178.5,3,1,2022-07-06 09:12:51
1657098776831803000,178.5,2,178.0,10,178.5,1,1,2022-07-06 09:12:56
1657098853043877000,179.0,1,178.5,9,179.0,5,1,2022-07-06 09:14:13
1657098853370779000,178.5,1,178.5,8,179.0,5,2,2022-07-06 09:14:13
1657098853393753000,178.5,1,178.5,7,179.0,5,2,2022-07-06 09:14:13
1657098887790218000,178.5,1,178.5,14,179.0,7,2,2022-07-06 09:14:47
1657098892142193000,178.5,5,178.5,9,179.0,8,2,2022-07-06 09:14:52
1657098933649181000,178.5,1,178.5,8,179.0,13,2,2022-07-06 09:15:33
1657098951201555000,178.5,10,178.0,10,179.0,13,2,2022-07-06 09:15:51
1657098955678765000,178.0,2,178.0,10,178.5,19,2,2022-07-06 09:15:55
1657098955717658000,178.0,10,177.5,11,178.5,19,2,2022-07-06 09:15:55
1657098962453393000,178.0,1,178.0,1,178.5,19,1,2022-07-06 09:16:02
1657098962476708000,178.0,1,177.5,11,178.5,19,2,2022-07-06 09:16:02
1657098966746273000,178.5,1,177.5,14,178.5,18,1,2022-07-06 09:16:06
1657098978756603000,178.5,22,178.5,10,179.0,12,1,2022-07-06 09:16:18
1657098979160431000,179.0,2,178.5,11,179.0,12,1,2022-07-06 09:16:19
1657098991185411000,179.0,1,178.5,11,179.0,11,1,2022-07-06 09:16:31
1657098991231575000,179.0,4,178.5,11,179.0,7,1,2022-07-06 09:16:31
1657098993581055000,179.0,1,178.5,11,179.0,7,1,2022-07-06 09:16:33
1657098993923134000,179.0,1,178.5,11,179.0,6,1,2022-07-06 09:16:33
1657099003035175000,179.0,1,178.5,12,179.0,5,1,2022-07-06 09:16:43
1657099035206423000,179.0,2,178.5,2,179.0,8,1,2022-07-06 09:17:15
1657099038444492000,179.0,1,178.5,2,179.0,7,1,2022-07-06 09:17:18
1657099075140248000,178.5,4,178.5,2,179.0,9,2,2022-07-06 09:17:55
1657099075166255000,178.5,2,178.0,16,179.0,9,2,2022-07-06 09:17:55
1657099092011037000,178.0,3,178.0,18,179.0,10,2,2022-07-06 09:18:12
1657099139866339000,178.0,1,178.0,18,178.5,9,2,2022-07-06 09:18:59
1657099162526025000,178.0,1,178.0,17,178.5,10,2,2022-07-06 09:19:22
1657099168929982000,178.0,1,178.0,16,178.5,10,2,2022-07-06 09:19:28
1657099173677499000,178.0,10,178.0,6,178.5,10,2,2022-07-06 09:19:33
1657099173701978000,178.0,6,177.5,16,178.5,10,2,2022-07-06 09:19:33
1657099181400734000,178.0,3,177.5,26,178.5,9,1,2022-07-06 09:19:41
1657099193164607000,178.0,1,177.5,27,178.5,9,1,2022-07-06 09:19:53
1657099210973754000,178.0,1,177.5,26,178.5,9,1,2022-07-06 09:20:10
1657099251274849000,178.5,9,178.0,4,179.0,13,1,2022-07-06 09:20:51
1657099251377551000,179.0,7,178.0,10,179.0,6,1,2022-07-06 09:20:51
1657099251576544000,178.0,1,178.0,10,179.0,13,2,2022-07-06 09:20:51
1657099267491717000,178.0,1,178.0,11,179.0,7,2,2022-07-06 09:21:07
1657099269228057000,178.5,1,178.0,11,179.0,7,1,2022-07-06 09:21:09
1657099277829774000,178.0,1,178.0,11,179.0,6,2,2022-07-06 09:21:17
1657099281534039000,178.0,1,178.0,9,179.0,6,2,2022-07-06 09:21:21
1657099296319469000,178.0,1,178.0,27,179.0,6,2,2022-07-06 09:21:36
1657099374566017000,178.0,1,178.0,22,179.0,10,2,2022-07-06 09:22:54
1657099376972932000,178.5,1,178.0,22,179.0,10,1,2022-07-06 09:22:56
1657099377798560000,178.5,1,178.0,22,179.0,10,2,2022-07-06 09:22:57
1657099428755786000,178.5,1,178.0,6,179.0,10,2,2022-07-06 09:23:48
1657099435430257000,178.0,1,178.0,7,179.0,12,2,2022-07-06 09:23:55
1657099482563002000,178.0,1,178.0,6,179.0,22,2,2022-07-06 09:24:42
1657099484234543000,178.0,1,178.0,5,179.0,22,2,2022-07-06 09:24:44
1657099643831741000,178.5,1,178.0,17,178.5,10,1,2022-07-06 09:27:23
1657099644004199000,178.0,1,178.0,16,178.5,10,2,2022-07-06 09:27:24
1657099644926168000,178.0,1,178.0,15,178.5,10,2,2022-07-06 09:27:24
1657099644980266000,178.0,11,178.0,4,178.5,10,2,2022-07-06 09:27:24
1657099645006843000,178.0,4,177.5,24,178.5,10,2,2022-07-06 09:27:25
1657099646267424000,177.5,2,177.5,19,178.5,10,2,2022-07-06 09:27:26
1657099652188198000,177.5,3,177.5,16,178.0,10,2,2022-07-06 09:27:32
1657099652665427000,177.5,1,177.5,16,178.0,10,2,2022-07-06 09:27:32
1657099676115094000,178.0,1,177.5,14,178.0,10,1,2022-07-06 09:27:56
1657099758973938000,177.5,1,177.5,16,178.0,11,2,2022-07-06 09:29:18
1657099784971122000,177.5,1,177.5,15,178.0,11,2,2022-07-06 09:29:44
1657099800624528000,177.5,1,177.5,9,178.0,15,2,2022-07-06 09:30:00
1657099802726232000,177.5,1,177.5,47,178.0,16,2,2022-07-06 09:30:02
1657099804689617000,178.0,15,178.0,4,178.5,5,1,2022-07-06 09:30:04
1657099804916300000,178.0,1,178.0,5,178.5,3,2,2022-07-06 09:30:04
1657099809257316000,178.0,1,178.0,3,178.5,3,2,2022-07-06 09:30:09
1657099920402498000,178.5,5,178.0,13,178.5,1,1,2022-07-06 09:32:00
1657099920527700000,178.5,1,178.0,13,178.5,1,1,2022-07-06 09:32:00
1657099925967414000,178.5,1,178.0,13,179.0,20,1,2022-07-06 09:32:05
1657099950261604000,178.5,1,178.0,10,179.0,21,2,2022-07-06 09:32:30
1657099993408313000,178.5,1,178.0,11,179.0,23,1,2022-07-06 09:33:13
1657099993763185000,178.0,1,178.0,10,179.0,23,2,2022-07-06 09:33:13
1657100005698270000,178.0,1,178.0,13,179.0,23,2,2022-07-06 09:33:25
1657100107060763000,178.0,1,178.0,5,178.5,9,2,2022-07-06 09:35:07
1657100124702786000,178.0,5,177.5,47,178.5,20,2,2022-07-06 09:35:24
1657100137617909000,178.0,1,177.5,61,178.0,1,2,2022-07-06 09:35:37
1657100159632041000,177.5,1,177.5,60,178.0,11,2,2022-07-06 09:35:59
1657100162734165000,177.5,1,177.5,59,178.0,11,2,2022-07-06 09:36:02
1657100162865464000,177.5,1,177.5,58,178.0,11,2,2022-07-06 09:36:02
1657100167739047000,177.5,1,177.5,57,178.0,11,2,2022-07-06 09:36:07
1657100171357109000,177.5,1,177.5,56,178.0,11,2,2022-07-06 09:36:11
1657100211709735000,178.0,1,177.5,22,178.0,14,1,2022-07-06 09:36:51
1657100261805615000,178.0,5,177.5,25,178.0,11,1,2022-07-06 09:37:41
1657100262957559000,178.0,2,177.5,25,178.0,9,1,2022-07-06 09:37:42
1657100274318374000,178.0,1,177.5,25,178.0,9,1,2022-07-06 09:37:54
1657100291105595000,178.0,5,177.5,25,178.0,4,1,2022-07-06 09:38:11
1657100291848300000,177.5,1,177.5,25,178.0,11,2,2022-07-06 09:38:11
1657100292912657000,177.5,1,177.5,23,178.0,11,2,2022-07-06 09:38:12
1657100319692744000,177.5,1,177.5,22,178.0,17,2,2022-07-06 09:38:39
1657100370166564000,177.5,3,177.5,20,178.0,17,2,2022-07-06 09:39:30
1657100383768109000,178.0,1,177.5,20,178.0,16,1,2022-07-06 09:39:43
1657100384500436000,177.5,3,177.5,17,178.0,16,2,2022-07-06 09:39:44
1657100386405084000,177.5,1,177.5,16,178.0,16,2,2022-07-06 09:39:46
1657100390267265000,177.5,2,177.5,14,178.0,16,2,2022-07-06 09:39:50
1657100390290666000,177.5,2,177.5,12,178.0,16,2,2022-07-06 09:39:50
1657100390312381000,177.5,12,177.0,46,178.0,16,2,2022-07-06 09:39:50
1657100395430250000,177.0,1,177.0,46,177.5,2,2,2022-07-06 09:39:55
1657100400450181000,177.0,1,177.0,45,177.5,11,2,2022-07-06 09:40:00
1657100401484259000,177.0,2,177.0,43,177.5,11,2,2022-07-06 09:40:01
1657100404643117000,177.0,5,177.0,38,177.5,13,2,2022-07-06 09:40:04
1657100405465471000,177.0,1,177.0,37,177.5,13,2,2022-07-06 09:40:05
1657100410478993000,177.0,1,177.0,35,177.5,14,2,2022-07-06 09:40:10
1657100415507670000,177.0,1,177.0,33,177.5,14,2,2022-07-06 09:40:15
1657100419598763000,177.0,20,177.0,13,177.5,14,2,2022-07-06 09:40:19
1657100419625978000,177.0,8,177.0,5,177.5,14,2,2022-07-06 09:40:19
1657100419656438000,177.0,3,177.0,2,177.5,14,2,2022-07-06 09:40:19
1657100419656460000,177.0,2,176.5,31,177.0,1,2,2022-07-06 09:40:19
1657100424802814000,176.5,2,176.5,37,177.0,19,2,2022-07-06 09:40:24
1657100425850984000,176.5,2,176.5,35,177.0,20,2,2022-07-06 09:40:25
1657100429445738000,176.5,1,176.5,34,177.0,20,2,2022-07-06 09:40:29
1657100429840367000,176.5,2,176.5,32,177.0,21,2,2022-07-06 09:40:29
1657100430757590000,176.5,20,176.5,12,177.0,22,2,2022-07-06 09:40:30
1657100430862420000,177.0,1,176.5,12,177.0,21,1,2022-07-06 09:40:30
1657100430872003000,176.5,1,176.5,11,177.0,21,2,2022-07-06 09:40:30
1657100432375457000,176.5,1,176.5,17,177.0,21,2,2022-07-06 09:40:32
1657100432769541000,177.0,1,176.5,16,177.0,20,1,2022-07-06 09:40:32
1657100434147690000,176.5,4,176.5,12,177.0,20,2,2022-07-06 09:40:34
1657100434487617000,176.5,1,176.5,11,177.0,20,2,2022-07-06 09:40:34
1657100434776557000,176.5,1,176.5,10,177.0,20,2,2022-07-06 09:40:34
1657100434881886000,176.5,2,176.5,8,177.0,20,2,2022-07-06 09:40:34
1657100436612754000,176.5,5,176.5,3,177.0,15,2,2022-07-06 09:40:36
1657100436621746000,176.5,1,176.5,2,177.0,15,2,2022-07-06 09:40:36
1657100437635796000,176.5,1,176.5,25,177.0,15,2,2022-07-06 09:40:37
1657100439898863000,176.5,1,176.5,25,177.0,18,2,2022-07-06 09:40:39
1657100441310035000,176.5,1,176.5,24,177.0,17,2,2022-07-06 09:40:41
1657100443693458000,176.5,2,176.5,22,177.0,17,2,2022-07-06 09:40:43
1657100444731254000,176.5,1,176.5,21,177.0,16,2,2022-07-06 09:40:44
1657100444933058000,176.5,1,176.5,20,177.0,16,2,2022-07-06 09:40:44
1657100446563275000,176.5,20,176.5,1,177.0,16,2,2022-07-06 09:40:46
1657100446595166000,176.5,1,176.0,28,177.0,16,2,2022-07-06 09:40:46
1657100446645956000,176.5,1,176.0,27,177.0,16,1,2022-07-06 09:40:46
1657100446680620000,176.5,1,176.5,3,177.0,16,2,2022-07-06 09:40:46
1657100448755868000,176.5,2,176.5,25,177.0,18,2,2022-07-06 09:40:48
1657100451762908000,176.5,2,176.5,23,177.0,18,2,2022-07-06 09:40:51
1657100452978093000,176.5,5,176.5,18,177.0,18,2,2022-07-06 09:40:52
1657100453070516000,176.5,1,176.5,17,177.0,18,2,2022-07-06 09:40:53
1657100456058352000,176.5,1,176.5,16,177.0,18,2,2022-07-06 09:40:56
1657100456793328000,176.5,2,176.5,14,177.0,18,2,2022-07-06 09:40:56
1657100457983576000,176.5,1,176.5,14,177.0,19,2,2022-07-06 09:40:57
1657100461587677000,176.5,7,176.5,28,177.0,19,2,2022-07-06 09:41:01
1657100461804098000,176.5,1,176.5,27,177.0,19,2,2022-07-06 09:41:01
1657100462424603000,176.5,5,176.5,22,177.0,19,2,2022-07-06 09:41:02
1657100464579792000,176.5,20,176.5,2,177.0,19,2,2022-07-06 09:41:04
1657100464618295000,176.5,2,176.0,28,176.5,1,2,2022-07-06 09:41:04
1657100466929013000,176.5,1,176.0,32,176.5,10,1,2022-07-06 09:41:06
1657100469727433000,176.0,1,176.0,31,176.5,9,2,2022-07-06 09:41:09
1657100474747614000,176.0,1,176.0,30,176.5,11,2,2022-07-06 09:41:14
1657100475171553000,176.5,11,176.5,9,177.0,19,1,2022-07-06 09:41:15
1657100480261552000,176.5,1,176.5,13,177.0,19,2,2022-07-06 09:41:20
1657100482872426000,176.5,1,176.5,12,177.0,20,2,2022-07-06 09:41:22
1657100485280386000,176.5,1,176.5,13,177.0,21,2,2022-07-06 09:41:25
1657100490285840000,176.5,1,176.5,35,177.0,19,2,2022-07-06 09:41:30
1657100495300769000,176.5,1,176.5,34,177.0,17,2,2022-07-06 09:41:35
1657100500318570000,176.5,1,176.5,39,177.0,17,2,2022-07-06 09:41:40
1657100505325440000,176.5,1,176.5,38,177.0,17,2,2022-07-06 09:41:45
1657100523130156000,177.0,1,176.5,39,177.0,18,1,2022-07-06 09:42:03
1657100523169499000,177.0,18,176.5,39,177.5,19,1,2022-07-06 09:42:03
1657100542054956000,177.5,17,177.5,6,178.0,13,1,2022-07-06 09:42:22
1657100549977794000,178.0,1,177.5,6,178.0,6,1,2022-07-06 09:42:29
1657100556113693000,178.0,1,177.5,10,178.0,4,1,2022-07-06 09:42:36
1657100581061777000,178.0,1,177.5,7,178.0,5,1,2022-07-06 09:43:01
1657100587136991000,178.0,3,177.5,8,178.0,7,1,2022-07-06 09:43:07
1657100616034297000,178.0,5,177.5,3,178.5,11,1,2022-07-06 09:43:36
1657100618350014000,178.0,1,177.5,8,178.5,13,1,2022-07-06 09:43:38
1657100623865558000,178.0,5,177.5,8,178.5,13,1,2022-07-06 09:43:43
1657100652135723000,178.0,1,177.5,3,178.5,13,1,2022-07-06 09:44:12
1657100653390404000,178.0,1,177.5,10,178.5,11,1,2022-07-06 09:44:13
1657100662519120000,178.0,1,177.5,20,178.5,10,1,2022-07-06 09:44:22
1657100735450148000,178.5,5,178.0,11,178.5,10,1,2022-07-06 09:45:35
1657100735484243000,178.5,10,178.0,11,179.0,31,1,2022-07-06 09:45:35
1657100746595563000,178.5,1,178.0,13,179.0,31,1,2022-07-06 09:45:46
1657100815202827000,178.5,2,178.0,11,179.0,33,1,2022-07-06 09:46:55
1657100831318114000,178.5,2,178.0,19,179.0,33,1,2022-07-06 09:47:11
1657100838102626000,178.5,1,178.0,21,179.0,32,1,2022-07-06 09:47:18
1657100892623959000,178.5,7,178.0,13,178.5,3,2,2022-07-06 09:48:12
1657100906911592000,178.5,1,178.0,13,178.5,2,1,2022-07-06 09:48:26
1657100906943044000,178.5,2,178.0,11,179.0,32,1,2022-07-06 09:48:26
1657100922726951000,178.5,1,178.5,5,179.0,33,2,2022-07-06 09:48:42
1657100940568584000,178.5,1,178.0,12,179.0,33,2,2022-07-06 09:49:00
1657100946142945000,178.5,1,178.0,14,179.0,33,1,2022-07-06 09:49:06
1657101003452081000,178.5,4,178.5,1,179.0,32,1,2022-07-06 09:50:03
1657101009763693000,179.0,7,178.5,9,179.0,25,1,2022-07-06 09:50:09
1657101009791640000,179.0,25,178.5,9,179.5,33,1,2022-07-06 09:50:09
1657101017225599000,179.5,4,179.0,8,179.5,25,1,2022-07-06 09:50:17
1657101028629977000,179.5,1,179.0,9,179.5,24,1,2022-07-06 09:50:28
1657101036201871000,179.5,5,179.0,9,179.5,20,1,2022-07-06 09:50:36
1657101036222421000,179.5,20,179.0,9,180.0,44,1,2022-07-06 09:50:36
1657101039375075000,180.0,2,179.0,12,180.0,40,1,2022-07-06 09:50:39
1657101040885868000,179.0,5,179.0,7,180.0,39,2,2022-07-06 09:50:40
1657101041513654000,179.5,1,179.5,2,180.0,39,2,2022-07-06 09:50:41
1657101044044845000,180.0,3,179.5,8,180.0,39,1,2022-07-06 09:50:44
1657101045936828000,179.5,1,179.5,8,180.0,36,2,2022-07-06 09:50:45
1657101048173986000,180.0,8,179.5,11,180.0,29,1,2022-07-06 09:50:48
1657101052510328000,180.0,1,179.5,14,180.0,30,1,2022-07-06 09:50:52
1657101053308448000,180.0,8,179.5,15,180.0,20,1,2022-07-06 09:50:53
1657101054087206000,180.0,2,179.5,17,180.0,21,1,2022-07-06 09:50:54
1657101055020580000,180.0,1,179.5,17,180.0,18,1,2022-07-06 09:50:55
1657101056350086000,180.0,10,179.5,18,180.0,8,1,2022-07-06 09:50:56
1657101056565507000,180.0,5,179.5,18,180.0,3,1,2022-07-06 09:50:56
1657101056599874000,180.0,3,179.5,18,180.5,62,1,2022-07-06 09:50:56
1657101060247460000,180.5,1,180.0,8,180.5,45,1,2022-07-06 09:51:00
1657101061329924000,180.5,3,180.0,8,180.5,42,1,2022-07-06 09:51:01
1657101062969047000,180.5,1,180.0,9,180.5,41,1,2022-07-06 09:51:02
1657101071956960000,180.5,10,180.0,8,180.5,31,1,2022-07-06 09:51:11
1657101073138219000,180.0,4,180.0,6,180.5,30,2,2022-07-06 09:51:13
1657101073988358000,180.5,2,180.0,6,180.5,29,1,2022-07-06 09:51:13
1657101074287333000,180.5,1,180.0,6,180.5,28,1,2022-07-06 09:51:14
1657101076397494000,180.5,1,180.0,6,180.5,28,1,2022-07-06 09:51:16
1657101076641306000,180.5,2,180.0,7,180.5,28,1,2022-07-06 09:51:16
1657101077678200000,180.5,1,180.0,7,180.5,25,1,2022-07-06 09:51:17
1657101078973007000,180.5,1,180.0,9,180.5,26,1,2022-07-06 09:51:18
1657101080294866000,180.5,1,180.0,10,180.5,24,1,2022-07-06 09:51:20
1657101089281620000,180.5,1,180.0,14,180.5,29,1,2022-07-06 09:51:29
1657101091134956000,180.0,14,179.5,13,180.0,6,2,2022-07-06 09:51:31
1657101091253096000,180.0,1,179.5,13,180.0,5,1,2022-07-06 09:51:31
1657101092759643000,180.0,5,179.5,13,180.5,32,1,2022-07-06 09:51:32
1657101098872326000,180.0,4,179.5,12,180.5,29,1,2022-07-06 09:51:38
1657101098872326000,180.5,1,179.5,12,180.5,29,1,2022-07-06 09:51:38
1657101103161589000,180.0,1,179.5,14,180.0,7,1,2022-07-06 09:51:43
1657101106403507000,180.0,1,179.5,16,180.0,15,1,2022-07-06 09:51:46
1657101106708809000,180.0,1,179.5,16,180.0,14,1,2022-07-06 09:51:46
1657101108340414000,180.0,1,179.5,16,180.0,13,1,2022-07-06 09:51:48
1657101109434668000,180.0,1,179.5,16,180.0,13,1,2022-07-06 09:51:49
1657101109865190000,180.0,1,179.5,16,180.0,12,1,2022-07-06 09:51:49
1657101110020934000,180.0,1,179.5,16,180.0,11,1,2022-07-06 09:51:50
1657101110045370000,180.0,3,179.5,16,180.0,12,1,2022-07-06 09:51:50
1657101110930723000,180.0,1,179.5,15,180.0,6,1,2022-07-06 09:51:50
1657101111018077000,180.0,1,179.5,15,180.0,6,1,2022-07-06 09:51:51
1657101112356950000,180.0,1,179.5,15,180.0,4,1,2022-07-06 09:51:52
1657101122615323000,180.0,5,179.5,16,180.5,42,1,2022-07-06 09:52:02
1657101143845479000,180.0,1,180.0,10,180.5,42,2,2022-07-06 09:52:23
1657101145598574000,180.5,1,180.0,9,180.5,41,1,2022-07-06 09:52:25
1657101147090217000,180.0,1,180.0,8,180.5,41,2,2022-07-06 09:52:27
1657101151862192000,180.0,1,180.0,7,180.5,42,2,2022-07-06 09:52:31
1657101155600722000,180.0,2,180.0,5,180.5,42,2,2022-07-06 09:52:35
1657101159576359000,180.0,5,179.5,13,180.0,3,2,2022-07-06 09:52:39
1657101160305039000,180.0,1,179.5,7,180.0,3,1,2022-07-06 09:52:40
1657101188195018000,179.5,1,179.5,6,180.0,9,2,2022-07-06 09:53:08
1657101188311545000,180.0,1,179.5,6,180.0,8,1,2022-07-06 09:53:08
1657101203691907000,180.0,2,179.5,10,180.0,9,1,2022-07-06 09:53:23
1657101248178258000,180.0,1,179.5,16,180.0,11,1,2022-07-06 09:54:08
1657101248230896000,180.0,11,179.5,16,180.5,43,1,2022-07-06 09:54:08
1657101248346067000,180.5,1,179.5,18,180.5,42,1,2022-07-06 09:54:08
1657101264120020000,180.5,1,180.0,8,180.5,40,1,2022-07-06 09:54:24
1657101285424379000,180.5,1,180.0,19,180.5,38,1,2022-07-06 09:54:45
1657101285831659000,180.5,1,180.0,19,180.5,37,1,2022-07-06 09:54:45
1657101286763366000,180.5,3,180.0,19,180.5,34,1,2022-07-06 09:54:46
1657101287617116000,180.5,1,180.0,20,180.5,33,1,2022-07-06 09:54:47
1657101288594845000,180.5,5,180.0,20,180.5,26,1,2022-07-06 09:54:48
1657101289315908000,180.5,2,180.0,20,180.5,23,1,2022-07-06 09:54:49
1657101290438143000,180.5,1,180.0,20,180.5,22,1,2022-07-06 09:54:50
1657101290710010000,180.5,1,180.0,20,180.5,21,1,2022-07-06 09:54:50
1657101290833118000,180.5,1,180.0,21,180.5,20,1,2022-07-06 09:54:50
1657101290865734000,180.5,20,180.0,21,181.0,64,1,2022-07-06 09:54:50
1657101292231236000,181.0,1,180.5,5,181.0,64,1,2022-07-06 09:54:52
1657101300139827000,181.0,1,180.5,4,181.0,60,1,2022-07-06 09:55:00
1657101309502160000,180.5,8,180.0,19,180.5,12,2,2022-07-06 09:55:09
1657101320659578000,180.0,29,179.5,15,180.0,1,2,2022-07-06 09:55:20
1657101325571523000,180.0,1,179.5,8,180.0,3,1,2022-07-06 09:55:25
1657101326646822000,179.5,2,179.5,7,180.0,3,2,2022-07-06 09:55:26
1657101331644294000,180.0,1,179.5,8,180.0,2,1,2022-07-06 09:55:31
1657101332451768000,180.0,2,179.5,15,180.0,1,1,2022-07-06 09:55:32
1657101332482495000,180.0,1,179.5,15,180.5,20,1,2022-07-06 09:55:32
1657101340314076000,180.0,1,179.5,16,180.0,3,1,2022-07-06 09:55:40
1657101368064904000,180.0,3,179.5,16,180.0,3,1,2022-07-06 09:56:08
1657101368089089000,180.0,3,179.5,16,180.5,22,1,2022-07-06 09:56:08
1657101393950008000,180.5,1,180.0,6,180.5,20,1,2022-07-06 09:56:33
1657101413498446000,180.0,3,180.0,5,180.5,20,2,2022-07-06 09:56:53
1657101415909021000,180.5,1,180.0,5,180.5,19,1,2022-07-06 09:56:55
1657101419526566000,180.0,1,180.0,5,180.5,19,2,2022-07-06 09:56:59
1657101427412530000,180.0,3,179.5,12,180.0,9,2,2022-07-06 09:57:07
1657101511741865000,180.0,1,179.5,9,180.0,10,1,2022-07-06 09:58:31
1657101537019761000,179.5,8,179.0,11,179.5,10,2,2022-07-06 09:58:57
1657101542147154000,179.0,1,179.0,8,179.5,10,2,2022-07-06 09:59:02
1657101547113782000,179.0,1,179.0,4,179.5,11,2,2022-07-06 09:59:07
1657101547446999000,179.0,1,179.0,3,179.5,11,2,2022-07-06 09:59:07
1657101550680683000,179.0,3,178.5,10,179.0,7,2,2022-07-06 09:59:10
1657101552180256000,179.0,6,178.5,25,179.0,1,1,2022-07-06 09:59:12
1657101552212821000,179.0,1,178.5,25,179.5,11,1,2022-07-06 09:59:12
1657101552278431000,178.5,1,178.5,28,179.5,11,2,2022-07-06 09:59:12
1657101554622691000,178.5,1,178.5,23,179.5,11,2,2022-07-06 09:59:14
1657101557340156000,178.5,1,178.5,22,179.5,11,2,2022-07-06 09:59:17
1657101562355481000,178.5,1,178.5,21,179.5,11,2,2022-07-06 09:59:22
1657101566252804000,179.0,1,178.5,23,179.5,10,1,2022-07-06 09:59:26
1657101571376709000,179.0,1,179.0,8,179.5,11,2,2022-07-06 09:59:31
1657101576390625000,179.0,1,179.0,7,179.5,11,2,2022-07-06 09:59:36
1657101581402929000,179.0,1,179.0,7,179.5,11,2,2022-07-06 09:59:41
1657101607027737000,179.0,1,179.0,6,179.5,12,2,2022-07-06 10:00:07
1657101612230699000,179.0,1,179.0,3,179.5,12,2,2022-07-06 10:00:12
1657101619297844000,179.0,2,179.0,1,179.5,12,2,2022-07-06 10:00:19
1657101634025470000,179.0,1,179.0,1,179.5,14,2,2022-07-06 10:00:34
1657101643406862000,179.0,2,178.5,9,179.0,8,2,2022-07-06 10:00:43
1657101643447446000,179.0,1,178.5,9,179.0,7,1,2022-07-06 10:00:43
1657101644248796000,179.0,1,178.5,10,179.0,6,1,2022-07-06 10:00:44
1657101644287755000,179.0,6,178.5,10,179.5,14,1,2022-07-06 10:00:44
1657101660610821000,179.5,14,179.0,6,180.0,30,1,2022-07-06 10:01:00
1657101660962611000,180.0,3,179.0,8,180.0,27,1,2022-07-06 10:01:00
1657101666332343000,180.0,5,179.0,8,180.0,22,1,2022-07-06 10:01:06
1657101678235914000,179.5,10,179.0,8,180.0,20,1,2022-07-06 10:01:18
1657101878334955000,180.0,1,179.5,9,180.0,23,1,2022-07-06 10:04:38
1657101891908045000,180.0,10,179.5,9,180.0,13,1,2022-07-06 10:04:51
1657101916387996000,180.0,1,179.5,10,180.0,12,1,2022-07-06 10:05:16
1657101928485538000,180.0,1,179.5,9,180.0,18,1,2022-07-06 10:05:28
1657101930352632000,180.0,1,179.5,9,180.0,17,1,2022-07-06 10:05:30
1657102041876626000,179.5,1,179.5,18,180.0,37,2,2022-07-06 10:07:21
1657102051861813000,179.5,1,179.5,13,180.0,37,2,2022-07-06 10:07:31
1657102057808992000,180.0,3,179.5,15,180.0,35,1,2022-07-06 10:07:37
1657102064546628000,180.0,1,179.5,15,180.0,35,1,2022-07-06 10:07:44
1657102064705966000,179.5,1,179.5,14,180.0,34,2,2022-07-06 10:07:44
1657102144229693000,179.5,1,179.5,16,180.0,45,2,2022-07-06 10:09:04
1657102144254789000,179.5,3,179.5,13,180.0,45,2,2022-07-06 10:09:04
1657102144275214000,179.5,5,179.5,8,180.0,45,2,2022-07-06 10:09:04
1657102144327269000,179.5,1,179.5,7,180.0,45,2,2022-07-06 10:09:04
1657102145486965000,179.5,2,179.5,5,180.0,43,2,2022-07-06 10:09:05
1657102147626263000,179.5,1,179.5,4,180.0,43,2,2022-07-06 10:09:07
1657102154826401000,179.5,4,179.0,8,180.0,43,2,2022-07-06 10:09:14
1657102184629580000,179.0,2,179.0,3,179.5,12,2,2022-07-06 10:09:44
1657102185016424000,179.0,1,179.0,2,179.5,12,2,2022-07-06 10:09:45
1657102185038188000,179.0,2,178.5,17,179.5,12,2,2022-07-06 10:09:45
1657102192727958000,179.0,3,178.5,14,179.0,4,1,2022-07-06 10:09:52
1657102199912837000,179.0,1,178.5,14,179.0,2,1,2022-07-06 10:09:59
1657102205750840000,179.0,3,178.5,13,179.0,9,1,2022-07-06 10:10:05
1657102210857143000,179.0,2,178.5,12,179.0,7,1,2022-07-06 10:10:10
1657102231228913000,178.5,10,178.0,71,179.0,9,2,2022-07-06 10:10:31
1657102232981007000,178.5,1,178.0,56,179.0,12,1,2022-07-06 10:10:32
1657102238093256000,178.0,1,178.0,55,178.5,1,2,2022-07-06 10:10:38
1657102238406928000,178.0,1,178.0,54,178.5,1,2,2022-07-06 10:10:38
1657102243118421000,178.0,1,178.0,53,178.5,3,2,2022-07-06 10:10:43
1657102248134978000,178.0,1,178.0,52,178.5,3,2,2022-07-06 10:10:48
1657102250141857000,178.0,1,178.0,51,178.5,3,2,2022-07-06 10:10:50
1657102251735131000,178.0,1,178.0,50,178.5,3,2,2022-07-06 10:10:51
1657102253166262000,178.0,1,178.0,49,178.5,3,2,2022-07-06 10:10:53
1657102288881863000,178.0,1,178.0,37,178.5,4,2,2022-07-06 10:11:28
1657102325078697000,178.0,2,178.0,35,178.5,6,2,2022-07-06 10:12:05
1657102335265404000,178.0,1,178.0,35,178.5,6,2,2022-07-06 10:12:15
1657102347159595000,178.0,1,178.0,33,178.5,6,2,2022-07-06 10:12:27
1657102365097422000,178.5,1,178.0,34,178.5,6,1,2022-07-06 10:12:45
1657102378740415000,178.5,1,178.0,34,178.5,5,1,2022-07-06 10:12:58
1657102396820460000,178.0,2,178.0,32,178.5,6,2,2022-07-06 10:13:16
1657102438573197000,178.5,7,178.0,38,179.0,16,1,2022-07-06 10:13:58
1657102443714516000,178.5,1,178.5,1,179.0,14,1,2022-07-06 10:14:03
1657102478671058000,179.0,16,178.5,9,179.5,24,1,2022-07-06 10:14:38
1657102485023993000,179.0,2,178.5,11,179.5,24,1,2022-07-06 10:14:45
1657102493006277000,179.0,4,178.5,11,179.5,24,2,2022-07-06 10:14:53
1657102493730139000,179.5,24,178.5,11,180.0,59,1,2022-07-06 10:14:53
1657102535739397000,179.0,5,178.5,14,179.5,13,2,2022-07-06 10:15:35
1657102567904327000,179.0,12,178.5,14,179.0,1,1,2022-07-06 10:16:07
1657102574063585000,178.5,13,178.0,41,179.0,13,2,2022-07-06 10:16:14
1657102583436723000,179.0,18,178.0,37,179.5,35,1,2022-07-06 10:16:23
1657102588085919000,179.0,1,178.0,45,179.5,33,2,2022-07-06 10:16:28
1657102619673273000,179.0,1,178.0,54,179.5,28,1,2022-07-06 10:16:59
1657102761601533000,179.0,15,178.5,6,179.5,30,1,2022-07-06 10:19:21
1657102773030060000,179.0,5,178.5,6,179.0,5,1,2022-07-06 10:19:33
1657102778538967000,179.0,5,178.5,7,179.0,2,1,2022-07-06 10:19:38
1657102810755945000,179.0,1,178.5,9,179.0,1,1,2022-07-06 10:20:10
1657102810782557000,179.0,1,178.5,7,179.5,29,1,2022-07-06 10:20:10
1657102881342685000,179.0,1,179.0,2,179.5,29,2,2022-07-06 10:21:21
1657102904304865000,179.0,1,179.0,1,179.5,29,2,2022-07-06 10:21:44
1657102940705776000,179.5,3,179.0,1,179.5,27,1,2022-07-06 10:22:20
1657102965934102000,179.5,27,179.5,3,180.0,45,1,2022-07-06 10:22:45
1657102994371022000,179.5,4,179.0,4,179.5,1,2,2022-07-06 10:23:14
1657102994540799000,179.5,1,179.0,6,179.5,1,1,2022-07-06 10:23:14
1657103000112309000,179.5,1,179.0,6,179.5,2,1,2022-07-06 10:23:20
1657103001426991000,179.5,1,179.0,6,179.5,1,1,2022-07-06 10:23:21
1657103001461480000,179.5,1,179.0,6,180.0,47,1,2022-07-06 10:23:21
1657103005425102000,179.5,1,179.5,2,180.0,47,2,2022-07-06 10:23:25
1657103007653204000,179.5,1,179.0,10,180.0,47,2,2022-07-06 10:23:27
1657103034288619000,179.5,1,179.0,6,180.0,47,1,2022-07-06 10:23:54
1657103043091258000,180.0,20,179.5,20,180.0,27,1,2022-07-06 10:24:03
1657103043127348000,180.0,11,179.5,22,180.0,16,1,2022-07-06 10:24:03
1657103060695927000,180.0,10,179.5,22,180.0,3,1,2022-07-06 10:24:20
1657103060723026000,180.0,1,179.5,22,180.0,2,1,2022-07-06 10:24:20
1657103066115369000,180.0,1,179.5,22,180.0,4,1,2022-07-06 10:24:26
1657103069389123000,180.0,1,179.5,22,180.0,3,1,2022-07-06 10:24:29
1657103073453387000,180.0,1,179.5,22,180.0,4,1,2022-07-06 10:24:33
1657103077600925000,180.0,1,179.5,22,180.0,3,1,2022-07-06 10:24:37
1657103080831175000,180.0,1,179.5,22,180.0,3,1,2022-07-06 10:24:40
1657103088321392000,180.0,1,179.5,22,180.0,2,1,2022-07-06 10:24:48
1657103133490404000,179.5,3,179.5,17,180.0,20,2,2022-07-06 10:25:33
1657103142657897000,180.0,3,179.5,17,180.0,18,1,2022-07-06 10:25:42
1657103155739704000,180.0,1,179.5,17,180.0,17,1,2022-07-06 10:25:55
1657103199336797000,180.0,5,179.5,28,180.0,23,1,2022-07-06 10:26:39
1657103216887354000,180.0,1,179.5,28,180.0,21,1,2022-07-06 10:26:56
1657103225405583000,180.0,1,179.5,28,180.0,21,1,2022-07-06 10:27:05
1657103317605746000,180.0,20,179.5,28,180.0,35,1,2022-07-06 10:28:37
1657103330626029000,180.0,30,179.5,28,180.0,5,1,2022-07-06 10:28:50
1657103330652681000,180.0,5,179.5,30,180.5,68,1,2022-07-06 10:28:50
1657103336142896000,180.0,6,179.5,31,180.0,4,2,2022-07-06 10:28:56
1657103336580706000,180.0,4,179.5,31,180.5,68,1,2022-07-06 10:28:56
1657103337266203000,180.5,39,179.5,33,180.5,29,1,2022-07-06 10:28:57
1657103344842895000,180.5,1,180.0,27,180.5,30,1,2022-07-06 10:29:04
1657103348755377000,180.0,3,180.0,24,180.5,30,2,2022-07-06 10:29:08
1657103400608388000,180.0,6,180.0,15,180.5,36,2,2022-07-06 10:30:00
1657103401603779000,180.0,5,180.0,10,180.5,36,2,2022-07-06 10:30:01
1657103418855787000,180.0,10,180.0,5,180.5,39,2,2022-07-06 10:30:18
1657103425660864000,180.0,1,180.0,4,180.5,39,2,2022-07-06 10:30:25
1657103437151678000,180.0,1,180.0,3,180.5,36,2,2022-07-06 10:30:37
1657103438321204000,180.0,4,180.0,3,180.5,36,2,2022-07-06 10:30:38
1657103467252252000,180.0,12,180.0,8,180.5,40,1,2022-07-06 10:31:07
1657103467450753000,180.0,4,180.0,8,180.5,40,2,2022-07-06 10:31:07
1657103474789406000,180.0,4,179.5,35,180.0,16,2,2022-07-06 10:31:14
1657103514582560000,180.0,5,179.5,33,180.0,12,1,2022-07-06 10:31:54
1657103538137786000,179.5,5,179.5,28,180.0,13,2,2022-07-06 10:32:18
1657103540168457000,179.5,1,179.5,25,180.0,18,2,2022-07-06 10:32:20
1657103545188646000,179.5,1,179.5,24,180.0,22,2,2022-07-06 10:32:25
1657103593668311000,180.0,1,179.5,24,180.0,24,1,2022-07-06 10:33:13
1657103654442959000,180.0,5,179.5,25,180.0,34,1,2022-07-06 10:34:14
1657103684113947000,179.5,1,179.5,25,180.0,33,2,2022-07-06 10:34:44
1657103695695295000,180.0,5,179.5,25,180.0,28,1,2022-07-06 10:34:55
1657103736204133000,180.0,1,179.5,26,180.0,28,1,2022-07-06 10:35:36
1657103849680587000,179.5,1,179.5,27,180.0,40,2,2022-07-06 10:37:29
1657103851516898000,180.0,1,179.5,27,180.0,39,1,2022-07-06 10:37:31
1657103876374586000,180.0,5,179.5,27,180.0,34,1,2022-07-06 10:37:56
1657104012490245000,180.0,1,179.5,28,180.0,34,1,2022-07-06 10:40:12
1657104059212355000,180.0,5,179.5,27,180.0,29,1,2022-07-06 10:40:59
1657104060390860000,180.0,1,179.5,27,180.0,29,1,2022-07-06 10:41:00
1657104105211712000,180.0,1,179.5,28,180.0,31,1,2022-07-06 10:41:45
1657104143970127000,180.0,1,179.5,28,180.0,31,1,2022-07-06 10:42:23
1657104164956107000,179.5,13,179.5,15,180.0,46,2,2022-07-06 10:42:44
1657104164989050000,179.5,3,179.5,12,180.0,46,2,2022-07-06 10:42:44
1657104164989344000,179.5,12,179.0,31,180.0,46,2,2022-07-06 10:42:44
1657104170104107000,179.0,1,179.0,29,179.5,11,2,2022-07-06 10:42:50
1657104175137799000,179.0,1,179.0,27,179.5,13,2,2022-07-06 10:42:55
1657104180137462000,179.0,1,179.0,26,179.5,13,2,2022-07-06 10:43:00
1657104185163897000,179.0,1,179.0,30,179.5,14,2,2022-07-06 10:43:05
1657104190189631000,179.0,1,179.0,29,179.5,14,2,2022-07-06 10:43:10
1657104193181772000,179.0,1,179.0,28,179.5,13,2,2022-07-06 10:43:13
1657104195207301000,179.0,1,179.0,27,179.5,13,2,2022-07-06 10:43:15
1657104200224669000,179.0,1,179.0,26,179.5,13,2,2022-07-06 10:43:20
1657104205251428000,179.0,1,179.0,25,179.5,8,2,2022-07-06 10:43:25
1657104210023123000,179.0,1,179.0,24,179.5,8,2,2022-07-06 10:43:30
1657104210260485000,179.0,1,179.0,23,179.5,8,2,2022-07-06 10:43:30
1657104232602535000,179.0,1,179.0,22,179.5,14,2,2022-07-06 10:43:52
1657104238827246000,179.0,2,179.0,20,179.5,14,2,2022-07-06 10:43:58
1657104239150460000,179.5,5,179.0,20,179.5,9,1,2022-07-06 10:43:59
1657104266167898000,179.0,1,179.0,19,179.5,6,2,2022-07-06 10:44:26
1657104274579299000,179.0,1,179.0,18,179.5,6,2,2022-07-06 10:44:34
1657104308265581000,179.0,1,179.0,17,179.5,13,2,2022-07-06 10:45:08
1657104398375922000,179.5,10,179.0,20,179.5,3,1,2022-07-06 10:46:38
1657104398411433000,179.5,3,179.0,25,180.0,63,1,2022-07-06 10:46:38
1657104398472844000,179.5,1,179.0,28,180.0,60,1,2022-07-06 10:46:38
1657104398963101000,180.0,2,179.0,32,180.0,60,1,2022-07-06 10:46:38
1657104399858930000,179.5,1,179.0,32,180.0,58,1,2022-07-06 10:46:39
1657104403138775000,180.0,19,179.0,42,180.0,39,1,2022-07-06 10:46:43
1657104403170830000,180.0,39,179.0,42,180.5,65,1,2022-07-06 10:46:43
1657104404013031000,180.5,9,179.5,4,180.5,56,1,2022-07-06 10:46:44
1657104405009739000,180.5,1,179.5,15,180.5,55,1,2022-07-06 10:46:45
1657104419933469000,180.5,5,180.0,10,180.5,43,1,2022-07-06 10:46:59
1657104420571110000,180.5,1,180.0,15,180.5,42,1,2022-07-06 10:47:00
1657104454860190000,180.5,1,180.0,10,180.5,41,1,2022-07-06 10:47:34
1657104473083321000,180.5,1,180.0,6,180.5,41,1,2022-07-06 10:47:53
1657104514176369000,180.0,1,180.0,5,180.5,45,2,2022-07-06 10:48:34
1657104532018161000,180.5,1,180.0,7,180.5,44,1,2022-07-06 10:48:52
1657104532216723000,180.5,1,180.0,6,180.5,43,1,2022-07-06 10:48:52
1657104543806972000,180.0,3,180.0,3,180.5,47,2,2022-07-06 10:49:03
1657104553639876000,180.0,1,179.5,27,180.0,9,2,2022-07-06 10:49:13
1657104553784622000,180.0,9,179.5,27,180.5,47,1,2022-07-06 10:49:13
1657104562121903000,180.0,1,179.5,26,180.0,1,1,2022-07-06 10:49:22
1657104562158276000,180.0,1,179.5,26,180.5,47,1,2022-07-06 10:49:22
1657104601828510000,180.5,5,180.0,7,180.5,42,1,2022-07-06 10:50:01
1657104602049564000,180.5,1,180.0,7,180.5,41,1,2022-07-06 10:50:02
1657104608179434000,180.0,7,179.5,30,180.5,41,2,2022-07-06 10:50:08
1657104629776738000,180.0,1,179.5,31,180.5,48,1,2022-07-06 10:50:29
1657104663647122000,179.5,5,179.5,19,180.0,26,2,2022-07-06 10:51:03
1657104672538152000,179.5,2,179.5,13,180.0,27,2,2022-07-06 10:51:12
1657104736815509000,179.5,1,179.5,5,180.0,40,2,2022-07-06 10:52:16
1657104750899758000,180.0,1,179.5,6,180.0,39,1,2022-07-06 10:52:30
1657104782555118000,180.0,5,179.5,7,180.0,54,1,2022-07-06 10:53:02
1657104900364345000,179.5,1,179.5,16,180.0,57,2,2022-07-06 10:55:00
1657104903549676000,179.5,1,179.5,15,180.0,57,2,2022-07-06 10:55:03
1657104916465254000,179.5,1,179.5,15,180.0,57,2,2022-07-06 10:55:16
1657104922446452000,179.5,1,179.5,14,180.0,57,2,2022-07-06 10:55:22
1657104927870448000,179.5,14,179.0,51,179.5,1,2,2022-07-06 10:55:27
1657104932946644000,179.0,1,179.0,47,179.5,2,2,2022-07-06 10:55:32
1657104937952635000,179.0,1,179.0,46,179.5,2,2,2022-07-06 10:55:37
1657104942960983000,179.0,1,179.0,42,179.5,3,2,2022-07-06 10:55:42
1657104947977563000,179.0,1,179.0,41,179.5,4,2,2022-07-06 10:55:47
1657104952986295000,179.0,1,179.0,40,179.5,4,2,2022-07-06 10:55:52
1657104957996559000,179.0,1,179.0,39,179.5,4,2,2022-07-06 10:55:57
1657104963010135000,179.0,1,179.0,38,179.5,4,2,2022-07-06 10:56:03
1657104964368601000,179.5,4,179.0,38,180.0,69,1,2022-07-06 10:56:04
1657104964368601000,180.0,1,179.0,38,180.0,69,1,2022-07-06 10:56:04
1657104975496430000,180.0,1,179.0,38,180.0,71,1,2022-07-06 10:56:15
1657105094443289000,179.0,1,179.0,37,179.5,3,2,2022-07-06 10:58:14
1657105094800886000,179.0,1,179.0,36,179.5,3,2,2022-07-06 10:58:14
1657105145288889000,179.5,3,179.0,36,180.0,73,1,2022-07-06 10:59:05
1657105145288889000,180.0,2,179.0,36,180.0,73,1,2022-07-06 10:59:05
1657105149161260000,179.5,1,179.0,39,180.0,73,1,2022-07-06 10:59:09
1657105154479225000,179.5,2,179.0,39,179.5,8,2,2022-07-06 10:59:14
1657105154531828000,179.5,1,179.0,39,179.5,7,1,2022-07-06 10:59:14
1657105183813982000,179.5,7,179.0,70,180.0,76,1,2022-07-06 10:59:43
1657105215298265000,179.5,8,179.0,44,179.5,12,2,2022-07-06 11:00:15
1657105252474720000,179.5,10,179.0,89,179.5,2,1,2022-07-06 11:00:52
1657105256242943000,179.5,2,179.5,8,180.0,76,1,2022-07-06 11:00:56
1657105325816235000,180.0,5,179.5,18,180.0,74,1,2022-07-06 11:02:05
1657105383737621000,180.0,2,179.5,26,180.0,71,1,2022-07-06 11:03:03
1657105506014187000,180.0,5,179.5,26,180.0,80,1,2022-07-06 11:05:06
1657105687969440000,180.0,5,179.5,30,180.0,75,1,2022-07-06 11:08:07
1657105692552135000,180.0,10,179.5,30,180.0,65,1,2022-07-06 11:08:12
1657105692754937000,180.0,1,179.5,30,180.0,64,1,2022-07-06 11:08:12
1657105693375796000,180.0,10,179.5,30,180.0,54,1,2022-07-06 11:08:13
1657105694181833000,180.0,2,179.5,30,180.0,52,1,2022-07-06 11:08:14
1657105702340745000,180.0,10,179.5,78,180.0,41,1,2022-07-06 11:08:22
1657105702557474000,180.0,1,179.5,78,180.0,40,1,2022-07-06 11:08:22
1657105709512195000,180.0,1,179.5,32,180.0,39,1,2022-07-06 11:08:29
1657105711334526000,180.0,1,179.5,32,180.0,38,1,2022-07-06 11:08:31
1657105711860567000,180.0,2,179.5,32,180.0,36,1,2022-07-06 11:08:31
1657105712346068000,180.0,1,179.5,32,180.0,35,1,2022-07-06 11:08:32
1657105713729972000,180.0,30,179.5,32,180.0,5,1,2022-07-06 11:08:33
1657105713768924000,180.0,5,179.5,36,180.5,129,1,2022-07-06 11:08:33
1657105714731915000,180.5,5,179.5,44,180.5,129,1,2022-07-06 11:08:34
1657105722655111000,180.0,1,180.0,8,180.5,121,2,2022-07-06 11:08:42
1657105764162495000,180.5,1,180.0,10,180.5,123,1,2022-07-06 11:09:24
1657105784010527000,180.0,2,180.0,8,180.5,123,2,2022-07-06 11:09:44
1657105786245689000,180.0,9,179.5,31,180.0,1,2,2022-07-06 11:09:46
1657105868721668000,180.0,5,179.5,29,180.0,15,1,2022-07-06 11:11:08
1657105908052491000,180.0,15,180.0,5,180.5,123,1,2022-07-06 11:11:48
1657105925659031000,180.0,9,179.5,39,180.0,11,2,2022-07-06 11:12:05
1657105928233113000,180.0,11,180.0,9,180.5,123,1,2022-07-06 11:12:08
1657105930427204000,180.0,1,180.0,12,180.5,123,2,2022-07-06 11:12:10
1657106019707679000,180.0,2,180.0,13,180.5,117,2,2022-07-06 11:13:39
1657106050017491000,180.5,5,180.0,13,180.5,115,1,2022-07-06 11:14:10
1657106057663206000,180.0,13,179.5,42,180.0,17,2,2022-07-06 11:14:17
1657106082289082000,179.5,1,179.5,40,180.0,26,2,2022-07-06 11:14:42
1657106082838049000,179.5,1,179.5,39,180.0,26,2,2022-07-06 11:14:42
1657106087858215000,179.5,1,179.5,38,180.0,26,2,2022-07-06 11:14:47
1657106107740437000,179.5,1,179.5,23,180.0,57,2,2022-07-06 11:15:07
1657106118585868000,179.5,1,179.5,22,180.0,59,2,2022-07-06 11:15:18
1657106130392197000,179.5,1,179.5,21,180.0,59,2,2022-07-06 11:15:30
1657106139985692000,179.5,1,179.5,20,180.0,59,2,2022-07-06 11:15:39
1657106146419625000,179.5,1,179.5,19,180.0,59,2,2022-07-06 11:15:46
1657106176948063000,179.5,2,179.5,17,180.0,62,2,2022-07-06 11:16:16
1657106190013126000,180.0,1,179.5,17,180.0,64,1,2022-07-06 11:16:30
1657106195155949000,179.5,1,179.5,16,180.0,64,2,2022-07-06 11:16:35
1657106222605523000,180.0,1,179.5,16,180.0,64,1,2022-07-06 11:17:02
1657106230433501000,180.0,5,179.5,28,180.0,59,1,2022-07-06 11:17:10
1657106238358977000,179.5,1,179.5,35,180.0,59,2,2022-07-06 11:17:18
1657106292860569000,179.5,1,179.5,34,180.0,60,2,2022-07-06 11:18:12
1657106351570123000,179.5,1,179.5,32,180.0,61,2,2022-07-06 11:19:11
1657106411296293000,180.0,5,179.5,32,180.0,58,1,2022-07-06 11:20:11
1657106530180989000,179.5,1,179.5,45,180.0,55,2,2022-07-06 11:22:10
1657106572362410000,179.5,1,179.5,44,180.0,55,2,2022-07-06 11:22:52
1657106592842471000,180.0,5,179.5,44,180.0,50,1,2022-07-06 11:23:12
1657106650972875000,180.0,5,179.5,44,180.0,67,1,2022-07-06 11:24:10
1657106710630111000,180.0,1,179.5,44,180.0,66,1,2022-07-06 11:25:10
1657106710738237000,180.0,1,179.5,44,180.0,65,1,2022-07-06 11:25:10
1657106710811667000,180.0,6,179.5,44,180.0,59,1,2022-07-06 11:25:10
1657106710849096000,180.0,11,179.5,45,180.0,48,1,2022-07-06 11:25:10
1657106716327362000,180.0,5,179.5,50,180.0,42,1,2022-07-06 11:25:16
1657106722255398000,180.0,40,179.5,55,180.0,2,1,2022-07-06 11:25:22
1657106722286048000,180.0,2,179.5,55,180.5,111,1,2022-07-06 11:25:22
1657106723030822000,180.5,5,179.5,59,180.5,106,1,2022-07-06 11:25:23
1657106723272478000,180.0,10,179.5,59,180.5,65,1,2022-07-06 11:25:23
1657106723272478000,180.5,42,179.5,59,180.5,65,1,2022-07-06 11:25:23
1657106723304666000,180.5,11,179.5,59,180.5,54,1,2022-07-06 11:25:23
1657106724245794000,180.5,9,179.5,58,180.5,45,1,2022-07-06 11:25:24
1657106725304942000,180.5,1,179.5,58,180.5,44,1,2022-07-06 11:25:25
1657106726293675000,180.5,1,179.5,57,180.5,43,1,2022-07-06 11:25:26
1657106741868637000,180.5,2,180.0,30,180.5,39,1,2022-07-06 11:25:41
1657106746458240000,180.5,20,180.0,30,180.5,29,1,2022-07-06 11:25:46
1657106746564859000,180.5,2,180.0,30,180.5,27,1,2022-07-06 11:25:46
1657106747308993000,180.5,2,180.0,30,180.5,25,1,2022-07-06 11:25:47
1657106747315449000,180.5,1,180.0,30,180.5,24,1,2022-07-06 11:25:47
1657106749016545000,180.5,1,180.0,29,180.5,23,1,2022-07-06 11:25:49
1657106749267312000,180.5,1,180.0,29,180.5,22,1,2022-07-06 11:25:49
1657106750266968000,180.5,1,180.0,29,180.5,21,1,2022-07-06 11:25:50
1657106751064687000,180.5,1,180.0,38,180.5,11,1,2022-07-06 11:25:51
1657106752123382000,180.5,1,180.0,38,180.5,8,1,2022-07-06 11:25:52
1657106752142719000,180.5,2,180.0,38,180.5,6,1,2022-07-06 11:25:52
1657106752717983000,180.5,1,180.0,38,180.5,5,1,2022-07-06 11:25:52
1657106753999251000,180.5,2,180.0,39,180.5,3,1,2022-07-06 11:25:53
1657106754127444000,180.5,1,180.0,39,180.5,2,1,2022-07-06 11:25:54
1657106754214023000,180.5,1,180.0,38,180.5,1,1,2022-07-06 11:25:54
1657106754895941000,180.5,1,180.0,37,181.0,99,1,2022-07-06 11:25:54
1657106771406012000,181.0,6,180.5,11,181.0,96,1,2022-07-06 11:26:11
1657106771482021000,181.0,1,180.5,11,181.0,94,1,2022-07-06 11:26:11
1657106771756324000,181.0,1,180.5,10,181.0,93,1,2022-07-06 11:26:11
1657106771898348000,181.0,1,180.5,10,181.0,92,1,2022-07-06 11:26:11
1657106772923870000,181.0,5,180.5,10,181.0,87,1,2022-07-06 11:26:12
1657106774865486000,181.0,1,180.5,13,181.0,86,1,2022-07-06 11:26:14
1657106781164211000,181.0,1,180.5,12,181.0,84,1,2022-07-06 11:26:21
1657106786009519000,181.0,1,180.5,12,181.0,84,1,2022-07-06 11:26:26
1657106790574747000,181.0,1,180.5,13,181.0,83,1,2022-07-06 11:26:30
1657106799827888000,180.5,1,180.5,12,181.0,84,2,2022-07-06 11:26:39
1657106801905970000,180.5,1,180.5,7,181.0,84,2,2022-07-06 11:26:41
1657106805078291000,180.5,1,180.5,6,181.0,84,2,2022-07-06 11:26:45
1657106810861819000,180.5,1,180.5,5,181.0,85,2,2022-07-06 11:26:50
1657106818128624000,180.5,1,180.5,4,181.0,85,2,2022-07-06 11:26:58
1657106819478862000,180.5,4,180.0,40,180.5,1,2,2022-07-06 11:26:59
1657106823058249000,180.5,1,180.5,10,181.0,86,1,2022-07-06 11:27:03
1657106830663559000,181.0,1,180.5,10,181.0,85,1,2022-07-06 11:27:10
1657106830682903000,181.0,6,180.5,10,181.0,79,1,2022-07-06 11:27:10
1657106852474716000,180.5,21,180.0,38,180.5,9,2,2022-07-06 11:27:32
1657106857478080000,180.5,9,180.5,1,181.0,97,1,2022-07-06 11:27:37
1657106858874098000,180.5,1,180.0,38,181.0,97,2,2022-07-06 11:27:38
1657106863135142000,180.5,10,180.0,38,180.5,2,1,2022-07-06 11:27:43
1657106871922400000,180.5,1,180.0,38,180.5,23,1,2022-07-06 11:27:51
1657106884517110000,180.5,1,180.0,38,180.5,23,1,2022-07-06 11:28:04
1657106892105670000,180.5,1,180.0,38,180.5,23,1,2022-07-06 11:28:12
1657106892426107000,180.5,5,180.0,38,180.5,18,1,2022-07-06 11:28:12
1657106899375412000,180.5,1,180.0,38,180.5,18,1,2022-07-06 11:28:19
1657106912583821000,180.5,1,180.0,39,180.5,17,1,2022-07-06 11:28:32
1657106923327383000,180.0,1,180.0,38,180.5,19,2,2022-07-06 11:28:43
1657106943751892000,180.0,3,180.0,35,180.5,19,2,2022-07-06 11:29:03
1657106951431836000,180.5,1,180.0,34,180.5,18,1,2022-07-06 11:29:11
1657106952205158000,180.5,6,180.0,34,180.5,12,1,2022-07-06 11:29:12
1657106954250700000,180.5,5,180.0,34,180.5,9,1,2022-07-06 11:29:14
1657106956714293000,180.5,1,180.0,33,180.5,8,1,2022-07-06 11:29:16
1657106989396493000,180.5,1,180.0,34,180.5,12,1,2022-07-06 11:29:49
1657107004600202000,180.0,1,180.0,35,180.5,15,2,2022-07-06 11:30:04
1657107026488348000,180.0,1,180.0,34,180.5,17,2,2022-07-06 11:30:26
1657107029727145000,180.5,2,180.0,34,180.5,21,1,2022-07-06 11:30:29
1657107043733101000,180.0,1,180.0,29,180.5,46,2,2022-07-06 11:30:43
1657107048370248000,180.5,6,180.0,29,180.5,50,1,2022-07-06 11:30:48
1657107052143433000,180.5,2,180.0,29,180.5,50,1,2022-07-06 11:30:52
1657107066235331000,180.5,10,180.0,29,180.5,41,1,2022-07-06 11:31:06
1657107071364146000,180.5,10,180.0,29,180.5,31,1,2022-07-06 11:31:11
1657107072417756000,180.5,1,180.0,29,180.5,30,1,2022-07-06 11:31:12
1657107072483343000,180.5,6,180.0,29,180.5,24,1,2022-07-06 11:31:12
1657107072617763000,180.5,1,180.0,33,180.5,23,1,2022-07-06 11:31:12
1657107088859096000,180.5,4,180.0,43,180.5,17,1,2022-07-06 11:31:28
1657107106882066000,180.5,5,180.0,38,180.5,12,1,2022-07-06 11:31:46
1657107109990566000,180.5,3,180.0,38,180.5,9,1,2022-07-06 11:31:49
1657107110018394000,180.5,2,180.0,38,180.5,7,1,2022-07-06 11:31:50
1657107110147988000,180.5,7,180.0,38,181.0,94,1,2022-07-06 11:31:50
1657107131451947000,181.0,5,180.5,8,181.0,85,1,2022-07-06 11:32:11
1657107134529394000,181.0,4,180.5,9,181.0,81,1,2022-07-06 11:32:14
1657107158578086000,180.5,1,180.5,24,181.0,81,2,2022-07-06 11:32:38
1657107188813988000,180.5,1,180.5,24,181.0,83,2,2022-07-06 11:33:08
1657107189781446000,181.0,1,180.5,24,181.0,82,1,2022-07-06 11:33:09
1657107189792583000,181.0,6,180.5,24,181.0,76,1,2022-07-06 11:33:09
1657107211026865000,181.0,2,180.5,25,181.0,73,1,2022-07-06 11:33:31
1657107219164724000,181.0,1,180.5,26,181.0,72,1,2022-07-06 11:33:39
1657107224063852000,181.0,2,180.5,26,181.0,70,1,2022-07-06 11:33:44
1657107226822878000,181.0,1,180.5,26,181.0,69,1,2022-07-06 11:33:46
1657107250053890000,181.0,1,180.5,34,181.0,60,1,2022-07-06 11:34:10
1657107250168837000,181.0,6,180.5,34,181.0,54,1,2022-07-06 11:34:10
1657107254519742000,181.0,2,180.5,34,181.0,52,1,2022-07-06 11:34:14
1657107260092905000,181.0,5,180.5,30,181.0,47,1,2022-07-06 11:34:20
1657107263183880000,181.0,1,180.5,29,181.0,46,1,2022-07-06 11:34:23
1657107310478958000,181.0,1,180.5,29,181.0,46,1,2022-07-06 11:35:10
1657107310546986000,181.0,6,180.5,29,181.0,40,1,2022-07-06 11:35:10
1657107317327319000,181.0,4,180.5,29,181.0,36,1,2022-07-06 11:35:17
1657107322883712000,181.0,5,180.5,24,181.0,32,1,2022-07-06 11:35:22
1657107340931150000,181.0,10,180.5,23,181.0,23,1,2022-07-06 11:35:40
1657107344115453000,181.0,10,180.5,28,181.0,13,1,2022-07-06 11:35:44
1657107345133265000,181.0,1,180.5,28,181.0,12,1,2022-07-06 11:35:45
1657107346527464000,181.0,1,180.5,28,181.0,10,1,2022-07-06 11:35:46
1657107346750823000,181.0,1,180.5,28,181.0,9,1,2022-07-06 11:35:46
1657107349873965000,181.0,1,180.5,30,181.0,24,1,2022-07-06 11:35:49
1657107350202999000,181.0,1,180.5,30,181.0,23,1,2022-07-06 11:35:50
1657107363227551000,181.0,2,180.5,31,181.0,21,1,2022-07-06 11:36:03
1657107366958306000,181.0,1,180.5,31,181.0,30,1,2022-07-06 11:36:06
1657107371882394000,181.0,5,180.5,41,181.0,26,1,2022-07-06 11:36:11
1657107372115257000,181.0,1,180.5,41,181.0,25,1,2022-07-06 11:36:12
1657107372262168000,181.0,5,180.5,41,181.0,20,1,2022-07-06 11:36:12
1657107372286755000,181.0,2,180.5,41,181.0,18,1,2022-07-06 11:36:12
1657107375985464000,181.0,1,180.5,41,181.0,18,1,2022-07-06 11:36:15
1657107398283724000,181.0,5,180.5,42,181.0,30,1,2022-07-06 11:36:38
1657107418719610000,181.0,1,180.5,36,181.0,40,1,2022-07-06 11:36:58
1657107430373751000,181.0,1,180.5,36,181.0,41,1,2022-07-06 11:37:10
1657107430572099000,181.0,6,180.5,36,181.0,35,1,2022-07-06 11:37:10
1657107490447300000,181.0,6,180.5,36,181.0,42,1,2022-07-06 11:38:10
1657107496640176000,181.0,4,180.5,36,181.0,40,1,2022-07-06 11:38:16
1657107505963710000,181.0,2,180.5,36,181.0,28,1,2022-07-06 11:38:25
1657107550644650000,181.0,1,180.5,36,181.0,28,1,2022-07-06 11:39:10
1657107550838405000,181.0,6,180.5,36,181.0,22,1,2022-07-06 11:39:10
1657107550840259000,181.0,1,180.5,36,181.0,21,1,2022-07-06 11:39:10
1657107576589945000,180.5,1,180.5,35,181.0,43,2,2022-07-06 11:39:36
1657107591120546000,180.5,1,180.5,34,181.0,63,2,2022-07-06 11:39:51
1657107594834666000,180.5,1,180.5,33,181.0,63,2,2022-07-06 11:39:54
1657107599388682000,180.5,1,180.5,34,181.0,63,2,2022-07-06 11:39:59
1657107615175277000,181.0,5,180.5,34,181.0,40,1,2022-07-06 11:40:15
1657107649442951000,181.0,1,180.5,33,181.0,42,1,2022-07-06 11:40:49
1657107670955861000,181.0,1,180.5,33,181.0,41,1,2022-07-06 11:41:10
1657107671193277000,181.0,6,180.5,33,181.0,35,1,2022-07-06 11:41:11
1657107679515796000,181.0,4,180.5,41,181.0,31,1,2022-07-06 11:41:19
1657107679732339000,181.0,1,180.5,41,181.0,30,1,2022-07-06 11:41:19
1657107681132985000,181.0,1,180.5,41,181.0,29,1,2022-07-06 11:41:21
1657107681596398000,181.0,1,180.5,41,181.0,28,1,2022-07-06 11:41:21
1657107714266881000,180.5,25,180.5,15,181.0,31,2,2022-07-06 11:41:54
1657107719614084000,180.5,15,180.0,59,180.5,15,2,2022-07-06 11:41:59
1657107731664487000,180.5,6,180.0,55,180.5,11,1,2022-07-06 11:42:11
1657107731686906000,180.5,1,180.0,55,180.5,10,1,2022-07-06 11:42:11
1657107731698153000,180.5,1,180.0,55,180.5,9,1,2022-07-06 11:42:11
1657107731797490000,180.5,9,180.0,55,181.0,32,1,2022-07-06 11:42:11
1657107755911601000,180.0,2,180.0,27,180.5,23,2,2022-07-06 11:42:35
1657107784265039000,180.5,1,180.0,38,180.5,35,1,2022-07-06 11:43:04
1657107791544292000,180.5,6,180.0,38,180.5,29,1,2022-07-06 11:43:11
1657107791559752000,180.5,1,180.0,38,180.5,28,1,2022-07-06 11:43:11
1657107834463945000,180.5,1,180.0,38,180.5,27,1,2022-07-06 11:43:54
1657107852554490000,180.5,1,180.0,38,180.5,28,1,2022-07-06 11:44:12
1657107852759427000,180.5,1,180.0,38,180.5,27,1,2022-07-06 11:44:12
1657107853467088000,180.5,6,180.0,38,180.5,21,1,2022-07-06 11:44:13
1657107860261650000,180.5,4,180.0,38,180.5,17,1,2022-07-06 11:44:20
1657107879493295000,180.5,1,180.0,38,180.5,16,1,2022-07-06 11:44:39
1657107881927469000,180.5,1,180.0,38,180.5,16,1,2022-07-06 11:44:41
1657107904924835000,180.5,12,180.0,38,180.5,4,1,2022-07-06 11:45:04
1657107905069509000,180.5,4,180.0,38,181.0,74,1,2022-07-06 11:45:05
1657107905100697000,181.0,1,180.0,38,181.0,73,1,2022-07-06 11:45:05
1657107924066094000,180.5,8,180.0,39,180.5,10,2,2022-07-06 11:45:24
1657107946093583000,180.5,1,180.0,38,180.5,14,1,2022-07-06 11:45:46
1657107967843440000,180.5,2,180.0,40,180.5,13,1,2022-07-06 11:46:07
1657108003832638000,180.5,1,180.0,39,180.5,21,1,2022-07-06 11:46:43
1657108040373921000,180.5,4,180.0,39,180.5,17,1,2022-07-06 11:47:20
1657108042607021000,180.5,1,180.0,39,180.5,16,1,2022-07-06 11:47:22
1657108147473023000,180.0,1,180.0,41,180.5,13,2,2022-07-06 11:49:07
1657108218235524000,180.0,1,180.0,41,180.5,26,2,2022-07-06 11:50:18
1657108220892681000,180.5,4,180.0,41,180.5,22,1,2022-07-06 11:50:20
1657108232496889000,180.5,1,180.0,41,180.5,11,1,2022-07-06 11:50:32
1657108400611525000,180.0,2,180.0,39,180.5,31,2,2022-07-06 11:53:20
1657108403467987000,180.5,4,180.0,39,180.5,27,1,2022-07-06 11:53:23
1657108502233329000,180.5,1,180.0,39,180.5,26,1,2022-07-06 11:55:02
1657108579867689000,180.5,10,180.0,41,180.5,18,1,2022-07-06 11:56:19
1657108583677051000,180.5,3,180.0,41,180.5,15,1,2022-07-06 11:56:23
1657108584198267000,180.5,4,180.0,41,180.5,11,1,2022-07-06 11:56:24
1657108584398495000,180.5,10,180.0,41,180.5,1,1,2022-07-06 11:56:24
1657108587002770000,180.5,1,180.0,41,180.5,7,1,2022-07-06 11:56:27
1657108590854891000,180.5,11,180.5,11,181.0,94,2,2022-07-06 11:56:30
1657108590857270000,180.5,11,180.0,40,181.0,94,2,2022-07-06 11:56:30
1657108672456807000,180.0,4,180.0,34,180.5,7,2,2022-07-06 11:57:52
1657108711022150000,180.5,1,180.0,33,180.5,12,1,2022-07-06 11:58:31
1657108765055431000,180.5,4,180.0,33,180.5,14,1,2022-07-06 11:59:25
1657108791371257000,180.0,2,180.0,32,180.5,14,2,2022-07-06 11:59:51
1657108804054162000,180.0,1,180.0,31,180.5,14,2,2022-07-06 12:00:04
1657108820820745000,180.0,1,180.0,28,180.5,17,2,2022-07-06 12:00:20
1657108854443165000,180.0,1,180.0,27,180.5,17,2,2022-07-06 12:00:54
1657108867614960000,180.0,3,180.0,24,180.5,49,2,2022-07-06 12:01:07
1657108867668026000,180.0,14,180.0,10,180.5,49,2,2022-07-06 12:01:07
1657108867699044000,180.0,1,180.0,9,180.5,49,2,2022-07-06 12:01:07
1657108867754924000,180.0,1,180.0,8,180.5,49,2,2022-07-06 12:01:07
1657108870210440000,180.0,5,180.0,3,180.5,49,2,2022-07-06 12:01:10
1657108871982739000,180.0,1,180.0,2,180.5,49,2,2022-07-06 12:01:11
1657108872007840000,180.0,2,179.5,46,180.5,49,2,2022-07-06 12:01:12
1657108872453451000,179.5,1,179.5,41,180.5,49,2,2022-07-06 12:01:12
1657108877105681000,179.5,2,179.5,36,180.0,14,2,2022-07-06 12:01:17
1657108882122734000,179.5,2,179.5,34,180.0,14,2,2022-07-06 12:01:22
1657108883715354000,179.5,1,179.5,31,180.0,14,2,2022-07-06 12:01:23
1657108887151381000,179.5,2,179.5,28,180.0,19,2,2022-07-06 12:01:27
1657108892171716000,179.5,2,179.5,25,180.0,20,2,2022-07-06 12:01:32
1657108892204958000,179.5,25,179.0,32,179.5,2,2,2022-07-06 12:01:32
1657108897291871000,179.0,1,179.0,27,179.5,15,2,2022-07-06 12:01:37
1657108902309084000,179.0,2,179.0,24,179.5,20,2,2022-07-06 12:01:42
1657108904907292000,179.0,2,179.0,22,179.5,20,2,2022-07-06 12:01:44
1657108907325006000,179.0,1,179.0,21,179.5,20,2,2022-07-06 12:01:47
1657108908197244000,179.0,1,179.0,20,179.5,21,2,2022-07-06 12:01:48
1657108910655032000,179.0,1,179.0,19,179.5,21,2,2022-07-06 12:01:50
1657108912341688000,179.0,1,179.0,18,179.5,21,2,2022-07-06 12:01:52
1657108912484737000,179.0,1,179.0,17,179.5,21,2,2022-07-06 12:01:52
1657108913451369000,179.0,1,179.0,16,179.5,19,2,2022-07-06 12:01:53
1657108914362087000,179.0,1,179.0,15,179.5,19,2,2022-07-06 12:01:54
1657108915420937000,179.0,1,179.0,14,179.5,19,2,2022-07-06 12:01:55
1657108917361500000,179.0,1,179.0,13,179.5,19,2,2022-07-06 12:01:57
1657108917437642000,179.0,5,179.0,8,179.5,14,2,2022-07-06 12:01:57
1657108919280387000,179.0,1,179.0,7,179.5,14,2,2022-07-06 12:01:59
1657108920247721000,179.0,2,179.0,5,179.5,14,2,2022-07-06 12:02:00
1657108920584731000,179.0,2,179.0,3,179.5,14,2,2022-07-06 12:02:00
1657108922375410000,179.0,1,179.0,2,179.5,14,2,2022-07-06 12:02:02
1657108924221300000,179.0,1,179.0,1,179.5,14,2,2022-07-06 12:02:04
1657108924613971000,179.0,1,178.5,23,179.5,13,2,2022-07-06 12:02:04
1657108929690655000,178.5,1,178.5,20,179.5,13,2,2022-07-06 12:02:09
1657108934716057000,178.5,1,178.5,19,179.5,13,2,2022-07-06 12:02:14
1657108938939099000,179.0,2,178.5,19,179.5,13,1,2022-07-06 12:02:18
1657108940472327000,179.0,1,178.5,24,179.5,21,1,2022-07-06 12:02:20
1657108940529532000,178.5,1,178.5,24,179.5,21,2,2022-07-06 12:02:20
1657108944828107000,179.0,2,178.5,23,179.5,19,1,2022-07-06 12:02:24
1657108944828107000,179.5,2,178.5,23,179.5,19,1,2022-07-06 12:02:24
1657108954268241000,179.5,1,178.5,28,179.5,18,1,2022-07-06 12:02:34
1657108962352407000,179.0,2,178.5,28,179.0,1,2,2022-07-06 12:02:42
1657108967443433000,178.5,1,178.5,28,179.0,1,2,2022-07-06 12:02:47
1657108972462024000,178.5,1,178.5,26,179.0,3,2,2022-07-06 12:02:52
1657108977478757000,178.5,1,178.5,25,179.0,8,2,2022-07-06 12:02:57
1657108982496344000,178.5,1,178.5,24,179.0,9,2,2022-07-06 12:03:02
1657108987520172000,178.5,1,178.5,23,179.0,9,2,2022-07-06 12:03:07
1657108990939168000,178.5,1,178.5,22,179.0,9,2,2022-07-06 12:03:10
1657109014886471000,178.5,1,178.5,21,179.0,10,2,2022-07-06 12:03:34
1657109032047844000,178.5,1,178.5,21,179.0,11,2,2022-07-06 12:03:52
1657109044356909000,178.5,1,178.5,20,179.0,11,2,2022-07-06 12:04:04
1657109055532731000,179.0,12,179.0,5,179.5,29,1,2022-07-06 12:04:15
1657109087433148000,179.5,1,179.0,5,179.5,28,1,2022-07-06 12:04:47
1657109125879968000,179.5,4,179.0,7,179.5,24,1,2022-07-06 12:05:25
1657109161348921000,179.0,9,178.5,19,179.0,21,2,2022-07-06 12:06:01
1657109166413235000,178.5,1,178.5,18,179.0,21,2,2022-07-06 12:06:06
1657109171427975000,178.5,1,178.5,17,179.0,21,2,2022-07-06 12:06:11
1657109176443127000,178.5,1,178.5,16,179.0,21,2,2022-07-06 12:06:16
1657109181458436000,178.5,1,178.5,28,179.0,21,2,2022-07-06 12:06:21
1657109182765221000,179.0,10,178.5,28,179.0,11,1,2022-07-06 12:06:22
1657109182882309000,178.5,1,178.5,27,179.0,11,2,2022-07-06 12:06:22
1657109186466107000,178.5,1,178.5,26,179.0,11,2,2022-07-06 12:06:26
1657109188447563000,179.0,10,178.5,26,179.0,1,1,2022-07-06 12:06:28
1657109188483882000,179.0,1,178.5,26,179.5,34,1,2022-07-06 12:06:28
1657109227408505000,179.0,1,179.0,1,179.5,34,2,2022-07-06 12:07:07
1657109235029263000,179.0,1,178.5,30,179.5,34,2,2022-07-06 12:07:15
1657109307034039000,179.5,4,179.0,13,179.5,31,1,2022-07-06 12:08:27
1657109308883755000,179.0,1,179.0,12,179.5,30,2,2022-07-06 12:08:28
1657109489146172000,179.5,4,179.0,23,179.5,42,1,2022-07-06 12:11:29
1657109507077210000,179.0,1,179.0,22,179.5,42,2,2022-07-06 12:11:47
1657109574344023000,179.0,5,179.0,27,179.5,45,2,2022-07-06 12:12:54
1657109589594128000,179.5,1,179.0,27,179.5,48,1,2022-07-06 12:13:09
1657109616262061000,179.0,1,179.0,26,179.5,51,2,2022-07-06 12:13:36
1657109640707669000,179.0,1,179.0,25,179.5,51,2,2022-07-06 12:14:00
1657109641047377000,179.0,15,179.0,10,179.5,51,2,2022-07-06 12:14:01
1657109641127678000,179.0,1,179.0,10,179.5,53,2,2022-07-06 12:14:01
1657109642093404000,179.0,9,178.5,43,179.5,53,2,2022-07-06 12:14:02
1657109670306293000,179.0,4,178.5,39,179.0,12,1,2022-07-06 12:14:30
1657109738627850000,178.5,2,178.5,39,179.0,16,2,2022-07-06 12:15:38
1657109742427848000,178.5,1,178.5,38,179.0,16,2,2022-07-06 12:15:42
1657109778604533000,178.5,3,178.5,31,179.0,20,2,2022-07-06 12:16:18
1657109809494660000,178.5,1,178.5,29,179.0,20,2,2022-07-06 12:16:49
1657109833238552000,178.5,1,178.5,29,179.0,17,2,2022-07-06 12:17:13
1657109841692819000,178.5,1,178.5,28,179.0,17,2,2022-07-06 12:17:21
1657109850294680000,179.0,4,178.5,28,179.0,13,1,2022-07-06 12:17:30
1657109882536194000,179.0,1,178.5,34,179.0,22,1,2022-07-06 12:18:02
1657109888327764000,178.5,1,178.5,33,179.0,22,2,2022-07-06 12:18:08
1657109937452233000,178.5,3,178.5,30,179.0,33,2,2022-07-06 12:18:57
1657110004679379000,179.0,10,178.5,40,179.0,36,1,2022-07-06 12:20:04
1657110031068103000,179.0,4,178.5,40,179.0,43,1,2022-07-06 12:20:31
1657110034168155000,179.0,1,178.5,41,179.0,42,1,2022-07-06 12:20:34
1657110081217378000,178.5,10,178.5,34,179.0,42,2,2022-07-06 12:21:21
1657110163911512000,178.5,1,178.5,41,179.0,42,2,2022-07-06 12:22:43
1657110213293842000,179.0,4,178.5,43,179.0,43,1,2022-07-06 12:23:33
1657110213321972000,179.0,43,178.5,46,179.5,51,1,2022-07-06 12:23:33
1657110213352221000,179.5,3,179.0,6,179.5,44,1,2022-07-06 12:23:33
1657110239494911000,179.5,2,179.0,19,179.5,43,1,2022-07-06 12:23:59
1657110320098029000,179.5,5,179.0,20,179.5,36,1,2022-07-06 12:25:20
1657110391644361000,179.0,2,179.0,19,179.5,37,2,2022-07-06 12:26:31
1657110393296849000,179.5,4,179.0,19,179.5,37,1,2022-07-06 12:26:33
1657110477766310000,179.5,1,179.0,19,179.5,32,1,2022-07-06 12:27:57
1657110499968085000,179.0,1,179.0,18,179.5,32,2,2022-07-06 12:28:19
1657110551605533000,179.0,1,179.0,17,179.5,33,2,2022-07-06 12:29:11
1657110562834711000,179.0,1,179.0,16,179.5,32,2,2022-07-06 12:29:22
1657110574866303000,179.5,4,179.0,26,179.5,28,1,2022-07-06 12:29:34
1657110576128032000,179.5,10,179.0,26,179.5,18,1,2022-07-06 12:29:36
1657110741681316000,179.0,1,179.0,25,179.5,49,2,2022-07-06 12:32:21
1657110741770460000,179.0,11,179.0,13,179.5,49,2,2022-07-06 12:32:21
1657110741806045000,179.0,1,179.0,12,179.5,49,2,2022-07-06 12:32:21
1657110742334961000,179.0,1,179.0,11,179.5,49,2,2022-07-06 12:32:22
1657110745060527000,179.0,1,179.0,10,179.5,49,2,2022-07-06 12:32:25
1657110750069824000,179.0,1,179.0,9,179.5,49,2,2022-07-06 12:32:30
1657110750948096000,179.0,9,178.5,64,179.5,49,2,2022-07-06 12:32:30
1657110754765795000,179.5,4,178.5,59,179.5,50,1,2022-07-06 12:32:34
1657110801217292000,179.5,1,179.0,1,179.5,47,1,2022-07-06 12:33:21
1657110833403906000,179.0,1,179.0,1,179.5,43,2,2022-07-06 12:33:53
1657110858433512000,179.0,1,179.0,1,179.5,43,2,2022-07-06 12:34:18
1657110878572093000,179.0,1,179.0,13,179.5,42,2,2022-07-06 12:34:38
1657110882051303000,179.0,2,179.0,10,179.5,42,2,2022-07-06 12:34:42
1657110935685412000,179.5,4,179.0,13,179.5,35,1,2022-07-06 12:35:35
1657111003810099000,179.5,1,179.0,13,179.5,35,1,2022-07-06 12:36:43
1657111010906257000,179.0,3,179.0,11,179.5,37,2,2022-07-06 12:36:50
1657111031115238000,179.0,1,179.0,10,179.5,38,2,2022-07-06 12:37:11
1657111117237509000,179.5,4,179.0,11,179.5,34,1,2022-07-06 12:38:37
1657111149106152000,179.5,10,179.0,28,179.5,25,1,2022-07-06 12:39:09
1657111150657469000,179.5,22,179.0,28,179.5,2,1,2022-07-06 12:39:10
1657111150688890000,179.5,2,179.5,1,180.0,50,1,2022-07-06 12:39:10
1657111229331927000,179.5,1,179.5,3,180.0,47,2,2022-07-06 12:40:29
1657111234135984000,179.5,1,179.5,2,180.0,51,2,2022-07-06 12:40:34
1657111298941960000,180.0,4,179.5,3,180.0,46,1,2022-07-06 12:41:38
1657111308845331000,180.0,1,179.5,3,180.0,45,1,2022-07-06 12:41:48
1657111375666206000,179.5,1,179.5,3,180.0,45,2,2022-07-06 12:42:55
1657111411886639000,179.5,5,179.0,45,179.5,7,2,2022-07-06 12:43:31
1657111425729715000,179.0,2,179.0,39,179.5,14,2,2022-07-06 12:43:45
1657111438175795000,179.5,10,179.0,49,179.5,4,1,2022-07-06 12:43:58
1657111438210656000,179.5,4,179.0,49,180.0,46,1,2022-07-06 12:43:58
1657111441253387000,180.0,1,179.0,53,180.0,45,1,2022-07-06 12:44:01
1657111467045654000,179.5,1,179.0,55,180.0,45,2,2022-07-06 12:44:27
1657111479384852000,180.0,4,179.0,54,180.0,42,1,2022-07-06 12:44:39
1657111566413769000,180.0,1,179.5,1,180.0,43,1,2022-07-06 12:46:06
1657111613711476000,179.5,1,179.5,1,180.0,46,2,2022-07-06 12:46:53
1657111639297380000,179.5,1,179.5,3,180.0,47,2,2022-07-06 12:47:19
1657111649907154000,179.5,2,179.5,1,180.0,48,2,2022-07-06 12:47:29
1657111649945999000,179.5,1,179.0,60,180.0,48,2,2022-07-06 12:47:29
1657111659733194000,180.0,4,179.0,59,180.0,44,1,2022-07-06 12:47:39
1657111662230572000,180.0,4,179.0,60,180.0,40,1,2022-07-06 12:47:42
1657111672936928000,179.5,1,179.5,19,180.0,41,2,2022-07-06 12:47:52
1657111704323744000,179.5,1,179.5,19,180.0,40,2,2022-07-06 12:48:24
1657111725733659000,179.5,2,179.5,17,180.0,41,2,2022-07-06 12:48:45
1657111734439102000,179.5,17,179.0,55,179.5,8,2,2022-07-06 12:48:54
1657111739578860000,179.0,1,179.0,49,179.5,16,2,2022-07-06 12:48:59
1657111742890984000,179.0,1,179.0,48,179.5,15,2,2022-07-06 12:49:02
1657111744608128000,179.0,1,179.0,47,179.5,15,2,2022-07-06 12:49:04
1657111749578436000,179.0,1,179.0,46,179.5,15,2,2022-07-06 12:49:09
1657111754584896000,179.0,1,179.0,45,179.5,15,2,2022-07-06 12:49:14
1657111759595274000,179.0,1,179.0,44,179.5,15,2,2022-07-06 12:49:19
1657111764613300000,179.0,1,179.0,43,179.5,14,2,2022-07-06 12:49:24
1657111769650592000,179.0,1,179.0,42,179.5,14,2,2022-07-06 12:49:29
1657111803773401000,179.0,4,179.0,38,179.5,17,2,2022-07-06 12:50:03
1657111841220227000,179.5,4,179.0,31,179.5,14,1,2022-07-06 12:50:41
1657111867487947000,179.5,1,179.0,26,179.5,16,1,2022-07-06 12:51:07
1657111984756952000,179.0,1,179.0,32,179.5,17,2,2022-07-06 12:53:04
1657111986234219000,179.5,17,179.5,3,180.0,38,1,2022-07-06 12:53:06
1657111993867790000,179.5,1,179.5,16,180.0,38,2,2022-07-06 12:53:13
1657112022504433000,180.0,4,179.5,17,180.0,35,1,2022-07-06 12:53:42
1657112146152527000,180.0,20,179.5,17,180.0,19,1,2022-07-06 12:55:46
1657112193406714000,180.0,1,179.5,17,180.0,16,1,2022-07-06 12:56:33
1657112196937732000,180.0,1,179.5,18,180.0,16,1,2022-07-06 12:56:36
1657112202852653000,180.0,4,179.5,18,180.0,12,1,2022-07-06 12:56:42
1657112237505361000,180.0,1,179.5,38,180.0,13,1,2022-07-06 12:57:17
1657112345641331000,179.5,3,179.5,33,180.0,55,2,2022-07-06 12:59:05
1657112345667837000,179.5,33,179.0,31,180.0,55,2,2022-07-06 12:59:05
1657112351544682000,179.0,1,179.0,31,179.5,41,2,2022-07-06 12:59:11
1657112355295680000,179.0,1,179.0,30,179.5,41,2,2022-07-06 12:59:15
1657112367201685000,179.0,1,179.0,28,179.5,42,2,2022-07-06 12:59:27
1657112378001950000,179.0,1,179.0,26,179.5,42,2,2022-07-06 12:59:38
1657112384934382000,179.0,1,179.0,24,179.5,42,2,2022-07-06 12:59:44
1657112385513261000,179.5,4,179.0,24,179.5,38,1,2022-07-06 12:59:45
1657112464829165000,179.0,1,179.0,35,179.5,1,2,2022-07-06 13:01:04
1657112465157717000,179.5,1,179.0,35,180.0,34,1,2022-07-06 13:01:05
1657112508832995000,179.0,3,179.0,46,180.0,44,2,2022-07-06 13:01:48
1657112510414639000,179.0,1,179.0,45,180.0,44,2,2022-07-06 13:01:50
1657112564346150000,179.0,36,178.5,46,179.5,14,2,2022-07-06 13:02:44
1657112569418406000,178.5,2,178.5,44,179.0,1,2,2022-07-06 13:02:49
1657112574431171000,178.5,2,178.5,42,179.0,2,2,2022-07-06 13:02:54
1657112604518488000,178.5,1,178.5,41,179.0,12,2,2022-07-06 13:03:24
1657112607443422000,178.5,1,178.5,40,179.0,12,2,2022-07-06 13:03:27
1657112627906241000,178.5,1,178.5,39,179.0,17,2,2022-07-06 13:03:47
1657112649929997000,178.5,2,178.5,37,179.0,17,2,2022-07-06 13:04:09
1657112676043950000,178.5,1,178.5,37,179.0,17,2,2022-07-06 13:04:36
1657112709849593000,178.5,3,178.5,34,179.0,21,2,2022-07-06 13:05:09
1657112727196015000,178.5,5,178.5,29,179.0,17,2,2022-07-06 13:05:27
1657112733774012000,178.5,2,178.5,27,179.0,18,2,2022-07-06 13:05:33
1657112751480931000,178.5,1,178.5,25,179.0,21,2,2022-07-06 13:05:51
1657112756569508000,178.5,2,178.5,23,179.0,19,2,2022-07-06 13:05:56
1657112764336321000,178.5,4,178.5,19,179.0,15,2,2022-07-06 13:06:04
1657112764446113000,178.5,1,178.5,18,179.0,15,2,2022-07-06 13:06:04
1657112788662869000,178.5,1,178.5,18,179.0,15,2,2022-07-06 13:06:28
1657112809906739000,178.5,1,178.5,17,179.0,15,2,2022-07-06 13:06:49
1657112821758940000,178.5,2,178.5,15,179.0,15,2,2022-07-06 13:07:01
1657112826971260000,178.5,1,178.5,16,179.0,14,2,2022-07-06 13:07:06
1657112833003957000,178.5,1,178.5,15,179.0,14,2,2022-07-06 13:07:13
1657112854985838000,179.0,1,178.5,15,179.0,13,1,2022-07-06 13:07:34
1657112874600638000,178.5,1,178.5,14,179.0,12,2,2022-07-06 13:07:54
1657112877173465000,179.0,1,178.5,18,179.0,11,1,2022-07-06 13:07:57
1657112892200375000,179.0,7,178.5,18,179.0,5,1,2022-07-06 13:08:12
1657112892338596000,179.0,1,178.5,19,179.0,4,1,2022-07-06 13:08:12
1657112892585926000,179.0,2,178.5,19,179.0,1,1,2022-07-06 13:08:12
1657112892621608000,179.0,1,178.5,19,179.5,20,1,2022-07-06 13:08:12
1657112897967074000,179.0,1,178.5,18,179.5,16,2,2022-07-06 13:08:17
1657112999881450000,179.0,1,178.5,22,179.0,6,1,2022-07-06 13:09:59
1657113044911629000,178.5,1,178.5,21,179.0,5,2,2022-07-06 13:10:44
1657113048501813000,178.5,1,178.5,20,179.0,5,2,2022-07-06 13:10:48
1657113048596994000,178.5,1,178.5,19,179.0,5,2,2022-07-06 13:10:48
1657113068676017000,178.5,1,178.5,18,179.0,10,2,2022-07-06 13:11:08
1657113068974619000,178.5,5,178.5,13,179.0,5,2,2022-07-06 13:11:08
1657113145992342000,178.5,5,178.5,7,179.0,10,2,2022-07-06 13:12:25
1657113146121688000,178.5,1,178.5,6,179.0,13,2,2022-07-06 13:12:26
1657113149692814000,178.5,1,178.5,5,179.0,13,2,2022-07-06 13:12:29
1657113152951432000,178.5,1,178.5,9,179.0,13,2,2022-07-06 13:12:32
1657113158350397000,178.5,1,178.5,8,179.0,13,2,2022-07-06 13:12:38
1657113169210469000,178.5,2,178.5,6,179.0,21,2,2022-07-06 13:12:49
1657113183638046000,178.5,1,178.5,6,179.0,13,2,2022-07-06 13:13:03
1657113184055315000,178.5,1,178.5,5,179.0,13,2,2022-07-06 13:13:04
1657113188929201000,178.5,1,178.5,4,179.0,13,2,2022-07-06 13:13:08
1657113206979531000,178.5,1,178.5,6,179.0,13,2,2022-07-06 13:13:26
1657113215566582000,178.5,1,178.5,5,179.0,15,2,2022-07-06 13:13:35
1657113241267086000,179.0,1,178.5,5,179.0,14,1,2022-07-06 13:14:01
1657113252048511000,178.5,1,178.5,7,179.0,11,2,2022-07-06 13:14:12
1657113282622560000,178.5,1,178.5,9,179.0,11,2,2022-07-06 13:14:42
1657113287245207000,178.5,1,178.5,9,179.0,11,2,2022-07-06 13:14:47
1657113291872455000,178.5,2,178.5,8,179.0,11,2,2022-07-06 13:14:51
1657113299423761000,178.5,1,178.5,6,179.0,11,2,2022-07-06 13:14:59
1657113316846662000,178.5,2,178.5,4,179.0,11,2,2022-07-06 13:15:16
1657113341091240000,178.5,1,178.5,4,179.0,11,2,2022-07-06 13:15:41
1657113380826349000,178.5,1,178.5,3,179.0,12,2,2022-07-06 13:16:20
1657113380904296000,178.5,1,178.5,2,179.0,12,2,2022-07-06 13:16:20
1657113384210753000,178.5,1,178.5,1,179.0,12,2,2022-07-06 13:16:24
1657113386094745000,178.5,1,178.0,44,179.0,12,2,2022-07-06 13:16:26
1657113391238697000,178.0,3,178.0,40,178.5,1,2,2022-07-06 13:16:31
1657113396248137000,178.0,2,178.0,38,178.5,1,2,2022-07-06 13:16:36
1657113410138729000,178.0,2,178.0,35,178.5,3,2,2022-07-06 13:16:50
1657113431145679000,178.0,1,178.0,33,178.5,4,2,2022-07-06 13:17:11
1657113442489015000,178.0,1,178.0,32,178.5,4,2,2022-07-06 13:17:22
1657113443497657000,178.0,4,178.0,28,178.5,4,2,2022-07-06 13:17:23
1657113450701937000,178.0,1,178.0,27,178.5,4,2,2022-07-06 13:17:30
1657113453595025000,178.0,4,178.0,23,178.5,5,2,2022-07-06 13:17:33
1657113501517202000,178.0,1,178.0,22,178.5,6,2,2022-07-06 13:18:21
1657113523654920000,178.0,13,178.0,8,178.5,6,2,2022-07-06 13:18:43
1657113524656223000,178.0,1,178.0,7,178.5,13,2,2022-07-06 13:18:44
1657113527261708000,178.0,1,178.0,6,178.5,13,2,2022-07-06 13:18:47
1657113528065465000,178.0,1,178.0,5,178.5,13,2,2022-07-06 13:18:48
1657113528145498000,178.0,1,178.0,4,178.5,13,2,2022-07-06 13:18:48
1657113529081495000,178.0,2,178.0,2,178.5,13,2,2022-07-06 13:18:49
1657113529552717000,178.0,1,178.0,1,178.5,13,2,2022-07-06 13:18:49
1657113530297861000,178.0,1,177.5,76,178.5,13,2,2022-07-06 13:18:50
1657113530297861000,177.5,2,177.5,76,178.5,13,2,2022-07-06 13:18:50
1657113535397121000,177.5,4,177.5,72,178.0,1,2,2022-07-06 13:18:55
1657113539658745000,177.5,2,177.5,70,178.0,1,2,2022-07-06 13:18:59
1657113544487702000,178.0,2,177.5,70,178.5,13,1,2022-07-06 13:19:04
1657113554621128000,178.0,1,177.5,70,178.0,2,1,2022-07-06 13:19:14
1657113554656629000,178.0,2,177.5,70,178.5,12,1,2022-07-06 13:19:14
1657113562291330000,178.0,1,177.5,71,178.5,12,1,2022-07-06 13:19:22
1657113575526033000,178.0,1,177.5,71,178.5,11,1,2022-07-06 13:19:35
1657113590792698000,178.0,1,177.5,71,178.5,11,2,2022-07-06 13:19:50
1657113631984172000,178.0,1,177.5,85,178.5,13,1,2022-07-06 13:20:31
1657113633246439000,178.0,1,178.0,1,178.5,9,2,2022-07-06 13:20:33
1657113636317317000,178.0,1,178.0,2,178.5,9,2,2022-07-06 13:20:36
1657113637968729000,178.0,1,177.5,84,178.5,9,2,2022-07-06 13:20:37
1657113654015514000,177.5,2,177.5,44,178.0,5,2,2022-07-06 13:20:54
1657113658119650000,177.5,3,177.5,41,178.0,5,2,2022-07-06 13:20:58
1657113662805918000,178.0,6,178.0,24,178.5,9,1,2022-07-06 13:21:02
1657113662859447000,178.0,1,178.0,23,178.5,5,2,2022-07-06 13:21:02
1657113674639423000,178.5,1,178.0,48,178.5,4,1,2022-07-06 13:21:14
1657113686233832000,178.5,3,178.0,48,179.0,12,1,2022-07-06 13:21:26
1657113703250064000,178.5,1,178.0,78,179.0,6,2,2022-07-06 13:21:43
1657113735674395000,178.5,2,178.0,78,179.0,3,1,2022-07-06 13:22:15
1657113735674395000,179.0,3,178.0,78,179.0,3,1,2022-07-06 13:22:15
1657113742120170000,178.5,2,178.5,28,179.0,6,2,2022-07-06 13:22:22
1657113744072138000,178.5,1,178.5,27,179.0,6,2,2022-07-06 13:22:24
1657113762727759000,178.5,1,178.5,29,179.0,3,2,2022-07-06 13:22:42
1657113780885639000,179.0,2,178.5,29,179.0,3,1,2022-07-06 13:23:00
1657113781451207000,179.0,1,178.5,29,179.0,2,1,2022-07-06 13:23:01
1657113781578021000,179.0,1,178.5,29,179.0,1,1,2022-07-06 13:23:01
1657113783091867000,178.5,1,178.5,28,179.0,1,2,2022-07-06 13:23:03
1657113803595724000,178.5,1,178.5,29,179.0,3,2,2022-07-06 13:23:23
1657113820479111000,179.0,1,178.5,28,179.0,2,1,2022-07-06 13:23:40
1657113825052203000,178.5,1,178.5,27,179.0,2,2,2022-07-06 13:23:45
1657113835726811000,178.5,3,178.5,24,179.0,3,2,2022-07-06 13:23:55
1657113839802343000,179.0,4,179.0,26,179.5,18,1,2022-07-06 13:23:59
1657113850026553000,179.5,1,179.0,29,179.5,13,1,2022-07-06 13:24:10
1657113855029024000,179.5,1,179.0,30,179.5,12,1,2022-07-06 13:24:15
1657113860256500000,179.5,1,179.0,30,179.5,10,1,2022-07-06 13:24:20
1657113861944918000,179.5,1,179.0,30,179.5,9,1,2022-07-06 13:24:21
1657113867021376000,179.5,1,179.0,30,179.5,8,1,2022-07-06 13:24:27
1657113886423847000,179.5,2,179.0,30,179.5,7,1,2022-07-06 13:24:46
1657113886636335000,179.5,1,179.0,29,179.5,6,1,2022-07-06 13:24:46
1657113892673577000,179.0,1,179.0,30,179.5,6,2,2022-07-06 13:24:52
1657114200000000000,179.0,285,179.0,23,179.5,5,2,2022-07-06 13:30:00
