ts,close,volume,bid_price,bid_volume,ask_price,ask_volume,tick_type,datetime
1663146128175405000,28.05,1306,28.0,57,28.05,60,2,2022-09-14 09:02:08
1663146128232425000,28.0,3,28.0,54,28.05,60,2,2022-09-14 09:02:08
1663146128233093000,28.0,1,28.0,53,28.05,60,2,2022-09-14 09:02:08
1663146128246121000,28.0,40,28.0,13,28.05,60,2,2022-09-14 09:02:08
1663146128255978000,28.0,8,28.0,5,28.05,60,2,2022-09-14 09:02:08
1663146128272687000,28.0,1,28.0,6,28.05,60,2,2022-09-14 09:02:08
1663146128279327000,28.0,2,28.0,4,28.05,60,2,2022-09-14 09:02:08
1663146128279364000,28.0,3,28.0,1,28.05,60,2,2022-09-14 09:02:08
1663146128279379000,28.0,1,27.95,16,28.05,60,2,2022-09-14 09:02:08
1663146128281919000,27.95,16,27.9,12,28.05,60,2,2022-09-14 09:02:08
1663146128281919000,27.9,6,27.9,12,28.05,60,2,2022-09-14 09:02:08
1663146128292565000,27.9,1,27.9,11,28.05,60,2,2022-09-14 09:02:08
1663146128301540000,27.9,1,27.9,10,28.05,60,2,2022-09-14 09:02:08
1663146128306166000,28.0,5,27.9,10,28.0,7,1,2022-09-14 09:02:08
1663146128423706000,27.95,2,27.95,67,28.0,7,2,2022-09-14 09:02:08
1663146128517540000,27.95,1,27.95,135,28.0,7,2,2022-09-14 09:02:08
1663146128581498000,28.0,7,27.95,135,28.05,61,1,2022-09-14 09:02:08
1663146128596587000,27.95,3,27.95,132,28.05,61,2,2022-09-14 09:02:08
1663146128776190000,27.95,2,27.95,130,28.05,51,2,2022-09-14 09:02:08
1663146128777043000,27.95,3,27.95,127,28.05,51,2,2022-09-14 09:02:08
1663146128777955000,27.95,2,27.95,125,28.05,51,2,2022-09-14 09:02:08
1663146128778901000,27.95,2,27.95,123,28.05,51,2,2022-09-14 09:02:08
1663146128780448000,27.95,3,27.95,120,28.05,51,2,2022-09-14 09:02:08
1663146128780981000,27.95,3,27.95,117,28.05,51,2,2022-09-14 09:02:08
1663146128782009000,27.95,1,27.95,116,28.05,51,2,2022-09-14 09:02:08
1663146128782979000,27.95,3,27.95,113,28.05,51,2,2022-09-14 09:02:08
1663146128784080000,27.95,1,27.95,112,28.05,51,2,2022-09-14 09:02:08
1663146128785202000,27.95,2,27.95,110,28.05,51,2,2022-09-14 09:02:08
1663146130423275000,28.0,3,27.95,124,28.05,51,1,2022-09-14 09:02:10
1663146130581259000,28.05,51,27.95,124,28.1,137,1,2022-09-14 09:02:10
1663146130619130000,28.1,137,27.95,124,28.15,416,1,2022-09-14 09:02:10
1663146130662551000,28.0,4,28.0,1,28.1,5,2,2022-09-14 09:02:10
1663146130663852000,28.0,1,27.95,124,28.1,5,2,2022-09-14 09:02:10
1663146130697075000,28.0,2,27.95,124,28.0,15,1,2022-09-14 09:02:10
1663146130697288000,28.0,2,27.95,124,28.0,13,1,2022-09-14 09:02:10
1663146130697304000,28.0,2,27.95,124,28.0,11,1,2022-09-14 09:02:10
1663146130697506000,28.0,2,27.95,124,28.0,9,1,2022-09-14 09:02:10
1663146130697803000,28.0,3,27.95,124,28.0,6,1,2022-09-14 09:02:10
1663146130707138000,28.0,1,27.95,124,28.0,5,1,2022-09-14 09:02:10
1663146130707157000,28.0,2,27.95,124,28.0,3,1,2022-09-14 09:02:10
1663146130707173000,28.0,1,27.95,124,28.0,2,1,2022-09-14 09:02:10
1663146130707253000,28.0,2,27.95,124,28.1,5,1,2022-09-14 09:02:10
1663146130707685000,28.1,3,27.95,124,28.1,2,1,2022-09-14 09:02:10
1663146130708321000,28.1,2,27.95,124,28.15,416,1,2022-09-14 09:02:10
1663146130901516000,28.1,1,28.0,7,28.1,6,1,2022-09-14 09:02:10
1663146130953325000,28.05,6,28.05,48,28.1,6,1,2022-09-14 09:02:10
1663146131013370000,28.05,1,28.05,63,28.1,6,2,2022-09-14 09:02:11
1663146131140454000,28.1,6,28.05,93,28.15,416,1,2022-09-14 09:02:11
1663146131252909000,28.15,321,28.1,20,28.15,95,1,2022-09-14 09:02:11
1663146131278307000,28.15,39,28.1,20,28.15,56,1,2022-09-14 09:02:11
1663146131285506000,28.15,2,28.1,20,28.15,54,1,2022-09-14 09:02:11
1663146131285526000,28.15,3,28.1,20,28.15,51,1,2022-09-14 09:02:11
1663146131285852000,28.15,51,28.1,20,28.2,67,1,2022-09-14 09:02:11
1663146131364652000,28.2,46,28.1,20,28.2,21,1,2022-09-14 09:02:11
1663146131397954000,28.2,21,28.1,20,28.25,35,1,2022-09-14 09:02:11
1663146131467147000,28.25,6,28.1,30,28.25,29,1,2022-09-14 09:02:11
1663146131597572000,28.15,6,28.15,79,28.25,29,2,2022-09-14 09:02:11
1663146131633880000,28.25,23,28.15,85,28.25,6,1,2022-09-14 09:02:11
1663146131666233000,28.25,4,28.15,85,28.25,2,1,2022-09-14 09:02:11
1663146131666424000,28.25,2,28.15,85,28.3,25,1,2022-09-14 09:02:11
1663146131773053000,28.3,17,28.2,30,28.3,8,1,2022-09-14 09:02:11
1663146131790801000,28.3,8,28.3,12,28.35,33,1,2022-09-14 09:02:11
1663146131794277000,28.3,10,28.3,2,28.35,33,2,2022-09-14 09:02:11
1663146131908583000,28.35,8,28.3,2,28.35,25,1,2022-09-14 09:02:11
1663146131916918000,28.35,6,28.3,2,28.35,19,1,2022-09-14 09:02:11
1663146131981692000,28.35,6,28.3,2,28.35,13,1,2022-09-14 09:02:11
1663146132115029000,28.35,13,28.35,17,28.4,24,1,2022-09-14 09:02:12
1663146132240537000,28.4,24,28.4,6,28.45,24,1,2022-09-14 09:02:12
1663146132269413000,28.45,10,28.4,6,28.45,24,1,2022-09-14 09:02:12
1663146132351234000,28.45,1,28.4,6,28.45,13,1,2022-09-14 09:02:12
1663146132483127000,28.45,1,28.4,16,28.45,12,1,2022-09-14 09:02:12
1663146132507777000,28.45,1,28.4,16,28.45,11,1,2022-09-14 09:02:12
1663146132515335000,28.4,4,28.4,25,28.45,11,2,2022-09-14 09:02:12
1663146132623483000,28.45,10,28.4,25,28.45,1,1,2022-09-14 09:02:12
1663146132628009000,28.45,1,28.4,25,28.5,54,1,2022-09-14 09:02:12
1663146132666850000,28.5,21,28.4,25,28.5,33,1,2022-09-14 09:02:12
1663146132688291000,28.5,5,28.4,25,28.5,28,1,2022-09-14 09:02:12
1663146132722356000,28.5,28,28.4,25,28.55,23,1,2022-09-14 09:02:12
1663146132766463000,28.55,20,28.5,1,28.55,23,1,2022-09-14 09:02:12
1663146132775144000,28.5,2,28.4,25,28.5,1,2,2022-09-14 09:02:12
1663146132787025000,28.5,1,28.4,25,28.6,21,1,2022-09-14 09:02:12
1663146132787025000,28.55,3,28.4,25,28.6,21,1,2022-09-14 09:02:12
1663146132787025000,28.6,6,28.4,25,28.6,21,1,2022-09-14 09:02:12
1663146132839667000,28.45,11,28.45,17,28.55,6,2,2022-09-14 09:02:12
1663146132861567000,28.55,5,28.45,5,28.55,1,1,2022-09-14 09:02:12
1663146132954127000,28.55,1,28.55,9,28.6,21,1,2022-09-14 09:02:12
1663146132971389000,28.6,5,28.55,9,28.6,16,1,2022-09-14 09:02:12
1663146133158793000,28.6,10,28.55,31,28.6,16,1,2022-09-14 09:02:13
1663146133341458000,28.55,20,28.55,21,28.6,6,2,2022-09-14 09:02:13
1663146133835548000,28.6,1,28.55,22,28.6,5,1,2022-09-14 09:02:13
1663146134016720000,28.6,1,28.55,22,28.6,4,1,2022-09-14 09:02:14
1663146134657771000,28.6,3,28.55,22,28.6,6,1,2022-09-14 09:02:14
1663146134780388000,28.6,1,28.55,22,28.6,5,1,2022-09-14 09:02:14
1663146134802820000,28.6,5,28.55,22,28.65,22,1,2022-09-14 09:02:14
1663146134925028000,28.55,1,28.55,21,28.6,17,2,2022-09-14 09:02:14
1663146134986971000,28.55,3,28.55,18,28.6,23,2,2022-09-14 09:02:14
1663146134987009000,28.55,3,28.55,15,28.6,23,2,2022-09-14 09:02:14
1663146134987024000,28.55,3,28.55,12,28.6,23,2,2022-09-14 09:02:14
1663146134987076000,28.55,3,28.55,9,28.6,23,2,2022-09-14 09:02:14
1663146134987092000,28.55,3,28.55,6,28.6,23,2,2022-09-14 09:02:14
1663146134987107000,28.55,3,28.55,3,28.6,23,2,2022-09-14 09:02:14
1663146134987164000,28.55,3,28.5,14,28.6,23,2,2022-09-14 09:02:14
1663146135164588000,28.55,1,28.5,14,28.6,23,2,2022-09-14 09:02:15
1663146136117516000,28.55,1,28.5,24,28.55,28,1,2022-09-14 09:02:16
1663146136217417000,28.5,20,28.5,4,28.55,28,2,2022-09-14 09:02:16
1663146136243596000,28.5,4,28.5,24,28.55,28,2,2022-09-14 09:02:16
1663146136626806000,28.5,2,28.45,25,28.5,15,1,2022-09-14 09:02:16
1663146136732207000,28.5,1,28.45,25,28.5,21,1,2022-09-14 09:02:16
1663146136889278000,28.5,2,28.45,25,28.5,18,1,2022-09-14 09:02:16
1663146136912623000,28.45,11,28.45,14,28.5,18,2,2022-09-14 09:02:16
1663146136923067000,28.5,1,28.45,14,28.5,17,1,2022-09-14 09:02:16
1663146136961989000,28.5,1,28.45,14,28.5,16,1,2022-09-14 09:02:16
1663146137153048000,28.45,14,28.4,11,28.5,16,2,2022-09-14 09:02:17
1663146137361681000,28.4,11,28.35,11,28.45,10,2,2022-09-14 09:02:17
1663146137566537000,28.45,1,28.35,10,28.45,15,1,2022-09-14 09:02:17
1663146137592302000,28.45,1,28.35,10,28.45,14,1,2022-09-14 09:02:17
1663146137643002000,28.45,1,28.35,10,28.45,23,1,2022-09-14 09:02:17
1663146137887832000,28.45,1,28.35,20,28.45,22,1,2022-09-14 09:02:17
1663146138078856000,28.45,1,28.35,20,28.45,29,1,2022-09-14 09:02:18
1663146138110869000,28.45,1,28.35,20,28.45,28,1,2022-09-14 09:02:18
1663146138116939000,28.45,1,28.35,20,28.45,27,1,2022-09-14 09:02:18
1663146138204745000,28.35,12,28.35,8,28.45,27,2,2022-09-14 09:02:18
1663146138550412000,28.35,3,28.35,5,28.4,26,2,2022-09-14 09:02:18
1663146138550960000,28.35,5,28.3,11,28.4,26,2,2022-09-14 09:02:18
1663146138604237000,28.4,1,28.3,11,28.4,25,1,2022-09-14 09:02:18
1663146138616991000,28.4,10,28.3,11,28.4,15,1,2022-09-14 09:02:18
1663146138660615000,28.4,6,28.3,11,28.4,9,1,2022-09-14 09:02:18
1663146139067764000,28.35,1,28.3,11,28.35,1,1,2022-09-14 09:02:19
1663146139067764000,28.4,1,28.3,11,28.35,1,1,2022-09-14 09:02:19
1663146139320087000,28.4,1,28.3,11,28.4,13,1,2022-09-14 09:02:19
1663146139408763000,28.3,2,28.3,9,28.4,13,2,2022-09-14 09:02:19
1663146139421104000,28.4,1,28.3,9,28.4,12,1,2022-09-14 09:02:19
1663146139441747000,28.3,9,28.25,10,28.4,12,2,2022-09-14 09:02:19
1663146139502177000,28.4,1,28.25,10,28.4,11,1,2022-09-14 09:02:19
1663146139709782000,28.25,10,28.15,34,28.35,5,2,2022-09-14 09:02:19
1663146139709782000,28.2,10,28.15,34,28.35,5,2,2022-09-14 09:02:19
1663146140066189000,28.3,1,28.2,13,28.3,4,1,2022-09-14 09:02:20
1663146140206376000,28.3,1,28.2,13,28.3,3,1,2022-09-14 09:02:20
1663146140231344000,28.3,3,28.2,13,28.35,3,1,2022-09-14 09:02:20
1663146140231344000,28.35,3,28.2,13,28.35,3,1,2022-09-14 09:02:20
1663146140329260000,28.35,2,28.2,13,28.35,1,1,2022-09-14 09:02:20
1663146140419083000,28.3,2,28.25,30,28.35,1,1,2022-09-14 09:02:20
1663146140490124000,28.35,1,28.25,30,28.4,11,1,2022-09-14 09:02:20
1663146140490124000,28.4,1,28.25,30,28.4,11,1,2022-09-14 09:02:20
1663146140537662000,28.3,1,28.25,30,28.4,11,2,2022-09-14 09:02:20
1663146140752816000,28.25,1,28.25,30,28.3,1,2,2022-09-14 09:02:20
1663146140771584000,28.3,1,28.25,29,28.4,11,1,2022-09-14 09:02:20
1663146140809984000,28.25,10,28.25,19,28.4,11,2,2022-09-14 09:02:20
1663146140872199000,28.25,1,28.25,18,28.4,11,2,2022-09-14 09:02:20
1663146140993202000,28.35,1,28.3,10,28.4,11,1,2022-09-14 09:02:20
1663146141018417000,28.4,1,28.3,10,28.4,10,1,2022-09-14 09:02:21
1663146141335465000,28.35,1,28.3,10,28.35,2,1,2022-09-14 09:02:21
1663146141396730000,28.35,1,28.3,10,28.35,1,1,2022-09-14 09:02:21
1663146141554770000,28.35,1,28.3,15,28.4,9,1,2022-09-14 09:02:21
1663146141554770000,28.4,1,28.3,15,28.4,9,1,2022-09-14 09:02:21
1663146141595912000,28.3,1,28.3,14,28.4,9,2,2022-09-14 09:02:21
1663146141687910000,28.3,1,28.3,13,28.4,9,2,2022-09-14 09:02:21
1663146141837595000,28.35,5,28.35,5,28.4,10,1,2022-09-14 09:02:21
1663146141884929000,28.4,1,28.35,5,28.4,9,1,2022-09-14 09:02:21
1663146142133745000,28.35,5,28.35,5,28.4,32,2,2022-09-14 09:02:22
1663146142431302000,28.4,1,28.3,13,28.4,29,1,2022-09-14 09:02:22
1663146142456960000,28.4,1,28.3,13,28.4,28,1,2022-09-14 09:02:22
1663146142787032000,28.35,1,28.3,14,28.4,28,1,2022-09-14 09:02:22
1663146142891249000,28.3,1,28.3,13,28.4,33,2,2022-09-14 09:02:22
1663146142907194000,28.4,1,28.3,13,28.4,32,1,2022-09-14 09:02:22
1663146142925599000,28.4,2,28.3,13,28.4,30,1,2022-09-14 09:02:22
1663146143501571000,28.35,3,28.3,13,28.4,40,2,2022-09-14 09:02:23
1663146143770044000,28.4,1,28.3,14,28.4,39,1,2022-09-14 09:02:23
1663146143956536000,28.4,3,28.3,14,28.4,36,1,2022-09-14 09:02:23
1663146144050147000,28.4,1,28.3,14,28.4,35,1,2022-09-14 09:02:24
1663146144103460000,28.4,1,28.3,14,28.4,34,1,2022-09-14 09:02:24
1663146144136890000,28.4,8,28.3,14,28.4,26,1,2022-09-14 09:02:24
1663146144175481000,28.4,1,28.3,14,28.4,25,1,2022-09-14 09:02:24
1663146144192095000,28.4,1,28.3,14,28.4,39,1,2022-09-14 09:02:24
1663146144364792000,28.3,3,28.3,11,28.4,24,2,2022-09-14 09:02:24
1663146144413562000,28.4,1,28.3,11,28.4,23,1,2022-09-14 09:02:24
1663146144498778000,28.4,5,28.3,11,28.4,18,1,2022-09-14 09:02:24
1663146144550216000,28.4,2,28.35,1,28.4,16,1,2022-09-14 09:02:24
1663146144556768000,28.4,2,28.35,1,28.4,14,1,2022-09-14 09:02:24
1663146144631914000,28.4,10,28.35,1,28.4,4,1,2022-09-14 09:02:24
1663146144732675000,28.35,1,28.3,11,28.4,4,2,2022-09-14 09:02:24
1663146145098878000,28.35,1,28.35,1,28.4,14,1,2022-09-14 09:02:25
1663146145126712000,28.35,1,28.3,11,28.4,14,2,2022-09-14 09:02:25
1663146145150527000,28.4,2,28.3,11,28.4,12,1,2022-09-14 09:02:25
1663146145189810000,28.3,5,28.3,6,28.4,12,2,2022-09-14 09:02:25
1663146145429500000,28.35,1,28.3,8,28.4,10,1,2022-09-14 09:02:25
1663146145429500000,28.4,2,28.3,8,28.4,10,1,2022-09-14 09:02:25
1663146145610151000,28.35,1,28.3,12,28.4,11,1,2022-09-14 09:02:25
1663146145673412000,28.3,15,28.25,21,28.4,11,2,2022-09-14 09:02:25
1663146145917388000,28.35,1,28.25,22,28.4,35,2,2022-09-14 09:02:25
1663146146125703000,28.4,5,28.25,26,28.4,35,1,2022-09-14 09:02:26
1663146146369442000,28.4,1,28.25,50,28.4,36,1,2022-09-14 09:02:26
1663146146610743000,28.35,1,28.25,50,28.4,36,2,2022-09-14 09:02:26
1663146146644626000,28.35,1,28.3,5,28.4,36,2,2022-09-14 09:02:26
1663146146683369000,28.4,1,28.3,6,28.4,35,1,2022-09-14 09:02:26
1663146147179082000,28.35,2,28.3,8,28.35,5,1,2022-09-14 09:02:27
1663146147424636000,28.3,5,28.3,4,28.35,3,2,2022-09-14 09:02:27
1663146147426272000,28.35,1,28.3,4,28.35,2,1,2022-09-14 09:02:27
1663146147468185000,28.35,1,28.3,9,28.35,1,1,2022-09-14 09:02:27
1663146147691068000,28.35,1,28.3,13,28.35,3,1,2022-09-14 09:02:27
1663146147720623000,28.35,3,28.3,13,28.4,67,1,2022-09-14 09:02:27
1663146147723787000,28.4,30,28.3,13,28.4,37,1,2022-09-14 09:02:27
1663146147725953000,28.3,2,28.3,13,28.35,4,2,2022-09-14 09:02:27
1663146147872438000,28.4,2,28.3,12,28.4,35,1,2022-09-14 09:02:27
1663146148125133000,28.4,1,28.35,1,28.4,37,1,2022-09-14 09:02:28
1663146148136458000,28.35,1,28.3,12,28.4,37,2,2022-09-14 09:02:28
1663146148167081000,28.4,1,28.35,2,28.4,36,1,2022-09-14 09:02:28
1663146148272458000,28.35,1,28.35,5,28.4,36,2,2022-09-14 09:02:28
1663146148432361000,28.35,1,28.35,14,28.4,36,2,2022-09-14 09:02:28
1663146148436251000,28.4,1,28.35,14,28.4,35,1,2022-09-14 09:02:28
1663146148563635000,28.4,1,28.35,14,28.4,34,1,2022-09-14 09:02:28
1663146148793480000,28.35,1,28.35,13,28.4,34,2,2022-09-14 09:02:28
1663146149030749000,28.4,1,28.35,13,28.4,33,1,2022-09-14 09:02:29
1663146149105496000,28.4,1,28.35,13,28.4,32,1,2022-09-14 09:02:29
1663146149319835000,28.35,2,28.35,11,28.4,32,2,2022-09-14 09:02:29
1663146149433547000,28.35,11,28.3,20,28.35,9,2,2022-09-14 09:02:29
1663146149501484000,28.35,3,28.3,20,28.35,6,1,2022-09-14 09:02:29
1663146149700668000,28.35,6,28.35,10,28.4,32,1,2022-09-14 09:02:29
1663146149741890000,28.35,1,28.35,11,28.4,32,2,2022-09-14 09:02:29
1663146149772018000,28.35,1,28.35,8,28.4,32,2,2022-09-14 09:02:29
1663146149820144000,28.4,6,28.35,8,28.4,26,1,2022-09-14 09:02:29
1663146150031644000,28.4,1,28.35,8,28.4,25,1,2022-09-14 09:02:30
1663146150091267000,28.4,1,28.35,8,28.4,24,1,2022-09-14 09:02:30
1663146150197065000,28.4,1,28.35,8,28.4,28,1,2022-09-14 09:02:30
1663146150438241000,28.4,1,28.35,9,28.4,27,1,2022-09-14 09:02:30
1663146150694753000,28.4,20,28.35,11,28.4,7,1,2022-09-14 09:02:30
1663146150737460000,28.4,7,28.35,12,28.4,7,1,2022-09-14 09:02:30
1663146150817081000,28.4,1,28.35,12,28.4,1,1,2022-09-14 09:02:30
1663146150910199000,28.4,1,28.35,12,28.45,93,1,2022-09-14 09:02:30
1663146150910199000,28.45,1,28.35,12,28.45,93,1,2022-09-14 09:02:30
1663146150977823000,28.4,3,28.35,12,28.45,93,2,2022-09-14 09:02:30
1663146151048963000,28.45,2,28.4,5,28.45,91,1,2022-09-14 09:02:31
1663146151217606000,28.4,1,28.4,7,28.45,91,2,2022-09-14 09:02:31
1663146151360896000,28.45,20,28.4,6,28.45,71,1,2022-09-14 09:02:31
1663146151427845000,28.45,10,28.4,8,28.45,61,1,2022-09-14 09:02:31
1663146151654503000,28.4,1,28.4,20,28.45,61,2,2022-09-14 09:02:31
1663146151680454000,28.4,2,28.4,18,28.45,61,2,2022-09-14 09:02:31
1663146151761835000,28.45,5,28.4,23,28.45,61,1,2022-09-14 09:02:31
1663146151785530000,28.45,2,28.4,23,28.45,54,1,2022-09-14 09:02:31
1663146151812182000,28.4,20,28.4,3,28.45,54,2,2022-09-14 09:02:31
1663146151844176000,28.4,1,28.4,2,28.45,54,2,2022-09-14 09:02:31
1663146151985133000,28.4,1,28.4,1,28.45,54,2,2022-09-14 09:02:31
1663146152114167000,28.45,1,28.4,1,28.45,53,1,2022-09-14 09:02:32
1663146152114826000,28.4,1,28.35,28,28.45,53,2,2022-09-14 09:02:32
1663146152140890000,28.35,28,28.3,24,28.45,53,2,2022-09-14 09:02:32
1663146152194290000,28.4,1,28.4,9,28.45,53,1,2022-09-14 09:02:32
1663146152204087000,28.45,10,28.4,9,28.45,43,1,2022-09-14 09:02:32
1663146152384480000,28.45,1,28.4,11,28.45,42,1,2022-09-14 09:02:32
1663146152434495000,28.45,2,28.4,11,28.45,40,1,2022-09-14 09:02:32
1663146152458048000,28.45,2,28.4,11,28.45,38,1,2022-09-14 09:02:32
1663146152518621000,28.4,11,28.4,1,28.45,38,2,2022-09-14 09:02:32
1663146152581658000,28.45,1,28.4,6,28.45,37,1,2022-09-14 09:02:32
1663146152611539000,28.4,1,28.4,5,28.45,37,2,2022-09-14 09:02:32
1663146153034178000,28.45,1,28.4,7,28.45,36,1,2022-09-14 09:02:33
1663146153575481000,28.45,1,28.4,8,28.45,35,1,2022-09-14 09:02:33
1663146153588948000,28.4,3,28.4,5,28.45,35,2,2022-09-14 09:02:33
1663146153614075000,28.4,1,28.4,4,28.45,35,2,2022-09-14 09:02:33
1663146153615859000,28.45,1,28.4,4,28.45,34,1,2022-09-14 09:02:33
1663146153720816000,28.4,4,28.35,20,28.45,34,2,2022-09-14 09:02:33
1663146153720816000,28.35,6,28.35,20,28.45,34,2,2022-09-14 09:02:33
1663146153753068000,28.4,6,28.4,6,28.45,34,2,2022-09-14 09:02:33
1663146153753068000,28.35,14,28.4,6,28.45,34,2,2022-09-14 09:02:33
1663146154023159000,28.4,3,28.35,6,28.4,7,1,2022-09-14 09:02:34
1663146154103851000,28.4,1,28.35,6,28.4,6,1,2022-09-14 09:02:34
1663146154239406000,28.4,6,28.35,6,28.4,10,1,2022-09-14 09:02:34
1663146154239406000,28.45,4,28.35,6,28.4,10,1,2022-09-14 09:02:34
1663146154324725000,28.45,1,28.35,6,28.45,29,1,2022-09-14 09:02:34
1663146154335453000,28.45,1,28.35,6,28.45,28,1,2022-09-14 09:02:34
1663146154425985000,28.45,5,28.35,13,28.45,23,1,2022-09-14 09:02:34
1663146154451613000,28.4,1,28.35,13,28.4,1,2,2022-09-14 09:02:34
1663146154487693000,28.4,1,28.35,13,28.45,23,1,2022-09-14 09:02:34
1663146154870055000,28.4,1,28.35,13,28.45,25,2,2022-09-14 09:02:34
1663146154950224000,28.45,10,28.35,13,28.45,15,1,2022-09-14 09:02:34
1663146155082489000,28.45,1,28.4,2,28.45,14,1,2022-09-14 09:02:35
1663146155634294000,28.45,1,28.4,3,28.45,13,1,2022-09-14 09:02:35
1663146155640783000,28.45,2,28.4,3,28.45,11,1,2022-09-14 09:02:35
1663146155758547000,28.4,10,28.35,24,28.4,20,2,2022-09-14 09:02:35
1663146155934407000,28.4,1,28.35,24,28.4,25,1,2022-09-14 09:02:35
1663146155945173000,28.4,2,28.35,24,28.4,23,1,2022-09-14 09:02:35
1663146155995438000,28.4,1,28.35,24,28.4,22,1,2022-09-14 09:02:35
1663146156026174000,28.4,1,28.35,24,28.4,21,1,2022-09-14 09:02:36
1663146156062334000,28.4,5,28.35,24,28.4,16,1,2022-09-14 09:02:36
1663146156149535000,28.4,1,28.35,24,28.4,17,1,2022-09-14 09:02:36
1663146156178726000,28.4,2,28.35,24,28.4,15,1,2022-09-14 09:02:36
1663146156403635000,28.4,6,28.35,24,28.4,10,1,2022-09-14 09:02:36
1663146156471416000,28.4,1,28.35,24,28.4,9,1,2022-09-14 09:02:36
1663146157057322000,28.35,3,28.35,23,28.4,10,2,2022-09-14 09:02:37
1663146157100844000,28.4,4,28.35,24,28.4,6,1,2022-09-14 09:02:37
1663146157106605000,28.35,1,28.35,23,28.4,6,2,2022-09-14 09:02:37
1663146157140359000,28.4,1,28.35,23,28.4,5,1,2022-09-14 09:02:37
1663146157141720000,28.4,1,28.35,23,28.4,4,1,2022-09-14 09:02:37
1663146157223893000,28.4,1,28.35,24,28.4,4,1,2022-09-14 09:02:37
1663146157266280000,28.4,3,28.35,24,28.45,15,1,2022-09-14 09:02:37
1663146157497854000,28.35,10,28.35,15,28.4,21,2,2022-09-14 09:02:37
1663146157539964000,28.4,2,28.35,15,28.4,19,1,2022-09-14 09:02:37
1663146157787231000,28.35,1,28.35,18,28.4,19,2,2022-09-14 09:02:37
1663146157795401000,28.35,1,28.35,17,28.4,19,2,2022-09-14 09:02:37
1663146157956968000,28.4,1,28.35,18,28.4,18,1,2022-09-14 09:02:37
1663146157988738000,28.4,1,28.35,21,28.4,17,1,2022-09-14 09:02:37
1663146158041010000,28.4,1,28.35,21,28.4,16,1,2022-09-14 09:02:38
1663146158041331000,28.4,2,28.35,21,28.4,14,1,2022-09-14 09:02:38
1663146158218998000,28.4,1,28.35,23,28.4,13,1,2022-09-14 09:02:38
1663146158483651000,28.4,1,28.35,23,28.4,20,1,2022-09-14 09:02:38
1663146158652338000,28.4,10,28.35,23,28.4,24,1,2022-09-14 09:02:38
1663146159171291000,28.35,2,28.35,23,28.4,24,2,2022-09-14 09:02:39
1663146159254781000,28.35,10,28.35,11,28.4,24,2,2022-09-14 09:02:39
1663146159486886000,28.4,1,28.35,11,28.4,23,1,2022-09-14 09:02:39
1663146159500625000,28.4,1,28.35,11,28.4,22,1,2022-09-14 09:02:39
1663146159535794000,28.4,2,28.35,11,28.4,20,1,2022-09-14 09:02:39
1663146159588656000,28.4,5,28.35,11,28.4,15,1,2022-09-14 09:02:39
1663146159637077000,28.4,1,28.35,11,28.4,14,1,2022-09-14 09:02:39
1663146159714109000,28.4,2,28.35,12,28.4,14,1,2022-09-14 09:02:39
1663146159816910000,28.35,13,28.3,75,28.35,7,2,2022-09-14 09:02:39
1663146159822603000,28.35,1,28.3,75,28.35,6,1,2022-09-14 09:02:39
1663146159842942000,28.3,1,28.3,74,28.35,6,2,2022-09-14 09:02:39
1663146159860801000,28.35,1,28.3,74,28.35,5,1,2022-09-14 09:02:39
1663146160048267000,28.35,2,28.3,73,28.35,8,1,2022-09-14 09:02:40
1663146160164367000,28.35,1,28.3,73,28.35,18,1,2022-09-14 09:02:40
1663146160278663000,28.35,3,28.3,78,28.35,15,1,2022-09-14 09:02:40
1663146160333184000,28.35,5,28.3,78,28.35,10,1,2022-09-14 09:02:40
1663146160349829000,28.35,2,28.3,78,28.35,8,1,2022-09-14 09:02:40
1663146160493028000,28.35,2,28.3,78,28.35,6,1,2022-09-14 09:02:40
1663146160684815000,28.35,1,28.3,78,28.35,5,1,2022-09-14 09:02:40
1663146160730735000,28.35,1,28.3,78,28.35,6,1,2022-09-14 09:02:40
1663146160784755000,28.35,1,28.3,78,28.35,3,1,2022-09-14 09:02:40
1663146160791122000,28.35,1,28.3,78,28.35,2,1,2022-09-14 09:02:40
1663146160862381000,28.3,20,28.3,58,28.35,2,2,2022-09-14 09:02:40
1663146160898369000,28.3,1,28.3,57,28.35,2,2,2022-09-14 09:02:40
1663146160926684000,28.3,4,28.3,53,28.35,2,2,2022-09-14 09:02:40
1663146161008978000,28.35,1,28.3,53,28.35,2,1,2022-09-14 09:02:41
1663146161175952000,28.35,1,28.3,60,28.35,1,1,2022-09-14 09:02:41
1663146161222995000,28.3,1,28.3,60,28.35,31,2,2022-09-14 09:02:41
1663146161381760000,28.35,1,28.3,59,28.35,33,1,2022-09-14 09:02:41
1663146161382934000,28.35,1,28.3,59,28.35,32,1,2022-09-14 09:02:41
1663146161398884000,28.3,5,28.3,54,28.35,32,2,2022-09-14 09:02:41
1663146161446055000,28.35,5,28.3,54,28.35,27,1,2022-09-14 09:02:41
1663146161481210000,28.35,1,28.3,54,28.35,26,1,2022-09-14 09:02:41
1663146161574675000,28.35,2,28.3,54,28.35,25,1,2022-09-14 09:02:41
1663146161776041000,28.35,3,28.3,54,28.35,29,1,2022-09-14 09:02:41
1663146161782122000,28.35,1,28.3,54,28.35,28,1,2022-09-14 09:02:41
1663146161804182000,28.3,10,28.3,44,28.35,32,2,2022-09-14 09:02:41
1663146161804894000,28.3,10,28.3,34,28.35,32,2,2022-09-14 09:02:41
1663146161806521000,28.35,1,28.3,34,28.35,31,1,2022-09-14 09:02:41
1663146161836431000,28.3,2,28.3,32,28.35,31,2,2022-09-14 09:02:41
1663146161836465000,28.3,13,28.3,19,28.35,31,2,2022-09-14 09:02:41
1663146161871402000,28.3,4,28.3,15,28.35,31,2,2022-09-14 09:02:41
1663146161881008000,28.3,1,28.3,14,28.35,31,2,2022-09-14 09:02:41
1663146161903857000,28.3,14,28.25,49,28.35,31,2,2022-09-14 09:02:41
1663146161991438000,28.3,1,28.25,49,28.35,28,1,2022-09-14 09:02:41
1663146162030403000,28.35,1,28.25,49,28.35,27,1,2022-09-14 09:02:42
1663146162138851000,28.25,10,28.25,39,28.35,30,2,2022-09-14 09:02:42
1663146162172444000,28.25,7,28.25,32,28.35,30,2,2022-09-14 09:02:42
1663146162191608000,28.25,1,28.25,31,28.3,1,2,2022-09-14 09:02:42
1663146162295081000,28.3,4,28.25,31,28.35,31,1,2022-09-14 09:02:42
1663146162295081000,28.35,1,28.25,31,28.35,31,1,2022-09-14 09:02:42
1663146162383771000,28.25,31,28.2,22,28.3,10,2,2022-09-14 09:02:42
1663146162383771000,28.2,5,28.2,22,28.3,10,2,2022-09-14 09:02:42
1663146162396603000,28.3,2,28.2,22,28.3,8,1,2022-09-14 09:02:42
1663146162404087000,28.3,1,28.2,22,28.3,7,1,2022-09-14 09:02:42
1663146162639325000,28.2,3,28.2,19,28.3,48,2,2022-09-14 09:02:42
1663146162678613000,28.25,1,28.2,19,28.25,10,1,2022-09-14 09:02:42
1663146162929898000,28.25,1,28.2,19,28.25,8,1,2022-09-14 09:02:42
1663146162937944000,28.2,10,28.2,9,28.25,8,2,2022-09-14 09:02:42
1663146162973170000,28.2,1,28.2,8,28.25,8,2,2022-09-14 09:02:42
1663146163195945000,28.25,1,28.2,8,28.25,7,1,2022-09-14 09:02:43
1663146163494482000,28.2,6,28.2,2,28.25,25,2,2022-09-14 09:02:43
1663146163530908000,28.2,1,28.2,1,28.25,29,2,2022-09-14 09:02:43
1663146163541095000,28.25,1,28.2,1,28.25,28,1,2022-09-14 09:02:43
1663146163547034000,28.2,1,28.15,37,28.25,28,2,2022-09-14 09:02:43
1663146163568513000,28.25,1,28.15,37,28.25,27,1,2022-09-14 09:02:43
1663146163669715000,28.25,20,28.15,46,28.25,7,1,2022-09-14 09:02:43
1663146163780568000,28.25,2,28.15,46,28.25,5,1,2022-09-14 09:02:43
1663146163909372000,28.25,1,28.15,46,28.25,4,1,2022-09-14 09:02:43
1663146163961227000,28.15,1,28.15,45,28.25,4,2,2022-09-14 09:02:43
1663146163991261000,28.15,10,28.15,35,28.25,5,2,2022-09-14 09:02:43
1663146164022038000,28.25,1,28.15,35,28.25,4,1,2022-09-14 09:02:44
1663146164026770000,28.15,1,28.15,34,28.25,4,2,2022-09-14 09:02:44
1663146164166766000,28.15,1,28.15,33,28.2,6,2,2022-09-14 09:02:44
1663146164180711000,28.15,10,28.15,34,28.2,6,2,2022-09-14 09:02:44
1663146164263638000,28.2,1,28.15,23,28.2,5,1,2022-09-14 09:02:44
1663146164499313000,28.15,1,28.15,22,28.2,6,2,2022-09-14 09:02:44
1663146164588033000,28.15,3,28.15,19,28.2,6,2,2022-09-14 09:02:44
1663146164686342000,28.15,19,28.1,5,28.2,6,2,2022-09-14 09:02:44
1663146164686342000,28.1,1,28.1,5,28.2,6,2,2022-09-14 09:02:44
1663146164726528000,28.1,5,28.05,14,28.2,26,2,2022-09-14 09:02:44
1663146164811219000,28.2,1,28.1,25,28.2,25,1,2022-09-14 09:02:44
1663146164896259000,28.1,2,28.1,23,28.2,27,2,2022-09-14 09:02:44
1663146165610570000,28.15,10,28.1,34,28.15,90,1,2022-09-14 09:02:45
1663146165628934000,28.1,10,28.1,24,28.15,90,2,2022-09-14 09:02:45
1663146165658447000,28.1,10,28.1,14,28.15,90,2,2022-09-14 09:02:45
1663146165733833000,28.1,1,28.1,34,28.15,100,2,2022-09-14 09:02:45
1663146165912754000,28.1,7,28.1,6,28.15,91,2,2022-09-14 09:02:45
1663146166054222000,28.1,1,28.1,5,28.15,91,2,2022-09-14 09:02:46
1663146166188099000,28.1,5,28.05,32,28.1,5,2,2022-09-14 09:02:46
1663146166207145000,28.05,6,28.05,26,28.1,5,2,2022-09-14 09:02:46
1663146166245877000,28.05,1,28.05,26,28.1,5,2,2022-09-14 09:02:46
1663146166377873000,28.05,2,28.05,23,28.1,5,2,2022-09-14 09:02:46
1663146166396137000,28.1,1,28.05,23,28.1,4,1,2022-09-14 09:02:46
1663146166451006000,28.05,20,28.05,3,28.1,4,2,2022-09-14 09:02:46
1663146166630546000,28.05,3,28.0,26,28.05,17,2,2022-09-14 09:02:46
1663146166654826000,28.05,3,28.0,26,28.05,14,1,2022-09-14 09:02:46
1663146166655276000,28.05,5,28.0,26,28.05,9,1,2022-09-14 09:02:46
1663146166806034000,28.05,3,28.0,26,28.05,6,1,2022-09-14 09:02:46
1663146166875630000,28.0,20,28.0,20,28.05,6,2,2022-09-14 09:02:46
1663146166906117000,28.0,20,27.85,12,28.05,6,2,2022-09-14 09:02:46
1663146166937503000,27.85,1,27.85,11,28.05,6,2,2022-09-14 09:02:46
1663146167124042000,28.0,1,27.9,3,28.0,25,1,2022-09-14 09:02:47
1663146167129931000,28.0,2,27.9,3,28.0,23,1,2022-09-14 09:02:47
1663146167145490000,27.9,2,27.9,9,28.0,23,2,2022-09-14 09:02:47
1663146167619136000,27.9,4,27.9,17,28.0,24,2,2022-09-14 09:02:47
1663146168077315000,27.95,2,27.95,5,28.0,25,2,2022-09-14 09:02:48
1663146168077365000,28.0,1,27.95,5,28.0,24,1,2022-09-14 09:02:48
1663146168172561000,27.95,1,27.95,9,28.0,24,2,2022-09-14 09:02:48
1663146168234189000,27.95,4,27.95,10,28.0,24,2,2022-09-14 09:02:48
1663146168366961000,27.95,13,27.8,25,28.0,24,2,2022-09-14 09:02:48
1663146168366961000,27.9,13,27.8,25,28.0,24,2,2022-09-14 09:02:48
1663146168366961000,27.85,11,27.8,25,28.0,24,2,2022-09-14 09:02:48
1663146168366961000,27.8,8,27.8,25,28.0,24,2,2022-09-14 09:02:48
1663146168444866000,27.85,3,27.8,27,27.9,10,2,2022-09-14 09:02:48
1663146168444866000,27.8,6,27.8,27,27.9,10,2,2022-09-14 09:02:48
1663146168447350000,27.9,2,27.8,27,27.9,8,1,2022-09-14 09:02:48
1663146168463855000,27.9,3,27.8,27,27.9,5,1,2022-09-14 09:02:48
1663146168472942000,27.9,5,27.8,27,27.95,3,1,2022-09-14 09:02:48
1663146168776890000,27.95,3,27.9,1,28.0,24,1,2022-09-14 09:02:48
1663146168865907000,27.9,1,27.8,18,28.0,24,2,2022-09-14 09:02:48
1663146168865907000,27.8,9,27.8,18,28.0,24,2,2022-09-14 09:02:48
1663146168891184000,28.0,1,27.8,18,28.0,23,1,2022-09-14 09:02:48
1663146169044330000,27.95,2,27.85,3,27.95,1,1,2022-09-14 09:02:49
1663146169062742000,27.85,3,27.8,18,27.95,1,2,2022-09-14 09:02:49
1663146169062742000,27.8,1,27.8,18,27.95,1,2,2022-09-14 09:02:49
1663146169091484000,27.95,1,27.8,18,28.0,21,1,2022-09-14 09:02:49
1663146169091484000,28.0,1,27.8,18,28.0,21,1,2022-09-14 09:02:49
1663146169214002000,27.85,1,27.8,16,27.95,12,2,2022-09-14 09:02:49
1663146169214002000,27.8,2,27.8,16,27.95,12,2,2022-09-14 09:02:49
1663146169761711000,27.9,3,27.85,26,27.9,10,1,2022-09-14 09:02:49
1663146169811042000,27.9,2,27.85,30,27.9,8,1,2022-09-14 09:02:49
1663146170070422000,27.9,5,27.85,30,27.9,3,1,2022-09-14 09:02:50
1663146170099905000,27.9,3,27.85,30,28.0,22,1,2022-09-14 09:02:50
1663146170239436000,28.0,1,27.85,30,28.0,22,1,2022-09-14 09:02:50
1663146170294073000,27.85,6,27.85,24,28.0,21,2,2022-09-14 09:02:50
1663146170475639000,27.9,1,27.85,24,27.95,10,2,2022-09-14 09:02:50
1663146170531761000,27.95,7,27.85,24,27.95,3,1,2022-09-14 09:02:50
1663146170647681000,27.85,2,27.85,22,27.95,3,2,2022-09-14 09:02:50
1663146170653138000,27.85,12,27.85,10,27.95,3,2,2022-09-14 09:02:50
1663146170727450000,27.95,3,27.85,24,27.95,3,1,2022-09-14 09:02:50
1663146170727450000,28.0,7,27.85,24,27.95,3,1,2022-09-14 09:02:50
1663146170801198000,28.0,1,27.9,4,28.0,13,1,2022-09-14 09:02:50
1663146171235927000,27.9,5,27.9,5,27.95,1,2,2022-09-14 09:02:51
1663146171411123000,27.95,2,27.9,1,27.95,4,1,2022-09-14 09:02:51
1663146171434115000,27.95,4,27.9,1,28.0,8,1,2022-09-14 09:02:51
1663146171434115000,28.0,6,27.9,1,28.0,8,1,2022-09-14 09:02:51
1663146171721183000,28.0,1,27.9,1,28.0,13,1,2022-09-14 09:02:51
1663146171760758000,27.9,1,27.85,6,28.0,12,2,2022-09-14 09:02:51
1663146171803307000,27.85,1,27.85,5,27.9,1,2,2022-09-14 09:02:51
1663146171827166000,27.9,1,27.85,5,28.0,12,1,2022-09-14 09:02:51
1663146171963807000,27.95,1,27.9,1,28.0,5,1,2022-09-14 09:02:51
1663146171963807000,28.0,9,27.9,1,28.0,5,1,2022-09-14 09:02:51
1663146172007300000,28.0,5,27.9,1,28.05,2,1,2022-09-14 09:02:52
1663146172007300000,28.05,5,27.9,1,28.05,2,1,2022-09-14 09:02:52
1663146172112518000,28.0,1,28.0,1,28.05,2,2,2022-09-14 09:02:52
1663146172139586000,28.0,1,27.9,1,28.05,2,2,2022-09-14 09:02:52
1663146172219406000,28.0,1,27.9,1,27.95,2,2,2022-09-14 09:02:52
1663146172389235000,27.95,1,27.9,6,27.95,1,1,2022-09-14 09:02:52
1663146172416504000,27.95,1,27.9,6,28.05,3,1,2022-09-14 09:02:52
1663146172478470000,28.05,1,27.9,8,28.05,2,1,2022-09-14 09:02:52
1663146172587733000,27.9,2,27.9,6,27.95,1,2,2022-09-14 09:02:52
1663146172601277000,27.95,1,27.9,6,28.05,2,1,2022-09-14 09:02:52
1663146172667987000,28.05,1,27.9,6,28.05,1,1,2022-09-14 09:02:52
1663146172798159000,28.0,1,27.95,6,28.0,1,1,2022-09-14 09:02:52
1663146173252276000,27.95,1,27.95,9,28.05,1,2,2022-09-14 09:02:53
1663146173312014000,27.95,8,27.9,4,28.05,1,2,2022-09-14 09:02:53
1663146173312014000,27.9,2,27.9,4,28.05,1,2,2022-09-14 09:02:53
1663146173345412000,27.9,4,27.8,6,28.05,1,2,2022-09-14 09:02:53
1663146173345412000,27.85,3,27.8,6,28.05,1,2,2022-09-14 09:02:53
1663146173345412000,27.8,3,27.8,6,28.05,1,2,2022-09-14 09:02:53
1663146173368346000,28.0,2,27.85,3,28.0,1,2,2022-09-14 09:02:53
1663146173380225000,28.0,2,27.85,3,28.05,1,1,2022-09-14 09:02:53
1663146173424165000,28.05,1,28.0,5,28.1,2,1,2022-09-14 09:02:53
1663146173583091000,28.1,2,28.0,5,28.15,95,1,2022-09-14 09:02:53
1663146174129389000,28.1,1,28.1,1,28.15,95,2,2022-09-14 09:02:54
1663146174129709000,28.1,1,28.0,15,28.15,95,2,2022-09-14 09:02:54
1663146174129710000,28.15,43,28.0,15,28.15,52,1,2022-09-14 09:02:54
1663146174251678000,28.15,6,28.05,4,28.15,52,1,2022-09-14 09:02:54
1663146174324960000,28.05,1,28.05,3,28.15,46,2,2022-09-14 09:02:54
1663146174351048000,28.05,2,28.05,1,28.15,46,2,2022-09-14 09:02:54
1663146174436922000,28.05,1,28.0,20,28.15,46,2,2022-09-14 09:02:54
1663146174824303000,28.0,1,28.0,20,28.1,15,2,2022-09-14 09:02:54
1663146174850178000,28.0,1,28.0,19,28.1,15,2,2022-09-14 09:02:54
1663146174904140000,28.0,1,28.0,19,28.1,15,2,2022-09-14 09:02:54
1663146174948788000,28.0,1,28.0,18,28.1,15,2,2022-09-14 09:02:54
1663146175072564000,28.0,1,28.0,17,28.1,19,2,2022-09-14 09:02:55
1663146176197926000,28.05,4,28.0,46,28.1,19,2,2022-09-14 09:02:56
1663146176197926000,28.0,3,28.0,46,28.1,19,2,2022-09-14 09:02:56
1663146176282936000,28.1,1,28.0,46,28.1,18,1,2022-09-14 09:02:56
1663146176373690000,28.1,1,28.0,46,28.1,17,1,2022-09-14 09:02:56
1663146176478273000,28.1,1,28.0,46,28.1,16,1,2022-09-14 09:02:56
1663146176834519000,28.0,4,28.0,42,28.1,16,2,2022-09-14 09:02:56
1663146176864372000,28.0,10,28.0,32,28.1,16,2,2022-09-14 09:02:56
1663146177069560000,28.05,2,28.0,40,28.1,16,2,2022-09-14 09:02:57
1663146177069560000,28.0,3,28.0,40,28.1,16,2,2022-09-14 09:02:57
1663146177430027000,28.1,5,28.0,40,28.1,11,1,2022-09-14 09:02:57
1663146177451337000,28.1,1,28.0,40,28.1,10,1,2022-09-14 09:02:57
1663146177729471000,28.05,1,28.0,40,28.05,1,1,2022-09-14 09:02:57
1663146177759748000,28.0,1,28.0,39,28.1,10,2,2022-09-14 09:02:57
1663146178089644000,28.05,1,28.0,39,28.1,10,2,2022-09-14 09:02:58
1663146178469510000,28.05,1,28.0,39,28.1,10,2,2022-09-14 09:02:58
1663146179266131000,28.05,2,28.0,40,28.1,10,2,2022-09-14 09:02:59
1663146179301693000,28.0,5,28.0,35,28.1,10,2,2022-09-14 09:02:59
1663146179316600000,28.0,2,28.0,33,28.1,10,2,2022-09-14 09:02:59
1663146179504038000,28.05,1,28.0,33,28.1,10,2,2022-09-14 09:02:59
1663146179572846000,28.1,1,28.0,33,28.1,9,1,2022-09-14 09:02:59
1663146179901199000,28.1,9,28.05,1,28.1,6,1,2022-09-14 09:02:59
1663146180238997000,28.05,2,28.05,2,28.1,56,2,2022-09-14 09:03:00
1663146180628094000,28.05,1,28.0,33,28.1,56,2,2022-09-14 09:03:00
1663146180766985000,28.0,30,28.0,3,28.1,61,2,2022-09-14 09:03:00
1663146180800812000,28.0,3,27.95,2,28.1,61,2,2022-09-14 09:03:00
1663146180862467000,28.05,1,27.95,2,28.1,61,2,2022-09-14 09:03:00
1663146180915247000,28.1,1,27.95,2,28.1,60,1,2022-09-14 09:03:00
1663146180951069000,27.95,1,27.95,1,28.1,60,2,2022-09-14 09:03:00
1663146181058984000,28.0,2,27.95,1,28.1,77,2,2022-09-14 09:03:01
1663146181157122000,27.95,1,27.9,14,28.1,77,2,2022-09-14 09:03:01
1663146181157122000,27.9,2,27.9,14,28.1,77,2,2022-09-14 09:03:01
1663146181320482000,28.05,1,27.95,4,28.05,2,1,2022-09-14 09:03:01
1663146181409578000,27.95,1,27.95,3,28.05,2,2,2022-09-14 09:03:01
1663146181881457000,28.05,1,27.95,13,28.05,1,1,2022-09-14 09:03:01
1663146182117397000,28.0,2,27.95,14,28.05,4,2,2022-09-14 09:03:02
1663146182277355000,28.0,1,27.95,14,28.0,1,1,2022-09-14 09:03:02
1663146183223446000,28.0,1,27.95,14,28.05,18,1,2022-09-14 09:03:03
1663146183503924000,28.0,2,28.0,2,28.05,18,2,2022-09-14 09:03:03
1663146183793057000,28.05,10,27.95,16,28.05,8,1,2022-09-14 09:03:03
1663146183849186000,28.0,1,28.0,4,28.05,8,2,2022-09-14 09:03:03
1663146183871402000,28.0,4,27.95,16,28.05,8,2,2022-09-14 09:03:03
1663146183963093000,28.0,2,27.95,16,28.05,9,2,2022-09-14 09:03:03
1663146184004013000,28.05,1,28.0,1,28.05,8,1,2022-09-14 09:03:04
1663146184100409000,28.0,1,28.0,2,28.05,8,2,2022-09-14 09:03:04
1663146184192248000,28.0,2,28.0,2,28.05,10,2,2022-09-14 09:03:04
1663146184328102000,28.05,2,27.95,16,28.05,28,1,2022-09-14 09:03:04
1663146184380062000,27.95,1,27.95,15,28.05,28,2,2022-09-14 09:03:04
1663146184514419000,27.95,1,27.95,14,28.05,28,2,2022-09-14 09:03:04
1663146184549283000,28.0,1,27.95,14,28.05,28,2,2022-09-14 09:03:04
1663146185246903000,28.0,1,27.95,14,28.05,30,1,2022-09-14 09:03:05
1663146185246903000,28.05,1,27.95,14,28.05,30,1,2022-09-14 09:03:05
1663146185560295000,28.0,2,28.0,4,28.05,30,1,2022-09-14 09:03:05
1663146185563611000,28.05,5,28.0,4,28.05,25,1,2022-09-14 09:03:05
1663146185582502000,28.0,4,27.95,14,28.05,25,2,2022-09-14 09:03:05
1663146185904661000,28.0,1,27.95,14,28.05,28,1,2022-09-14 09:03:05
1663146185981544000,27.95,5,27.95,9,28.0,2,2,2022-09-14 09:03:05
1663146186006395000,28.0,1,27.95,10,28.0,1,1,2022-09-14 09:03:06
1663146186280749000,27.95,5,27.95,10,28.0,1,2,2022-09-14 09:03:06
1663146186297135000,27.95,10,27.8,10,28.0,1,2,2022-09-14 09:03:06
1663146186297135000,27.9,16,27.8,10,28.0,1,2,2022-09-14 09:03:06
1663146186297135000,27.85,9,27.8,10,28.0,1,2,2022-09-14 09:03:06
1663146186297135000,27.8,15,27.8,10,28.0,1,2,2022-09-14 09:03:06
1663146186486014000,27.95,3,27.85,8,28.0,6,1,2022-09-14 09:03:06
1663146186486014000,28.0,7,27.85,8,28.0,6,1,2022-09-14 09:03:06
1663146186521458000,27.95,4,27.85,8,28.0,6,2,2022-09-14 09:03:06
1663146186855532000,28.0,2,27.95,6,28.05,32,2,2022-09-14 09:03:06
1663146187274323000,27.95,1,27.95,6,28.0,9,2,2022-09-14 09:03:07
1663146187506430000,28.0,1,27.95,6,28.0,8,1,2022-09-14 09:03:07
1663146187536325000,27.95,6,27.9,9,28.0,8,2,2022-09-14 09:03:07
1663146187580677000,27.9,2,27.9,7,28.0,8,2,2022-09-14 09:03:07
1663146187613335000,27.95,1,27.9,7,28.0,8,2,2022-09-14 09:03:07
1663146187690110000,28.0,1,27.9,7,28.0,7,1,2022-09-14 09:03:07
1663146187837405000,27.95,1,27.9,8,28.0,7,2,2022-09-14 09:03:07
1663146188339171000,28.0,1,27.9,8,28.0,13,1,2022-09-14 09:03:08
1663146188339939000,27.9,4,27.9,4,28.0,13,2,2022-09-14 09:03:08
1663146188368875000,27.9,4,27.85,10,28.0,18,2,2022-09-14 09:03:08
1663146188587767000,28.0,2,27.9,2,28.0,17,1,2022-09-14 09:03:08
1663146188782700000,27.95,1,27.9,1,28.0,17,2,2022-09-14 09:03:08
1663146188782700000,27.9,1,27.9,1,28.0,17,2,2022-09-14 09:03:08
1663146188806892000,27.9,1,27.85,15,28.0,20,2,2022-09-14 09:03:08
1663146189005418000,28.0,1,27.9,1,28.0,28,1,2022-09-14 09:03:09
1663146189033038000,27.9,1,27.85,15,28.0,29,2,2022-09-14 09:03:09
1663146189169387000,28.0,1,27.85,15,28.0,29,1,2022-09-14 09:03:09
1663146189703374000,27.9,2,27.85,16,28.0,28,2,2022-09-14 09:03:09
1663146189977965000,27.9,1,27.85,16,28.0,29,2,2022-09-14 09:03:09
1663146190270040000,28.0,1,27.9,2,28.0,34,1,2022-09-14 09:03:10
1663146190294022000,27.9,2,27.85,24,28.0,34,2,2022-09-14 09:03:10
1663146191245338000,27.85,3,27.85,24,28.0,37,2,2022-09-14 09:03:11
1663146191275757000,27.85,12,27.85,9,28.0,37,2,2022-09-14 09:03:11
1663146191308269000,27.85,9,27.8,12,28.0,37,2,2022-09-14 09:03:11
1663146191426289000,27.85,2,27.85,1,27.95,6,2,2022-09-14 09:03:11
1663146191464778000,27.85,1,27.8,12,27.95,6,2,2022-09-14 09:03:11
1663146191498027000,27.9,1,27.8,12,27.95,6,2,2022-09-14 09:03:11
1663146191498480000,27.8,2,27.8,10,27.95,18,2,2022-09-14 09:03:11
1663146191591912000,27.95,1,27.8,10,27.95,5,1,2022-09-14 09:03:11
1663146191820942000,27.9,2,27.8,10,27.95,5,2,2022-09-14 09:03:11
1663146192002019000,27.9,1,27.9,1,27.95,17,2,2022-09-14 09:03:12
1663146192022696000,27.9,1,27.8,10,27.95,5,2,2022-09-14 09:03:12
1663146192065610000,27.8,3,27.8,8,27.95,17,2,2022-09-14 09:03:12
1663146192282689000,27.85,1,27.8,8,27.95,5,2,2022-09-14 09:03:12
1663146192808429000,27.8,1,27.8,7,27.95,47,2,2022-09-14 09:03:12
1663146192962347000,27.8,1,27.8,6,27.95,47,2,2022-09-14 09:03:12
1663146192986608000,27.8,6,27.75,39,27.95,47,2,2022-09-14 09:03:12
1663146193351217000,27.85,1,27.85,11,27.9,3,2,2022-09-14 09:03:13
1663146193411158000,27.9,2,27.85,11,27.9,1,1,2022-09-14 09:03:13
1663146193669745000,27.85,12,27.75,34,27.9,11,2,2022-09-14 09:03:13
1663146193669745000,27.8,3,27.75,34,27.9,11,2,2022-09-14 09:03:13
1663146193669745000,27.75,5,27.75,34,27.9,11,2,2022-09-14 09:03:13
1663146193886128000,27.85,1,27.75,34,27.9,12,2,2022-09-14 09:03:13
1663146194034441000,27.75,1,27.75,33,27.9,16,2,2022-09-14 09:03:14
1663146194127466000,27.9,1,27.75,40,27.9,15,1,2022-09-14 09:03:14
1663146194519843000,27.8,6,27.8,4,27.85,2,2,2022-09-14 09:03:14
1663146194547727000,27.8,4,27.75,40,27.85,2,2,2022-09-14 09:03:14
1663146195289113000,27.8,1,27.75,40,27.8,2,1,2022-09-14 09:03:15
1663146195651787000,27.8,3,27.75,40,27.8,3,1,2022-09-14 09:03:15
1663146195965141000,27.75,15,27.75,26,27.8,5,2,2022-09-14 09:03:15
1663146195979995000,27.75,1,27.75,25,27.8,5,2,2022-09-14 09:03:15
1663146195995759000,27.75,21,27.75,4,27.8,5,2,2022-09-14 09:03:15
1663146196250040000,27.75,4,27.75,4,27.8,5,2,2022-09-14 09:03:16
1663146196250040000,27.7,11,27.75,4,27.8,5,2,2022-09-14 09:03:16
1663146196308027000,27.8,1,27.7,7,27.8,4,1,2022-09-14 09:03:16
1663146196339317000,27.7,1,27.7,6,27.8,4,2,2022-09-14 09:03:16
1663146196372635000,27.8,2,27.7,13,27.8,2,1,2022-09-14 09:03:16
1663146196685375000,27.7,13,27.65,17,27.8,2,2,2022-09-14 09:03:16
1663146196685375000,27.65,2,27.65,17,27.8,2,2,2022-09-14 09:03:16
1663146196809342000,27.8,1,27.65,24,27.8,1,1,2022-09-14 09:03:16
1663146196876387000,27.65,1,27.65,23,27.8,1,2,2022-09-14 09:03:16
1663146197015910000,27.65,2,27.65,21,27.75,6,2,2022-09-14 09:03:17
1663146197029781000,27.75,4,27.65,21,27.75,2,1,2022-09-14 09:03:17
1663146197095575000,27.65,10,27.65,11,27.75,2,2,2022-09-14 09:03:17
1663146197116535000,27.75,2,27.65,11,27.8,6,1,2022-09-14 09:03:17
1663146197482731000,27.8,1,27.7,7,27.8,5,1,2022-09-14 09:03:17
1663146197590023000,27.7,2,27.7,5,27.8,5,2,2022-09-14 09:03:17
1663146197761416000,27.8,2,27.7,8,27.8,3,1,2022-09-14 09:03:17
1663146198104257000,27.75,1,27.75,9,27.8,3,2,2022-09-14 09:03:18
1663146198501153000,27.75,10,27.75,3,27.8,4,2,2022-09-14 09:03:18
1663146198510022000,27.8,1,27.75,3,27.8,3,1,2022-09-14 09:03:18
1663146198552836000,27.75,2,27.75,1,27.8,3,2,2022-09-14 09:03:18
1663146198645351000,27.8,1,27.75,1,27.8,2,1,2022-09-14 09:03:18
1663146198646987000,27.75,1,27.7,8,27.8,2,2,2022-09-14 09:03:18
1663146198757567000,27.7,1,27.7,7,27.8,2,2,2022-09-14 09:03:18
1663146199443906000,27.75,2,27.75,11,27.8,2,2,2022-09-14 09:03:19
1663146199526450000,27.75,10,27.75,6,27.8,2,2,2022-09-14 09:03:19
1663146199655471000,27.75,2,27.75,4,27.8,2,2,2022-09-14 09:03:19
1663146199911035000,27.8,3,27.8,2,27.85,7,1,2022-09-14 09:03:19
1663146199931312000,27.8,2,27.75,4,27.8,1,2,2022-09-14 09:03:19
1663146199961340000,27.8,1,27.75,4,27.85,7,1,2022-09-14 09:03:19
1663146200119190000,27.75,4,27.7,6,27.85,7,2,2022-09-14 09:03:20
1663146200119190000,27.7,1,27.7,6,27.85,7,2,2022-09-14 09:03:20
1663146200515308000,27.8,1,27.8,2,27.85,8,1,2022-09-14 09:03:20
1663146200717981000,27.8,2,27.8,2,27.85,8,2,2022-09-14 09:03:20
1663146200717981000,27.75,1,27.8,2,27.85,8,2,2022-09-14 09:03:20
1663146200864314000,27.75,3,27.75,37,27.85,8,1,2022-09-14 09:03:20
1663146201037385000,27.75,1,27.75,36,27.8,1,2,2022-09-14 09:03:21
1663146201067209000,27.75,2,27.75,34,27.8,1,2,2022-09-14 09:03:21
1663146201143678000,27.75,2,27.75,33,27.8,1,2,2022-09-14 09:03:21
1663146201158773000,27.8,1,27.75,35,27.8,1,1,2022-09-14 09:03:21
1663146201992272000,27.85,8,27.8,10,27.9,10,1,2022-09-14 09:03:21
1663146202073844000,27.9,7,27.8,10,27.9,3,1,2022-09-14 09:03:22
1663146202417774000,27.8,12,27.8,7,27.9,3,2,2022-09-14 09:03:22
1663146202468614000,27.8,5,27.8,34,27.9,3,2,2022-09-14 09:03:22
1663146202549175000,27.8,4,27.8,30,27.9,3,2,2022-09-14 09:03:22
1663146202749501000,27.85,1,27.85,9,27.9,3,2,2022-09-14 09:03:22
1663146202763230000,27.85,2,27.85,7,27.9,3,2,2022-09-14 09:03:22
1663146203069937000,27.85,1,27.85,12,27.9,3,2,2022-09-14 09:03:23
1663146203370816000,27.85,1,27.85,11,27.9,4,2,2022-09-14 09:03:23
1663146204333140000,27.85,1,27.85,14,27.9,4,2,2022-09-14 09:03:24
1663146204420928000,27.9,1,27.85,14,27.9,3,1,2022-09-14 09:03:24
1663146204696651000,27.85,10,27.85,4,27.9,3,2,2022-09-14 09:03:24
1663146205172748000,27.85,1,27.85,7,27.9,3,2,2022-09-14 09:03:25
1663146205690330000,27.9,1,27.85,5,27.9,3,1,2022-09-14 09:03:25
1663146205739600000,27.9,2,27.9,3,27.95,6,1,2022-09-14 09:03:25
1663146205846804000,27.9,1,27.9,2,27.95,6,2,2022-09-14 09:03:25
1663146206207303000,27.9,1,27.9,1,27.95,6,2,2022-09-14 09:03:26
1663146206364370000,27.9,5,27.9,2,27.95,6,2,2022-09-14 09:03:26
1663146206860574000,27.9,1,27.9,4,27.95,6,2,2022-09-14 09:03:26
1663146207618734000,27.95,1,27.9,11,27.95,6,1,2022-09-14 09:03:27
1663146207848412000,27.9,2,27.9,9,27.95,5,2,2022-09-14 09:03:27
1663146208135725000,27.9,1,27.9,8,27.95,5,2,2022-09-14 09:03:28
1663146208170110000,27.95,4,27.9,9,27.95,5,1,2022-09-14 09:03:28
1663146208538779000,27.9,2,27.9,6,27.95,1,2,2022-09-14 09:03:28
1663146208583718000,27.9,5,27.9,1,27.95,1,2,2022-09-14 09:03:28
1663146208913400000,27.9,1,27.75,3,27.95,1,2,2022-09-14 09:03:28
1663146208913400000,27.85,23,27.75,3,27.95,1,2,2022-09-14 09:03:28
1663146208913400000,27.8,4,27.75,3,27.95,1,2,2022-09-14 09:03:28
1663146208913400000,27.75,43,27.75,3,27.95,1,2,2022-09-14 09:03:28
1663146209262486000,27.85,1,27.8,2,27.9,2,2,2022-09-14 09:03:29
1663146209424125000,27.8,1,27.8,1,27.9,2,2,2022-09-14 09:03:29
1663146210647105000,27.8,6,27.8,6,27.9,14,2,2022-09-14 09:03:30
1663146211647049000,27.8,1,27.8,16,27.9,15,2,2022-09-14 09:03:31
1663146211895211000,27.9,1,27.8,18,27.9,14,1,2022-09-14 09:03:31
1663146211922387000,27.8,1,27.8,17,27.9,14,2,2022-09-14 09:03:31
1663146212153674000,27.9,1,27.8,17,27.9,13,1,2022-09-14 09:03:32
1663146212174810000,27.8,5,27.8,17,27.9,13,2,2022-09-14 09:03:32
1663146212276859000,27.8,1,27.8,11,27.9,13,2,2022-09-14 09:03:32
1663146212378935000,27.85,3,27.8,11,27.9,13,2,2022-09-14 09:03:32
1663146212940012000,27.85,5,27.8,17,27.9,25,1,2022-09-14 09:03:32
1663146213678798000,27.85,5,27.8,11,27.9,26,2,2022-09-14 09:03:33
1663146213678798000,27.8,9,27.8,11,27.9,26,2,2022-09-14 09:03:33
1663146213998995000,27.85,2,27.8,14,27.9,23,1,2022-09-14 09:03:33
1663146213998995000,27.9,3,27.8,14,27.9,23,1,2022-09-14 09:03:33
1663146214077779000,27.8,4,27.8,10,27.9,23,2,2022-09-14 09:03:34
1663146214586576000,27.8,1,27.8,10,27.9,23,2,2022-09-14 09:03:34
1663146214639048000,27.9,4,27.8,11,27.9,23,1,2022-09-14 09:03:34
1663146214774562000,27.8,3,27.8,7,27.9,20,2,2022-09-14 09:03:34
1663146214995540000,27.85,5,27.8,8,27.85,25,2,2022-09-14 09:03:34
1663146215163282000,27.85,7,27.85,5,27.9,20,1,2022-09-14 09:03:35
1663146215716511000,27.8,3,27.8,13,27.85,18,2,2022-09-14 09:03:35
1663146216947118000,27.8,2,27.8,12,27.85,18,2,2022-09-14 09:03:36
1663146217032473000,27.8,1,27.8,11,27.85,18,2,2022-09-14 09:03:37
1663146217672682000,27.85,3,27.8,18,27.85,21,1,2022-09-14 09:03:37
1663146218211110000,27.8,1,27.8,19,27.85,18,2,2022-09-14 09:03:38
1663146218456948000,27.8,2,27.8,17,27.85,19,2,2022-09-14 09:03:38
1663146218790017000,27.8,1,27.8,19,27.85,27,2,2022-09-14 09:03:38
1663146219386016000,27.8,10,27.8,14,27.85,29,2,2022-09-14 09:03:39
1663146219595268000,27.8,2,27.8,14,27.85,29,2,2022-09-14 09:03:39
1663146219983733000,27.8,5,27.8,11,27.85,29,2,2022-09-14 09:03:39
1663146220287394000,27.8,1,27.8,19,27.85,30,2,2022-09-14 09:03:40
1663146222119798000,27.8,1,27.8,24,27.85,31,2,2022-09-14 09:03:42
1663146222710940000,27.8,1,27.8,22,27.85,31,2,2022-09-14 09:03:42
1663146222800894000,27.8,1,27.8,21,27.85,31,2,2022-09-14 09:03:42
1663146222924183000,27.8,2,27.8,19,27.85,31,2,2022-09-14 09:03:42
1663146222949658000,27.8,1,27.8,18,27.85,31,2,2022-09-14 09:03:42
1663146223143776000,27.8,4,27.8,14,27.85,31,2,2022-09-14 09:03:43
1663146223177928000,27.8,14,27.8,33,27.85,31,2,2022-09-14 09:03:43
1663146223357357000,27.85,1,27.8,19,27.85,30,1,2022-09-14 09:03:43
1663146223419950000,27.8,3,27.8,16,27.85,30,2,2022-09-14 09:03:43
1663146223500058000,27.8,5,27.8,11,27.85,30,2,2022-09-14 09:03:43
1663146223516225000,27.8,1,27.8,10,27.85,30,2,2022-09-14 09:03:43
1663146223632626000,27.8,1,27.8,11,27.85,30,2,2022-09-14 09:03:43
1663146224608373000,27.8,2,27.8,8,27.85,30,2,2022-09-14 09:03:44
1663146224661447000,27.8,7,27.8,1,27.85,30,2,2022-09-14 09:03:44
1663146224727772000,27.8,1,27.75,41,27.85,30,2,2022-09-14 09:03:44
1663146224998579000,27.8,1,27.75,41,27.8,25,1,2022-09-14 09:03:44
1663146225120426000,27.75,3,27.75,38,27.8,25,2,2022-09-14 09:03:45
1663146225499842000,27.8,2,27.75,44,27.8,25,1,2022-09-14 09:03:45
1663146227695973000,27.75,3,27.75,44,27.8,43,2,2022-09-14 09:03:47
1663146228410804000,27.8,2,27.75,41,27.8,51,1,2022-09-14 09:03:48
1663146228657894000,27.8,1,27.75,43,27.8,50,1,2022-09-14 09:03:48
1663146229519077000,27.75,1,27.75,63,27.8,52,2,2022-09-14 09:03:49
1663146229549387000,27.75,1,27.75,62,27.8,52,2,2022-09-14 09:03:49
1663146229621372000,27.75,5,27.75,57,27.8,52,2,2022-09-14 09:03:49
1663146229846429000,27.75,5,27.75,52,27.8,52,2,2022-09-14 09:03:49
1663146229986654000,27.75,2,27.75,51,27.8,52,2,2022-09-14 09:03:49
1663146231165081000,27.75,50,27.75,6,27.8,68,2,2022-09-14 09:03:51
1663146231189418000,27.75,6,27.75,56,27.8,68,2,2022-09-14 09:03:51
1663146231562981000,27.8,1,27.7,27,27.8,67,1,2022-09-14 09:03:51
1663146231921984000,27.8,2,27.7,33,27.8,65,1,2022-09-14 09:03:51
1663146232801544000,27.75,1,27.7,33,27.75,15,1,2022-09-14 09:03:52
1663146233034194000,27.75,1,27.7,33,27.75,24,1,2022-09-14 09:03:53
1663146234453563000,27.7,6,27.7,28,27.75,26,2,2022-09-14 09:03:54
1663146235018602000,27.75,12,27.7,28,27.75,29,1,2022-09-14 09:03:55
1663146235027805000,27.75,1,27.7,28,27.75,28,1,2022-09-14 09:03:55
1663146235171023000,27.7,1,27.7,28,27.75,41,2,2022-09-14 09:03:55
1663146235475357000,27.7,6,27.7,40,27.75,28,2,2022-09-14 09:03:55
1663146235690611000,27.7,2,27.7,38,27.75,28,2,2022-09-14 09:03:55
1663146235709658000,27.7,4,27.7,34,27.75,28,2,2022-09-14 09:03:55
1663146236748589000,27.7,1,27.7,19,27.75,38,2,2022-09-14 09:03:56
1663146237240303000,27.7,1,27.7,17,27.75,38,2,2022-09-14 09:03:57
1663146237304759000,27.7,2,27.7,15,27.75,38,2,2022-09-14 09:03:57
1663146237363230000,27.7,3,27.7,12,27.75,38,2,2022-09-14 09:03:57
1663146237465366000,27.7,5,27.7,7,27.75,38,2,2022-09-14 09:03:57
1663146237731960000,27.75,5,27.7,7,27.75,33,1,2022-09-14 09:03:57
1663146237769427000,27.75,3,27.7,7,27.75,38,1,2022-09-14 09:03:57
1663146237867072000,27.7,7,27.65,15,27.7,43,2,2022-09-14 09:03:57
1663146237880647000,27.7,1,27.65,15,27.7,42,1,2022-09-14 09:03:57
1663146238097777000,27.65,1,27.65,14,27.7,50,2,2022-09-14 09:03:58
1663146238228463000,27.65,1,27.65,15,27.7,50,2,2022-09-14 09:03:58
1663146238704645000,27.65,3,27.65,18,27.7,91,2,2022-09-14 09:03:58
1663146239036484000,27.7,1,27.65,18,27.7,91,1,2022-09-14 09:03:59
1663146239123027000,27.65,1,27.65,17,27.7,91,2,2022-09-14 09:03:59
1663146239173592000,27.7,1,27.65,17,27.7,90,1,2022-09-14 09:03:59
1663146239388344000,27.7,5,27.65,17,27.7,85,1,2022-09-14 09:03:59
1663146239487797000,27.7,1,27.65,17,27.7,84,1,2022-09-14 09:03:59
1663146239615358000,27.7,2,27.65,17,27.7,84,1,2022-09-14 09:03:59
1663146239722946000,27.65,3,27.65,14,27.7,81,2,2022-09-14 09:03:59
1663146239999551000,27.65,6,27.65,8,27.7,82,2,2022-09-14 09:03:59
1663146240152799000,27.65,2,27.65,6,27.7,82,2,2022-09-14 09:04:00
1663146240205430000,27.65,5,27.65,1,27.7,82,2,2022-09-14 09:04:00
1663146240378880000,27.7,5,27.65,16,27.7,94,1,2022-09-14 09:04:00
1663146240403344000,27.7,94,27.65,16,27.75,33,1,2022-09-14 09:04:00
1663146240577634000,27.75,3,27.7,29,27.75,30,1,2022-09-14 09:04:00
1663146240577662000,27.75,3,27.7,29,27.75,27,1,2022-09-14 09:04:00
1663146240577707000,27.75,3,27.7,29,27.75,24,1,2022-09-14 09:04:00
1663146240577711000,27.75,3,27.7,29,27.75,21,1,2022-09-14 09:04:00
1663146240577899000,27.75,21,27.7,29,27.8,63,1,2022-09-14 09:04:00
1663146240627724000,27.8,4,27.7,29,27.8,59,1,2022-09-14 09:04:00
1663146241139409000,27.75,2,27.75,5,27.8,59,2,2022-09-14 09:04:01
1663146241155091000,27.8,10,27.75,5,27.8,49,1,2022-09-14 09:04:01
1663146241167353000,27.75,4,27.75,1,27.8,49,2,2022-09-14 09:04:01
1663146241244169000,27.8,31,27.75,1,27.8,18,1,2022-09-14 09:04:01
1663146241273475000,27.8,4,27.75,1,27.8,14,1,2022-09-14 09:04:01
1663146241273621000,27.8,3,27.75,1,27.8,11,1,2022-09-14 09:04:01
1663146241274582000,27.8,11,27.75,1,27.85,16,1,2022-09-14 09:04:01
1663146241717708000,27.8,2,27.8,1,27.85,16,2,2022-09-14 09:04:01
1663146241744866000,27.8,1,27.8,3,27.85,16,2,2022-09-14 09:04:01
1663146241744866000,27.75,1,27.8,3,27.85,16,2,2022-09-14 09:04:01
1663146242018951000,27.85,16,27.75,37,27.9,20,1,2022-09-14 09:04:02
1663146242071319000,27.85,1,27.85,1,27.9,19,2,2022-09-14 09:04:02
1663146242258825000,27.9,19,27.85,3,27.95,5,1,2022-09-14 09:04:02
1663146242581729000,27.85,1,27.85,8,27.95,3,2,2022-09-14 09:04:02
1663146242777216000,27.95,2,27.85,11,27.95,1,1,2022-09-14 09:04:02
1663146242905957000,27.95,1,27.9,25,28.0,49,1,2022-09-14 09:04:02
1663146243007133000,28.0,24,27.9,31,28.0,25,1,2022-09-14 09:04:03
1663146243032364000,28.0,25,27.9,31,28.05,7,1,2022-09-14 09:04:03
1663146243046928000,28.05,5,27.9,35,28.05,2,1,2022-09-14 09:04:03
1663146243193627000,28.05,1,27.95,3,28.05,1,1,2022-09-14 09:04:03
1663146243291251000,28.05,1,28.0,24,28.1,36,1,2022-09-14 09:04:03
1663146243309436000,28.05,2,28.0,24,28.1,35,1,2022-09-14 09:04:03
1663146243309436000,28.1,1,28.0,24,28.1,35,1,2022-09-14 09:04:03
1663146244092106000,28.0,3,28.0,28,28.1,35,2,2022-09-14 09:04:04
1663146244479763000,28.1,1,28.05,24,28.1,34,1,2022-09-14 09:04:04
1663146244750306000,28.05,2,28.05,22,28.1,34,2,2022-09-14 09:04:04
1663146245233135000,28.1,1,28.05,28,28.1,34,1,2022-09-14 09:04:05
1663146246105206000,28.1,6,28.05,30,28.1,27,1,2022-09-14 09:04:06
1663146246645069000,28.05,2,28.05,8,28.1,27,2,2022-09-14 09:04:06
1663146247196592000,28.1,10,28.05,8,28.1,28,1,2022-09-14 09:04:07
1663146247422946000,28.1,2,28.05,8,28.1,16,1,2022-09-14 09:04:07
1663146247434455000,28.05,1,28.05,7,28.1,16,2,2022-09-14 09:04:07
1663146247687379000,28.1,1,28.05,7,28.1,15,1,2022-09-14 09:04:07
1663146248272894000,28.05,7,28.0,26,28.1,15,2,2022-09-14 09:04:08
1663146248272894000,28.0,1,28.0,26,28.1,15,2,2022-09-14 09:04:08
1663146248348513000,28.1,2,28.0,26,28.1,16,1,2022-09-14 09:04:08
1663146250451818000,28.05,2,28.05,12,28.1,17,2,2022-09-14 09:04:10
1663146251201672000,28.1,1,28.05,13,28.1,16,1,2022-09-14 09:04:11
1663146251679645000,28.05,2,28.05,11,28.1,17,2,2022-09-14 09:04:11
1663146251844924000,28.05,5,28.05,6,28.1,17,2,2022-09-14 09:04:11
1663146252133037000,28.1,4,28.05,6,28.1,13,1,2022-09-14 09:04:12
1663146252134165000,28.1,1,28.05,6,28.1,12,1,2022-09-14 09:04:12
1663146252163066000,28.05,3,28.05,3,28.1,12,2,2022-09-14 09:04:12
1663146252164880000,28.05,3,28.0,26,28.05,7,2,2022-09-14 09:04:12
1663146252483063000,28.05,3,28.0,26,28.05,4,1,2022-09-14 09:04:12
1663146252510936000,28.05,4,28.0,30,28.1,12,1,2022-09-14 09:04:12
1663146253270041000,28.1,1,28.0,30,28.1,13,1,2022-09-14 09:04:13
1663146254509724000,28.05,1,28.0,30,28.1,12,2,2022-09-14 09:04:14
1663146254663881000,28.1,1,28.0,30,28.1,16,1,2022-09-14 09:04:14
1663146254808770000,28.1,1,28.0,30,28.1,16,1,2022-09-14 09:04:14
1663146254985223000,28.0,10,28.0,20,28.1,15,2,2022-09-14 09:04:14
1663146254989581000,28.0,1,28.0,19,28.1,15,2,2022-09-14 09:04:14
1663146256032968000,28.05,1,28.0,20,28.05,4,1,2022-09-14 09:04:16
1663146256061577000,28.0,3,28.0,17,28.05,4,2,2022-09-14 09:04:16
1663146256061594000,28.0,3,28.0,14,28.05,4,2,2022-09-14 09:04:16
1663146256094938000,28.0,3,28.0,11,28.05,7,2,2022-09-14 09:04:16
1663146256094958000,28.0,3,28.0,8,28.05,7,2,2022-09-14 09:04:16
1663146256094975000,28.0,3,28.0,5,28.05,7,2,2022-09-14 09:04:16
1663146256129562000,28.0,4,28.0,1,28.05,7,2,2022-09-14 09:04:16
1663146256131948000,28.05,1,28.0,1,28.05,6,1,2022-09-14 09:04:16
1663146256358622000,28.05,1,28.0,1,28.05,6,1,2022-09-14 09:04:16
1663146256477109000,28.05,2,28.0,1,28.05,3,1,2022-09-14 09:04:16
1663146256814644000,28.0,2,27.9,17,28.05,3,2,2022-09-14 09:04:16
1663146256814644000,27.9,8,27.9,17,28.05,3,2,2022-09-14 09:04:16
1663146257534655000,28.0,2,27.95,14,28.0,8,1,2022-09-14 09:04:17
1663146257600380000,28.0,1,27.95,14,28.0,7,1,2022-09-14 09:04:17
1663146258193476000,28.0,10,27.95,14,28.05,18,1,2022-09-14 09:04:18
1663146258193476000,28.05,9,27.95,14,28.05,18,1,2022-09-14 09:04:18
1663146258560354000,28.05,1,28.0,1,28.05,17,1,2022-09-14 09:04:18
1663146258702170000,28.0,1,27.95,7,28.0,2,2,2022-09-14 09:04:18
1663146259122039000,28.0,1,27.95,7,28.0,1,1,2022-09-14 09:04:19
1663146259347462000,28.0,1,27.95,7,28.0,1,1,2022-09-14 09:04:19
1663146259942341000,28.0,1,27.95,8,28.05,18,2,2022-09-14 09:04:19
1663146260575879000,28.05,1,28.0,11,28.05,9,1,2022-09-14 09:04:20
1663146260639507000,28.0,3,28.0,8,28.05,9,2,2022-09-14 09:04:20
1663146260776298000,28.05,1,28.0,8,28.05,8,1,2022-09-14 09:04:20
1663146261625001000,28.0,10,28.0,14,28.05,8,2,2022-09-14 09:04:21
1663146261853219000,28.0,1,28.0,15,28.05,9,2,2022-09-14 09:04:21
1663146262293780000,28.0,2,28.0,12,28.05,10,2,2022-09-14 09:04:22
1663146262686894000,28.05,1,28.0,12,28.05,9,1,2022-09-14 09:04:22
1663146262852552000,28.05,2,28.0,12,28.05,10,1,2022-09-14 09:04:22
1663146263122176000,28.05,5,28.0,12,28.05,2,1,2022-09-14 09:04:23
1663146263803305000,28.0,1,28.0,15,28.05,3,2,2022-09-14 09:04:23
1663146265570416000,28.0,14,28.0,3,28.05,10,2,2022-09-14 09:04:25
1663146265595466000,28.0,3,27.95,16,28.05,10,2,2022-09-14 09:04:25
1663146266365512000,28.05,10,28.0,1,28.05,13,1,2022-09-14 09:04:26
1663146266430811000,28.05,2,28.0,1,28.05,1,1,2022-09-14 09:04:26
1663146266808489000,28.0,1,27.95,16,28.0,9,2,2022-09-14 09:04:26
1663146267275825000,28.0,1,27.95,16,28.0,8,1,2022-09-14 09:04:27
1663146267306354000,28.0,8,27.95,16,28.05,1,1,2022-09-14 09:04:27
1663146267490119000,28.1,3,27.95,16,28.1,34,1,2022-09-14 09:04:27
1663146269038322000,28.05,1,28.0,20,28.05,6,1,2022-09-14 09:04:29
1663146270269171000,28.05,7,28.0,25,28.05,7,1,2022-09-14 09:04:30
1663146270269171000,28.1,1,28.0,25,28.05,7,1,2022-09-14 09:04:30
1663146270610158000,28.1,1,28.0,25,28.1,32,1,2022-09-14 09:04:30
1663146270682753000,28.0,1,28.0,24,28.1,32,2,2022-09-14 09:04:30
1663146271111868000,28.05,2,28.0,20,28.05,9,2,2022-09-14 09:04:31
1663146271231937000,28.05,2,28.0,20,28.05,7,1,2022-09-14 09:04:31
1663146271528478000,28.05,2,28.0,20,28.05,6,1,2022-09-14 09:04:31
1663146271820986000,28.05,2,28.0,20,28.05,6,1,2022-09-14 09:04:31
1663146271981099000,28.05,1,28.0,20,28.05,3,1,2022-09-14 09:04:31
1663146272204317000,28.05,1,28.0,30,28.05,2,1,2022-09-14 09:04:32
1663146272360629000,28.05,1,28.0,32,28.05,2,1,2022-09-14 09:04:32
1663146272395936000,28.05,1,28.0,32,28.1,33,1,2022-09-14 09:04:32
1663146273494390000,28.0,1,28.0,33,28.05,17,2,2022-09-14 09:04:33
1663146273567718000,28.05,10,28.0,33,28.05,7,1,2022-09-14 09:04:33
1663146273702195000,28.05,1,28.0,33,28.05,6,1,2022-09-14 09:04:33
1663146273736536000,28.05,6,28.05,9,28.1,33,1,2022-09-14 09:04:33
1663146274162678000,28.05,2,28.05,7,28.1,33,2,2022-09-14 09:04:34
1663146274365574000,28.05,2,28.05,6,28.1,33,2,2022-09-14 09:04:34
1663146274460089000,28.1,3,28.05,6,28.1,30,1,2022-09-14 09:04:34
1663146275473207000,28.1,30,28.05,15,28.1,30,1,2022-09-14 09:04:35
1663146275931833000,28.1,1,28.05,20,28.15,57,1,2022-09-14 09:04:35
1663146275931833000,28.15,9,28.05,20,28.15,57,1,2022-09-14 09:04:35
1663146276090758000,28.15,4,28.1,32,28.15,53,1,2022-09-14 09:04:36
1663146276090827000,28.15,3,28.1,32,28.15,50,1,2022-09-14 09:04:36
1663146276090845000,28.15,3,28.1,32,28.15,47,1,2022-09-14 09:04:36
1663146276090883000,28.15,3,28.1,32,28.15,44,1,2022-09-14 09:04:36
1663146276090899000,28.15,3,28.1,32,28.15,41,1,2022-09-14 09:04:36
1663146276090914000,28.15,3,28.1,32,28.15,38,1,2022-09-14 09:04:36
1663146276091897000,28.15,15,28.1,32,28.15,23,1,2022-09-14 09:04:36
1663146276122451000,28.15,3,28.1,32,28.15,20,1,2022-09-14 09:04:36
1663146276122471000,28.15,3,28.1,32,28.15,17,1,2022-09-14 09:04:36
1663146276122491000,28.15,3,28.1,32,28.15,14,1,2022-09-14 09:04:36
1663146276122495000,28.15,3,28.1,32,28.15,11,1,2022-09-14 09:04:36
1663146276122511000,28.15,3,28.1,32,28.15,8,1,2022-09-14 09:04:36
1663146276123335000,28.15,7,28.1,32,28.15,1,1,2022-09-14 09:04:36
1663146276123354000,28.15,1,28.1,32,28.2,32,1,2022-09-14 09:04:36
1663146276193000000,28.2,1,28.1,32,28.2,31,1,2022-09-14 09:04:36
1663146276379869000,28.2,1,28.1,34,28.2,30,1,2022-09-14 09:04:36
1663146276412639000,28.2,1,28.1,44,28.2,29,1,2022-09-14 09:04:36
1663146276506644000,28.2,16,28.1,52,28.2,13,1,2022-09-14 09:04:36
1663146276530247000,28.2,1,28.1,52,28.2,12,1,2022-09-14 09:04:36
1663146276535571000,28.2,3,28.1,52,28.2,9,1,2022-09-14 09:04:36
1663146276535625000,28.2,3,28.1,52,28.2,6,1,2022-09-14 09:04:36
1663146276535627000,28.2,3,28.1,52,28.2,3,1,2022-09-14 09:04:36
1663146276535654000,28.2,1,28.1,52,28.2,2,1,2022-09-14 09:04:36
1663146276535689000,28.2,2,28.1,52,28.25,15,1,2022-09-14 09:04:36
1663146276611134000,28.25,3,28.1,52,28.25,12,1,2022-09-14 09:04:36
1663146276688926000,28.25,7,28.1,42,28.25,5,1,2022-09-14 09:04:36
1663146276725452000,28.25,2,28.1,42,28.25,3,1,2022-09-14 09:04:36
1663146277157633000,28.25,3,28.15,8,28.3,6,1,2022-09-14 09:04:37
1663146277231279000,28.25,2,28.15,20,28.3,6,2,2022-09-14 09:04:37
1663146277414685000,28.3,6,28.15,20,28.35,35,1,2022-09-14 09:04:37
1663146277414685000,28.35,5,28.15,20,28.35,35,1,2022-09-14 09:04:37
1663146277643148000,28.3,2,28.2,8,28.35,35,1,2022-09-14 09:04:37
1663146277769504000,28.35,10,28.25,1,28.35,25,1,2022-09-14 09:04:37
1663146279546073000,28.35,10,28.3,16,28.35,15,1,2022-09-14 09:04:39
1663146280503928000,28.35,5,28.3,7,28.35,13,1,2022-09-14 09:04:40
1663146280756761000,28.35,1,28.3,7,28.35,12,1,2022-09-14 09:04:40
1663146280992503000,28.35,1,28.3,7,28.35,11,1,2022-09-14 09:04:40
1663146281170734000,28.35,11,28.35,4,28.4,22,1,2022-09-14 09:04:41
1663146281204450000,28.35,4,28.3,7,28.4,22,2,2022-09-14 09:04:41
1663146281239114000,28.3,7,28.15,8,28.35,4,2,2022-09-14 09:04:41
1663146281239114000,28.25,18,28.15,8,28.35,4,2,2022-09-14 09:04:41
1663146281239114000,28.2,4,28.15,8,28.35,4,2,2022-09-14 09:04:41
1663146281239114000,28.15,1,28.15,8,28.35,4,2,2022-09-14 09:04:41
1663146281519036000,28.3,2,28.2,2,28.3,1,1,2022-09-14 09:04:41
1663146281553912000,28.3,1,28.2,2,28.35,4,1,2022-09-14 09:04:41
1663146281815713000,28.25,1,28.2,2,28.25,1,1,2022-09-14 09:04:41
1663146281835454000,28.25,1,28.2,2,28.35,5,1,2022-09-14 09:04:41
1663146281836110000,28.35,1,28.2,2,28.35,4,1,2022-09-14 09:04:41
1663146282171361000,28.35,4,28.2,2,28.4,6,1,2022-09-14 09:04:42
1663146282171361000,28.4,16,28.2,2,28.4,6,1,2022-09-14 09:04:42
1663146282209365000,28.4,6,28.4,14,28.45,21,1,2022-09-14 09:04:42
1663146282232308000,28.4,3,28.4,11,28.45,21,2,2022-09-14 09:04:42
1663146282232324000,28.4,3,28.4,8,28.45,21,2,2022-09-14 09:04:42
1663146282232344000,28.4,3,28.4,5,28.45,21,2,2022-09-14 09:04:42
1663146282232387000,28.4,3,28.4,2,28.45,21,2,2022-09-14 09:04:42
1663146282232452000,28.4,2,28.2,2,28.45,21,2,2022-09-14 09:04:42
1663146282416369000,28.3,2,28.2,2,28.3,1,1,2022-09-14 09:04:42
1663146282446795000,28.3,1,28.2,2,28.35,1,1,2022-09-14 09:04:42
1663146282695050000,28.3,1,28.25,1,28.4,1,1,2022-09-14 09:04:42
1663146282695050000,28.35,1,28.25,1,28.4,1,1,2022-09-14 09:04:42
1663146282720845000,28.25,1,28.2,2,28.4,1,2,2022-09-14 09:04:42
1663146282744179000,28.2,1,28.2,1,28.4,1,2,2022-09-14 09:04:42
1663146282775050000,28.35,1,28.25,2,28.35,1,1,2022-09-14 09:04:42
1663146282971258000,28.35,3,28.25,2,28.45,10,1,2022-09-14 09:04:42
1663146282971258000,28.4,1,28.25,2,28.45,10,1,2022-09-14 09:04:42
1663146282971258000,28.45,11,28.25,2,28.45,10,1,2022-09-14 09:04:42
1663146282987181000,28.45,1,28.25,2,28.45,9,1,2022-09-14 09:04:42
1663146283154390000,28.35,2,28.3,1,28.45,5,1,2022-09-14 09:04:43
1663146283154390000,28.45,4,28.3,1,28.45,5,1,2022-09-14 09:04:43
1663146284005360000,28.3,1,28.25,2,28.35,1,2,2022-09-14 09:04:44
1663146284020043000,28.35,1,28.25,2,28.45,4,1,2022-09-14 09:04:44
1663146284020043000,28.4,1,28.25,2,28.45,4,1,2022-09-14 09:04:44
1663146284020043000,28.45,2,28.25,2,28.45,4,1,2022-09-14 09:04:44
1663146284074089000,28.3,1,28.3,1,28.4,2,2,2022-09-14 09:04:44
1663146284088903000,28.3,1,28.25,3,28.4,2,2,2022-09-14 09:04:44
1663146284547981000,28.35,1,28.3,1,28.4,2,1,2022-09-14 09:04:44
1663146284594943000,28.35,1,28.3,1,28.4,2,2,2022-09-14 09:04:44
1663146284919740000,28.35,1,28.3,1,28.4,1,1,2022-09-14 09:04:44
1663146284919740000,28.4,1,28.3,1,28.4,1,1,2022-09-14 09:04:44
1663146284935808000,28.4,1,28.3,1,28.45,5,1,2022-09-14 09:04:44
1663146285287339000,28.45,1,28.3,1,28.45,26,1,2022-09-14 09:04:45
1663146285438460000,28.35,1,28.3,1,28.45,26,2,2022-09-14 09:04:45
1663146285493149000,28.35,1,28.3,1,28.4,1,2,2022-09-14 09:04:45
1663146285858611000,28.35,3,28.35,3,28.4,1,1,2022-09-14 09:04:45
1663146285896813000,28.35,1,28.35,2,28.4,1,2,2022-09-14 09:04:45
1663146285917486000,28.35,2,28.35,1,28.4,1,2,2022-09-14 09:04:45
1663146285917684000,28.35,1,28.35,3,28.4,1,2,2022-09-14 09:04:45
1663146286110270000,28.35,2,28.3,15,28.4,2,2,2022-09-14 09:04:46
1663146286329250000,28.35,1,28.35,1,28.4,2,2,2022-09-14 09:04:46
1663146286707628000,28.35,2,28.3,14,28.4,2,2,2022-09-14 09:04:46
1663146286729322000,28.35,2,28.35,4,28.4,2,2,2022-09-14 09:04:46
1663146286729474000,28.35,3,28.35,1,28.4,2,2,2022-09-14 09:04:46
1663146286729476000,28.35,1,28.35,6,28.4,2,2,2022-09-14 09:04:46
1663146286968044000,28.35,2,28.3,14,28.4,2,2,2022-09-14 09:04:46
1663146286977235000,28.35,2,28.3,14,28.4,2,1,2022-09-14 09:04:46
1663146287009467000,28.4,2,28.3,14,28.45,25,1,2022-09-14 09:04:47
1663146287363103000,28.45,1,28.35,2,28.45,25,1,2022-09-14 09:04:47
1663146287432657000,28.35,2,28.3,13,28.45,24,2,2022-09-14 09:04:47
1663146287432657000,28.3,1,28.3,13,28.45,24,2,2022-09-14 09:04:47
1663146287433487000,28.3,1,28.3,12,28.45,24,2,2022-09-14 09:04:47
1663146287434501000,28.3,2,28.3,10,28.45,24,2,2022-09-14 09:04:47
1663146287435540000,28.3,2,28.3,8,28.45,24,2,2022-09-14 09:04:47
1663146287436603000,28.3,3,28.3,5,28.45,24,2,2022-09-14 09:04:47
1663146287437528000,28.3,3,28.3,2,28.45,24,2,2022-09-14 09:04:47
1663146287438755000,28.3,2,28.25,5,28.45,24,2,2022-09-14 09:04:47
1663146287463989000,28.3,2,28.25,5,28.3,4,1,2022-09-14 09:04:47
1663146287618470000,28.3,1,28.25,5,28.3,3,1,2022-09-14 09:04:47
1663146287746267000,28.25,1,28.25,4,28.3,3,2,2022-09-14 09:04:47
1663146288105956000,28.3,3,28.35,1,28.4,8,1,2022-09-14 09:04:48
1663146288105956000,28.35,1,28.35,1,28.4,8,1,2022-09-14 09:04:48
1663146288129974000,28.35,1,28.25,4,28.4,8,2,2022-09-14 09:04:48
1663146288161253000,28.4,1,28.25,4,28.4,7,1,2022-09-14 09:04:48
1663146288254989000,28.35,2,28.25,4,28.4,7,2,2022-09-14 09:04:48
1663146288333996000,28.35,2,28.25,4,28.4,29,2,2022-09-14 09:04:48
1663146288367064000,28.35,1,28.3,5,28.4,29,2,2022-09-14 09:04:48
1663146289295693000,28.4,1,28.3,7,28.4,34,1,2022-09-14 09:04:49
1663146289473268000,28.3,1,28.3,7,28.35,6,2,2022-09-14 09:04:49
1663146289907769000,28.35,1,28.3,9,28.35,8,1,2022-09-14 09:04:49
1663146290033979000,28.3,1,28.3,18,28.35,7,2,2022-09-14 09:04:50
1663146290144092000,28.35,1,28.3,18,28.35,6,1,2022-09-14 09:04:50
1663146290479267000,28.35,2,28.3,19,28.35,4,1,2022-09-14 09:04:50
1663146290704671000,28.35,2,28.3,19,28.35,2,1,2022-09-14 09:04:50
1663146290813774000,28.35,2,28.3,19,28.4,40,1,2022-09-14 09:04:50
1663146290908506000,28.35,2,28.3,20,28.4,40,2,2022-09-14 09:04:50
1663146291237863000,28.35,4,28.3,21,28.4,42,1,2022-09-14 09:04:51
1663146291775905000,28.35,1,28.35,4,28.4,42,1,2022-09-14 09:04:51
1663146291782726000,28.35,1,28.35,3,28.4,42,2,2022-09-14 09:04:51
1663146291811931000,28.35,3,28.3,27,28.4,42,2,2022-09-14 09:04:51
1663146291827832000,28.3,5,28.3,22,28.4,42,2,2022-09-14 09:04:51
1663146291902047000,28.35,1,28.35,1,28.4,42,2,2022-09-14 09:04:51
1663146291966829000,28.35,4,28.3,29,28.35,27,1,2022-09-14 09:04:51
1663146292172539000,28.35,1,28.3,30,28.35,26,1,2022-09-14 09:04:52
1663146292417137000,28.35,1,28.3,30,28.35,26,1,2022-09-14 09:04:52
1663146292421306000,28.35,1,28.3,30,28.35,27,1,2022-09-14 09:04:52
1663146292985883000,28.3,1,28.3,29,28.35,25,2,2022-09-14 09:04:52
1663146293271714000,28.3,1,28.3,47,28.35,26,2,2022-09-14 09:04:53
1663146293313946000,28.3,47,28.25,6,28.35,26,2,2022-09-14 09:04:53
1663146293463203000,28.3,1,28.25,11,28.35,26,1,2022-09-14 09:04:53
1663146293660692000,28.35,1,28.25,11,28.35,25,1,2022-09-14 09:04:53
1663146293766873000,28.3,2,28.25,11,28.3,28,1,2022-09-14 09:04:53
1663146294120020000,28.3,1,28.25,11,28.3,37,1,2022-09-14 09:04:54
1663146294188329000,28.25,3,28.25,8,28.3,37,2,2022-09-14 09:04:54
1663146294220092000,28.25,1,28.25,7,28.3,37,2,2022-09-14 09:04:54
1663146294242818000,28.25,7,28.2,8,28.3,37,2,2022-09-14 09:04:54
1663146294388702000,28.3,1,28.2,8,28.3,42,1,2022-09-14 09:04:54
1663146294466526000,28.25,1,28.2,8,28.3,42,1,2022-09-14 09:04:54
1663146294556481000,28.25,1,28.2,8,28.25,9,1,2022-09-14 09:04:54
1663146294913512000,28.25,1,28.2,8,28.25,14,1,2022-09-14 09:04:54
1663146296093652000,28.25,3,28.2,8,28.25,18,1,2022-09-14 09:04:56
1663146296375834000,28.25,1,28.2,8,28.25,20,1,2022-09-14 09:04:56
1663146296389359000,28.25,1,28.2,8,28.25,21,1,2022-09-14 09:04:56
1663146296488957000,28.2,5,28.2,3,28.25,19,2,2022-09-14 09:04:56
1663146296520928000,28.2,1,28.2,2,28.25,19,2,2022-09-14 09:04:56
1663146296557311000,28.25,19,28.25,1,28.3,36,1,2022-09-14 09:04:56
1663146296593442000,28.25,1,28.2,2,28.3,36,2,2022-09-14 09:04:56
1663146297089710000,28.25,4,28.25,1,28.3,43,2,2022-09-14 09:04:57
1663146299031176000,28.25,4,28.25,7,28.3,44,2,2022-09-14 09:04:59
1663146299310027000,28.25,8,28.2,6,28.25,17,2,2022-09-14 09:04:59
1663146299368968000,28.25,1,28.2,6,28.25,16,1,2022-09-14 09:04:59
1663146299392687000,28.25,1,28.25,8,28.3,44,1,2022-09-14 09:04:59
1663146299499625000,28.25,10,28.2,6,28.25,5,1,2022-09-14 09:04:59
1663146299530140000,28.25,5,28.2,6,28.3,44,1,2022-09-14 09:04:59
1663146299919269000,28.25,10,28.2,6,28.25,10,1,2022-09-14 09:04:59
1663146299972239000,28.25,1,28.25,1,28.3,44,2,2022-09-14 09:04:59
1663146300002587000,28.25,1,28.2,6,28.3,44,2,2022-09-14 09:05:00
1663146300499310000,28.25,2,28.2,6,28.25,5,1,2022-09-14 09:05:00
1663146300585156000,28.25,1,28.2,26,28.25,4,1,2022-09-14 09:05:00
1663146300627153000,28.2,26,28.15,22,28.25,4,2,2022-09-14 09:05:00
1663146300742512000,28.25,2,28.15,22,28.25,2,1,2022-09-14 09:05:00
1663146301187683000,28.25,2,28.2,1,28.3,33,1,2022-09-14 09:05:01
1663146301187683000,28.3,9,28.2,1,28.3,33,1,2022-09-14 09:05:01
1663146301262474000,28.25,1,28.2,1,28.3,33,2,2022-09-14 09:05:01
1663146301376676000,28.25,1,28.25,1,28.3,34,2,2022-09-14 09:05:01
1663146301646381000,28.2,1,28.15,15,28.2,9,2,2022-09-14 09:05:01
1663146301868629000,28.2,1,28.15,15,28.2,8,1,2022-09-14 09:05:01
1663146302061700000,28.15,1,28.15,14,28.2,8,2,2022-09-14 09:05:02
1663146302316367000,28.2,1,28.15,14,28.2,7,1,2022-09-14 09:05:02
1663146302349680000,28.2,1,28.15,14,28.2,6,1,2022-09-14 09:05:02
1663146302432035000,28.2,6,28.15,14,28.25,7,1,2022-09-14 09:05:02
1663146302544605000,28.2,1,28.15,15,28.2,1,1,2022-09-14 09:05:02
1663146302636528000,28.2,1,28.15,15,28.25,9,1,2022-09-14 09:05:02
1663146302830381000,28.25,1,28.15,15,28.25,8,1,2022-09-14 09:05:02
1663146302958715000,28.2,1,28.15,15,28.25,7,1,2022-09-14 09:05:02
1663146302958715000,28.25,2,28.15,15,28.25,7,1,2022-09-14 09:05:02
1663146303125703000,28.2,33,28.15,15,28.25,7,2,2022-09-14 09:05:03
1663146303192856000,28.2,1,28.15,15,28.25,7,1,2022-09-14 09:05:03
1663146303203942000,28.15,15,28.1,32,28.25,7,2,2022-09-14 09:05:03
1663146303382007000,28.2,1,28.1,32,28.2,1,1,2022-09-14 09:05:03
1663146303399111000,28.2,1,28.1,32,28.25,7,2,2022-09-14 09:05:03
1663146303534531000,28.25,3,28.15,2,28.25,4,1,2022-09-14 09:05:03
1663146303733112000,28.25,4,28.15,2,28.3,35,1,2022-09-14 09:05:03
1663146303961860000,28.2,1,28.2,2,28.3,40,2,2022-09-14 09:05:03
1663146304020381000,28.2,2,28.0,55,28.3,41,2,2022-09-14 09:05:04
1663146304020381000,28.15,16,28.0,55,28.3,41,2,2022-09-14 09:05:04
1663146304020381000,28.1,32,28.0,55,28.3,41,2,2022-09-14 09:05:04
1663146304020381000,28.05,21,28.0,55,28.3,41,2,2022-09-14 09:05:04
1663146304020381000,28.0,9,28.0,55,28.3,41,2,2022-09-14 09:05:04
1663146304218435000,28.25,1,28.05,2,28.25,19,1,2022-09-14 09:05:04
1663146304596018000,28.25,1,28.15,1,28.25,28,1,2022-09-14 09:05:04
1663146304808756000,28.2,2,28.15,3,28.25,28,2,2022-09-14 09:05:04
1663146305001292000,28.25,1,28.15,3,28.25,37,1,2022-09-14 09:05:05
1663146305274560000,28.2,2,28.15,3,28.25,38,2,2022-09-14 09:05:05
1663146306250215000,28.2,2,28.15,41,28.2,18,1,2022-09-14 09:05:06
1663146306476249000,28.2,3,28.15,41,28.2,17,1,2022-09-14 09:05:06
1663146306491602000,28.2,1,28.15,41,28.2,16,1,2022-09-14 09:05:06
1663146306680409000,28.2,1,28.15,44,28.2,17,1,2022-09-14 09:05:06
1663146306682868000,28.15,2,28.15,42,28.2,17,2,2022-09-14 09:05:06
1663146306919541000,28.2,2,28.15,42,28.2,18,1,2022-09-14 09:05:06
1663146307285478000,28.2,2,28.15,42,28.2,16,1,2022-09-14 09:05:07
1663146308118037000,28.2,1,28.15,69,28.2,15,1,2022-09-14 09:05:08
1663146309605850000,28.15,2,28.15,69,28.2,31,2,2022-09-14 09:05:09
1663146309740177000,28.2,9,28.15,69,28.2,22,1,2022-09-14 09:05:09
1663146309828335000,28.2,2,28.15,69,28.2,20,1,2022-09-14 09:05:09
1663146309947602000,28.15,10,28.15,59,28.2,20,2,2022-09-14 09:05:09
1663146310210986000,28.2,1,28.15,60,28.2,19,1,2022-09-14 09:05:10
1663146310743959000,28.2,1,28.15,60,28.2,46,1,2022-09-14 09:05:10
1663146310823275000,28.2,1,28.15,60,28.2,47,1,2022-09-14 09:05:10
1663146311409139000,28.2,1,28.15,61,28.2,45,1,2022-09-14 09:05:11
1663146311469564000,28.2,5,28.15,61,28.2,39,1,2022-09-14 09:05:11
1663146312127985000,28.15,3,28.15,63,28.2,47,2,2022-09-14 09:05:12
1663146312807896000,28.2,4,28.15,43,28.2,47,1,2022-09-14 09:05:12
1663146313394212000,28.15,4,28.15,43,28.2,50,2,2022-09-14 09:05:13
1663146313780621000,28.2,1,28.15,39,28.2,60,1,2022-09-14 09:05:13
1663146314128012000,28.15,2,28.15,37,28.2,59,2,2022-09-14 09:05:14
1663146314248605000,28.2,3,28.15,37,28.2,56,1,2022-09-14 09:05:14
1663146314273484000,28.15,1,28.15,36,28.2,56,2,2022-09-14 09:05:14
1663146314442972000,28.15,1,28.15,37,28.2,56,2,2022-09-14 09:05:14
1663146314672589000,28.15,1,28.15,34,28.2,56,2,2022-09-14 09:05:14
1663146314976091000,28.15,1,28.15,33,28.2,57,2,2022-09-14 09:05:14
1663146315206926000,28.15,5,28.15,31,28.2,57,2,2022-09-14 09:05:15
1663146315421233000,28.15,10,28.15,36,28.2,57,2,2022-09-14 09:05:15
1663146315450928000,28.15,1,28.15,39,28.2,57,2,2022-09-14 09:05:15
1663146315803823000,28.15,12,28.15,27,28.2,58,2,2022-09-14 09:05:15
1663146316101369000,28.15,5,28.15,28,28.2,60,2,2022-09-14 09:05:16
1663146316204557000,28.2,1,28.15,28,28.2,59,1,2022-09-14 09:05:16
1663146316604467000,28.15,2,28.15,38,28.2,59,2,2022-09-14 09:05:16
1663146316644017000,28.2,1,28.15,38,28.2,58,1,2022-09-14 09:05:16
1663146317063616000,28.15,2,28.15,37,28.2,68,2,2022-09-14 09:05:17
1663146317126112000,28.15,10,28.15,27,28.2,68,2,2022-09-14 09:05:17
1663146317505564000,28.2,4,28.15,27,28.2,74,1,2022-09-14 09:05:17
1663146318389615000,28.15,1,28.15,32,28.2,75,2,2022-09-14 09:05:18
1663146318460883000,28.15,1,28.15,30,28.2,75,2,2022-09-14 09:05:18
1663146318465129000,28.2,5,28.15,30,28.2,70,1,2022-09-14 09:05:18
1663146318536645000,28.15,2,28.15,29,28.2,70,2,2022-09-14 09:05:18
1663146318597379000,28.15,1,28.15,28,28.2,70,2,2022-09-14 09:05:18
1663146318687555000,28.15,1,28.15,29,28.2,70,2,2022-09-14 09:05:18
1663146319064621000,28.15,27,28.1,4,28.15,23,2,2022-09-14 09:05:19
1663146319083783000,28.15,1,28.1,4,28.15,22,1,2022-09-14 09:05:19
1663146319378796000,28.15,1,28.1,4,28.15,23,1,2022-09-14 09:05:19
1663146319523678000,28.15,1,28.1,4,28.15,21,1,2022-09-14 09:05:19
1663146319565131000,28.15,1,28.1,4,28.15,20,1,2022-09-14 09:05:19
1663146319917097000,28.15,3,28.1,8,28.15,17,1,2022-09-14 09:05:19
1663146320646295000,28.15,1,28.1,8,28.15,24,1,2022-09-14 09:05:20
1663146321977007000,28.1,1,28.1,7,28.15,25,2,2022-09-14 09:05:21
1663146322196861000,28.1,1,28.1,6,28.15,25,2,2022-09-14 09:05:22
1663146322375183000,28.15,3,28.1,7,28.15,25,1,2022-09-14 09:05:22
1663146322587658000,28.15,5,28.1,7,28.15,17,1,2022-09-14 09:05:22
1663146324188548000,28.15,1,28.1,15,28.15,31,1,2022-09-14 09:05:24
1663146324680526000,28.15,1,28.1,16,28.15,30,1,2022-09-14 09:05:24
1663146325358100000,28.15,15,28.1,19,28.15,15,1,2022-09-14 09:05:25
1663146325393529000,28.15,15,28.1,19,28.2,79,1,2022-09-14 09:05:25
1663146326564627000,28.15,5,28.15,24,28.2,79,2,2022-09-14 09:05:26
1663146327570423000,28.15,2,28.15,67,28.2,77,2,2022-09-14 09:05:27
1663146327959910000,28.15,1,28.15,67,28.2,77,2,2022-09-14 09:05:27
1663146328176704000,28.2,2,28.15,69,28.2,75,1,2022-09-14 09:05:28
1663146328506888000,28.2,10,28.15,69,28.2,65,1,2022-09-14 09:05:28
1663146328541029000,28.2,4,28.15,69,28.2,61,1,2022-09-14 09:05:28
1663146328541115000,28.2,3,28.15,69,28.2,58,1,2022-09-14 09:05:28
1663146328541139000,28.2,3,28.15,69,28.2,55,1,2022-09-14 09:05:28
1663146328541142000,28.2,3,28.15,69,28.2,52,1,2022-09-14 09:05:28
1663146328541177000,28.2,3,28.15,69,28.2,49,1,2022-09-14 09:05:28
1663146328541263000,28.2,1,28.15,69,28.2,48,1,2022-09-14 09:05:28
1663146328564278000,28.2,3,28.15,67,28.2,45,1,2022-09-14 09:05:28
1663146328564490000,28.2,6,28.15,67,28.2,39,1,2022-09-14 09:05:28
1663146328586743000,28.2,3,28.15,67,28.2,36,1,2022-09-14 09:05:28
1663146328586767000,28.2,3,28.15,67,28.2,33,1,2022-09-14 09:05:28
1663146328864708000,28.2,9,28.15,32,28.2,33,1,2022-09-14 09:05:28
1663146329090668000,28.2,1,28.15,32,28.2,23,1,2022-09-14 09:05:29
1663146329119451000,28.2,9,28.15,32,28.2,14,1,2022-09-14 09:05:29
1663146329311521000,28.2,1,28.15,33,28.2,13,1,2022-09-14 09:05:29
1663146329340891000,28.2,1,28.15,33,28.2,12,1,2022-09-14 09:05:29
1663146329347286000,28.2,12,28.15,33,28.25,34,1,2022-09-14 09:05:29
1663146329379725000,28.25,10,28.15,33,28.25,24,1,2022-09-14 09:05:29
1663146329545749000,28.25,3,28.2,12,28.25,21,1,2022-09-14 09:05:29
1663146329589051000,28.25,1,28.2,12,28.25,20,1,2022-09-14 09:05:29
1663146329775360000,28.2,10,28.2,9,28.25,20,2,2022-09-14 09:05:29
1663146330130145000,28.25,3,28.2,27,28.25,17,1,2022-09-14 09:05:30
1663146330455718000,28.2,1,28.2,30,28.25,17,2,2022-09-14 09:05:30
1663146330486032000,28.2,30,28.15,33,28.25,7,2,2022-09-14 09:05:30
1663146330541447000,28.25,1,28.15,33,28.25,6,1,2022-09-14 09:05:30
1663146330581374000,28.25,1,28.2,2,28.25,5,1,2022-09-14 09:05:30
1663146330725571000,28.25,5,28.2,2,28.3,22,1,2022-09-14 09:05:30
1663146331206043000,28.25,10,28.25,15,28.3,20,2,2022-09-14 09:05:31
1663146331243071000,28.25,15,28.2,8,28.3,20,2,2022-09-14 09:05:31
1663146331255415000,28.2,1,28.2,7,28.3,20,2,2022-09-14 09:05:31
1663146331297872000,28.25,1,28.2,7,28.3,20,2,2022-09-14 09:05:31
1663146331341066000,28.25,1,28.2,7,28.3,20,2,2022-09-14 09:05:31
1663146331516336000,28.25,1,28.2,7,28.3,20,2,2022-09-14 09:05:31
1663146331540863000,28.25,1,28.2,7,28.3,20,2,2022-09-14 09:05:31
1663146331720682000,28.2,1,28.2,6,28.3,20,2,2022-09-14 09:05:31
1663146331883763000,28.25,2,28.2,7,28.3,20,2,2022-09-14 09:05:31
1663146332163604000,28.3,1,28.25,7,28.3,19,1,2022-09-14 09:05:32
1663146332534344000,28.3,10,28.25,7,28.3,19,1,2022-09-14 09:05:32
1663146332630486000,28.25,3,28.25,4,28.3,19,2,2022-09-14 09:05:32
1663146333904206000,28.3,2,28.25,6,28.3,5,1,2022-09-14 09:05:33
1663146334365733000,28.3,1,28.25,6,28.3,5,1,2022-09-14 09:05:34
1663146334452866000,28.3,2,28.25,6,28.3,2,1,2022-09-14 09:05:34
1663146334911616000,28.3,2,28.3,8,28.35,34,1,2022-09-14 09:05:34
1663146335325981000,28.35,1,28.3,10,28.35,33,1,2022-09-14 09:05:35
1663146335486722000,28.3,2,28.3,9,28.35,33,2,2022-09-14 09:05:35
1663146335812910000,28.3,1,28.3,9,28.35,33,2,2022-09-14 09:05:35
1663146335906217000,28.35,1,28.3,10,28.35,33,1,2022-09-14 09:05:35
1663146336226375000,28.35,1,28.3,10,28.35,31,1,2022-09-14 09:05:36
1663146336327862000,28.3,2,28.3,8,28.35,31,2,2022-09-14 09:05:36
1663146337140567000,28.3,2,28.3,8,28.35,31,2,2022-09-14 09:05:37
1663146337272720000,28.35,1,28.3,8,28.35,30,1,2022-09-14 09:05:37
1663146337922506000,28.3,2,28.3,21,28.35,41,2,2022-09-14 09:05:37
1663146337926960000,28.3,1,28.3,20,28.35,41,2,2022-09-14 09:05:37
1663146338051587000,28.35,4,28.3,21,28.35,37,1,2022-09-14 09:05:38
1663146338331300000,28.35,5,28.3,21,28.35,41,1,2022-09-14 09:05:38
1663146338671388000,28.35,1,28.3,21,28.35,31,1,2022-09-14 09:05:38
1663146339076780000,28.35,2,28.3,21,28.35,30,1,2022-09-14 09:05:39
1663146339121322000,28.3,21,28.25,6,28.35,40,2,2022-09-14 09:05:39
1663146339648044000,28.35,10,28.25,6,28.35,23,1,2022-09-14 09:05:39
1663146340076966000,28.35,1,28.3,35,28.35,24,1,2022-09-14 09:05:40
1663146340115352000,28.3,2,28.3,33,28.35,24,2,2022-09-14 09:05:40
1663146340122543000,28.3,5,28.3,28,28.35,24,2,2022-09-14 09:05:40
1663146340319025000,28.3,5,28.3,23,28.35,22,2,2022-09-14 09:05:40
1663146340346825000,28.3,23,28.25,6,28.35,22,2,2022-09-14 09:05:40
1663146340362511000,28.35,20,28.25,6,28.35,2,1,2022-09-14 09:05:40
1663146340575500000,28.25,2,28.25,4,28.3,1,2,2022-09-14 09:05:40
1663146340995965000,28.3,1,28.25,4,28.35,4,1,2022-09-14 09:05:40
1663146341052595000,28.25,1,28.25,3,28.35,4,2,2022-09-14 09:05:41
1663146341086817000,28.25,3,28.2,39,28.35,4,2,2022-09-14 09:05:41
1663146341127474000,28.3,1,28.2,39,28.35,4,2,2022-09-14 09:05:41
1663146342439355000,28.3,1,28.2,39,28.3,1,1,2022-09-14 09:05:42
1663146342457153000,28.3,4,28.2,39,28.35,20,2,2022-09-14 09:05:42
1663146342652484000,28.35,1,28.25,13,28.35,20,1,2022-09-14 09:05:42
1663146342847402000,28.3,1,28.3,1,28.35,20,2,2022-09-14 09:05:42
1663146343164493000,28.35,1,28.25,13,28.35,19,1,2022-09-14 09:05:43
1663146343291433000,28.35,1,28.25,13,28.35,8,1,2022-09-14 09:05:43
1663146343495550000,28.35,1,28.3,5,28.35,7,1,2022-09-14 09:05:43
1663146343793005000,28.3,5,28.25,14,28.3,5,2,2022-09-14 09:05:43
1663146343976123000,28.25,1,28.2,40,28.3,5,2,2022-09-14 09:05:43
1663146344230918000,28.25,1,28.2,40,28.3,15,2,2022-09-14 09:05:44
1663146344428448000,28.2,1,28.2,40,28.3,18,2,2022-09-14 09:05:44
1663146344480885000,28.3,1,28.2,39,28.3,17,1,2022-09-14 09:05:44
1663146345104493000,28.3,1,28.25,12,28.3,16,1,2022-09-14 09:05:45
1663146345985206000,28.25,1,28.25,25,28.3,17,2,2022-09-14 09:05:45
1663146346042208000,28.3,10,28.25,25,28.3,7,1,2022-09-14 09:05:46
1663146346219767000,28.3,1,28.25,25,28.3,6,1,2022-09-14 09:05:46
1663146346402445000,28.3,3,28.25,14,28.3,6,1,2022-09-14 09:05:46
1663146346792031000,28.3,3,28.25,14,28.3,1,1,2022-09-14 09:05:46
1663146347360690000,28.3,1,28.25,14,28.35,13,1,2022-09-14 09:05:47
1663146347953841000,28.35,1,28.25,17,28.35,15,1,2022-09-14 09:05:47
1663146349219536000,28.3,1,28.3,5,28.35,11,2,2022-09-14 09:05:49
1663146349235330000,28.35,1,28.3,5,28.35,10,1,2022-09-14 09:05:49
1663146350402263000,28.35,1,28.3,17,28.35,9,1,2022-09-14 09:05:50
1663146350518174000,28.3,3,28.3,14,28.35,9,2,2022-09-14 09:05:50
1663146350627408000,28.3,2,28.3,12,28.35,34,2,2022-09-14 09:05:50
1663146350888149000,28.3,1,28.3,13,28.35,40,2,2022-09-14 09:05:50
1663146350932347000,28.3,3,28.3,10,28.35,40,2,2022-09-14 09:05:50
1663146350932370000,28.3,3,28.3,7,28.35,40,2,2022-09-14 09:05:50
1663146350966699000,28.3,3,28.3,4,28.35,40,2,2022-09-14 09:05:50
1663146350966716000,28.3,1,28.3,3,28.35,40,2,2022-09-14 09:05:50
1663146350966734000,28.3,3,28.25,26,28.35,40,2,2022-09-14 09:05:50
1663146351134339000,28.25,10,28.25,16,28.35,40,2,2022-09-14 09:05:51
1663146351313839000,28.3,1,28.25,16,28.35,41,1,2022-09-14 09:05:51
1663146351397085000,28.3,1,28.25,16,28.35,41,2,2022-09-14 09:05:51
1663146351406341000,28.35,1,28.25,16,28.35,40,1,2022-09-14 09:05:51
1663146351483277000,28.3,13,28.25,16,28.35,40,2,2022-09-14 09:05:51
1663146351563601000,28.3,2,28.25,16,28.3,8,1,2022-09-14 09:05:51
1663146351614019000,28.3,2,28.25,16,28.3,6,1,2022-09-14 09:05:51
1663146351759846000,28.3,1,28.25,16,28.3,10,1,2022-09-14 09:05:51
1663146351828076000,28.3,10,28.25,16,28.35,40,1,2022-09-14 09:05:51
1663146351946126000,28.35,10,28.25,16,28.3,11,1,2022-09-14 09:05:51
1663146352105940000,28.25,16,28.2,38,28.25,4,2,2022-09-14 09:05:52
1663146352597672000,28.2,1,28.2,37,28.25,4,2,2022-09-14 09:05:52
1663146352603953000,28.25,1,28.2,37,28.25,3,1,2022-09-14 09:05:52
1663146352784656000,28.25,1,28.2,37,28.25,2,1,2022-09-14 09:05:52
1663146353148890000,28.25,1,28.2,37,28.25,1,1,2022-09-14 09:05:53
1663146353331245000,28.25,1,28.2,37,28.3,8,1,2022-09-14 09:05:53
1663146353348994000,28.3,1,28.2,37,28.3,7,1,2022-09-14 09:05:53
1663146353878033000,28.3,8,28.25,1,28.35,29,1,2022-09-14 09:05:53
1663146353878033000,28.35,2,28.25,1,28.35,29,1,2022-09-14 09:05:53
1663146354582155000,28.25,8,28.25,5,28.35,33,2,2022-09-14 09:05:54
1663146354613670000,28.25,5,28.2,39,28.35,33,2,2022-09-14 09:05:54
1663146355589312000,28.3,3,28.2,39,28.3,22,1,2022-09-14 09:05:55
1663146356308973000,28.3,1,28.25,3,28.3,24,1,2022-09-14 09:05:56
1663146356584084000,28.25,1,28.25,2,28.3,23,2,2022-09-14 09:05:56
1663146356968461000,28.25,5,28.25,6,28.3,23,2,2022-09-14 09:05:56
1663146357151335000,28.3,5,28.25,7,28.3,18,1,2022-09-14 09:05:57
1663146357796809000,28.3,1,28.25,15,28.3,17,1,2022-09-14 09:05:57
1663146358179566000,28.3,3,28.25,15,28.3,15,1,2022-09-14 09:05:58
1663146358368136000,28.3,1,28.25,15,28.3,14,1,2022-09-14 09:05:58
1663146358791079000,28.3,1,28.25,16,28.3,14,1,2022-09-14 09:05:58
1663146359166898000,28.25,2,28.25,14,28.3,14,2,2022-09-14 09:05:59
1663146359310472000,28.3,1,28.25,14,28.3,13,1,2022-09-14 09:05:59
1663146359405308000,28.3,10,28.25,14,28.3,3,1,2022-09-14 09:05:59
1663146359731484000,28.25,1,28.25,20,28.3,3,2,2022-09-14 09:05:59
1663146359774456000,28.25,1,28.25,21,28.3,3,2,2022-09-14 09:05:59
1663146360133472000,28.25,6,28.25,13,28.3,3,2,2022-09-14 09:06:00
1663146360252318000,28.3,1,28.25,13,28.3,2,1,2022-09-14 09:06:00
1663146360593921000,28.3,1,28.25,13,28.3,11,1,2022-09-14 09:06:00
1663146361027321000,28.25,15,28.2,42,28.3,12,2,2022-09-14 09:06:01
1663146361027321000,28.2,3,28.2,42,28.3,12,2,2022-09-14 09:06:01
1663146361063170000,28.25,1,28.2,42,28.3,15,2,2022-09-14 09:06:01
1663146361099484000,28.3,2,28.2,42,28.3,13,1,2022-09-14 09:06:01
1663146361474994000,28.3,2,28.25,2,28.3,16,1,2022-09-14 09:06:01
1663146362613046000,28.3,1,28.25,5,28.3,17,1,2022-09-14 09:06:02
1663146363351728000,28.3,1,28.25,7,28.3,16,1,2022-09-14 09:06:03
1663146364808663000,28.3,1,28.25,11,28.3,16,1,2022-09-14 09:06:04
1663146364909324000,28.3,1,28.25,11,28.3,19,1,2022-09-14 09:06:04
1663146365002832000,28.3,2,28.25,11,28.3,18,1,2022-09-14 09:06:05
1663146366184747000,28.3,1,28.25,26,28.3,15,1,2022-09-14 09:06:06
1663146366901316000,28.3,2,28.25,33,28.3,26,1,2022-09-14 09:06:06
1663146367136107000,28.3,10,28.25,34,28.3,14,1,2022-09-14 09:06:07
1663146367423197000,28.3,10,28.25,34,28.3,4,1,2022-09-14 09:06:07
1663146367449929000,28.3,4,28.25,34,28.3,14,1,2022-09-14 09:06:07
1663146368201393000,28.3,1,28.25,37,28.3,11,1,2022-09-14 09:06:08
1663146368235406000,28.3,5,28.25,37,28.3,6,1,2022-09-14 09:06:08
1663146368364121000,28.3,2,28.25,37,28.3,6,1,2022-09-14 09:06:08
1663146368892467000,28.3,1,28.25,37,28.3,9,1,2022-09-14 09:06:08
1663146369143579000,28.3,5,28.25,37,28.3,3,1,2022-09-14 09:06:09
1663146369182225000,28.3,1,28.25,37,28.3,2,1,2022-09-14 09:06:09
1663146369343234000,28.3,2,28.3,1,28.35,48,1,2022-09-14 09:06:09
1663146370197663000,28.35,1,28.3,9,28.35,47,1,2022-09-14 09:06:10
1663146370411240000,28.3,1,28.3,9,28.35,48,2,2022-09-14 09:06:10
1663146370557280000,28.3,8,28.25,33,28.3,2,2,2022-09-14 09:06:10
1663146370729352000,28.3,1,28.25,33,28.3,1,1,2022-09-14 09:06:10
1663146370760862000,28.3,1,28.25,33,28.35,47,1,2022-09-14 09:06:10
1663146372232449000,28.3,1,28.3,8,28.35,49,2,2022-09-14 09:06:12
1663146372273487000,28.3,1,28.3,7,28.35,49,2,2022-09-14 09:06:12
1663146372549837000,28.3,1,28.3,17,28.35,49,2,2022-09-14 09:06:12
1663146372809204000,28.35,1,28.3,18,28.35,47,1,2022-09-14 09:06:12
1663146372842007000,28.3,18,28.3,18,28.35,48,2,2022-09-14 09:06:12
1663146372842007000,28.25,2,28.3,18,28.35,48,2,2022-09-14 09:06:12
1663146373864665000,28.35,1,28.3,4,28.35,47,1,2022-09-14 09:06:13
1663146374721552000,28.3,1,28.3,8,28.35,46,2,2022-09-14 09:06:14
1663146375424779000,28.3,1,28.3,8,28.35,47,2,2022-09-14 09:06:15
1663146375789910000,28.3,5,28.3,12,28.35,42,2,2022-09-14 09:06:15
1663146376835786000,28.3,2,28.3,12,28.35,42,2,2022-09-14 09:06:16
1663146377735609000,28.3,5,28.3,8,28.35,43,2,2022-09-14 09:06:17
1663146379152846000,28.3,2,28.3,14,28.35,44,2,2022-09-14 09:06:19
1663146379212934000,28.3,2,28.3,12,28.35,44,2,2022-09-14 09:06:19
1663146379421584000,28.3,10,28.3,2,28.35,44,2,2022-09-14 09:06:19
1663146379463900000,28.3,2,28.3,16,28.35,44,2,2022-09-14 09:06:19
1663146379968131000,28.3,1,28.3,10,28.35,44,2,2022-09-14 09:06:19
1663146380089778000,28.3,1,28.3,9,28.35,44,2,2022-09-14 09:06:20
1663146380292623000,28.3,1,28.3,12,28.35,44,2,2022-09-14 09:06:20
1663146380816228000,28.35,1,28.3,13,28.35,43,1,2022-09-14 09:06:20
1663146381399279000,28.3,1,28.3,13,28.35,43,2,2022-09-14 09:06:21
1663146381438256000,28.3,1,28.3,14,28.35,43,2,2022-09-14 09:06:21
1663146381533502000,28.35,1,28.3,12,28.35,42,1,2022-09-14 09:06:21
1663146381812538000,28.3,4,28.3,8,28.35,47,2,2022-09-14 09:06:21
1663146382079463000,28.3,5,28.3,23,28.35,47,2,2022-09-14 09:06:22
1663146382108474000,28.3,23,28.25,37,28.35,47,2,2022-09-14 09:06:22
1663146382361568000,28.3,1,28.3,1,28.35,47,2,2022-09-14 09:06:22
1663146382375462000,28.3,1,28.3,2,28.35,47,2,2022-09-14 09:06:22
1663146383401426000,28.3,1,28.3,1,28.35,48,1,2022-09-14 09:06:23
1663146383487229000,28.3,1,28.25,37,28.3,1,2,2022-09-14 09:06:23
1663146384259258000,28.3,1,28.25,37,28.3,23,1,2022-09-14 09:06:24
1663146384322868000,28.3,5,28.25,37,28.3,18,1,2022-09-14 09:06:24
1663146384702479000,28.3,1,28.25,39,28.3,18,1,2022-09-14 09:06:24
1663146384977859000,28.3,1,28.25,39,28.3,17,1,2022-09-14 09:06:24
1663146385046125000,28.3,2,28.25,39,28.3,15,1,2022-09-14 09:06:25
1663146385378449000,28.3,1,28.25,39,28.3,14,1,2022-09-14 09:06:25
1663146385969204000,28.3,5,28.25,39,28.3,9,1,2022-09-14 09:06:25
1663146386638198000,28.3,1,28.25,39,28.3,9,1,2022-09-14 09:06:26
1663146387068537000,28.3,1,28.25,39,28.3,15,1,2022-09-14 09:06:27
1663146387482600000,28.3,2,28.25,38,28.3,16,1,2022-09-14 09:06:27
1663146387987975000,28.3,1,28.25,38,28.3,15,1,2022-09-14 09:06:27
1663146388320827000,28.3,3,28.25,36,28.3,13,1,2022-09-14 09:06:28
1663146388550076000,28.3,1,28.25,35,28.3,12,1,2022-09-14 09:06:28
1663146389010239000,28.3,5,28.25,37,28.3,7,1,2022-09-14 09:06:29
1663146389977534000,28.3,2,28.25,38,28.3,7,1,2022-09-14 09:06:29
1663146390100855000,28.3,2,28.25,38,28.3,3,1,2022-09-14 09:06:30
1663146390150218000,28.25,1,28.25,37,28.3,3,2,2022-09-14 09:06:30
1663146390388657000,28.3,1,28.25,37,28.3,3,1,2022-09-14 09:06:30
1663146390716665000,28.3,1,28.25,39,28.3,3,1,2022-09-14 09:06:30
1663146390892800000,28.3,1,28.25,39,28.3,2,1,2022-09-14 09:06:30
1663146390946229000,28.3,2,28.25,39,28.3,4,1,2022-09-14 09:06:30
1663146390988558000,28.3,1,28.3,7,28.35,44,2,2022-09-14 09:06:30
1663146391507620000,28.35,1,28.3,7,28.35,43,1,2022-09-14 09:06:31
1663146392194360000,28.3,1,28.3,13,28.35,43,2,2022-09-14 09:06:32
1663146392337635000,28.3,15,28.25,39,28.3,10,2,2022-09-14 09:06:32
1663146392362219000,28.3,1,28.3,15,28.35,43,1,2022-09-14 09:06:32
1663146392669090000,28.3,2,28.25,39,28.3,7,1,2022-09-14 09:06:32
1663146393568359000,28.3,1,28.25,41,28.3,6,1,2022-09-14 09:06:33
1663146394067129000,28.3,5,28.25,43,28.3,1,1,2022-09-14 09:06:34
1663146394097684000,28.3,1,28.25,43,28.35,44,1,2022-09-14 09:06:34
1663146394763234000,28.3,1,28.25,43,28.35,44,2,2022-09-14 09:06:34
1663146396129636000,28.3,1,28.3,4,28.35,44,2,2022-09-14 09:06:36
1663146396324374000,28.3,4,28.3,5,28.35,44,2,2022-09-14 09:06:36
1663146396662549000,28.25,1,28.25,42,28.3,6,2,2022-09-14 09:06:36
1663146396908022000,28.3,1,28.25,43,28.3,31,1,2022-09-14 09:06:36
1663146397283005000,28.3,2,28.25,42,28.3,28,1,2022-09-14 09:06:37
1663146397307405000,28.25,42,28.2,60,28.3,28,2,2022-09-14 09:06:37
1663146397384423000,28.25,2,28.2,60,28.25,14,1,2022-09-14 09:06:37
1663146397732543000,28.2,28,28.2,32,28.25,42,2,2022-09-14 09:06:37
1663146397732627000,28.2,32,28.15,71,28.25,42,2,2022-09-14 09:06:37
1663146397760042000,28.2,1,28.15,71,28.25,42,2,2022-09-14 09:06:37
1663146397945204000,28.15,1,28.15,71,28.2,3,2,2022-09-14 09:06:37
1663146398130973000,28.15,4,28.15,66,28.2,33,2,2022-09-14 09:06:38
1663146398153840000,28.15,1,28.15,65,28.2,33,2,2022-09-14 09:06:38
1663146398501778000,28.15,10,28.15,55,28.2,53,2,2022-09-14 09:06:38
1663146398503515000,28.2,1,28.15,55,28.2,52,1,2022-09-14 09:06:38
1663146398547679000,28.15,1,28.15,54,28.2,52,2,2022-09-14 09:06:38
1663146398619518000,28.2,3,28.15,54,28.2,49,1,2022-09-14 09:06:38
1663146398752251000,28.15,5,28.15,49,28.2,49,2,2022-09-14 09:06:38
1663146398779158000,28.15,6,28.15,43,28.2,49,2,2022-09-14 09:06:38
1663146398782543000,28.15,1,28.15,42,28.2,49,2,2022-09-14 09:06:38
1663146399197903000,28.15,2,28.15,40,28.2,67,2,2022-09-14 09:06:39
1663146399294085000,28.15,5,28.15,35,28.2,57,2,2022-09-14 09:06:39
1663146399339715000,28.15,6,28.15,29,28.2,57,2,2022-09-14 09:06:39
1663146399372153000,28.15,28,28.15,1,28.2,57,2,2022-09-14 09:06:39
1663146399377651000,28.15,1,28.1,68,28.2,57,2,2022-09-14 09:06:39
1663146399765130000,28.15,1,28.1,69,28.15,3,1,2022-09-14 09:06:39
1663146399940628000,28.15,1,28.1,69,28.15,4,1,2022-09-14 09:06:39
1663146400137509000,28.15,1,28.1,69,28.15,1,1,2022-09-14 09:06:40
1663146400516614000,28.1,5,28.1,63,28.15,21,2,2022-09-14 09:06:40
1663146401241308000,28.15,1,28.1,63,28.15,40,1,2022-09-14 09:06:41
1663146401286044000,28.1,1,28.1,63,28.15,41,2,2022-09-14 09:06:41
1663146401832269000,28.15,20,28.1,62,28.15,20,1,2022-09-14 09:06:41
1663146401908636000,28.15,12,28.1,62,28.15,8,1,2022-09-14 09:06:41
1663146401943564000,28.15,8,28.1,62,28.2,47,1,2022-09-14 09:06:41
1663146402293956000,28.1,1,28.1,61,28.15,1,2,2022-09-14 09:06:42
1663146403787478000,28.1,1,28.1,60,28.15,4,2,2022-09-14 09:06:43
1663146403958018000,28.1,1,28.1,61,28.15,4,2,2022-09-14 09:06:43
1663146404473472000,28.1,7,28.1,52,28.15,5,2,2022-09-14 09:06:44
1663146404541261000,28.15,1,28.1,52,28.15,4,1,2022-09-14 09:06:44
1663146404679816000,28.1,1,28.1,51,28.15,5,2,2022-09-14 09:06:44
1663146404701813000,28.15,1,28.1,52,28.15,5,1,2022-09-14 09:06:44
1663146405889520000,28.1,2,28.1,51,28.15,9,2,2022-09-14 09:06:45
1663146406110082000,28.1,1,28.1,48,28.15,9,2,2022-09-14 09:06:46
1663146406859905000,28.1,30,28.1,19,28.15,14,2,2022-09-14 09:06:46
1663146407358454000,28.1,1,28.1,19,28.15,14,2,2022-09-14 09:06:47
1663146407774761000,28.15,1,28.1,18,28.15,13,1,2022-09-14 09:06:47
1663146407988693000,28.1,2,28.1,16,28.15,13,2,2022-09-14 09:06:47
1663146408809893000,28.1,1,28.1,27,28.15,16,2,2022-09-14 09:06:48
1663146409934707000,28.1,1,28.1,26,28.15,21,2,2022-09-14 09:06:49
1663146410461871000,28.1,5,28.1,26,28.15,22,2,2022-09-14 09:06:50
1663146410540887000,28.15,3,28.1,21,28.15,19,1,2022-09-14 09:06:50
1663146410918821000,28.15,1,28.1,21,28.15,14,1,2022-09-14 09:06:50
1663146411235021000,28.1,1,28.1,20,28.15,13,2,2022-09-14 09:06:51
1663146411821436000,28.1,2,28.1,20,28.15,13,2,2022-09-14 09:06:51
1663146412320132000,28.1,1,28.1,21,28.15,13,2,2022-09-14 09:06:52
1663146412692743000,28.1,2,28.1,19,28.15,19,2,2022-09-14 09:06:52
1663146413511172000,28.1,1,28.1,20,28.15,39,2,2022-09-14 09:06:53
1663146413571776000,28.1,1,28.1,19,28.15,39,2,2022-09-14 09:06:53
1663146413621806000,28.1,1,28.1,19,28.15,39,2,2022-09-14 09:06:53
1663146413860882000,28.15,10,28.1,19,28.15,29,1,2022-09-14 09:06:53
1663146414381187000,28.1,1,28.1,20,28.15,24,2,2022-09-14 09:06:54
1663146415452904000,28.15,5,28.1,21,28.15,35,1,2022-09-14 09:06:55
1663146415519759000,28.1,5,28.1,16,28.15,30,2,2022-09-14 09:06:55
1663146415654078000,28.1,1,28.1,15,28.15,30,2,2022-09-14 09:06:55
1663146416677793000,28.15,2,28.1,15,28.15,28,1,2022-09-14 09:06:56
1663146416742746000,28.1,3,28.1,12,28.15,28,2,2022-09-14 09:06:56
1663146417160462000,28.1,1,28.1,12,28.15,29,2,2022-09-14 09:06:57
1663146417231918000,28.1,4,28.1,8,28.15,29,2,2022-09-14 09:06:57
1663146417854686000,28.1,1,28.1,12,28.15,31,2,2022-09-14 09:06:57
1663146418281848000,28.1,1,28.1,13,28.15,31,2,2022-09-14 09:06:58
1663146418341407000,28.1,1,28.1,14,28.15,31,2,2022-09-14 09:06:58
1663146418613783000,28.1,3,28.1,9,28.15,31,2,2022-09-14 09:06:58
1663146418696777000,28.1,9,28.05,34,28.1,1,2,2022-09-14 09:06:58
1663146419862888000,28.05,1,28.05,33,28.1,5,2,2022-09-14 09:06:59
1663146420281881000,28.1,6,28.1,4,28.15,32,1,2022-09-14 09:07:00
1663146420312389000,28.1,3,28.1,1,28.15,32,2,2022-09-14 09:07:00
1663146420769356000,28.1,3,28.05,11,28.15,42,2,2022-09-14 09:07:00
1663146420769356000,28.05,17,28.05,11,28.15,42,2,2022-09-14 09:07:00
1663146421636856000,28.1,1,28.05,17,28.1,1,2,2022-09-14 09:07:01
1663146421911346000,28.1,1,28.1,1,28.15,42,1,2022-09-14 09:07:01
1663146421980447000,28.1,1,28.05,17,28.1,1,2,2022-09-14 09:07:01
1663146422067785000,28.05,1,28.05,16,28.1,3,2,2022-09-14 09:07:02
1663146422202169000,28.1,1,28.05,13,28.1,2,1,2022-09-14 09:07:02
1663146422266328000,28.1,2,28.05,14,28.15,42,1,2022-09-14 09:07:02
1663146423151147000,28.05,2,28.05,13,28.1,19,2,2022-09-14 09:07:03
1663146423771312000,28.05,1,28.05,13,28.1,21,2,2022-09-14 09:07:03
1663146424005442000,28.1,10,28.05,13,28.1,21,1,2022-09-14 09:07:04
1663146424811762000,28.05,1,28.05,12,28.1,12,2,2022-09-14 09:07:04
1663146424941570000,28.1,1,28.05,12,28.1,12,1,2022-09-14 09:07:04
1663146425237645000,28.1,1,28.05,12,28.1,11,1,2022-09-14 09:07:05
1663146426170115000,28.1,12,28.1,3,28.15,42,1,2022-09-14 09:07:06
1663146426398900000,28.1,3,28.05,18,28.1,12,2,2022-09-14 09:07:06
1663146427551280000,28.05,1,28.05,23,28.1,12,2,2022-09-14 09:07:07
1663146428194763000,28.05,1,28.05,22,28.1,14,2,2022-09-14 09:07:08
1663146429985066000,28.1,1,28.05,28,28.1,15,1,2022-09-14 09:07:09
1663146431136258000,28.1,1,28.05,33,28.1,17,1,2022-09-14 09:07:11
1663146431171634000,28.1,17,28.05,33,28.15,52,1,2022-09-14 09:07:11
1663146431834828000,28.05,1,28.05,36,28.1,1,2,2022-09-14 09:07:11
1663146432049907000,28.1,1,28.1,1,28.15,52,1,2022-09-14 09:07:12
1663146432427205000,28.15,1,28.1,1,28.15,51,1,2022-09-14 09:07:12
1663146432492662000,28.1,1,28.05,34,28.15,51,2,2022-09-14 09:07:12
1663146435761591000,28.1,1,28.1,33,28.15,55,2,2022-09-14 09:07:15
1663146436580534000,28.1,1,28.1,35,28.15,55,2,2022-09-14 09:07:16
1663146437765055000,28.15,38,28.1,37,28.15,17,1,2022-09-14 09:07:17
1663146437803891000,28.15,3,28.1,37,28.15,14,1,2022-09-14 09:07:17
1663146437803914000,28.15,3,28.1,37,28.15,11,1,2022-09-14 09:07:17
1663146437803945000,28.15,3,28.1,37,28.15,8,1,2022-09-14 09:07:17
1663146437803986000,28.15,3,28.1,37,28.15,5,1,2022-09-14 09:07:17
1663146437804017000,28.15,3,28.1,37,28.15,2,1,2022-09-14 09:07:17
1663146437804048000,28.15,2,28.1,37,28.2,24,1,2022-09-14 09:07:17
1663146437895581000,28.2,24,28.1,40,28.25,44,1,2022-09-14 09:07:17
1663146437921912000,28.25,44,28.1,50,28.25,3,1,2022-09-14 09:07:17
1663146437952783000,28.25,1,28.1,50,28.25,2,1,2022-09-14 09:07:17
1663146438101203000,28.25,1,28.15,2,28.25,1,1,2022-09-14 09:07:18
1663146438285212000,28.15,2,28.1,50,28.25,1,2,2022-09-14 09:07:18
1663146438450481000,28.25,1,28.15,65,28.3,67,1,2022-09-14 09:07:18
1663146438819156000,28.15,1,28.15,79,28.3,67,2,2022-09-14 09:07:18
1663146439570180000,28.3,18,28.25,78,28.3,50,1,2022-09-14 09:07:19
1663146440385960000,28.3,2,28.25,78,28.3,48,1,2022-09-14 09:07:20
1663146440769876000,28.3,1,28.25,78,28.3,47,1,2022-09-14 09:07:20
1663146440802136000,28.3,47,28.25,78,28.35,55,1,2022-09-14 09:07:20
1663146440839484000,28.35,55,28.25,78,28.4,86,1,2022-09-14 09:07:20
1663146440886183000,28.4,2,28.25,81,28.4,84,1,2022-09-14 09:07:20
1663146440925086000,28.4,3,28.25,81,28.4,81,1,2022-09-14 09:07:20
1663146440995388000,28.4,1,28.25,81,28.4,86,1,2022-09-14 09:07:20
1663146441471728000,28.4,11,28.35,14,28.4,69,1,2022-09-14 09:07:21
1663146441494962000,28.4,15,28.35,14,28.4,54,1,2022-09-14 09:07:21
1663146441497801000,28.4,8,28.35,14,28.4,69,1,2022-09-14 09:07:21
1663146441586872000,28.4,10,28.35,14,28.4,36,1,2022-09-14 09:07:21
1663146441620003000,28.4,4,28.35,14,28.4,32,1,2022-09-14 09:07:21
1663146441620243000,28.4,2,28.35,14,28.4,30,1,2022-09-14 09:07:21
1663146442048662000,28.4,10,28.35,28,28.4,20,1,2022-09-14 09:07:22
