ts,close,volume,bid_price,bid_volume,ask_price,ask_volume,tick_type,datetime
1663664408923720000,72.0,128,71.0,3,72.0,4,2,2022-09-20 09:00:08
1663664409468433000,72.0,1,71.0,3,72.0,3,1,2022-09-20 09:00:09
1663664409472523000,72.0,1,71.0,3,72.0,2,1,2022-09-20 09:00:09
1663664411728342000,71.8,2,71.0,22,72.0,2,1,2022-09-20 09:00:11
1663664412745379000,72.0,2,71.0,22,72.1,1,1,2022-09-20 09:00:12
1663664413765575000,72.0,1,71.0,22,72.0,1,1,2022-09-20 09:00:13
1663664414987329000,71.0,1,71.0,21,71.9,1,2,2022-09-20 09:00:14
1663664415120191000,71.0,1,71.0,20,71.9,1,2,2022-09-20 09:00:15
1663664416834089000,71.9,1,71.0,18,72.0,2,1,2022-09-20 09:00:16
1663664418465607000,71.0,1,71.0,17,72.0,3,2,2022-09-20 09:00:18
1663664421163593000,71.2,1,71.0,17,71.8,4,2,2022-09-20 09:00:21
1663664423022455000,71.1,2,71.0,14,71.8,4,2,2022-09-20 09:00:23
1663664423022455000,71.0,3,71.0,14,71.8,4,2,2022-09-20 09:00:23
1663664423476663000,71.0,1,71.0,13,71.8,4,2,2022-09-20 09:00:23
1663664423752315000,71.0,2,71.0,11,71.8,4,2,2022-09-20 09:00:23
1663664425924821000,71.8,1,70.9,2,71.8,4,1,2022-09-20 09:00:25
1663664427161281000,71.0,1,70.9,2,71.8,3,1,2022-09-20 09:00:27
1663664429503746000,71.0,2,71.0,1,71.7,2,2,2022-09-20 09:00:29
1663664429564979000,71.0,1,70.9,6,71.0,4,2,2022-09-20 09:00:29
1663664429888196000,71.0,1,70.9,6,71.0,4,1,2022-09-20 09:00:29
1663664430629047000,71.0,1,70.9,6,71.0,2,1,2022-09-20 09:00:30
1663664431976356000,70.9,1,70.9,5,71.0,3,2,2022-09-20 09:00:31
1663664432797519000,71.0,1,70.9,5,71.0,2,1,2022-09-20 09:00:32
1663664434657540000,70.9,1,70.9,4,71.0,3,2,2022-09-20 09:00:34
1663664437540440000,71.0,1,70.9,4,71.0,4,1,2022-09-20 09:00:37
1663664437574082000,71.0,1,70.9,4,71.0,3,1,2022-09-20 09:00:37
1663664437806917000,70.9,1,70.9,3,71.0,3,2,2022-09-20 09:00:37
1663664438180825000,71.0,1,70.9,4,71.0,4,1,2022-09-20 09:00:38
1663664440959076000,70.8,2,70.7,1,70.8,11,2,2022-09-20 09:00:40
1663664441315379000,70.8,1,70.7,1,70.8,10,1,2022-09-20 09:00:41
1663664442068513000,70.8,2,70.7,1,70.8,8,1,2022-09-20 09:00:42
1663664442566369000,70.7,1,70.6,2,70.8,8,2,2022-09-20 09:00:42
1663664442584885000,70.8,1,70.6,2,70.8,7,1,2022-09-20 09:00:42
1663664442978626000,70.6,2,70.5,2,70.8,7,2,2022-09-20 09:00:42
1663664442978626000,70.5,2,70.5,2,70.8,7,2,2022-09-20 09:00:42
1663664445330628000,70.7,1,70.6,1,70.7,4,1,2022-09-20 09:00:45
1663664445813912000,70.6,1,70.6,1,70.7,4,2,2022-09-20 09:00:45
1663664447345275000,70.5,2,70.1,2,70.7,4,2,2022-09-20 09:00:47
1663664447345275000,70.4,2,70.1,2,70.7,4,2,2022-09-20 09:00:47
1663664447345275000,70.1,1,70.1,2,70.7,4,2,2022-09-20 09:00:47
1663664450114434000,70.6,1,70.6,1,70.7,5,2,2022-09-20 09:00:50
1663664450143083000,70.6,1,70.1,8,70.7,5,2,2022-09-20 09:00:50
1663664451386120000,70.5,1,70.5,1,70.7,5,2,2022-09-20 09:00:51
1663664451388336000,70.5,1,70.5,2,70.7,5,2,2022-09-20 09:00:51
1663664455555905000,70.2,1,70.2,3,70.6,2,2,2022-09-20 09:00:55
1663664455867680000,70.5,1,70.2,1,70.6,2,2,2022-09-20 09:00:55
1663664455867680000,70.2,2,70.2,1,70.6,2,2,2022-09-20 09:00:55
1663664458975435000,70.2,2,70.2,5,70.5,1,2,2022-09-20 09:00:58
1663664460302160000,70.3,1,70.0,30,70.5,2,2,2022-09-20 09:01:00
1663664460302160000,70.2,6,70.0,30,70.5,2,2,2022-09-20 09:01:00
1663664460302160000,70.1,4,70.0,30,70.5,2,2,2022-09-20 09:01:00
1663664460302160000,70.0,9,70.0,30,70.5,2,2,2022-09-20 09:01:00
1663664460372841000,70.2,1,70.2,1,70.5,2,2,2022-09-20 09:01:00
1663664460719539000,70.3,1,70.3,2,70.5,2,2,2022-09-20 09:01:00
1663664461909080000,70.3,3,70.0,29,70.5,7,2,2022-09-20 09:01:01
1663664461909080000,70.0,2,70.0,29,70.5,7,2,2022-09-20 09:01:01
1663664464008278000,70.0,1,70.0,29,70.3,5,2,2022-09-20 09:01:04
1663664467068513000,70.3,5,70.2,1,70.5,7,1,2022-09-20 09:01:07
1663664467563937000,70.2,1,70.2,1,70.5,7,2,2022-09-20 09:01:07
1663664469203755000,70.2,1,70.0,30,70.5,7,2,2022-09-20 09:01:09
1663664469203755000,70.1,3,70.0,30,70.5,7,2,2022-09-20 09:01:09
1663664469203755000,70.0,1,70.0,30,70.5,7,2,2022-09-20 09:01:09
1663664471295833000,70.3,1,70.0,30,70.5,7,1,2022-09-20 09:01:11
1663664472165990000,70.2,1,70.1,2,70.2,4,1,2022-09-20 09:01:12
1663664473857744000,70.2,1,70.1,3,70.2,4,1,2022-09-20 09:01:13
1663664474370679000,70.2,1,70.1,3,70.2,4,1,2022-09-20 09:01:14
1663664475219402000,70.2,2,70.1,3,70.2,3,1,2022-09-20 09:01:15
1663664476258158000,70.2,1,70.1,4,70.2,2,1,2022-09-20 09:01:16
1663664478377799000,70.2,1,70.1,7,70.2,1,1,2022-09-20 09:01:18
1663664479698703000,70.1,1,70.1,7,70.2,5,2,2022-09-20 09:01:19
1663664482981955000,70.2,1,70.1,8,70.2,4,1,2022-09-20 09:01:22
1663664484547648000,70.1,3,70.1,5,70.2,4,2,2022-09-20 09:01:24
1663664486468822000,70.2,4,70.2,2,70.3,1,1,2022-09-20 09:01:26
1663664486632846000,70.2,1,70.2,1,70.3,1,2,2022-09-20 09:01:26
1663664490633269000,70.3,1,70.2,5,70.5,7,1,2022-09-20 09:01:30
1663664490734360000,70.5,1,70.2,5,70.5,6,1,2022-09-20 09:01:30
1663664492194419000,70.3,1,70.2,4,70.5,6,2,2022-09-20 09:01:32
1663664492194419000,70.2,1,70.2,4,70.5,6,2,2022-09-20 09:01:32
1663664493348547000,70.2,1,70.2,4,70.5,6,2,2022-09-20 09:01:33
1663664493383245000,70.5,1,70.2,4,70.5,5,1,2022-09-20 09:01:33
1663664494466954000,70.2,1,70.2,4,70.5,5,2,2022-09-20 09:01:34
1663664506646177000,70.5,1,70.3,7,70.5,4,1,2022-09-20 09:01:46
1663664508633998000,70.5,1,70.3,7,70.5,3,1,2022-09-20 09:01:48
1663664510321878000,70.5,1,70.4,3,70.5,3,1,2022-09-20 09:01:50
1663664510932566000,70.5,1,70.4,3,70.5,2,1,2022-09-20 09:01:50
1663664511415118000,70.5,1,70.4,3,70.5,1,1,2022-09-20 09:01:51
1663664512489892000,70.5,1,70.4,3,70.7,1,1,2022-09-20 09:01:52
1663664514469857000,70.6,1,70.6,2,70.7,1,2,2022-09-20 09:01:54
1663664515245172000,70.7,1,70.6,2,70.8,3,1,2022-09-20 09:01:55
1663664515245172000,70.8,4,70.6,2,70.8,3,1,2022-09-20 09:01:55
1663664517093802000,70.8,1,70.6,2,70.8,2,1,2022-09-20 09:01:57
1663664517447558000,70.8,1,70.5,3,70.8,1,1,2022-09-20 09:01:57
1663664518849026000,70.8,1,70.5,3,70.9,2,1,2022-09-20 09:01:58
1663664519680992000,70.9,1,70.7,1,70.9,1,1,2022-09-20 09:01:59
1663664520465525000,70.9,1,70.7,1,71.0,4,1,2022-09-20 09:02:00
1663664521356159000,71.0,4,70.8,1,71.3,1,1,2022-09-20 09:02:01
1663664521356159000,71.2,1,70.8,1,71.3,1,1,2022-09-20 09:02:01
1663664523535016000,71.3,1,71.0,20,71.5,1,1,2022-09-20 09:02:03
1663664523695019000,71.5,1,71.0,25,71.5,1,1,2022-09-20 09:02:03
1663664528552640000,71.6,1,71.0,26,71.7,11,1,2022-09-20 09:02:08
1663664533723385000,71.5,1,71.5,6,71.7,11,2,2022-09-20 09:02:13
1663664535313193000,71.6,1,71.5,6,71.7,11,1,2022-09-20 09:02:15
1663664535564804000,71.5,1,71.5,5,71.7,11,2,2022-09-20 09:02:15
1663664538553227000,71.7,1,71.6,1,71.7,11,1,2022-09-20 09:02:18
1663664539899216000,71.7,10,71.7,10,71.8,16,1,2022-09-20 09:02:19
1663664540518776000,71.8,1,71.7,10,71.8,15,1,2022-09-20 09:02:20
1663664542559667000,71.8,1,71.7,11,71.8,14,1,2022-09-20 09:02:22
1663664542652243000,71.8,3,71.7,11,71.8,11,1,2022-09-20 09:02:22
1663664542703363000,71.8,1,71.7,11,71.8,10,1,2022-09-20 09:02:22
1663664544115848000,71.8,1,71.7,17,71.8,9,1,2022-09-20 09:02:24
1663664544716118000,71.8,1,71.7,17,71.8,8,1,2022-09-20 09:02:24
1663664544744166000,71.7,1,71.7,16,71.8,8,2,2022-09-20 09:02:24
1663664544779559000,71.7,1,71.7,15,71.8,8,2,2022-09-20 09:02:24
1663664545677364000,71.8,2,71.7,15,71.8,6,1,2022-09-20 09:02:25
1663664545954980000,71.8,1,71.7,15,71.8,5,1,2022-09-20 09:02:25
1663664546549646000,71.7,1,71.7,14,71.8,5,2,2022-09-20 09:02:26
1663664547662433000,71.8,1,71.7,14,71.8,4,1,2022-09-20 09:02:27
1663664548965403000,71.8,1,71.7,14,71.8,3,1,2022-09-20 09:02:28
1663664549195762000,71.8,3,71.8,2,72.0,3,1,2022-09-20 09:02:29
1663664550742776000,72.0,1,71.8,4,72.0,3,1,2022-09-20 09:02:30
1663664552588164000,72.0,1,71.8,4,72.0,1,1,2022-09-20 09:02:32
1663664553161406000,71.8,1,71.8,3,72.0,1,2,2022-09-20 09:02:33
1663664553256567000,72.0,1,71.8,3,72.1,1,1,2022-09-20 09:02:33
1663664553726241000,72.1,1,71.8,3,72.2,4,1,2022-09-20 09:02:33
1663664556261219000,72.0,1,72.0,1,72.2,4,2,2022-09-20 09:02:36
1663664557773338000,72.0,1,72.0,1,72.2,4,2,2022-09-20 09:02:37
1663664557854649000,72.2,1,72.0,1,72.2,3,1,2022-09-20 09:02:37
1663664559506277000,72.1,1,72.0,1,72.2,3,1,2022-09-20 09:02:39
1663664560214361000,72.0,1,72.0,1,72.2,3,2,2022-09-20 09:02:40
1663664562865027000,72.2,1,72.0,2,72.2,2,1,2022-09-20 09:02:42
1663664563318672000,72.1,1,72.0,2,72.2,2,1,2022-09-20 09:02:43
1663664563355335000,72.0,1,72.0,1,72.2,2,2,2022-09-20 09:02:43
1663664566171779000,72.2,1,72.1,1,72.2,1,1,2022-09-20 09:02:46
1663664566978450000,72.1,1,72.0,1,72.2,6,2,2022-09-20 09:02:46
1663664566978450000,72.0,2,72.0,1,72.2,6,2,2022-09-20 09:02:46
1663664568316179000,72.0,1,71.8,1,72.1,1,2,2022-09-20 09:02:48
1663664570181834000,72.0,1,71.8,1,72.0,1,1,2022-09-20 09:02:50
1663664571085127000,72.0,1,71.8,1,72.5,8,1,2022-09-20 09:02:51
1663664571085127000,72.1,1,71.8,1,72.5,8,1,2022-09-20 09:02:51
1663664571085127000,72.2,6,71.8,1,72.5,8,1,2022-09-20 09:02:51
1663664571085127000,72.3,2,71.8,1,72.5,8,1,2022-09-20 09:02:51
1663664572931944000,72.5,1,71.8,1,72.5,7,1,2022-09-20 09:02:52
1663664576331795000,71.9,1,71.8,1,71.9,4,2,2022-09-20 09:02:56
1663664576885881000,71.8,1,71.8,1,71.9,4,2,2022-09-20 09:02:56
1663664577769635000,71.9,1,71.8,1,71.9,3,1,2022-09-20 09:02:57
1663664579299169000,71.9,1,71.8,1,71.9,2,1,2022-09-20 09:02:59
1663664580979550000,71.8,2,71.8,2,71.9,2,2,2022-09-20 09:03:00
1663664582435203000,71.8,1,71.7,4,71.9,2,1,2022-09-20 09:03:02
1663664582693706000,71.7,1,71.7,3,71.9,2,2,2022-09-20 09:03:02
1663664583079853000,71.7,1,71.7,2,71.9,2,2,2022-09-20 09:03:03
1663664585949151000,71.7,1,71.7,1,71.8,2,2,2022-09-20 09:03:05
1663664586277244000,71.7,1,71.7,1,71.8,2,2,2022-09-20 09:03:06
1663664586559423000,71.7,1,71.5,7,71.8,2,2,2022-09-20 09:03:06
1663664586559423000,71.6,2,71.5,7,71.8,2,2,2022-09-20 09:03:06
1663664587323028000,71.7,1,71.5,7,71.8,2,2,2022-09-20 09:03:07
1663664590062870000,71.7,1,71.6,1,72.1,1,1,2022-09-20 09:03:10
1663664590062870000,71.8,2,71.6,1,72.1,1,1,2022-09-20 09:03:10
1663664590062870000,71.9,3,71.6,1,72.1,1,1,2022-09-20 09:03:10
1663664590062870000,72.0,2,71.6,1,72.1,1,1,2022-09-20 09:03:10
1663664590062870000,72.1,2,71.6,1,72.1,1,1,2022-09-20 09:03:10
1663664593031315000,71.6,1,71.5,7,72.1,1,2,2022-09-20 09:03:13
1663664593031315000,71.5,1,71.5,7,72.1,1,2,2022-09-20 09:03:13
1663664593440554000,71.5,1,71.5,6,72.1,1,2,2022-09-20 09:03:13
1663664599827475000,72.0,1,71.5,6,72.0,3,1,2022-09-20 09:03:19
1663664601184853000,71.5,3,71.5,3,72.0,3,2,2022-09-20 09:03:21
1663664609171938000,71.8,1,71.6,1,71.9,7,2,2022-09-20 09:03:29
1663664609171938000,71.6,1,71.6,1,71.9,7,2,2022-09-20 09:03:29
1663664611379233000,71.9,1,71.6,1,71.9,6,1,2022-09-20 09:03:31
1663664611953676000,71.8,2,71.6,2,71.9,6,1,2022-09-20 09:03:31
1663664614499182000,71.8,1,71.6,2,71.9,6,2,2022-09-20 09:03:34
1663664616547503000,71.6,1,71.5,5,71.9,5,2,2022-09-20 09:03:36
1663664621680648000,71.6,1,71.6,1,71.8,1,2,2022-09-20 09:03:41
1663664624007383000,71.5,6,71.3,1,71.8,2,2,2022-09-20 09:03:44
1663664625409981000,71.6,1,71.3,1,71.8,3,1,2022-09-20 09:03:45
1663664625965589000,71.3,1,71.2,1,71.8,3,2,2022-09-20 09:03:45
1663664632968540000,71.2,1,71.0,2,71.7,3,2,2022-09-20 09:03:52
1663664633953186000,71.0,2,70.7,4,70.9,5,2,2022-09-20 09:03:53
1663664633953186000,70.9,3,70.7,4,70.9,5,2,2022-09-20 09:03:53
1663664637051080000,70.7,1,70.7,3,70.9,5,2,2022-09-20 09:03:57
1663664637113984000,70.7,1,70.7,2,70.9,6,2,2022-09-20 09:03:57
1663664644215203000,70.7,2,70.7,1,70.9,6,2,2022-09-20 09:04:04
1663664644380076000,70.7,1,70.6,5,70.9,6,2,2022-09-20 09:04:04
1663664647719592000,70.6,1,70.6,4,70.7,3,2,2022-09-20 09:04:07
1663664648219608000,70.7,1,70.6,4,70.7,2,1,2022-09-20 09:04:08
1663664649137359000,70.6,1,70.6,4,70.7,2,2,2022-09-20 09:04:09
1663664649800744000,70.6,3,70.6,1,70.7,2,2,2022-09-20 09:04:09
1663664650657474000,70.6,1,70.5,4,70.6,1,2,2022-09-20 09:04:10
1663664654847007000,70.6,2,70.6,18,70.7,2,1,2022-09-20 09:04:14
1663664655631275000,70.6,2,70.6,16,70.7,2,2,2022-09-20 09:04:15
1663664657380272000,70.7,1,70.6,17,70.7,1,1,2022-09-20 09:04:17
1663664658477505000,70.7,1,70.6,17,70.9,4,1,2022-09-20 09:04:18
1663664658477505000,70.9,2,70.6,17,70.9,4,1,2022-09-20 09:04:18
1663664663373114000,70.6,1,70.6,20,70.9,5,2,2022-09-20 09:04:23
1663664664269684000,70.9,5,70.6,20,71.3,3,1,2022-09-20 09:04:24
1663664672351990000,70.9,1,70.6,20,71.3,2,2,2022-09-20 09:04:32
1663664679701869000,71.3,2,70.9,2,71.6,1,1,2022-09-20 09:04:39
1663664685613697000,71.0,1,70.9,5,71.0,3,1,2022-09-20 09:04:45
1663664685695936000,70.9,1,70.9,4,71.0,3,2,2022-09-20 09:04:45
1663664691235140000,71.0,3,71.0,12,71.2,1,1,2022-09-20 09:04:51
1663664693753393000,71.2,1,71.0,12,71.6,1,1,2022-09-20 09:04:53
1663664694674301000,71.0,1,71.0,11,71.6,1,2,2022-09-20 09:04:54
1663664698768194000,71.0,5,71.0,6,71.3,2,2,2022-09-20 09:04:58
1663664704676271000,71.0,1,71.0,13,71.3,2,2,2022-09-20 09:05:04
1663664708013541000,71.3,1,71.2,1,71.3,1,1,2022-09-20 09:05:08
1663664710560064000,71.2,1,71.0,15,71.6,3,2,2022-09-20 09:05:10
1663664716946849000,71.2,1,71.0,10,71.2,1,1,2022-09-20 09:05:16
1663664717123024000,71.2,1,71.2,2,71.6,3,1,2022-09-20 09:05:17
1663664721507636000,71.2,1,71.2,1,71.6,3,2,2022-09-20 09:05:21
1663664721983282000,71.2,1,71.0,12,71.1,1,2,2022-09-20 09:05:21
1663664723370521000,71.1,1,71.0,12,71.6,3,1,2022-09-20 09:05:23
1663664735797092000,71.2,1,71.0,22,71.5,2,2,2022-09-20 09:05:35
1663664738125463000,71.1,1,71.2,1,71.5,3,1,2022-09-20 09:05:38
1663664743881212000,71.5,1,71.2,1,71.5,2,1,2022-09-20 09:05:43
1663664743969017000,71.2,1,71.0,22,71.5,2,2,2022-09-20 09:05:43
1663664750227547000,71.5,1,71.4,1,71.5,1,1,2022-09-20 09:05:50
1663664752121152000,71.4,1,71.0,23,71.6,3,2,2022-09-20 09:05:52
1663664757475834000,71.0,1,71.0,21,71.4,6,2,2022-09-20 09:05:57
1663664763890711000,71.1,4,71.1,1,71.4,8,2,2022-09-20 09:06:03
1663664763917190000,71.1,1,71.0,21,71.4,8,2,2022-09-20 09:06:03
1663664765894716000,71.0,1,71.0,20,71.4,8,2,2022-09-20 09:06:05
1663664768116087000,71.0,5,71.0,15,71.4,8,2,2022-09-20 09:06:08
1663664768151070000,71.0,9,71.0,6,71.4,8,2,2022-09-20 09:06:08
1663664769926377000,71.0,2,71.0,4,71.4,8,2,2022-09-20 09:06:09
1663664774479102000,71.0,1,71.0,5,71.4,8,2,2022-09-20 09:06:14
1663664783233377000,71.0,3,71.0,4,71.4,8,2,2022-09-20 09:06:23
1663664783240017000,71.0,1,71.0,3,71.4,8,2,2022-09-20 09:06:23
1663664784040242000,71.0,1,71.0,2,71.4,10,2,2022-09-20 09:06:24
1663664784418056000,71.0,1,71.0,1,71.4,5,2,2022-09-20 09:06:24
1663664786691085000,71.0,1,70.9,5,71.0,4,2,2022-09-20 09:06:26
1663664791049000000,71.0,4,70.9,5,71.0,2,1,2022-09-20 09:06:31
1663664792189708000,70.9,1,70.9,4,71.0,2,2,2022-09-20 09:06:32
1663664794416101000,70.9,1,70.9,3,71.0,2,2,2022-09-20 09:06:34
1663664794809073000,70.9,3,70.7,2,70.9,2,2,2022-09-20 09:06:34
1663664803220882000,70.7,1,70.7,1,70.9,6,2,2022-09-20 09:06:43
1663664803475082000,70.9,1,70.7,1,70.9,5,1,2022-09-20 09:06:43
1663664804291351000,70.7,1,70.6,6,70.9,5,2,2022-09-20 09:06:44
1663664805128491000,70.6,1,70.6,5,70.9,5,2,2022-09-20 09:06:45
1663664812889569000,70.6,1,70.6,3,70.9,5,2,2022-09-20 09:06:52
1663664815394312000,70.6,1,70.6,2,70.9,5,2,2022-09-20 09:06:55
1663664815821694000,70.6,1,70.6,1,70.9,5,2,2022-09-20 09:06:55
1663664817610702000,70.6,1,70.5,10,70.9,5,2,2022-09-20 09:06:57
1663664826428466000,70.5,4,70.5,7,70.8,1,2,2022-09-20 09:07:06
1663664826853770000,70.5,1,70.5,6,70.8,1,2,2022-09-20 09:07:06
1663664827501865000,70.5,1,70.5,4,70.8,2,2,2022-09-20 09:07:07
1663664840168272000,70.6,1,70.5,4,70.8,2,2,2022-09-20 09:07:20
1663664847196642000,70.5,1,70.5,3,70.8,2,2,2022-09-20 09:07:27
1663664852675028000,70.8,1,70.5,3,70.9,6,2,2022-09-20 09:07:32
1663664874752989000,70.8,1,70.6,2,70.9,6,2,2022-09-20 09:07:54
1663664876567362000,70.9,1,70.8,2,70.9,5,1,2022-09-20 09:07:56
1663664878190138000,70.8,1,70.8,1,70.9,5,2,2022-09-20 09:07:58
1663664883197240000,70.8,1,70.8,1,70.9,5,2,2022-09-20 09:08:03
1663664885334979000,70.9,1,70.8,1,70.9,4,1,2022-09-20 09:08:05
1663664914242436000,70.8,1,70.7,2,70.9,4,2,2022-09-20 09:08:34
1663664914317485000,70.9,3,70.7,2,70.9,1,1,2022-09-20 09:08:34
1663664914352856000,70.9,1,70.7,2,71.0,2,1,2022-09-20 09:08:34
1663664918671336000,71.0,1,70.9,2,71.0,1,1,2022-09-20 09:08:38
1663664918705884000,71.0,1,70.9,2,71.1,1,1,2022-09-20 09:08:38
1663664920845721000,71.1,1,70.9,2,71.2,3,1,2022-09-20 09:08:40
1663664925108908000,71.2,2,70.9,2,71.2,1,1,2022-09-20 09:08:45
1663664929688113000,71.2,1,70.9,2,71.4,2,1,2022-09-20 09:08:49
1663664946075935000,71.0,1,71.0,4,71.4,2,2,2022-09-20 09:09:06
1663664953121376000,71.0,1,71.0,5,71.4,2,2,2022-09-20 09:09:13
1663664959791209000,71.0,1,71.0,4,71.4,2,2,2022-09-20 09:09:19
1663664963280845000,71.0,1,71.0,3,71.3,1,2,2022-09-20 09:09:23
1663664979368890000,71.2,1,71.0,3,71.3,1,2,2022-09-20 09:09:39
1663664987465677000,71.2,1,71.0,3,71.3,1,1,2022-09-20 09:09:47
1663664997622282000,71.0,1,71.0,2,71.3,3,2,2022-09-20 09:09:57
1663665000409037000,71.0,2,70.9,1,71.2,6,2,2022-09-20 09:10:00
1663665006608361000,70.9,1,70.8,3,71.2,6,2,2022-09-20 09:10:06
1663665021403576000,71.0,2,70.8,3,71.0,1,2,2022-09-20 09:10:21
1663665030704981000,70.8,1,70.8,2,71.0,5,2,2022-09-20 09:10:30
1663665044794357000,70.9,1,70.8,2,71.0,8,2,2022-09-20 09:10:44
1663665047961150000,70.8,2,70.7,1,70.9,1,2,2022-09-20 09:10:47
1663665064955148000,70.7,1,70.6,3,70.8,1,2,2022-09-20 09:11:04
1663665064955148000,70.6,1,70.6,3,70.8,1,2,2022-09-20 09:11:04
1663665079403311000,70.6,3,70.5,4,70.7,1,2,2022-09-20 09:11:19
1663665084115274000,70.7,1,70.7,4,70.8,1,1,2022-09-20 09:11:24
1663665087863334000,70.7,2,70.7,2,70.8,1,2,2022-09-20 09:11:27
1663665094415540000,70.7,1,70.7,1,70.8,1,2,2022-09-20 09:11:34
1663665096278054000,70.7,1,70.6,1,70.8,1,2,2022-09-20 09:11:36
1663665099397360000,70.6,1,70.5,4,70.8,1,2,2022-09-20 09:11:39
1663665107264578000,70.6,1,70.5,6,70.8,2,2,2022-09-20 09:11:47
1663665107264578000,70.5,2,70.5,6,70.8,2,2,2022-09-20 09:11:47
1663665113600011000,70.5,6,70.4,13,70.5,3,2,2022-09-20 09:11:53
1663665121840356000,70.4,1,70.4,12,70.5,3,2,2022-09-20 09:12:01
1663665124917008000,70.4,2,70.4,10,70.5,3,2,2022-09-20 09:12:04
1663665128906222000,70.4,8,70.4,2,70.5,3,2,2022-09-20 09:12:08
1663665131181601000,70.4,2,70.3,22,70.4,1,2,2022-09-20 09:12:11
1663665135189712000,70.4,1,70.3,22,70.4,3,1,2022-09-20 09:12:15
1663665138143169000,70.3,1,70.3,21,70.4,5,2,2022-09-20 09:12:18
1663665138325000000,70.3,1,70.3,20,70.4,5,2,2022-09-20 09:12:18
1663665141163776000,70.3,1,70.3,19,70.4,5,2,2022-09-20 09:12:21
1663665141607903000,70.3,3,70.3,16,70.4,5,2,2022-09-20 09:12:21
1663665142585326000,70.3,14,70.3,2,70.4,5,2,2022-09-20 09:12:22
1663665145036340000,70.3,2,70.2,4,70.3,3,2,2022-09-20 09:12:25
1663665145832081000,70.2,1,70.2,3,70.3,3,2,2022-09-20 09:12:25
1663665148919448000,70.2,3,70.1,11,70.3,3,2,2022-09-20 09:12:28
1663665148919448000,70.1,1,70.1,11,70.3,3,2,2022-09-20 09:12:28
1663665153089768000,70.1,1,70.1,10,70.3,3,2,2022-09-20 09:12:33
1663665155330771000,70.1,1,70.1,9,70.3,3,2,2022-09-20 09:12:35
1663665157034968000,70.3,1,70.1,9,70.3,2,1,2022-09-20 09:12:37
1663665158472582000,70.1,2,70.1,6,70.3,2,2,2022-09-20 09:12:38
1663665161315126000,70.1,1,70.1,5,70.3,2,2,2022-09-20 09:12:41
1663665161617907000,70.1,1,70.1,5,70.3,2,2,2022-09-20 09:12:41
1663665163817806000,70.1,2,70.1,3,70.2,1,2,2022-09-20 09:12:43
1663665166263004000,70.1,3,70.0,54,70.2,1,2,2022-09-20 09:12:46
1663665173945916000,70.0,1,70.0,54,70.2,1,2,2022-09-20 09:12:53
1663665176733135000,70.0,2,70.0,51,70.2,2,2,2022-09-20 09:12:56
1663665178137298000,70.0,6,70.0,45,70.2,2,2,2022-09-20 09:12:58
1663665182241321000,70.0,20,70.0,25,70.2,2,2,2022-09-20 09:13:02
1663665183923835000,70.0,1,70.0,23,70.2,2,2,2022-09-20 09:13:03
1663665184667102000,70.0,1,70.0,22,70.2,2,2,2022-09-20 09:13:04
1663665185574394000,70.0,1,70.0,22,70.2,2,2,2022-09-20 09:13:05
1663665185778359000,70.0,1,70.0,21,70.2,1,2,2022-09-20 09:13:05
1663665187420395000,70.0,1,70.0,20,70.2,1,2,2022-09-20 09:13:07
1663665187959790000,70.0,1,70.0,19,70.2,1,2,2022-09-20 09:13:07
1663665188639702000,70.0,3,70.0,16,70.2,1,2,2022-09-20 09:13:08
1663665190759418000,70.0,1,70.0,15,70.2,1,2,2022-09-20 09:13:10
1663665192128469000,70.0,5,70.0,9,70.2,1,2,2022-09-20 09:13:12
1663665192651766000,70.0,5,70.0,9,70.2,1,2,2022-09-20 09:13:12
1663665193166126000,70.0,1,70.0,8,70.2,1,2,2022-09-20 09:13:13
1663665193621183000,70.0,1,70.0,7,70.2,1,2,2022-09-20 09:13:13
1663665194617286000,70.0,1,70.0,6,70.2,1,2,2022-09-20 09:13:14
1663665195069989000,70.0,5,70.0,1,70.2,1,2,2022-09-20 09:13:15
1663665195611003000,70.0,1,69.9,2,70.2,1,2,2022-09-20 09:13:15
1663665197933551000,69.9,2,69.7,1,70.0,1,2,2022-09-20 09:13:17
1663665216462482000,69.7,2,69.7,2,70.0,1,2,2022-09-20 09:13:36
1663665218921722000,69.7,1,69.7,1,70.0,1,2,2022-09-20 09:13:38
1663665219497075000,69.7,1,69.6,11,70.0,1,2,2022-09-20 09:13:39
1663665230475800000,69.7,2,69.6,8,70.0,4,2,2022-09-20 09:13:50
1663665230475800000,69.6,3,69.6,8,70.0,4,2,2022-09-20 09:13:50
1663665233552904000,69.7,1,69.6,8,70.0,4,1,2022-09-20 09:13:53
1663665255374289000,69.9,2,69.8,1,70.0,1,1,2022-09-20 09:14:15
1663665255374289000,70.0,4,69.8,1,70.0,1,1,2022-09-20 09:14:15
1663665255833589000,69.8,1,69.7,3,70.0,1,2,2022-09-20 09:14:15
1663665261065846000,69.9,1,69.7,3,70.0,1,2,2022-09-20 09:14:21
1663665261065846000,69.8,1,69.7,3,70.0,1,2,2022-09-20 09:14:21
1663665266606476000,69.7,2,69.7,1,69.9,2,2,2022-09-20 09:14:26
1663665268321187000,69.9,2,69.9,3,70.0,1,1,2022-09-20 09:14:28
1663665278803757000,70.0,1,69.9,4,70.2,2,1,2022-09-20 09:14:38
1663665282894746000,70.0,2,70.0,5,70.2,2,2,2022-09-20 09:14:42
1663665290434322000,70.1,1,70.0,6,70.2,2,2,2022-09-20 09:14:50
1663665301488513000,70.1,1,70.1,1,70.2,3,2,2022-09-20 09:15:01
1663665311555527000,70.2,1,70.1,6,70.2,3,1,2022-09-20 09:15:11
1663665328032449000,70.2,3,70.2,2,70.3,8,1,2022-09-20 09:15:28
1663665335930844000,70.3,8,70.2,5,70.5,2,1,2022-09-20 09:15:35
1663665337586619000,70.3,1,70.3,1,70.5,2,2,2022-09-20 09:15:37
1663665354802542000,70.3,1,70.3,3,70.5,2,2,2022-09-20 09:15:54
1663665369849710000,70.4,1,70.4,1,70.5,2,2,2022-09-20 09:16:09
1663665374847217000,70.5,2,70.5,3,70.6,1,1,2022-09-20 09:16:14
1663665384311473000,70.6,1,70.5,4,70.8,8,1,2022-09-20 09:16:24
1663665394962637000,70.7,1,70.6,2,70.8,8,2,2022-09-20 09:16:34
1663665406215332000,70.7,1,70.7,2,70.8,8,1,2022-09-20 09:16:46
1663665408554651000,70.7,2,70.6,6,70.8,8,2,2022-09-20 09:16:48
1663665445634366000,70.7,2,70.7,2,70.8,8,2,2022-09-20 09:17:25
1663665445663462000,70.7,2,70.6,5,70.8,8,2,2022-09-20 09:17:25
1663665469275802000,70.7,3,70.6,6,70.8,8,2,2022-09-20 09:17:49
1663665487185819000,70.6,1,70.6,3,70.7,4,2,2022-09-20 09:18:07
1663665487574992000,70.6,1,70.6,2,70.7,4,2,2022-09-20 09:18:07
1663665488480938000,70.6,1,70.6,1,70.7,4,2,2022-09-20 09:18:08
1663665496709038000,70.7,1,70.6,1,70.7,3,1,2022-09-20 09:18:16
1663665498766967000,70.6,1,70.5,5,70.6,1,2,2022-09-20 09:18:18
1663665498950231000,70.5,5,70.4,4,70.6,1,2,2022-09-20 09:18:18
1663665528743892000,70.5,1,70.4,4,70.6,4,2,2022-09-20 09:18:48
1663665542782902000,70.5,1,70.4,5,70.5,2,1,2022-09-20 09:19:02
1663665543301013000,70.4,1,70.4,4,70.5,2,2,2022-09-20 09:19:03
1663665544568594000,70.4,1,70.4,3,70.5,2,2,2022-09-20 09:19:04
1663665554553319000,70.4,1,70.4,2,70.5,2,2,2022-09-20 09:19:14
1663665554582932000,70.4,2,70.3,2,70.5,2,2,2022-09-20 09:19:14
1663665559359526000,70.3,1,70.3,1,70.4,1,2,2022-09-20 09:19:19
1663665567466912000,70.3,1,70.2,6,70.4,1,2,2022-09-20 09:19:27
1663665586624492000,70.2,1,70.2,5,70.3,3,2,2022-09-20 09:19:46
1663665588578393000,70.3,1,70.2,5,70.3,2,1,2022-09-20 09:19:48
1663665592813801000,70.2,5,70.1,4,70.3,2,2,2022-09-20 09:19:52
1663665622944525000,70.2,2,70.2,2,70.3,5,2,2022-09-20 09:20:22
1663665627075813000,70.2,1,70.2,1,70.3,5,2,2022-09-20 09:20:27
1663665629504428000,70.2,2,70.1,4,70.2,3,2,2022-09-20 09:20:29
1663665638045516000,70.1,1,70.1,3,70.2,5,2,2022-09-20 09:20:38
1663665641375506000,70.1,1,70.1,2,70.2,5,2,2022-09-20 09:20:41
1663665643196666000,70.2,1,70.1,2,70.2,4,1,2022-09-20 09:20:43
1663665644967063000,70.1,2,70.0,8,70.2,4,2,2022-09-20 09:20:44
1663665652500383000,70.1,1,70.0,8,70.1,3,1,2022-09-20 09:20:52
1663665654399687000,70.1,1,70.0,8,70.1,2,1,2022-09-20 09:20:54
1663665656413719000,70.0,1,70.0,7,70.1,2,2,2022-09-20 09:20:56
1663665656648048000,70.0,1,70.0,6,70.1,2,2,2022-09-20 09:20:56
1663665659482125000,70.1,2,70.0,6,70.1,5,1,2022-09-20 09:20:59
1663665663008009000,70.0,6,69.9,5,70.1,5,2,2022-09-20 09:21:03
1663665669294501000,70.1,1,69.9,5,70.1,4,1,2022-09-20 09:21:09
1663665674050587000,70.0,1,69.9,5,70.1,6,1,2022-09-20 09:21:14
1663665676861149000,70.0,1,69.9,5,70.0,1,2,2022-09-20 09:21:16
1663665685500582000,69.9,5,69.9,1,70.0,1,2,2022-09-20 09:21:25
1663665696314215000,69.9,1,69.8,5,70.0,2,2,2022-09-20 09:21:36
1663665701208949000,69.8,2,69.8,3,70.0,4,2,2022-09-20 09:21:41
1663665709660039000,69.8,3,69.8,1,70.0,4,2,2022-09-20 09:21:49
1663665716277041000,69.8,2,69.7,6,70.0,4,2,2022-09-20 09:21:56
1663665718313203000,69.8,1,69.7,6,70.0,4,1,2022-09-20 09:21:58
1663665730275052000,69.7,1,69.7,5,69.8,2,2,2022-09-20 09:22:10
1663665732354545000,69.7,1,69.7,4,69.8,2,2,2022-09-20 09:22:12
1663665732650808000,69.8,2,69.7,4,70.0,4,1,2022-09-20 09:22:12
1663665741651281000,69.7,4,69.6,11,70.0,4,2,2022-09-20 09:22:21
1663665794359694000,69.9,1,69.6,12,70.0,5,1,2022-09-20 09:23:14
1663665857515253000,70.0,1,69.8,1,70.0,4,1,2022-09-20 09:24:17
1663665858700051000,70.0,1,69.8,1,70.0,3,1,2022-09-20 09:24:18
1663665859706181000,70.0,1,69.8,1,70.0,2,1,2022-09-20 09:24:19
1663665866370193000,70.0,1,69.9,2,70.0,1,1,2022-09-20 09:24:26
1663665871594146000,70.0,1,69.9,2,70.1,4,1,2022-09-20 09:24:31
1663665875943447000,69.9,1,69.9,2,70.1,4,2,2022-09-20 09:24:35
1663665906593187000,70.1,1,69.9,2,70.1,3,1,2022-09-20 09:25:06
1663665912747632000,70.0,1,70.0,4,70.1,3,1,2022-09-20 09:25:12
1663665943241482000,70.1,1,70.0,5,70.1,3,1,2022-09-20 09:25:43
1663665947748962000,70.1,1,70.0,5,70.1,2,1,2022-09-20 09:25:47
1663665956162531000,70.1,1,70.0,5,70.1,1,1,2022-09-20 09:25:56
1663665960191791000,70.1,1,70.1,1,70.2,4,1,2022-09-20 09:26:00
1663665987298403000,70.2,3,70.1,3,70.2,4,1,2022-09-20 09:26:27
1663666006478492000,70.2,4,70.1,3,70.3,20,1,2022-09-20 09:26:46
1663666006478492000,70.3,1,70.1,3,70.3,20,1,2022-09-20 09:26:46
1663666006643732000,70.3,5,70.1,3,70.3,15,1,2022-09-20 09:26:46
1663666017382519000,70.3,1,70.2,1,70.3,13,1,2022-09-20 09:26:57
1663666017845988000,70.3,7,70.2,1,70.3,6,1,2022-09-20 09:26:57
1663666017874770000,70.3,6,70.2,1,70.4,1,1,2022-09-20 09:26:57
1663666023715674000,70.4,1,70.2,1,70.5,3,1,2022-09-20 09:27:03
1663666025837480000,70.5,1,70.2,1,70.6,5,1,2022-09-20 09:27:05
1663666051307442000,70.6,2,70.5,2,70.6,3,1,2022-09-20 09:27:31
1663666056398857000,70.6,1,70.5,2,70.6,2,1,2022-09-20 09:27:36
1663666061669163000,70.6,1,70.5,2,70.6,1,1,2022-09-20 09:27:41
1663666065308734000,70.6,1,70.5,2,70.7,9,1,2022-09-20 09:27:45
1663666073606135000,70.6,1,70.5,2,70.7,8,2,2022-09-20 09:27:53
1663666075106433000,70.7,1,70.5,2,70.7,7,1,2022-09-20 09:27:55
1663666089920676000,70.7,1,70.3,5,70.7,5,1,2022-09-20 09:28:09
1663666149220923000,70.6,1,70.3,7,70.6,1,1,2022-09-20 09:29:09
1663666163906654000,70.6,1,70.5,1,70.6,1,1,2022-09-20 09:29:23
1663666174994283000,70.5,1,70.3,6,70.6,1,2,2022-09-20 09:29:34
1663666193426779000,70.5,1,70.4,1,70.5,1,1,2022-09-20 09:29:53
1663666193732681000,70.4,1,70.3,6,70.5,1,2,2022-09-20 09:29:53
1663666215609076000,70.3,5,70.2,1,70.3,5,2,2022-09-20 09:30:15
1663666219131903000,70.2,1,70.1,6,70.2,27,2,2022-09-20 09:30:19
1663666219585430000,70.1,1,70.1,5,70.2,27,2,2022-09-20 09:30:19
1663666221456753000,70.2,1,70.1,5,70.2,26,1,2022-09-20 09:30:21
1663666226279852000,70.1,5,70.0,8,70.1,21,2,2022-09-20 09:30:26
1663666237536668000,70.0,9,69.9,2,70.0,12,2,2022-09-20 09:30:37
1663666242050263000,70.0,1,69.9,2,70.0,16,1,2022-09-20 09:30:42
1663666252029761000,69.9,1,69.9,1,70.0,16,2,2022-09-20 09:30:52
1663666252841913000,69.9,1,69.8,5,69.9,10,2,2022-09-20 09:30:52
1663666259872732000,69.8,3,69.8,2,69.9,10,2,2022-09-20 09:30:59
1663666260441474000,69.8,2,69.7,6,69.8,8,2,2022-09-20 09:31:00
1663666263573712000,69.8,1,69.7,6,69.8,7,1,2022-09-20 09:31:03
1663666263719257000,69.8,2,69.7,6,69.8,5,1,2022-09-20 09:31:03
1663666264704971000,69.8,1,69.7,6,69.8,4,1,2022-09-20 09:31:04
1663666266507827000,69.7,1,69.7,5,69.8,4,2,2022-09-20 09:31:06
1663666270044096000,69.8,2,69.7,5,69.8,2,1,2022-09-20 09:31:10
1663666271438857000,69.8,2,69.7,5,70.0,6,1,2022-09-20 09:31:11
1663666280721270000,69.8,1,69.7,6,70.0,6,1,2022-09-20 09:31:20
1663666282387977000,69.7,5,69.7,1,70.0,6,2,2022-09-20 09:31:22
1663666298714617000,69.7,2,69.7,1,70.0,6,2,2022-09-20 09:31:38
1663666305668260000,69.8,1,69.7,1,69.8,2,1,2022-09-20 09:31:45
1663666312686695000,69.8,1,69.7,2,69.8,1,1,2022-09-20 09:31:52
1663666313258977000,69.8,1,69.7,2,70.0,6,1,2022-09-20 09:31:53
1663666356457588000,69.8,4,69.8,2,70.0,6,2,2022-09-20 09:32:36
1663666403010930000,70.0,1,69.8,2,70.0,5,1,2022-09-20 09:33:23
1663666412290304000,69.8,2,69.8,2,70.0,4,2,2022-09-20 09:33:32
1663666438889999000,70.0,1,69.8,5,70.0,3,1,2022-09-20 09:33:58
1663666452396184000,70.0,3,69.8,7,70.3,1,1,2022-09-20 09:34:12
1663666479171647000,70.1,1,70.1,1,70.3,7,2,2022-09-20 09:34:39
1663666481059285000,70.1,1,70.0,12,70.3,7,2,2022-09-20 09:34:41
1663666495256835000,70.1,1,70.0,6,70.2,1,1,2022-09-20 09:34:55
1663666496737601000,70.2,1,70.0,6,70.3,8,1,2022-09-20 09:34:56
1663666509039138000,70.3,1,70.2,1,70.3,7,1,2022-09-20 09:35:09
1663666512454742000,70.3,4,70.2,2,70.3,3,1,2022-09-20 09:35:12
1663666512540415000,70.3,3,70.3,5,70.4,1,1,2022-09-20 09:35:12
1663666526154070000,70.4,1,70.3,6,70.5,6,1,2022-09-20 09:35:26
1663666535948950000,70.5,1,70.4,2,70.5,5,1,2022-09-20 09:35:35
1663666562051736000,70.5,1,70.4,3,70.5,4,1,2022-09-20 09:36:02
1663666568018164000,70.4,1,70.4,2,70.5,5,2,2022-09-20 09:36:08
1663666569275741000,70.5,1,70.4,2,70.5,4,1,2022-09-20 09:36:09
1663666581035434000,70.4,1,70.4,1,70.5,4,2,2022-09-20 09:36:21
1663666601432502000,70.5,1,70.4,2,70.5,13,1,2022-09-20 09:36:41
1663666606217160000,70.4,1,70.4,1,70.5,12,2,2022-09-20 09:36:46
1663666609890007000,70.4,1,70.3,7,70.5,13,2,2022-09-20 09:36:49
1663666624425542000,70.3,1,70.3,6,70.4,4,2,2022-09-20 09:37:04
1663666629895142000,70.4,1,70.3,6,70.4,4,1,2022-09-20 09:37:09
1663666635916917000,70.3,6,70.2,2,70.4,4,2,2022-09-20 09:37:15
1663666649248285000,70.2,3,70.0,3,70.3,1,2,2022-09-20 09:37:29
1663666652073915000,70.3,1,70.0,10,70.4,5,1,2022-09-20 09:37:32
1663666664606648000,70.0,2,70.0,8,70.4,5,2,2022-09-20 09:37:44
1663666684428051000,70.0,1,70.0,7,70.2,2,2,2022-09-20 09:38:04
1663666703325512000,70.0,4,70.0,2,70.2,2,2,2022-09-20 09:38:23
1663666712861152000,70.0,1,70.0,1,70.2,1,2,2022-09-20 09:38:32
1663666771579221000,70.1,2,70.0,10,70.3,4,2,2022-09-20 09:39:31
1663666779577953000,70.2,1,70.0,11,70.3,4,2,2022-09-20 09:39:39
1663666803918978000,70.2,1,70.2,1,70.3,4,1,2022-09-20 09:40:03
1663666844651591000,70.1,1,70.1,1,70.2,3,2,2022-09-20 09:40:44
1663666858309263000,70.1,1,70.0,12,70.2,3,2,2022-09-20 09:40:58
1663666870658032000,70.1,1,70.1,1,70.2,2,2,2022-09-20 09:41:10
1663666872438585000,70.1,1,70.0,12,70.2,2,2,2022-09-20 09:41:12
1663666896053301000,70.0,3,70.0,9,70.1,1,2,2022-09-20 09:41:36
1663666936441007000,70.0,1,70.0,9,70.2,3,2,2022-09-20 09:42:16
1663666940963155000,70.0,1,70.0,8,70.2,3,2,2022-09-20 09:42:20
1663666961792857000,70.0,5,70.0,3,70.2,3,2,2022-09-20 09:42:41
1663666971509394000,70.0,1,70.0,2,70.2,2,2,2022-09-20 09:42:51
1663666986681780000,70.0,2,69.9,7,70.2,2,2,2022-09-20 09:43:06
1663667105665700000,70.0,1,70.0,2,70.2,2,2,2022-09-20 09:45:05
1663667209078174000,70.0,1,70.0,2,70.1,1,2,2022-09-20 09:46:49
1663667220126344000,70.0,1,70.0,1,70.1,1,2,2022-09-20 09:47:00
1663667231820728000,70.0,1,69.9,7,70.1,1,2,2022-09-20 09:47:11
1663667241053813000,70.0,1,70.0,1,70.1,1,1,2022-09-20 09:47:21
1663667270075444000,70.1,1,70.0,4,70.2,2,1,2022-09-20 09:47:50
1663667287932726000,70.1,1,70.0,4,70.1,3,1,2022-09-20 09:48:07
1663667298316379000,70.1,1,70.0,4,70.1,2,1,2022-09-20 09:48:18
1663667304037364000,70.1,1,70.0,4,70.1,1,1,2022-09-20 09:48:24
1663667350230275000,70.2,1,70.1,3,70.2,1,1,2022-09-20 09:49:10
1663667359573933000,70.2,1,70.1,3,70.3,5,1,2022-09-20 09:49:19
1663667369362440000,70.3,1,70.2,1,70.3,4,1,2022-09-20 09:49:29
1663667373811929000,70.2,1,70.1,3,70.3,4,2,2022-09-20 09:49:33
1663667387821743000,70.2,1,70.1,2,70.3,4,2,2022-09-20 09:49:47
1663667430087881000,70.2,1,70.1,2,70.3,4,2,2022-09-20 09:50:30
1663667463179048000,70.2,1,70.1,2,70.3,4,2,2022-09-20 09:51:03
1663667536245534000,70.3,4,70.2,4,70.4,2,1,2022-09-20 09:52:16
1663667572475974000,70.4,1,70.3,2,70.5,17,1,2022-09-20 09:52:52
1663667587821909000,70.5,17,70.4,1,70.6,7,1,2022-09-20 09:53:07
1663667601897495000,70.6,1,70.5,1,70.6,6,1,2022-09-20 09:53:21
1663667602916498000,70.6,1,70.5,1,70.6,5,1,2022-09-20 09:53:22
1663667603824213000,70.6,1,70.5,1,70.6,4,1,2022-09-20 09:53:23
1663667604196055000,70.6,1,70.5,1,70.6,3,1,2022-09-20 09:53:24
1663667605375193000,70.6,1,70.5,1,70.6,2,1,2022-09-20 09:53:25
1663667607491992000,70.6,1,70.5,1,70.6,1,1,2022-09-20 09:53:27
1663667608528028000,70.6,1,70.5,1,70.7,7,1,2022-09-20 09:53:28
1663667615645286000,70.7,7,70.6,2,70.8,3,1,2022-09-20 09:53:35
1663667616438928000,70.6,1,70.6,1,70.8,3,2,2022-09-20 09:53:36
1663667617334137000,70.8,1,70.6,1,70.8,2,1,2022-09-20 09:53:37
1663667635924812000,70.8,1,70.7,2,70.8,1,1,2022-09-20 09:53:55
1663667645969074000,70.8,1,70.7,2,70.9,2,1,2022-09-20 09:54:05
1663667652393763000,70.9,1,70.7,2,70.9,1,1,2022-09-20 09:54:12
1663667659220254000,70.9,1,70.8,1,71.0,6,1,2022-09-20 09:54:19
1663667683336361000,71.0,1,70.8,1,71.0,5,1,2022-09-20 09:54:43
1663667699318749000,71.0,6,70.9,1,71.1,1,1,2022-09-20 09:54:59
1663667719410367000,71.1,1,71.0,1,71.2,7,1,2022-09-20 09:55:19
1663667725313603000,71.2,7,71.2,3,71.3,3,1,2022-09-20 09:55:25
1663667734968814000,71.3,1,71.2,7,71.3,2,1,2022-09-20 09:55:34
1663667736997837000,71.3,1,71.2,12,71.3,1,1,2022-09-20 09:55:36
1663667737040986000,71.3,1,71.2,12,71.4,1,1,2022-09-20 09:55:37
1663667742071434000,71.4,1,71.3,2,71.5,16,1,2022-09-20 09:55:42
1663667742883664000,71.5,10,71.4,1,71.5,6,1,2022-09-20 09:55:42
1663667742913104000,71.5,6,71.4,1,71.6,2,1,2022-09-20 09:55:42
1663667745194319000,71.6,2,71.4,1,71.7,2,1,2022-09-20 09:55:45
1663667761093117000,71.7,1,71.6,6,71.7,2,1,2022-09-20 09:56:01
1663667762879869000,71.7,2,71.7,3,71.8,2,1,2022-09-20 09:56:02
1663667770239225000,71.8,1,71.7,4,71.8,1,1,2022-09-20 09:56:10
1663667771776321000,71.7,4,71.6,1,71.8,1,2,2022-09-20 09:56:11
1663667771778407000,71.8,1,71.6,1,71.9,5,1,2022-09-20 09:56:11
1663667774177257000,71.9,1,71.6,1,71.9,4,1,2022-09-20 09:56:14
1663667777269895000,71.9,1,71.6,1,71.9,3,1,2022-09-20 09:56:17
1663667778790826000,71.9,2,71.6,1,71.9,1,1,2022-09-20 09:56:18
1663667779436940000,71.8,1,71.6,1,71.8,2,2,2022-09-20 09:56:19
1663667780058448000,71.8,1,71.6,1,71.8,1,1,2022-09-20 09:56:20
1663667780174234000,71.8,1,71.6,1,72.0,23,1,2022-09-20 09:56:20
1663667780174234000,71.9,1,71.6,1,72.0,23,1,2022-09-20 09:56:20
1663667782192104000,71.9,1,71.9,2,72.0,23,2,2022-09-20 09:56:22
1663667782225445000,71.9,2,71.6,1,72.0,23,2,2022-09-20 09:56:22
1663667782313244000,72.0,1,71.6,1,72.0,22,1,2022-09-20 09:56:22
1663667788708726000,71.9,1,71.6,1,71.9,3,1,2022-09-20 09:56:28
1663667789589319000,71.9,1,71.6,1,71.9,2,1,2022-09-20 09:56:29
1663667793294811000,71.8,1,71.6,1,71.9,2,1,2022-09-20 09:56:33
1663667801213923000,71.6,1,71.5,4,71.8,2,2,2022-09-20 09:56:41
1663667810242862000,71.4,1,71.3,1,71.7,1,2,2022-09-20 09:56:50
1663667819768166000,71.4,1,71.3,1,71.7,1,1,2022-09-20 09:56:59
1663667837546547000,71.4,1,71.4,1,71.6,1,2,2022-09-20 09:57:17
1663667839349094000,71.4,1,71.3,1,71.6,1,2,2022-09-20 09:57:19
1663667899431310000,71.5,1,71.5,3,71.6,1,2,2022-09-20 09:58:19
1663667901324724000,71.5,1,71.5,2,71.6,1,2,2022-09-20 09:58:21
1663667902707090000,71.5,1,71.5,1,71.6,1,2,2022-09-20 09:58:22
1663667902740802000,71.5,1,71.3,2,71.6,1,2,2022-09-20 09:58:22
1663667912692704000,71.5,1,71.5,4,71.6,1,1,2022-09-20 09:58:32
1663667914741930000,71.5,1,71.5,3,71.6,1,2,2022-09-20 09:58:34
1663667915583978000,71.6,1,71.5,3,71.7,2,1,2022-09-20 09:58:35
1663667915583978000,71.7,1,71.5,3,71.7,2,1,2022-09-20 09:58:35
1663667922726757000,71.5,3,71.3,2,71.7,2,2,2022-09-20 09:58:42
1663667926891267000,71.6,1,71.5,2,71.7,2,2,2022-09-20 09:58:46
1663667935147325000,71.6,1,71.5,2,71.7,3,2,2022-09-20 09:58:55
1663667970418133000,71.6,1,71.5,3,71.7,3,1,2022-09-20 09:59:30
1663667997227201000,71.6,1,71.6,1,71.7,3,2,2022-09-20 09:59:57
1663667998163720000,71.6,1,71.5,3,71.6,1,2,2022-09-20 09:59:58
1663668009557958000,71.5,1,71.5,2,71.6,2,2,2022-09-20 10:00:09
1663668015091819000,71.5,1,71.5,1,71.6,2,2,2022-09-20 10:00:15
1663668017464737000,71.5,1,71.4,1,71.6,2,2,2022-09-20 10:00:17
1663668017477018000,71.4,1,71.3,2,71.6,2,2,2022-09-20 10:00:17
1663668028285951000,71.5,1,71.3,2,71.6,1,1,2022-09-20 10:00:28
1663668028285951000,71.6,4,71.3,2,71.6,1,1,2022-09-20 10:00:28
1663668030805996000,71.3,1,71.3,1,71.6,1,2,2022-09-20 10:00:30
1663668038303855000,71.3,1,71.2,4,71.5,1,2,2022-09-20 10:00:38
1663668078982949000,71.4,1,71.2,3,71.5,3,2,2022-09-20 10:01:18
1663668087396321000,71.2,2,71.2,1,71.4,1,2,2022-09-20 10:01:27
1663668131497863000,71.2,1,71.2,1,71.4,2,2,2022-09-20 10:02:11
1663668160756949000,71.2,1,71.1,2,71.3,2,2,2022-09-20 10:02:40
1663668165856798000,71.1,1,71.1,1,71.3,2,2,2022-09-20 10:02:45
1663668182218700000,71.2,1,71.1,3,71.3,2,1,2022-09-20 10:03:02
1663668229118003000,71.1,1,71.0,4,71.2,4,2,2022-09-20 10:03:49
1663668240632394000,71.0,1,71.0,4,71.2,4,2,2022-09-20 10:04:00
1663668244342921000,71.0,1,71.0,3,71.1,1,2,2022-09-20 10:04:04
1663668244738204000,71.0,1,71.0,2,71.1,1,2,2022-09-20 10:04:04
1663668247232546000,71.1,1,71.0,2,71.2,5,1,2022-09-20 10:04:07
1663668277452432000,70.9,1,70.9,5,71.1,1,2,2022-09-20 10:04:37
1663668277703447000,70.9,1,70.9,4,71.1,1,2,2022-09-20 10:04:37
1663668278463983000,70.9,1,70.9,3,71.1,1,2,2022-09-20 10:04:38
1663668278678373000,70.9,1,70.9,2,71.1,1,2,2022-09-20 10:04:38
1663668298197456000,71.0,1,70.9,2,71.1,1,1,2022-09-20 10:04:58
1663668325267462000,71.0,3,70.9,2,71.1,1,1,2022-09-20 10:05:25
1663668333170447000,71.0,1,70.9,2,71.1,1,1,2022-09-20 10:05:33
1663668338712239000,71.0,1,70.9,2,71.0,1,1,2022-09-20 10:05:38
1663668341898849000,71.0,1,70.9,2,71.1,1,1,2022-09-20 10:05:41
1663668343139680000,71.1,1,70.9,2,71.2,3,1,2022-09-20 10:05:43
1663668391337485000,71.2,3,71.0,5,71.3,3,1,2022-09-20 10:06:31
1663668412197425000,71.3,3,71.1,8,71.4,2,1,2022-09-20 10:06:52
1663668452464273000,71.3,1,71.3,1,71.4,2,2,2022-09-20 10:07:32
1663668463811367000,71.3,5,71.3,5,71.4,2,2,2022-09-20 10:07:43
1663668472792308000,71.4,1,71.3,5,71.4,1,1,2022-09-20 10:07:52
1663668473390680000,71.4,1,71.3,5,71.5,2,1,2022-09-20 10:07:53
1663668490313364000,71.4,1,71.3,7,71.5,2,1,2022-09-20 10:08:10
1663668507871624000,71.3,7,71.1,2,71.5,2,2,2022-09-20 10:08:27
1663668511707428000,71.5,1,71.1,2,71.5,1,1,2022-09-20 10:08:31
1663668531657438000,71.4,1,71.1,2,71.5,2,2,2022-09-20 10:08:51
1663668604798419000,71.4,1,71.2,5,71.5,2,1,2022-09-20 10:10:04
1663668672501443000,71.4,1,71.4,1,71.5,3,1,2022-09-20 10:11:12
1663668710294705000,71.4,1,71.2,3,71.5,4,2,2022-09-20 10:11:50
1663668741384316000,71.4,2,71.4,4,71.5,4,1,2022-09-20 10:12:21
1663668751933292000,71.4,1,71.4,3,71.5,3,2,2022-09-20 10:12:31
1663668761978767000,71.4,1,71.4,2,71.5,3,2,2022-09-20 10:12:41
1663668770271833000,71.4,2,71.4,2,71.5,3,2,2022-09-20 10:12:50
1663668818436155000,71.4,2,71.2,3,71.4,1,2,2022-09-20 10:13:38
1663668839998122000,71.4,1,71.2,4,71.4,1,1,2022-09-20 10:13:59
1663668843235911000,71.3,1,71.2,4,71.4,1,1,2022-09-20 10:14:03
1663668878192129000,71.3,1,71.2,4,71.4,2,1,2022-09-20 10:14:38
1663668886590984000,71.2,1,71.2,4,71.4,2,2,2022-09-20 10:14:46
1663668945285528000,71.2,1,71.2,3,71.4,1,2,2022-09-20 10:15:45
1663668985686947000,71.2,3,71.1,2,71.4,1,2,2022-09-20 10:16:25
1663669030786218000,71.2,1,71.1,2,71.4,1,1,2022-09-20 10:17:10
1663669053344639000,71.1,1,71.1,2,71.4,2,2,2022-09-20 10:17:33
1663669111565283000,71.1,2,71.1,1,71.3,1,2,2022-09-20 10:18:31
1663669120760457000,71.1,1,71.0,2,71.3,2,2,2022-09-20 10:18:40
1663669155068645000,71.0,2,70.7,5,71.1,1,2,2022-09-20 10:19:15
1663669161496726000,71.0,2,70.7,13,71.1,1,1,2022-09-20 10:19:21
1663669185393676000,71.1,1,70.9,6,71.3,2,1,2022-09-20 10:19:45
1663669224322779000,71.0,1,71.0,4,71.3,2,2,2022-09-20 10:20:24
1663669248042975000,71.0,4,70.7,4,71.3,2,2,2022-09-20 10:20:48
1663669248042975000,70.7,1,70.7,4,71.3,2,2,2022-09-20 10:20:48
1663669262330393000,70.7,6,70.7,6,71.0,2,2,2022-09-20 10:21:02
1663669280962421000,70.8,1,70.8,2,71.0,3,2,2022-09-20 10:21:20
1663669302916120000,70.8,2,70.6,1,71.0,1,2,2022-09-20 10:21:42
1663669344391610000,70.7,1,70.7,8,70.9,1,2,2022-09-20 10:22:24
1663669344478675000,70.7,1,70.7,7,70.9,1,2,2022-09-20 10:22:24
1663669362363745000,70.7,1,70.7,6,70.9,2,2,2022-09-20 10:22:42
1663669371951811000,70.3,1,70.3,7,70.9,2,2,2022-09-20 10:22:51
1663669420408930000,70.4,1,70.4,7,70.9,2,2,2022-09-20 10:23:40
1663669473731324000,70.5,1,70.5,7,70.9,2,2,2022-09-20 10:24:33
1663669557980203000,70.5,7,70.2,2,70.5,22,2,2022-09-20 10:25:57
1663669586979033000,70.2,2,70.2,1,70.9,2,2,2022-09-20 10:26:26
1663669600841525000,70.9,2,70.2,6,71.3,1,1,2022-09-20 10:26:40
1663669600841525000,71.0,1,70.2,6,71.3,1,1,2022-09-20 10:26:40
1663669600841525000,71.2,1,70.2,6,71.3,1,1,2022-09-20 10:26:40
1663669600841525000,71.3,1,70.2,6,71.3,1,1,2022-09-20 10:26:40
1663669880777248000,71.2,1,70.6,2,71.2,1,1,2022-09-20 10:31:20
1663669911246615000,71.2,1,70.6,2,71.3,9,1,2022-09-20 10:31:51
1663669911246615000,71.3,1,70.6,2,71.3,9,1,2022-09-20 10:31:51
1663670211215233000,70.8,2,70.7,1,71.0,1,2,2022-09-20 10:36:51
1663670232225175000,70.7,1,70.7,3,71.0,1,2,2022-09-20 10:37:12
1663670241554105000,70.7,2,70.7,1,71.0,1,2,2022-09-20 10:37:21
1663670273379478000,70.7,1,70.6,7,71.0,1,2,2022-09-20 10:37:53
1663670273379478000,70.6,1,70.6,7,71.0,1,2,2022-09-20 10:37:53
1663670303865191000,70.6,1,70.6,8,71.0,1,2,2022-09-20 10:38:23
1663670335743495000,70.6,3,70.6,3,71.0,6,2,2022-09-20 10:38:55
1663670338839233000,70.6,2,70.6,1,71.0,6,2,2022-09-20 10:38:58
1663670347445880000,70.6,1,70.5,10,70.6,1,2,2022-09-20 10:39:07
1663670359882966000,70.5,1,70.5,9,70.6,2,2,2022-09-20 10:39:19
1663670368647530000,70.5,5,70.5,4,70.6,2,2,2022-09-20 10:39:28
1663670368677295000,70.5,2,70.5,2,70.6,2,2,2022-09-20 10:39:28
1663670397428624000,70.6,3,70.6,1,71.1,3,1,2022-09-20 10:39:57
1663670449062593000,70.6,1,70.6,1,71.1,3,2,2022-09-20 10:40:49
1663670603320877000,70.6,1,70.6,2,70.7,1,2,2022-09-20 10:43:23
1663670616597915000,70.6,2,70.5,2,70.7,1,2,2022-09-20 10:43:36
1663670643481580000,70.5,2,70.5,1,70.7,1,2,2022-09-20 10:44:03
1663670656298691000,70.5,1,70.4,3,70.7,1,2,2022-09-20 10:44:16
1663670678603012000,70.4,1,70.4,4,70.7,1,2,2022-09-20 10:44:38
1663670692044115000,70.4,1,70.4,3,70.5,1,2,2022-09-20 10:44:52
1663670730758359000,70.4,1,70.3,9,70.5,1,2,2022-09-20 10:45:30
1663670762681676000,70.3,1,70.3,11,70.4,4,2,2022-09-20 10:46:02
1663670784626730000,70.3,1,70.3,7,70.4,4,2,2022-09-20 10:46:24
1663670809744449000,70.3,1,70.3,6,70.4,4,2,2022-09-20 10:46:49
1663670845871890000,70.3,1,70.3,5,70.4,4,2,2022-09-20 10:47:25
1663670875394347000,70.3,1,70.3,4,70.4,4,2,2022-09-20 10:47:55
1663670879164915000,70.4,1,70.3,4,70.4,3,1,2022-09-20 10:47:59
1663670883767106000,70.4,1,70.3,4,70.4,2,1,2022-09-20 10:48:03
1663670900384889000,70.4,1,70.3,4,70.4,1,1,2022-09-20 10:48:20
1663670904640725000,70.4,1,70.3,4,70.5,1,1,2022-09-20 10:48:24
1663670930180075000,70.3,2,70.3,2,70.5,1,2,2022-09-20 10:48:50
1663670996784684000,70.4,1,70.3,7,70.5,1,2,2022-09-20 10:49:56
1663671052440501000,70.5,1,70.4,2,70.7,1,1,2022-09-20 10:50:52
1663671160469218000,70.6,1,70.5,5,70.7,1,2,2022-09-20 10:52:40
1663671181183948000,70.7,1,70.7,2,70.8,2,1,2022-09-20 10:53:01
1663671196850103000,70.7,1,70.7,1,70.8,2,2,2022-09-20 10:53:16
1663671212241991000,70.8,2,70.7,13,70.9,1,1,2022-09-20 10:53:32
1663671241897120000,70.9,1,70.9,3,71.0,2,1,2022-09-20 10:54:01
1663671254121616000,70.9,1,70.9,2,71.0,2,2,2022-09-20 10:54:14
1663671267371670000,70.9,1,70.9,2,71.0,1,2,2022-09-20 10:54:27
1663671295076093000,71.0,1,71.0,1,71.1,3,1,2022-09-20 10:54:55
1663671306261220000,71.0,1,70.9,2,71.1,3,2,2022-09-20 10:55:06
1663671318706702000,71.0,1,70.9,2,71.1,4,2,2022-09-20 10:55:18
1663671403583332000,71.0,1,70.9,5,71.1,4,1,2022-09-20 10:56:43
1663671450332064000,71.1,2,70.9,5,71.1,2,1,2022-09-20 10:57:30
1663671459099472000,71.1,1,71.0,1,71.1,1,1,2022-09-20 10:57:39
1663671464361095000,71.1,1,71.0,1,71.2,2,1,2022-09-20 10:57:44
1663671492469841000,71.1,1,71.0,1,71.1,1,2,2022-09-20 10:58:12
1663671496126709000,71.1,1,71.0,1,71.1,1,1,2022-09-20 10:58:16
1663671530666998000,71.1,1,71.2,2,71.3,8,1,2022-09-20 10:58:50
1663671530666998000,71.2,2,71.2,2,71.3,8,1,2022-09-20 10:58:50
1663671589936264000,71.2,1,71.2,1,71.3,8,2,2022-09-20 10:59:49
1663671589956980000,71.2,1,71.0,8,71.3,8,2,2022-09-20 10:59:49
1663671609927625000,71.1,1,71.0,4,71.3,8,2,2022-09-20 11:00:09
1663671609927625000,71.0,4,71.0,4,71.3,8,2,2022-09-20 11:00:09
1663671626246463000,71.0,1,71.0,3,71.3,8,2,2022-09-20 11:00:26
1663671645703233000,71.0,1,71.0,2,71.2,1,2,2022-09-20 11:00:45
1663671685783094000,71.0,2,70.9,3,71.2,1,2,2022-09-20 11:01:25
1663671688035239000,70.9,2,70.9,1,71.2,1,2,2022-09-20 11:01:28
1663671879122618000,70.9,5,70.9,7,71.0,3,2,2022-09-20 11:04:39
1663671888348197000,70.9,7,70.7,2,71.0,3,2,2022-09-20 11:04:48
1663671889335818000,70.7,1,70.7,1,70.9,1,2,2022-09-20 11:04:49
1663671912941569000,70.7,1,70.6,7,70.9,2,2,2022-09-20 11:05:12
1663671933584134000,70.7,1,70.7,1,70.9,2,2,2022-09-20 11:05:33
1663671933733067000,70.7,1,70.6,7,70.9,2,2,2022-09-20 11:05:33
1663671996794893000,70.6,2,70.5,7,70.7,2,2,2022-09-20 11:06:36
1663672016123426000,70.6,1,70.6,4,70.7,2,1,2022-09-20 11:06:56
1663672025600982000,70.6,2,70.6,2,70.7,2,2,2022-09-20 11:07:05
1663672026518350000,70.6,1,70.6,1,70.7,2,2,2022-09-20 11:07:06
1663672027852082000,70.6,1,70.5,7,70.7,2,2,2022-09-20 11:07:07
1663672061885023000,70.5,1,70.5,7,70.7,2,2,2022-09-20 11:07:41
1663672091715880000,70.5,1,70.5,7,70.7,2,2,2022-09-20 11:08:11
1663672180182300000,70.5,1,70.5,6,70.7,2,2,2022-09-20 11:09:40
1663672275817240000,70.6,1,70.5,7,70.6,1,1,2022-09-20 11:11:15
1663672374532200000,70.5,2,70.5,6,70.7,2,2,2022-09-20 11:12:54
1663672376203327000,70.5,1,70.5,5,70.7,2,2,2022-09-20 11:12:56
1663672399804638000,70.6,1,70.5,5,70.7,2,2,2022-09-20 11:13:19
1663672502614227000,70.7,1,70.6,7,70.7,1,1,2022-09-20 11:15:02
1663672531778483000,70.8,1,70.7,4,70.9,3,2,2022-09-20 11:15:31
1663672666368082000,70.9,5,70.8,1,71.0,8,1,2022-09-20 11:17:46
1663672750089581000,71.0,1,70.8,2,71.0,7,1,2022-09-20 11:19:10
1663672798660047000,71.0,1,70.8,8,71.0,6,1,2022-09-20 11:19:58
1663672804241303000,71.0,1,70.8,8,71.0,5,1,2022-09-20 11:20:04
1663672812659287000,71.0,5,70.8,8,71.0,2,1,2022-09-20 11:20:12
1663672824025933000,71.0,1,70.9,1,71.0,2,1,2022-09-20 11:20:24
1663672824094414000,71.0,2,71.0,4,71.1,2,1,2022-09-20 11:20:24
1663672827078182000,71.1,2,71.0,4,71.3,10,1,2022-09-20 11:20:27
1663672827078182000,71.2,2,71.0,4,71.3,10,1,2022-09-20 11:20:27
1663672827263475000,71.3,4,71.0,4,71.3,6,1,2022-09-20 11:20:27
1663672829369944000,71.0,1,71.0,3,71.3,6,2,2022-09-20 11:20:29
1663672917512928000,71.2,1,71.0,4,71.2,2,1,2022-09-20 11:21:57
1663672956253723000,71.2,1,71.0,4,71.2,2,1,2022-09-20 11:22:36
1663672973418116000,71.2,1,71.0,4,71.2,1,1,2022-09-20 11:22:53
1663672974407671000,71.2,1,71.0,4,71.3,7,1,2022-09-20 11:22:54
1663672976456032000,71.3,1,71.0,4,71.3,6,1,2022-09-20 11:22:56
1663672991225052000,71.3,1,71.2,1,71.3,6,1,2022-09-20 11:23:11
1663673015094561000,71.3,1,71.2,1,71.3,6,1,2022-09-20 11:23:35
1663673088071714000,71.1,1,71.0,4,71.3,7,2,2022-09-20 11:24:48
1663673117472752000,71.2,2,71.3,1,71.4,8,1,2022-09-20 11:25:17
1663673117472752000,71.3,7,71.3,1,71.4,8,1,2022-09-20 11:25:17
1663673138671860000,71.3,1,71.0,3,71.4,8,2,2022-09-20 11:25:38
1663673172886079000,71.2,1,71.1,2,71.2,1,2,2022-09-20 11:26:12
1663673193860141000,71.1,1,71.0,5,71.3,2,1,2022-09-20 11:26:33
1663673291828840000,71.1,1,71.0,3,71.3,5,2,2022-09-20 11:28:11
1663673318083664000,71.0,1,71.0,5,71.2,3,2,2022-09-20 11:28:38
1663673331380288000,71.1,1,71.0,5,71.2,3,1,2022-09-20 11:28:51
1663673378943303000,71.1,1,71.0,3,71.2,4,2,2022-09-20 11:29:38
1663673404606366000,71.0,3,71.0,1,71.1,3,2,2022-09-20 11:30:04
1663673408723323000,71.0,1,70.9,2,71.1,3,2,2022-09-20 11:30:08
1663673440780148000,70.9,1,70.9,7,71.1,3,2,2022-09-20 11:30:40
1663673447443687000,71.0,2,70.9,7,71.1,3,1,2022-09-20 11:30:47
1663673540272578000,71.0,1,70.9,7,71.1,3,1,2022-09-20 11:32:20
1663673574881875000,71.0,1,70.9,3,71.1,3,2,2022-09-20 11:32:54
1663673679206009000,71.1,3,70.9,8,71.2,4,1,2022-09-20 11:34:39
1663673690214576000,71.0,2,70.9,8,71.2,4,1,2022-09-20 11:34:50
1663673800043990000,71.1,1,70.9,8,71.2,4,1,2022-09-20 11:36:40
1663673925695195000,71.1,1,71.0,6,71.1,2,1,2022-09-20 11:38:45
1663673930588042000,71.1,1,71.0,6,71.1,1,1,2022-09-20 11:38:50
1663673932234332000,71.1,1,71.0,6,71.2,4,1,2022-09-20 11:38:52
1663673952136396000,71.2,4,71.0,11,71.3,4,1,2022-09-20 11:39:12
1663673986161129000,71.2,1,71.1,1,71.3,4,1,2022-09-20 11:39:46
1663674041255921000,71.2,1,71.1,1,71.3,10,2,2022-09-20 11:40:41
1663674044039270000,71.3,3,71.1,1,71.3,7,1,2022-09-20 11:40:44
1663674061338219000,71.3,2,71.2,1,71.3,5,1,2022-09-20 11:41:01
1663674063236563000,71.3,1,71.2,1,71.3,4,1,2022-09-20 11:41:03
1663674083090973000,71.3,1,71.2,1,71.3,3,1,2022-09-20 11:41:23
1663674091386017000,71.3,2,71.2,1,71.3,1,1,2022-09-20 11:41:31
1663674098133275000,71.3,1,71.1,1,71.3,1,1,2022-09-20 11:41:38
1663674102826332000,71.3,1,71.1,2,71.3,1,1,2022-09-20 11:41:42
1663674122105048000,71.2,1,71.1,3,71.3,1,1,2022-09-20 11:42:02
1663674223285958000,71.2,1,71.1,3,71.3,2,1,2022-09-20 11:43:43
1663674234925437000,71.2,1,71.1,4,71.3,2,2,2022-09-20 11:43:54
1663674254383422000,71.3,2,71.2,5,71.4,12,1,2022-09-20 11:44:14
1663674254584774000,71.2,1,71.2,4,71.4,12,2,2022-09-20 11:44:14
1663674256374764000,71.3,1,71.2,4,71.4,12,2,2022-09-20 11:44:16
1663674364540358000,71.3,3,71.5,2,71.6,4,1,2022-09-20 11:46:04
1663674364540358000,71.4,13,71.5,2,71.6,4,1,2022-09-20 11:46:04
1663674364540358000,71.5,12,71.5,2,71.6,4,1,2022-09-20 11:46:04
1663674404920507000,71.6,1,71.5,4,71.6,3,1,2022-09-20 11:46:44
1663674411321864000,71.6,1,71.5,4,71.6,2,1,2022-09-20 11:46:51
1663674416166030000,71.6,1,71.5,6,71.6,1,1,2022-09-20 11:46:56
1663674416241960000,71.6,1,71.5,6,71.8,2,1,2022-09-20 11:46:56
1663674416241960000,71.7,2,71.5,6,71.8,2,1,2022-09-20 11:46:56
1663674416241960000,71.8,2,71.5,6,71.8,2,1,2022-09-20 11:46:56
1663674430774417000,71.8,1,71.6,4,71.8,2,1,2022-09-20 11:47:10
1663674434299664000,71.8,1,71.7,3,71.8,1,1,2022-09-20 11:47:14
1663674435592542000,71.9,2,71.7,3,72.0,19,1,2022-09-20 11:47:15
1663674435592542000,72.0,3,71.7,3,72.0,19,1,2022-09-20 11:47:15
1663674436038898000,72.0,5,71.7,3,72.0,14,1,2022-09-20 11:47:16
1663674436061814000,72.0,14,71.7,3,72.1,3,1,2022-09-20 11:47:16
1663674438885741000,72.1,3,71.7,3,72.1,1,1,2022-09-20 11:47:18
1663674448237898000,72.2,1,71.7,3,72.2,2,1,2022-09-20 11:47:28
1663674467586804000,72.2,1,72.0,5,72.2,1,1,2022-09-20 11:47:47
1663674467814981000,72.2,1,72.0,5,72.3,2,1,2022-09-20 11:47:47
1663674486853635000,72.3,2,72.2,1,72.4,4,1,2022-09-20 11:48:06
1663674490829250000,72.4,1,72.3,1,72.4,4,1,2022-09-20 11:48:10
1663674492983234000,72.3,1,72.1,2,72.4,4,2,2022-09-20 11:48:12
1663674500168176000,72.4,3,72.1,2,72.4,1,1,2022-09-20 11:48:20
1663674501407789000,72.4,1,72.1,2,72.5,12,1,2022-09-20 11:48:21
1663674504651906000,72.5,1,72.1,4,72.5,11,1,2022-09-20 11:48:24
1663674504920532000,72.5,1,72.1,8,72.5,10,1,2022-09-20 11:48:24
1663674507626128000,72.5,10,72.1,8,72.6,5,1,2022-09-20 11:48:27
1663674508894060000,72.5,1,72.1,8,72.6,5,2,2022-09-20 11:48:28
1663674508894060000,72.2,1,72.1,8,72.6,5,2,2022-09-20 11:48:28
1663674511860977000,72.5,1,72.1,9,72.6,5,1,2022-09-20 11:48:31
1663674518297175000,72.5,2,72.1,9,72.6,7,1,2022-09-20 11:48:38
1663674518297175000,72.6,2,72.1,9,72.6,7,1,2022-09-20 11:48:38
1663674522218216000,72.5,1,72.5,1,72.6,7,1,2022-09-20 11:48:42
1663674522453322000,72.5,1,72.1,9,72.6,7,2,2022-09-20 11:48:42
1663674523418860000,72.6,1,72.1,9,72.6,6,1,2022-09-20 11:48:43
1663674529760246000,72.4,1,72.1,9,72.6,6,1,2022-09-20 11:48:49
1663674537178932000,72.3,1,72.3,1,72.4,2,2,2022-09-20 11:48:57
1663674539399692000,72.4,2,72.3,1,72.6,7,1,2022-09-20 11:48:59
1663674539792776000,72.3,1,72.2,1,72.6,7,2,2022-09-20 11:48:59
1663674555459993000,72.6,7,72.2,9,72.7,8,1,2022-09-20 11:49:15
1663674555459993000,72.7,13,72.2,9,72.7,8,1,2022-09-20 11:49:15
1663674555502828000,72.7,1,72.2,9,72.7,7,1,2022-09-20 11:49:15
1663674560828143000,72.7,2,72.2,10,72.7,5,1,2022-09-20 11:49:20
1663674570418896000,72.4,1,72.3,11,72.7,11,2,2022-09-20 11:49:30
1663674585270887000,72.7,1,72.3,10,72.7,10,1,2022-09-20 11:49:45
1663674591427093000,72.5,2,72.4,2,72.6,2,1,2022-09-20 11:49:51
1663674595337046000,72.4,1,72.4,1,72.6,3,2,2022-09-20 11:49:55
1663674598205959000,72.4,1,72.1,24,72.6,4,2,2022-09-20 11:49:58
1663674598205959000,72.2,1,72.1,24,72.6,4,2,2022-09-20 11:49:58
1663674658558312000,72.3,1,72.3,5,72.5,2,2,2022-09-20 11:50:58
1663674661251271000,72.3,1,72.3,4,72.5,2,2,2022-09-20 11:51:01
1663674688267668000,72.4,1,72.4,1,72.5,3,2,2022-09-20 11:51:28
1663674698391742000,72.4,1,72.3,4,72.5,3,2,2022-09-20 11:51:38
1663674709191818000,72.5,2,72.3,4,72.5,1,1,2022-09-20 11:51:49
1663674715160742000,72.3,1,72.3,3,72.5,2,2,2022-09-20 11:51:55
1663674733442145000,72.6,1,72.3,3,72.6,3,1,2022-09-20 11:52:13
1663674743016636000,72.6,1,72.4,2,72.6,3,1,2022-09-20 11:52:23
1663674752150475000,72.6,1,72.4,8,72.6,2,1,2022-09-20 11:52:32
1663674769678296000,72.6,1,72.4,8,72.6,2,1,2022-09-20 11:52:49
1663674783671820000,72.6,1,72.5,1,72.6,3,1,2022-09-20 11:53:03
1663674787630884000,72.6,1,72.5,1,72.6,2,1,2022-09-20 11:53:07
1663674787823608000,72.6,2,72.5,1,72.7,11,1,2022-09-20 11:53:07
1663674789936095000,72.7,2,72.6,4,72.7,11,1,2022-09-20 11:53:09
1663674794639800000,72.7,3,72.6,4,72.7,6,1,2022-09-20 11:53:14
1663674799863741000,72.7,1,72.6,4,72.7,5,1,2022-09-20 11:53:19
1663674801645675000,72.6,2,72.6,2,72.7,5,2,2022-09-20 11:53:21
1663674810566170000,72.7,1,72.6,2,72.7,4,1,2022-09-20 11:53:30
1663674812661501000,72.7,1,72.6,3,72.7,3,1,2022-09-20 11:53:32
1663674835483946000,72.7,2,72.6,3,72.7,4,1,2022-09-20 11:53:55
1663674843685341000,72.7,1,72.6,2,72.7,5,1,2022-09-20 11:54:03
1663674863940761000,72.7,2,72.6,2,72.7,3,1,2022-09-20 11:54:23
1663674867768884000,72.7,2,72.6,2,72.7,1,1,2022-09-20 11:54:27
1663674869913666000,72.7,1,72.6,2,72.8,13,1,2022-09-20 11:54:29
1663674872175759000,72.6,1,72.6,1,72.8,13,2,2022-09-20 11:54:32
1663674874430899000,72.6,1,72.5,2,72.6,1,2,2022-09-20 11:54:34
1663674876451607000,72.6,1,72.5,2,72.8,13,1,2022-09-20 11:54:36
1663674877075463000,72.8,2,72.5,2,72.8,11,1,2022-09-20 11:54:37
1663674886343181000,72.8,1,72.7,1,72.8,10,1,2022-09-20 11:54:46
1663674888109550000,72.8,1,72.7,1,72.8,9,1,2022-09-20 11:54:48
1663674892140678000,72.8,5,72.7,1,72.8,4,1,2022-09-20 11:54:52
1663674895674932000,72.8,1,72.7,1,72.8,3,1,2022-09-20 11:54:55
1663674895798631000,72.8,3,72.8,7,72.9,2,1,2022-09-20 11:54:55
1663674896687765000,72.8,2,72.8,7,72.9,2,2,2022-09-20 11:54:56
1663674909163754000,72.9,1,72.8,9,72.9,2,1,2022-09-20 11:55:09
1663674912215267000,72.9,2,72.9,3,73.0,13,1,2022-09-20 11:55:12
1663674914649950000,73.0,1,72.9,3,73.0,12,1,2022-09-20 11:55:14
1663674920061901000,73.0,2,72.9,3,73.0,10,1,2022-09-20 11:55:20
1663674921016345000,73.0,10,72.9,3,73.2,2,1,2022-09-20 11:55:21
1663674929561241000,73.0,2,73.0,14,73.2,3,2,2022-09-20 11:55:29
1663674929976837000,73.0,14,72.9,3,73.0,3,2,2022-09-20 11:55:29
1663674932556238000,72.9,3,72.8,6,73.0,5,2,2022-09-20 11:55:32
1663674932556238000,72.8,3,72.8,6,73.0,5,2,2022-09-20 11:55:32
1663674933013691000,72.8,2,72.8,4,73.0,5,2,2022-09-20 11:55:33
1663674933965124000,72.8,3,72.8,1,72.9,1,2,2022-09-20 11:55:33
1663674933994342000,72.8,1,72.5,1,72.9,1,2,2022-09-20 11:55:33
1663674934778088000,72.9,4,72.9,1,73.0,5,1,2022-09-20 11:55:34
1663674938364333000,73.0,1,72.9,7,73.0,5,1,2022-09-20 11:55:38
1663674939295750000,72.9,2,72.9,5,73.0,5,2,2022-09-20 11:55:39
1663674939630688000,72.9,1,72.9,4,73.0,5,2,2022-09-20 11:55:39
1663674941983817000,72.9,1,72.9,3,73.0,4,2,2022-09-20 11:55:41
1663674942366155000,72.9,1,72.9,2,73.0,4,2,2022-09-20 11:55:42
1663674942600112000,72.9,1,72.9,1,73.0,4,2,2022-09-20 11:55:42
1663674942761477000,72.9,1,72.5,6,72.9,16,2,2022-09-20 11:55:42
1663674948294208000,72.7,1,72.6,1,72.9,21,2,2022-09-20 11:55:48
1663674948385230000,72.9,1,72.7,1,72.9,21,1,2022-09-20 11:55:48
1663674948763500000,72.6,1,72.5,1,72.9,20,2,2022-09-20 11:55:48
1663674949326783000,72.5,1,72.4,2,72.9,20,2,2022-09-20 11:55:49
1663674963745817000,72.7,1,72.4,1,72.8,5,2,2022-09-20 11:56:03
1663674969730468000,72.7,3,72.4,3,72.9,20,1,2022-09-20 11:56:09
1663674969730468000,72.8,7,72.4,3,72.9,20,1,2022-09-20 11:56:09
1663674974840204000,72.9,2,72.4,3,72.9,18,1,2022-09-20 11:56:14
1663674976838118000,72.9,1,72.4,3,72.9,17,1,2022-09-20 11:56:16
1663674979577370000,72.9,1,72.5,1,72.9,16,1,2022-09-20 11:56:19
1663674999538832000,72.8,3,72.5,2,72.8,2,1,2022-09-20 11:56:39
1663675000798403000,72.8,2,72.8,3,72.9,16,1,2022-09-20 11:56:40
1663675006205395000,72.8,2,72.8,1,72.9,16,2,2022-09-20 11:56:46
1663675007338544000,72.8,1,72.5,2,72.8,3,2,2022-09-20 11:56:47
1663675075639548000,72.7,4,72.6,4,72.7,1,1,2022-09-20 11:57:55
1663675080108345000,72.7,1,72.6,4,72.7,1,1,2022-09-20 11:58:00
1663675085132043000,72.7,1,72.6,4,72.7,1,1,2022-09-20 11:58:05
1663675114689940000,72.7,1,72.6,4,72.7,2,1,2022-09-20 11:58:34
1663675133182477000,72.7,1,72.6,4,72.7,2,1,2022-09-20 11:58:53
1663675140937338000,72.7,1,72.6,4,72.7,1,1,2022-09-20 11:59:00
1663675142274076000,72.7,1,72.7,2,72.8,7,1,2022-09-20 11:59:02
1663675148637833000,72.7,1,72.7,1,72.8,7,2,2022-09-20 11:59:08
1663675150981100000,72.7,2,72.6,192,72.8,8,2,2022-09-20 11:59:10
1663675159131043000,72.7,4,72.6,4,72.7,13,2,2022-09-20 11:59:19
1663675173675655000,72.6,4,72.5,4,72.6,6,2,2022-09-20 11:59:33
1663675181887645000,72.5,1,72.5,3,72.6,8,2,2022-09-20 11:59:41
1663675185819452000,72.5,3,72.4,2,72.6,9,2,2022-09-20 11:59:45
1663675199210089000,72.4,1,72.3,3,72.6,11,2,2022-09-20 11:59:59
1663675247873875000,72.3,2,72.3,1,72.4,4,2,2022-09-20 12:00:47
1663675251305051000,72.3,1,72.2,3,72.4,3,2,2022-09-20 12:00:51
1663675257940045000,72.3,1,72.3,1,72.4,3,2,2022-09-20 12:00:57
1663675268768117000,72.4,1,72.2,3,72.4,3,1,2022-09-20 12:01:08
1663675272065151000,72.3,1,72.2,3,72.3,2,1,2022-09-20 12:01:12
1663675276099502000,72.2,1,72.2,2,72.4,3,2,2022-09-20 12:01:16
1663675277405914000,72.2,2,72.1,2,72.2,6,2,2022-09-20 12:01:17
1663675291328567000,72.2,3,72.1,4,72.2,6,1,2022-09-20 12:01:31
1663675315529259000,72.2,2,72.1,4,72.2,5,1,2022-09-20 12:01:55
1663675328458796000,72.2,1,72.1,4,72.2,4,1,2022-09-20 12:02:08
1663675335564007000,72.2,1,72.1,5,72.2,3,1,2022-09-20 12:02:15
1663675344279409000,72.2,3,72.1,5,72.4,3,1,2022-09-20 12:02:24
1663675346821173000,72.2,2,72.2,2,72.4,3,1,2022-09-20 12:02:26
1663675356211142000,72.3,1,72.2,2,72.4,3,1,2022-09-20 12:02:36
1663675395730385000,72.4,3,72.3,1,72.5,4,1,2022-09-20 12:03:15
1663675403112360000,72.3,1,72.3,2,72.5,4,2,2022-09-20 12:03:23
1663675426831182000,72.3,1,72.3,2,72.7,4,2,2022-09-20 12:03:46
1663675465984692000,72.5,1,72.4,2,72.7,4,2,2022-09-20 12:04:25
1663675480314926000,72.7,3,72.5,1,72.7,1,1,2022-09-20 12:04:40
1663675497078895000,72.7,1,72.5,1,72.8,4,1,2022-09-20 12:04:57
1663675503677010000,72.8,1,72.4,2,72.8,3,1,2022-09-20 12:05:03
1663675516309243000,72.8,1,72.5,1,72.8,3,1,2022-09-20 12:05:16
1663675516398752000,72.8,1,72.5,1,72.8,2,1,2022-09-20 12:05:16
1663675525603698000,72.8,1,72.5,501,72.8,1,1,2022-09-20 12:05:25
1663675610946869000,72.7,1,72.7,1,72.9,2,2,2022-09-20 12:06:50
1663675649538580000,72.8,1,72.6,2,72.9,2,2,2022-09-20 12:07:29
1663675649538580000,72.7,2,72.6,2,72.9,2,2,2022-09-20 12:07:29
1663675649538580000,72.6,1,72.6,2,72.9,2,2,2022-09-20 12:07:29
1663675668478881000,72.6,6,72.5,2,72.8,2,2,2022-09-20 12:07:48
1663675682251574000,72.6,1,72.5,1,72.8,4,2,2022-09-20 12:08:02
1663675697027114000,72.5,1,72.4,1,72.8,5,2,2022-09-20 12:08:17
1663675796659390000,72.4,1,72.3,3,72.5,3,2,2022-09-20 12:09:56
1663675824059676000,72.3,1,72.3,2,72.5,3,2,2022-09-20 12:10:24
1663675825724463000,72.3,2,72.2,1,72.5,4,2,2022-09-20 12:10:25
1663675847043978000,72.2,1,72.1,1,72.4,3,2,2022-09-20 12:10:47
1663675862291366000,72.1,1,72.0,6,72.4,4,2,2022-09-20 12:11:02
1663675862291366000,72.0,1,72.0,6,72.4,4,2,2022-09-20 12:11:02
1663675870119661000,72.0,6,71.9,2,72.4,4,2,2022-09-20 12:11:10
1663675870119661000,71.9,2,71.9,2,72.4,4,2,2022-09-20 12:11:10
1663675870404481000,71.9,2,71.9,2,72.4,3,2,2022-09-20 12:11:10
1663675883554037000,71.8,8,71.8,18,72.3,1,2,2022-09-20 12:11:23
1663675887249833000,71.8,8,71.8,2,72.3,1,2,2022-09-20 12:11:27
1663675889531718000,71.8,1,71.8,1,72.4,2,2,2022-09-20 12:11:29
1663675892088051000,71.8,1,71.7,2,72.4,2,2,2022-09-20 12:11:32
1663675904634765000,71.7,1,71.7,2,72.4,1,2,2022-09-20 12:11:44
1663675912368143000,71.7,1,71.7,1,71.9,1,2,2022-09-20 12:11:52
1663675929576480000,71.7,1,71.6,4,71.9,1,2,2022-09-20 12:12:09
1663675972059866000,71.9,1,71.7,2,72.4,1,1,2022-09-20 12:12:52
1663676000223464000,71.8,1,71.7,1,72.4,1,2,2022-09-20 12:13:20
1663676000223464000,71.7,1,71.7,1,72.4,1,2,2022-09-20 12:13:20
1663676058403834000,71.7,1,71.6,3,72.4,1,2,2022-09-20 12:14:18
1663676153391467000,72.4,3,71.8,1,72.5,2,1,2022-09-20 12:15:53
1663676153391467000,72.5,2,71.8,1,72.5,2,1,2022-09-20 12:15:53
1663676254674830000,72.4,1,72.0,3,72.5,3,1,2022-09-20 12:17:34
1663676297739212000,72.5,1,72.0,3,72.5,2,1,2022-09-20 12:18:17
1663676401571199000,72.5,1,72.4,2,72.5,1,1,2022-09-20 12:20:01
1663676407133527000,72.4,1,72.4,1,72.5,1,2,2022-09-20 12:20:07
1663676419423880000,72.5,2,72.4,3,72.6,3,1,2022-09-20 12:20:19
1663676436133227000,72.5,1,72.4,3,72.6,3,2,2022-09-20 12:20:36
1663676531181234000,72.6,3,72.4,3,72.7,9,1,2022-09-20 12:22:11
1663676561132624000,72.6,1,72.6,1,72.7,9,2,2022-09-20 12:22:41
1663676572458551000,72.7,1,72.4,3,72.7,8,1,2022-09-20 12:22:52
1663676579148623000,72.7,1,72.4,3,72.7,7,1,2022-09-20 12:22:59
1663676584846691000,72.7,1,72.4,3,72.7,6,1,2022-09-20 12:23:04
1663676586852412000,72.7,4,72.4,3,72.7,2,1,2022-09-20 12:23:06
1663676606356057000,72.7,2,72.5,1,72.9,3,1,2022-09-20 12:23:26
1663676606356057000,72.8,13,72.5,1,72.9,3,1,2022-09-20 12:23:26
1663676625133085000,72.9,1,72.8,1,72.9,2,1,2022-09-20 12:23:45
1663676627209372000,72.9,1,72.8,1,72.9,1,1,2022-09-20 12:23:47
1663676629124376000,72.9,1,72.9,1,73.0,23,1,2022-09-20 12:23:49
1663676630918728000,73.0,1,72.9,1,73.0,22,1,2022-09-20 12:23:50
1663676640349856000,73.0,1,72.9,1,73.0,20,1,2022-09-20 12:24:00
1663676643454675000,73.0,3,72.9,1,73.0,17,1,2022-09-20 12:24:03
1663676651576941000,73.0,10,72.9,1,73.0,7,1,2022-09-20 12:24:11
1663676653558091000,73.0,7,72.9,2,73.2,3,1,2022-09-20 12:24:13
1663676653558091000,73.1,1,72.9,2,73.2,3,1,2022-09-20 12:24:13
1663676661272022000,73.2,1,73.0,5,73.2,2,1,2022-09-20 12:24:21
1663676662772760000,73.2,2,73.0,5,73.3,16,1,2022-09-20 12:24:22
1663676662772760000,73.3,1,73.0,5,73.3,16,1,2022-09-20 12:24:22
1663676666508278000,73.3,10,73.0,1,73.3,6,1,2022-09-20 12:24:26
1663676667480760000,73.3,1,73.0,1,73.3,5,1,2022-09-20 12:24:27
1663676668199439000,73.2,1,73.0,1,73.2,1,1,2022-09-20 12:24:28
1663676682024861000,73.2,1,73.0,3,73.2,4,1,2022-09-20 12:24:42
1663676683825658000,73.2,2,73.0,3,73.2,2,1,2022-09-20 12:24:43
1663676684066031000,73.0,3,72.9,2,73.0,7,2,2022-09-20 12:24:44
1663676690408204000,73.0,2,72.9,2,73.0,5,1,2022-09-20 12:24:50
1663676690715567000,73.0,5,72.9,2,73.2,2,1,2022-09-20 12:24:50
1663676718405888000,73.0,1,72.9,2,73.1,1,1,2022-09-20 12:25:18
1663676725314257000,73.0,1,72.9,2,73.1,1,1,2022-09-20 12:25:25
1663676745797070000,72.9,2,72.8,1,73.0,3,2,2022-09-20 12:25:45
1663676783337601000,72.8,1,72.5,3,73.0,3,2,2022-09-20 12:26:23
1663676783337601000,72.7,1,72.5,3,73.0,3,2,2022-09-20 12:26:23
1663676783337601000,72.6,5,72.5,3,73.0,3,2,2022-09-20 12:26:23
1663676860674935000,72.8,1,72.5,3,72.9,1,1,2022-09-20 12:27:40
1663676874462239000,72.8,1,72.5,3,72.9,1,1,2022-09-20 12:27:54
1663676884904221000,72.8,1,72.5,3,72.9,2,1,2022-09-20 12:28:04
1663676888990652000,72.5,1,72.5,2,72.9,2,2,2022-09-20 12:28:08
1663676926298007000,72.6,1,72.6,1,72.8,2,2,2022-09-20 12:28:46
1663676926298517000,72.6,1,72.5,3,72.8,2,2,2022-09-20 12:28:46
1663676951919745000,72.6,1,72.5,3,72.8,2,2,2022-09-20 12:29:11
1663676974159506000,72.6,1,72.5,3,72.8,3,2,2022-09-20 12:29:34
1663676981140097000,72.5,3,72.5,1,72.8,3,2,2022-09-20 12:29:41
1663676985681130000,72.5,1,72.4,3,72.8,3,2,2022-09-20 12:29:45
1663676993847856000,72.4,3,72.2,3,72.4,1,2,2022-09-20 12:29:53
1663677046907801000,72.4,1,72.2,5,72.3,2,2,2022-09-20 12:30:46
1663677046907801000,72.3,1,72.2,5,72.3,2,2,2022-09-20 12:30:46
1663677059084041000,72.2,6,72.1,2,72.3,8,2,2022-09-20 12:30:59
1663677102380385000,72.1,1,72.0,2,72.3,8,2,2022-09-20 12:31:42
1663677125908850000,72.0,2,71.9,2,72.3,8,2,2022-09-20 12:32:05
1663677181381288000,72.1,2,71.9,2,72.3,6,2,2022-09-20 12:33:01
1663677216579079000,72.0,1,71.9,2,72.2,1,2,2022-09-20 12:33:36
1663677276502978000,71.9,1,71.9,3,72.2,1,2,2022-09-20 12:34:36
1663677286359726000,71.9,3,71.7,2,72.2,1,2,2022-09-20 12:34:46
1663677290871024000,71.7,1,71.7,3,72.2,1,2,2022-09-20 12:34:50
1663677304142067000,71.7,3,71.5,8,72.2,1,2,2022-09-20 12:35:04
1663677304142067000,71.6,5,71.5,8,72.2,1,2,2022-09-20 12:35:04
1663677304142067000,71.5,2,71.5,8,72.2,1,2,2022-09-20 12:35:04
1663677310341816000,71.5,8,71.3,29,72.2,1,2,2022-09-20 12:35:10
1663677310341816000,71.3,4,71.3,29,72.2,1,2,2022-09-20 12:35:10
1663677343826430000,72.1,1,71.2,2,72.2,1,2,2022-09-20 12:35:43
1663677347271298000,72.2,1,71.3,2,72.3,6,1,2022-09-20 12:35:47
1663677381630792000,72.2,1,71.5,3,72.3,6,1,2022-09-20 12:36:21
1663677410317138000,72.2,1,71.9,1,72.3,6,1,2022-09-20 12:36:50
1663677421892857000,72.1,1,71.7,1,72.3,6,2,2022-09-20 12:37:01
1663677460497873000,71.7,1,71.6,1,72.5,2,2,2022-09-20 12:37:40
1663677460497873000,71.6,1,71.6,1,72.5,2,2,2022-09-20 12:37:40
1663677589708257000,72.0,1,71.8,2,72.4,1,1,2022-09-20 12:39:49
1663677626503679000,71.9,1,71.8,3,72.4,1,2,2022-09-20 12:40:26
1663677804178767000,72.0,1,71.8,2,72.3,1,2,2022-09-20 12:43:24
1663677813608841000,71.8,1,71.8,1,72.3,1,2,2022-09-20 12:43:33
1663677838161061000,71.8,2,71.7,2,71.8,8,2,2022-09-20 12:43:58
1663677857751111000,71.8,5,71.7,2,71.8,3,1,2022-09-20 12:44:17
1663677881462834000,71.8,1,71.7,2,71.8,2,1,2022-09-20 12:44:41
1663677894833971000,71.8,2,71.7,2,72.3,1,1,2022-09-20 12:44:54
1663677908492358000,71.7,1,71.7,1,72.3,1,2,2022-09-20 12:45:08
1663678074180214000,71.8,1,71.8,2,72.0,1,2,2022-09-20 12:47:54
1663678094684175000,72.0,1,71.8,3,72.3,1,1,2022-09-20 12:48:14
1663678193735842000,72.3,1,72.0,4,72.3,1,1,2022-09-20 12:49:53
1663678238779158000,72.0,1,72.0,3,72.2,1,2,2022-09-20 12:50:38
1663678368591423000,72.1,3,72.0,4,72.2,1,1,2022-09-20 12:52:48
1663678465393252000,72.2,1,72.1,1,72.3,1,1,2022-09-20 12:54:25
1663678536707286000,72.3,1,72.1,1,72.4,1,1,2022-09-20 12:55:36
1663678620612201000,72.3,1,72.1,1,72.4,1,1,2022-09-20 12:57:00
1663678652658684000,72.4,1,72.1,1,72.4,1,1,2022-09-20 12:57:32
1663678654427920000,72.4,1,72.1,1,72.5,4,1,2022-09-20 12:57:34
1663678697087071000,72.5,4,72.1,2,72.6,13,1,2022-09-20 12:58:17
1663678745096536000,72.6,7,72.1,2,72.6,6,1,2022-09-20 12:59:05
1663678764624976000,72.5,2,72.1,2,72.6,6,1,2022-09-20 12:59:24
1663678802240193000,72.5,2,72.2,1,72.5,1,1,2022-09-20 13:00:02
1663678810027467000,72.5,1,72.2,1,72.6,6,1,2022-09-20 13:00:10
1663678810613415000,72.5,1,72.2,1,72.6,6,2,2022-09-20 13:00:10
1663678816957776000,72.5,1,72.2,1,72.5,1,1,2022-09-20 13:00:16
1663678825624028000,72.5,1,72.2,1,72.5,1,1,2022-09-20 13:00:25
1663678858925236000,72.5,1,72.3,2,72.5,1,1,2022-09-20 13:00:58
1663678873589114000,72.5,1,72.3,2,72.6,6,1,2022-09-20 13:01:13
1663678924358179000,72.3,2,72.1,2,72.5,1,2,2022-09-20 13:02:04
1663678924358179000,72.2,2,72.1,2,72.5,1,2,2022-09-20 13:02:04
1663678938513955000,72.1,2,72.0,3,72.1,3,2,2022-09-20 13:02:18
1663678956102745000,72.0,3,71.9,3,72.0,2,2,2022-09-20 13:02:36
1663678963687104000,71.9,1,71.9,2,72.0,2,2,2022-09-20 13:02:43
1663678973538835000,71.9,1,71.9,1,72.0,2,2,2022-09-20 13:02:53
1663678976745020000,71.9,1,71.8,3,71.9,2,2,2022-09-20 13:02:56
1663678983120526000,71.8,1,71.8,2,71.9,2,2,2022-09-20 13:03:03
1663678991149305000,71.8,2,71.7,4,71.9,2,2,2022-09-20 13:03:11
1663678997605126000,71.7,5,71.6,9,71.9,2,2,2022-09-20 13:03:17
1663678997605126000,71.6,1,71.6,9,71.9,2,2,2022-09-20 13:03:17
1663679016102394000,71.6,1,71.6,9,71.9,2,2,2022-09-20 13:03:36
1663679033307415000,71.6,3,71.6,6,71.9,2,2,2022-09-20 13:03:53
1663679110369098000,71.8,1,71.6,7,71.9,3,2,2022-09-20 13:05:10
1663679110817888000,71.9,2,71.6,7,71.9,1,1,2022-09-20 13:05:10
1663679125818949000,71.7,1,71.6,4,72.0,2,2,2022-09-20 13:05:25
1663679125818949000,71.6,4,71.6,4,72.0,2,2,2022-09-20 13:05:25
1663679126309700000,71.6,1,71.6,3,72.0,2,2,2022-09-20 13:05:26
1663679139190043000,72.0,2,71.9,4,72.3,1,1,2022-09-20 13:05:39
1663679185733673000,72.1,1,71.9,4,72.3,1,2,2022-09-20 13:06:25
1663679185733673000,72.0,1,71.9,4,72.3,1,2,2022-09-20 13:06:25
1663679201569804000,72.0,1,71.9,7,72.0,2,1,2022-09-20 13:06:41
1663679207288274000,71.9,1,71.9,2,72.0,2,2,2022-09-20 13:06:47
1663679232254491000,71.7,1,71.7,2,72.0,2,2,2022-09-20 13:07:12
1663679238102492000,71.7,2,71.6,5,71.7,1,2,2022-09-20 13:07:18
1663679241976154000,71.7,1,71.6,4,71.7,1,1,2022-09-20 13:07:21
1663679243233767000,71.6,1,71.6,3,72.0,2,2,2022-09-20 13:07:23
1663679246242191000,71.6,1,71.6,2,72.0,3,2,2022-09-20 13:07:26
1663679260835932000,71.7,2,71.7,3,72.0,3,2,2022-09-20 13:07:40
1663679265824320000,71.7,2,71.7,1,72.0,3,2,2022-09-20 13:07:45
1663679280459409000,71.7,1,71.6,2,72.0,5,2,2022-09-20 13:08:00
1663679371800906000,72.0,2,71.7,1,72.0,4,1,2022-09-20 13:09:31
1663679376311385000,72.0,1,71.7,2,72.0,3,1,2022-09-20 13:09:36
1663679448810030000,71.9,1,71.7,2,72.0,4,1,2022-09-20 13:10:48
1663679465809954000,71.7,1,71.7,2,72.0,4,2,2022-09-20 13:11:05
1663679493818861000,72.0,4,72.0,5,72.1,2,1,2022-09-20 13:11:33
1663679514973082000,72.1,1,72.0,6,72.1,2,1,2022-09-20 13:11:54
1663679519882679000,72.1,2,72.0,6,72.2,2,1,2022-09-20 13:11:59
1663679556558633000,72.1,1,72.0,6,72.2,2,2,2022-09-20 13:12:36
1663679597711390000,72.1,2,72.0,6,72.2,2,2,2022-09-20 13:13:17
1663679669105051000,72.0,2,72.0,11,72.1,2,2,2022-09-20 13:14:29
1663679674596571000,72.1,1,72.0,11,72.1,1,1,2022-09-20 13:14:34
1663679681764138000,72.1,1,72.0,11,72.2,2,2,2022-09-20 13:14:41
1663679718414913000,72.0,1,72.0,11,72.1,5,2,2022-09-20 13:15:18
1663679719602811000,72.0,1,72.0,10,72.1,4,2,2022-09-20 13:15:19
1663679726991325000,72.0,10,71.8,3,72.1,5,2,2022-09-20 13:15:26
1663679730082803000,71.8,2,71.8,1,72.1,5,2,2022-09-20 13:15:30
1663679748567310000,71.8,1,71.7,2,71.9,2,2,2022-09-20 13:15:48
1663679776737627000,71.8,1,71.8,5,71.9,2,2,2022-09-20 13:16:16
1663679788267357000,71.8,4,71.8,1,71.9,2,2,2022-09-20 13:16:28
1663679788476716000,71.8,1,71.7,2,71.9,2,2,2022-09-20 13:16:28
1663679802548887000,71.8,2,71.7,7,71.9,2,1,2022-09-20 13:16:42
1663679832199762000,71.9,1,71.8,1,71.9,1,1,2022-09-20 13:17:12
1663679857393316000,71.8,1,71.8,1,72.0,3,2,2022-09-20 13:17:37
1663679880593370000,71.9,1,71.8,1,71.9,1,2,2022-09-20 13:18:00
1663679887938648000,71.8,1,71.7,9,71.9,1,2,2022-09-20 13:18:07
1663679976834161000,71.8,1,71.7,19,71.9,12,2,2022-09-20 13:19:36
1663679987655259000,71.7,10,71.7,10,71.9,2,2,2022-09-20 13:19:47
1663679994299405000,71.7,10,71.6,7,72.0,6,2,2022-09-20 13:19:54
1663679995979788000,71.6,2,71.6,5,72.0,6,2,2022-09-20 13:19:55
1663680003913316000,71.6,5,71.5,11,71.9,2,2,2022-09-20 13:20:03
1663680004225482000,71.5,1,71.5,10,71.9,2,2,2022-09-20 13:20:04
1663680004234836000,71.5,2,71.5,8,71.9,2,2,2022-09-20 13:20:04
1663680004236856000,71.5,1,71.5,7,71.9,2,2,2022-09-20 13:20:04
1663680006067184000,71.5,1,71.5,6,71.9,2,2,2022-09-20 13:20:06
1663680017792050000,71.6,1,71.6,8,71.9,2,2,2022-09-20 13:20:17
1663680077448081000,71.8,2,71.7,1,71.9,2,1,2022-09-20 13:21:17
1663680085441173000,71.9,2,71.7,1,72.0,6,1,2022-09-20 13:21:25
1663680093314802000,71.9,1,71.7,1,72.0,6,2,2022-09-20 13:21:33
1663680093347005000,72.0,1,71.7,1,72.0,5,1,2022-09-20 13:21:33
1663680178246582000,71.8,1,71.7,11,71.9,2,2,2022-09-20 13:22:58
1663680207501113000,71.8,2,71.7,11,71.8,3,2,2022-09-20 13:23:27
1663680209029474000,71.8,1,71.7,11,71.8,2,1,2022-09-20 13:23:29
1663680218346640000,71.8,4,71.7,11,71.9,3,1,2022-09-20 13:23:38
1663680226674240000,71.7,1,71.7,11,71.9,3,2,2022-09-20 13:23:46
1663680234268946000,71.7,1,71.7,10,71.9,3,2,2022-09-20 13:23:54
1663680239581655000,71.7,1,71.7,11,71.9,3,2,2022-09-20 13:23:59
1663680246786103000,71.8,1,71.7,10,71.9,3,2,2022-09-20 13:24:06
1663680246786103000,71.7,1,71.7,10,71.9,3,2,2022-09-20 13:24:06
1663680260105532000,71.8,2,71.7,11,71.9,2,1,2022-09-20 13:24:20
1663680265604549000,71.9,2,71.7,11,72.0,5,1,2022-09-20 13:24:25
1663680266385404000,71.7,2,71.7,9,72.0,5,2,2022-09-20 13:24:26
1663680290090307000,72.0,2,71.8,1,72.0,7,1,2022-09-20 13:24:50
1663680299162626000,72.0,1,71.9,2,72.0,6,1,2022-09-20 13:24:59
1663680299880949000,71.9,1,71.9,1,72.0,6,2,2022-09-20 13:24:59
1663680600000000000,72.0,63,71.9,12,72.0,1,1,2022-09-20 13:30:00
1663680600000000000,72.0,63,71.9,12,72.0,1,1,2022-09-20 13:30:00
1663680600000000000,72.0,63,71.9,12,72.0,1,1,2022-09-20 13:30:00
1663680600000000000,72.0,63,71.9,12,72.0,1,1,2022-09-20 13:30:00
1663680600000000000,72.0,63,71.9,12,72.0,1,1,2022-09-20 13:30:00
