ts,close,volume,bid_price,bid_volume,ask_price,ask_volume,tick_type,datetime
1652950806182353000,16.0,2655,16.0,308,16.05,11,0,2022-05-19 09:00:06
1652950806224786000,16.05,11,16.0,308,16.1,27,1,2022-05-19 09:00:06
1652950806226350000,16.0,2,16.0,306,16.1,27,2,2022-05-19 09:00:06
1652950806250718000,16.0,1,16.0,305,16.1,27,2,2022-05-19 09:00:06
1652950806257821000,16.0,1,16.0,304,16.1,27,2,2022-05-19 09:00:06
1652950806277928000,16.05,1,16.0,304,16.05,2,1,2022-05-19 09:00:06
1652950806302546000,16.05,2,16.0,304,16.1,27,1,2022-05-19 09:00:06
1652950806305282000,16.0,2,16.0,302,16.1,39,2,2022-05-19 09:00:06
1652950806354052000,16.05,1,16.0,304,16.05,11,1,2022-05-19 09:00:06
1652950806386923000,16.0,25,16.0,279,16.05,11,2,2022-05-19 09:00:06
1652950806393783000,16.05,11,16.0,279,16.1,27,1,2022-05-19 09:00:06
1652950806465938000,16.0,1,16.0,278,16.1,27,2,2022-05-19 09:00:06
1652950806478261000,16.0,5,16.0,273,16.1,27,2,2022-05-19 09:00:06
1652950806597577000,16.0,10,16.0,263,16.1,27,2,2022-05-19 09:00:06
1652950806754655000,16.0,2,16.0,261,16.1,27,2,2022-05-19 09:00:06
1652950806763820000,16.0,6,16.0,255,16.1,27,2,2022-05-19 09:00:06
1652950806853887000,16.0,5,16.0,270,16.1,27,2,2022-05-19 09:00:06
1652950806863774000,16.0,6,16.0,264,16.1,27,2,2022-05-19 09:00:06
1652950806964321000,16.0,5,16.0,259,16.1,27,2,2022-05-19 09:00:06
1652950807168059000,16.05,1,16.0,255,16.1,27,2,2022-05-19 09:00:07
1652950807168059000,16.0,1,16.0,255,16.1,27,2,2022-05-19 09:00:07
1652950807197695000,16.1,27,16.0,255,16.15,8,1,2022-05-19 09:00:07
1652950807269801000,16.05,4,16.0,249,16.1,4,2,2022-05-19 09:00:07
1652950807269801000,16.0,6,16.0,249,16.1,4,2,2022-05-19 09:00:07
1652950807485807000,16.0,18,16.0,231,16.1,4,2,2022-05-19 09:00:07
1652950807535126000,16.0,6,16.0,225,16.1,4,2,2022-05-19 09:00:07
1652950807626471000,16.0,15,16.0,210,16.1,4,2,2022-05-19 09:00:07
1652950807715953000,16.1,2,16.0,210,16.1,2,1,2022-05-19 09:00:07
1652950807831932000,16.05,1,16.05,19,16.1,2,2,2022-05-19 09:00:07
1652950807853795000,16.1,2,16.1,4,16.15,8,1,2022-05-19 09:00:07
1652950807886754000,16.15,8,16.1,4,16.2,225,1,2022-05-19 09:00:07
1652950808037735000,16.1,1,16.1,15,16.2,225,2,2022-05-19 09:00:08
1652950808172727000,16.1,6,16.1,9,16.2,235,2,2022-05-19 09:00:08
1652950808271015000,16.15,1,16.1,12,16.15,2,1,2022-05-19 09:00:08
1652950808293320000,16.1,12,16.05,1,16.15,2,2,2022-05-19 09:00:08
1652950808293320000,16.05,18,16.05,1,16.15,2,2,2022-05-19 09:00:08
1652950808333245000,16.05,1,16.0,215,16.15,2,2,2022-05-19 09:00:08
1652950808333245000,16.0,5,16.0,215,16.15,2,2,2022-05-19 09:00:08
1652950808471414000,16.05,2,16.05,4,16.1,6,2,2022-05-19 09:00:08
1652950808522619000,16.05,2,16.05,2,16.1,6,2,2022-05-19 09:00:08
1652950808577258000,16.05,2,16.0,212,16.1,6,2,2022-05-19 09:00:08
1652950808577258000,16.0,3,16.0,212,16.1,6,2,2022-05-19 09:00:08
1652950808723741000,16.05,1,16.0,211,16.1,8,2,2022-05-19 09:00:08
1652950808723741000,16.0,1,16.0,211,16.1,8,2,2022-05-19 09:00:08
1652950808814955000,16.1,6,16.0,211,16.1,2,1,2022-05-19 09:00:08
1652950808840785000,16.0,1,16.0,210,16.1,2,2,2022-05-19 09:00:08
1652950808909358000,16.0,4,16.0,206,16.1,52,2,2022-05-19 09:00:08
1652950808992852000,16.1,1,16.0,206,16.1,51,1,2022-05-19 09:00:08
1652950809000954000,16.0,1,16.0,205,16.1,51,2,2022-05-19 09:00:09
1652950809062100000,16.0,1,16.0,204,16.1,51,2,2022-05-19 09:00:09
1652950809134476000,16.0,1,16.0,203,16.1,51,2,2022-05-19 09:00:09
1652950809279429000,16.05,1,16.05,19,16.1,51,2,2022-05-19 09:00:09
1652950809294178000,16.05,5,16.05,14,16.1,51,2,2022-05-19 09:00:09
1652950809430995000,16.05,1,16.05,13,16.1,51,2,2022-05-19 09:00:09
1652950809490280000,16.05,10,16.05,3,16.1,51,2,2022-05-19 09:00:09
1652950809531168000,16.05,3,16.0,205,16.1,51,2,2022-05-19 09:00:09
1652950809549756000,16.0,50,16.0,155,16.1,51,2,2022-05-19 09:00:09
1652950809581889000,16.0,1,16.0,154,16.1,51,2,2022-05-19 09:00:09
1652950809634371000,16.0,2,16.0,155,16.1,51,2,2022-05-19 09:00:09
1652950809692349000,16.0,2,16.0,153,16.1,51,2,2022-05-19 09:00:09
1652950809724998000,16.0,2,16.0,151,16.1,53,2,2022-05-19 09:00:09
1652950809888305000,16.05,1,16.0,181,16.1,53,2,2022-05-19 09:00:09
1652950810031936000,16.1,4,16.0,181,16.1,49,1,2022-05-19 09:00:10
1652950810081202000,16.0,2,16.0,179,16.1,49,2,2022-05-19 09:00:10
1652950810257462000,16.05,10,16.05,3,16.1,49,1,2022-05-19 09:00:10
1652950810291296000,16.05,3,16.0,192,16.05,2,2,2022-05-19 09:00:10
1652950810321501000,16.05,2,16.0,192,16.1,49,1,2022-05-19 09:00:10
1652950810526579000,16.0,2,16.0,194,16.1,49,2,2022-05-19 09:00:10
1652950810609937000,16.0,8,16.0,186,16.05,2,2,2022-05-19 09:00:10
1652950810631506000,16.0,1,16.0,185,16.05,12,2,2022-05-19 09:00:10
1652950810815209000,16.0,5,16.0,181,16.05,12,2,2022-05-19 09:00:10
1652950810816128000,16.0,1,16.0,180,16.05,12,2,2022-05-19 09:00:10
1652950811130213000,16.0,10,16.0,181,16.05,37,2,2022-05-19 09:00:11
1652950811136590000,16.05,5,16.0,181,16.05,32,1,2022-05-19 09:00:11
1652950811158453000,16.0,8,16.0,173,16.05,32,2,2022-05-19 09:00:11
1652950811367193000,16.0,5,16.0,169,16.05,32,2,2022-05-19 09:00:11
1652950811392542000,16.0,3,16.0,166,16.05,32,2,2022-05-19 09:00:11
1652950811568128000,16.05,1,16.0,188,16.05,31,1,2022-05-19 09:00:11
1652950811664971000,16.05,2,16.0,201,16.05,30,1,2022-05-19 09:00:11
1652950811851991000,16.0,6,16.0,197,16.05,30,2,2022-05-19 09:00:11
1652950811940562000,16.0,1,16.0,209,16.05,30,2,2022-05-19 09:00:11
1652950811956527000,16.0,10,16.0,199,16.05,30,2,2022-05-19 09:00:11
1652950812069967000,16.0,5,16.0,194,16.05,31,2,2022-05-19 09:00:12
1652950812116653000,16.0,10,16.0,185,16.05,31,2,2022-05-19 09:00:12
1652950812301064000,16.0,5,16.0,181,16.05,31,2,2022-05-19 09:00:12
1652950812360816000,16.05,1,16.0,183,16.05,30,1,2022-05-19 09:00:12
1652950812435808000,16.05,2,16.0,183,16.05,8,1,2022-05-19 09:00:12
1652950812492584000,16.05,1,16.0,184,16.05,17,1,2022-05-19 09:00:12
1652950812554294000,16.05,5,16.0,197,16.05,12,1,2022-05-19 09:00:12
1652950812676911000,16.0,150,16.0,62,16.05,12,2,2022-05-19 09:00:12
1652950812693519000,16.05,1,16.0,62,16.05,11,1,2022-05-19 09:00:12
1652950812704570000,16.05,2,16.0,62,16.05,9,1,2022-05-19 09:00:12
1652950812719062000,16.0,1,16.0,61,16.05,19,2,2022-05-19 09:00:12
1652950812752748000,16.0,4,16.0,57,16.05,24,2,2022-05-19 09:00:12
1652950812760931000,16.0,40,16.0,17,16.05,24,2,2022-05-19 09:00:12
1652950812785458000,16.0,17,15.95,26,16.05,24,2,2022-05-19 09:00:12
1652950812853839000,16.0,1,15.95,26,16.05,24,2,2022-05-19 09:00:12
1652950813029841000,16.05,1,16.0,27,16.05,28,1,2022-05-19 09:00:13
1652950813152140000,16.0,7,16.0,20,16.05,38,2,2022-05-19 09:00:13
1652950813165271000,16.0,2,16.0,18,16.05,38,2,2022-05-19 09:00:13
1652950813185507000,16.0,12,16.0,19,16.05,38,2,2022-05-19 09:00:13
1652950813314090000,16.0,5,16.0,14,16.05,38,2,2022-05-19 09:00:13
1652950813424462000,16.05,4,16.0,28,16.05,34,1,2022-05-19 09:00:13
1652950813431437000,16.0,3,16.0,25,16.05,34,2,2022-05-19 09:00:13
1652950813460718000,16.0,25,15.95,11,16.05,34,2,2022-05-19 09:00:13
1652950813460718000,15.95,15,15.95,11,16.05,34,2,2022-05-19 09:00:13
1652950813500472000,15.95,5,15.95,6,16.0,20,2,2022-05-19 09:00:13
1652950813532670000,15.95,5,15.95,1,16.0,20,2,2022-05-19 09:00:13
1652950813565282000,15.95,1,15.95,3,16.0,20,2,2022-05-19 09:00:13
1652950813574702000,15.95,1,15.95,6,16.0,20,2,2022-05-19 09:00:13
1652950813580911000,15.95,2,15.95,4,16.0,22,2,2022-05-19 09:00:13
1652950813589142000,16.0,1,15.95,4,16.0,21,1,2022-05-19 09:00:13
1652950813641387000,15.95,4,15.9,49,15.95,1,2,2022-05-19 09:00:13
1652950813814732000,15.9,5,15.9,44,15.95,1,2,2022-05-19 09:00:13
1652950814052486000,15.95,1,15.9,44,16.0,59,1,2022-05-19 09:00:14
1652950814052486000,16.0,9,15.9,44,16.0,59,1,2022-05-19 09:00:14
1652950814099007000,15.9,3,15.9,45,16.0,59,2,2022-05-19 09:00:14
1652950814164164000,15.9,2,15.9,43,16.0,59,2,2022-05-19 09:00:14
1652950814174706000,15.9,9,15.9,34,16.0,59,2,2022-05-19 09:00:14
1652950814203220000,16.0,5,15.9,34,16.0,54,1,2022-05-19 09:00:14
1652950814264205000,16.0,1,15.9,34,16.0,55,1,2022-05-19 09:00:14
1652950814268571000,15.9,5,15.9,29,16.0,55,2,2022-05-19 09:00:14
1652950814388997000,15.9,29,15.85,1,16.0,84,2,2022-05-19 09:00:14
1652950814388997000,15.85,34,15.85,1,16.0,84,2,2022-05-19 09:00:14
1652950814438057000,15.95,3,15.9,5,15.95,2,1,2022-05-19 09:00:14
1652950814457853000,15.9,4,15.9,1,15.95,2,2,2022-05-19 09:00:14
1652950814477186000,15.95,2,15.9,1,16.0,84,1,2022-05-19 09:00:14
1652950814521483000,16.0,1,15.9,1,16.0,83,1,2022-05-19 09:00:14
1652950814546562000,16.0,20,15.9,1,16.0,63,1,2022-05-19 09:00:14
1652950814673260000,15.9,1,15.8,61,15.95,5,2,2022-05-19 09:00:14
1652950814673260000,15.85,1,15.8,61,15.95,5,2,2022-05-19 09:00:14
1652950814837624000,15.8,6,15.8,55,15.85,5,2,2022-05-19 09:00:14
1652950815110515000,15.8,1,15.8,56,15.85,10,2,2022-05-19 09:00:15
1652950815111504000,15.85,3,15.8,56,15.85,7,1,2022-05-19 09:00:15
1652950815243077000,15.85,1,15.8,56,15.85,6,1,2022-05-19 09:00:15
1652950815258311000,15.85,4,15.8,56,15.85,2,1,2022-05-19 09:00:15
1652950815293812000,15.8,1,15.8,55,15.85,2,2,2022-05-19 09:00:15
1652950815316619000,15.85,2,15.8,55,15.9,4,1,2022-05-19 09:00:15
1652950815549544000,15.85,8,15.85,2,15.9,4,2,2022-05-19 09:00:15
1652950815579278000,15.85,2,15.85,6,15.9,4,2,2022-05-19 09:00:15
1652950815864127000,15.85,1,15.85,8,15.9,4,2,2022-05-19 09:00:15
1652950815897056000,15.85,6,15.85,2,15.9,4,2,2022-05-19 09:00:15
1652950815964961000,15.85,2,15.8,54,15.9,5,2,2022-05-19 09:00:15
1652950815975571000,15.9,2,15.8,54,15.9,3,1,2022-05-19 09:00:15
1652950816040390000,15.8,1,15.8,53,15.85,1,2,2022-05-19 09:00:16
1652950816215062000,15.85,1,15.8,53,15.9,3,1,2022-05-19 09:00:16
1652950816215555000,15.8,10,15.8,43,15.9,3,2,2022-05-19 09:00:16
1652950816254272000,15.9,3,15.8,43,15.95,16,1,2022-05-19 09:00:16
1652950816254272000,15.95,17,15.8,43,15.95,16,1,2022-05-19 09:00:16
1652950816419035000,15.85,1,15.85,4,15.9,5,2,2022-05-19 09:00:16
1652950816623889000,15.85,4,15.8,43,15.85,6,2,2022-05-19 09:00:16
1652950816632343000,15.8,1,15.8,42,15.85,6,2,2022-05-19 09:00:16
1652950816666918000,15.85,5,15.8,42,15.85,3,1,2022-05-19 09:00:16
1652950816778296000,15.85,1,15.8,42,15.85,2,1,2022-05-19 09:00:16
1652950816806997000,15.85,2,15.8,42,15.9,5,1,2022-05-19 09:00:16
1652950816848922000,15.9,3,15.8,42,15.9,2,1,2022-05-19 09:00:16
1652950816908223000,15.8,30,15.8,12,15.9,2,2,2022-05-19 09:00:16
1652950817059740000,15.8,10,15.8,2,15.9,2,2,2022-05-19 09:00:17
1652950817252541000,15.85,5,15.8,2,15.85,5,2,2022-05-19 09:00:17
1652950817288262000,15.85,5,15.85,8,15.9,2,1,2022-05-19 09:00:17
1652950817352753000,15.85,1,15.85,7,15.9,2,2,2022-05-19 09:00:17
1652950817353499000,15.9,1,15.85,7,15.9,1,1,2022-05-19 09:00:17
1652950817722339000,15.85,5,15.85,2,15.9,11,2,2022-05-19 09:00:17
1652950817763411000,15.85,2,15.8,2,15.9,11,2,2022-05-19 09:00:17
1652950817792079000,15.8,2,15.75,20,15.9,11,2,2022-05-19 09:00:17
1652950817792079000,15.75,1,15.75,20,15.9,11,2,2022-05-19 09:00:17
1652950817807294000,15.8,2,15.8,11,15.9,11,2,2022-05-19 09:00:17
1652950818150432000,15.8,1,15.8,22,15.85,1,2,2022-05-19 09:00:18
1652950818161745000,15.85,1,15.8,22,15.9,12,1,2022-05-19 09:00:18
1652950818368041000,15.9,10,15.8,22,15.9,5,1,2022-05-19 09:00:18
1652950818606946000,15.8,1,15.8,31,15.9,6,2,2022-05-19 09:00:18
1652950819099216000,15.85,3,15.8,44,15.95,19,1,2022-05-19 09:00:19
1652950819099216000,15.9,7,15.8,44,15.95,19,1,2022-05-19 09:00:19
1652950819145152000,15.85,1,15.85,3,15.9,4,2,2022-05-19 09:00:19
1652950819306124000,15.9,4,15.9,6,15.95,19,1,2022-05-19 09:00:19
1652950819328854000,15.9,1,15.9,5,15.95,19,2,2022-05-19 09:00:19
1652950819375660000,15.9,5,15.85,14,15.9,5,2,2022-05-19 09:00:19
1652950819544397000,15.9,1,15.85,24,15.9,4,1,2022-05-19 09:00:19
1652950819674693000,15.85,1,15.85,23,15.9,4,2,2022-05-19 09:00:19
1652950819682835000,15.9,4,15.85,23,15.95,3,1,2022-05-19 09:00:19
1652950819682835000,15.95,16,15.85,23,15.95,3,1,2022-05-19 09:00:19
1652950819718068000,15.85,2,15.85,21,15.95,3,2,2022-05-19 09:00:19
1652950819718084000,15.85,9,15.85,12,15.95,3,2,2022-05-19 09:00:19
1652950819947615000,15.85,2,15.85,10,15.9,2,2,2022-05-19 09:00:19
1652950820171805000,15.9,10,15.85,24,15.9,2,1,2022-05-19 09:00:20
1652950820454039000,15.85,2,15.85,65,15.9,2,2,2022-05-19 09:00:20
1652950820504429000,15.9,2,15.85,130,15.95,15,1,2022-05-19 09:00:20
1652950820586688000,15.85,8,15.85,129,15.95,15,2,2022-05-19 09:00:20
1652950820654865000,15.85,10,15.85,120,15.95,15,2,2022-05-19 09:00:20
1652950820727738000,15.9,4,15.85,106,15.95,15,2,2022-05-19 09:00:20
1652950820727738000,15.85,16,15.85,106,15.95,15,2,2022-05-19 09:00:20
1652950820752304000,15.85,20,15.85,86,15.95,3,2,2022-05-19 09:00:20
1652950820838890000,15.85,1,15.85,95,15.95,15,2,2022-05-19 09:00:20
1652950820916111000,15.85,1,15.85,94,15.95,15,2,2022-05-19 09:00:20
1652950821153778000,15.9,2,15.85,94,15.9,11,1,2022-05-19 09:00:21
1652950821203483000,15.9,4,15.85,99,15.9,7,1,2022-05-19 09:00:21
1652950821242210000,15.9,7,15.85,99,15.95,6,1,2022-05-19 09:00:21
1652950821270887000,15.9,1,15.9,14,15.95,6,1,2022-05-19 09:00:21
1652950821361742000,15.9,1,15.9,16,15.95,6,2,2022-05-19 09:00:21
1652950822080992000,15.9,2,15.9,35,15.95,7,2,2022-05-19 09:00:22
1652950822200248000,15.9,1,15.9,34,15.95,17,2,2022-05-19 09:00:22
1652950822248127000,15.9,1,15.9,36,15.95,17,2,2022-05-19 09:00:22
1652950822284963000,15.95,3,15.9,36,15.95,14,1,2022-05-19 09:00:22
1652950822717508000,15.95,2,15.9,40,15.95,12,1,2022-05-19 09:00:22
1652950822855737000,15.9,2,15.9,49,15.95,12,2,2022-05-19 09:00:22
1652950822884208000,15.95,10,15.9,49,15.95,2,1,2022-05-19 09:00:22
1652950822974298000,15.9,20,15.9,29,15.95,2,2,2022-05-19 09:00:22
1652950823001502000,15.9,1,15.9,28,15.95,2,2,2022-05-19 09:00:23
1652950823072653000,15.95,2,15.95,8,16.0,123,1,2022-05-19 09:00:23
1652950823157089000,16.0,1,15.95,8,16.0,122,1,2022-05-19 09:00:23
1652950823237862000,16.0,10,15.95,8,16.0,112,1,2022-05-19 09:00:23
1652950823663705000,15.95,2,15.95,10,16.0,112,2,2022-05-19 09:00:23
1652950823821531000,15.95,1,15.95,17,16.0,112,2,2022-05-19 09:00:23
1652950824017609000,15.95,2,15.95,25,16.0,112,2,2022-05-19 09:00:24
1652950824227252000,15.95,2,15.95,23,16.0,112,2,2022-05-19 09:00:24
1652950824280338000,16.0,10,15.95,23,16.0,102,1,2022-05-19 09:00:24
1652950824331301000,15.95,1,15.95,22,16.0,92,2,2022-05-19 09:00:24
1652950824582154000,16.0,1,15.95,22,16.0,91,1,2022-05-19 09:00:24
1652950824611505000,15.95,2,15.95,20,16.0,91,2,2022-05-19 09:00:24
1652950824829401000,15.95,2,15.95,19,16.0,86,2,2022-05-19 09:00:24
1652950824894264000,15.95,20,15.9,39,16.0,86,2,2022-05-19 09:00:24
1652950824990938000,16.0,4,15.9,47,16.0,82,1,2022-05-19 09:00:24
1652950825070562000,15.95,24,15.9,42,16.0,82,2,2022-05-19 09:00:25
1652950825070562000,15.9,6,15.9,42,16.0,82,2,2022-05-19 09:00:25
1652950825317072000,15.95,2,15.9,34,16.0,82,2,2022-05-19 09:00:25
1652950825317072000,15.9,8,15.9,34,16.0,82,2,2022-05-19 09:00:25
1652950825384519000,16.0,2,15.9,34,16.0,80,1,2022-05-19 09:00:25
1652950825466019000,16.0,2,15.9,34,16.0,78,1,2022-05-19 09:00:25
1652950825847829000,16.0,10,15.9,36,16.0,79,1,2022-05-19 09:00:25
1652950826201152000,16.0,1,15.95,11,16.0,85,1,2022-05-19 09:00:26
1652950826270214000,15.95,1,15.95,10,16.0,85,2,2022-05-19 09:00:26
1652950826299044000,16.0,20,15.95,10,16.0,65,1,2022-05-19 09:00:26
1652950826323905000,16.0,2,15.95,10,16.0,63,1,2022-05-19 09:00:26
1652950826398014000,15.95,5,15.95,7,16.0,63,2,2022-05-19 09:00:26
1652950826472542000,16.0,4,15.95,7,16.0,59,1,2022-05-19 09:00:26
1652950826618442000,16.0,12,15.95,7,16.0,47,1,2022-05-19 09:00:26
1652950826650548000,16.0,13,15.95,7,16.0,34,1,2022-05-19 09:00:26
1652950827011369000,15.95,5,15.95,4,16.0,34,2,2022-05-19 09:00:27
1652950827185298000,16.0,2,15.95,4,16.0,32,1,2022-05-19 09:00:27
1652950827217328000,16.0,8,15.95,4,16.0,24,1,2022-05-19 09:00:27
1652950827233539000,16.0,12,15.95,4,16.0,12,1,2022-05-19 09:00:27
1652950827259874000,16.0,7,15.95,4,16.0,5,1,2022-05-19 09:00:27
1652950827261341000,15.95,1,15.95,3,16.0,5,2,2022-05-19 09:00:27
1652950827277272000,15.95,2,15.95,1,16.0,5,2,2022-05-19 09:00:27
1652950827295987000,16.0,5,15.95,1,16.05,17,1,2022-05-19 09:00:27
1652950827478597000,16.05,1,15.95,22,16.05,16,1,2022-05-19 09:00:27
1652950827849863000,16.0,2,16.0,58,16.05,16,2,2022-05-19 09:00:27
1652950828042373000,16.0,40,16.0,26,16.05,16,2,2022-05-19 09:00:28
1652950828135601000,16.05,1,16.0,27,16.05,15,1,2022-05-19 09:00:28
1652950828222577000,16.05,1,16.0,27,16.05,14,1,2022-05-19 09:00:28
1652950828254203000,16.0,4,16.0,23,16.05,14,2,2022-05-19 09:00:28
1652950828335462000,16.0,1,16.0,22,16.05,14,2,2022-05-19 09:00:28
1652950828363039000,16.05,2,16.0,22,16.05,12,1,2022-05-19 09:00:28
1652950828485659000,16.05,1,16.0,22,16.05,11,1,2022-05-19 09:00:28
1652950828554805000,16.0,10,16.0,17,16.05,11,2,2022-05-19 09:00:28
1652950828602443000,16.05,5,16.0,18,16.05,6,1,2022-05-19 09:00:28
1652950828686578000,16.05,1,16.0,21,16.05,8,1,2022-05-19 09:00:28
1652950829131935000,16.0,1,16.0,24,16.05,108,2,2022-05-19 09:00:29
1652950829172777000,16.05,6,16.0,24,16.05,102,1,2022-05-19 09:00:29
1652950829310645000,16.0,10,16.0,14,16.05,102,2,2022-05-19 09:00:29
1652950829578629000,16.0,1,16.0,18,16.05,102,2,2022-05-19 09:00:29
1652950829592200000,16.0,1,16.0,17,16.05,102,2,2022-05-19 09:00:29
1652950829684089000,16.0,1,16.0,16,16.05,102,2,2022-05-19 09:00:29
1652950829758659000,16.0,10,16.0,11,16.05,152,2,2022-05-19 09:00:29
1652950829838412000,16.05,1,16.0,11,16.05,151,1,2022-05-19 09:00:29
1652950829993180000,16.05,1,16.0,11,16.05,150,1,2022-05-19 09:00:29
1652950830212705000,16.0,12,15.95,37,16.0,38,2,2022-05-19 09:00:30
1652950830285501000,16.0,1,15.95,37,16.0,37,1,2022-05-19 09:00:30
1652950830378327000,15.95,12,15.95,25,16.0,37,2,2022-05-19 09:00:30
1652950830407019000,16.0,1,15.95,25,16.0,36,1,2022-05-19 09:00:30
1652950830432655000,16.0,4,15.95,25,16.0,32,1,2022-05-19 09:00:30
1652950830436438000,16.0,1,15.95,25,16.0,31,1,2022-05-19 09:00:30
1652950830438109000,16.0,10,15.95,25,16.0,21,1,2022-05-19 09:00:30
1652950830753682000,16.0,1,15.95,25,16.0,30,1,2022-05-19 09:00:30
1652950830841854000,16.0,1,15.95,25,16.0,29,1,2022-05-19 09:00:30
1652950831133320000,15.95,19,15.95,6,16.0,81,2,2022-05-19 09:00:31
1652950831135677000,16.0,3,15.95,6,16.0,78,1,2022-05-19 09:00:31
1652950831157788000,15.95,2,15.95,4,16.0,128,2,2022-05-19 09:00:31
1652950831173733000,15.95,4,15.9,147,16.0,128,2,2022-05-19 09:00:31
1652950831180521000,16.0,3,15.9,147,16.0,125,1,2022-05-19 09:00:31
1652950831431898000,16.0,3,15.95,5,16.0,126,1,2022-05-19 09:00:31
1652950831465190000,15.95,3,15.95,2,16.0,126,2,2022-05-19 09:00:31
1652950831534291000,16.0,1,15.95,2,16.0,125,1,2022-05-19 09:00:31
1652950831565108000,16.0,3,15.95,2,16.0,122,1,2022-05-19 09:00:31
1652950831697852000,15.95,2,15.9,147,15.95,10,2,2022-05-19 09:00:31
1652950832041247000,15.95,3,15.9,147,15.95,7,1,2022-05-19 09:00:32
1652950832159240000,15.95,6,15.9,147,15.95,7,1,2022-05-19 09:00:32
1652950832168666000,15.95,7,15.9,147,16.0,140,1,2022-05-19 09:00:32
1652950832383223000,16.0,4,15.95,2,16.0,136,1,2022-05-19 09:00:32
1652950832421246000,16.0,10,15.95,2,16.0,126,1,2022-05-19 09:00:32
1652950832626307000,15.95,2,15.9,152,15.95,3,2,2022-05-19 09:00:32
1652950832710963000,15.95,1,15.9,152,15.95,2,1,2022-05-19 09:00:32
1652950832819180000,15.95,2,15.9,152,16.0,136,1,2022-05-19 09:00:32
1652950832900152000,15.95,1,15.9,150,15.95,1,2,2022-05-19 09:00:32
1652950832947724000,15.9,1,15.9,102,15.95,1,2,2022-05-19 09:00:32
1652950833008163000,15.95,1,15.95,115,16.0,136,1,2022-05-19 09:00:33
1652950833112140000,16.0,1,15.95,115,16.0,136,1,2022-05-19 09:00:33
1652950833113200000,16.0,1,15.95,115,16.0,135,1,2022-05-19 09:00:33
1652950833120288000,16.0,2,15.95,115,16.0,133,1,2022-05-19 09:00:33
1652950833416561000,16.0,1,15.95,233,16.0,155,1,2022-05-19 09:00:33
1652950833680561000,16.0,2,15.95,233,16.0,148,1,2022-05-19 09:00:33
1652950833798067000,16.0,1,15.95,234,16.0,147,1,2022-05-19 09:00:33
1652950833853401000,16.0,10,15.95,234,16.0,137,1,2022-05-19 09:00:33
1652950833864673000,16.0,2,15.95,234,16.0,135,1,2022-05-19 09:00:33
1652950834708685000,15.95,1,15.95,246,16.0,137,2,2022-05-19 09:00:34
1652950834786275000,16.0,10,15.95,246,16.0,127,1,2022-05-19 09:00:34
1652950834912570000,15.95,20,15.95,226,16.0,127,2,2022-05-19 09:00:34
1652950834982293000,16.0,100,15.95,227,16.0,27,1,2022-05-19 09:00:34
1652950835007364000,16.0,1,15.95,227,16.0,26,1,2022-05-19 09:00:35
1652950835009127000,15.95,10,15.95,217,16.0,26,2,2022-05-19 09:00:35
1652950835017937000,16.0,26,15.95,217,16.05,71,1,2022-05-19 09:00:35
1652950835147256000,16.0,1,16.0,53,16.05,71,2,2022-05-19 09:00:35
1652950835253318000,16.0,1,16.0,52,16.05,71,2,2022-05-19 09:00:35
1652950835286721000,16.0,4,16.0,48,16.05,71,2,2022-05-19 09:00:35
1652950835411672000,16.05,49,16.0,178,16.05,22,1,2022-05-19 09:00:35
1652950835444893000,16.05,22,16.0,178,16.1,192,1,2022-05-19 09:00:35
1652950835532844000,16.0,4,16.0,174,16.1,192,2,2022-05-19 09:00:35
1652950835562451000,16.0,2,16.0,172,16.1,192,2,2022-05-19 09:00:35
1652950835837618000,16.0,1,16.0,178,16.1,192,2,2022-05-19 09:00:35
1652950835993985000,16.05,5,16.0,178,16.1,192,2,2022-05-19 09:00:35
1652950836028937000,16.1,1,16.0,178,16.1,191,1,2022-05-19 09:00:36
1652950836235292000,16.05,5,16.0,179,16.1,191,2,2022-05-19 09:00:36
1652950836434787000,16.05,1,16.0,180,16.1,191,2,2022-05-19 09:00:36
1652950836434787000,16.0,1,16.0,180,16.1,191,2,2022-05-19 09:00:36
1652950836677960000,16.0,10,16.0,172,16.05,50,2,2022-05-19 09:00:36
1652950836691390000,16.0,1,16.0,171,16.05,50,2,2022-05-19 09:00:36
1652950836701711000,16.0,1,16.0,170,16.05,50,2,2022-05-19 09:00:36
1652950836862802000,16.0,1,16.0,175,16.05,50,2,2022-05-19 09:00:36
1652950837030343000,16.0,1,16.0,184,16.05,50,2,2022-05-19 09:00:37
1652950837073190000,16.0,4,16.0,180,16.05,50,2,2022-05-19 09:00:37
1652950837194842000,16.05,5,16.0,181,16.05,45,1,2022-05-19 09:00:37
1652950837305277000,16.05,1,16.0,203,16.05,49,1,2022-05-19 09:00:37
1652950837403070000,16.05,10,16.0,203,16.05,39,1,2022-05-19 09:00:37
1652950837443995000,16.0,5,16.0,198,16.05,39,2,2022-05-19 09:00:37
1652950837590199000,16.0,2,16.0,196,16.05,39,2,2022-05-19 09:00:37
1652950837594262000,16.0,4,16.0,192,16.05,39,2,2022-05-19 09:00:37
1652950837897251000,16.05,2,16.0,193,16.05,46,1,2022-05-19 09:00:37
1652950838250962000,16.05,1,16.0,195,16.05,45,1,2022-05-19 09:00:38
1652950838473046000,16.05,2,16.0,197,16.05,44,1,2022-05-19 09:00:38
1652950838598684000,16.0,2,16.0,195,16.05,54,2,2022-05-19 09:00:38
1652950839153417000,16.05,1,16.0,197,16.05,67,1,2022-05-19 09:00:39
1652950839188925000,16.0,56,16.0,141,16.05,67,2,2022-05-19 09:00:39
1652950839199866000,16.05,1,16.0,141,16.05,66,1,2022-05-19 09:00:39
1652950839568040000,16.05,2,16.0,141,16.05,64,1,2022-05-19 09:00:39
1652950839655218000,16.05,1,16.0,141,16.05,63,1,2022-05-19 09:00:39
1652950839723869000,16.0,8,16.0,133,16.05,63,2,2022-05-19 09:00:39
1652950839763909000,16.0,50,16.0,88,16.05,63,2,2022-05-19 09:00:39
1652950840124660000,16.05,10,16.0,115,16.05,65,1,2022-05-19 09:00:40
1652950840178538000,16.05,1,16.0,117,16.05,64,1,2022-05-19 09:00:40
1652950840276058000,16.05,1,16.0,119,16.05,63,1,2022-05-19 09:00:40
1652950840370935000,16.05,1,16.0,124,16.05,62,1,2022-05-19 09:00:40
1652950840405258000,16.05,2,16.0,124,16.05,60,1,2022-05-19 09:00:40
1652950840625859000,16.0,10,16.0,124,16.05,65,2,2022-05-19 09:00:40
1652950840990334000,16.0,11,16.0,115,16.05,65,2,2022-05-19 09:00:40
1652950842068613000,16.05,4,16.0,117,16.05,73,1,2022-05-19 09:00:42
1652950842212474000,16.05,1,16.0,117,16.05,72,1,2022-05-19 09:00:42
1652950842323175000,16.0,50,16.0,67,16.05,72,2,2022-05-19 09:00:42
1652950842395948000,16.05,3,16.0,67,16.05,69,1,2022-05-19 09:00:42
1652950842723664000,16.0,1,16.0,73,16.05,69,2,2022-05-19 09:00:42
1652950842973362000,16.0,6,16.0,87,16.05,69,2,2022-05-19 09:00:42
1652950843050025000,16.0,2,16.0,85,16.05,69,2,2022-05-19 09:00:43
1652950843086777000,16.0,10,16.0,75,16.05,69,2,2022-05-19 09:00:43
1652950843379958000,16.0,1,16.0,78,16.05,69,2,2022-05-19 09:00:43
1652950843462259000,16.0,5,16.0,73,16.05,69,2,2022-05-19 09:00:43
1652950843561171000,16.0,2,16.0,71,16.05,69,2,2022-05-19 09:00:43
1652950843808999000,16.05,1,16.0,78,16.05,79,1,2022-05-19 09:00:43
1652950844021548000,16.0,4,16.0,75,16.05,79,2,2022-05-19 09:00:44
1652950844048883000,16.0,50,16.0,25,16.05,79,2,2022-05-19 09:00:44
1652950844069005000,16.0,1,16.0,24,16.05,79,2,2022-05-19 09:00:44
1652950844077728000,16.0,10,16.0,14,16.05,79,2,2022-05-19 09:00:44
1652950844101121000,16.0,14,15.95,386,16.05,79,2,2022-05-19 09:00:44
1652950844216446000,15.95,9,15.95,377,16.05,81,2,2022-05-19 09:00:44
1652950844285771000,16.05,5,15.95,377,16.05,76,1,2022-05-19 09:00:44
1652950844413202000,16.0,1,15.95,377,16.05,76,2,2022-05-19 09:00:44
1652950844445812000,15.95,4,15.95,373,16.0,1,2,2022-05-19 09:00:44
1652950844540259000,16.0,1,16.0,2,16.05,101,1,2022-05-19 09:00:44
1652950844543951000,16.0,1,16.0,1,16.05,101,2,2022-05-19 09:00:44
1652950844582883000,16.0,1,15.95,373,16.05,101,2,2022-05-19 09:00:44
1652950844690259000,16.0,1,15.95,379,16.0,4,1,2022-05-19 09:00:44
1652950844874790000,16.0,1,15.95,379,16.0,9,1,2022-05-19 09:00:44
1652950845545132000,16.0,2,15.95,379,16.0,61,1,2022-05-19 09:00:45
1652950845594955000,16.0,30,15.95,349,16.0,35,1,2022-05-19 09:00:45
1652950845660079000,16.0,3,15.95,349,16.0,33,1,2022-05-19 09:00:45
1652950845724107000,16.0,4,15.95,349,16.0,32,1,2022-05-19 09:00:45
1652950845731916000,16.0,3,15.95,349,16.0,29,1,2022-05-19 09:00:45
1652950845962909000,16.0,2,15.95,349,16.0,27,1,2022-05-19 09:00:45
1652950846016014000,15.95,1,15.95,348,16.0,27,2,2022-05-19 09:00:46
1652950846145720000,16.0,3,15.95,348,16.0,24,1,2022-05-19 09:00:46
1652950846344877000,15.95,11,15.95,337,16.0,24,2,2022-05-19 09:00:46
1652950846368121000,15.95,1,15.95,336,16.0,24,2,2022-05-19 09:00:46
1652950846644986000,15.95,11,15.95,325,16.0,26,2,2022-05-19 09:00:46
1652950846724506000,16.0,1,15.95,325,16.0,25,1,2022-05-19 09:00:46
1652950846798879000,15.95,4,15.95,321,16.0,25,2,2022-05-19 09:00:46
1652950846927389000,16.0,3,15.95,322,16.0,27,1,2022-05-19 09:00:46
1652950847117067000,16.0,5,15.95,322,16.0,25,1,2022-05-19 09:00:47
1652950847316542000,15.95,2,15.95,320,16.0,27,2,2022-05-19 09:00:47
1652950847549211000,16.0,1,15.95,321,16.0,48,1,2022-05-19 09:00:47
1652950847551509000,16.0,3,15.95,321,16.0,45,1,2022-05-19 09:00:47
1652950847598609000,16.0,1,15.95,321,16.0,54,1,2022-05-19 09:00:47
1652950847694453000,16.0,1,15.95,321,16.0,59,1,2022-05-19 09:00:47
1652950847743715000,16.0,2,15.95,321,16.0,68,1,2022-05-19 09:00:47
1652950847776139000,16.0,1,15.95,321,16.0,68,1,2022-05-19 09:00:47
1652950848051368000,16.0,1,15.95,320,16.0,77,1,2022-05-19 09:00:48
1652950848298555000,16.0,1,15.95,320,16.0,76,1,2022-05-19 09:00:48
1652950848673299000,15.95,5,15.95,316,16.0,91,2,2022-05-19 09:00:48
1652950848901444000,16.0,1,15.95,316,16.0,68,1,2022-05-19 09:00:48
1652950848906920000,15.95,20,15.95,296,16.0,68,2,2022-05-19 09:00:48
1652950848923875000,16.0,10,15.95,296,16.0,58,1,2022-05-19 09:00:48
1652950849469944000,16.0,1,15.95,299,16.0,75,1,2022-05-19 09:00:49
1652950849531683000,15.95,5,15.95,294,16.0,81,2,2022-05-19 09:00:49
1652950849757934000,16.0,5,15.95,294,16.0,79,1,2022-05-19 09:00:49
1652950849777201000,16.0,2,15.95,294,16.0,77,1,2022-05-19 09:00:49
1652950850303992000,16.0,5,15.95,300,16.0,75,1,2022-05-19 09:00:50
1652950850482958000,16.0,5,15.95,300,16.0,70,1,2022-05-19 09:00:50
1652950850599755000,15.95,2,15.95,298,16.0,70,2,2022-05-19 09:00:50
1652950850672441000,15.95,1,15.95,297,16.0,70,2,2022-05-19 09:00:50
1652950850683626000,16.0,5,15.95,297,16.0,65,1,2022-05-19 09:00:50
1652950850716976000,16.0,1,15.95,297,16.0,64,1,2022-05-19 09:00:50
1652950850759833000,15.95,5,15.95,292,16.0,64,2,2022-05-19 09:00:50
1652950851141355000,16.0,2,15.95,293,16.0,64,1,2022-05-19 09:00:51
1652950851184176000,15.95,5,15.95,288,16.0,64,2,2022-05-19 09:00:51
1652950851341002000,15.95,1,15.95,287,16.0,65,2,2022-05-19 09:00:51
1652950851561084000,16.0,5,15.95,287,16.0,89,1,2022-05-19 09:00:51
1652950851964373000,16.0,100,15.95,298,16.0,6,1,2022-05-19 09:00:51
1652950851994373000,16.0,1,15.95,298,16.0,5,1,2022-05-19 09:00:51
1652950852347917000,15.95,10,15.95,288,16.0,8,2,2022-05-19 09:00:52
1652950852478026000,15.95,3,15.95,285,16.0,8,2,2022-05-19 09:00:52
1652950852762862000,16.0,15,15.95,285,16.0,14,1,2022-05-19 09:00:52
1652950852794939000,15.95,1,15.95,284,16.0,14,2,2022-05-19 09:00:52
1652950852809633000,15.95,3,15.95,284,16.0,14,2,2022-05-19 09:00:52
1652950852911151000,16.0,1,15.95,285,16.0,13,1,2022-05-19 09:00:52
1652950852913079000,16.0,13,16.0,37,16.05,143,1,2022-05-19 09:00:52
1652950852953180000,16.0,28,16.0,9,16.05,143,2,2022-05-19 09:00:52
1652950852987865000,16.0,9,15.95,285,16.05,143,2,2022-05-19 09:00:52
1652950853077714000,16.0,1,15.95,285,16.05,143,1,2022-05-19 09:00:53
1652950853376156000,16.0,2,16.0,2,16.05,143,2,2022-05-19 09:00:53
1652950853624183000,16.0,2,15.95,290,16.05,142,2,2022-05-19 09:00:53
1652950853860327000,16.0,3,15.95,296,16.0,2,2,2022-05-19 09:00:53
1652950853863550000,16.0,1,15.95,296,16.0,1,1,2022-05-19 09:00:53
1652950854152424000,16.0,1,15.95,296,16.05,142,1,2022-05-19 09:00:54
1652950854507748000,16.0,3,16.0,1,16.05,142,1,2022-05-19 09:00:54
1652950854584072000,16.0,1,15.95,312,16.05,142,2,2022-05-19 09:00:54
1652950854912170000,16.0,5,15.95,312,16.0,27,1,2022-05-19 09:00:54
1652950854951523000,16.0,1,15.95,314,16.0,26,1,2022-05-19 09:00:54
1652950855002450000,16.0,1,15.95,315,16.0,26,1,2022-05-19 09:00:55
1652950855167505000,16.0,1,15.95,315,16.0,26,1,2022-05-19 09:00:55
1652950855188919000,16.0,5,15.95,315,16.0,31,1,2022-05-19 09:00:55
1652950855309302000,16.0,2,15.95,315,16.0,29,1,2022-05-19 09:00:55
1652950855427753000,16.0,6,15.95,315,16.0,25,1,2022-05-19 09:00:55
1652950855622689000,16.0,2,15.95,315,16.0,28,1,2022-05-19 09:00:55
1652950855629122000,15.95,3,15.95,312,16.0,28,2,2022-05-19 09:00:55
1652950855708776000,16.0,2,15.95,312,16.0,26,1,2022-05-19 09:00:55
1652950855920209000,15.95,1,15.95,311,16.0,31,2,2022-05-19 09:00:55
1652950856195001000,15.95,1,15.95,310,16.0,31,2,2022-05-19 09:00:56
1652950856384196000,15.95,30,15.95,280,16.0,41,2,2022-05-19 09:00:56
1652950856403087000,15.95,1,15.95,279,16.0,41,2,2022-05-19 09:00:56
1652950856618553000,16.0,5,15.95,279,16.0,56,1,2022-05-19 09:00:56
1652950856701394000,16.0,1,15.95,279,16.0,55,1,2022-05-19 09:00:56
1652950856901785000,15.95,4,15.95,275,16.0,55,2,2022-05-19 09:00:56
1652950857068018000,16.0,1,15.95,275,16.0,54,1,2022-05-19 09:00:57
1652950857087987000,16.0,2,15.95,275,16.0,52,1,2022-05-19 09:00:57
1652950857141090000,15.95,1,15.95,274,16.0,52,2,2022-05-19 09:00:57
1652950857149843000,16.0,2,15.95,274,16.0,50,1,2022-05-19 09:00:57
1652950857356195000,16.0,2,15.95,274,16.0,48,1,2022-05-19 09:00:57
1652950857398248000,16.0,20,15.95,274,16.0,31,1,2022-05-19 09:00:57
1652950857700492000,16.0,1,15.95,275,16.0,45,1,2022-05-19 09:00:57
1652950857792468000,16.0,2,15.95,275,16.0,43,1,2022-05-19 09:00:57
1652950858093039000,16.0,20,15.95,277,16.0,27,1,2022-05-19 09:00:58
1652950858226991000,16.0,2,15.95,277,16.0,25,1,2022-05-19 09:00:58
1652950859040196000,15.95,4,15.95,285,16.0,31,2,2022-05-19 09:00:59
1652950859064206000,15.95,1,15.95,284,16.0,31,2,2022-05-19 09:00:59
1652950859357592000,15.95,3,15.95,282,16.0,39,2,2022-05-19 09:00:59
1652950859423944000,15.95,8,15.95,274,16.0,42,2,2022-05-19 09:00:59
1652950859436767000,16.0,2,15.95,274,16.0,40,1,2022-05-19 09:00:59
1652950859558712000,15.95,2,15.95,272,16.0,45,2,2022-05-19 09:00:59
1652950859751057000,15.95,1,15.95,278,16.0,66,2,2022-05-19 09:00:59
1652950859859529000,16.0,1,15.95,277,16.0,85,1,2022-05-19 09:00:59
1652950859896603000,15.95,1,15.95,276,16.0,85,2,2022-05-19 09:00:59
1652950859989894000,16.0,2,15.95,277,16.0,84,1,2022-05-19 09:00:59
1652950860254852000,16.0,1,15.95,277,16.0,86,1,2022-05-19 09:01:00
1652950860322073000,16.0,1,15.95,277,16.0,88,1,2022-05-19 09:01:00
1652950860607974000,15.95,3,15.95,274,16.0,88,2,2022-05-19 09:01:00
1652950860623391000,16.0,1,15.95,274,16.0,87,1,2022-05-19 09:01:00
1652950860830262000,16.0,1,15.95,274,16.0,92,1,2022-05-19 09:01:00
1652950860837459000,16.0,2,15.95,274,16.0,90,1,2022-05-19 09:01:00
1652950860907429000,16.0,1,15.95,274,16.0,89,1,2022-05-19 09:01:00
1652950861073187000,15.95,1,15.95,273,16.0,91,2,2022-05-19 09:01:01
1652950861270097000,16.0,1,15.95,273,16.0,103,1,2022-05-19 09:01:01
1652950861326803000,15.95,10,15.95,263,16.0,103,2,2022-05-19 09:01:01
1652950861342449000,15.95,1,15.95,262,16.0,110,2,2022-05-19 09:01:01
1652950861404379000,16.0,5,15.95,262,16.0,105,1,2022-05-19 09:01:01
1652950861455420000,16.0,1,15.95,262,16.0,109,1,2022-05-19 09:01:01
1652950861559413000,16.0,10,15.95,262,16.0,99,1,2022-05-19 09:01:01
1652950861805518000,16.0,2,15.95,263,16.0,97,1,2022-05-19 09:01:01
1652950861980601000,16.0,2,15.95,263,16.0,97,1,2022-05-19 09:01:01
1652950862054749000,16.0,5,15.95,263,16.0,92,1,2022-05-19 09:01:02
1652950862237658000,16.0,1,15.95,263,16.0,92,1,2022-05-19 09:01:02
1652950862365116000,16.0,50,15.95,263,16.0,42,1,2022-05-19 09:01:02
1652950862486801000,15.95,30,15.95,233,16.0,43,2,2022-05-19 09:01:02
1652950862620190000,16.0,1,15.95,233,16.0,42,1,2022-05-19 09:01:02
1652950862715070000,16.0,5,15.95,233,16.0,37,1,2022-05-19 09:01:02
1652950863238239000,16.0,1,15.95,235,16.0,36,1,2022-05-19 09:01:03
1652950863270513000,16.0,1,15.95,235,16.0,35,1,2022-05-19 09:01:03
1652950863425213000,15.95,1,15.95,234,16.0,37,2,2022-05-19 09:01:03
1652950863466033000,16.0,10,15.95,234,16.0,27,1,2022-05-19 09:01:03
1652950863548702000,16.0,27,15.95,234,16.05,159,1,2022-05-19 09:01:03
1652950864003526000,15.95,3,15.95,232,16.05,149,2,2022-05-19 09:01:04
1652950864205617000,16.0,1,15.95,272,16.0,1,1,2022-05-19 09:01:04
1652950864210569000,16.0,1,16.0,9,16.05,149,1,2022-05-19 09:01:04
1652950864264948000,16.0,1,16.0,8,16.05,159,2,2022-05-19 09:01:04
1652950864311547000,16.05,2,16.0,8,16.05,157,1,2022-05-19 09:01:04
1652950864392884000,16.0,1,16.0,9,16.05,157,2,2022-05-19 09:01:04
1652950864481407000,16.05,10,16.0,9,16.05,147,1,2022-05-19 09:01:04
1652950864539522000,16.0,2,16.0,7,16.05,147,2,2022-05-19 09:01:04
1652950864555596000,16.0,1,16.0,6,16.05,147,2,2022-05-19 09:01:04
1652950864711611000,16.0,5,16.0,17,16.05,147,2,2022-05-19 09:01:04
1652950864919775000,16.05,1,16.0,18,16.05,171,1,2022-05-19 09:01:04
1652950865278729000,16.0,5,16.0,29,16.05,171,2,2022-05-19 09:01:05
1652950865278932000,16.05,154,16.0,29,16.05,17,1,2022-05-19 09:01:05
1652950865309586000,16.05,17,16.0,29,16.1,246,1,2022-05-19 09:01:05
1652950865484265000,16.05,2,16.0,39,16.1,245,1,2022-05-19 09:01:05
1652950865484265000,16.1,1,16.0,39,16.1,245,1,2022-05-19 09:01:05
1652950865695400000,16.0,10,16.0,40,16.1,245,2,2022-05-19 09:01:05
1652950865841796000,16.1,30,16.0,40,16.1,215,1,2022-05-19 09:01:05
1652950865853618000,16.1,4,16.0,40,16.1,211,1,2022-05-19 09:01:05
1652950865977185000,16.0,5,16.0,35,16.1,211,2,2022-05-19 09:01:05
1652950866124772000,16.1,50,16.0,35,16.1,161,1,2022-05-19 09:01:06
1652950866217736000,16.05,2,16.05,2,16.1,161,2,2022-05-19 09:01:06
1652950866383907000,16.05,1,16.05,3,16.1,161,2,2022-05-19 09:01:06
1652950866451948000,16.1,2,16.05,12,16.1,159,1,2022-05-19 09:01:06
1652950866618166000,16.1,2,16.05,12,16.1,157,1,2022-05-19 09:01:06
1652950866638671000,16.1,12,16.05,12,16.1,145,1,2022-05-19 09:01:06
1652950866719156000,16.05,14,16.05,21,16.1,145,2,2022-05-19 09:01:06
1652950866923648000,16.05,2,16.05,22,16.1,145,2,2022-05-19 09:01:06
1652950867182603000,16.1,2,16.05,25,16.1,143,1,2022-05-19 09:01:07
1652950868162618000,16.05,2,16.05,39,16.1,143,2,2022-05-19 09:01:08
1652950868988059000,16.05,2,16.05,33,16.1,142,2,2022-05-19 09:01:08
1652950869181362000,16.1,1,16.05,33,16.1,141,1,2022-05-19 09:01:09
1652950869186478000,16.1,10,16.05,33,16.1,131,1,2022-05-19 09:01:09
1652950869189547000,16.05,2,16.05,31,16.1,131,2,2022-05-19 09:01:09
1652950869975849000,16.1,2,16.05,32,16.1,129,1,2022-05-19 09:01:09
1652950869984128000,16.1,10,16.05,32,16.1,119,1,2022-05-19 09:01:09
1652950870061014000,16.1,1,16.05,32,16.1,118,1,2022-05-19 09:01:10
1652950870093955000,16.1,20,16.05,32,16.1,98,1,2022-05-19 09:01:10
1652950870110090000,16.1,3,16.05,32,16.1,95,1,2022-05-19 09:01:10
1652950870177164000,16.05,1,16.05,31,16.1,95,2,2022-05-19 09:01:10
1652950870598703000,16.1,1,16.05,33,16.1,94,1,2022-05-19 09:01:10
1652950870943501000,16.1,1,16.05,42,16.1,93,1,2022-05-19 09:01:10
1652950870974061000,16.1,4,16.05,42,16.1,89,1,2022-05-19 09:01:10
1652950871313549000,16.1,20,16.05,47,16.1,71,1,2022-05-19 09:01:11
1652950871351173000,16.1,3,16.05,47,16.1,68,1,2022-05-19 09:01:11
1652950871360551000,16.05,3,16.05,44,16.1,68,2,2022-05-19 09:01:11
1652950871774437000,16.1,3,16.05,57,16.1,65,1,2022-05-19 09:01:11
1652950871849936000,16.1,1,16.05,67,16.1,64,1,2022-05-19 09:01:11
1652950871984666000,16.1,1,16.05,77,16.1,63,1,2022-05-19 09:01:11
1652950872041101000,16.1,1,16.05,77,16.1,62,1,2022-05-19 09:01:12
1652950872093684000,16.05,5,16.05,72,16.1,62,2,2022-05-19 09:01:12
1652950872259556000,16.1,1,16.05,93,16.1,61,1,2022-05-19 09:01:12
1652950872316141000,16.1,1,16.05,93,16.1,60,1,2022-05-19 09:01:12
1652950872408674000,16.1,1,16.05,93,16.1,59,1,2022-05-19 09:01:12
1652950872552181000,16.1,1,16.05,93,16.1,58,1,2022-05-19 09:01:12
1652950872622548000,16.1,1,16.05,93,16.1,57,1,2022-05-19 09:01:12
1652950872801699000,16.1,8,16.05,93,16.1,49,1,2022-05-19 09:01:12
1652950872834319000,16.1,49,16.05,93,16.15,55,1,2022-05-19 09:01:12
1652950872834319000,16.15,1,16.05,93,16.15,55,1,2022-05-19 09:01:12
1652950873019962000,16.15,5,16.1,1,16.15,50,1,2022-05-19 09:01:13
1652950873129272000,16.15,1,16.1,5,16.15,49,1,2022-05-19 09:01:13
1652950873457475000,16.1,1,16.1,34,16.15,49,2,2022-05-19 09:01:13
1652950873608133000,16.15,1,16.1,44,16.15,48,1,2022-05-19 09:01:13
1652950873766473000,16.15,10,16.1,50,16.15,42,1,2022-05-19 09:01:13
1652950873904496000,16.15,42,16.1,50,16.2,257,1,2022-05-19 09:01:13
1652950874331811000,16.2,26,16.1,101,16.2,231,1,2022-05-19 09:01:14
1652950874357341000,16.15,2,16.1,101,16.2,231,1,2022-05-19 09:01:14
1652950874404500000,16.2,1,16.1,102,16.2,230,1,2022-05-19 09:01:14
1652950874441630000,16.2,3,16.1,102,16.2,227,1,2022-05-19 09:01:14
1652950874637264000,16.2,20,16.15,10,16.2,207,1,2022-05-19 09:01:14
1652950874711033000,16.15,5,16.15,5,16.2,207,2,2022-05-19 09:01:14
1652950874770917000,16.2,7,16.15,5,16.2,200,1,2022-05-19 09:01:14
1652950874991308000,16.2,2,16.15,7,16.2,198,1,2022-05-19 09:01:14
1652950875023832000,16.2,5,16.15,29,16.2,193,1,2022-05-19 09:01:15
1652950875139179000,16.2,6,16.15,29,16.2,187,1,2022-05-19 09:01:15
1652950875197237000,16.2,10,16.15,29,16.2,177,1,2022-05-19 09:01:15
1652950875232630000,16.2,3,16.15,29,16.2,174,1,2022-05-19 09:01:15
1652950875389599000,16.2,6,16.15,30,16.2,168,1,2022-05-19 09:01:15
1652950875906237000,16.2,105,16.15,30,16.2,63,1,2022-05-19 09:01:15
1652950875939504000,16.2,34,16.15,30,16.2,29,1,2022-05-19 09:01:15
1652950875962400000,16.15,23,16.15,7,16.2,29,2,2022-05-19 09:01:15
1652950875968666000,16.2,29,16.15,7,16.25,67,1,2022-05-19 09:01:15
1652950876444290000,16.2,16,16.2,56,16.25,57,2,2022-05-19 09:01:16
1652950876461088000,16.2,50,16.2,6,16.25,57,2,2022-05-19 09:01:16
1652950876488953000,16.2,6,16.15,17,16.25,57,2,2022-05-19 09:01:16
1652950876610373000,16.25,1,16.2,30,16.25,56,1,2022-05-19 09:01:16
1652950876653275000,16.25,1,16.2,30,16.25,55,1,2022-05-19 09:01:16
1652950876696824000,16.25,1,16.2,30,16.25,54,1,2022-05-19 09:01:16
1652950876956418000,16.25,8,16.2,33,16.25,46,1,2022-05-19 09:01:16
1652950877182269000,16.25,1,16.2,33,16.25,45,1,2022-05-19 09:01:17
1652950877253243000,16.25,1,16.2,33,16.25,44,1,2022-05-19 09:01:17
1652950877413810000,16.25,2,16.2,33,16.25,42,1,2022-05-19 09:01:17
1652950877542520000,16.2,2,16.2,41,16.25,42,2,2022-05-19 09:01:17
1652950877570404000,16.25,1,16.2,42,16.25,41,1,2022-05-19 09:01:17
1652950877583751000,16.2,30,16.2,12,16.25,41,2,2022-05-19 09:01:17
1652950877585272000,16.25,1,16.2,12,16.25,40,1,2022-05-19 09:01:17
1652950877601926000,16.25,1,16.2,12,16.25,39,1,2022-05-19 09:01:17
1652950877626348000,16.25,1,16.2,12,16.25,38,1,2022-05-19 09:01:17
1652950877821490000,16.25,5,16.2,13,16.25,33,1,2022-05-19 09:01:17
1652950877849441000,16.25,10,16.2,13,16.25,23,1,2022-05-19 09:01:17
1652950878119868000,16.2,2,16.2,20,16.25,25,2,2022-05-19 09:01:18
1652950878242344000,16.25,1,16.2,21,16.25,26,1,2022-05-19 09:01:18
1652950878319680000,16.25,1,16.2,21,16.25,25,1,2022-05-19 09:01:18
1652950878412953000,16.2,1,16.2,21,16.25,25,2,2022-05-19 09:01:18
1652950878616929000,16.25,1,16.2,30,16.25,24,1,2022-05-19 09:01:18
1652950878776768000,16.25,1,16.2,34,16.25,43,1,2022-05-19 09:01:18
1652950878958761000,16.25,1,16.2,34,16.25,42,1,2022-05-19 09:01:18
1652950879006339000,16.25,10,16.2,35,16.25,32,1,2022-05-19 09:01:19
1652950879008300000,16.25,20,16.2,35,16.25,12,1,2022-05-19 09:01:19
1652950879073475000,16.25,2,16.2,35,16.25,10,1,2022-05-19 09:01:19
1652950879202075000,16.25,1,16.2,35,16.25,10,1,2022-05-19 09:01:19
1652950879221672000,16.25,2,16.2,35,16.25,8,1,2022-05-19 09:01:19
1652950879289274000,16.25,2,16.2,35,16.25,9,1,2022-05-19 09:01:19
1652950879292738000,16.2,1,16.2,34,16.25,9,2,2022-05-19 09:01:19
1652950879338788000,16.25,5,16.2,34,16.25,4,1,2022-05-19 09:01:19
1652950879405191000,16.25,1,16.2,34,16.25,3,1,2022-05-19 09:01:19
1652950879544008000,16.25,3,16.25,1,16.3,268,1,2022-05-19 09:01:19
1652950879550145000,16.3,1,16.25,1,16.3,267,1,2022-05-19 09:01:19
1652950879554411000,16.3,1,16.25,1,16.3,266,1,2022-05-19 09:01:19
1652950879577848000,16.25,1,16.2,34,16.3,266,2,2022-05-19 09:01:19
1652950879623815000,16.3,3,16.2,34,16.3,263,1,2022-05-19 09:01:19
1652950879627324000,16.2,2,16.2,32,16.3,263,2,2022-05-19 09:01:19
1652950879922597000,16.25,1,16.2,42,16.25,4,1,2022-05-19 09:01:19
1652950880067828000,16.25,4,16.2,46,16.3,263,1,2022-05-19 09:01:20
1652950880337532000,16.25,1,16.2,46,16.25,1,1,2022-05-19 09:01:20
1652950880549091000,16.25,1,16.2,54,16.3,263,1,2022-05-19 09:01:20
1652950880549091000,16.3,1,16.2,54,16.3,263,1,2022-05-19 09:01:20
1652950880658024000,16.25,1,16.2,54,16.3,263,2,2022-05-19 09:01:20
1652950880696905000,16.25,1,16.2,54,16.25,1,2,2022-05-19 09:01:20
1652950880792809000,16.25,1,16.2,54,16.25,1,1,2022-05-19 09:01:20
1652950880794814000,16.25,1,16.2,54,16.3,263,1,2022-05-19 09:01:20
1652950880876435000,16.25,1,16.2,54,16.3,263,2,2022-05-19 09:01:20
1652950881064933000,16.25,1,16.2,54,16.25,14,1,2022-05-19 09:01:21
1652950881200565000,16.25,2,16.2,59,16.25,27,1,2022-05-19 09:01:21
1652950881361145000,16.25,2,16.2,70,16.25,25,1,2022-05-19 09:01:21
1652950881382527000,16.25,10,16.2,70,16.25,15,1,2022-05-19 09:01:21
1652950881389753000,16.25,1,16.2,70,16.25,14,1,2022-05-19 09:01:21
1652950881436534000,16.25,2,16.2,70,16.25,12,1,2022-05-19 09:01:21
1652950881528002000,16.25,3,16.2,71,16.25,9,1,2022-05-19 09:01:21
1652950881564394000,16.25,6,16.2,72,16.25,3,1,2022-05-19 09:01:21
1652950881790785000,16.25,5,16.2,571,16.25,88,1,2022-05-19 09:01:21
1652950881797693000,16.25,1,16.2,571,16.25,87,1,2022-05-19 09:01:21
1652950881835496000,16.25,1,16.2,572,16.25,86,1,2022-05-19 09:01:21
1652950881910585000,16.25,2,16.2,572,16.25,120,1,2022-05-19 09:01:21
1652950882025973000,16.25,1,16.2,568,16.25,129,1,2022-05-19 09:01:22
1652950882032644000,16.25,1,16.2,568,16.25,128,1,2022-05-19 09:01:22
1652950882085982000,16.25,2,16.2,568,16.25,126,1,2022-05-19 09:01:22
1652950882205006000,16.2,3,16.2,567,16.25,136,2,2022-05-19 09:01:22
1652950882325325000,16.2,1,16.2,571,16.25,151,2,2022-05-19 09:01:22
1652950882391588000,16.25,1,16.2,571,16.25,156,1,2022-05-19 09:01:22
1652950882546855000,16.25,1,16.2,571,16.25,185,1,2022-05-19 09:01:22
1652950882622878000,16.25,1,16.2,571,16.25,185,1,2022-05-19 09:01:22
1652950882655935000,16.25,5,16.2,571,16.25,190,1,2022-05-19 09:01:22
1652950882717305000,16.25,1,16.2,571,16.25,191,1,2022-05-19 09:01:22
1652950882820046000,16.25,10,16.2,571,16.25,181,1,2022-05-19 09:01:22
1652950882827287000,16.25,1,16.2,571,16.25,180,1,2022-05-19 09:01:22
1652950882838415000,16.25,5,16.2,571,16.25,175,1,2022-05-19 09:01:22
1652950882860808000,16.2,1,16.2,570,16.25,175,2,2022-05-19 09:01:22
1652950882971356000,16.25,1,16.2,571,16.25,188,1,2022-05-19 09:01:22
1652950883049616000,16.25,10,16.2,571,16.25,179,1,2022-05-19 09:01:23
1652950883075948000,16.25,2,16.2,571,16.25,177,1,2022-05-19 09:01:23
1652950883171100000,16.25,1,16.2,573,16.25,176,1,2022-05-19 09:01:23
1652950883183293000,16.25,3,16.2,573,16.25,173,1,2022-05-19 09:01:23
1652950883204276000,16.25,4,16.2,573,16.25,169,1,2022-05-19 09:01:23
1652950883288518000,16.25,5,16.2,573,16.25,164,1,2022-05-19 09:01:23
1652950883319472000,16.25,1,16.2,573,16.25,163,1,2022-05-19 09:01:23
1652950883328604000,16.25,2,16.2,573,16.25,161,1,2022-05-19 09:01:23
1652950883369755000,16.25,1,16.2,573,16.25,160,1,2022-05-19 09:01:23
1652950883386908000,16.25,2,16.2,586,16.25,158,1,2022-05-19 09:01:23
1652950883407910000,16.25,2,16.2,586,16.25,156,1,2022-05-19 09:01:23
1652950883442782000,16.2,3,16.2,583,16.25,156,2,2022-05-19 09:01:23
1652950883445876000,16.25,1,16.2,583,16.25,155,1,2022-05-19 09:01:23
1652950883485977000,16.25,3,16.2,583,16.25,152,1,2022-05-19 09:01:23
1652950883539071000,16.25,5,16.2,584,16.25,147,1,2022-05-19 09:01:23
1652950883546289000,16.25,10,16.2,584,16.25,137,1,2022-05-19 09:01:23
1652950883711480000,16.25,5,16.2,585,16.25,151,1,2022-05-19 09:01:23
1652950883729343000,16.2,1,16.2,584,16.25,151,2,2022-05-19 09:01:23
1652950883894654000,16.25,2,16.2,585,16.25,159,1,2022-05-19 09:01:23
1652950883899875000,16.25,1,16.2,585,16.25,158,1,2022-05-19 09:01:23
1652950883929149000,16.25,7,16.2,585,16.25,151,1,2022-05-19 09:01:23
1652950883958226000,16.25,1,16.2,587,16.25,150,1,2022-05-19 09:01:23
1652950884035928000,16.25,2,16.2,587,16.25,158,1,2022-05-19 09:01:24
1652950884088107000,16.2,4,16.2,583,16.25,158,2,2022-05-19 09:01:24
1652950884111671000,16.25,2,16.2,583,16.25,156,1,2022-05-19 09:01:24
1652950884161952000,16.25,1,16.2,583,16.25,155,1,2022-05-19 09:01:24
1652950884210448000,16.25,2,16.2,584,16.25,153,1,2022-05-19 09:01:24
1652950884373954000,16.25,2,16.2,585,16.25,161,1,2022-05-19 09:01:24
1652950884498131000,16.25,4,16.2,585,16.25,191,1,2022-05-19 09:01:24
1652950884612646000,16.25,1,16.2,585,16.25,194,1,2022-05-19 09:01:24
1652950884752545000,16.25,1,16.2,587,16.25,213,1,2022-05-19 09:01:24
1652950884827734000,16.25,20,16.2,590,16.25,193,1,2022-05-19 09:01:24
1652950885013478000,16.25,20,16.2,590,16.25,245,1,2022-05-19 09:01:25
1652950885042994000,16.25,5,16.2,585,16.25,240,1,2022-05-19 09:01:25
1652950885187435000,16.25,5,16.2,596,16.25,269,1,2022-05-19 09:01:25
1652950885332467000,16.25,10,16.2,609,16.25,280,1,2022-05-19 09:01:25
1652950885418506000,16.25,1,16.2,609,16.25,299,1,2022-05-19 09:01:25
1652950885608526000,16.25,1,16.2,612,16.25,289,1,2022-05-19 09:01:25
1652950885722491000,16.2,5,16.2,607,16.25,293,2,2022-05-19 09:01:25
1652950885836373000,16.25,1,16.2,607,16.25,295,1,2022-05-19 09:01:25
1652950885861337000,16.25,1,16.2,607,16.25,294,1,2022-05-19 09:01:25
1652950885895708000,16.25,1,16.2,608,16.25,293,1,2022-05-19 09:01:25
1652950885935740000,16.25,4,16.2,608,16.25,289,1,2022-05-19 09:01:25
1652950886065752000,16.25,5,16.2,608,16.25,284,1,2022-05-19 09:01:26
1652950886066256000,16.25,35,16.2,608,16.25,249,1,2022-05-19 09:01:26
1652950886080230000,16.25,15,16.2,608,16.25,234,1,2022-05-19 09:01:26
1652950886123446000,16.25,1,16.2,608,16.25,233,1,2022-05-19 09:01:26
1652950886153024000,16.25,1,16.2,609,16.25,232,1,2022-05-19 09:01:26
1652950886340902000,16.25,2,16.2,609,16.25,235,1,2022-05-19 09:01:26
1652950886349228000,16.25,5,16.2,609,16.25,230,1,2022-05-19 09:01:26
1652950886355658000,16.25,1,16.2,609,16.25,229,1,2022-05-19 09:01:26
1652950886469886000,16.25,1,16.2,609,16.25,231,1,2022-05-19 09:01:26
1652950886504042000,16.25,3,16.2,609,16.25,228,1,2022-05-19 09:01:26
1652950886969489000,16.25,1,16.2,618,16.25,253,1,2022-05-19 09:01:26
1652950886986481000,16.25,23,16.2,618,16.25,230,1,2022-05-19 09:01:26
1652950887036603000,16.25,1,16.2,618,16.25,229,1,2022-05-19 09:01:27
1652950887041849000,16.25,1,16.2,618,16.25,228,1,2022-05-19 09:01:27
1652950887075879000,16.25,1,16.2,618,16.25,227,1,2022-05-19 09:01:27
1652950887108516000,16.25,1,16.2,618,16.25,226,1,2022-05-19 09:01:27
1652950887127446000,16.25,6,16.2,618,16.25,220,1,2022-05-19 09:01:27
1652950887195031000,16.25,1,16.2,618,16.25,219,1,2022-05-19 09:01:27
1652950887233737000,16.25,10,16.2,618,16.25,210,1,2022-05-19 09:01:27
1652950887262044000,16.25,5,16.2,613,16.25,207,1,2022-05-19 09:01:27
1652950887360931000,16.2,3,16.2,610,16.25,207,2,2022-05-19 09:01:27
1652950887454987000,16.25,1,16.2,610,16.25,206,1,2022-05-19 09:01:27
1652950887499585000,16.25,20,16.2,610,16.25,186,1,2022-05-19 09:01:27
1652950887506789000,16.25,2,16.2,610,16.25,184,1,2022-05-19 09:01:27
1652950887582186000,16.25,10,16.2,610,16.25,174,1,2022-05-19 09:01:27
1652950887585616000,16.2,3,16.2,607,16.25,174,2,2022-05-19 09:01:27
1652950887750094000,16.25,2,16.2,607,16.25,173,1,2022-05-19 09:01:27
1652950887833273000,16.25,10,16.2,607,16.25,164,1,2022-05-19 09:01:27
1652950887840567000,16.25,2,16.2,607,16.25,162,1,2022-05-19 09:01:27
1652950888055252000,16.25,1,16.2,609,16.25,161,1,2022-05-19 09:01:28
1652950888089455000,16.25,2,16.2,609,16.25,162,1,2022-05-19 09:01:28
1652950888282656000,16.25,1,16.2,609,16.25,161,1,2022-05-19 09:01:28
1652950888434871000,16.25,5,16.2,609,16.25,159,1,2022-05-19 09:01:28
1652950888445184000,16.25,1,16.2,609,16.25,158,1,2022-05-19 09:01:28
1652950888484475000,16.25,1,16.2,609,16.25,157,1,2022-05-19 09:01:28
1652950888517576000,16.25,4,16.2,609,16.25,153,1,2022-05-19 09:01:28
1652950888635329000,16.25,1,16.2,609,16.25,152,1,2022-05-19 09:01:28
1652950888636268000,16.25,2,16.2,609,16.25,150,1,2022-05-19 09:01:28
1652950888651653000,16.25,3,16.2,609,16.25,149,1,2022-05-19 09:01:28
1652950888757529000,16.25,4,16.2,610,16.25,148,1,2022-05-19 09:01:28
1652950888881022000,16.25,1,16.2,610,16.25,147,1,2022-05-19 09:01:28
1652950888907780000,16.25,1,16.2,610,16.25,146,1,2022-05-19 09:01:28
1652950888923296000,16.25,3,16.2,610,16.25,143,1,2022-05-19 09:01:28
1652950889043686000,16.25,1,16.2,610,16.25,151,1,2022-05-19 09:01:29
1652950889262103000,16.25,1,16.2,610,16.25,151,1,2022-05-19 09:01:29
1652950889372616000,16.25,1,16.2,610,16.25,150,1,2022-05-19 09:01:29
1652950889399158000,16.25,10,16.2,610,16.25,140,1,2022-05-19 09:01:29
1652950889409182000,16.25,13,16.2,610,16.25,127,1,2022-05-19 09:01:29
1652950889459682000,16.2,3,16.2,607,16.25,127,2,2022-05-19 09:01:29
1652950889462482000,16.2,50,16.2,557,16.25,127,2,2022-05-19 09:01:29
1652950889504558000,16.25,1,16.2,557,16.25,126,1,2022-05-19 09:01:29
1652950889526912000,16.25,1,16.2,557,16.25,126,1,2022-05-19 09:01:29
1652950889550229000,16.25,2,16.2,557,16.25,124,1,2022-05-19 09:01:29
1652950889762024000,16.25,1,16.2,561,16.25,123,1,2022-05-19 09:01:29
1652950889765057000,16.25,3,16.2,561,16.25,120,1,2022-05-19 09:01:29
1652950889787017000,16.25,10,16.2,561,16.25,110,1,2022-05-19 09:01:29
1652950889790249000,16.25,1,16.2,561,16.25,109,1,2022-05-19 09:01:29
1652950889823943000,16.2,1,16.2,560,16.25,109,2,2022-05-19 09:01:29
1652950889826264000,16.25,10,16.2,560,16.25,99,1,2022-05-19 09:01:29
1652950889919336000,16.25,4,16.2,560,16.25,95,1,2022-05-19 09:01:29
1652950889935194000,16.25,1,16.2,560,16.25,94,1,2022-05-19 09:01:29
1652950889960424000,16.25,1,16.2,560,16.25,93,1,2022-05-19 09:01:29
1652950890044350000,16.25,1,16.2,561,16.25,92,1,2022-05-19 09:01:30
1652950890147336000,16.25,1,16.2,561,16.25,109,1,2022-05-19 09:01:30
1652950890166325000,16.25,2,16.2,561,16.25,107,1,2022-05-19 09:01:30
1652950890226751000,16.25,1,16.2,561,16.25,111,1,2022-05-19 09:01:30
1652950890272658000,16.25,1,16.2,561,16.25,110,1,2022-05-19 09:01:30
1652950890362429000,16.25,3,16.2,561,16.25,107,1,2022-05-19 09:01:30
1652950890371973000,16.25,10,16.2,561,16.25,97,1,2022-05-19 09:01:30
1652950890425216000,16.25,1,16.2,561,16.25,96,1,2022-05-19 09:01:30
1652950890461148000,16.25,1,16.2,561,16.25,95,1,2022-05-19 09:01:30
1652950890571995000,16.25,1,16.2,570,16.25,95,1,2022-05-19 09:01:30
1652950890589075000,16.25,2,16.2,570,16.25,93,1,2022-05-19 09:01:30
1652950890724792000,16.25,1,16.2,570,16.25,92,1,2022-05-19 09:01:30
1652950890769726000,16.2,1,16.2,569,16.25,92,2,2022-05-19 09:01:30
1652950890805059000,16.25,5,16.2,569,16.25,88,1,2022-05-19 09:01:30
1652950890851739000,16.25,19,16.2,569,16.25,69,1,2022-05-19 09:01:30
1652950890898146000,16.25,10,16.2,569,16.25,59,1,2022-05-19 09:01:30
1652950890922447000,16.25,2,16.2,569,16.25,57,1,2022-05-19 09:01:30
1652950891022383000,16.2,5,16.2,564,16.25,62,2,2022-05-19 09:01:31
1652950891061822000,16.25,4,16.2,564,16.25,60,1,2022-05-19 09:01:31
1652950891071558000,16.25,10,16.2,564,16.25,50,1,2022-05-19 09:01:31
1652950891081845000,16.25,2,16.2,564,16.25,48,1,2022-05-19 09:01:31
1652950891214051000,16.25,1,16.2,565,16.25,48,1,2022-05-19 09:01:31
1652950891252689000,16.2,5,16.2,560,16.25,48,2,2022-05-19 09:01:31
1652950891266485000,16.25,1,16.2,560,16.25,47,1,2022-05-19 09:01:31
1652950891268461000,16.25,5,16.2,560,16.25,42,1,2022-05-19 09:01:31
1652950891299302000,16.25,3,16.2,562,16.25,39,1,2022-05-19 09:01:31
1652950891306311000,16.25,10,16.2,562,16.25,29,1,2022-05-19 09:01:31
1652950891307537000,16.25,10,16.2,562,16.25,19,1,2022-05-19 09:01:31
1652950891378798000,16.25,1,16.2,577,16.25,18,1,2022-05-19 09:01:31
1652950891519245000,16.25,1,16.2,579,16.25,118,1,2022-05-19 09:01:31
1652950891599249000,16.25,1,16.2,579,16.25,117,1,2022-05-19 09:01:31
1652950891609128000,16.25,1,16.2,579,16.25,116,1,2022-05-19 09:01:31
1652950891614765000,16.25,40,16.2,579,16.25,76,1,2022-05-19 09:01:31
1652950891626827000,16.25,1,16.2,579,16.25,75,1,2022-05-19 09:01:31
1652950891658908000,16.25,2,16.2,579,16.25,74,1,2022-05-19 09:01:31
1652950891763824000,16.25,20,16.2,579,16.25,54,1,2022-05-19 09:01:31
1652950891810693000,16.25,1,16.2,579,16.25,53,1,2022-05-19 09:01:31
1652950891840782000,16.25,1,16.2,579,16.25,58,1,2022-05-19 09:01:31
1652950891922413000,16.25,2,16.2,579,16.25,56,1,2022-05-19 09:01:31
1652950891932689000,16.25,1,16.2,579,16.25,55,1,2022-05-19 09:01:31
1652950891951572000,16.25,1,16.2,579,16.25,54,1,2022-05-19 09:01:31
1652950891978199000,16.25,5,16.2,579,16.25,49,1,2022-05-19 09:01:31
1652950891984406000,16.25,20,16.2,579,16.25,29,1,2022-05-19 09:01:31
1652950891991703000,16.25,10,16.2,579,16.25,19,1,2022-05-19 09:01:31
1652950892045476000,16.25,5,16.2,579,16.25,14,1,2022-05-19 09:01:32
1652950892064841000,16.25,5,16.2,579,16.25,9,1,2022-05-19 09:01:32
1652950892073646000,16.25,1,16.2,579,16.25,8,1,2022-05-19 09:01:32
1652950892226212000,16.25,5,16.2,579,16.25,8,1,2022-05-19 09:01:32
1652950892252476000,16.25,8,16.25,22,16.3,272,1,2022-05-19 09:01:32
1652950892305530000,16.25,17,16.25,6,16.3,272,2,2022-05-19 09:01:32
1652950892402803000,16.25,1,16.25,70,16.3,272,2,2022-05-19 09:01:32
1652950892593632000,16.25,2,16.25,98,16.3,272,2,2022-05-19 09:01:32
1652950892605725000,16.3,6,16.25,98,16.3,266,1,2022-05-19 09:01:32
1652950892676401000,16.25,1,16.25,112,16.3,266,2,2022-05-19 09:01:32
1652950892867654000,16.25,1,16.25,213,16.3,266,2,2022-05-19 09:01:32
1652950892902471000,16.3,10,16.25,213,16.3,256,1,2022-05-19 09:01:32
1652950892997362000,16.3,10,16.25,243,16.3,246,1,2022-05-19 09:01:32
1652950893108638000,16.25,3,16.25,245,16.3,246,2,2022-05-19 09:01:33
1652950893278655000,16.25,3,16.25,247,16.3,247,2,2022-05-19 09:01:33
1652950893432037000,16.25,3,16.25,277,16.3,247,2,2022-05-19 09:01:33
1652950893492735000,16.25,3,16.25,274,16.3,247,2,2022-05-19 09:01:33
1652950893567208000,16.25,3,16.25,271,16.3,247,2,2022-05-19 09:01:33
1652950893577372000,16.25,2,16.25,269,16.3,247,2,2022-05-19 09:01:33
1652950893582206000,16.25,20,16.25,249,16.3,247,2,2022-05-19 09:01:33
1652950893656042000,16.3,2,16.25,254,16.3,245,1,2022-05-19 09:01:33
1652950893694611000,16.25,7,16.25,247,16.3,245,2,2022-05-19 09:01:33
1652950893716934000,16.3,2,16.25,247,16.3,243,1,2022-05-19 09:01:33
1652950893841567000,16.3,1,16.25,348,16.3,245,1,2022-05-19 09:01:33
1652950893912776000,16.25,1,16.25,347,16.3,245,2,2022-05-19 09:01:33
1652950893942148000,16.3,10,16.25,347,16.3,235,1,2022-05-19 09:01:33
1652950894241067000,16.25,1,16.25,554,16.3,235,2,2022-05-19 09:01:34
1652950894245422000,16.3,1,16.25,554,16.3,234,1,2022-05-19 09:01:34
1652950894261235000,16.25,3,16.25,551,16.3,234,2,2022-05-19 09:01:34
1652950894263659000,16.3,50,16.25,551,16.3,184,1,2022-05-19 09:01:34
1652950894492750000,16.25,3,16.25,657,16.3,184,2,2022-05-19 09:01:34
1652950894618248000,16.3,9,16.25,760,16.3,175,1,2022-05-19 09:01:34
1652950894656028000,16.25,3,16.25,757,16.3,175,2,2022-05-19 09:01:34
1652950894779715000,16.25,1,16.25,867,16.3,175,2,2022-05-19 09:01:34
1652950894793006000,16.3,1,16.25,867,16.3,174,1,2022-05-19 09:01:34
1652950894810881000,16.25,3,16.25,864,16.3,174,2,2022-05-19 09:01:34
1652950895384324000,16.25,60,16.25,806,16.3,177,2,2022-05-19 09:01:35
1652950895859036000,16.3,1,16.25,809,16.3,179,1,2022-05-19 09:01:35
1652950895910380000,16.25,2,16.25,807,16.3,179,2,2022-05-19 09:01:35
1652950895938609000,16.3,5,16.25,807,16.3,174,1,2022-05-19 09:01:35
1652950896200252000,16.3,4,16.25,807,16.3,171,1,2022-05-19 09:01:36
1652950896321696000,16.3,1,16.25,722,16.3,172,1,2022-05-19 09:01:36
1652950896431818000,16.25,135,16.25,187,16.3,172,2,2022-05-19 09:01:36
1652950896466765000,16.25,38,16.25,49,16.3,172,2,2022-05-19 09:01:36
1652950896478878000,16.3,1,16.25,49,16.3,171,1,2022-05-19 09:01:36
1652950896482551000,16.3,2,16.25,49,16.3,169,1,2022-05-19 09:01:36
1652950896524173000,16.25,37,16.25,12,16.3,169,2,2022-05-19 09:01:36
1652950896830364000,16.25,1,16.25,49,16.3,170,2,2022-05-19 09:01:36
1652950896889363000,16.3,1,16.25,49,16.3,170,1,2022-05-19 09:01:36
1652950896909714000,16.25,2,16.25,47,16.3,170,2,2022-05-19 09:01:36
1652950896942248000,16.25,1,16.25,46,16.3,170,2,2022-05-19 09:01:36
1652950897110085000,16.3,1,16.25,56,16.3,169,1,2022-05-19 09:01:37
1652950897188407000,16.25,3,16.25,53,16.3,169,2,2022-05-19 09:01:37
1652950897188979000,16.25,2,16.25,51,16.3,169,2,2022-05-19 09:01:37
1652950897214236000,16.25,3,16.25,48,16.3,169,2,2022-05-19 09:01:37
1652950897219348000,16.25,10,16.25,38,16.3,169,2,2022-05-19 09:01:37
1652950897227621000,16.3,1,16.25,40,16.3,168,1,2022-05-19 09:01:37
1652950897374020000,16.25,5,16.25,35,16.3,170,2,2022-05-19 09:01:37
1652950897410982000,16.25,1,16.25,34,16.3,169,2,2022-05-19 09:01:37
1652950897414182000,16.3,2,16.25,34,16.3,167,1,2022-05-19 09:01:37
1652950897450661000,16.25,10,16.25,24,16.3,167,2,2022-05-19 09:01:37
1652950897461456000,16.25,26,16.2,649,16.25,74,2,2022-05-19 09:01:37
1652950897523190000,16.25,10,16.2,647,16.25,66,1,2022-05-19 09:01:37
1652950897559912000,16.25,3,16.2,647,16.25,83,1,2022-05-19 09:01:37
1652950897560280000,16.25,2,16.2,647,16.25,81,1,2022-05-19 09:01:37
1652950897578248000,16.25,10,16.2,647,16.25,71,1,2022-05-19 09:01:37
1652950897582582000,16.25,1,16.2,647,16.25,70,1,2022-05-19 09:01:37
1652950897591181000,16.25,6,16.2,647,16.25,64,1,2022-05-19 09:01:37
1652950897620837000,16.25,1,16.2,647,16.25,65,1,2022-05-19 09:01:37
1652950897687809000,16.25,1,16.2,647,16.25,65,1,2022-05-19 09:01:37
1652950897730777000,16.25,8,16.2,647,16.25,57,1,2022-05-19 09:01:37
1652950897775387000,16.25,1,16.2,646,16.25,56,1,2022-05-19 09:01:37
1652950897778965000,16.25,10,16.2,646,16.25,46,1,2022-05-19 09:01:37
1652950897910458000,16.25,1,16.2,647,16.25,92,1,2022-05-19 09:01:37
1652950897979346000,16.25,6,16.2,647,16.25,119,1,2022-05-19 09:01:37
1652950898008346000,16.2,5,16.2,643,16.25,119,2,2022-05-19 09:01:38
1652950898071044000,16.25,5,16.2,643,16.25,137,1,2022-05-19 09:01:38
1652950898092212000,16.25,1,16.2,643,16.25,136,1,2022-05-19 09:01:38
1652950898098553000,16.25,1,16.2,643,16.25,135,1,2022-05-19 09:01:38
1652950898150374000,16.25,5,16.2,638,16.25,130,1,2022-05-19 09:01:38
1652950898205248000,16.25,1,16.2,638,16.25,135,1,2022-05-19 09:01:38
1652950898222887000,16.2,3,16.2,635,16.25,135,2,2022-05-19 09:01:38
1652950898388796000,16.25,2,16.2,635,16.25,174,1,2022-05-19 09:01:38
1652950898472174000,16.25,5,16.2,635,16.25,194,1,2022-05-19 09:01:38
1652950898484532000,16.2,20,16.2,615,16.25,221,2,2022-05-19 09:01:38
1652950898493678000,16.25,1,16.2,615,16.25,220,1,2022-05-19 09:01:38
1652950898598812000,16.25,15,16.2,600,16.25,219,1,2022-05-19 09:01:38
1652950898599377000,16.25,10,16.2,600,16.25,209,1,2022-05-19 09:01:38
1652950898636672000,16.25,5,16.2,600,16.25,209,1,2022-05-19 09:01:38
1652950898645105000,16.2,6,16.2,594,16.25,209,2,2022-05-19 09:01:38
1652950898653939000,16.25,1,16.2,594,16.25,208,1,2022-05-19 09:01:38
1652950898656939000,16.2,20,16.2,574,16.25,208,2,2022-05-19 09:01:38
1652950898720232000,16.2,20,16.2,554,16.25,208,2,2022-05-19 09:01:38
1652950898729936000,16.25,1,16.2,554,16.25,207,1,2022-05-19 09:01:38
1652950898744907000,16.2,2,16.2,552,16.25,207,2,2022-05-19 09:01:38
1652950898745189000,16.25,1,16.2,552,16.25,206,1,2022-05-19 09:01:38
1652950898835595000,16.2,2,16.2,102,16.25,206,2,2022-05-19 09:01:38
1652950898908815000,16.2,10,16.2,92,16.25,206,2,2022-05-19 09:01:38
1652950898941654000,16.2,2,16.2,90,16.25,206,2,2022-05-19 09:01:38
1652950899012703000,16.25,2,16.2,90,16.25,204,1,2022-05-19 09:01:39
1652950899096393000,16.2,2,16.2,88,16.25,204,2,2022-05-19 09:01:39
1652950899184902000,16.25,1,16.2,88,16.25,204,1,2022-05-19 09:01:39
1652950899188734000,16.2,10,16.2,78,16.25,204,2,2022-05-19 09:01:39
1652950899234289000,16.25,1,16.2,78,16.25,203,1,2022-05-19 09:01:39
1652950899289589000,16.25,1,16.2,78,16.25,207,1,2022-05-19 09:01:39
1652950899310999000,16.2,3,16.2,75,16.25,207,2,2022-05-19 09:01:39
1652950899348441000,16.2,12,16.2,63,16.25,207,2,2022-05-19 09:01:39
1652950899419359000,16.2,1,16.2,62,16.25,207,2,2022-05-19 09:01:39
1652950899421481000,16.25,1,16.2,62,16.25,206,1,2022-05-19 09:01:39
1652950899426172000,16.2,1,16.2,61,16.25,206,2,2022-05-19 09:01:39
1652950899438258000,16.25,1,16.2,61,16.25,205,1,2022-05-19 09:01:39
1652950899450705000,16.25,2,16.2,61,16.25,203,1,2022-05-19 09:01:39
1652950899465595000,16.2,10,16.2,51,16.25,204,2,2022-05-19 09:01:39
1652950899482105000,16.2,8,16.2,43,16.25,204,2,2022-05-19 09:01:39
1652950899515239000,16.2,40,16.2,3,16.25,204,2,2022-05-19 09:01:39
1652950899516075000,16.2,1,16.2,2,16.25,204,2,2022-05-19 09:01:39
1652950899554740000,16.2,3,16.15,250,16.25,219,2,2022-05-19 09:01:39
1652950899574212000,16.25,1,16.15,250,16.25,218,1,2022-05-19 09:01:39
1652950899726556000,16.2,1,16.15,250,16.2,45,1,2022-05-19 09:01:39
1652950899730538000,16.2,2,16.15,250,16.2,43,1,2022-05-19 09:01:39
1652950899769832000,16.2,3,16.15,250,16.2,40,1,2022-05-19 09:01:39
1652950899779452000,16.2,9,16.15,250,16.2,39,1,2022-05-19 09:01:39
1652950899824476000,16.2,10,16.15,250,16.2,29,1,2022-05-19 09:01:39
1652950899832259000,16.2,2,16.15,250,16.2,27,1,2022-05-19 09:01:39
1652950899838197000,16.15,5,16.15,245,16.2,27,2,2022-05-19 09:01:39
1652950899925549000,16.15,5,16.15,240,16.2,55,2,2022-05-19 09:01:39
1652950899929041000,16.2,3,16.15,240,16.2,52,1,2022-05-19 09:01:39
1652950899930679000,16.15,10,16.15,230,16.2,52,2,2022-05-19 09:01:39
1652950899943695000,16.15,1,16.15,229,16.2,52,2,2022-05-19 09:01:39
1652950899995408000,16.15,1,16.15,228,16.2,63,2,2022-05-19 09:01:39
1652950900047206000,16.2,50,16.15,228,16.2,13,1,2022-05-19 09:01:40
1652950900054604000,16.15,1,16.15,227,16.2,13,2,2022-05-19 09:01:40
1652950900074224000,16.2,1,16.15,227,16.2,12,1,2022-05-19 09:01:40
1652950900082012000,16.15,5,16.15,222,16.2,12,2,2022-05-19 09:01:40
1652950900203289000,16.2,1,16.15,222,16.2,31,1,2022-05-19 09:01:40
1652950900435307000,16.15,20,16.15,202,16.2,95,2,2022-05-19 09:01:40
1652950900459694000,16.2,1,16.15,202,16.2,94,1,2022-05-19 09:01:40
1652950900463089000,16.2,2,16.15,202,16.2,92,1,2022-05-19 09:01:40
1652950900500455000,16.15,6,16.15,196,16.2,92,2,2022-05-19 09:01:40
1652950900501519000,16.2,2,16.15,196,16.2,90,1,2022-05-19 09:01:40
1652950900608650000,16.2,1,16.15,196,16.2,103,1,2022-05-19 09:01:40
1652950900621913000,16.2,1,16.15,196,16.2,102,1,2022-05-19 09:01:40
1652950900644800000,16.2,1,16.15,196,16.2,101,1,2022-05-19 09:01:40
1652950900695300000,16.1,1,16.1,116,16.2,104,2,2022-05-19 09:01:40
1652950900733284000,16.2,2,16.1,116,16.2,102,1,2022-05-19 09:01:40
1652950900898266000,16.2,2,16.1,116,16.2,146,1,2022-05-19 09:01:40
1652950900990853000,16.1,1,16.1,85,16.2,177,2,2022-05-19 09:01:40
1652950901024117000,16.2,2,16.1,85,16.2,175,1,2022-05-19 09:01:41
1652950901066924000,16.2,1,16.1,85,16.2,174,1,2022-05-19 09:01:41
1652950901067951000,16.2,1,16.1,85,16.2,173,1,2022-05-19 09:01:41
1652950901072144000,16.2,1,16.1,85,16.2,172,1,2022-05-19 09:01:41
1652950901093291000,16.1,3,16.1,82,16.2,172,2,2022-05-19 09:01:41
1652950901101397000,16.1,3,16.1,79,16.2,172,2,2022-05-19 09:01:41
1652950901258540000,16.2,1,16.1,79,16.2,198,1,2022-05-19 09:01:41
1652950901302257000,16.1,10,16.1,69,16.2,198,2,2022-05-19 09:01:41
1652950901485661000,16.1,1,16.1,68,16.2,219,2,2022-05-19 09:01:41
1652950901571205000,16.1,50,16.1,18,16.2,219,2,2022-05-19 09:01:41
1652950901600327000,16.1,18,16.05,71,16.15,5,2,2022-05-19 09:01:41
1652950901676301000,16.1,5,16.1,5,16.15,25,2,2022-05-19 09:01:41
1652950901719280000,16.1,5,16.05,71,16.15,26,2,2022-05-19 09:01:41
1652950901746706000,16.15,5,16.05,71,16.15,21,1,2022-05-19 09:01:41
1652950901978705000,16.1,2,16.05,71,16.15,1,1,2022-05-19 09:01:41
1652950901978705000,16.15,36,16.05,71,16.15,1,1,2022-05-19 09:01:41
1652950902171449000,16.15,6,16.15,44,16.2,258,1,2022-05-19 09:01:42
1652950902182334000,16.15,1,16.15,43,16.2,258,2,2022-05-19 09:01:42
1652950902238254000,16.15,31,16.15,12,16.2,258,2,2022-05-19 09:01:42
1652950902271572000,16.15,12,16.1,2,16.2,258,2,2022-05-19 09:01:42
1652950902339383000,16.2,1,16.1,2,16.2,257,1,2022-05-19 09:01:42
1652950902370973000,16.1,2,16.0,73,16.2,267,2,2022-05-19 09:01:42
1652950902370973000,16.05,106,16.0,73,16.2,267,2,2022-05-19 09:01:42
1652950902370973000,16.0,125,16.0,73,16.2,267,2,2022-05-19 09:01:42
1652950902396410000,16.0,10,16.0,63,16.15,11,2,2022-05-19 09:01:42
1652950902802113000,16.15,1,16.05,59,16.15,59,1,2022-05-19 09:01:42
1652950902921138000,16.1,1,16.05,58,16.15,59,2,2022-05-19 09:01:42
1652950902921138000,16.05,1,16.05,58,16.15,59,2,2022-05-19 09:01:42
1652950902981951000,16.15,1,16.1,50,16.15,58,1,2022-05-19 09:01:42
1652950903045094000,16.1,1,16.1,59,16.15,58,2,2022-05-19 09:01:43
1652950903100684000,16.15,1,16.1,59,16.15,60,1,2022-05-19 09:01:43
1652950903262110000,16.15,1,16.1,59,16.15,59,1,2022-05-19 09:01:43
1652950903447487000,16.1,2,16.1,57,16.15,58,2,2022-05-19 09:01:43
1652950903532312000,16.15,1,16.1,59,16.15,65,1,2022-05-19 09:01:43
1652950903640971000,16.15,4,16.1,91,16.15,61,1,2022-05-19 09:01:43
1652950903648107000,16.15,2,16.1,91,16.15,59,1,2022-05-19 09:01:43
1652950903700539000,16.15,1,16.1,92,16.15,58,1,2022-05-19 09:01:43
1652950903918298000,16.1,1,16.1,94,16.15,68,2,2022-05-19 09:01:43
1652950904324810000,16.1,2,16.1,92,16.15,72,2,2022-05-19 09:01:44
1652950904519405000,16.15,2,16.1,92,16.15,70,1,2022-05-19 09:01:44
1652950904587471000,16.1,7,16.1,85,16.15,70,2,2022-05-19 09:01:44
1652950904880827000,16.1,3,16.1,83,16.15,86,2,2022-05-19 09:01:44
1652950904938798000,16.15,1,16.1,83,16.15,85,1,2022-05-19 09:01:44
1652950904946444000,16.15,1,16.1,83,16.15,84,1,2022-05-19 09:01:44
1652950905801031000,16.15,10,16.1,83,16.15,84,1,2022-05-19 09:01:45
1652950905810561000,16.15,2,16.1,83,16.15,82,1,2022-05-19 09:01:45
1652950906066997000,16.1,1,16.1,82,16.15,84,2,2022-05-19 09:01:46
1652950906155935000,16.1,2,16.1,80,16.15,85,2,2022-05-19 09:01:46
1652950906350912000,16.1,20,16.1,60,16.15,85,2,2022-05-19 09:01:46
1652950906513745000,16.15,1,16.1,60,16.15,88,1,2022-05-19 09:01:46
1652950906548425000,16.15,1,16.1,60,16.15,87,1,2022-05-19 09:01:46
1652950906742874000,16.15,1,16.1,61,16.15,77,1,2022-05-19 09:01:46
1652950906825760000,16.15,10,16.1,62,16.15,66,1,2022-05-19 09:01:46
1652950906945108000,16.1,3,16.1,59,16.15,66,2,2022-05-19 09:01:46
1652950906975745000,16.15,1,16.1,59,16.15,65,1,2022-05-19 09:01:46
1652950906976420000,16.1,2,16.1,57,16.15,65,2,2022-05-19 09:01:46
1652950907050001000,16.1,2,16.1,55,16.15,65,2,2022-05-19 09:01:47
1652950907122626000,16.1,2,16.1,53,16.15,68,2,2022-05-19 09:01:47
1652950907293225000,16.1,2,16.1,51,16.15,68,2,2022-05-19 09:01:47
1652950907310102000,16.15,2,16.1,51,16.15,66,1,2022-05-19 09:01:47
1652950907350036000,16.1,39,16.1,12,16.15,66,2,2022-05-19 09:01:47
1652950907362491000,16.15,2,16.1,12,16.15,64,1,2022-05-19 09:01:47
1652950907373589000,16.1,12,16.05,50,16.15,64,2,2022-05-19 09:01:47
1652950907450906000,16.15,1,16.05,50,16.15,63,1,2022-05-19 09:01:47
1652950907567265000,16.1,4,16.1,2,16.15,66,2,2022-05-19 09:01:47
1652950907611469000,16.1,2,16.05,50,16.15,66,2,2022-05-19 09:01:47
1652950907660272000,16.1,1,16.1,4,16.15,67,2,2022-05-19 09:01:47
1652950907885840000,16.15,3,16.1,4,16.15,79,1,2022-05-19 09:01:47
1652950908058277000,16.1,4,16.05,34,16.15,80,2,2022-05-19 09:01:48
1652950908058277000,16.05,16,16.05,34,16.15,80,2,2022-05-19 09:01:48
1652950908285712000,16.15,3,16.1,3,16.15,78,1,2022-05-19 09:01:48
1652950908299792000,16.1,3,16.05,35,16.1,8,2,2022-05-19 09:01:48
1652950908355652000,16.1,1,16.05,35,16.1,7,1,2022-05-19 09:01:48
1652950908714246000,16.1,1,16.05,35,16.1,23,1,2022-05-19 09:01:48
1652950908789090000,16.1,1,16.05,45,16.1,22,1,2022-05-19 09:01:48
1652950908896439000,16.05,5,16.05,40,16.1,33,2,2022-05-19 09:01:48
1652950908987190000,16.1,1,16.05,90,16.1,32,1,2022-05-19 09:01:48
1652950909348286000,16.05,1,16.05,89,16.1,46,2,2022-05-19 09:01:49
1652950909594114000,16.1,5,16.05,89,16.1,54,1,2022-05-19 09:01:49
1652950909655737000,16.1,1,16.05,89,16.1,53,1,2022-05-19 09:01:49
1652950909724824000,16.05,1,16.05,88,16.1,53,2,2022-05-19 09:01:49
1652950909919897000,16.1,4,16.05,88,16.1,49,1,2022-05-19 09:01:49
1652950910097371000,16.1,7,16.05,88,16.1,42,1,2022-05-19 09:01:50
1652950910305135000,16.1,50,16.05,108,16.1,5,1,2022-05-19 09:01:50
1652950910391812000,16.1,3,16.05,113,16.1,3,1,2022-05-19 09:01:50
1652950910524447000,16.05,5,16.05,108,16.1,13,2,2022-05-19 09:01:50
1652950910593285000,16.1,9,16.05,108,16.1,7,1,2022-05-19 09:01:50
1652950910677341000,16.05,3,16.05,105,16.1,12,2,2022-05-19 09:01:50
1652950910689533000,16.1,4,16.05,105,16.1,8,1,2022-05-19 09:01:50
1652950910780381000,16.1,5,16.05,105,16.1,4,1,2022-05-19 09:01:50
1652950910871339000,16.1,2,16.05,105,16.1,4,1,2022-05-19 09:01:50
1652950910872297000,16.1,1,16.05,105,16.1,3,1,2022-05-19 09:01:50
1652950910967814000,16.1,2,16.05,105,16.1,1,1,2022-05-19 09:01:50
1652950911157059000,16.1,4,16.05,155,16.1,7,1,2022-05-19 09:01:51
1652950911343943000,16.05,13,16.05,144,16.1,7,2,2022-05-19 09:01:51
1652950911401437000,16.1,4,16.05,144,16.1,3,1,2022-05-19 09:01:51
1652950911430950000,16.05,6,16.05,138,16.1,3,2,2022-05-19 09:01:51
1652950911517664000,16.1,3,16.1,2,16.15,124,1,2022-05-19 09:01:51
1652950911553813000,16.1,1,16.1,13,16.15,124,2,2022-05-19 09:01:51
1652950911564460000,16.1,5,16.1,8,16.15,124,2,2022-05-19 09:01:51
1652950911568951000,16.1,8,16.05,136,16.15,124,2,2022-05-19 09:01:51
1652950911568951000,16.05,2,16.05,136,16.15,124,2,2022-05-19 09:01:51
1652950911622602000,16.05,1,16.05,135,16.15,124,2,2022-05-19 09:01:51
1652950911630277000,16.05,20,16.05,115,16.15,124,2,2022-05-19 09:01:51
1652950911841634000,16.1,1,16.1,14,16.15,117,2,2022-05-19 09:01:51
1652950911852466000,16.1,10,16.1,4,16.15,117,2,2022-05-19 09:01:51
1652950912186698000,16.1,7,16.05,159,16.1,3,2,2022-05-19 09:01:52
1652950912263780000,16.1,1,16.05,161,16.1,2,1,2022-05-19 09:01:52
1652950912277280000,16.1,2,16.05,161,16.15,227,1,2022-05-19 09:01:52
1652950912670569000,16.1,1,16.05,161,16.1,1,1,2022-05-19 09:01:52
1652950913061304000,16.1,1,16.05,164,16.1,6,1,2022-05-19 09:01:53
1652950913154968000,16.1,4,16.05,164,16.1,3,1,2022-05-19 09:01:53
1652950913273619000,16.1,2,16.05,164,16.1,1,1,2022-05-19 09:01:53
1652950913377481000,16.1,1,16.05,164,16.15,216,1,2022-05-19 09:01:53
1652950913377481000,16.15,9,16.05,164,16.15,216,1,2022-05-19 09:01:53
1652950913580207000,16.1,1,16.05,165,16.1,9,2,2022-05-19 09:01:53
1652950913683536000,16.1,6,16.05,165,16.1,8,1,2022-05-19 09:01:53
1652950913703281000,16.1,1,16.05,195,16.1,7,1,2022-05-19 09:01:53
1652950913714516000,16.1,7,16.05,195,16.15,222,1,2022-05-19 09:01:53
1652950913887204000,16.1,5,16.05,195,16.1,25,2,2022-05-19 09:01:53
1652950914279222000,16.1,6,16.05,200,16.1,33,1,2022-05-19 09:01:54
1652950914316343000,16.1,5,16.05,200,16.1,28,1,2022-05-19 09:01:54
1652950914364677000,16.1,2,16.05,200,16.1,27,1,2022-05-19 09:01:54
1652950914519984000,16.05,10,16.05,190,16.1,27,2,2022-05-19 09:01:54
1652950915182706000,16.1,1,16.05,192,16.1,28,1,2022-05-19 09:01:55
1652950915432903000,16.05,1,16.05,191,16.1,34,2,2022-05-19 09:01:55
1652950915527935000,16.1,3,16.05,192,16.1,41,1,2022-05-19 09:01:55
1652950915898605000,16.1,2,16.05,193,16.1,40,1,2022-05-19 09:01:55
1652950916148091000,16.1,10,16.05,193,16.1,40,1,2022-05-19 09:01:56
1652950916225923000,16.1,1,16.05,193,16.1,39,1,2022-05-19 09:01:56
1652950916349063000,16.1,27,16.05,193,16.1,12,1,2022-05-19 09:01:56
1652950916399516000,16.05,1,16.05,192,16.1,12,2,2022-05-19 09:01:56
1652950916456514000,16.1,1,16.05,192,16.1,11,1,2022-05-19 09:01:56
1652950916469954000,16.1,5,16.05,192,16.1,6,1,2022-05-19 09:01:56
1652950916510571000,16.1,2,16.05,194,16.1,4,1,2022-05-19 09:01:56
1652950916686855000,16.1,4,16.1,1,16.15,257,1,2022-05-19 09:01:56
1652950916756994000,16.15,2,16.1,1,16.15,255,1,2022-05-19 09:01:56
1652950916894165000,16.1,4,16.05,196,16.1,46,2,2022-05-19 09:01:56
1652950916918875000,16.1,2,16.05,196,16.1,44,1,2022-05-19 09:01:56
1652950916932819000,16.1,1,16.05,196,16.1,43,1,2022-05-19 09:01:56
1652950916933755000,16.05,20,16.05,176,16.1,43,2,2022-05-19 09:01:56
1652950917082624000,16.1,5,16.05,176,16.1,43,1,2022-05-19 09:01:57
1652950917129281000,16.1,1,16.05,216,16.1,42,1,2022-05-19 09:01:57
1652950917231607000,16.05,20,16.05,196,16.1,46,2,2022-05-19 09:01:57
1652950917329247000,16.1,3,16.05,196,16.1,43,1,2022-05-19 09:01:57
1652950917351060000,16.1,2,16.05,196,16.1,41,1,2022-05-19 09:01:57
1652950917352530000,16.1,10,16.05,196,16.1,31,1,2022-05-19 09:01:57
1652950917500728000,16.05,7,16.05,189,16.1,31,2,2022-05-19 09:01:57
1652950917650702000,16.1,10,16.05,189,16.1,29,1,2022-05-19 09:01:57
1652950917664489000,16.1,1,16.05,189,16.1,38,1,2022-05-19 09:01:57
1652950917804971000,16.1,10,16.05,189,16.1,32,1,2022-05-19 09:01:57
1652950917857624000,16.1,14,16.05,189,16.1,18,1,2022-05-19 09:01:57
1652950918143292000,16.05,2,16.05,187,16.1,18,2,2022-05-19 09:01:58
1652950918199442000,16.1,1,16.05,187,16.1,17,1,2022-05-19 09:01:58
1652950918268739000,16.05,1,16.05,186,16.1,17,2,2022-05-19 09:01:58
1652950918432101000,16.1,2,16.05,187,16.1,16,1,2022-05-19 09:01:58
1652950918618161000,16.1,1,16.05,189,16.1,15,1,2022-05-19 09:01:58
1652950918877337000,16.05,1,16.05,188,16.1,20,2,2022-05-19 09:01:58
1652950919289839000,16.1,22,16.1,28,16.15,268,1,2022-05-19 09:01:59
1652950919470890000,16.1,2,16.1,29,16.15,268,2,2022-05-19 09:01:59
1652950919495286000,16.1,5,16.1,24,16.15,268,2,2022-05-19 09:01:59
1652950919726228000,16.1,4,16.1,39,16.15,268,2,2022-05-19 09:01:59
1652950919748061000,16.1,1,16.1,38,16.15,268,2,2022-05-19 09:01:59
1652950919898016000,16.1,2,16.1,46,16.15,268,2,2022-05-19 09:01:59
1652950920304229000,16.15,5,16.1,61,16.15,256,1,2022-05-19 09:02:00
1652950920320973000,16.15,1,16.1,61,16.15,255,1,2022-05-19 09:02:00
1652950920569361000,16.1,30,16.1,33,16.15,255,2,2022-05-19 09:02:00
1652950920606664000,16.1,1,16.1,32,16.15,255,2,2022-05-19 09:02:00
1652950920632242000,16.1,10,16.1,29,16.15,255,2,2022-05-19 09:02:00
1652950920936926000,16.15,12,16.1,85,16.15,243,1,2022-05-19 09:02:00
1652950921088893000,16.1,1,16.1,84,16.15,143,2,2022-05-19 09:02:01
1652950921224207000,16.1,5,16.1,79,16.15,143,2,2022-05-19 09:02:01
1652950921579434000,16.1,1,16.1,99,16.15,143,2,2022-05-19 09:02:01
1652950921670233000,16.1,10,16.1,89,16.15,143,2,2022-05-19 09:02:01
1652950921727799000,16.1,1,16.1,88,16.15,143,2,2022-05-19 09:02:01
1652950921790834000,16.15,5,16.1,89,16.15,138,1,2022-05-19 09:02:01
1652950921822768000,16.1,1,16.1,88,16.15,138,2,2022-05-19 09:02:01
1652950921936674000,16.15,1,16.1,88,16.15,137,1,2022-05-19 09:02:01
1652950921984117000,16.1,1,16.1,87,16.15,138,2,2022-05-19 09:02:01
1652950922164875000,16.15,20,16.1,89,16.15,118,1,2022-05-19 09:02:02
1652950922831701000,16.1,2,16.1,102,16.15,118,2,2022-05-19 09:02:02
1652950922869865000,16.15,3,16.1,102,16.15,115,1,2022-05-19 09:02:02
1652950922882659000,16.1,1,16.1,101,16.15,115,2,2022-05-19 09:02:02
1652950922923309000,16.15,5,16.1,101,16.15,110,1,2022-05-19 09:02:02
1652950922966259000,16.15,1,16.1,104,16.15,109,1,2022-05-19 09:02:02
1652950923236679000,16.15,22,16.1,144,16.15,89,1,2022-05-19 09:02:03
1652950923285250000,16.15,10,16.1,144,16.15,80,1,2022-05-19 09:02:03
1652950923383428000,16.15,2,16.1,145,16.15,78,1,2022-05-19 09:02:03
1652950923558451000,16.15,5,16.1,145,16.15,76,1,2022-05-19 09:02:03
1652950923616958000,16.15,1,16.1,145,16.15,75,1,2022-05-19 09:02:03
1652950923654957000,16.1,100,16.1,50,16.15,75,2,2022-05-19 09:02:03
1652950923782751000,16.15,5,16.1,50,16.15,70,1,2022-05-19 09:02:03
1652950923793941000,16.15,10,16.1,50,16.15,60,1,2022-05-19 09:02:03
1652950923802697000,16.15,15,16.1,50,16.15,45,1,2022-05-19 09:02:03
1652950923915492000,16.15,3,16.1,55,16.15,46,1,2022-05-19 09:02:03
1652950923961903000,16.1,1,16.1,54,16.15,46,2,2022-05-19 09:02:03
1652950923994561000,16.15,10,16.1,54,16.15,46,1,2022-05-19 09:02:03
1652950924002347000,16.15,15,16.1,54,16.15,31,1,2022-05-19 09:02:04
1652950924012121000,16.15,5,16.1,55,16.15,26,1,2022-05-19 09:02:04
1652950924028526000,16.15,1,16.1,55,16.15,25,1,2022-05-19 09:02:04
1652950924038033000,16.15,1,16.1,55,16.15,24,1,2022-05-19 09:02:04
1652950924041106000,16.15,2,16.1,55,16.15,22,1,2022-05-19 09:02:04
1652950924167703000,16.15,10,16.1,56,16.15,12,1,2022-05-19 09:02:04
1652950924200167000,16.15,6,16.1,56,16.15,6,1,2022-05-19 09:02:04
1652950924249805000,16.15,5,16.1,76,16.15,1,1,2022-05-19 09:02:04
1652950924461490000,16.1,2,16.1,74,16.15,1,2,2022-05-19 09:02:04
1652950924657195000,16.15,1,16.1,127,16.2,131,1,2022-05-19 09:02:04
1652950924657195000,16.2,19,16.1,127,16.2,131,1,2022-05-19 09:02:04
1652950925035102000,16.2,1,16.1,131,16.2,130,1,2022-05-19 09:02:05
1652950925842102000,16.15,1,16.1,140,16.2,130,1,2022-05-19 09:02:05
1652950925971375000,16.2,2,16.15,1,16.2,128,1,2022-05-19 09:02:05
1652950926111783000,16.2,4,16.15,1,16.2,124,1,2022-05-19 09:02:06
1652950926874179000,16.15,10,16.15,37,16.2,124,2,2022-05-19 09:02:06
1652950926965512000,16.2,30,16.15,37,16.2,94,1,2022-05-19 09:02:06
1652950927374051000,16.15,1,16.15,38,16.2,94,2,2022-05-19 09:02:07
1652950927642338000,16.2,1,16.15,38,16.2,93,1,2022-05-19 09:02:07
1652950927910614000,16.2,20,16.15,39,16.2,73,1,2022-05-19 09:02:07
1652950927949322000,16.2,1,16.15,39,16.2,72,1,2022-05-19 09:02:07
1652950928167336000,16.2,2,16.15,39,16.2,70,1,2022-05-19 09:02:08
1652950928626955000,16.2,3,16.15,49,16.2,67,1,2022-05-19 09:02:08
1652950928854156000,16.2,1,16.15,50,16.2,66,1,2022-05-19 09:02:08
1652950928966526000,16.15,1,16.15,49,16.2,66,2,2022-05-19 09:02:08
1652950929286539000,16.2,10,16.15,51,16.2,71,1,2022-05-19 09:02:09
1652950929652728000,16.15,1,16.15,53,16.2,72,2,2022-05-19 09:02:09
1652950929836210000,16.2,2,16.15,53,16.2,70,1,2022-05-19 09:02:09
1652950929983007000,16.15,1,16.15,62,16.2,70,2,2022-05-19 09:02:09
1652950930077339000,16.2,18,16.15,62,16.2,52,1,2022-05-19 09:02:10
1652950930266860000,16.2,1,16.15,62,16.2,51,1,2022-05-19 09:02:10
1652950930286071000,16.2,2,16.15,62,16.2,49,1,2022-05-19 09:02:10
1652950930500527000,16.2,2,16.15,76,16.2,57,1,2022-05-19 09:02:10
1652950930537647000,16.2,1,16.15,76,16.2,56,1,2022-05-19 09:02:10
1652950930616434000,16.15,3,16.15,73,16.2,56,2,2022-05-19 09:02:10
1652950930788709000,16.2,1,16.15,75,16.2,55,1,2022-05-19 09:02:10
1652950930861498000,16.2,1,16.15,75,16.2,59,1,2022-05-19 09:02:10
1652950931020261000,16.2,2,16.15,76,16.2,57,1,2022-05-19 09:02:11
1652950931089967000,16.15,4,16.15,72,16.2,57,2,2022-05-19 09:02:11
1652950931440750000,16.2,1,16.15,72,16.2,58,1,2022-05-19 09:02:11
1652950931483787000,16.2,3,16.15,72,16.2,55,1,2022-05-19 09:02:11
1652950931799938000,16.2,3,16.15,73,16.2,55,1,2022-05-19 09:02:11
1652950931905378000,16.2,2,16.15,73,16.2,53,1,2022-05-19 09:02:11
1652950931950092000,16.2,1,16.15,76,16.2,52,1,2022-05-19 09:02:11
1652950932180903000,16.2,1,16.15,76,16.2,51,1,2022-05-19 09:02:12
1652950932194419000,16.15,1,16.15,75,16.2,51,2,2022-05-19 09:02:12
1652950932649675000,16.2,2,16.15,77,16.2,50,1,2022-05-19 09:02:12
1652950932709667000,16.15,1,16.15,79,16.2,50,2,2022-05-19 09:02:12
1652950932777012000,16.2,5,16.15,79,16.2,45,1,2022-05-19 09:02:12
1652950932834985000,16.2,1,16.15,79,16.2,44,1,2022-05-19 09:02:12
1652950932989513000,16.2,13,16.15,79,16.2,31,1,2022-05-19 09:02:12
1652950933161618000,16.2,1,16.15,79,16.2,30,1,2022-05-19 09:02:13
1652950933169270000,16.2,6,16.15,79,16.2,24,1,2022-05-19 09:02:13
1652950933222568000,16.15,1,16.15,78,16.2,24,2,2022-05-19 09:02:13
1652950933243663000,16.2,10,16.15,78,16.2,14,1,2022-05-19 09:02:13
1652950933312082000,16.2,1,16.15,78,16.2,13,1,2022-05-19 09:02:13
1652950933837129000,16.2,1,16.15,79,16.2,14,1,2022-05-19 09:02:13
1652950933851796000,16.15,21,16.15,58,16.2,14,2,2022-05-19 09:02:13
1652950933889661000,16.2,5,16.15,58,16.2,9,1,2022-05-19 09:02:13
1652950933995968000,16.2,1,16.15,59,16.2,8,1,2022-05-19 09:02:13
1652950934235929000,16.2,2,16.15,59,16.2,6,1,2022-05-19 09:02:14
1652950934559058000,16.2,1,16.15,62,16.2,5,1,2022-05-19 09:02:14
1652950934574393000,16.15,5,16.15,57,16.2,5,2,2022-05-19 09:02:14
1652950934648947000,16.2,1,16.15,57,16.2,4,1,2022-05-19 09:02:14
1652950934754635000,16.2,2,16.15,58,16.2,2,1,2022-05-19 09:02:14
1652950934765314000,16.2,2,16.2,1,16.25,166,1,2022-05-19 09:02:14
1652950934773762000,16.2,1,16.2,3,16.25,166,2,2022-05-19 09:02:14
1652950934971180000,16.2,1,16.2,3,16.25,166,2,2022-05-19 09:02:14
1652950935072596000,16.2,1,16.2,2,16.25,166,2,2022-05-19 09:02:15
1652950935570979000,16.25,2,16.2,38,16.25,162,1,2022-05-19 09:02:15
1652950935764548000,16.25,5,16.2,44,16.25,167,1,2022-05-19 09:02:15
1652950935838819000,16.2,2,16.2,42,16.25,167,2,2022-05-19 09:02:15
1652950935873942000,16.2,3,16.2,39,16.25,167,2,2022-05-19 09:02:15
1652950936126167000,16.2,1,16.2,39,16.25,167,2,2022-05-19 09:02:16
1652950936162724000,16.2,1,16.2,39,16.25,167,2,2022-05-19 09:02:16
1652950936298476000,16.2,1,16.2,39,16.25,167,2,2022-05-19 09:02:16
1652950936422004000,16.2,1,16.2,40,16.25,167,2,2022-05-19 09:02:16
1652950936559050000,16.2,3,16.2,37,16.25,171,2,2022-05-19 09:02:16
1652950937484127000,16.25,30,16.2,51,16.25,143,1,2022-05-19 09:02:17
1652950937547821000,16.25,4,16.2,51,16.25,139,1,2022-05-19 09:02:17
1652950937566209000,16.2,20,16.2,46,16.25,139,2,2022-05-19 09:02:17
1652950937780774000,16.2,1,16.2,69,16.25,139,2,2022-05-19 09:02:17
1652950937998404000,16.2,7,16.2,72,16.25,139,2,2022-05-19 09:02:17
1652950938085669000,16.2,1,16.2,71,16.25,139,2,2022-05-19 09:02:18
1652950938098100000,16.2,2,16.2,69,16.25,139,2,2022-05-19 09:02:18
1652950938130206000,16.25,1,16.2,69,16.25,138,1,2022-05-19 09:02:18
1652950938383162000,16.2,10,16.2,60,16.25,138,2,2022-05-19 09:02:18
1652950938550110000,16.25,3,16.2,61,16.25,135,1,2022-05-19 09:02:18
1652950939322893000,16.2,2,16.2,65,16.25,135,2,2022-05-19 09:02:19
1652950939792114000,16.2,1,16.2,65,16.25,140,2,2022-05-19 09:02:19
1652950940337007000,16.2,1,16.2,66,16.25,140,2,2022-05-19 09:02:20
1652950940435695000,16.2,1,16.2,65,16.25,143,2,2022-05-19 09:02:20
1652950940465127000,16.25,143,16.2,65,16.3,535,1,2022-05-19 09:02:20
1652950940599221000,16.25,3,16.25,1,16.3,535,1,2022-05-19 09:02:20
1652950941153014000,16.25,10,16.25,1,16.3,535,2,2022-05-19 09:02:21
1652950941155409000,16.25,1,16.2,78,16.3,535,2,2022-05-19 09:02:21
1652950941187722000,16.2,10,16.2,68,16.3,535,2,2022-05-19 09:02:21
1652950941781626000,16.2,1,16.2,82,16.25,1,2,2022-05-19 09:02:21
1652950942164768000,16.2,1,16.2,87,16.25,1,2,2022-05-19 09:02:22
1652950942184472000,16.25,1,16.2,87,16.3,534,1,2022-05-19 09:02:22
1652950942421337000,16.3,1,16.2,90,16.3,533,1,2022-05-19 09:02:22
1652950942532559000,16.2,1,16.2,89,16.3,533,2,2022-05-19 09:02:22
1652950942649332000,16.3,5,16.2,89,16.3,528,1,2022-05-19 09:02:22
1652950942708789000,16.25,4,16.2,89,16.25,1,1,2022-05-19 09:02:22
1652950942738084000,16.25,1,16.2,89,16.3,528,1,2022-05-19 09:02:22
1652950942748433000,16.3,1,16.2,89,16.3,527,1,2022-05-19 09:02:22
1652950942826113000,16.25,1,16.2,89,16.3,527,2,2022-05-19 09:02:22
1652950943150115000,16.25,1,16.2,94,16.3,527,1,2022-05-19 09:02:23
1652950943463265000,16.25,1,16.2,94,16.3,527,1,2022-05-19 09:02:23
1652950943538153000,16.25,1,16.25,9,16.3,527,2,2022-05-19 09:02:23
1652950943581911000,16.25,1,16.25,8,16.3,527,2,2022-05-19 09:02:23
1652950943683022000,16.25,1,16.25,7,16.3,527,2,2022-05-19 09:02:23
1652950944149732000,16.25,7,16.2,101,16.25,3,2,2022-05-19 09:02:24
1652950944389698000,16.2,5,16.2,108,16.25,3,2,2022-05-19 09:02:24
1652950944500148000,16.2,3,16.2,105,16.25,3,2,2022-05-19 09:02:24
1652950944550621000,16.25,1,16.2,105,16.25,2,1,2022-05-19 09:02:24
1652950944621164000,16.25,10,16.2,108,16.25,2,1,2022-05-19 09:02:24
1652950944747853000,16.2,1,16.2,107,16.25,2,2,2022-05-19 09:02:24
1652950944928857000,16.25,1,16.2,109,16.25,1,1,2022-05-19 09:02:24
1652950945163810000,16.2,1,16.2,108,16.25,1,2,2022-05-19 09:02:25
1652950945513116000,16.25,6,16.2,110,16.25,6,1,2022-05-19 09:02:25
1652950945731280000,16.25,1,16.2,110,16.25,5,1,2022-05-19 09:02:25
1652950945981833000,16.25,26,16.2,111,16.3,502,1,2022-05-19 09:02:25
1652950945981833000,16.3,24,16.2,111,16.3,502,1,2022-05-19 09:02:25
1652950946309035000,16.3,1,16.2,128,16.3,461,1,2022-05-19 09:02:26
1652950946558335000,16.25,2,16.2,182,16.25,48,1,2022-05-19 09:02:26
1652950946590614000,16.25,11,16.2,182,16.25,37,1,2022-05-19 09:02:26
1652950946607026000,16.25,8,16.2,182,16.25,29,1,2022-05-19 09:02:26
1652950946635457000,16.2,4,16.2,178,16.25,29,2,2022-05-19 09:02:26
1652950946663054000,16.25,11,16.2,180,16.25,19,1,2022-05-19 09:02:26
1652950946752558000,16.25,11,16.2,180,16.25,8,1,2022-05-19 09:02:26
1652950946829821000,16.25,5,16.2,180,16.25,3,1,2022-05-19 09:02:26
1652950946921978000,16.25,2,16.2,180,16.25,6,1,2022-05-19 09:02:26
1652950946945395000,16.25,6,16.2,180,16.3,452,1,2022-05-19 09:02:26
1652950946945395000,16.3,9,16.2,180,16.3,452,1,2022-05-19 09:02:26
1652950946991247000,16.3,3,16.2,182,16.3,449,1,2022-05-19 09:02:26
1652950947120751000,16.3,1,16.2,182,16.3,448,1,2022-05-19 09:02:27
1652950947346277000,16.25,10,16.25,25,16.3,448,2,2022-05-19 09:02:27
1652950947418811000,16.3,2,16.25,25,16.3,446,1,2022-05-19 09:02:27
1652950947464465000,16.25,1,16.25,24,16.3,446,2,2022-05-19 09:02:27
1652950947748731000,16.3,2,16.25,24,16.3,444,1,2022-05-19 09:02:27
1652950947751137000,16.25,1,16.25,23,16.3,444,2,2022-05-19 09:02:27
1652950947763955000,16.25,1,16.25,22,16.3,444,2,2022-05-19 09:02:27
1652950948057140000,16.25,1,16.25,28,16.3,444,2,2022-05-19 09:02:28
1652950948295893000,16.3,1,16.25,28,16.3,442,1,2022-05-19 09:02:28
1652950948568784000,16.3,2,16.25,28,16.3,440,1,2022-05-19 09:02:28
1652950948641223000,16.25,1,16.25,27,16.3,440,2,2022-05-19 09:02:28
1652950948754971000,16.25,5,16.25,22,16.3,440,2,2022-05-19 09:02:28
1652950948871529000,16.25,1,16.25,21,16.3,440,2,2022-05-19 09:02:28
1652950948987573000,16.3,3,16.25,21,16.3,437,1,2022-05-19 09:02:28
1652950949087834000,16.25,3,16.25,18,16.3,437,2,2022-05-19 09:02:29
1652950949173251000,16.25,3,16.25,15,16.3,437,2,2022-05-19 09:02:29
1652950949201019000,16.25,5,16.25,10,16.3,437,2,2022-05-19 09:02:29
1652950949357572000,16.3,1,16.25,10,16.3,441,1,2022-05-19 09:02:29
1652950949637685000,16.3,10,16.25,54,16.3,431,1,2022-05-19 09:02:29
1652950949921886000,16.3,3,16.25,64,16.3,433,1,2022-05-19 09:02:29
1652950950085413000,16.3,2,16.25,64,16.3,441,1,2022-05-19 09:02:30
1652950950134509000,16.25,1,16.25,63,16.3,441,2,2022-05-19 09:02:30
1652950950424305000,16.3,1,16.25,63,16.3,440,1,2022-05-19 09:02:30
1652950950432303000,16.25,1,16.25,62,16.3,440,2,2022-05-19 09:02:30
1652950950610701000,16.25,10,16.25,53,16.3,440,2,2022-05-19 09:02:30
1652950950740620000,16.3,1,16.25,58,16.3,439,1,2022-05-19 09:02:30
1652950950783494000,16.3,3,16.25,59,16.3,437,1,2022-05-19 09:02:30
1652950950854020000,16.3,35,16.25,65,16.3,402,1,2022-05-19 09:02:30
1652950950866136000,16.3,1,16.25,65,16.3,401,1,2022-05-19 09:02:30
1652950950986324000,16.25,1,16.25,64,16.3,401,2,2022-05-19 09:02:30
1652950951122858000,16.3,1,16.25,64,16.3,400,1,2022-05-19 09:02:31
1652950951132544000,16.25,1,16.25,63,16.3,400,2,2022-05-19 09:02:31
1652950951184677000,16.25,1,16.25,62,16.3,400,2,2022-05-19 09:02:31
1652950951220450000,16.25,4,16.25,58,16.3,400,2,2022-05-19 09:02:31
1652950951348008000,16.25,1,16.25,57,16.3,400,2,2022-05-19 09:02:31
1652950951633760000,16.25,5,16.25,63,16.3,400,2,2022-05-19 09:02:31
1652950951736795000,16.3,3,16.25,65,16.3,397,1,2022-05-19 09:02:31
1652950951816644000,16.3,1,16.25,66,16.3,396,1,2022-05-19 09:02:31
1652950952126904000,16.3,1,16.25,68,16.3,395,1,2022-05-19 09:02:32
1652950952163289000,16.3,35,16.25,68,16.3,360,1,2022-05-19 09:02:32
1652950952480895000,16.3,1,16.25,70,16.3,359,1,2022-05-19 09:02:32
1652950952678796000,16.3,2,16.25,73,16.3,360,1,2022-05-19 09:02:32
1652950952742773000,16.3,60,16.25,73,16.3,300,1,2022-05-19 09:02:32
1652950952799261000,16.3,10,16.25,73,16.3,291,1,2022-05-19 09:02:32
1652950952848101000,16.3,1,16.25,73,16.3,290,1,2022-05-19 09:02:32
1652950952891863000,16.25,4,16.25,69,16.3,290,2,2022-05-19 09:02:32
1652950953002442000,16.3,1,16.25,69,16.3,289,1,2022-05-19 09:02:33
1652950953107792000,16.25,3,16.25,66,16.3,289,2,2022-05-19 09:02:33
1652950953161082000,16.3,1,16.25,67,16.3,288,1,2022-05-19 09:02:33
1652950953178213000,16.25,2,16.25,65,16.3,288,2,2022-05-19 09:02:33
1652950953199958000,16.3,20,16.25,65,16.3,268,1,2022-05-19 09:02:33
1652950953295701000,16.3,1,16.25,65,16.3,267,1,2022-05-19 09:02:33
1652950953360138000,16.3,12,16.25,65,16.3,255,1,2022-05-19 09:02:33
1652950953382475000,16.3,45,16.25,65,16.3,210,1,2022-05-19 09:02:33
1652950953391456000,16.25,2,16.25,63,16.3,210,2,2022-05-19 09:02:33
1652950953444899000,16.25,30,16.25,33,16.3,211,2,2022-05-19 09:02:33
1652950953487996000,16.3,1,16.25,33,16.3,210,1,2022-05-19 09:02:33
1652950953511306000,16.3,3,16.25,33,16.3,207,1,2022-05-19 09:02:33
1652950953518413000,16.3,20,16.25,33,16.3,187,1,2022-05-19 09:02:33
1652950953609691000,16.3,1,16.25,33,16.3,186,1,2022-05-19 09:02:33
1652950953639680000,16.3,9,16.25,33,16.3,177,1,2022-05-19 09:02:33
1652950953669400000,16.3,3,16.25,33,16.3,174,1,2022-05-19 09:02:33
1652950953677147000,16.25,1,16.25,32,16.3,174,2,2022-05-19 09:02:33
1652950953688097000,16.3,12,16.25,32,16.3,162,1,2022-05-19 09:02:33
1652950953856792000,16.25,2,16.25,30,16.3,162,2,2022-05-19 09:02:33
1652950953861215000,16.3,1,16.25,30,16.3,161,1,2022-05-19 09:02:33
1652950953968667000,16.3,15,16.25,30,16.3,146,1,2022-05-19 09:02:33
1652950954040535000,16.3,10,16.25,31,16.3,136,1,2022-05-19 09:02:34
1652950954177450000,16.3,1,16.25,31,16.3,136,1,2022-05-19 09:02:34
1652950954247150000,16.3,1,16.25,32,16.3,135,1,2022-05-19 09:02:34
1652950954307559000,16.25,1,16.25,32,16.3,135,2,2022-05-19 09:02:34
1652950954312506000,16.3,9,16.25,33,16.3,126,1,2022-05-19 09:02:34
1652950954349106000,16.3,10,16.25,33,16.3,116,1,2022-05-19 09:02:34
1652950954554294000,16.3,50,16.25,38,16.3,66,1,2022-05-19 09:02:34
1652950954635561000,16.3,1,16.25,38,16.3,65,1,2022-05-19 09:02:34
1652950954645297000,16.25,2,16.25,36,16.3,65,2,2022-05-19 09:02:34
1652950954653470000,16.3,1,16.25,36,16.3,64,1,2022-05-19 09:02:34
1652950954778054000,16.3,2,16.25,37,16.3,62,1,2022-05-19 09:02:34
1652950954827065000,16.3,3,16.25,37,16.3,59,1,2022-05-19 09:02:34
1652950954871214000,16.25,2,16.25,36,16.3,59,2,2022-05-19 09:02:34
1652950954885515000,16.3,1,16.25,36,16.3,58,1,2022-05-19 09:02:34
1652950954892644000,16.3,4,16.25,36,16.3,54,1,2022-05-19 09:02:34
1652950954943604000,16.3,1,16.25,36,16.3,53,1,2022-05-19 09:02:34
1652950954958956000,16.3,1,16.25,36,16.3,52,1,2022-05-19 09:02:34
1652950954990465000,16.3,10,16.25,37,16.3,42,1,2022-05-19 09:02:34
1652950955061709000,16.3,4,16.25,49,16.3,43,1,2022-05-19 09:02:35
1652950955136405000,16.3,5,16.25,49,16.3,38,1,2022-05-19 09:02:35
1652950955189730000,16.3,5,16.25,49,16.3,33,1,2022-05-19 09:02:35
1652950955216229000,16.3,10,16.25,49,16.3,23,1,2022-05-19 09:02:35
1652950955228789000,16.3,10,16.25,49,16.3,13,1,2022-05-19 09:02:35
1652950955293170000,16.3,5,16.25,50,16.3,8,1,2022-05-19 09:02:35
1652950955385195000,16.3,8,16.25,50,16.35,147,1,2022-05-19 09:02:35
1652950955385195000,16.35,2,16.25,50,16.35,147,1,2022-05-19 09:02:35
1652950955441437000,16.3,1,16.25,50,16.35,147,1,2022-05-19 09:02:35
1652950955517205000,16.25,1,16.25,49,16.35,147,2,2022-05-19 09:02:35
1652950955524851000,16.3,1,16.25,49,16.3,19,2,2022-05-19 09:02:35
1652950955540549000,16.25,1,16.25,48,16.3,19,2,2022-05-19 09:02:35
1652950955553137000,16.3,19,16.25,48,16.35,126,1,2022-05-19 09:02:35
1652950955553137000,16.35,21,16.25,48,16.35,126,1,2022-05-19 09:02:35
1652950955593683000,16.35,1,16.25,48,16.35,125,1,2022-05-19 09:02:35
1652950955633791000,16.35,3,16.3,5,16.35,122,1,2022-05-19 09:02:35
1652950955635163000,16.35,1,16.3,5,16.35,121,1,2022-05-19 09:02:35
1652950955655149000,16.3,5,16.25,14,16.35,121,2,2022-05-19 09:02:35
1652950955655149000,16.25,35,16.25,14,16.35,121,2,2022-05-19 09:02:35
1652950956115590000,16.3,2,16.3,17,16.35,126,2,2022-05-19 09:02:36
1652950956117209000,16.35,12,16.3,17,16.35,114,1,2022-05-19 09:02:36
1652950956191667000,16.3,1,16.3,19,16.35,114,2,2022-05-19 09:02:36
1652950956360934000,16.35,1,16.3,56,16.35,108,1,2022-05-19 09:02:36
1652950956681523000,16.3,1,16.3,103,16.35,108,2,2022-05-19 09:02:36
1652950956686278000,16.35,1,16.3,103,16.35,107,1,2022-05-19 09:02:36
1652950956703629000,16.35,5,16.3,104,16.35,102,1,2022-05-19 09:02:36
1652950956930132000,16.35,1,16.3,107,16.35,101,1,2022-05-19 09:02:36
1652950956960480000,16.3,1,16.3,110,16.35,101,2,2022-05-19 09:02:36
1652950956963093000,16.35,10,16.3,110,16.35,91,1,2022-05-19 09:02:36
1652950957059990000,16.3,10,16.3,100,16.35,91,2,2022-05-19 09:02:37
1652950957164898000,16.3,3,16.3,109,16.35,91,2,2022-05-19 09:02:37
1652950957165474000,16.35,1,16.3,109,16.35,90,1,2022-05-19 09:02:37
1652950957260860000,16.3,1,16.3,108,16.35,90,2,2022-05-19 09:02:37
1652950957396345000,16.3,4,16.3,104,16.35,90,2,2022-05-19 09:02:37
1652950957713797000,16.3,1,16.3,104,16.35,95,2,2022-05-19 09:02:37
1652950957720272000,16.3,5,16.3,99,16.35,95,2,2022-05-19 09:02:37
1652950957765096000,16.3,2,16.3,98,16.35,95,2,2022-05-19 09:02:37
1652950957792469000,16.3,1,16.3,97,16.35,95,2,2022-05-19 09:02:37
1652950957803262000,16.35,30,16.3,97,16.35,65,1,2022-05-19 09:02:37
1652950957887139000,16.3,1,16.3,98,16.35,65,2,2022-05-19 09:02:37
1652950957921064000,16.35,15,16.3,99,16.35,50,1,2022-05-19 09:02:37
1652950957951166000,16.35,1,16.3,99,16.35,49,1,2022-05-19 09:02:37
1652950958010272000,16.35,15,16.3,99,16.35,34,1,2022-05-19 09:02:38
1652950958099919000,16.35,15,16.3,99,16.35,19,1,2022-05-19 09:02:38
1652950958136439000,16.3,50,16.3,49,16.35,19,2,2022-05-19 09:02:38
1652950958362587000,16.3,5,16.3,44,16.35,19,2,2022-05-19 09:02:38
1652950958441192000,16.35,1,16.3,47,16.35,18,1,2022-05-19 09:02:38
1652950958532705000,16.35,13,16.3,47,16.35,5,1,2022-05-19 09:02:38
1652950958654521000,16.35,3,16.3,49,16.35,2,1,2022-05-19 09:02:38
1652950958763206000,16.35,1,16.3,49,16.35,1,1,2022-05-19 09:02:38
1652950958792445000,16.35,1,16.35,9,16.4,284,1,2022-05-19 09:02:38
1652950958986654000,16.35,9,16.3,49,16.35,16,2,2022-05-19 09:02:38
1652950958995658000,16.35,1,16.3,49,16.35,15,1,2022-05-19 09:02:38
1652950959037232000,16.35,1,16.3,49,16.35,15,1,2022-05-19 09:02:39
1652950959153178000,16.3,2,16.3,49,16.35,15,2,2022-05-19 09:02:39
1652950959166089000,16.35,1,16.3,49,16.35,14,1,2022-05-19 09:02:39
1652950959264841000,16.3,30,16.3,39,16.35,15,2,2022-05-19 09:02:39
1652950959487552000,16.3,20,16.3,48,16.35,15,2,2022-05-19 09:02:39
1652950959585328000,16.3,2,16.3,46,16.35,15,2,2022-05-19 09:02:39
1652950959749068000,16.3,8,16.3,38,16.35,16,2,2022-05-19 09:02:39
1652950959909871000,16.3,2,16.3,45,16.35,18,2,2022-05-19 09:02:39
1652950959931946000,16.35,1,16.3,45,16.35,19,1,2022-05-19 09:02:39
1652950960109539000,16.35,1,16.3,55,16.35,48,1,2022-05-19 09:02:40
1652950960134148000,16.35,1,16.3,56,16.35,47,1,2022-05-19 09:02:40
1652950960289184000,16.35,2,16.3,59,16.35,75,1,2022-05-19 09:02:40
1652950960405598000,16.35,1,16.3,59,16.35,74,1,2022-05-19 09:02:40
1652950960731826000,16.35,1,16.3,59,16.35,86,1,2022-05-19 09:02:40
1652950960890577000,16.35,1,16.3,59,16.35,90,1,2022-05-19 09:02:40
1652950960985570000,16.35,2,16.3,59,16.35,88,1,2022-05-19 09:02:40
1652950961096852000,16.3,1,16.3,59,16.35,91,2,2022-05-19 09:02:41
1652950961393942000,16.35,1,16.3,69,16.35,95,1,2022-05-19 09:02:41
1652950961478066000,16.35,1,16.3,70,16.35,94,1,2022-05-19 09:02:41
1652950961550348000,16.35,3,16.3,70,16.35,94,1,2022-05-19 09:02:41
1652950961575291000,16.3,5,16.3,65,16.35,94,2,2022-05-19 09:02:41
1652950961631555000,16.35,2,16.3,65,16.35,95,1,2022-05-19 09:02:41
1652950961634712000,16.3,1,16.3,64,16.35,95,2,2022-05-19 09:02:41
1652950961748150000,16.35,10,16.3,64,16.35,95,1,2022-05-19 09:02:41
1652950961858695000,16.35,1,16.3,67,16.35,94,1,2022-05-19 09:02:41
1652950962004587000,16.3,5,16.3,68,16.35,99,2,2022-05-19 09:02:42
1652950962074609000,16.35,50,16.3,78,16.35,49,1,2022-05-19 09:02:42
1652950962146741000,16.35,5,16.3,79,16.35,50,1,2022-05-19 09:02:42
1652950962270192000,16.3,10,16.3,69,16.35,50,2,2022-05-19 09:02:42
1652950962416288000,16.35,1,16.3,169,16.35,69,1,2022-05-19 09:02:42
1652950962483848000,16.35,1,16.3,169,16.35,68,1,2022-05-19 09:02:42
1652950962992379000,16.3,1,16.3,224,16.35,193,2,2022-05-19 09:02:42
1652950963329018000,16.3,1,16.3,228,16.35,207,2,2022-05-19 09:02:43
1652950963340013000,16.35,5,16.3,228,16.35,202,1,2022-05-19 09:02:43
1652950963349166000,16.35,3,16.3,228,16.35,199,1,2022-05-19 09:02:43
1652950963465105000,16.35,2,16.3,228,16.35,197,1,2022-05-19 09:02:43
1652950963655614000,16.3,5,16.3,224,16.35,207,2,2022-05-19 09:02:43
1652950963727785000,16.3,10,16.3,216,16.35,207,2,2022-05-19 09:02:43
1652950963754918000,16.3,1,16.3,215,16.35,207,2,2022-05-19 09:02:43
1652950963769015000,16.35,5,16.3,215,16.35,252,1,2022-05-19 09:02:43
1652950963819980000,16.35,1,16.3,215,16.35,251,1,2022-05-19 09:02:43
1652950963864014000,16.35,1,16.3,215,16.35,270,1,2022-05-19 09:02:43
1652950963913506000,16.35,10,16.3,215,16.35,260,1,2022-05-19 09:02:43
1652950964068307000,16.3,55,16.3,160,16.35,260,2,2022-05-19 09:02:44
1652950964090921000,16.3,24,16.3,136,16.35,261,2,2022-05-19 09:02:44
1652950964090986000,16.3,95,16.3,41,16.35,261,2,2022-05-19 09:02:44
1652950964113124000,16.3,7,16.3,34,16.35,261,2,2022-05-19 09:02:44
1652950964113773000,16.3,34,16.25,126,16.35,261,2,2022-05-19 09:02:44
1652950964142304000,16.3,1,16.25,126,16.3,49,1,2022-05-19 09:02:44
1652950964214134000,16.3,1,16.25,126,16.3,48,1,2022-05-19 09:02:44
1652950964239186000,16.3,1,16.25,126,16.3,47,1,2022-05-19 09:02:44
1652950964297440000,16.3,1,16.25,126,16.3,46,1,2022-05-19 09:02:44
