ts,close,volume,bid_price,bid_volume,ask_price,ask_volume,tick_type,datetime
1652950809591121000,127.0,707,126.5,29,127.0,113,2,2022-05-19 09:00:09
1652950809632659000,126.5,13,126.5,16,127.0,113,2,2022-05-19 09:00:09
1652950809664137000,126.5,9,126.5,7,127.0,113,2,2022-05-19 09:00:09
1652950809681851000,127.0,1,126.5,7,127.0,112,1,2022-05-19 09:00:09
1652950809807082000,127.0,2,126.5,7,127.0,111,1,2022-05-19 09:00:09
1652950810219049000,127.0,1,126.5,7,127.0,110,1,2022-05-19 09:00:10
1652950810248110000,127.0,1,126.5,7,127.0,109,1,2022-05-19 09:00:10
1652950810411448000,127.0,1,126.5,7,127.0,108,1,2022-05-19 09:00:10
1652950810550212000,126.5,5,126.5,2,127.0,108,2,2022-05-19 09:00:10
1652950810894466000,126.5,2,126.5,1,127.0,108,2,2022-05-19 09:00:10
1652950810934138000,126.5,1,126.0,51,127.0,108,2,2022-05-19 09:00:10
1652950811161553000,127.0,5,126.0,51,127.0,103,1,2022-05-19 09:00:11
1652950811180688000,127.0,1,126.0,51,127.0,102,1,2022-05-19 09:00:11
1652950812018862000,127.0,1,126.5,5,127.0,102,1,2022-05-19 09:00:12
1652950812282168000,126.5,2,126.5,3,127.0,102,2,2022-05-19 09:00:12
1652950812349010000,126.5,2,126.5,1,127.0,102,2,2022-05-19 09:00:12
1652950812454122000,126.5,1,126.0,51,127.0,102,2,2022-05-19 09:00:12
1652950812943077000,126.5,1,126.0,51,127.0,100,1,2022-05-19 09:00:12
1652950812943077000,127.0,2,126.0,51,127.0,100,1,2022-05-19 09:00:12
1652950814027305000,126.0,1,126.0,51,126.5,5,2,2022-05-19 09:00:14
1652950814329331000,126.0,3,126.0,48,126.5,5,2,2022-05-19 09:00:14
1652950814682946000,126.0,2,126.0,46,126.5,10,2,2022-05-19 09:00:14
1652950815123292000,126.5,1,126.0,48,126.5,9,1,2022-05-19 09:00:15
1652950815373126000,126.0,1,126.0,47,126.5,13,2,2022-05-19 09:00:15
1652950815410765000,126.0,2,126.0,45,126.5,13,2,2022-05-19 09:00:15
1652950815426763000,126.5,1,126.0,45,126.5,12,1,2022-05-19 09:00:15
1652950815657701000,126.5,2,126.0,45,126.5,10,1,2022-05-19 09:00:15
1652950815703396000,126.0,1,126.0,44,126.5,10,2,2022-05-19 09:00:15
1652950815708824000,126.0,3,126.0,41,126.5,10,2,2022-05-19 09:00:15
1652950816182214000,126.0,1,126.0,41,126.5,12,2,2022-05-19 09:00:16
1652950816338033000,126.0,1,126.0,40,126.5,15,2,2022-05-19 09:00:16
1652950816464668000,126.5,1,126.0,40,126.5,14,1,2022-05-19 09:00:16
1652950816879401000,126.5,1,126.0,41,126.5,13,1,2022-05-19 09:00:16
1652950817091399000,126.5,5,126.0,41,126.5,10,1,2022-05-19 09:00:17
1652950817205389000,126.5,5,126.0,41,126.5,5,1,2022-05-19 09:00:17
1652950817389241000,126.0,3,126.0,38,126.5,16,2,2022-05-19 09:00:17
1652950817792100000,126.5,1,126.0,40,126.5,17,1,2022-05-19 09:00:17
1652950817857201000,126.0,4,126.0,36,126.5,17,2,2022-05-19 09:00:17
1652950817938746000,126.0,1,126.0,35,126.5,17,2,2022-05-19 09:00:17
1652950818043453000,126.0,5,126.0,30,126.5,17,2,2022-05-19 09:00:18
1652950818101149000,126.0,1,126.0,29,126.5,17,2,2022-05-19 09:00:18
1652950818513220000,126.0,1,126.0,30,126.5,18,2,2022-05-19 09:00:18
1652950818860291000,126.0,2,126.0,28,126.5,18,2,2022-05-19 09:00:18
1652950818921002000,126.0,1,126.0,27,126.5,18,2,2022-05-19 09:00:18
1652950819148323000,126.0,10,126.0,17,126.5,20,2,2022-05-19 09:00:19
1652950819177470000,126.0,17,125.5,65,126.5,20,2,2022-05-19 09:00:19
1652950819228842000,126.0,2,125.5,65,126.5,20,1,2022-05-19 09:00:19
1652950819653451000,126.0,1,125.5,65,126.0,3,2,2022-05-19 09:00:19
1652950819761931000,126.0,1,125.5,68,126.0,2,1,2022-05-19 09:00:19
1652950819858140000,126.0,3,126.0,47,126.5,20,1,2022-05-19 09:00:19
1652950820118683000,126.0,4,126.0,78,126.5,20,2,2022-05-19 09:00:20
1652950820166579000,126.0,1,126.0,77,126.5,20,2,2022-05-19 09:00:20
1652950820956057000,126.5,1,126.0,85,126.5,21,1,2022-05-19 09:00:20
1652950820987942000,126.5,3,126.0,85,126.5,18,1,2022-05-19 09:00:20
1652950821067497000,126.5,18,126.0,85,127.0,130,1,2022-05-19 09:00:21
1652950821374369000,126.5,1,126.5,7,127.0,130,2,2022-05-19 09:00:21
1652950821436480000,126.5,2,126.5,5,127.0,130,2,2022-05-19 09:00:21
1652950821467775000,126.5,1,126.5,4,127.0,130,2,2022-05-19 09:00:21
1652950821502646000,126.5,1,126.5,3,127.0,130,2,2022-05-19 09:00:21
1652950821608283000,126.5,2,126.5,2,127.0,130,2,2022-05-19 09:00:21
1652950821781889000,127.0,1,126.5,2,127.0,129,1,2022-05-19 09:00:21
1652950821873593000,126.5,5,126.5,1,127.0,129,2,2022-05-19 09:00:21
1652950821958597000,127.0,1,126.5,1,127.0,128,1,2022-05-19 09:00:21
1652950822043771000,127.0,1,126.5,4,127.0,127,1,2022-05-19 09:00:22
1652950822047574000,126.5,4,126.0,88,126.5,1,2,2022-05-19 09:00:22
1652950822077870000,126.5,1,126.0,88,127.0,127,1,2022-05-19 09:00:22
1652950822293832000,127.0,2,126.0,90,127.0,125,1,2022-05-19 09:00:22
1652950822458468000,126.5,1,126.5,1,127.0,126,2,2022-05-19 09:00:22
1652950822686641000,126.5,1,126.0,89,127.0,126,2,2022-05-19 09:00:22
1652950822686641000,126.0,1,126.0,89,127.0,126,2,2022-05-19 09:00:22
1652950822757836000,127.0,29,126.0,89,127.0,97,1,2022-05-19 09:00:22
1652950823288292000,126.0,1,126.0,95,126.5,5,2,2022-05-19 09:00:23
1652950823443977000,126.0,3,126.0,92,126.5,5,2,2022-05-19 09:00:23
1652950823898001000,126.5,5,126.0,96,126.5,1,1,2022-05-19 09:00:23
1652950824117114000,126.5,5,126.0,96,127.0,97,1,2022-05-19 09:00:24
1652950824150748000,126.0,2,126.0,94,127.0,97,2,2022-05-19 09:00:24
1652950824202782000,126.0,1,126.0,93,127.0,97,2,2022-05-19 09:00:24
1652950824592130000,126.5,2,126.0,88,126.5,1,2,2022-05-19 09:00:24
1652950824626924000,126.0,1,126.0,87,126.5,1,2,2022-05-19 09:00:24
1652950824889644000,126.5,1,126.0,97,127.0,97,1,2022-05-19 09:00:24
1652950825074157000,127.0,1,126.0,98,127.0,96,1,2022-05-19 09:00:25
1652950825098462000,127.0,1,126.0,98,127.0,95,1,2022-05-19 09:00:25
1652950825228236000,127.0,1,126.0,98,127.0,94,1,2022-05-19 09:00:25
1652950826230409000,126.5,1,126.5,6,127.0,94,2,2022-05-19 09:00:26
1652950826251814000,126.5,1,126.5,5,127.0,94,2,2022-05-19 09:00:26
1652950826586024000,127.0,1,126.5,10,127.0,93,1,2022-05-19 09:00:26
1652950826619422000,126.5,1,126.5,9,127.0,93,2,2022-05-19 09:00:26
1652950826698918000,126.5,1,126.5,9,127.0,96,2,2022-05-19 09:00:26
1652950827121240000,126.5,1,126.5,15,127.0,97,2,2022-05-19 09:00:27
1652950827159266000,126.5,1,126.5,15,127.0,97,2,2022-05-19 09:00:27
1652950827249137000,126.5,10,126.5,5,127.0,97,2,2022-05-19 09:00:27
1652950827748784000,127.0,2,126.5,17,127.0,95,1,2022-05-19 09:00:27
1652950828293669000,126.5,2,126.5,16,127.0,97,2,2022-05-19 09:00:28
1652950828531720000,126.5,5,126.5,11,127.0,97,2,2022-05-19 09:00:28
1652950828725753000,126.5,1,126.5,10,127.0,97,2,2022-05-19 09:00:28
1652950828894801000,126.5,10,126.0,111,127.0,97,2,2022-05-19 09:00:28
1652950829656624000,126.5,1,126.5,3,127.0,104,2,2022-05-19 09:00:29
1652950829741128000,126.5,1,126.5,3,127.0,104,2,2022-05-19 09:00:29
1652950829898462000,126.5,3,126.0,104,127.0,105,2,2022-05-19 09:00:29
1652950829898462000,126.0,7,126.0,104,127.0,105,2,2022-05-19 09:00:29
1652950829955586000,126.0,3,126.0,101,126.5,2,2,2022-05-19 09:00:29
1652950830026807000,126.5,1,126.0,110,126.5,1,1,2022-05-19 09:00:30
1652950830151370000,126.5,1,126.0,110,127.0,107,1,2022-05-19 09:00:30
1652950830215621000,126.0,3,126.0,107,126.5,5,2,2022-05-19 09:00:30
1652950830338642000,126.5,1,126.0,108,126.5,5,1,2022-05-19 09:00:30
1652950830595651000,126.5,3,126.0,108,126.5,7,1,2022-05-19 09:00:30
1652950830646298000,126.5,1,126.0,108,126.5,6,1,2022-05-19 09:00:30
1652950830697626000,126.5,6,126.0,111,127.0,115,1,2022-05-19 09:00:30
1652950830740117000,127.0,1,126.0,111,127.0,114,1,2022-05-19 09:00:30
1652950831161248000,126.5,2,126.0,112,126.5,6,1,2022-05-19 09:00:31
1652950831359956000,126.5,2,126.0,111,126.5,6,1,2022-05-19 09:00:31
1652950831686109000,126.5,1,126.0,111,126.5,17,1,2022-05-19 09:00:31
1652950831877112000,126.0,1,126.0,110,126.5,17,2,2022-05-19 09:00:31
1652950831892809000,126.5,4,126.0,110,126.5,13,1,2022-05-19 09:00:31
1652950831939038000,126.5,1,126.0,110,126.5,13,1,2022-05-19 09:00:31
1652950832063666000,126.5,1,126.0,110,126.5,15,1,2022-05-19 09:00:32
1652950832126752000,126.5,1,126.0,110,126.5,14,1,2022-05-19 09:00:32
1652950832189545000,126.5,10,126.0,110,126.5,4,1,2022-05-19 09:00:32
1652950832248257000,126.5,4,126.5,1,127.0,113,1,2022-05-19 09:00:32
1652950832364088000,126.5,1,126.0,110,126.5,4,2,2022-05-19 09:00:32
1652950832616319000,126.5,3,126.0,110,126.5,2,1,2022-05-19 09:00:32
1652950832843990000,126.5,1,126.0,110,126.5,2,1,2022-05-19 09:00:32
1652950833096002000,126.5,1,126.0,110,126.5,2,1,2022-05-19 09:00:33
1652950833370731000,126.0,1,126.0,151,126.5,3,2,2022-05-19 09:00:33
1652950833701196000,126.5,1,126.0,151,126.5,4,1,2022-05-19 09:00:33
1652950833783299000,126.0,1,126.0,150,126.5,4,2,2022-05-19 09:00:33
1652950833835487000,126.5,1,126.0,150,126.5,3,1,2022-05-19 09:00:33
1652950834166880000,126.5,1,126.0,149,126.5,2,1,2022-05-19 09:00:34
1652950834280691000,126.5,1,126.0,150,126.5,1,1,2022-05-19 09:00:34
1652950835096885000,126.5,1,126.0,151,126.5,3,1,2022-05-19 09:00:35
1652950835199131000,126.5,1,126.0,151,126.5,3,1,2022-05-19 09:00:35
1652950835209322000,126.5,2,126.0,151,126.5,1,1,2022-05-19 09:00:35
1652950835314688000,126.5,1,126.0,151,127.0,121,1,2022-05-19 09:00:35
1652950835520318000,126.5,1,126.5,1,127.0,121,2,2022-05-19 09:00:35
1652950835675512000,126.5,1,126.0,154,127.0,121,2,2022-05-19 09:00:35
1652950835782793000,126.5,1,126.0,154,127.0,122,2,2022-05-19 09:00:35
1652950835853618000,127.0,1,126.0,154,127.0,121,1,2022-05-19 09:00:35
1652950836347470000,126.5,1,126.0,153,126.5,2,1,2022-05-19 09:00:36
1652950836500844000,126.5,1,126.0,173,126.5,1,1,2022-05-19 09:00:36
1652950836556145000,126.5,1,126.0,173,127.0,123,1,2022-05-19 09:00:36
1652950837032979000,126.5,1,126.0,173,126.5,18,1,2022-05-19 09:00:37
1652950837370188000,126.5,2,126.0,173,126.5,16,1,2022-05-19 09:00:37
1652950837423820000,126.5,3,126.0,173,126.5,13,1,2022-05-19 09:00:37
1652950837518949000,126.5,1,126.0,173,126.5,19,1,2022-05-19 09:00:37
1652950837565504000,126.5,1,126.0,173,126.5,18,1,2022-05-19 09:00:37
1652950837774093000,126.5,1,126.0,173,126.5,17,1,2022-05-19 09:00:37
1652950837947090000,126.5,2,126.0,174,126.5,18,1,2022-05-19 09:00:37
1652950838177680000,126.5,5,126.0,176,126.5,13,1,2022-05-19 09:00:38
1652950838285988000,126.5,1,126.0,176,126.5,12,1,2022-05-19 09:00:38
1652950838372369000,126.5,1,126.0,176,126.5,11,1,2022-05-19 09:00:38
1652950838785221000,126.5,5,126.0,186,126.5,9,1,2022-05-19 09:00:38
1652950838915707000,126.5,1,126.0,186,126.5,8,1,2022-05-19 09:00:38
1652950839088520000,126.5,1,126.0,187,126.5,9,1,2022-05-19 09:00:39
1652950839395316000,126.5,1,126.0,187,126.5,8,1,2022-05-19 09:00:39
1652950839620229000,126.5,1,126.0,187,126.5,8,1,2022-05-19 09:00:39
1652950839720926000,126.5,1,126.0,187,126.5,7,1,2022-05-19 09:00:39
1652950839968599000,126.5,1,126.0,187,126.5,8,1,2022-05-19 09:00:39
1652950840145511000,126.5,2,126.0,188,126.5,6,1,2022-05-19 09:00:40
1652950840167725000,126.5,1,126.0,188,126.5,8,1,2022-05-19 09:00:40
1652950840396485000,126.5,9,126.0,188,127.0,128,1,2022-05-19 09:00:40
1652950840684253000,126.5,1,126.5,11,127.0,128,2,2022-05-19 09:00:40
1652950840771594000,126.5,1,126.5,10,127.0,128,2,2022-05-19 09:00:40
1652950840817026000,127.0,1,126.5,10,127.0,127,1,2022-05-19 09:00:40
1652950840941269000,126.5,2,126.5,9,127.0,127,2,2022-05-19 09:00:40
1652950841397843000,126.5,1,126.5,9,127.0,127,2,2022-05-19 09:00:41
1652950841817776000,126.5,2,126.5,12,127.0,127,2,2022-05-19 09:00:41
1652950841994310000,126.5,1,126.5,12,127.0,127,2,2022-05-19 09:00:41
1652950842029055000,127.0,1,126.5,12,127.0,126,1,2022-05-19 09:00:42
1652950842057776000,126.5,2,126.5,10,127.0,126,2,2022-05-19 09:00:42
1652950842387914000,126.5,1,126.5,17,127.0,126,2,2022-05-19 09:00:42
1652950842627016000,126.5,2,126.5,24,127.0,126,2,2022-05-19 09:00:42
1652950843505894000,126.5,1,126.5,24,127.0,127,2,2022-05-19 09:00:43
1652950844408609000,126.5,1,126.5,31,127.0,127,2,2022-05-19 09:00:44
1652950845115565000,126.5,7,126.5,29,127.0,128,2,2022-05-19 09:00:45
1652950845276879000,126.5,1,126.5,28,127.0,128,2,2022-05-19 09:00:45
1652950845451618000,127.0,1,126.5,28,127.0,127,1,2022-05-19 09:00:45
1652950845467537000,126.5,1,126.5,27,127.0,128,2,2022-05-19 09:00:45
1652950845476440000,126.5,1,126.5,26,127.0,128,2,2022-05-19 09:00:45
1652950845523205000,126.5,2,126.5,25,127.0,128,2,2022-05-19 09:00:45
1652950845878743000,126.5,5,126.5,20,127.0,129,2,2022-05-19 09:00:45
1652950846158648000,126.5,3,126.5,18,127.0,129,2,2022-05-19 09:00:46
1652950846186436000,127.0,2,126.5,18,127.0,127,1,2022-05-19 09:00:46
1652950846461592000,126.5,2,126.5,16,127.0,127,2,2022-05-19 09:00:46
1652950847121735000,126.5,2,126.5,14,127.0,128,2,2022-05-19 09:00:47
1652950848203585000,126.5,2,126.5,16,127.0,131,2,2022-05-19 09:00:48
1652950848216685000,126.5,2,126.5,14,127.0,131,2,2022-05-19 09:00:48
1652950848267020000,127.0,20,126.5,14,127.0,111,1,2022-05-19 09:00:48
1652950848319755000,126.5,6,126.5,8,127.0,111,2,2022-05-19 09:00:48
1652950848437191000,126.5,1,126.5,8,127.0,111,2,2022-05-19 09:00:48
1652950848684252000,127.0,1,126.5,8,127.0,120,1,2022-05-19 09:00:48
1652950848763431000,126.5,2,126.5,6,127.0,120,2,2022-05-19 09:00:48
1652950848896343000,126.5,1,126.5,5,127.0,123,2,2022-05-19 09:00:48
1652950849138409000,126.5,1,126.5,9,127.0,127,2,2022-05-19 09:00:49
1652950849244220000,126.5,3,126.5,6,127.0,127,2,2022-05-19 09:00:49
1652950849276266000,126.5,5,126.5,1,127.0,127,2,2022-05-19 09:00:49
1652950850006547000,126.5,2,126.5,2,127.0,127,2,2022-05-19 09:00:50
1652950850482141000,126.5,1,126.5,1,127.0,127,2,2022-05-19 09:00:50
1652950850538561000,126.5,1,126.0,200,126.5,1,2,2022-05-19 09:00:50
1652950850562831000,126.5,1,126.5,2,127.0,125,1,2022-05-19 09:00:50
1652950850780706000,126.5,2,126.5,11,127.0,137,2,2022-05-19 09:00:50
1652950850896542000,126.5,1,126.5,40,127.0,137,2,2022-05-19 09:00:50
1652950850992092000,126.5,1,126.5,41,127.0,137,2,2022-05-19 09:00:50
1652950851067824000,127.0,1,126.5,41,127.0,138,1,2022-05-19 09:00:51
1652950851155331000,126.5,5,126.5,36,127.0,140,2,2022-05-19 09:00:51
1652950851172966000,127.0,3,126.5,36,127.0,137,1,2022-05-19 09:00:51
1652950851221974000,126.5,1,126.5,35,127.0,137,2,2022-05-19 09:00:51
1652950851272070000,126.5,1,126.5,34,127.0,137,2,2022-05-19 09:00:51
1652950851490688000,127.0,2,126.5,34,127.0,135,1,2022-05-19 09:00:51
1652950852386765000,126.5,9,126.5,44,127.0,135,2,2022-05-19 09:00:52
1652950852504120000,126.5,1,126.5,48,127.0,135,2,2022-05-19 09:00:52
1652950853465865000,126.5,2,126.5,48,127.0,136,2,2022-05-19 09:00:53
1652950854051269000,126.5,3,126.5,51,127.0,136,2,2022-05-19 09:00:54
1652950854335796000,126.5,1,126.5,51,127.0,135,2,2022-05-19 09:00:54
1652950854685961000,126.5,1,126.5,61,127.0,134,2,2022-05-19 09:00:54
1652950855390190000,126.5,1,126.5,65,127.0,134,2,2022-05-19 09:00:55
1652950855920241000,126.5,2,126.5,65,127.0,139,2,2022-05-19 09:00:55
1652950856078168000,126.5,3,126.5,64,127.0,139,2,2022-05-19 09:00:56
1652950856779351000,126.5,12,126.5,62,127.0,139,2,2022-05-19 09:00:56
1652950857654746000,126.5,1,126.5,65,127.0,139,2,2022-05-19 09:00:57
1652950858111030000,127.0,1,126.5,69,127.0,138,1,2022-05-19 09:00:58
1652950858640552000,127.0,4,126.5,64,127.0,134,1,2022-05-19 09:00:58
1652950858777087000,127.0,1,126.5,63,127.0,133,1,2022-05-19 09:00:58
1652950859128599000,126.5,1,126.5,62,127.0,134,2,2022-05-19 09:00:59
1652950859204653000,126.5,3,126.5,60,127.0,131,2,2022-05-19 09:00:59
1652950859517086000,126.5,8,126.5,57,127.0,131,2,2022-05-19 09:00:59
1652950859620013000,127.0,1,126.5,61,127.0,130,1,2022-05-19 09:00:59
1652950859729254000,126.5,1,126.5,60,127.0,131,2,2022-05-19 09:00:59
1652950860041416000,127.0,1,126.5,61,127.0,131,1,2022-05-19 09:01:00
1652950860440220000,127.0,1,126.5,63,127.0,131,1,2022-05-19 09:01:00
1652950860466772000,126.5,1,126.5,62,127.0,131,2,2022-05-19 09:01:00
1652950860509969000,126.5,3,126.5,59,127.0,131,2,2022-05-19 09:01:00
1652950860545429000,126.5,2,126.5,57,127.0,131,2,2022-05-19 09:01:00
1652950860681463000,127.0,1,126.5,57,127.0,130,1,2022-05-19 09:01:00
1652950861292607000,127.0,1,126.5,58,127.0,129,1,2022-05-19 09:01:01
1652950862313444000,126.5,1,126.5,64,127.0,132,2,2022-05-19 09:01:02
1652950862458721000,126.5,1,126.5,63,127.0,132,2,2022-05-19 09:01:02
1652950863758383000,126.5,2,126.5,85,127.0,133,2,2022-05-19 09:01:03
1652950865504583000,127.0,1,126.5,90,127.0,132,1,2022-05-19 09:01:05
1652950865825727000,127.0,1,126.5,90,127.0,131,1,2022-05-19 09:01:05
1652950865902230000,127.0,2,126.5,90,127.0,129,1,2022-05-19 09:01:05
1652950866055846000,127.0,2,126.5,92,127.0,122,1,2022-05-19 09:01:06
1652950867106000000,126.5,3,126.5,92,127.0,123,2,2022-05-19 09:01:07
1652950868123533000,126.5,3,126.5,91,127.0,134,2,2022-05-19 09:01:08
1652950868125934000,126.5,1,126.5,90,127.0,134,2,2022-05-19 09:01:08
1652950868337652000,126.5,1,126.5,89,127.0,135,2,2022-05-19 09:01:08
1652950869310483000,127.0,10,126.5,93,127.0,125,1,2022-05-19 09:01:09
1652950870129126000,126.5,1,126.5,94,127.0,142,2,2022-05-19 09:01:10
1652950870187212000,127.0,1,126.5,94,127.0,141,1,2022-05-19 09:01:10
1652950870338052000,126.5,1,126.5,93,127.0,141,2,2022-05-19 09:01:10
1652950870723413000,127.0,10,126.5,96,127.0,131,1,2022-05-19 09:01:10
1652950871102825000,127.0,1,126.5,96,127.0,130,1,2022-05-19 09:01:11
1652950871854840000,126.5,1,126.5,96,127.0,140,2,2022-05-19 09:01:11
1652950872333095000,127.0,1,126.5,96,127.0,139,1,2022-05-19 09:01:12
1652950872570801000,127.0,5,126.5,96,127.0,134,1,2022-05-19 09:01:12
1652950873269514000,127.0,1,126.5,101,127.0,143,1,2022-05-19 09:01:13
1652950874133831000,126.5,5,126.5,99,127.0,145,2,2022-05-19 09:01:14
1652950875057660000,127.0,1,126.5,100,127.0,144,1,2022-05-19 09:01:15
1652950875462258000,127.0,1,126.5,103,127.0,143,1,2022-05-19 09:01:15
1652950876306039000,127.0,1,126.5,107,127.0,142,1,2022-05-19 09:01:16
1652950876642539000,127.0,1,126.5,108,127.0,145,1,2022-05-19 09:01:16
1652950877220983000,127.0,1,126.5,108,127.0,144,1,2022-05-19 09:01:17
1652950877460361000,127.0,1,126.5,117,127.0,143,1,2022-05-19 09:01:17
1652950878247207000,126.5,1,126.5,116,127.0,142,2,2022-05-19 09:01:18
1652950878335078000,126.5,1,126.5,115,127.0,142,2,2022-05-19 09:01:18
1652950878343387000,127.0,1,126.5,115,127.0,141,1,2022-05-19 09:01:18
1652950878615703000,126.5,1,126.5,116,127.0,141,2,2022-05-19 09:01:18
1652950879185193000,127.0,5,126.5,119,127.0,136,1,2022-05-19 09:01:19
1652950879334951000,127.0,5,126.5,119,127.0,130,1,2022-05-19 09:01:19
1652950879557462000,127.0,2,126.5,119,127.0,128,1,2022-05-19 09:01:19
1652950880056689000,126.5,1,126.5,119,127.0,128,2,2022-05-19 09:01:20
1652950881297620000,126.5,1,126.5,122,127.0,128,2,2022-05-19 09:01:21
1652950881692476000,127.0,1,126.5,122,127.0,127,1,2022-05-19 09:01:21
1652950882443096000,127.0,2,126.5,123,127.0,127,1,2022-05-19 09:01:22
1652950883358462000,127.0,3,126.5,124,127.0,125,1,2022-05-19 09:01:23
1652950883390444000,126.5,1,126.5,124,127.0,125,2,2022-05-19 09:01:23
1652950883451977000,126.5,2,126.5,122,127.0,125,2,2022-05-19 09:01:23
1652950883934237000,126.5,1,126.5,120,127.0,125,2,2022-05-19 09:01:23
1652950884190167000,127.0,1,126.5,120,127.0,124,1,2022-05-19 09:01:24
1652950885200854000,127.0,1,126.5,120,127.0,127,1,2022-05-19 09:01:25
1652950886026593000,126.5,3,126.5,119,127.0,129,2,2022-05-19 09:01:26
1652950886684876000,127.0,128,126.5,119,127.5,118,1,2022-05-19 09:01:26
1652950887253235000,127.0,1,127.0,7,127.5,118,2,2022-05-19 09:01:27
1652950887330126000,127.0,1,127.0,7,127.5,118,2,2022-05-19 09:01:27
1652950887587916000,127.5,1,127.0,32,127.5,116,1,2022-05-19 09:01:27
1652950888228989000,127.0,1,127.0,91,127.5,116,2,2022-05-19 09:01:28
1652950888229875000,127.0,1,127.0,90,127.5,116,2,2022-05-19 09:01:28
1652950888297096000,127.0,2,127.0,89,127.5,116,2,2022-05-19 09:01:28
1652950888357543000,127.5,1,127.0,89,127.5,115,1,2022-05-19 09:01:28
1652950888461378000,127.5,44,127.0,91,127.5,71,1,2022-05-19 09:01:28
1652950888734807000,127.5,8,127.0,49,127.5,63,1,2022-05-19 09:01:28
1652950888807966000,127.5,1,127.0,49,127.5,62,1,2022-05-19 09:01:28
1652950889102072000,127.0,1,127.0,49,127.5,62,2,2022-05-19 09:01:29
1652950889117028000,127.5,1,127.0,49,127.5,61,1,2022-05-19 09:01:29
1652950889982818000,127.5,2,127.0,56,127.5,61,1,2022-05-19 09:01:29
1652950890552936000,127.5,1,127.0,79,127.5,67,1,2022-05-19 09:01:30
1652950890639500000,127.0,1,127.0,78,127.5,67,2,2022-05-19 09:01:30
1652950890719213000,127.0,1,127.0,77,127.5,67,2,2022-05-19 09:01:30
1652950890746178000,127.5,2,127.0,77,127.5,65,1,2022-05-19 09:01:30
1652950890801831000,127.0,10,127.0,68,127.5,65,2,2022-05-19 09:01:30
1652950891053868000,127.5,2,127.0,70,127.5,63,1,2022-05-19 09:01:31
1652950891142704000,127.5,3,127.0,71,127.5,60,1,2022-05-19 09:01:31
1652950891252508000,127.5,1,127.0,71,127.5,59,1,2022-05-19 09:01:31
1652950891417034000,127.5,1,127.0,71,127.5,58,1,2022-05-19 09:01:31
1652950891887771000,127.5,1,127.0,74,127.5,57,1,2022-05-19 09:01:31
1652950891897963000,127.5,1,127.0,74,127.5,56,1,2022-05-19 09:01:31
1652950891919686000,127.5,1,127.0,74,127.5,55,1,2022-05-19 09:01:31
1652950892118218000,127.5,2,127.0,74,127.5,53,1,2022-05-19 09:01:32
1652950892170336000,127.5,1,127.0,76,127.5,52,1,2022-05-19 09:01:32
1652950892310947000,127.5,1,127.0,77,127.5,51,1,2022-05-19 09:01:32
1652950892550837000,127.5,1,127.0,79,127.5,51,1,2022-05-19 09:01:32
1652950892635325000,127.5,1,127.0,79,127.5,50,1,2022-05-19 09:01:32
1652950892811925000,127.0,1,127.0,78,127.5,49,2,2022-05-19 09:01:32
1652950892910590000,127.5,2,127.0,77,127.5,47,1,2022-05-19 09:01:32
1652950893553737000,127.5,1,127.0,77,127.5,46,1,2022-05-19 09:01:33
1652950893633485000,127.5,1,127.0,77,127.5,45,1,2022-05-19 09:01:33
1652950893638210000,127.5,1,127.0,77,127.5,44,1,2022-05-19 09:01:33
1652950893795466000,127.5,2,127.0,77,127.5,42,1,2022-05-19 09:01:33
1652950893843686000,127.5,1,127.0,78,127.5,41,1,2022-05-19 09:01:33
1652950893935900000,127.5,1,127.0,80,127.5,40,1,2022-05-19 09:01:33
1652950894042438000,127.5,1,127.0,80,127.5,39,1,2022-05-19 09:01:34
1652950894116311000,127.5,1,127.0,80,127.5,48,1,2022-05-19 09:01:34
1652950894305815000,127.5,3,127.0,81,127.5,45,1,2022-05-19 09:01:34
1652950894357792000,127.5,2,127.0,84,127.5,43,1,2022-05-19 09:01:34
1652950894364354000,127.5,2,127.0,84,127.5,41,1,2022-05-19 09:01:34
1652950894668532000,127.5,2,127.0,83,127.5,39,1,2022-05-19 09:01:34
1652950894941390000,127.5,2,127.0,83,127.5,42,1,2022-05-19 09:01:34
1652950894952981000,127.5,1,127.0,83,127.5,41,1,2022-05-19 09:01:34
1652950895085599000,127.5,2,127.0,84,127.5,39,1,2022-05-19 09:01:35
1652950895128238000,127.5,1,127.0,84,127.5,38,1,2022-05-19 09:01:35
1652950895352844000,127.0,5,127.0,86,127.5,39,2,2022-05-19 09:01:35
1652950895461811000,127.5,1,127.0,86,127.5,39,1,2022-05-19 09:01:35
1652950895833379000,127.5,5,127.0,88,127.5,38,1,2022-05-19 09:01:35
1652950895926527000,127.5,2,127.0,88,127.5,36,1,2022-05-19 09:01:35
1652950896043753000,127.5,10,127.0,88,127.5,26,1,2022-05-19 09:01:36
1652950896349555000,127.5,1,127.0,89,127.5,25,1,2022-05-19 09:01:36
1652950896556043000,127.5,5,127.0,90,127.5,28,1,2022-05-19 09:01:36
1652950896581146000,127.5,1,127.0,90,127.5,27,1,2022-05-19 09:01:36
1652950896759211000,127.5,2,127.0,89,127.5,27,1,2022-05-19 09:01:36
1652950896995774000,127.5,1,127.0,84,127.5,26,1,2022-05-19 09:01:36
1652950897037647000,127.5,1,127.0,84,127.5,25,1,2022-05-19 09:01:37
1652950897082601000,127.5,6,127.0,85,127.5,19,1,2022-05-19 09:01:37
1652950897307749000,127.0,1,127.0,85,127.5,19,2,2022-05-19 09:01:37
1652950897386783000,127.5,1,127.0,86,127.5,24,1,2022-05-19 09:01:37
1652950897642183000,127.5,20,127.0,86,127.5,7,1,2022-05-19 09:01:37
1652950897679231000,127.5,1,127.0,86,127.5,6,1,2022-05-19 09:01:37
1652950897867079000,127.5,1,127.0,87,127.5,6,1,2022-05-19 09:01:37
1652950897905483000,127.5,1,127.0,87,127.5,5,1,2022-05-19 09:01:37
1652950897967646000,127.5,1,127.0,88,127.5,5,1,2022-05-19 09:01:37
1652950898008751000,127.5,1,127.0,88,127.5,4,1,2022-05-19 09:01:38
1652950898084338000,127.5,1,127.0,87,127.5,3,1,2022-05-19 09:01:38
1652950898239519000,127.5,1,127.0,87,127.5,2,1,2022-05-19 09:01:38
1652950898280269000,127.5,1,127.0,87,127.5,1,1,2022-05-19 09:01:38
1652950898281517000,127.5,1,127.0,87,128.0,161,1,2022-05-19 09:01:38
1652950898435982000,127.5,1,127.0,95,128.0,161,1,2022-05-19 09:01:38
1652950898486435000,128.0,1,127.5,1,128.0,160,1,2022-05-19 09:01:38
1652950898500253000,127.5,1,127.5,1,128.0,160,2,2022-05-19 09:01:38
1652950899340055000,127.5,1,127.5,38,128.0,166,2,2022-05-19 09:01:39
1652950899363497000,127.5,1,127.5,37,128.0,166,2,2022-05-19 09:01:39
1652950899717261000,128.0,4,127.5,43,128.0,164,1,2022-05-19 09:01:39
1652950899720281000,128.0,4,127.5,43,128.0,160,1,2022-05-19 09:01:39
1652950899722804000,128.0,1,127.5,43,128.0,159,1,2022-05-19 09:01:39
1652950900053249000,127.5,3,127.5,42,128.0,160,2,2022-05-19 09:01:40
1652950900260966000,127.5,1,127.5,41,128.0,160,2,2022-05-19 09:01:40
1652950900348222000,127.5,1,127.5,41,128.0,160,2,2022-05-19 09:01:40
1652950900916403000,127.5,1,127.5,44,128.0,161,2,2022-05-19 09:01:40
1652950901217316000,128.0,30,127.5,44,128.0,131,1,2022-05-19 09:01:41
1652950904154999000,128.0,1,127.5,53,128.0,141,1,2022-05-19 09:01:44
1652950904188097000,127.5,53,127.0,100,128.0,141,2,2022-05-19 09:01:44
1652950904293697000,127.5,1,127.0,100,127.5,8,1,2022-05-19 09:01:44
1652950904353692000,127.5,3,127.0,103,127.5,5,1,2022-05-19 09:01:44
1652950904441958000,127.0,1,127.0,102,127.5,5,2,2022-05-19 09:01:44
1652950904446900000,127.5,3,127.0,102,127.5,2,1,2022-05-19 09:01:44
1652950904536863000,127.5,1,127.0,102,127.5,1,1,2022-05-19 09:01:44
1652950904632290000,127.5,1,127.0,102,128.0,141,1,2022-05-19 09:01:44
1652950904785312000,127.5,3,127.0,102,127.5,6,1,2022-05-19 09:01:44
1652950904786252000,127.5,1,127.0,102,127.5,5,1,2022-05-19 09:01:44
1652950904876186000,127.5,1,127.0,103,127.5,7,1,2022-05-19 09:01:44
1652950905067534000,127.5,2,127.0,101,127.5,10,1,2022-05-19 09:01:45
1652950905190639000,127.5,1,127.0,101,127.5,14,1,2022-05-19 09:01:45
1652950905810597000,127.5,1,127.0,102,127.5,43,1,2022-05-19 09:01:45
1652950906094907000,127.5,1,127.0,102,127.5,48,1,2022-05-19 09:01:46
1652950906199043000,127.5,1,127.0,102,127.5,50,1,2022-05-19 09:01:46
1652950906440084000,127.5,1,127.0,103,127.5,50,1,2022-05-19 09:01:46
1652950906783086000,127.5,1,127.0,102,127.5,53,1,2022-05-19 09:01:46
1652950906831631000,127.5,1,127.0,102,127.5,52,1,2022-05-19 09:01:46
1652950906915269000,127.0,1,127.0,101,127.5,52,2,2022-05-19 09:01:46
1652950907141509000,127.5,1,127.0,101,127.5,53,1,2022-05-19 09:01:47
1652950907674960000,127.5,1,127.0,102,127.5,62,1,2022-05-19 09:01:47
1652950907705407000,127.5,1,127.0,102,127.5,61,1,2022-05-19 09:01:47
1652950908114846000,127.5,2,127.0,102,127.5,60,1,2022-05-19 09:01:48
1652950908152026000,127.5,1,127.0,102,127.5,59,1,2022-05-19 09:01:48
1652950908233654000,127.5,1,127.0,102,127.5,58,1,2022-05-19 09:01:48
1652950908505691000,127.5,1,127.0,103,127.5,59,1,2022-05-19 09:01:48
1652950908758731000,127.5,1,127.0,103,127.5,58,1,2022-05-19 09:01:48
1652950909078095000,127.5,1,127.0,103,127.5,59,1,2022-05-19 09:01:49
1652950909234191000,127.0,1,127.0,102,127.5,59,2,2022-05-19 09:01:49
1652950909322463000,127.5,1,127.0,95,127.5,58,1,2022-05-19 09:01:49
1652950909334188000,127.5,1,127.0,95,127.5,57,1,2022-05-19 09:01:49
1652950909370282000,127.5,1,127.0,95,127.5,56,1,2022-05-19 09:01:49
1652950909668327000,127.0,1,127.0,94,127.5,56,2,2022-05-19 09:01:49
1652950909751465000,127.5,2,127.0,94,127.5,55,1,2022-05-19 09:01:49
1652950909962857000,127.0,50,127.0,44,127.5,62,2,2022-05-19 09:01:49
1652950909998991000,127.0,37,127.0,7,127.5,64,2,2022-05-19 09:01:49
1652950910030150000,127.0,7,126.5,107,127.5,64,2,2022-05-19 09:01:50
1652950910040106000,127.0,1,126.5,106,127.5,64,1,2022-05-19 09:01:50
1652950910063791000,127.5,1,126.5,108,127.5,63,1,2022-05-19 09:01:50
1652950910241805000,127.5,1,126.5,112,127.5,72,1,2022-05-19 09:01:50
1652950910469548000,127.5,1,127.0,1,127.5,71,1,2022-05-19 09:01:50
1652950910796589000,127.5,1,127.0,1,127.5,71,1,2022-05-19 09:01:50
1652950910806172000,127.5,10,127.0,1,127.5,61,1,2022-05-19 09:01:50
1652950910816526000,127.0,1,126.5,112,127.0,1,2,2022-05-19 09:01:50
1652950910893086000,127.0,1,126.5,112,127.5,61,1,2022-05-19 09:01:50
1652950910898236000,127.5,1,126.5,112,127.5,60,1,2022-05-19 09:01:50
1652950911023675000,127.5,1,126.5,112,127.5,62,1,2022-05-19 09:01:51
1652950911314146000,127.5,1,127.0,1,127.5,54,1,2022-05-19 09:01:51
1652950911317071000,127.0,1,126.5,112,127.0,4,2,2022-05-19 09:01:51
1652950911420440000,127.0,1,126.5,112,127.0,8,1,2022-05-19 09:01:51
1652950911480256000,127.0,1,126.5,112,127.0,7,1,2022-05-19 09:01:51
1652950911528781000,127.0,1,126.5,112,127.0,6,1,2022-05-19 09:01:51
1652950911564480000,127.0,1,126.5,112,127.0,5,1,2022-05-19 09:01:51
1652950911576265000,127.0,1,126.5,112,127.0,4,1,2022-05-19 09:01:51
1652950911618647000,127.0,1,126.5,112,127.0,8,1,2022-05-19 09:01:51
1652950911746522000,127.0,1,126.5,112,127.0,7,1,2022-05-19 09:01:51
1652950911876190000,127.0,1,126.5,112,127.0,6,1,2022-05-19 09:01:51
1652950912556529000,127.0,1,126.5,113,127.0,18,1,2022-05-19 09:01:52
1652950912564579000,127.0,4,126.5,113,127.0,14,1,2022-05-19 09:01:52
1652950912841607000,127.0,1,126.5,113,127.0,32,1,2022-05-19 09:01:52
1652950913016875000,127.0,1,126.5,112,127.0,31,1,2022-05-19 09:01:53
1652950913996857000,127.0,3,126.5,112,127.0,39,1,2022-05-19 09:01:53
1652950914353519000,127.0,3,126.5,112,127.0,38,1,2022-05-19 09:01:54
1652950915471232000,126.5,6,126.5,125,127.0,50,2,2022-05-19 09:01:55
1652950915605636000,127.0,1,126.5,124,127.0,50,1,2022-05-19 09:01:55
1652950915674205000,127.0,1,126.5,124,127.0,49,1,2022-05-19 09:01:55
1652950915727202000,127.0,1,126.5,124,127.0,52,1,2022-05-19 09:01:55
1652950915879867000,127.0,1,126.5,130,127.0,51,1,2022-05-19 09:01:55
1652950916123869000,127.0,1,126.5,130,127.0,51,1,2022-05-19 09:01:56
1652950916132549000,127.0,1,126.5,130,127.0,50,1,2022-05-19 09:01:56
1652950916584779000,127.0,1,126.5,130,127.0,50,1,2022-05-19 09:01:56
1652950916676045000,127.0,1,126.5,130,127.0,49,1,2022-05-19 09:01:56
1652950916831698000,126.5,1,126.5,129,127.0,50,2,2022-05-19 09:01:56
1652950917412270000,126.5,10,126.5,119,127.0,50,2,2022-05-19 09:01:57
1652950917528073000,127.0,1,126.5,119,127.0,49,1,2022-05-19 09:01:57
1652950918360168000,127.0,2,126.5,119,127.0,51,1,2022-05-19 09:01:58
1652950919070386000,127.0,1,126.5,121,127.0,55,1,2022-05-19 09:01:59
1652950919268390000,127.0,1,126.5,121,127.0,55,1,2022-05-19 09:01:59
1652950919387462000,126.5,2,126.5,120,127.0,56,2,2022-05-19 09:01:59
1652950920622067000,127.0,1,126.5,121,127.0,59,1,2022-05-19 09:02:00
1652950920747975000,127.0,3,126.5,121,127.0,56,1,2022-05-19 09:02:00
1652950921057799000,127.0,1,126.5,122,127.0,55,1,2022-05-19 09:02:01
1652950921608661000,127.0,1,126.5,121,127.0,55,1,2022-05-19 09:02:01
1652950922428799000,127.0,10,126.5,122,127.0,51,1,2022-05-19 09:02:02
1652950923573524000,127.0,1,126.5,120,127.0,49,1,2022-05-19 09:02:03
1652950923883314000,127.0,1,126.5,121,127.0,53,1,2022-05-19 09:02:03
1652950924186872000,127.0,1,126.5,120,127.0,52,1,2022-05-19 09:02:04
1652950924306458000,127.0,2,126.5,120,127.0,50,1,2022-05-19 09:02:04
1652950924364427000,127.0,1,126.5,120,127.0,49,1,2022-05-19 09:02:04
1652950924490961000,127.0,1,126.5,120,127.0,48,1,2022-05-19 09:02:04
1652950924839457000,127.0,1,126.5,120,127.0,47,1,2022-05-19 09:02:04
1652950924944431000,127.0,1,126.5,120,127.0,46,1,2022-05-19 09:02:04
1652950925200368000,127.0,2,126.5,120,127.0,44,1,2022-05-19 09:02:05
1652950926044442000,127.0,1,126.5,122,127.0,44,1,2022-05-19 09:02:06
1652950926709543000,127.0,1,126.5,124,127.0,43,1,2022-05-19 09:02:06
1652950926718169000,127.0,2,126.5,124,127.0,41,1,2022-05-19 09:02:06
1652950926781367000,127.0,3,126.5,124,127.0,38,1,2022-05-19 09:02:06
1652950927096189000,127.0,1,126.5,124,127.0,38,1,2022-05-19 09:02:07
1652950927458897000,127.0,2,126.5,128,127.0,38,1,2022-05-19 09:02:07
1652950927526643000,127.0,1,126.5,128,127.0,37,1,2022-05-19 09:02:07
1652950927625819000,126.5,2,126.5,126,127.0,37,2,2022-05-19 09:02:07
1652950928079863000,127.0,1,126.5,126,127.0,37,1,2022-05-19 09:02:08
1652950928347596000,127.0,1,126.5,126,127.0,36,1,2022-05-19 09:02:08
1652950928660034000,126.5,1,126.5,125,127.0,37,2,2022-05-19 09:02:08
1652950929022217000,126.5,2,126.5,123,127.0,37,2,2022-05-19 09:02:09
1652950929058749000,127.0,3,126.5,123,127.0,34,1,2022-05-19 09:02:09
1652950929100940000,127.0,10,126.5,123,127.0,24,1,2022-05-19 09:02:09
1652950929362858000,126.5,2,126.5,121,127.0,24,2,2022-05-19 09:02:09
1652950929374643000,127.0,1,126.5,121,127.0,23,1,2022-05-19 09:02:09
1652950929379860000,127.0,1,126.5,121,127.0,21,1,2022-05-19 09:02:09
1652950929497476000,127.0,1,126.5,121,127.0,20,1,2022-05-19 09:02:09
1652950931029666000,127.0,1,126.5,121,127.0,28,1,2022-05-19 09:02:11
1652950931181831000,127.0,1,126.5,121,127.0,34,1,2022-05-19 09:02:11
1652950931555426000,126.5,2,126.5,119,127.0,34,2,2022-05-19 09:02:11
1652950931605689000,127.0,1,126.5,119,127.0,33,1,2022-05-19 09:02:11
1652950931834659000,127.0,2,126.5,119,127.0,31,1,2022-05-19 09:02:11
1652950932506137000,127.0,1,126.5,122,127.0,31,1,2022-05-19 09:02:12
1652950932528289000,127.0,1,126.5,122,127.0,30,1,2022-05-19 09:02:12
1652950934036348000,127.0,5,126.5,127,127.0,30,1,2022-05-19 09:02:14
1652950934099703000,127.0,1,126.5,127,127.0,29,1,2022-05-19 09:02:14
1652950934423376000,127.0,1,126.5,129,127.0,30,1,2022-05-19 09:02:14
1652950934546449000,127.0,1,126.5,129,127.0,29,1,2022-05-19 09:02:14
1652950934792183000,127.0,2,126.5,129,127.0,29,1,2022-05-19 09:02:14
1652950936804026000,127.0,2,126.5,143,127.0,28,1,2022-05-19 09:02:16
1652950937112194000,127.0,1,126.5,143,127.0,32,1,2022-05-19 09:02:17
1652950937753251000,127.0,1,126.5,143,127.0,32,1,2022-05-19 09:02:17
1652950937993898000,127.0,1,126.5,143,127.0,31,1,2022-05-19 09:02:17
1652950938140993000,127.0,1,126.5,143,127.0,30,1,2022-05-19 09:02:18
1652950938400074000,127.0,2,126.5,143,127.0,28,1,2022-05-19 09:02:18
1652950939089066000,127.0,2,126.5,142,127.0,29,1,2022-05-19 09:02:19
1652950939455192000,127.0,1,126.5,141,127.0,27,1,2022-05-19 09:02:19
1652950939584674000,126.5,11,126.5,130,127.0,27,2,2022-05-19 09:02:19
1652950940369823000,127.0,1,126.5,130,127.0,32,1,2022-05-19 09:02:20
1652950940420531000,127.0,1,126.5,130,127.0,31,1,2022-05-19 09:02:20
1652950940466955000,127.0,1,126.5,130,127.0,30,1,2022-05-19 09:02:20
1652950940736507000,127.0,2,126.5,131,127.0,28,1,2022-05-19 09:02:20
1652950940889447000,127.0,1,126.5,131,127.0,27,1,2022-05-19 09:02:20
1652950941057400000,127.0,2,126.5,131,127.0,25,1,2022-05-19 09:02:21
1652950941219249000,126.5,10,126.5,121,127.0,26,2,2022-05-19 09:02:21
1652950941487961000,127.0,1,126.5,121,127.0,28,1,2022-05-19 09:02:21
1652950941805884000,127.0,3,126.5,122,127.0,25,1,2022-05-19 09:02:21
1652950942133098000,127.0,1,126.5,122,127.0,25,1,2022-05-19 09:02:22
1652950943721814000,127.0,1,126.5,125,127.0,27,1,2022-05-19 09:02:23
1652950944824323000,127.0,1,126.5,125,127.0,31,1,2022-05-19 09:02:24
1652950945120969000,127.0,2,126.5,126,127.0,39,1,2022-05-19 09:02:25
1652950945531321000,126.5,50,126.5,78,127.0,51,2,2022-05-19 09:02:25
1652950945940901000,127.0,1,126.5,84,127.0,56,1,2022-05-19 09:02:25
1652950945980502000,127.0,1,126.5,84,127.0,55,1,2022-05-19 09:02:25
1652950946294533000,127.0,1,126.5,84,127.0,55,1,2022-05-19 09:02:26
1652950946641385000,126.5,10,126.5,74,127.0,57,2,2022-05-19 09:02:26
1652950947026524000,127.0,1,126.5,74,127.0,59,1,2022-05-19 09:02:27
1652950947759989000,126.5,1,126.5,76,127.0,62,2,2022-05-19 09:02:27
1652950947915106000,126.5,1,126.5,75,127.0,63,2,2022-05-19 09:02:27
1652950948507529000,127.0,1,126.5,76,127.0,65,1,2022-05-19 09:02:28
1652950948715325000,127.0,2,126.5,77,127.0,63,1,2022-05-19 09:02:28
1652950949416934000,126.5,1,126.5,77,127.0,65,2,2022-05-19 09:02:29
1652950949765267000,126.5,1,126.5,77,127.0,67,2,2022-05-19 09:02:29
1652950949942385000,126.5,1,126.5,76,127.0,67,2,2022-05-19 09:02:29
1652950949988678000,126.5,1,126.5,75,127.0,67,2,2022-05-19 09:02:29
1652950950329332000,126.5,5,126.5,70,127.0,69,2,2022-05-19 09:02:30
1652950950446240000,126.5,39,126.5,31,127.0,69,2,2022-05-19 09:02:30
1652950950483451000,126.5,8,126.5,23,127.0,69,2,2022-05-19 09:02:30
1652950951288377000,126.5,10,126.5,19,127.0,70,2,2022-05-19 09:02:31
1652950951332540000,126.5,2,126.5,17,127.0,70,2,2022-05-19 09:02:31
1652950951349105000,126.5,1,126.5,16,127.0,70,2,2022-05-19 09:02:31
1652950951365360000,126.5,1,126.5,15,127.0,70,2,2022-05-19 09:02:31
1652950951398089000,126.5,2,126.5,13,127.0,70,2,2022-05-19 09:02:31
1652950951558926000,126.5,5,126.5,8,127.0,71,2,2022-05-19 09:02:31
1652950951587407000,126.5,6,126.5,2,127.0,71,2,2022-05-19 09:02:31
1652950951604428000,126.5,2,126.0,162,126.5,3,2,2022-05-19 09:02:31
1652950952526893000,126.5,1,126.0,170,126.5,8,1,2022-05-19 09:02:32
1652950952961565000,126.0,1,126.0,169,126.5,22,2,2022-05-19 09:02:32
1652950953138737000,126.5,28,126.0,169,127.0,89,1,2022-05-19 09:02:33
1652950953386849000,126.0,2,126.0,174,126.5,8,2,2022-05-19 09:02:33
1652950953833015000,126.5,10,126.0,174,126.5,1,1,2022-05-19 09:02:33
1652950954952396000,126.5,1,126.0,174,126.5,24,1,2022-05-19 09:02:34
1652950956695098000,126.0,4,126.0,170,126.5,38,2,2022-05-19 09:02:36
1652950956851246000,126.5,1,126.0,176,126.5,39,1,2022-05-19 09:02:36
1652950957701395000,126.5,1,126.0,177,126.5,46,1,2022-05-19 09:02:37
1652950957834893000,126.5,1,126.0,177,126.5,49,1,2022-05-19 09:02:37
1652950957860216000,126.5,7,126.0,177,126.5,42,1,2022-05-19 09:02:37
1652950957886378000,126.5,1,126.0,177,126.5,41,1,2022-05-19 09:02:37
1652950958735246000,126.5,1,126.0,178,126.5,55,1,2022-05-19 09:02:38
1652950959192220000,126.5,5,126.0,178,126.5,50,1,2022-05-19 09:02:39
1652950959757422000,126.5,1,126.0,178,126.5,92,1,2022-05-19 09:02:39
1652950959790859000,126.5,1,126.0,178,126.5,91,1,2022-05-19 09:02:39
1652950960723744000,126.5,1,126.0,182,126.5,92,1,2022-05-19 09:02:40
1652950960969431000,126.5,1,126.0,182,126.5,92,1,2022-05-19 09:02:40
1652950961127863000,126.0,2,126.0,181,126.5,92,2,2022-05-19 09:02:41
1652950961296701000,126.5,1,126.0,181,126.5,91,1,2022-05-19 09:02:41
1652950961535056000,126.0,1,126.0,180,126.5,92,2,2022-05-19 09:02:41
1652950962487828000,126.0,10,126.0,170,126.5,109,2,2022-05-19 09:02:42
1652950962568450000,126.0,1,126.0,169,126.5,109,2,2022-05-19 09:02:42
1652950964738993000,126.5,1,126.0,171,126.5,128,1,2022-05-19 09:02:44
1652950964751759000,126.0,1,126.0,170,126.5,128,2,2022-05-19 09:02:44
1652950965297577000,126.5,1,126.0,163,126.5,127,1,2022-05-19 09:02:45
1652950965806999000,126.5,1,126.0,163,126.5,126,1,2022-05-19 09:02:45
1652950966267254000,126.5,1,126.0,163,126.5,129,1,2022-05-19 09:02:46
1652950966449676000,126.0,2,126.0,186,126.5,129,2,2022-05-19 09:02:46
1652950968467715000,126.0,1,126.0,187,126.5,149,2,2022-05-19 09:02:48
1652950969185790000,126.0,3,126.0,185,126.5,149,2,2022-05-19 09:02:49
1652950969250980000,126.0,1,126.0,184,126.5,149,2,2022-05-19 09:02:49
1652950969319005000,126.0,2,126.0,182,126.5,146,2,2022-05-19 09:02:49
1652950969809292000,126.0,1,126.0,181,126.5,150,2,2022-05-19 09:02:49
1652950969976504000,126.5,1,126.0,181,126.5,149,1,2022-05-19 09:02:49
1652950970174030000,126.0,1,126.0,187,126.5,149,2,2022-05-19 09:02:50
1652950973621732000,126.5,2,126.0,193,126.5,149,1,2022-05-19 09:02:53
1652950973736204000,126.0,1,126.0,193,126.5,150,2,2022-05-19 09:02:53
1652950974271118000,126.5,2,126.0,193,126.5,151,1,2022-05-19 09:02:54
1652950974347459000,126.0,1,126.0,192,126.5,151,2,2022-05-19 09:02:54
1652950974844470000,126.0,2,126.0,190,126.5,151,2,2022-05-19 09:02:54
1652950975853758000,126.0,8,126.0,182,126.5,151,2,2022-05-19 09:02:55
1652950977725627000,126.0,1,126.0,181,126.5,138,2,2022-05-19 09:02:57
1652950978204191000,126.0,182,125.5,118,126.0,18,2,2022-05-19 09:02:58
1652950978241541000,126.0,18,125.5,125,126.5,138,1,2022-05-19 09:02:58
1652950978403633000,126.0,1,125.5,131,126.0,2,2,2022-05-19 09:02:58
1652950978441938000,126.0,2,125.5,131,126.5,136,1,2022-05-19 09:02:58
1652950979261124000,126.5,1,126.0,7,126.5,131,1,2022-05-19 09:02:59
1652950979291337000,126.0,6,126.0,1,126.5,131,2,2022-05-19 09:02:59
1652950979384034000,126.0,1,125.5,139,126.5,140,2,2022-05-19 09:02:59
1652950979419028000,125.5,1,125.5,138,126.0,2,2,2022-05-19 09:02:59
1652950979420392000,126.0,1,125.5,138,126.0,1,1,2022-05-19 09:02:59
1652950979453122000,126.0,2,125.5,138,126.0,2,1,2022-05-19 09:02:59
1652950979468293000,125.5,2,125.5,136,126.0,3,2,2022-05-19 09:02:59
1652950979489439000,126.0,1,125.5,136,126.0,2,1,2022-05-19 09:02:59
1652950979524525000,126.0,1,125.5,136,126.0,2,1,2022-05-19 09:02:59
1652950979701108000,126.0,2,125.5,133,126.5,142,1,2022-05-19 09:02:59
1652950979701108000,126.5,1,125.5,133,126.5,142,1,2022-05-19 09:02:59
1652950979825621000,126.0,4,125.5,133,126.5,142,1,2022-05-19 09:02:59
1652950979880966000,126.0,1,126.0,5,126.5,142,2,2022-05-19 09:02:59
1652950980008948000,126.0,1,126.0,5,126.5,142,2,2022-05-19 09:03:00
1652950980021179000,126.0,3,126.0,2,126.5,142,2,2022-05-19 09:03:00
1652950980172630000,126.0,1,125.5,133,126.0,2,2,2022-05-19 09:03:00
1652950980205450000,126.0,2,125.5,133,126.5,142,1,2022-05-19 09:03:00
1652950980440929000,126.0,1,125.5,128,126.5,142,2,2022-05-19 09:03:00
1652950980440929000,125.5,5,125.5,128,126.5,142,2,2022-05-19 09:03:00
1652950980579189000,126.0,1,125.5,128,126.5,141,1,2022-05-19 09:03:00
1652950980592757000,125.5,1,125.5,127,126.5,142,2,2022-05-19 09:03:00
1652950980673188000,126.0,4,125.5,127,126.5,142,1,2022-05-19 09:03:00
1652950981123560000,126.0,1,125.5,130,126.0,15,1,2022-05-19 09:03:01
1652950981505974000,126.0,2,125.5,130,126.0,20,1,2022-05-19 09:03:01
1652950981603397000,125.5,2,125.5,128,126.0,20,2,2022-05-19 09:03:01
1652950981640976000,126.0,20,125.5,128,126.5,142,1,2022-05-19 09:03:01
1652950982079908000,126.0,1,125.5,127,126.5,143,2,2022-05-19 09:03:02
1652950982550545000,126.0,1,125.5,127,126.0,1,1,2022-05-19 09:03:02
1652950982715258000,125.5,8,125.5,120,126.0,7,2,2022-05-19 09:03:02
1652950982893506000,126.0,2,125.5,120,126.0,18,1,2022-05-19 09:03:02
1652950983095706000,126.0,1,125.5,119,126.0,22,1,2022-05-19 09:03:03
1652950983683760000,126.0,7,125.5,119,126.0,26,1,2022-05-19 09:03:03
1652950983980109000,126.0,1,125.5,119,126.0,25,1,2022-05-19 09:03:03
1652950984083110000,126.0,26,125.5,119,126.5,140,1,2022-05-19 09:03:04
1652950984366605000,126.0,2,125.5,119,126.5,138,2,2022-05-19 09:03:04
1652950984462609000,125.5,2,125.5,117,126.5,138,2,2022-05-19 09:03:04
1652950984529718000,125.5,1,125.5,116,126.5,138,2,2022-05-19 09:03:04
1652950984561877000,125.5,1,125.5,115,126.5,138,2,2022-05-19 09:03:04
1652950984733798000,126.5,10,126.0,28,126.5,128,1,2022-05-19 09:03:04
1652950985147719000,126.0,10,126.0,18,126.5,127,2,2022-05-19 09:03:05
1652950985951448000,126.5,44,126.0,256,126.5,83,1,2022-05-19 09:03:05
1652950985985391000,126.5,6,126.0,256,126.5,77,1,2022-05-19 09:03:05
1652950985986294000,126.5,36,126.0,256,126.5,41,1,2022-05-19 09:03:05
1652950986018984000,126.5,41,126.0,256,127.0,68,1,2022-05-19 09:03:06
1652950986177797000,126.5,1,126.0,462,127.0,67,2,2022-05-19 09:03:06
1652950986415639000,126.5,1,126.0,462,127.0,67,2,2022-05-19 09:03:06
1652950987459230000,127.0,1,126.5,28,127.0,67,1,2022-05-19 09:03:07
1652950987689439000,126.5,2,126.5,26,127.0,67,2,2022-05-19 09:03:07
1652950988032300000,126.5,8,126.5,18,127.0,70,2,2022-05-19 09:03:08
1652950988127811000,127.0,15,126.5,18,127.0,55,1,2022-05-19 09:03:08
1652950990031686000,126.5,19,126.0,82,127.0,60,2,2022-05-19 09:03:10
1652950990031686000,126.0,1,126.0,82,127.0,60,2,2022-05-19 09:03:10
1652950991723183000,127.0,2,126.5,3,127.0,73,1,2022-05-19 09:03:11
1652950992045780000,126.5,1,126.5,2,127.0,76,2,2022-05-19 09:03:12
1652950993712803000,126.5,1,126.5,4,127.0,80,2,2022-05-19 09:03:13
1652950995293115000,126.5,1,126.5,12,127.0,80,2,2022-05-19 09:03:15
1652950995465807000,126.5,1,126.5,11,127.0,80,2,2022-05-19 09:03:15
1652950995865844000,126.5,8,126.5,4,127.0,80,2,2022-05-19 09:03:15
1652950996091062000,126.5,1,126.5,6,127.0,81,2,2022-05-19 09:03:16
1652950996921594000,126.5,1,126.5,6,127.0,83,2,2022-05-19 09:03:16
1652950996989580000,126.5,1,126.5,5,127.0,83,2,2022-05-19 09:03:16
1652950997644957000,126.5,1,126.5,5,127.0,88,2,2022-05-19 09:03:17
1652950997884965000,127.0,5,126.5,8,127.0,84,1,2022-05-19 09:03:17
1652950997951259000,126.5,1,126.5,7,127.0,84,2,2022-05-19 09:03:17
1652950998136920000,126.5,1,126.5,6,127.0,84,2,2022-05-19 09:03:18
1652950999103056000,126.5,1,126.5,8,127.0,85,2,2022-05-19 09:03:19
1652950999743292000,127.0,16,126.5,8,127.0,69,1,2022-05-19 09:03:19
1652951000664199000,126.5,1,126.5,7,127.0,70,2,2022-05-19 09:03:20
1652951001951393000,126.5,4,126.5,24,127.0,70,2,2022-05-19 09:03:21
1652951002747845000,126.5,1,126.5,25,127.0,73,2,2022-05-19 09:03:22
1652951003758029000,126.5,1,126.5,21,127.0,77,2,2022-05-19 09:03:23
1652951004040384000,126.5,22,126.0,88,127.0,76,2,2022-05-19 09:03:24
1652951004040384000,126.0,28,126.0,88,127.0,76,2,2022-05-19 09:03:24
1652951004097184000,126.5,7,126.0,88,127.0,76,1,2022-05-19 09:03:24
1652951005450869000,126.5,1,126.5,4,127.0,77,2,2022-05-19 09:03:25
1652951005860154000,126.5,1,126.5,3,127.0,77,2,2022-05-19 09:03:25
1652951005941624000,126.5,1,126.5,2,127.0,77,2,2022-05-19 09:03:25
1652951006789175000,126.5,5,126.0,91,126.5,1,2,2022-05-19 09:03:26
1652951006807789000,126.5,1,126.5,2,127.0,83,1,2022-05-19 09:03:26
1652951006891214000,127.0,2,126.5,2,127.0,82,1,2022-05-19 09:03:26
1652951007540023000,126.5,1,126.5,3,127.0,82,2,2022-05-19 09:03:27
1652951007594493000,126.5,3,126.0,86,127.0,82,2,2022-05-19 09:03:27
1652951007594493000,126.0,5,126.0,86,127.0,82,2,2022-05-19 09:03:27
1652951010023483000,126.5,1,126.0,98,126.5,11,1,2022-05-19 09:03:30
1652951012108339000,126.0,1,126.0,94,126.5,17,2,2022-05-19 09:03:32
1652951014049596000,126.5,15,126.0,100,127.0,89,1,2022-05-19 09:03:34
1652951014562182000,126.5,1,126.0,97,127.0,89,2,2022-05-19 09:03:34
1652951016084861000,126.5,2,126.0,106,126.5,18,2,2022-05-19 09:03:36
1652951016168622000,126.0,1,126.0,105,126.5,18,2,2022-05-19 09:03:36
1652951016170087000,126.0,1,126.0,104,126.5,18,2,2022-05-19 09:03:36
1652951016737975000,126.5,1,126.0,104,126.5,20,1,2022-05-19 09:03:36
1652951017905049000,126.0,1,126.0,88,126.5,21,2,2022-05-19 09:03:37
1652951018213827000,126.5,6,126.0,89,126.5,15,1,2022-05-19 09:03:38
1652951018278536000,126.5,1,126.0,89,126.5,14,1,2022-05-19 09:03:38
1652951018320740000,126.5,1,126.0,90,126.5,14,1,2022-05-19 09:03:38
1652951019557707000,126.0,2,126.0,88,126.5,20,2,2022-05-19 09:03:39
1652951019702671000,126.5,21,126.0,88,127.0,122,1,2022-05-19 09:03:39
1652951019933474000,126.5,3,126.5,2,127.0,119,1,2022-05-19 09:03:39
1652951019972201000,126.5,2,126.0,83,127.0,119,2,2022-05-19 09:03:39
1652951020317369000,126.5,1,126.0,83,127.0,120,2,2022-05-19 09:03:40
1652951020317369000,126.0,1,126.0,83,127.0,120,2,2022-05-19 09:03:40
1652951020462762000,126.0,8,126.0,75,127.0,120,2,2022-05-19 09:03:40
1652951020658568000,126.5,6,126.5,4,127.0,120,1,2022-05-19 09:03:40
1652951021079706000,126.5,1,126.5,23,127.0,120,2,2022-05-19 09:03:41
1652951021641619000,126.5,1,126.5,22,127.0,120,2,2022-05-19 09:03:41
1652951022081162000,126.5,1,126.5,21,127.0,123,2,2022-05-19 09:03:42
1652951022429939000,126.5,2,126.5,19,127.0,123,2,2022-05-19 09:03:42
1652951023002705000,126.5,7,126.5,15,127.0,123,2,2022-05-19 09:03:43
1652951023329588000,126.5,1,126.5,14,127.0,124,2,2022-05-19 09:03:43
1652951024773560000,126.5,5,126.5,12,127.0,114,2,2022-05-19 09:03:44
1652951024831108000,126.5,1,126.5,12,127.0,114,2,2022-05-19 09:03:44
1652951026906637000,126.5,3,126.5,12,127.0,115,2,2022-05-19 09:03:46
1652951027588899000,126.5,1,126.5,12,127.0,115,2,2022-05-19 09:03:47
1652951028219483000,126.5,1,126.5,12,127.0,115,2,2022-05-19 09:03:48
1652951030402145000,126.5,8,126.5,8,127.0,119,2,2022-05-19 09:03:50
1652951030967184000,126.5,2,126.5,6,127.0,119,2,2022-05-19 09:03:50
1652951031617223000,126.5,1,126.5,5,127.0,118,2,2022-05-19 09:03:51
1652951031973305000,126.5,1,126.5,4,127.0,118,2,2022-05-19 09:03:51
1652951032706799000,126.5,1,126.5,3,127.0,118,2,2022-05-19 09:03:52
1652951032873386000,126.5,3,126.0,104,127.0,118,2,2022-05-19 09:03:52
1652951033053199000,126.5,2,126.0,110,127.0,118,1,2022-05-19 09:03:53
1652951033248862000,126.5,1,126.0,110,126.5,1,1,2022-05-19 09:03:53
1652951033443213000,126.5,2,126.0,110,126.5,2,1,2022-05-19 09:03:53
1652951033824762000,126.5,1,126.0,110,126.5,1,1,2022-05-19 09:03:53
1652951033874430000,126.0,2,126.0,108,126.5,4,2,2022-05-19 09:03:53
1652951034053458000,126.5,1,126.0,108,126.5,3,1,2022-05-19 09:03:54
1652951034076466000,126.5,3,126.0,108,127.0,119,1,2022-05-19 09:03:54
1652951035371321000,126.5,2,126.0,108,126.5,5,1,2022-05-19 09:03:55
1652951036567400000,126.5,1,126.0,109,126.5,15,1,2022-05-19 09:03:56
1652951039205575000,126.5,1,126.0,111,126.5,19,1,2022-05-19 09:03:59
1652951039422652000,126.5,1,126.0,115,126.5,18,1,2022-05-19 09:03:59
1652951039811462000,126.5,1,126.0,115,126.5,19,1,2022-05-19 09:03:59
1652951041255493000,126.5,1,126.0,150,126.5,21,1,2022-05-19 09:04:01
1652951043450268000,126.0,8,126.0,147,126.5,23,2,2022-05-19 09:04:03
1652951043722252000,126.5,1,126.0,145,126.5,26,1,2022-05-19 09:04:03
1652951043745430000,126.5,7,126.0,145,126.5,19,1,2022-05-19 09:04:03
1652951044269066000,126.5,1,126.0,145,126.5,19,1,2022-05-19 09:04:04
1652951044906529000,126.5,1,126.0,145,126.5,19,1,2022-05-19 09:04:04
1652951045404903000,126.5,1,126.0,145,126.5,20,1,2022-05-19 09:04:05
1652951045612365000,126.5,1,126.0,146,126.5,19,1,2022-05-19 09:04:05
1652951045734225000,126.5,1,126.0,146,126.5,19,1,2022-05-19 09:04:05
1652951046217597000,126.5,5,126.0,146,126.5,14,1,2022-05-19 09:04:06
1652951047013721000,126.5,2,126.0,146,126.5,14,1,2022-05-19 09:04:07
1652951047284077000,126.5,10,126.0,147,126.5,4,1,2022-05-19 09:04:07
1652951047321762000,126.5,4,126.5,1,127.0,146,1,2022-05-19 09:04:07
1652951048076911000,126.5,1,126.0,145,127.0,145,2,2022-05-19 09:04:08
1652951048417368000,127.0,1,126.0,146,127.0,144,1,2022-05-19 09:04:08
1652951049221434000,126.5,1,126.0,146,127.0,144,2,2022-05-19 09:04:09
1652951055097269000,126.5,1,126.5,20,127.0,143,2,2022-05-19 09:04:15
1652951056564949000,126.5,8,126.5,15,127.0,144,2,2022-05-19 09:04:16
1652951059192984000,126.5,1,126.5,23,127.0,143,2,2022-05-19 09:04:19
1652951060389912000,126.5,1,126.5,25,127.0,146,2,2022-05-19 09:04:20
1652951061983115000,126.5,2,126.5,26,127.0,145,2,2022-05-19 09:04:21
1652951062754134000,126.5,23,126.5,3,127.0,145,2,2022-05-19 09:04:22
1652951064063865000,126.5,1,126.5,4,127.0,147,2,2022-05-19 09:04:24
1652951064974454000,126.5,1,126.5,3,127.0,147,2,2022-05-19 09:04:24
1652951065141371000,126.5,2,126.5,1,127.0,147,2,2022-05-19 09:04:25
1652951065358873000,126.5,1,126.0,161,126.5,6,2,2022-05-19 09:04:25
1652951069600146000,126.0,20,126.0,143,126.5,16,2,2022-05-19 09:04:29
1652951070371405000,126.5,2,126.0,143,126.5,15,1,2022-05-19 09:04:30
1652951070386423000,126.0,8,126.0,135,126.5,15,2,2022-05-19 09:04:30
1652951071283921000,126.5,1,126.0,136,126.5,15,1,2022-05-19 09:04:31
1652951072636765000,126.5,1,126.0,135,126.5,15,1,2022-05-19 09:04:32
1652951072716109000,126.0,1,126.0,135,126.5,15,2,2022-05-19 09:04:32
1652951072761270000,126.5,1,126.0,135,126.5,14,1,2022-05-19 09:04:32
1652951073918237000,126.0,1,126.0,174,126.5,14,2,2022-05-19 09:04:33
1652951074114872000,126.0,20,126.0,154,126.5,24,2,2022-05-19 09:04:34
1652951075219005000,126.0,1,126.0,153,126.5,29,2,2022-05-19 09:04:35
1652951076226126000,126.0,1,126.0,153,126.5,29,2,2022-05-19 09:04:36
1652951076565524000,126.5,1,126.0,153,126.5,29,1,2022-05-19 09:04:36
1652951077351922000,126.0,1,126.0,152,126.5,29,2,2022-05-19 09:04:37
1652951079532267000,126.0,1,126.0,151,126.5,41,2,2022-05-19 09:04:39
1652951080601931000,126.0,8,126.0,143,126.5,46,2,2022-05-19 09:04:40
1652951082244305000,126.0,1,126.0,142,126.5,47,2,2022-05-19 09:04:42
1652951084091431000,126.0,20,126.0,123,126.5,44,2,2022-05-19 09:04:44
1652951085496160000,126.5,1,126.0,124,126.5,46,1,2022-05-19 09:04:45
1652951086357146000,126.0,5,126.0,119,126.5,47,2,2022-05-19 09:04:46
1652951087582873000,126.0,2,126.0,122,126.5,50,2,2022-05-19 09:04:47
1652951090865511000,126.5,1,126.0,124,126.5,65,1,2022-05-19 09:04:50
1652951092884542000,126.5,1,126.0,124,126.5,68,1,2022-05-19 09:04:52
1652951093714780000,126.0,1,126.0,123,126.5,68,2,2022-05-19 09:04:53
1652951095604369000,126.0,1,126.0,124,126.5,68,2,2022-05-19 09:04:55
1652951096217284000,126.0,1,126.0,123,126.5,73,2,2022-05-19 09:04:56
1652951097615692000,126.0,1,126.0,122,126.5,74,2,2022-05-19 09:04:57
1652951098154642000,126.0,3,126.0,119,126.5,74,2,2022-05-19 09:04:58
1652951099616591000,126.0,2,126.0,117,126.5,74,2,2022-05-19 09:04:59
1652951100093572000,126.0,8,126.0,109,126.5,74,2,2022-05-19 09:05:00
1652951100346542000,126.0,1,126.0,108,126.5,74,2,2022-05-19 09:05:00
1652951101713584000,126.0,2,126.0,103,126.5,75,2,2022-05-19 09:05:01
1652951102040534000,126.0,2,126.0,101,126.5,75,2,2022-05-19 09:05:02
1652951104147210000,126.0,1,126.0,104,126.5,76,2,2022-05-19 09:05:04
1652951105190924000,126.0,1,126.0,104,126.5,76,2,2022-05-19 09:05:05
1652951105277899000,126.5,21,126.0,104,126.5,55,1,2022-05-19 09:05:05
1652951105303463000,126.5,55,126.0,104,127.0,155,1,2022-05-19 09:05:05
1652951105357881000,126.0,2,126.0,109,127.0,155,2,2022-05-19 09:05:05
1652951105429340000,126.0,1,126.0,108,127.0,155,2,2022-05-19 09:05:05
1652951107132383000,126.0,3,126.0,106,126.5,4,2,2022-05-19 09:05:07
1652951107716142000,126.5,4,126.5,1,127.0,156,1,2022-05-19 09:05:07
1652951108737395000,126.5,1,126.5,1,127.0,156,2,2022-05-19 09:05:08
1652951108769012000,126.5,1,126.0,108,126.5,7,2,2022-05-19 09:05:08
1652951111390288000,126.5,1,126.0,110,126.5,6,1,2022-05-19 09:05:11
1652951112352176000,126.5,1,126.0,112,126.5,10,1,2022-05-19 09:05:12
1652951113118971000,126.5,1,126.0,112,126.5,9,1,2022-05-19 09:05:13
1652951113258714000,126.5,2,126.0,112,126.5,7,1,2022-05-19 09:05:13
1652951113793353000,126.5,1,126.0,112,126.5,9,1,2022-05-19 09:05:13
1652951114872626000,126.5,1,126.0,111,126.5,8,1,2022-05-19 09:05:14
1652951114947121000,126.5,1,126.0,111,126.5,7,1,2022-05-19 09:05:14
1652951115263349000,126.5,1,126.0,111,126.5,6,1,2022-05-19 09:05:15
1652951115630088000,126.5,1,126.0,111,126.5,5,1,2022-05-19 09:05:15
1652951115842178000,126.5,5,126.0,111,127.0,155,1,2022-05-19 09:05:15
1652951116292156000,126.5,3,126.0,82,127.0,155,1,2022-05-19 09:05:16
1652951118792129000,126.5,1,126.5,5,127.0,155,2,2022-05-19 09:05:18
1652951119103154000,126.5,3,126.5,2,127.0,155,2,2022-05-19 09:05:19
1652951119304522000,126.5,1,126.5,3,127.0,155,2,2022-05-19 09:05:19
1652951121767901000,127.0,1,126.5,7,127.0,154,1,2022-05-19 09:05:21
1652951122458667000,127.0,5,126.5,18,127.0,149,1,2022-05-19 09:05:22
1652951122545653000,126.5,2,126.5,17,127.0,149,2,2022-05-19 09:05:22
1652951123969868000,126.5,2,126.5,52,127.0,148,2,2022-05-19 09:05:23
1652951124302040000,127.0,38,126.5,53,127.0,110,1,2022-05-19 09:05:24
1652951124376049000,127.0,1,126.5,53,127.0,109,1,2022-05-19 09:05:24
1652951125046651000,127.0,13,126.5,108,127.0,96,1,2022-05-19 09:05:25
1652951125076284000,127.0,26,126.5,108,127.0,70,1,2022-05-19 09:05:25
1652951125085609000,127.0,26,126.5,108,127.0,44,1,2022-05-19 09:05:25
1652951125109564000,127.0,44,127.0,26,127.5,161,1,2022-05-19 09:05:25
1652951125216169000,127.5,15,127.0,34,127.5,145,1,2022-05-19 09:05:25
1652951125301603000,127.5,15,127.0,34,127.5,130,1,2022-05-19 09:05:25
1652951125513710000,127.0,5,127.0,38,127.5,130,2,2022-05-19 09:05:25
1652951125520705000,127.5,2,127.0,38,127.5,128,1,2022-05-19 09:05:25
1652951125653017000,127.5,1,127.0,38,127.5,127,1,2022-05-19 09:05:25
1652951125986373000,127.5,15,127.0,43,127.5,112,1,2022-05-19 09:05:25
1652951126205327000,127.5,7,127.0,48,127.5,105,1,2022-05-19 09:05:26
1652951126217905000,127.5,16,127.0,48,127.5,89,1,2022-05-19 09:05:26
1652951126371631000,127.5,1,127.0,48,127.5,88,1,2022-05-19 09:05:26
1652951126459688000,127.5,5,127.0,48,127.5,83,1,2022-05-19 09:05:26
1652951126509530000,127.0,10,127.0,38,127.5,83,2,2022-05-19 09:05:26
1652951126651700000,127.5,1,127.0,27,127.5,82,1,2022-05-19 09:05:26
1652951126758789000,127.5,1,127.0,27,127.5,81,1,2022-05-19 09:05:26
1652951127640571000,127.5,1,127.0,27,127.5,80,1,2022-05-19 09:05:27
1652951127939154000,127.5,5,127.0,27,127.5,75,1,2022-05-19 09:05:27
1652951128976302000,127.5,1,127.0,29,127.5,76,1,2022-05-19 09:05:28
1652951130120808000,127.5,1,127.0,30,127.5,75,1,2022-05-19 09:05:30
1652951130188574000,127.5,1,127.0,30,127.5,74,1,2022-05-19 09:05:30
1652951130592110000,127.5,1,127.0,31,127.5,60,1,2022-05-19 09:05:30
1652951130856323000,127.5,10,127.0,530,127.5,49,1,2022-05-19 09:05:30
1652951130881183000,127.5,1,127.0,530,127.5,48,1,2022-05-19 09:05:30
1652951131020277000,127.5,1,127.0,531,127.5,47,1,2022-05-19 09:05:31
1652951131303042000,127.5,5,127.0,532,127.5,42,1,2022-05-19 09:05:31
1652951131339510000,127.5,1,127.0,532,127.5,41,1,2022-05-19 09:05:31
1652951131364287000,127.5,2,127.0,532,127.5,39,1,2022-05-19 09:05:31
1652951131838573000,127.5,1,127.0,533,127.5,39,1,2022-05-19 09:05:31
1652951132339579000,127.0,1,127.0,534,127.5,38,2,2022-05-19 09:05:32
1652951132357644000,127.5,1,127.0,534,127.5,37,1,2022-05-19 09:05:32
1652951132479639000,127.5,1,127.0,534,127.5,36,1,2022-05-19 09:05:32
1652951132487707000,127.5,3,127.0,534,127.5,33,1,2022-05-19 09:05:32
1652951132489989000,127.5,1,127.0,534,127.5,32,1,2022-05-19 09:05:32
1652951132516591000,127.5,1,127.0,534,127.5,31,1,2022-05-19 09:05:32
1652951133208195000,127.5,2,127.0,529,127.5,31,1,2022-05-19 09:05:33
1652951133257179000,127.5,5,127.0,529,127.5,26,1,2022-05-19 09:05:33
1652951134169080000,127.5,1,127.0,529,127.5,53,1,2022-05-19 09:05:34
1652951134417713000,127.5,1,127.0,529,127.5,52,1,2022-05-19 09:05:34
1652951134453387000,127.5,1,127.0,529,127.5,51,1,2022-05-19 09:05:34
1652951134649579000,127.5,1,127.0,529,127.5,60,1,2022-05-19 09:05:34
1652951134872099000,127.5,1,127.0,530,127.5,59,1,2022-05-19 09:05:34
1652951134999747000,127.5,20,127.0,530,127.5,39,1,2022-05-19 09:05:34
1652951135063056000,127.0,1,127.0,529,127.5,39,2,2022-05-19 09:05:35
1652951135315875000,127.5,1,127.0,529,127.5,38,1,2022-05-19 09:05:35
1652951135384678000,127.5,1,127.0,529,127.5,37,1,2022-05-19 09:05:35
1652951135464608000,127.5,1,127.0,29,127.5,36,1,2022-05-19 09:05:35
1652951135523674000,127.5,1,127.0,29,127.5,35,1,2022-05-19 09:05:35
1652951135676340000,127.5,1,127.0,32,127.5,34,1,2022-05-19 09:05:35
1652951135839978000,127.5,6,127.0,33,127.5,28,1,2022-05-19 09:05:35
1652951136230650000,127.5,1,127.0,29,127.5,30,1,2022-05-19 09:05:36
1652951136613226000,127.5,5,127.0,29,127.5,25,1,2022-05-19 09:05:36
1652951136953985000,127.5,1,127.0,23,127.5,36,1,2022-05-19 09:05:36
1652951137170975000,127.5,1,127.0,24,127.5,36,1,2022-05-19 09:05:37
1652951137630590000,127.5,3,127.0,24,127.5,33,1,2022-05-19 09:05:37
1652951137648741000,127.0,4,127.0,20,127.5,33,2,2022-05-19 09:05:37
1652951138017492000,127.5,1,127.0,23,127.5,34,1,2022-05-19 09:05:38
1652951138255659000,127.5,1,127.0,23,127.5,33,1,2022-05-19 09:05:38
1652951138358601000,127.5,1,127.0,23,127.5,32,1,2022-05-19 09:05:38
1652951139070049000,127.5,1,127.0,23,127.5,31,1,2022-05-19 09:05:39
1652951139163857000,127.5,4,127.0,23,127.5,27,1,2022-05-19 09:05:39
1652951139205285000,127.5,1,127.0,24,127.5,26,1,2022-05-19 09:05:39
1652951139407425000,127.5,1,127.0,25,127.5,25,1,2022-05-19 09:05:39
1652951139638685000,127.5,3,127.0,25,127.5,25,1,2022-05-19 09:05:39
1652951139647778000,127.5,1,127.0,25,127.5,24,1,2022-05-19 09:05:39
1652951139796628000,127.5,3,127.0,25,127.5,24,1,2022-05-19 09:05:39
1652951140289452000,127.5,1,127.0,25,127.5,23,1,2022-05-19 09:05:40
1652951140477448000,127.5,10,127.0,25,127.5,14,1,2022-05-19 09:05:40
1652951140696415000,127.5,1,127.0,26,127.5,13,1,2022-05-19 09:05:40
1652951140886857000,127.5,1,127.0,27,127.5,12,1,2022-05-19 09:05:40
1652951141203035000,127.5,1,127.0,27,127.5,11,1,2022-05-19 09:05:41
1652951141347244000,127.5,10,127.0,27,127.5,1,1,2022-05-19 09:05:41
1652951141376813000,127.5,1,127.0,27,128.0,192,1,2022-05-19 09:05:41
1652951141407052000,127.5,2,127.0,27,128.0,192,2,2022-05-19 09:05:41
1652951141765668000,127.5,1,127.0,28,127.5,1,1,2022-05-19 09:05:41
1652951142023068000,127.5,1,127.0,29,128.0,199,1,2022-05-19 09:05:42
1652951142023068000,128.0,1,127.0,29,128.0,199,1,2022-05-19 09:05:42
1652951142076326000,127.5,1,127.0,29,127.5,7,1,2022-05-19 09:05:42
1652951142080600000,127.5,1,127.0,29,127.5,6,1,2022-05-19 09:05:42
1652951142414226000,127.5,5,127.0,28,127.5,2,1,2022-05-19 09:05:42
1652951142577775000,127.5,1,127.0,33,127.5,2,1,2022-05-19 09:05:42
1652951142842853000,127.5,1,127.0,33,127.5,1,1,2022-05-19 09:05:42
1652951143217471000,127.5,1,127.0,33,127.5,2,1,2022-05-19 09:05:43
1652951143260793000,127.5,2,127.5,3,128.0,199,1,2022-05-19 09:05:43
1652951143287175000,127.5,1,127.5,2,128.0,199,2,2022-05-19 09:05:43
1652951143287191000,127.5,2,127.0,35,128.0,199,2,2022-05-19 09:05:43
1652951143334939000,127.5,1,127.0,34,128.0,199,2,2022-05-19 09:05:43
1652951143383038000,127.5,1,127.0,35,128.0,199,2,2022-05-19 09:05:43
1652951143651995000,128.0,1,127.0,35,128.0,198,1,2022-05-19 09:05:43
1652951143676972000,127.5,1,127.0,35,128.0,199,1,2022-05-19 09:05:43
1652951143875227000,127.5,1,127.0,33,128.0,199,2,2022-05-19 09:05:43
1652951144437635000,127.5,1,127.0,36,127.5,3,1,2022-05-19 09:05:44
1652951144664662000,127.5,1,127.0,36,127.5,2,1,2022-05-19 09:05:44
1652951145324685000,127.5,1,127.0,52,127.5,3,1,2022-05-19 09:05:45
1652951145549898000,127.5,1,127.0,52,127.5,3,1,2022-05-19 09:05:45
1652951145833712000,127.5,1,127.0,52,127.5,2,1,2022-05-19 09:05:45
1652951145862182000,127.5,1,127.0,52,127.5,1,1,2022-05-19 09:05:45
1652951146034938000,127.5,1,127.0,53,128.0,194,1,2022-05-19 09:05:46
1652951146834524000,127.5,5,127.0,53,127.5,1,1,2022-05-19 09:05:46
1652951147279305000,127.5,1,127.0,54,128.0,187,1,2022-05-19 09:05:47
1652951148046194000,127.5,1,127.0,58,128.0,187,2,2022-05-19 09:05:48
1652951148061672000,127.0,5,127.0,53,128.0,187,2,2022-05-19 09:05:48
1652951148231560000,127.5,1,127.0,53,128.0,188,2,2022-05-19 09:05:48
1652951148905560000,127.5,1,127.0,57,127.5,3,1,2022-05-19 09:05:48
1652951149183980000,127.5,1,127.0,57,127.5,7,1,2022-05-19 09:05:49
1652951149195136000,127.5,5,127.0,57,127.5,2,1,2022-05-19 09:05:49
1652951150276008000,127.5,1,127.0,57,127.5,31,1,2022-05-19 09:05:50
1652951151887227000,127.5,2,127.0,64,127.5,36,1,2022-05-19 09:05:51
1652951152186421000,127.0,64,126.5,110,127.0,86,2,2022-05-19 09:05:52
1652951152262789000,126.5,1,126.5,109,127.0,87,2,2022-05-19 09:05:52
1652951152766084000,126.5,2,126.5,107,127.0,88,2,2022-05-19 09:05:52
1652951152831757000,127.0,1,126.5,107,127.0,87,1,2022-05-19 09:05:52
1652951153019932000,127.0,1,126.5,107,127.0,86,1,2022-05-19 09:05:53
1652951153063755000,127.0,2,126.5,107,127.0,84,1,2022-05-19 09:05:53
1652951153242371000,126.5,57,126.0,146,127.0,85,2,2022-05-19 09:05:53
1652951153380704000,127.0,2,126.0,146,127.0,83,1,2022-05-19 09:05:53
1652951153550827000,127.0,1,126.0,146,127.0,82,1,2022-05-19 09:05:53
1652951153977698000,126.5,1,126.0,146,126.5,6,1,2022-05-19 09:05:53
1652951154363218000,126.5,2,126.0,146,126.5,4,1,2022-05-19 09:05:54
1652951155251596000,126.5,1,126.0,137,126.5,6,1,2022-05-19 09:05:55
1652951155287668000,126.5,6,126.0,138,127.0,86,1,2022-05-19 09:05:55
1652951155395724000,126.0,2,126.0,136,127.0,86,2,2022-05-19 09:05:55
1652951156161133000,126.5,5,126.0,136,127.0,91,2,2022-05-19 09:05:56
1652951156490718000,127.0,1,126.0,135,127.0,92,1,2022-05-19 09:05:56
1652951156814142000,126.5,1,126.0,135,127.0,92,1,2022-05-19 09:05:56
1652951157624120000,127.0,1,126.5,2,127.0,91,1,2022-05-19 09:05:57
1652951159296458000,127.0,1,126.5,4,127.0,89,1,2022-05-19 09:05:59
1652951163482055000,126.5,2,126.5,17,127.0,102,2,2022-05-19 09:06:03
1652951163506616000,126.5,17,126.0,149,127.0,102,2,2022-05-19 09:06:03
1652951164231391000,126.5,4,126.0,150,126.5,1,2,2022-05-19 09:06:04
1652951164699951000,126.5,1,126.0,150,126.5,5,1,2022-05-19 09:06:04
1652951164841329000,126.5,3,126.0,144,126.5,2,1,2022-05-19 09:06:04
1652951165734330000,126.5,1,126.0,144,126.5,1,1,2022-05-19 09:06:05
1652951165927204000,126.5,1,126.0,144,127.0,103,1,2022-05-19 09:06:05
1652951166259592000,126.5,1,126.0,144,127.0,104,2,2022-05-19 09:06:06
1652951167576008000,127.0,1,126.5,2,127.0,107,1,2022-05-19 09:06:07
1652951167663767000,127.0,1,126.5,2,127.0,106,1,2022-05-19 09:06:07
1652951169178834000,126.5,2,126.5,5,127.0,107,2,2022-05-19 09:06:09
1652951170006213000,126.5,1,126.5,5,127.0,107,2,2022-05-19 09:06:10
1652951171047328000,126.5,5,126.0,151,127.0,108,2,2022-05-19 09:06:11
1652951171487748000,126.5,1,126.5,2,127.0,108,1,2022-05-19 09:06:11
1652951171519543000,126.5,2,126.0,151,127.0,108,2,2022-05-19 09:06:11
1652951171634544000,126.5,1,126.0,152,127.0,112,2,2022-05-19 09:06:11
1652951171724164000,126.5,1,126.0,152,127.0,112,2,2022-05-19 09:06:11
1652951171997661000,126.0,4,126.0,148,127.0,112,2,2022-05-19 09:06:11
1652951172054952000,126.5,2,126.0,148,126.5,2,1,2022-05-19 09:06:12
1652951172132563000,126.5,1,126.0,148,126.5,1,1,2022-05-19 09:06:12
1652951172462272000,126.5,1,126.0,148,127.0,112,1,2022-05-19 09:06:12
1652951173411632000,126.5,1,126.0,148,127.0,115,2,2022-05-19 09:06:13
1652951173619016000,126.5,1,126.0,148,127.0,115,2,2022-05-19 09:06:13
1652951173683234000,126.5,1,126.0,148,127.0,115,2,2022-05-19 09:06:13
1652951174017282000,126.5,1,126.0,148,126.5,4,1,2022-05-19 09:06:14
1652951174402661000,126.0,3,126.0,145,126.5,15,2,2022-05-19 09:06:14
1652951174498976000,126.5,1,126.0,145,126.5,14,1,2022-05-19 09:06:14
1652951175333674000,126.5,1,126.0,151,126.5,37,1,2022-05-19 09:06:15
1652951178317379000,126.5,1,126.0,158,126.5,42,1,2022-05-19 09:06:18
1652951179405756000,126.5,1,126.0,163,126.5,40,1,2022-05-19 09:06:19
1652951180554583000,126.5,1,126.0,142,126.5,39,1,2022-05-19 09:06:20
1652951182396443000,126.5,1,126.0,147,126.5,41,1,2022-05-19 09:06:22
1652951185668441000,126.0,6,126.0,145,126.5,47,2,2022-05-19 09:06:25
1652951186768958000,126.5,2,126.0,146,126.5,46,1,2022-05-19 09:06:26
1652951188397348000,126.5,1,126.0,147,126.5,45,1,2022-05-19 09:06:28
1652951193644756000,126.5,1,126.0,146,126.5,45,1,2022-05-19 09:06:33
1652951195093260000,126.0,1,126.0,148,126.5,44,2,2022-05-19 09:06:35
1652951195134846000,126.0,1,126.0,147,126.5,45,2,2022-05-19 09:06:35
1652951196326983000,126.5,1,126.0,147,126.5,44,1,2022-05-19 09:06:36
1652951198473469000,126.5,1,126.0,151,126.5,47,1,2022-05-19 09:06:38
1652951198794484000,126.5,4,126.0,152,126.5,43,1,2022-05-19 09:06:38
1652951200629433000,126.0,1,126.0,151,126.5,43,2,2022-05-19 09:06:40
1652951200664758000,126.0,1,126.0,150,126.5,44,2,2022-05-19 09:06:40
1652951201075998000,126.5,1,126.0,151,126.5,43,1,2022-05-19 09:06:41
1652951204302647000,126.5,1,126.0,152,126.5,42,1,2022-05-19 09:06:44
1652951204729743000,126.5,1,126.0,150,126.5,40,1,2022-05-19 09:06:44
1652951204961275000,126.0,1,126.0,149,126.5,40,2,2022-05-19 09:06:44
1652951204997786000,126.0,1,126.0,148,126.5,41,2,2022-05-19 09:06:44
1652951205023856000,126.0,4,126.0,144,126.5,41,2,2022-05-19 09:06:45
1652951205062372000,126.0,1,126.0,142,126.5,41,2,2022-05-19 09:06:45
1652951205212170000,126.0,8,126.0,134,126.5,44,2,2022-05-19 09:06:45
1652951205237373000,126.0,24,126.0,110,126.5,44,2,2022-05-19 09:06:45
1652951205263397000,126.0,51,126.0,59,126.5,44,2,2022-05-19 09:06:45
1652951205263627000,126.0,48,126.0,11,126.5,44,2,2022-05-19 09:06:45
1652951205267311000,126.0,1,126.0,10,126.5,44,2,2022-05-19 09:06:45
1652951205285161000,126.0,10,125.5,132,126.5,44,2,2022-05-19 09:06:45
1652951205333642000,125.5,1,125.5,123,126.0,27,2,2022-05-19 09:06:45
1652951205335033000,125.5,1,125.5,122,126.0,27,2,2022-05-19 09:06:45
1652951205447108000,126.0,1,125.5,122,126.0,26,1,2022-05-19 09:06:45
1652951206394778000,126.0,1,125.5,122,126.0,25,1,2022-05-19 09:06:46
1652951206720619000,126.0,1,125.5,122,126.0,24,1,2022-05-19 09:06:46
1652951207613875000,126.0,1,125.5,122,126.0,26,1,2022-05-19 09:06:47
1652951210493531000,126.0,1,125.5,121,126.0,43,1,2022-05-19 09:06:50
1652951211813114000,126.0,1,125.5,123,126.0,43,1,2022-05-19 09:06:51
1652951212129625000,125.5,2,125.5,121,126.0,42,2,2022-05-19 09:06:52
1652951212675657000,126.0,1,125.5,121,126.0,43,1,2022-05-19 09:06:52
1652951213623829000,126.0,1,125.5,121,126.0,43,1,2022-05-19 09:06:53
1652951214227201000,125.5,1,125.5,120,126.0,42,2,2022-05-19 09:06:54
1652951214965239000,125.5,1,125.5,117,126.0,60,2,2022-05-19 09:06:54
1652951214968947000,126.0,2,125.5,117,126.0,58,1,2022-05-19 09:06:54
1652951215018029000,126.0,5,125.5,117,126.0,53,1,2022-05-19 09:06:55
1652951217046420000,126.0,1,125.5,121,126.0,52,1,2022-05-19 09:06:57
1652951217632338000,126.0,1,125.5,121,126.0,51,1,2022-05-19 09:06:57
1652951217970552000,126.0,2,125.5,121,126.0,55,1,2022-05-19 09:06:57
1652951219236336000,126.0,3,125.5,120,126.0,62,1,2022-05-19 09:06:59
1652951220874931000,126.0,1,125.5,118,126.0,61,1,2022-05-19 09:07:00
1652951221701653000,126.0,1,125.5,118,126.0,60,1,2022-05-19 09:07:01
1652951222710021000,125.5,2,125.5,116,126.0,66,2,2022-05-19 09:07:02
1652951222755906000,126.0,1,125.5,116,126.0,66,1,2022-05-19 09:07:02
1652951223435053000,126.0,1,125.5,116,126.0,64,1,2022-05-19 09:07:03
1652951225582229000,125.5,3,125.5,114,126.0,64,2,2022-05-19 09:07:05
1652951225618890000,125.5,1,125.5,113,126.0,64,2,2022-05-19 09:07:05
1652951225839778000,125.5,74,125.5,39,126.0,65,2,2022-05-19 09:07:05
1652951225872509000,125.5,39,125.0,168,126.0,65,2,2022-05-19 09:07:05
1652951225963414000,125.0,1,125.0,167,125.5,9,2,2022-05-19 09:07:05
1652951225964702000,125.0,1,125.0,166,125.5,9,2,2022-05-19 09:07:05
1652951226098467000,125.0,1,125.0,165,125.5,8,2,2022-05-19 09:07:06
1652951226100361000,125.0,1,125.0,164,125.5,9,2,2022-05-19 09:07:06
1652951229535777000,125.5,1,125.0,167,125.5,30,1,2022-05-19 09:07:09
1652951229709480000,125.0,1,125.0,166,125.5,30,2,2022-05-19 09:07:09
1652951229718559000,125.5,1,125.0,166,125.5,29,1,2022-05-19 09:07:09
1652951230740000000,125.5,3,125.0,166,125.5,26,1,2022-05-19 09:07:10
1652951230968429000,125.5,1,125.0,166,125.5,25,1,2022-05-19 09:07:10
1652951231162757000,125.0,2,125.0,163,125.5,26,2,2022-05-19 09:07:11
1652951231800948000,125.5,1,125.0,164,125.5,25,1,2022-05-19 09:07:11
1652951231831166000,125.5,1,125.0,164,125.5,24,1,2022-05-19 09:07:11
1652951232310537000,125.5,1,125.0,164,125.5,23,1,2022-05-19 09:07:12
1652951232694064000,125.0,1,125.0,162,125.5,23,2,2022-05-19 09:07:12
1652951232728018000,125.0,3,125.0,159,125.5,23,2,2022-05-19 09:07:12
1652951232749234000,125.0,2,125.0,157,125.5,23,2,2022-05-19 09:07:12
1652951232759865000,125.0,1,125.0,156,125.5,23,2,2022-05-19 09:07:12
1652951232761414000,125.0,1,125.0,155,125.5,23,2,2022-05-19 09:07:12
1652951232761801000,125.0,1,125.0,154,125.5,23,2,2022-05-19 09:07:12
1652951233003595000,125.0,2,125.0,153,125.5,23,2,2022-05-19 09:07:13
1652951233046728000,125.0,1,125.0,152,125.5,23,2,2022-05-19 09:07:13
1652951234072803000,125.0,3,125.0,149,125.5,22,2,2022-05-19 09:07:14
1652951234390735000,125.5,5,125.0,149,125.5,17,1,2022-05-19 09:07:14
1652951235912586000,125.5,1,125.0,149,125.5,19,1,2022-05-19 09:07:15
1652951236037463000,125.5,1,125.0,149,125.5,18,1,2022-05-19 09:07:16
1652951236428326000,125.5,1,125.0,149,125.5,17,1,2022-05-19 09:07:16
1652951236662543000,125.0,12,125.0,137,125.5,17,2,2022-05-19 09:07:16
1652951236691781000,125.0,1,125.0,136,125.5,17,2,2022-05-19 09:07:16
1652951236701253000,125.0,1,125.0,135,125.5,17,2,2022-05-19 09:07:16
1652951236726562000,125.0,1,125.0,134,125.5,17,2,2022-05-19 09:07:16
1652951237029951000,125.5,3,125.0,133,125.5,16,1,2022-05-19 09:07:17
1652951237132214000,125.5,1,125.0,133,125.5,15,1,2022-05-19 09:07:17
1652951237703144000,125.0,1,125.0,132,125.5,15,2,2022-05-19 09:07:17
1652951237729662000,125.5,1,125.0,132,125.5,14,1,2022-05-19 09:07:17
1652951238263655000,125.0,1,125.0,135,125.5,15,2,2022-05-19 09:07:18
1652951238863197000,125.5,2,125.0,135,125.5,16,1,2022-05-19 09:07:18
1652951238983654000,125.5,10,125.0,135,125.5,6,1,2022-05-19 09:07:18
1652951239013019000,125.5,6,125.0,135,126.0,56,1,2022-05-19 09:07:19
1652951239100178000,125.5,1,125.5,5,126.0,56,2,2022-05-19 09:07:19
1652951239700667000,126.0,1,125.5,5,126.0,55,1,2022-05-19 09:07:19
1652951239856991000,125.5,3,125.5,48,126.0,54,2,2022-05-19 09:07:19
1652951239881308000,125.5,2,125.5,46,126.0,54,2,2022-05-19 09:07:19
1652951240577903000,125.5,1,125.5,52,126.0,54,2,2022-05-19 09:07:20
1652951242151268000,125.5,1,125.5,58,126.0,47,2,2022-05-19 09:07:22
1652951242222877000,125.5,8,125.5,50,126.0,47,2,2022-05-19 09:07:22
1652951243399274000,125.5,1,125.5,51,126.0,47,2,2022-05-19 09:07:23
1652951243408348000,125.5,2,125.5,49,126.0,47,2,2022-05-19 09:07:23
1652951244018627000,125.5,1,125.5,58,126.0,42,2,2022-05-19 09:07:24
1652951244161386000,125.5,1,125.5,59,126.0,42,2,2022-05-19 09:07:24
1652951244667433000,126.0,7,125.5,61,126.0,35,1,2022-05-19 09:07:24
1652951244797302000,125.5,2,125.5,59,126.0,33,2,2022-05-19 09:07:24
1652951245328871000,125.5,1,125.5,60,126.0,34,2,2022-05-19 09:07:25
1652951245444582000,125.5,20,125.5,40,126.0,34,2,2022-05-19 09:07:25
1652951245569526000,125.5,1,125.5,40,126.0,34,2,2022-05-19 09:07:25
1652951246535768000,125.5,1,125.5,43,126.0,37,2,2022-05-19 09:07:26
1652951246699188000,125.5,1,125.5,47,126.0,37,2,2022-05-19 09:07:26
1652951246965144000,125.5,1,125.5,46,126.0,38,2,2022-05-19 09:07:26
1652951247001701000,125.5,1,125.5,45,126.0,38,2,2022-05-19 09:07:27
1652951247032207000,125.5,1,125.5,44,126.0,38,2,2022-05-19 09:07:27
1652951247383510000,125.5,1,125.5,43,126.0,43,2,2022-05-19 09:07:27
1652951247426274000,125.5,20,125.5,23,126.0,43,2,2022-05-19 09:07:27
1652951247427453000,125.5,1,125.5,22,126.0,43,2,2022-05-19 09:07:27
1652951247754652000,125.5,2,125.5,20,126.0,45,2,2022-05-19 09:07:27
1652951247764712000,125.5,6,125.5,14,126.0,45,2,2022-05-19 09:07:27
1652951247786818000,125.5,7,125.5,7,126.0,52,2,2022-05-19 09:07:27
1652951247819008000,125.5,6,125.5,1,126.0,52,2,2022-05-19 09:07:27
1652951247851106000,125.5,1,125.0,148,126.0,52,2,2022-05-19 09:07:27
1652951248105747000,125.5,1,125.0,155,126.0,75,1,2022-05-19 09:07:28
1652951248422899000,125.5,1,125.0,155,126.0,52,2,2022-05-19 09:07:28
1652951248526614000,125.5,1,125.0,158,125.5,1,2,2022-05-19 09:07:28
1652951248560899000,125.5,1,125.0,158,126.0,52,1,2022-05-19 09:07:28
1652951248641367000,125.5,2,125.5,4,126.0,52,2,2022-05-19 09:07:28
1652951248642155000,125.5,4,125.0,158,125.5,1,2,2022-05-19 09:07:28
1652951248681015000,125.5,1,125.0,158,126.0,52,1,2022-05-19 09:07:28
1652951249406980000,125.5,1,125.0,158,126.0,52,2,2022-05-19 09:07:29
1652951249618772000,125.5,1,125.0,151,125.5,4,1,2022-05-19 09:07:29
1652951249657273000,125.0,2,125.0,149,125.5,4,2,2022-05-19 09:07:29
1652951249658437000,125.5,4,125.0,149,126.0,52,1,2022-05-19 09:07:29
1652951250146476000,125.0,1,125.0,149,125.5,15,2,2022-05-19 09:07:30
1652951250321168000,125.0,1,125.0,148,125.5,15,2,2022-05-19 09:07:30
1652951250565811000,125.5,1,125.0,148,125.5,14,1,2022-05-19 09:07:30
1652951251063925000,125.0,2,125.0,147,125.5,16,2,2022-05-19 09:07:31
1652951251399521000,125.0,2,125.0,145,125.5,18,2,2022-05-19 09:07:31
1652951251435738000,125.0,1,125.0,144,125.5,18,2,2022-05-19 09:07:31
1652951252180440000,125.5,2,125.0,147,125.5,26,1,2022-05-19 09:07:32
1652951252684099000,125.0,1,125.0,149,125.5,29,2,2022-05-19 09:07:32
1652951253418377000,125.0,5,125.0,143,125.5,32,2,2022-05-19 09:07:33
1652951253454684000,125.0,1,125.0,142,125.5,32,2,2022-05-19 09:07:33
1652951253456113000,125.0,1,125.0,141,125.5,32,2,2022-05-19 09:07:33
1652951253535003000,125.5,1,125.0,141,125.5,31,1,2022-05-19 09:07:33
1652951253575242000,125.5,1,125.0,140,125.5,30,1,2022-05-19 09:07:33
1652951254137988000,125.0,2,125.0,139,125.5,34,2,2022-05-19 09:07:34
1652951254563371000,125.0,1,125.0,138,125.5,40,2,2022-05-19 09:07:34
1652951254600423000,125.0,1,125.0,137,125.5,40,2,2022-05-19 09:07:34
1652951254943737000,125.5,1,125.0,138,125.5,42,1,2022-05-19 09:07:34
1652951255020534000,125.0,3,125.0,135,125.5,42,2,2022-05-19 09:07:35
1652951255481742000,125.5,1,125.0,135,125.5,42,1,2022-05-19 09:07:35
1652951255553758000,125.5,1,125.0,135,125.5,41,1,2022-05-19 09:07:35
1652951256140856000,125.5,5,125.0,136,125.5,34,1,2022-05-19 09:07:36
1652951256287968000,125.0,1,125.0,135,125.5,34,2,2022-05-19 09:07:36
1652951256325457000,125.0,1,125.0,134,125.5,34,2,2022-05-19 09:07:36
1652951256422035000,125.0,1,125.0,134,125.5,34,2,2022-05-19 09:07:36
1652951257150197000,125.0,1,125.0,135,125.5,35,2,2022-05-19 09:07:37
1652951258027063000,125.0,1,125.0,136,125.5,36,2,2022-05-19 09:07:38
1652951258186297000,125.0,2,125.0,134,125.5,36,2,2022-05-19 09:07:38
1652951258323343000,125.0,1,125.0,133,125.5,37,2,2022-05-19 09:07:38
1652951259092236000,125.5,1,125.0,133,125.5,37,1,2022-05-19 09:07:39
1652951259292069000,125.5,1,125.0,133,125.5,36,1,2022-05-19 09:07:39
1652951259578557000,125.0,1,125.0,133,125.5,36,2,2022-05-19 09:07:39
1652951260410177000,125.5,1,125.0,133,125.5,38,1,2022-05-19 09:07:40
1652951260608136000,125.0,1,125.0,134,125.5,38,2,2022-05-19 09:07:40
1652951260651858000,125.0,1,125.0,133,125.5,38,2,2022-05-19 09:07:40
1652951260789923000,125.0,1,125.0,132,125.5,38,2,2022-05-19 09:07:40
1652951260950534000,125.5,1,125.0,132,125.5,37,1,2022-05-19 09:07:40
1652951261580752000,125.0,1,125.0,131,125.5,37,2,2022-05-19 09:07:41
1652951262146425000,125.0,1,125.0,130,125.5,40,2,2022-05-19 09:07:42
1652951262656764000,125.0,20,125.0,112,125.5,40,2,2022-05-19 09:07:42
1652951262687454000,125.0,1,125.0,110,125.5,41,2,2022-05-19 09:07:42
1652951263034298000,125.0,2,125.0,108,125.5,40,2,2022-05-19 09:07:43
1652951264175974000,125.5,1,125.0,109,125.5,41,1,2022-05-19 09:07:44
1652951264281380000,125.0,7,125.0,102,125.5,40,2,2022-05-19 09:07:44
1652951264337918000,125.0,10,125.0,94,125.5,41,2,2022-05-19 09:07:44
1652951264388139000,125.0,2,125.0,92,125.5,41,2,2022-05-19 09:07:44
1652951264783172000,125.0,1,125.0,92,125.5,41,2,2022-05-19 09:07:44
1652951264872148000,125.0,1,125.0,91,125.5,42,2,2022-05-19 09:07:44
1652951265248455000,125.0,5,125.0,87,125.5,42,2,2022-05-19 09:07:45
1652951265387521000,125.0,1,125.0,86,125.5,41,2,2022-05-19 09:07:45
1652951266017871000,125.0,10,125.0,77,125.5,45,2,2022-05-19 09:07:46
1652951266048490000,125.0,1,125.0,76,125.5,45,2,2022-05-19 09:07:46
1652951266193630000,125.0,1,125.0,75,125.5,45,2,2022-05-19 09:07:46
1652951266284271000,125.0,7,125.0,68,125.5,45,2,2022-05-19 09:07:46
1652951266311292000,125.0,3,125.0,65,125.5,45,2,2022-05-19 09:07:46
1652951266494550000,125.0,1,125.0,65,125.5,45,2,2022-05-19 09:07:46
1652951266647222000,125.0,1,125.0,64,125.5,45,2,2022-05-19 09:07:46
1652951266736824000,125.0,1,125.0,63,125.5,45,2,2022-05-19 09:07:46
1652951266749822000,125.0,1,125.0,62,125.5,45,2,2022-05-19 09:07:46
1652951266861070000,125.0,1,125.0,61,125.5,45,2,2022-05-19 09:07:46
1652951266873673000,125.0,2,125.0,59,125.5,45,2,2022-05-19 09:07:46
1652951266893568000,125.0,1,125.0,58,125.5,45,2,2022-05-19 09:07:46
1652951267019241000,125.0,1,125.0,57,125.5,45,2,2022-05-19 09:07:47
1652951267194237000,125.0,2,125.0,55,125.5,45,2,2022-05-19 09:07:47
1652951267230492000,125.0,1,125.0,54,125.5,45,2,2022-05-19 09:07:47
1652951267332454000,125.0,15,125.0,39,125.5,45,2,2022-05-19 09:07:47
1652951267371923000,125.0,1,125.0,37,125.5,68,2,2022-05-19 09:07:47
1652951267391277000,125.0,24,125.0,19,125.5,45,2,2022-05-19 09:07:47
1652951267393505000,125.0,1,125.0,18,125.5,45,2,2022-05-19 09:07:47
1652951267396326000,125.0,1,125.0,17,125.5,45,2,2022-05-19 09:07:47
1652951267408934000,125.0,5,125.0,12,125.5,45,2,2022-05-19 09:07:47
1652951267408986000,125.0,12,124.5,80,125.5,45,2,2022-05-19 09:07:47
1652951267516047000,125.0,5,124.5,87,125.5,52,1,2022-05-19 09:07:47
1652951269966223000,125.0,3,124.5,93,125.0,38,1,2022-05-19 09:07:49
1652951270060755000,125.0,1,124.5,93,125.0,37,1,2022-05-19 09:07:50
1652951271012344000,125.0,2,124.5,93,125.0,37,1,2022-05-19 09:07:51
1652951271203508000,125.0,1,124.5,93,125.0,36,1,2022-05-19 09:07:51
1652951271735770000,124.5,1,124.5,95,125.0,36,2,2022-05-19 09:07:51
1652951271762205000,124.5,1,124.5,94,125.0,36,2,2022-05-19 09:07:51
1652951271830246000,124.5,2,124.5,92,125.0,36,2,2022-05-19 09:07:51
1652951272446760000,125.0,1,124.5,92,125.0,35,1,2022-05-19 09:07:52
1652951273037883000,125.0,1,124.5,95,125.0,35,1,2022-05-19 09:07:53
1652951273767841000,125.0,1,124.5,96,125.0,47,1,2022-05-19 09:07:53
1652951274118711000,124.5,1,124.5,95,125.0,51,2,2022-05-19 09:07:54
1652951274588040000,124.5,1,124.5,94,125.0,55,2,2022-05-19 09:07:54
1652951275157121000,124.5,1,124.5,94,125.0,57,2,2022-05-19 09:07:55
1652951275492950000,125.0,1,124.5,94,125.0,56,1,2022-05-19 09:07:55
1652951275876860000,125.0,2,124.5,94,125.0,57,1,2022-05-19 09:07:55
1652951276452409000,125.0,1,124.5,96,125.0,56,1,2022-05-19 09:07:56
1652951277025233000,125.0,3,124.5,96,125.0,53,1,2022-05-19 09:07:57
1652951277057224000,125.0,53,124.5,96,125.5,50,1,2022-05-19 09:07:57
1652951277258386000,125.0,1,125.0,5,125.5,48,2,2022-05-19 09:07:57
1652951277478739000,125.0,1,125.0,4,125.5,48,2,2022-05-19 09:07:57
1652951278383377000,125.0,1,125.0,30,125.5,41,2,2022-05-19 09:07:58
1652951278940799000,125.0,1,125.0,63,125.5,45,2,2022-05-19 09:07:58
1652951278992233000,125.5,1,125.0,63,125.5,44,1,2022-05-19 09:07:58
1652951278997838000,125.0,1,125.0,62,125.5,43,2,2022-05-19 09:07:58
1652951279023358000,125.5,1,125.0,62,125.5,42,1,2022-05-19 09:07:59
1652951279084415000,125.5,5,125.0,562,125.5,37,1,2022-05-19 09:07:59
1652951279085032000,125.5,3,125.0,562,125.5,34,1,2022-05-19 09:07:59
1652951279202826000,125.5,3,125.0,567,125.5,31,1,2022-05-19 09:07:59
1652951279380905000,125.5,5,125.0,1066,125.5,26,1,2022-05-19 09:07:59
1652951279444459000,125.5,1,125.0,1067,125.5,25,1,2022-05-19 09:07:59
1652951279531845000,125.0,1,125.0,1071,125.5,24,2,2022-05-19 09:07:59
1652951280613454000,125.5,62,125.0,1084,126.0,54,1,2022-05-19 09:08:00
1652951280944552000,125.5,1,125.0,1087,126.0,53,2,2022-05-19 09:08:00
1652951281044644000,126.0,3,125.5,2,126.0,51,1,2022-05-19 09:08:01
1652951281095544000,125.5,1,125.5,1,126.0,50,2,2022-05-19 09:08:01
1652951281167190000,125.5,1,125.0,1088,126.0,51,2,2022-05-19 09:08:01
1652951281389749000,125.5,1,125.0,1108,126.0,51,2,2022-05-19 09:08:01
1652951282110234000,125.5,1,125.5,1,126.0,52,2,2022-05-19 09:08:02
1652951282427477000,125.5,1,125.5,1,126.0,52,2,2022-05-19 09:08:02
1652951282456491000,125.5,1,125.0,122,126.0,52,2,2022-05-19 09:08:02
1652951282618626000,126.0,1,125.0,122,126.0,51,1,2022-05-19 09:08:02
1652951283463691000,125.5,1,125.0,125,126.0,51,2,2022-05-19 09:08:03
1652951284162554000,126.0,7,125.0,124,126.0,44,1,2022-05-19 09:08:04
1652951284426722000,125.5,2,125.5,1,126.0,62,2,2022-05-19 09:08:04
1652951284443849000,125.5,1,125.0,124,126.0,45,2,2022-05-19 09:08:04
1652951285117902000,125.5,5,125.5,57,126.0,113,1,2022-05-19 09:08:05
1652951289131899000,125.5,7,125.5,65,126.0,104,2,2022-05-19 09:08:09
1652951289223042000,125.5,2,125.5,64,126.0,104,2,2022-05-19 09:08:09
1652951289368231000,125.5,1,125.5,63,126.0,104,2,2022-05-19 09:08:09
1652951290073646000,125.5,2,125.5,61,126.0,105,2,2022-05-19 09:08:10
1652951290547154000,125.5,10,125.5,51,126.0,105,2,2022-05-19 09:08:10
1652951290584389000,125.5,51,125.0,150,126.0,105,2,2022-05-19 09:08:10
1652951290899645000,125.5,1,125.0,192,125.5,4,1,2022-05-19 09:08:10
1652951291096599000,125.5,2,125.0,182,125.5,2,1,2022-05-19 09:08:11
1652951291452985000,125.0,1,125.0,182,126.0,107,2,2022-05-19 09:08:11
1652951291764474000,125.5,1,125.0,159,125.5,49,1,2022-05-19 09:08:11
1652951292160987000,125.5,1,125.0,160,125.5,48,1,2022-05-19 09:08:12
1652951292427126000,125.5,2,125.0,160,125.5,46,1,2022-05-19 09:08:12
1652951292939381000,125.5,1,125.0,160,125.5,46,1,2022-05-19 09:08:12
1652951293269158000,125.5,1,125.0,160,125.5,55,1,2022-05-19 09:08:13
1652951295485652000,125.5,1,125.0,257,125.5,56,1,2022-05-19 09:08:15
1652951295767122000,125.5,1,125.0,256,125.5,55,1,2022-05-19 09:08:15
1652951297202755000,125.5,2,125.0,256,125.5,56,1,2022-05-19 09:08:17
1652951297899327000,125.5,2,125.0,256,125.5,56,1,2022-05-19 09:08:17
1652951297950011000,125.5,5,125.0,256,125.5,51,1,2022-05-19 09:08:17
1652951298025978000,125.5,1,125.0,256,125.5,50,1,2022-05-19 09:08:18
1652951298309898000,125.5,1,125.0,307,125.5,49,1,2022-05-19 09:08:18
1652951298325352000,125.5,3,125.0,307,125.5,46,1,2022-05-19 09:08:18
1652951299185772000,125.5,23,125.0,295,125.5,14,1,2022-05-19 09:08:19
1652951299191976000,125.5,14,125.0,295,126.0,111,1,2022-05-19 09:08:19
1652951299254670000,125.5,5,125.0,297,126.0,111,2,2022-05-19 09:08:19
1652951302213405000,125.5,3,125.5,42,126.0,112,2,2022-05-19 09:08:22
1652951302668680000,125.5,1,125.5,45,126.0,112,2,2022-05-19 09:08:22
1652951303488896000,125.5,2,125.5,47,126.0,112,2,2022-05-19 09:08:23
1652951303617317000,125.5,2,125.5,46,126.0,112,2,2022-05-19 09:08:23
1652951303875779000,126.0,1,125.5,51,126.0,111,1,2022-05-19 09:08:23
1652951304317097000,125.5,1,125.5,52,126.0,110,2,2022-05-19 09:08:24
1652951306295427000,125.5,1,125.5,55,126.0,111,2,2022-05-19 09:08:26
1652951306592094000,125.5,1,125.5,54,126.0,111,2,2022-05-19 09:08:26
1652951307098635000,125.5,1,125.5,54,126.0,111,2,2022-05-19 09:08:27
1652951309665190000,125.5,1,125.5,55,126.0,113,2,2022-05-19 09:08:29
1652951311983861000,125.5,3,125.5,56,126.0,113,2,2022-05-19 09:08:31
1652951313874880000,125.5,1,125.5,62,126.0,119,2,2022-05-19 09:08:33
1652951316125363000,126.0,1,125.5,63,126.0,118,1,2022-05-19 09:08:36
1652951317308191000,125.5,1,125.5,72,126.0,119,2,2022-05-19 09:08:37
1652951318457347000,125.5,1,125.5,82,126.0,119,2,2022-05-19 09:08:38
1652951320702399000,125.5,2,125.5,95,126.0,118,2,2022-05-19 09:08:40
1652951321648724000,125.5,1,125.5,96,126.0,117,2,2022-05-19 09:08:41
1652951328195889000,125.5,10,125.5,85,126.0,121,2,2022-05-19 09:08:48
1652951329121337000,125.5,2,125.5,82,126.0,121,2,2022-05-19 09:08:49
1652951329297948000,126.0,1,125.5,82,126.0,120,1,2022-05-19 09:08:49
1652951330636209000,125.5,1,125.5,181,126.0,120,2,2022-05-19 09:08:50
1652951332137554000,125.5,8,125.5,227,126.0,120,2,2022-05-19 09:08:52
1652951335067383000,126.0,1,125.5,280,126.0,119,1,2022-05-19 09:08:55
1652951335176666000,126.0,1,125.5,280,126.0,117,1,2022-05-19 09:08:55
1652951336799539000,126.0,20,125.5,280,126.0,100,1,2022-05-19 09:08:56
1652951337338562000,125.5,1,125.5,280,126.0,98,2,2022-05-19 09:08:57
1652951338398972000,126.0,2,125.5,281,126.0,96,1,2022-05-19 09:08:58
1652951339217086000,126.0,1,125.5,281,126.0,95,1,2022-05-19 09:08:59
1652951339763144000,126.0,11,125.5,281,126.0,84,1,2022-05-19 09:08:59
1652951339830145000,126.0,1,125.5,281,126.0,83,1,2022-05-19 09:08:59
1652951340131474000,126.0,5,125.5,281,126.0,78,1,2022-05-19 09:09:00
1652951340201121000,126.0,1,125.5,281,126.0,77,1,2022-05-19 09:09:00
1652951340582396000,125.5,10,125.5,271,126.0,77,2,2022-05-19 09:09:00
1652951340898649000,126.0,1,125.5,271,126.0,76,1,2022-05-19 09:09:00
1652951341119695000,126.0,1,125.5,271,126.0,75,1,2022-05-19 09:09:01
1652951341538080000,126.0,1,125.5,271,126.0,74,1,2022-05-19 09:09:01
1652951341627519000,126.0,1,125.5,271,126.0,73,1,2022-05-19 09:09:01
1652951341779221000,126.0,1,125.5,270,126.0,72,1,2022-05-19 09:09:01
1652951342435996000,126.0,1,125.5,271,126.0,71,1,2022-05-19 09:09:02
1652951342583606000,126.0,2,125.5,271,126.0,69,1,2022-05-19 09:09:02
1652951342881777000,126.0,1,125.5,271,126.0,68,1,2022-05-19 09:09:02
1652951343363954000,125.5,1,125.5,271,126.0,69,2,2022-05-19 09:09:03
1652951343443266000,126.0,1,125.5,271,126.0,68,1,2022-05-19 09:09:03
1652951343549018000,126.0,1,125.5,271,126.0,67,1,2022-05-19 09:09:03
1652951343809863000,126.0,5,125.5,271,126.0,62,1,2022-05-19 09:09:03
1652951344101354000,126.0,1,125.5,271,126.0,61,1,2022-05-19 09:09:04
1652951344305769000,126.0,1,125.5,271,126.0,60,1,2022-05-19 09:09:04
1652951346076492000,126.0,1,125.5,271,126.0,60,1,2022-05-19 09:09:06
1652951346285046000,125.5,1,125.5,270,126.0,59,2,2022-05-19 09:09:06
1652951346628514000,126.0,1,125.5,270,126.0,58,1,2022-05-19 09:09:06
1652951346942741000,125.5,6,125.5,264,126.0,58,2,2022-05-19 09:09:06
1652951347789667000,126.0,1,125.5,266,126.0,58,1,2022-05-19 09:09:07
1652951348216926000,126.0,1,125.5,266,126.0,57,1,2022-05-19 09:09:08
1652951348267660000,126.0,8,125.5,266,126.0,49,1,2022-05-19 09:09:08
1652951348282225000,126.0,1,125.5,266,126.0,48,1,2022-05-19 09:09:08
1652951348521477000,126.0,1,125.5,266,126.0,46,1,2022-05-19 09:09:08
1652951349720616000,126.0,1,125.5,266,126.0,50,1,2022-05-19 09:09:09
1652951349841028000,126.0,1,125.5,266,126.0,54,1,2022-05-19 09:09:09
1652951349865565000,126.0,1,125.5,266,126.0,53,1,2022-05-19 09:09:09
1652951350096145000,126.0,1,125.5,266,126.0,52,1,2022-05-19 09:09:10
1652951350294628000,126.0,1,125.5,267,126.0,51,1,2022-05-19 09:09:10
1652951350460908000,126.0,1,125.5,267,126.0,50,1,2022-05-19 09:09:10
1652951350529173000,126.0,5,125.5,267,126.0,45,1,2022-05-19 09:09:10
1652951350545959000,126.0,1,125.5,267,126.0,44,1,2022-05-19 09:09:10
1652951350864987000,126.0,1,125.5,267,126.0,44,1,2022-05-19 09:09:10
1652951352261417000,126.0,5,125.5,272,126.0,39,1,2022-05-19 09:09:12
1652951353274177000,126.0,1,125.5,273,126.0,39,1,2022-05-19 09:09:13
1652951353352638000,126.0,1,125.5,273,126.0,38,1,2022-05-19 09:09:13
1652951353650278000,126.0,2,125.5,273,126.0,36,1,2022-05-19 09:09:13
1652951353961323000,126.0,1,125.5,273,126.0,35,1,2022-05-19 09:09:13
1652951354888034000,126.0,1,125.5,274,126.0,33,1,2022-05-19 09:09:14
1652951355096411000,126.0,2,125.5,274,126.0,31,1,2022-05-19 09:09:15
1652951355172916000,126.0,1,125.5,274,126.0,30,1,2022-05-19 09:09:15
1652951355392684000,125.5,1,125.5,273,126.0,29,2,2022-05-19 09:09:15
1652951355509726000,126.0,1,125.5,274,126.0,28,1,2022-05-19 09:09:15
1652951355693883000,125.5,106,125.5,168,126.0,52,2,2022-05-19 09:09:15
1652951355726536000,125.5,17,125.5,151,126.0,52,2,2022-05-19 09:09:15
1652951355729375000,125.5,1,125.5,150,126.0,57,2,2022-05-19 09:09:15
1652951355730296000,125.5,1,125.5,149,126.0,57,2,2022-05-19 09:09:15
1652951355730593000,125.5,1,125.5,148,126.0,57,2,2022-05-19 09:09:15
1652951355731064000,125.5,1,125.5,147,126.0,57,2,2022-05-19 09:09:15
1652951355757970000,125.5,1,125.5,146,126.0,57,2,2022-05-19 09:09:15
1652951355758397000,125.5,1,125.5,145,126.0,57,2,2022-05-19 09:09:15
1652951355759064000,125.5,9,125.5,136,126.0,57,2,2022-05-19 09:09:15
1652951355759561000,125.5,19,125.5,117,126.0,57,2,2022-05-19 09:09:15
1652951355791335000,125.5,6,125.5,111,126.0,58,2,2022-05-19 09:09:15
1652951355792579000,125.5,2,125.5,109,126.0,58,2,2022-05-19 09:09:15
1652951355809930000,125.5,5,125.5,104,126.0,58,2,2022-05-19 09:09:15
1652951355824505000,125.5,10,125.5,94,126.0,58,2,2022-05-19 09:09:15
1652951355827679000,125.5,8,125.5,86,126.0,58,2,2022-05-19 09:09:15
1652951355876459000,125.5,24,125.5,62,126.0,35,2,2022-05-19 09:09:15
1652951355910391000,125.5,6,125.5,56,126.0,53,2,2022-05-19 09:09:15
1652951355943227000,125.5,9,125.0,312,126.0,53,2,2022-05-19 09:09:15
1652951356014852000,125.0,1,125.0,311,125.5,19,2,2022-05-19 09:09:16
1652951356560129000,125.5,1,125.0,309,125.5,7,1,2022-05-19 09:09:16
1652951356706540000,125.5,1,125.0,309,125.5,24,1,2022-05-19 09:09:16
1652951356793325000,125.5,1,125.0,309,125.5,5,1,2022-05-19 09:09:16
1652951356908540000,125.5,1,125.0,309,125.5,4,1,2022-05-19 09:09:16
1652951357121045000,125.5,1,125.0,309,125.5,3,1,2022-05-19 09:09:17
1652951357883181000,125.5,2,125.0,309,125.5,4,1,2022-05-19 09:09:17
1652951358175151000,125.5,1,125.0,309,125.5,5,1,2022-05-19 09:09:18
1652951358560030000,125.5,1,125.0,309,125.5,5,1,2022-05-19 09:09:18
1652951358892232000,125.5,1,125.0,309,125.5,5,1,2022-05-19 09:09:18
1652951360382996000,125.5,1,125.0,310,125.5,12,1,2022-05-19 09:09:20
1652951362074230000,125.5,2,125.0,311,125.5,34,1,2022-05-19 09:09:22
1652951362407254000,125.5,1,125.0,311,125.5,33,1,2022-05-19 09:09:22
1652951362998224000,125.5,1,125.0,311,125.5,32,1,2022-05-19 09:09:22
1652951363360767000,125.5,1,125.0,311,125.5,32,1,2022-05-19 09:09:23
1652951363919580000,125.5,1,125.0,312,125.5,33,1,2022-05-19 09:09:23
1652951368489470000,125.5,1,125.0,322,125.5,34,1,2022-05-19 09:09:28
1652951370809972000,125.5,1,125.0,321,125.5,36,1,2022-05-19 09:09:30
1652951373440899000,125.5,1,125.0,323,125.5,37,1,2022-05-19 09:09:33
1652951373461675000,125.5,15,125.0,323,125.5,22,1,2022-05-19 09:09:33
1652951373826577000,125.5,1,125.0,322,125.5,12,1,2022-05-19 09:09:33
1652951374926656000,125.5,3,125.0,323,125.5,11,1,2022-05-19 09:09:34
1652951375007766000,125.0,1,125.0,322,125.5,11,2,2022-05-19 09:09:35
1652951375099825000,125.5,1,125.0,322,125.5,22,1,2022-05-19 09:09:35
1652951376296899000,125.5,1,125.0,322,125.5,12,1,2022-05-19 09:09:36
1652951376822120000,125.0,1,125.0,321,125.5,12,2,2022-05-19 09:09:36
1652951376868271000,125.5,1,125.0,321,125.5,11,1,2022-05-19 09:09:36
1652951377012970000,125.5,1,125.0,321,125.5,10,1,2022-05-19 09:09:37
1652951377364636000,125.5,1,125.0,321,125.5,9,1,2022-05-19 09:09:37
1652951378292477000,125.5,1,125.0,322,125.5,9,1,2022-05-19 09:09:38
1652951378435313000,125.5,1,125.0,322,125.5,8,1,2022-05-19 09:09:38
1652951378578158000,125.5,1,125.0,322,125.5,7,1,2022-05-19 09:09:38
1652951379245877000,125.5,1,125.0,322,125.5,9,1,2022-05-19 09:09:39
1652951379961761000,125.5,1,125.0,322,125.5,8,1,2022-05-19 09:09:39
1652951380167636000,125.5,1,125.0,322,125.5,12,1,2022-05-19 09:09:40
1652951380757174000,125.5,1,125.0,322,125.5,116,1,2022-05-19 09:09:40
1652951380969456000,125.0,1,125.0,321,125.5,116,2,2022-05-19 09:09:40
1652951381261754000,125.5,3,125.0,321,125.5,115,1,2022-05-19 09:09:41
1652951383360802000,125.5,1,125.0,323,125.5,114,1,2022-05-19 09:09:43
1652951383972822000,125.5,1,125.0,323,125.5,113,1,2022-05-19 09:09:43
1652951385361835000,125.5,1,125.0,325,125.5,112,1,2022-05-19 09:09:45
1652951385390224000,125.5,1,125.0,325,125.5,111,1,2022-05-19 09:09:45
1652951385542008000,125.5,1,125.0,325,125.5,110,1,2022-05-19 09:09:45
1652951391033065000,125.5,1,125.0,326,125.5,111,1,2022-05-19 09:09:51
1652951394913771000,125.5,2,125.0,327,125.5,115,1,2022-05-19 09:09:54
1652951397514797000,125.5,1,125.0,332,125.5,114,1,2022-05-19 09:09:57
1652951404426407000,125.5,1,125.0,332,125.5,115,1,2022-05-19 09:10:04
1652951404778136000,125.0,4,125.0,326,125.5,115,2,2022-05-19 09:10:04
1652951405456804000,125.5,10,125.0,326,125.5,105,1,2022-05-19 09:10:05
1652951406675339000,125.5,1,125.0,330,125.5,104,1,2022-05-19 09:10:06
1652951407189351000,125.0,1,125.0,329,125.5,104,2,2022-05-19 09:10:07
1652951408410068000,125.0,5,125.0,324,125.5,104,2,2022-05-19 09:10:08
1652951408443579000,125.0,1,125.0,323,125.5,106,2,2022-05-19 09:10:08
1652951408966837000,125.0,160,125.0,166,125.5,106,2,2022-05-19 09:10:08
1652951408966956000,125.0,80,125.0,86,125.5,106,2,2022-05-19 09:10:08
1652951408967061000,125.0,80,125.0,6,125.5,106,2,2022-05-19 09:10:08
1652951408967209000,125.0,6,124.5,217,125.5,106,2,2022-05-19 09:10:08
1652951408967209000,124.5,74,124.5,217,125.5,106,2,2022-05-19 09:10:08
1652951409051440000,124.5,1,124.5,216,125.0,37,2,2022-05-19 09:10:09
1652951409107678000,125.0,1,124.5,216,125.0,37,1,2022-05-19 09:10:09
1652951409725621000,124.5,1,124.5,217,125.0,37,2,2022-05-19 09:10:09
1652951410128086000,125.0,1,124.5,217,125.0,36,1,2022-05-19 09:10:10
1652951410403855000,125.0,1,124.5,217,125.0,35,1,2022-05-19 09:10:10
1652951411599909000,125.0,1,124.5,216,125.0,37,1,2022-05-19 09:10:11
1652951411861029000,125.0,1,124.5,215,125.0,36,1,2022-05-19 09:10:11
1652951413167486000,125.0,1,124.5,215,125.0,39,1,2022-05-19 09:10:13
1652951413566073000,124.5,1,124.5,214,125.0,40,2,2022-05-19 09:10:13
1652951414373715000,125.0,1,124.5,213,125.0,50,1,2022-05-19 09:10:14
1652951414450726000,124.5,2,124.5,211,125.0,50,2,2022-05-19 09:10:14
1652951416153758000,125.0,1,124.5,210,125.0,53,1,2022-05-19 09:10:16
1652951416418770000,124.5,3,124.5,207,125.0,53,2,2022-05-19 09:10:16
1652951417581272000,124.5,56,124.0,515,124.5,44,2,2022-05-19 09:10:17
1652951417684578000,124.0,2,124.0,513,124.5,44,2,2022-05-19 09:10:17
1652951417739966000,124.0,1,124.0,512,124.5,45,2,2022-05-19 09:10:17
1652951418091570000,124.5,25,124.0,512,124.5,47,1,2022-05-19 09:10:18
1652951418097282000,124.0,1,124.0,511,124.5,47,2,2022-05-19 09:10:18
1652951418123336000,124.5,45,124.0,510,125.0,39,1,2022-05-19 09:10:18
1652951418238563000,124.5,1,124.5,10,125.0,61,2,2022-05-19 09:10:18
1652951418347717000,124.5,1,124.5,9,125.0,61,2,2022-05-19 09:10:18
1652951418504609000,124.5,1,124.5,8,125.0,61,2,2022-05-19 09:10:18
1652951418518940000,124.5,1,124.5,7,125.0,61,2,2022-05-19 09:10:18
1652951418538826000,125.0,1,124.5,7,125.0,60,1,2022-05-19 09:10:18
1652951418648764000,124.5,7,124.0,501,125.0,60,2,2022-05-19 09:10:18
1652951418648764000,124.0,8,124.0,501,125.0,60,2,2022-05-19 09:10:18
1652951419507785000,124.5,3,124.0,499,125.0,66,2,2022-05-19 09:10:19
1652951419507785000,124.0,2,124.0,499,125.0,66,2,2022-05-19 09:10:19
1652951419846003000,124.5,1,124.5,14,125.0,68,2,2022-05-19 09:10:19
1652951419878504000,124.5,14,124.0,499,125.0,68,2,2022-05-19 09:10:19
1652951420270695000,124.5,1,124.5,9,125.0,46,1,2022-05-19 09:10:20
1652951420924754000,124.5,1,124.5,9,125.0,46,2,2022-05-19 09:10:20
1652951421524194000,124.5,3,124.5,6,125.0,46,2,2022-05-19 09:10:21
1652951422059372000,124.5,3,124.5,7,125.0,46,2,2022-05-19 09:10:22
1652951422259341000,124.5,3,124.5,4,125.0,45,2,2022-05-19 09:10:22
1652951422819424000,124.5,1,124.5,6,125.0,46,2,2022-05-19 09:10:22
1652951423141395000,124.5,4,124.5,8,125.0,46,2,2022-05-19 09:10:23
1652951423991018000,124.5,2,124.5,13,125.0,49,2,2022-05-19 09:10:23
1652951424056482000,124.5,5,124.5,8,125.0,49,2,2022-05-19 09:10:24
1652951424192460000,124.5,1,124.5,7,125.0,49,2,2022-05-19 09:10:24
1652951424353906000,124.5,1,124.5,6,125.0,49,2,2022-05-19 09:10:24
1652951424700747000,124.5,1,124.5,6,125.0,49,2,2022-05-19 09:10:24
1652951424864018000,124.5,2,124.5,4,125.0,49,2,2022-05-19 09:10:24
1652951425684390000,124.5,2,124.5,7,125.0,50,2,2022-05-19 09:10:25
1652951425916379000,124.5,1,124.5,6,125.0,51,2,2022-05-19 09:10:25
1652951426638374000,124.5,1,124.5,9,125.0,54,2,2022-05-19 09:10:26
1652951426646389000,124.5,2,124.5,7,125.0,54,2,2022-05-19 09:10:26
1652951426651979000,124.5,1,124.5,6,125.0,54,2,2022-05-19 09:10:26
1652951427071314000,124.5,1,124.5,7,125.0,55,2,2022-05-19 09:10:27
1652951427211711000,124.5,1,124.5,7,125.0,55,2,2022-05-19 09:10:27
1652951427415207000,124.5,1,124.5,7,125.0,55,2,2022-05-19 09:10:27
1652951428014304000,125.0,1,124.5,9,125.0,54,1,2022-05-19 09:10:28
1652951428319599000,124.5,5,124.5,13,125.0,54,2,2022-05-19 09:10:28
1652951428944883000,124.5,1,124.5,13,125.0,54,2,2022-05-19 09:10:28
1652951429823367000,124.5,2,124.5,66,125.0,54,2,2022-05-19 09:10:29
1652951429968529000,124.5,19,124.5,47,125.0,54,2,2022-05-19 09:10:29
1652951430725001000,124.5,1,124.5,61,125.0,56,2,2022-05-19 09:10:30
1652951430789547000,124.5,1,124.5,60,125.0,56,2,2022-05-19 09:10:30
1652951431259951000,124.5,1,124.5,61,125.0,56,2,2022-05-19 09:10:31
1652951431692919000,124.5,1,124.5,61,125.0,56,2,2022-05-19 09:10:31
1652951432301260000,124.5,1,124.5,63,125.0,56,2,2022-05-19 09:10:32
1652951432581396000,125.0,5,124.5,63,125.0,51,1,2022-05-19 09:10:32
1652951435876770000,125.0,1,124.5,74,125.0,57,1,2022-05-19 09:10:35
1652951435972890000,125.0,1,124.5,74,125.0,56,1,2022-05-19 09:10:35
1652951438444999000,125.0,1,124.5,79,125.0,59,1,2022-05-19 09:10:38
1652951439447801000,125.0,1,124.5,100,125.0,60,1,2022-05-19 09:10:39
