ts,close,volume,bid_price,bid_volume,ask_price,ask_volume,tick_type,datetime
1652950817031330000,12.7,782,12.65,67,12.7,112,2,2022-05-19 09:00:17
1652950817795383000,12.65,7,12.65,60,12.7,112,2,2022-05-19 09:00:17
1652950817807664000,12.7,5,12.65,60,12.7,107,1,2022-05-19 09:00:17
1652950817821087000,12.65,1,12.65,59,12.7,107,2,2022-05-19 09:00:17
1652950818243925000,12.65,1,12.65,58,12.7,107,2,2022-05-19 09:00:18
1652950820302540000,12.65,1,12.65,67,12.7,107,2,2022-05-19 09:00:20
1652950821586683000,12.65,2,12.65,104,12.7,107,2,2022-05-19 09:00:21
1652950823301122000,12.7,5,12.65,104,12.7,102,1,2022-05-19 09:00:23
1652950825651903000,12.65,1,12.65,103,12.7,102,2,2022-05-19 09:00:25
1652950826464808000,12.65,1,12.65,102,12.7,102,2,2022-05-19 09:00:26
1652950828357961000,12.65,2,12.65,100,12.7,102,2,2022-05-19 09:00:28
1652950830470491000,12.7,5,12.65,100,12.7,97,1,2022-05-19 09:00:30
1652950831610931000,12.65,1,12.65,99,12.7,97,2,2022-05-19 09:00:31
1652950832558039000,12.65,1,12.65,98,12.7,97,2,2022-05-19 09:00:32
1652950833347755000,12.7,3,12.65,98,12.7,104,1,2022-05-19 09:00:33
1652950834909452000,12.7,1,12.65,98,12.7,103,1,2022-05-19 09:00:34
1652950837239464000,12.7,22,12.65,98,12.7,81,1,2022-05-19 09:00:37
1652950838397216000,12.7,2,12.65,98,12.7,79,1,2022-05-19 09:00:38
1652950839692095000,12.7,2,12.65,98,12.7,78,1,2022-05-19 09:00:39
1652950839996920000,12.65,4,12.65,94,12.7,78,2,2022-05-19 09:00:39
1652950840332422000,12.65,1,12.65,93,12.7,80,2,2022-05-19 09:00:40
1652950840377756000,12.65,80,12.65,13,12.7,80,2,2022-05-19 09:00:40
1652950840385332000,12.7,1,12.65,13,12.7,79,1,2022-05-19 09:00:40
1652950840419525000,12.65,3,12.65,10,12.7,79,2,2022-05-19 09:00:40
1652950840420061000,12.65,10,12.6,46,12.7,79,2,2022-05-19 09:00:40
1652950840794871000,12.7,2,12.6,46,12.7,77,1,2022-05-19 09:00:40
1652950840994521000,12.65,1,12.65,4,12.7,77,2,2022-05-19 09:00:40
1652950841032047000,12.65,4,12.6,46,12.7,77,2,2022-05-19 09:00:41
1652950841110588000,12.7,4,12.6,46,12.7,73,1,2022-05-19 09:00:41
1652950841859326000,12.7,2,12.6,46,12.7,71,1,2022-05-19 09:00:41
1652950844746012000,12.7,20,12.65,47,12.7,51,1,2022-05-19 09:00:44
1652950844900008000,12.7,2,12.65,47,12.7,49,1,2022-05-19 09:00:44
1652950846650310000,12.7,2,12.65,48,12.7,47,1,2022-05-19 09:00:46
1652950846894487000,12.7,1,12.65,48,12.7,46,1,2022-05-19 09:00:46
1652950847409882000,12.7,10,12.65,48,12.7,36,1,2022-05-19 09:00:47
1652950848148157000,12.7,1,12.65,49,12.7,35,1,2022-05-19 09:00:48
1652950848232255000,12.7,3,12.65,49,12.7,32,1,2022-05-19 09:00:48
1652950848283276000,12.7,5,12.65,49,12.7,27,1,2022-05-19 09:00:48
1652950848306339000,12.7,27,12.65,49,12.75,34,1,2022-05-19 09:00:48
1652950848731757000,12.75,1,12.65,39,12.75,33,1,2022-05-19 09:00:48
1652950848872046000,12.7,5,12.65,34,12.75,33,2,2022-05-19 09:00:48
1652950848872046000,12.65,5,12.65,34,12.75,33,2,2022-05-19 09:00:48
1652950849442787000,12.75,25,12.7,14,12.75,8,1,2022-05-19 09:00:49
1652950850050028000,12.7,1,12.7,15,12.75,8,2,2022-05-19 09:00:50
1652950850063522000,12.75,8,12.7,15,12.8,78,1,2022-05-19 09:00:50
1652950850063522000,12.8,3,12.7,15,12.8,78,1,2022-05-19 09:00:50
1652950850237975000,12.75,5,12.7,15,12.8,78,2,2022-05-19 09:00:50
1652950850692914000,12.7,1,12.7,14,12.8,78,2,2022-05-19 09:00:50
1652950850965552000,12.75,3,12.75,2,12.8,78,2,2022-05-19 09:00:50
1652950852997817000,12.7,11,12.7,8,12.8,40,2,2022-05-19 09:00:52
1652950855423077000,12.7,1,12.7,8,12.8,40,2,2022-05-19 09:00:55
1652950855978594000,12.7,3,12.7,8,12.8,40,2,2022-05-19 09:00:55
1652950857255344000,12.8,1,12.7,10,12.8,39,1,2022-05-19 09:00:57
1652950857687005000,12.7,1,12.7,9,12.8,39,2,2022-05-19 09:00:57
1652950859203730000,12.7,10,12.7,4,12.8,39,2,2022-05-19 09:00:59
1652950859416965000,12.7,8,12.7,6,12.8,39,2,2022-05-19 09:00:59
1652950859590199000,12.8,5,12.7,6,12.8,34,1,2022-05-19 09:00:59
1652950859925983000,12.8,34,12.75,9,12.85,17,1,2022-05-19 09:00:59
1652950860740087000,12.75,2,12.75,7,12.85,25,2,2022-05-19 09:01:00
1652950860958967000,12.75,1,12.75,6,12.85,25,2,2022-05-19 09:01:00
1652950861270487000,12.75,6,12.7,8,12.8,4,2,2022-05-19 09:01:01
1652950861282659000,12.8,4,12.7,8,12.85,24,1,2022-05-19 09:01:01
1652950861282659000,12.85,1,12.7,8,12.85,24,1,2022-05-19 09:01:01
1652950864171484000,12.8,1,12.75,2,12.85,58,1,2022-05-19 09:01:04
1652950865103968000,12.85,1,12.75,2,12.85,96,1,2022-05-19 09:01:05
1652950866650958000,12.8,3,12.75,2,12.85,96,2,2022-05-19 09:01:06
1652950868079943000,12.85,2,12.75,12,12.85,56,1,2022-05-19 09:01:08
1652950870482287000,12.85,30,12.75,14,12.85,27,1,2022-05-19 09:01:10
1652950872383181000,12.85,28,12.8,2,12.9,54,1,2022-05-19 09:01:12
1652950872383601000,12.8,2,12.75,24,12.9,54,2,2022-05-19 09:01:12
1652950872991291000,12.9,3,12.75,24,12.9,51,1,2022-05-19 09:01:12
1652950873447557000,12.75,24,12.65,20,12.85,1,2,2022-05-19 09:01:13
1652950873447557000,12.7,45,12.65,20,12.85,1,2,2022-05-19 09:01:13
1652950873447557000,12.65,10,12.65,20,12.85,1,2,2022-05-19 09:01:13
1652950873594258000,12.8,2,12.65,20,12.8,5,1,2022-05-19 09:01:13
1652950873969312000,12.8,3,12.65,20,12.8,2,1,2022-05-19 09:01:13
1652950874460965000,12.65,20,12.6,49,12.65,19,2,2022-05-19 09:01:14
1652950874503149000,12.65,19,12.6,49,12.65,7,1,2022-05-19 09:01:14
1652950874503371000,12.65,7,12.6,49,12.8,2,1,2022-05-19 09:01:14
1652950875843478000,12.8,2,12.7,3,12.85,28,1,2022-05-19 09:01:15
1652950875843478000,12.85,18,12.7,3,12.85,28,1,2022-05-19 09:01:15
1652950875906126000,12.75,7,12.7,3,12.8,8,2,2022-05-19 09:01:15
1652950879393075000,12.7,5,12.7,7,12.8,14,2,2022-05-19 09:01:19
1652950880285912000,12.7,1,12.7,6,12.8,54,2,2022-05-19 09:01:20
1652950880390372000,12.7,2,12.7,4,12.8,54,2,2022-05-19 09:01:20
1652950882618024000,12.8,3,12.7,4,12.8,76,1,2022-05-19 09:01:22
1652950883235337000,12.75,2,12.7,9,12.8,76,2,2022-05-19 09:01:23
1652950883737288000,12.7,2,12.7,7,12.8,76,2,2022-05-19 09:01:23
1652950884967124000,12.8,1,12.7,13,12.8,75,1,2022-05-19 09:01:24
1652950886424473000,12.75,1,12.7,21,12.8,75,2,2022-05-19 09:01:26
1652950887120764000,12.75,3,12.7,21,12.8,75,2,2022-05-19 09:01:27
1652950888631040000,12.7,18,12.7,2,12.8,76,2,2022-05-19 09:01:28
1652950889919747000,12.75,5,12.7,2,12.8,76,2,2022-05-19 09:01:29
1652950890607487000,12.7,3,12.65,14,12.8,76,2,2022-05-19 09:01:30
1652950891759224000,12.65,2,12.65,19,12.8,88,2,2022-05-19 09:01:31
1652950893730657000,12.65,30,12.6,48,12.75,3,2,2022-05-19 09:01:33
1652950897901011000,12.6,1,12.6,48,12.7,17,2,2022-05-19 09:01:37
1652950898699522000,12.65,5,12.6,48,12.7,17,2,2022-05-19 09:01:38
1652950898790960000,12.7,1,12.6,48,12.7,16,1,2022-05-19 09:01:38
1652950899478818000,12.65,1,12.65,4,12.7,16,1,2022-05-19 09:01:39
1652950902385064000,12.7,2,12.65,4,12.7,14,1,2022-05-19 09:01:42
1652950902561587000,12.7,14,12.75,9,12.8,63,1,2022-05-19 09:01:42
1652950902561587000,12.75,27,12.75,9,12.8,63,1,2022-05-19 09:01:42
1652950902594686000,12.75,9,12.65,4,12.8,63,2,2022-05-19 09:01:42
1652950904878451000,12.7,1,12.7,1,12.8,73,2,2022-05-19 09:01:44
1652950905330134000,12.7,5,12.7,1,12.8,73,2,2022-05-19 09:01:45
1652950905744465000,12.7,4,12.65,19,12.8,73,2,2022-05-19 09:01:45
1652950908630049000,12.7,1,12.65,21,12.8,78,2,2022-05-19 09:01:48
1652950914471229000,12.65,1,12.65,19,12.7,15,2,2022-05-19 09:01:54
1652950915446282000,12.7,1,12.65,19,12.7,14,1,2022-05-19 09:01:55
1652950916719475000,12.7,2,12.65,19,12.7,12,1,2022-05-19 09:01:56
1652950918369757000,12.65,3,12.65,16,12.7,12,2,2022-05-19 09:01:58
1652950919129729000,12.65,5,12.65,22,12.7,12,2,2022-05-19 09:01:59
1652950919390728000,12.65,2,12.65,20,12.7,12,2,2022-05-19 09:01:59
1652950919918431000,12.65,10,12.65,10,12.7,12,2,2022-05-19 09:01:59
1652950919953727000,12.65,10,12.6,56,12.7,12,2,2022-05-19 09:01:59
1652950920019880000,12.7,1,12.6,62,12.7,11,1,2022-05-19 09:02:00
1652950920494438000,12.7,11,12.6,62,12.8,81,1,2022-05-19 09:02:00
1652950920494438000,12.8,4,12.6,62,12.8,81,1,2022-05-19 09:02:00
1652950922980749000,12.65,1,12.6,71,12.8,81,2,2022-05-19 09:02:02
1652950922980749000,12.6,1,12.6,71,12.8,81,2,2022-05-19 09:02:02
1652950923760155000,12.65,1,12.6,71,12.8,80,1,2022-05-19 09:02:03
1652950926692731000,12.7,5,12.65,19,12.75,10,2,2022-05-19 09:02:06
1652950930353874000,12.65,19,12.6,49,12.75,45,2,2022-05-19 09:02:10
1652950930353874000,12.6,15,12.6,49,12.75,45,2,2022-05-19 09:02:10
1652950932248574000,12.65,5,12.65,5,12.75,51,2,2022-05-19 09:02:12
1652950934545394000,12.65,1,12.65,18,12.75,54,2,2022-05-19 09:02:14
1652950934784675000,12.65,2,12.65,16,12.75,54,2,2022-05-19 09:02:14
1652950935907891000,12.7,1,12.65,252,12.75,54,1,2022-05-19 09:02:15
1652950940223858000,12.7,1,12.7,99,12.75,48,2,2022-05-19 09:02:20
1652950941769444000,12.75,5,12.7,99,12.75,18,1,2022-05-19 09:02:21
1652950942560079000,12.75,10,12.7,99,12.75,9,1,2022-05-19 09:02:22
1652950942587093000,12.75,9,12.7,99,12.8,87,1,2022-05-19 09:02:22
1652950943261875000,12.75,1,12.75,8,12.8,87,2,2022-05-19 09:02:23
1652950944294958000,12.75,1,12.75,9,12.8,87,2,2022-05-19 09:02:24
1652950945185496000,12.75,1,12.75,8,12.8,87,2,2022-05-19 09:02:25
1652950948544307000,12.8,1,12.75,2,12.8,81,1,2022-05-19 09:02:28
1652950950373687000,12.75,3,12.7,100,12.75,7,2,2022-05-19 09:02:30
1652950951028415000,12.75,20,12.7,100,12.85,61,1,2022-05-19 09:02:31
1652950951028415000,12.8,81,12.7,100,12.85,61,1,2022-05-19 09:02:31
1652950959920753000,12.8,98,12.75,137,12.85,69,2,2022-05-19 09:02:39
1652950960143681000,12.75,10,12.75,127,12.85,69,2,2022-05-19 09:02:40
1652950960761246000,12.85,2,12.75,127,12.85,69,1,2022-05-19 09:02:40
1652950961337629000,12.85,2,12.75,127,12.85,67,1,2022-05-19 09:02:41
1652950963901022000,12.8,1,12.75,128,12.8,29,1,2022-05-19 09:02:43
1652950964126827000,12.8,1,12.75,128,12.8,28,1,2022-05-19 09:02:44
1652950964723463000,12.8,1,12.75,128,12.8,27,1,2022-05-19 09:02:44
1652950967306983000,12.8,4,12.75,128,12.8,23,1,2022-05-19 09:02:47
1652950968787430000,12.8,6,12.75,128,12.8,17,1,2022-05-19 09:02:48
1652950970602628000,12.8,1,12.75,128,12.8,17,1,2022-05-19 09:02:50
1652950970801907000,12.8,1,12.75,138,12.8,16,1,2022-05-19 09:02:50
1652950970834941000,12.75,8,12.75,130,12.8,16,2,2022-05-19 09:02:50
1652950970856430000,12.75,10,12.75,120,12.8,16,2,2022-05-19 09:02:50
1652950972900243000,12.8,2,12.75,120,12.8,15,1,2022-05-19 09:02:52
1652950975069809000,12.8,2,12.75,125,12.8,13,1,2022-05-19 09:02:55
1652950975332509000,12.8,1,12.75,125,12.8,12,1,2022-05-19 09:02:55
1652950977630933000,12.8,1,12.75,176,12.8,11,1,2022-05-19 09:02:57
1652950977693907000,12.8,1,12.75,176,12.8,10,1,2022-05-19 09:02:57
1652950978578929000,12.8,10,12.8,10,12.85,62,1,2022-05-19 09:02:58
1652950979321459000,12.8,2,12.8,120,12.85,62,2,2022-05-19 09:02:59
1652950979819960000,12.8,1,12.8,119,12.85,75,2,2022-05-19 09:02:59
1652950983763369000,12.8,1,12.8,123,12.85,75,2,2022-05-19 09:03:03
1652950984202785000,12.8,1,12.8,122,12.85,75,2,2022-05-19 09:03:04
1652950985028951000,12.8,2,12.8,121,12.85,75,2,2022-05-19 09:03:05
1652950986425719000,12.8,1,12.8,120,12.85,76,2,2022-05-19 09:03:06
1652950989118450000,12.85,30,12.8,140,12.85,46,1,2022-05-19 09:03:09
1652950990876921000,12.85,2,12.8,140,12.85,44,1,2022-05-19 09:03:10
1652950991148937000,12.85,5,12.8,140,12.85,48,1,2022-05-19 09:03:11
1652950992062610000,12.85,3,12.8,140,12.85,45,1,2022-05-19 09:03:12
1652950993814865000,12.85,1,12.8,141,12.85,44,1,2022-05-19 09:03:13
1652950993848853000,12.85,44,12.8,141,12.9,56,1,2022-05-19 09:03:13
1652950994621368000,12.9,1,12.8,141,12.9,55,1,2022-05-19 09:03:14
1652950997898260000,12.85,5,12.85,49,12.9,62,2,2022-05-19 09:03:17
1652950999460070000,12.9,3,12.85,55,12.9,59,1,2022-05-19 09:03:19
1652951002930673000,12.85,1,12.85,119,12.9,61,2,2022-05-19 09:03:22
1652951003018752000,12.85,1,12.85,118,12.9,61,2,2022-05-19 09:03:23
1652951003184593000,12.9,1,12.85,118,12.9,60,1,2022-05-19 09:03:23
1652951003207043000,12.85,1,12.85,117,12.9,60,2,2022-05-19 09:03:23
1652951006340609000,12.85,16,12.85,104,12.9,81,2,2022-05-19 09:03:26
1652951007457711000,12.9,20,12.85,104,12.9,61,1,2022-05-19 09:03:27
1652951007909347000,12.9,1,12.85,104,12.9,60,1,2022-05-19 09:03:27
1652951008053520000,12.9,2,12.85,104,12.9,58,1,2022-05-19 09:03:28
1652951012791078000,12.85,10,12.85,94,12.9,56,2,2022-05-19 09:03:32
1652951014017539000,12.9,2,12.85,94,12.9,54,1,2022-05-19 09:03:34
1652951014565854000,12.85,5,12.85,89,12.9,62,2,2022-05-19 09:03:34
1652951016082512000,12.85,5,12.85,84,12.9,62,2,2022-05-19 09:03:36
1652951016120290000,12.85,75,12.85,9,12.9,62,2,2022-05-19 09:03:36
1652951016120449000,12.85,9,12.8,144,12.9,62,2,2022-05-19 09:03:36
1652951018195684000,12.8,1,12.8,155,12.85,22,2,2022-05-19 09:03:38
1652951018974987000,12.8,1,12.8,154,12.85,22,2,2022-05-19 09:03:38
1652951019211373000,12.8,1,12.8,153,12.85,22,2,2022-05-19 09:03:39
1652951021853476000,12.8,77,12.8,66,12.85,13,2,2022-05-19 09:03:41
1652951021872699000,12.8,10,12.8,56,12.85,13,2,2022-05-19 09:03:41
1652951021872856000,12.8,56,12.75,75,12.85,13,2,2022-05-19 09:03:41
1652951023023482000,12.8,2,12.75,87,12.8,8,1,2022-05-19 09:03:43
1652951023127036000,12.8,6,12.75,81,12.8,2,1,2022-05-19 09:03:43
1652951023693052000,12.75,13,12.75,68,12.8,7,2,2022-05-19 09:03:43
1652951023696420000,12.75,33,12.75,35,12.8,7,2,2022-05-19 09:03:43
1652951027724392000,12.75,1,12.75,35,12.8,17,2,2022-05-19 09:03:47
1652951027759676000,12.75,35,12.7,32,12.8,17,2,2022-05-19 09:03:47
1652951028326793000,12.8,3,12.7,32,12.8,15,1,2022-05-19 09:03:48
1652951030039679000,12.7,1,12.7,31,12.75,11,2,2022-05-19 09:03:50
1652951037800500000,12.7,1,12.7,56,12.75,42,2,2022-05-19 09:03:57
1652951039297872000,12.7,2,12.7,55,12.75,42,2,2022-05-19 09:03:59
1652951042199624000,12.7,1,12.7,54,12.75,42,2,2022-05-19 09:04:02
1652951042581614000,12.7,1,12.7,53,12.75,42,2,2022-05-19 09:04:02
1652951045732403000,12.7,2,12.7,51,12.75,43,2,2022-05-19 09:04:05
1652951047439599000,12.7,2,12.7,53,12.75,34,2,2022-05-19 09:04:07
1652951048480053000,12.75,34,12.75,26,12.8,29,1,2022-05-19 09:04:08
1652951048785990000,12.75,3,12.75,23,12.8,29,2,2022-05-19 09:04:08
1652951055518797000,12.75,1,12.75,23,12.8,30,2,2022-05-19 09:04:15
1652951056241189000,12.75,1,12.75,23,12.8,30,2,2022-05-19 09:04:16
1652951056510030000,12.75,1,12.75,22,12.8,30,2,2022-05-19 09:04:16
1652951060090779000,12.8,30,12.75,27,12.85,25,1,2022-05-19 09:04:20
1652951060226173000,12.75,10,12.75,17,12.85,25,2,2022-05-19 09:04:20
1652951060629253000,12.85,1,12.75,67,12.85,24,1,2022-05-19 09:04:20
1652951060696184000,12.75,3,12.75,64,12.85,24,2,2022-05-19 09:04:20
1652951062734567000,12.8,1,12.8,235,12.85,33,2,2022-05-19 09:04:22
1652951068095222000,12.8,10,12.8,232,12.85,33,2,2022-05-19 09:04:28
1652951068737228000,12.85,3,12.8,232,12.85,30,1,2022-05-19 09:04:28
1652951068981700000,12.85,4,12.8,228,12.85,26,1,2022-05-19 09:04:28
1652951071633362000,12.85,1,12.8,228,12.85,30,1,2022-05-19 09:04:31
1652951074474641000,12.85,2,12.8,229,12.85,24,1,2022-05-19 09:04:34
1652951076366395000,12.85,2,12.8,229,12.85,22,1,2022-05-19 09:04:36
1652951077285394000,12.85,10,12.8,229,12.85,12,1,2022-05-19 09:04:37
1652951077801337000,12.85,3,12.8,226,12.85,9,1,2022-05-19 09:04:37
1652951079002704000,12.85,1,12.8,226,12.85,9,1,2022-05-19 09:04:39
1652951079483910000,12.85,9,12.85,1,12.9,84,1,2022-05-19 09:04:39
1652951083743539000,12.85,3,12.85,1,12.9,76,2,2022-05-19 09:04:43
1652951085605899000,12.85,6,12.8,287,12.85,4,2,2022-05-19 09:04:45
1652951085672481000,12.85,4,12.85,46,12.9,76,1,2022-05-19 09:04:45
1652951089177758000,12.85,3,12.85,44,12.9,79,2,2022-05-19 09:04:49
1652951093699924000,12.85,4,12.85,44,12.9,79,2,2022-05-19 09:04:53
1652951096718549000,12.85,5,12.85,41,12.9,79,2,2022-05-19 09:04:56
1652951099540779000,12.85,2,12.85,202,12.9,83,2,2022-05-19 09:04:59
1652951099880904000,12.85,11,12.85,191,12.9,83,2,2022-05-19 09:04:59
1652951100910073000,12.85,1,12.85,206,12.9,84,2,2022-05-19 09:05:00
1652951101075427000,12.85,3,12.85,203,12.9,84,2,2022-05-19 09:05:01
1652951101101294000,12.85,2,12.85,201,12.9,84,2,2022-05-19 09:05:01
1652951101238678000,12.85,1,12.85,200,12.9,84,2,2022-05-19 09:05:01
1652951107207521000,12.85,50,12.85,150,12.9,84,2,2022-05-19 09:05:07
1652951107845995000,12.85,1,12.85,150,12.9,84,2,2022-05-19 09:05:07
1652951110053800000,12.85,5,12.85,148,12.9,89,2,2022-05-19 09:05:10
1652951111598904000,12.85,10,12.85,138,12.9,87,2,2022-05-19 09:05:11
1652951113772685000,12.85,1,12.85,137,12.9,87,2,2022-05-19 09:05:13
1652951116608004000,12.85,1,12.85,136,12.9,89,2,2022-05-19 09:05:16
1652951118688946000,12.9,2,12.85,136,12.9,87,1,2022-05-19 09:05:18
1652951118729904000,12.85,1,12.85,135,12.9,87,2,2022-05-19 09:05:18
1652951119948389000,12.85,1,12.85,134,12.9,87,2,2022-05-19 09:05:19
1652951121038966000,12.9,2,12.85,134,12.9,85,1,2022-05-19 09:05:21
1652951122017111000,12.85,1,12.85,133,12.9,85,2,2022-05-19 09:05:22
1652951123095546000,12.85,5,12.85,128,12.9,85,2,2022-05-19 09:05:23
1652951124958419000,12.85,1,12.85,127,12.9,85,2,2022-05-19 09:05:24
1652951130032075000,12.9,10,12.85,132,12.9,107,1,2022-05-19 09:05:30
1652951131086322000,12.9,1,12.85,133,12.9,106,1,2022-05-19 09:05:31
1652951136519567000,12.9,5,12.85,133,12.9,101,1,2022-05-19 09:05:36
1652951138085898000,12.85,1,12.85,132,12.9,101,2,2022-05-19 09:05:38
1652951139542148000,12.85,10,12.85,122,12.9,101,2,2022-05-19 09:05:39
1652951140279462000,12.9,5,12.85,122,12.9,96,1,2022-05-19 09:05:40
1652951140841651000,12.9,20,12.85,122,12.9,76,1,2022-05-19 09:05:40
1652951142055023000,12.85,1,12.85,121,12.9,76,2,2022-05-19 09:05:42
1652951143644877000,12.9,9,12.85,121,12.9,67,1,2022-05-19 09:05:43
1652951146212658000,12.9,2,12.85,121,12.9,66,1,2022-05-19 09:05:46
1652951146926794000,12.9,1,12.85,122,12.9,65,1,2022-05-19 09:05:46
1652951147600424000,12.9,2,12.85,122,12.9,64,1,2022-05-19 09:05:47
1652951147783820000,12.85,1,12.85,121,12.9,64,2,2022-05-19 09:05:47
1652951150688476000,12.85,2,12.85,119,12.9,60,2,2022-05-19 09:05:50
1652951150743509000,12.9,1,12.85,119,12.9,59,1,2022-05-19 09:05:50
1652951153552714000,12.9,4,12.85,119,12.9,61,1,2022-05-19 09:05:53
1652951153797192000,12.9,10,12.85,119,12.9,51,1,2022-05-19 09:05:53
1652951155885771000,12.9,1,12.85,122,12.9,50,1,2022-05-19 09:05:55
1652951165752630000,12.9,1,12.85,59,12.9,90,1,2022-05-19 09:06:05
1652951168430498000,12.9,1,12.85,61,12.9,90,1,2022-05-19 09:06:08
1652951168989804000,12.9,1,12.85,61,12.9,89,1,2022-05-19 09:06:08
1652951170211162000,12.9,2,12.85,61,12.9,87,1,2022-05-19 09:06:10
1652951171319125000,12.9,1,12.85,61,12.9,86,1,2022-05-19 09:06:11
1652951174281390000,12.85,20,12.85,41,12.9,89,2,2022-05-19 09:06:14
1652951174307264000,12.85,1,12.85,40,12.9,89,2,2022-05-19 09:06:14
1652951174307438000,12.85,40,12.8,82,12.9,89,2,2022-05-19 09:06:14
1652951175374998000,12.9,2,12.8,82,12.9,95,1,2022-05-19 09:06:15
1652951180353875000,12.85,3,12.8,82,12.9,95,2,2022-05-19 09:06:20
1652951185426590000,12.9,2,12.8,82,12.9,93,1,2022-05-19 09:06:25
1652951185805985000,12.85,2,12.8,82,12.9,66,1,2022-05-19 09:06:25
1652951185805985000,12.9,28,12.8,82,12.9,66,1,2022-05-19 09:06:25
1652951186132059000,12.85,1,12.8,82,12.9,66,1,2022-05-19 09:06:26
1652951190633621000,12.85,1,12.8,96,12.9,72,1,2022-05-19 09:06:30
1652951190633621000,12.9,4,12.8,96,12.9,72,1,2022-05-19 09:06:30
1652951194310869000,12.85,1,12.8,96,12.85,7,2,2022-05-19 09:06:34
1652951195001996000,12.85,1,12.8,96,12.85,6,1,2022-05-19 09:06:35
1652951197722725000,12.85,1,12.8,98,12.85,5,1,2022-05-19 09:06:37
1652951203793729000,12.85,5,12.8,98,12.85,11,1,2022-05-19 09:06:43
1652951206210038000,12.85,1,12.8,98,12.85,16,1,2022-05-19 09:06:46
1652951207704619000,12.8,4,12.8,94,12.85,16,2,2022-05-19 09:06:47
1652951211980662000,12.85,5,12.8,94,12.85,25,1,2022-05-19 09:06:51
1652951215273546000,12.85,1,12.8,94,12.85,26,1,2022-05-19 09:06:55
1652951217476175000,12.85,10,12.8,95,12.85,24,1,2022-05-19 09:06:57
1652951219456516000,12.85,2,12.8,95,12.85,22,1,2022-05-19 09:06:59
1652951219588729000,12.85,5,12.8,95,12.85,19,1,2022-05-19 09:06:59
1652951225099142000,12.85,2,12.8,95,12.85,19,1,2022-05-19 09:07:05
1652951225951630000,12.85,5,12.8,130,12.85,14,1,2022-05-19 09:07:05
1652951237809822000,12.85,1,12.8,130,12.85,19,1,2022-05-19 09:07:17
1652951238364809000,12.85,1,12.8,130,12.85,18,1,2022-05-19 09:07:18
1652951241574400000,12.85,2,12.8,130,12.85,16,1,2022-05-19 09:07:21
1652951245032298000,12.85,1,12.8,139,12.85,17,1,2022-05-19 09:07:25
1652951245155399000,12.85,10,12.8,139,12.85,7,1,2022-05-19 09:07:25
1652951245187312000,12.85,7,12.8,139,12.9,76,1,2022-05-19 09:07:25
1652951247437631000,12.85,7,12.8,106,12.9,76,2,2022-05-19 09:07:27
1652951252263384000,12.85,4,12.8,142,12.85,1,2,2022-05-19 09:07:32
1652951252388032000,12.85,1,12.8,142,12.9,76,1,2022-05-19 09:07:32
1652951254903344000,12.85,2,12.8,142,12.85,3,2,2022-05-19 09:07:34
1652951255034131000,12.85,3,12.8,142,12.9,76,1,2022-05-19 09:07:35
1652951257223180000,12.85,1,12.8,142,12.85,4,2,2022-05-19 09:07:37
1652951257766608000,12.85,1,12.8,142,12.85,3,1,2022-05-19 09:07:37
1652951259444077000,12.8,1,12.8,141,12.85,3,2,2022-05-19 09:07:39
1652951261775287000,12.85,2,12.8,141,12.85,6,1,2022-05-19 09:07:41
1652951264911563000,12.85,3,12.8,141,12.85,4,1,2022-05-19 09:07:44
1652951269543144000,12.85,1,12.8,141,12.85,4,1,2022-05-19 09:07:49
1652951276429436000,12.8,30,12.8,111,12.85,8,2,2022-05-19 09:07:56
1652951277112224000,12.85,1,12.8,111,12.85,7,1,2022-05-19 09:07:57
1652951288376733000,12.85,1,12.8,112,12.85,21,1,2022-05-19 09:08:08
1652951288882588000,12.85,5,12.8,112,12.85,16,1,2022-05-19 09:08:08
1652951289179201000,12.85,1,12.8,112,12.85,15,1,2022-05-19 09:08:09
1652951292142179000,12.85,1,12.8,122,12.85,14,1,2022-05-19 09:08:12
1652951298798852000,12.85,1,12.8,123,12.85,27,1,2022-05-19 09:08:18
1652951304204916000,12.8,1,12.8,122,12.85,32,2,2022-05-19 09:08:24
1652951326412522000,12.8,5,12.8,122,12.85,86,2,2022-05-19 09:08:46
1652951337684316000,12.8,10,12.8,113,12.85,89,2,2022-05-19 09:08:57
1652951337716832000,12.8,113,12.75,27,12.85,89,2,2022-05-19 09:08:57
1652951342234834000,12.75,2,12.75,25,12.8,9,2,2022-05-19 09:09:02
1652951343791450000,12.75,2,12.75,23,12.8,38,2,2022-05-19 09:09:03
1652951345326642000,12.75,16,12.75,7,12.8,38,2,2022-05-19 09:09:05
1652951345348086000,12.75,7,12.7,85,12.8,38,2,2022-05-19 09:09:05
1652951347959131000,12.75,7,12.75,3,12.8,58,1,2022-05-19 09:09:07
1652951347994719000,12.75,3,12.7,94,12.8,58,2,2022-05-19 09:09:07
1652951350495561000,12.8,20,12.7,85,12.8,56,1,2022-05-19 09:09:10
1652951357741488000,12.75,5,12.75,1,12.8,67,1,2022-05-19 09:09:17
1652951357767956000,12.75,1,12.7,94,12.8,67,2,2022-05-19 09:09:17
1652951370326584000,12.7,3,12.7,91,12.8,68,2,2022-05-19 09:09:30
1652951372261915000,12.75,1,12.7,91,12.8,69,2,2022-05-19 09:09:32
1652951379446988000,12.7,3,12.7,88,12.8,69,2,2022-05-19 09:09:39
1652951389317344000,12.75,1,12.75,16,12.8,64,2,2022-05-19 09:09:49
1652951395740782000,12.75,7,12.75,10,12.8,65,2,2022-05-19 09:09:55
1652951398478968000,12.75,10,12.75,2,12.8,65,2,2022-05-19 09:09:58
1652951400415886000,12.75,10,12.75,2,12.8,65,2,2022-05-19 09:10:00
1652951408599502000,12.8,65,12.75,226,12.85,70,1,2022-05-19 09:10:08
1652951409242974000,12.8,1,12.75,226,12.85,62,1,2022-05-19 09:10:09
1652951409884314000,12.85,26,12.75,240,12.85,36,1,2022-05-19 09:10:09
1652951410123725000,12.75,3,12.75,262,12.85,36,2,2022-05-19 09:10:10
1652951411286552000,12.85,36,12.75,262,12.9,86,1,2022-05-19 09:10:11
1652951415311174000,12.8,5,12.8,19,12.9,88,2,2022-05-19 09:10:15
1652951422263458000,12.85,18,12.85,9,12.9,88,2,2022-05-19 09:10:22
1652951425391493000,12.9,21,12.85,232,12.9,67,1,2022-05-19 09:10:25
1652951425391509000,12.9,67,12.85,232,12.95,96,1,2022-05-19 09:10:25
1652951426394857000,12.95,26,12.85,233,12.95,70,1,2022-05-19 09:10:26
1652951427843047000,12.95,1,12.85,233,12.95,69,1,2022-05-19 09:10:27
1652951427879244000,12.95,26,12.85,233,12.95,43,1,2022-05-19 09:10:27
1652951429040684000,12.95,2,12.85,233,12.95,41,1,2022-05-19 09:10:29
1652951429071417000,12.95,26,12.85,233,12.95,15,1,2022-05-19 09:10:29
1652951429302509000,12.95,15,12.9,1,13.0,236,1,2022-05-19 09:10:29
1652951429930259000,12.95,2,12.95,11,13.0,236,2,2022-05-19 09:10:29
1652951430137120000,13.0,1,12.95,11,13.0,235,1,2022-05-19 09:10:30
1652951430730731000,12.95,10,12.95,1,13.0,235,2,2022-05-19 09:10:30
1652951438369981000,13.0,3,12.95,28,13.0,234,1,2022-05-19 09:10:38
1652951439669501000,12.95,2,12.95,38,13.0,236,2,2022-05-19 09:10:39
1652951440680620000,13.0,214,12.95,40,13.0,22,1,2022-05-19 09:10:40
1652951440712581000,13.0,6,12.95,40,13.0,16,1,2022-05-19 09:10:40
1652951440713115000,13.0,16,12.95,40,13.05,10,1,2022-05-19 09:10:40
1652951441870684000,13.0,1,13.0,22,13.05,18,2,2022-05-19 09:10:41
1652951443162475000,13.0,1,13.0,36,13.05,18,2,2022-05-19 09:10:43
1652951445433139000,13.05,19,13.05,1,13.1,76,1,2022-05-19 09:10:45
1652951445449259000,13.05,1,13.05,1,13.1,76,2,2022-05-19 09:10:45
1652951447321102000,13.05,10,13.05,10,13.1,76,2,2022-05-19 09:10:47
1652951447345512000,13.05,10,13.0,37,13.1,76,2,2022-05-19 09:10:47
1652951447350244000,13.1,10,13.0,37,13.1,66,1,2022-05-19 09:10:47
1652951448154277000,13.0,15,13.0,23,13.05,10,2,2022-05-19 09:10:48
1652951448177438000,13.0,22,13.0,1,13.05,10,2,2022-05-19 09:10:48
1652951448354068000,13.0,1,12.9,10,13.05,10,2,2022-05-19 09:10:48
1652951448354068000,12.95,30,12.9,10,13.05,10,2,2022-05-19 09:10:48
1652951449079029000,12.95,1,12.95,1,13.05,19,2,2022-05-19 09:10:49
1652951449808984000,12.95,1,12.85,13,13.05,19,2,2022-05-19 09:10:49
1652951450752858000,13.05,2,12.9,9,13.05,18,1,2022-05-19 09:10:50
1652951451419594000,13.0,2,12.95,2,13.05,26,2,2022-05-19 09:10:51
1652951452365416000,13.0,1,12.95,2,13.05,26,1,2022-05-19 09:10:52
1652951452464286000,13.0,1,12.95,2,13.05,22,1,2022-05-19 09:10:52
1652951452464286000,13.05,4,12.95,2,13.05,22,1,2022-05-19 09:10:52
1652951453024598000,13.05,10,12.95,2,13.05,12,1,2022-05-19 09:10:53
1652951453116885000,13.05,2,12.95,11,13.05,10,1,2022-05-19 09:10:53
1652951454630083000,13.05,1,12.95,12,13.05,10,1,2022-05-19 09:10:54
1652951456391686000,13.0,1,12.95,18,13.0,4,2,2022-05-19 09:10:56
1652951456513524000,13.0,2,12.95,18,13.0,4,1,2022-05-19 09:10:56
1652951456733087000,13.0,1,12.95,9,13.0,3,1,2022-05-19 09:10:56
1652951457009498000,13.0,1,12.95,18,13.0,2,1,2022-05-19 09:10:57
1652951457029129000,13.0,2,12.95,18,13.05,24,1,2022-05-19 09:10:57
1652951458245097000,13.0,1,12.95,18,13.05,23,1,2022-05-19 09:10:58
1652951460878771000,13.0,1,12.95,10,13.05,28,1,2022-05-19 09:11:00
1652951460878771000,13.05,4,12.95,10,13.05,28,1,2022-05-19 09:11:00
1652951461290518000,12.95,10,12.9,8,13.0,15,2,2022-05-19 09:11:01
1652951461355131000,13.0,1,12.9,16,13.0,14,1,2022-05-19 09:11:01
1652951462326551000,13.0,10,12.95,2,13.0,4,1,2022-05-19 09:11:02
1652951462348787000,13.0,4,12.95,2,13.05,31,1,2022-05-19 09:11:02
1652951462699358000,13.0,1,12.95,10,13.0,9,2,2022-05-19 09:11:02
1652951463528582000,12.95,1,12.95,1,13.0,9,2,2022-05-19 09:11:03
1652951463573560000,12.95,1,12.9,15,13.0,9,2,2022-05-19 09:11:03
1652951463573560000,12.9,1,12.9,15,13.0,9,2,2022-05-19 09:11:03
1652951465344795000,13.0,3,12.9,29,13.0,7,1,2022-05-19 09:11:05
1652951466283748000,13.0,2,12.9,31,13.0,5,1,2022-05-19 09:11:06
1652951466386528000,13.0,1,12.9,31,13.0,12,1,2022-05-19 09:11:06
1652951466544895000,13.0,2,12.9,31,13.0,23,1,2022-05-19 09:11:06
1652951469457869000,13.0,3,12.9,44,13.0,34,1,2022-05-19 09:11:09
1652951469499624000,13.0,2,12.9,44,13.0,32,1,2022-05-19 09:11:09
1652951470661595000,13.0,1,12.95,2,13.0,33,1,2022-05-19 09:11:10
1652951472865079000,13.0,3,12.95,2,13.0,41,1,2022-05-19 09:11:12
1652951474612169000,13.0,2,12.95,2,13.0,37,1,2022-05-19 09:11:14
1652951475246237000,12.95,1,12.95,1,13.0,38,2,2022-05-19 09:11:15
1652951475928151000,13.0,2,12.95,2,13.0,36,1,2022-05-19 09:11:15
1652951476767673000,13.0,1,12.95,3,13.0,35,1,2022-05-19 09:11:16
1652951483305782000,13.0,5,12.95,9,13.0,32,1,2022-05-19 09:11:23
1652951483651175000,13.0,1,12.95,9,13.0,31,1,2022-05-19 09:11:23
1652951486112935000,13.0,2,12.95,9,13.0,32,1,2022-05-19 09:11:26
1652951486597661000,13.0,2,12.95,9,13.0,30,1,2022-05-19 09:11:26
1652951487311249000,13.0,4,12.95,9,13.0,26,1,2022-05-19 09:11:27
1652951489032892000,13.0,1,12.95,11,13.0,25,1,2022-05-19 09:11:29
1652951489165929000,13.0,10,12.95,12,13.0,15,1,2022-05-19 09:11:29
1652951489192224000,13.0,7,12.95,12,13.0,8,1,2022-05-19 09:11:29
1652951489203446000,12.95,10,12.95,2,13.0,8,2,2022-05-19 09:11:29
1652951490728171000,13.0,3,12.95,2,13.0,5,1,2022-05-19 09:11:30
1652951492188151000,13.0,5,13.0,5,13.05,30,1,2022-05-19 09:11:32
1652951494188192000,13.0,5,12.95,29,13.0,6,2,2022-05-19 09:11:34
1652951494398936000,13.0,5,12.95,29,13.0,1,1,2022-05-19 09:11:34
1652951494430149000,13.0,1,12.95,29,13.05,30,1,2022-05-19 09:11:34
1652951495696546000,13.05,1,12.95,34,13.05,19,1,2022-05-19 09:11:35
1652951499461681000,13.0,1,12.95,27,13.0,14,1,2022-05-19 09:11:39
1652951499477288000,13.0,2,12.95,27,13.0,12,1,2022-05-19 09:11:39
1652951500052655000,12.95,23,12.95,4,13.0,12,2,2022-05-19 09:11:40
1652951500088505000,12.95,4,12.9,52,13.0,12,2,2022-05-19 09:11:40
1652951500220153000,13.0,3,12.9,52,13.0,9,1,2022-05-19 09:11:40
1652951502253312000,13.0,9,12.9,52,13.05,8,1,2022-05-19 09:11:42
1652951502253312000,13.05,11,12.9,52,13.05,8,1,2022-05-19 09:11:42
1652951504545680000,13.0,1,13.0,9,13.05,8,2,2022-05-19 09:11:44
1652951504578788000,13.0,7,13.0,2,13.05,8,2,2022-05-19 09:11:44
1652951504634076000,13.0,13,13.0,2,13.05,8,2,2022-05-19 09:11:44
1652951505576357000,13.0,2,12.95,3,13.0,3,2,2022-05-19 09:11:45
1652951510423519000,13.0,1,12.95,2,13.0,13,1,2022-05-19 09:11:50
1652951511526280000,13.0,1,12.95,2,13.0,12,1,2022-05-19 09:11:51
1652951512104988000,13.0,5,12.95,2,13.0,7,1,2022-05-19 09:11:52
1652951514929506000,12.95,1,12.95,1,13.0,17,2,2022-05-19 09:11:54
1652951516170861000,12.95,1,12.9,52,12.95,4,2,2022-05-19 09:11:56
1652951516211061000,12.95,4,12.9,44,13.0,18,1,2022-05-19 09:11:56
1652951516641232000,13.0,1,12.9,44,13.0,33,1,2022-05-19 09:11:56
1652951517257943000,12.95,1,12.9,40,13.0,41,2,2022-05-19 09:11:57
1652951517257943000,12.9,4,12.9,40,13.0,41,2,2022-05-19 09:11:57
1652951519469008000,12.95,2,12.95,1,13.0,41,1,2022-05-19 09:11:59
1652951520372501000,12.95,1,12.9,40,13.0,49,2,2022-05-19 09:12:00
1652951522079151000,12.9,1,12.9,40,13.0,51,2,2022-05-19 09:12:02
1652951523686877000,12.95,2,12.9,40,12.95,10,1,2022-05-19 09:12:03
1652951526748732000,12.95,10,12.9,40,13.0,201,1,2022-05-19 09:12:06
1652951532157796000,12.95,8,12.9,40,12.95,6,1,2022-05-19 09:12:12
1652951532410010000,12.95,3,12.9,40,13.0,199,1,2022-05-19 09:12:12
1652951532410010000,13.0,2,12.9,40,13.0,199,1,2022-05-19 09:12:12
1652951534225356000,12.95,3,12.9,40,13.0,199,2,2022-05-19 09:12:14
1652951534567763000,12.95,1,12.9,40,13.0,199,2,2022-05-19 09:12:14
1652951535789142000,12.95,5,12.9,40,13.0,199,2,2022-05-19 09:12:15
1652951535825076000,12.9,1,12.9,39,13.0,199,2,2022-05-19 09:12:15
1652951538167774000,12.9,39,12.85,29,12.95,164,2,2022-05-19 09:12:18
1652951538647759000,12.95,1,12.85,21,12.95,172,1,2022-05-19 09:12:18
1652951539933117000,12.9,5,12.85,21,12.9,6,1,2022-05-19 09:12:19
1652951541119282000,12.9,1,12.9,4,12.95,177,1,2022-05-19 09:12:21
1652951541149087000,12.9,4,12.85,21,12.95,177,2,2022-05-19 09:12:21
1652951541874087000,12.95,1,12.85,21,12.95,168,1,2022-05-19 09:12:21
1652951542452059000,12.95,1,12.85,21,12.95,167,1,2022-05-19 09:12:22
1652951542687600000,12.95,2,12.85,21,12.95,165,1,2022-05-19 09:12:22
1652951543914029000,12.9,2,12.9,8,12.95,165,2,2022-05-19 09:12:23
1652951546766091000,12.9,1,12.9,8,12.95,165,2,2022-05-19 09:12:26
1652951546792970000,12.9,8,12.85,21,12.95,165,2,2022-05-19 09:12:26
1652951547506415000,12.9,3,12.85,21,12.95,165,2,2022-05-19 09:12:27
1652951556135908000,12.85,1,12.85,24,12.9,5,2,2022-05-19 09:12:36
1652951562665137000,12.85,1,12.85,30,12.9,5,2,2022-05-19 09:12:42
1652951564194858000,12.9,1,12.85,33,12.9,4,1,2022-05-19 09:12:44
1652951564227476000,12.9,4,12.85,33,12.95,13,1,2022-05-19 09:12:44
1652951564535833000,12.9,1,12.85,42,12.95,14,1,2022-05-19 09:12:44
1652951565743281000,12.9,3,12.85,39,12.9,2,2,2022-05-19 09:12:45
1652951565767756000,12.9,2,12.85,39,12.95,14,1,2022-05-19 09:12:45
1652951566582393000,12.85,4,12.85,35,12.95,14,2,2022-05-19 09:12:46
1652951578968774000,12.9,5,12.9,9,12.95,21,2,2022-05-19 09:12:58
1652951582050482000,12.9,5,12.9,5,12.95,17,2,2022-05-19 09:13:02
1652951584306475000,12.9,1,12.9,14,12.95,9,2,2022-05-19 09:13:04
1652951585263924000,12.9,5,12.9,9,12.95,9,2,2022-05-19 09:13:05
1652951586807328000,12.9,1,12.9,8,12.95,9,2,2022-05-19 09:13:06
1652951587245617000,12.9,5,12.9,3,12.95,9,2,2022-05-19 09:13:07
1652951591048385000,12.9,1,12.9,3,12.95,10,2,2022-05-19 09:13:11
1652951592519185000,12.9,3,12.85,35,12.9,2,2,2022-05-19 09:13:12
1652951592544745000,12.9,2,12.85,35,12.95,10,1,2022-05-19 09:13:12
1652951601667020000,12.9,1,12.85,43,12.95,14,2,2022-05-19 09:13:21
1652951603453876000,12.9,1,12.85,43,12.9,4,2,2022-05-19 09:13:23
1652951603487049000,12.9,4,12.85,35,12.95,14,1,2022-05-19 09:13:23
1652951607590396000,12.9,5,12.9,7,12.95,22,2,2022-05-19 09:13:27
1652951611093141000,12.9,2,12.9,10,12.95,22,2,2022-05-19 09:13:31
1652951611533623000,12.9,1,12.9,9,12.95,22,2,2022-05-19 09:13:31
1652951612848865000,12.95,1,12.9,9,12.95,21,1,2022-05-19 09:13:32
1652951613742131000,12.9,5,12.9,4,12.95,21,2,2022-05-19 09:13:33
1652951614408118000,12.9,1,12.9,3,12.95,21,2,2022-05-19 09:13:34
1652951623442754000,12.9,10,12.9,4,12.95,22,2,2022-05-19 09:13:43
1652951627009014000,12.9,1,12.9,6,12.95,22,2,2022-05-19 09:13:47
1652951627922608000,12.9,1,12.9,5,12.95,22,2,2022-05-19 09:13:47
1652951630283837000,12.9,10,12.9,1,12.95,22,2,2022-05-19 09:13:50
1652951636239914000,12.9,1,12.9,6,12.95,22,2,2022-05-19 09:13:56
1652951637035329000,12.9,5,12.85,41,12.95,22,1,2022-05-19 09:13:57
1652951638867683000,12.9,1,12.9,1,12.95,22,1,2022-05-19 09:13:58
1652951639187626000,12.9,1,12.85,41,12.9,2,2,2022-05-19 09:13:59
1652951639220489000,12.9,2,12.85,41,12.95,22,1,2022-05-19 09:13:59
1652951646669602000,12.95,1,12.9,27,12.95,31,1,2022-05-19 09:14:06
1652951646730583000,12.95,10,12.9,27,12.95,21,1,2022-05-19 09:14:06
1652951647906343000,12.9,10,12.9,26,12.95,13,2,2022-05-19 09:14:07
1652951666717460000,12.95,3,12.9,34,12.95,15,1,2022-05-19 09:14:26
1652951666815518000,12.95,15,12.9,35,13.0,55,1,2022-05-19 09:14:26
1652951668845628000,12.9,1,12.9,34,13.0,63,2,2022-05-19 09:14:28
1652951672065844000,12.95,1,12.95,4,13.0,63,1,2022-05-19 09:14:32
1652951679588981000,13.0,1,12.95,4,13.0,67,1,2022-05-19 09:14:39
1652951688170188000,13.0,8,12.95,12,13.0,59,1,2022-05-19 09:14:48
1652951690482810000,13.0,1,12.95,13,13.0,58,1,2022-05-19 09:14:50
1652951691962816000,12.95,1,12.95,12,13.0,58,2,2022-05-19 09:14:51
1652951694488332000,12.95,1,12.95,14,13.0,50,2,2022-05-19 09:14:54
1652951714623508000,13.0,1,12.95,16,13.0,56,1,2022-05-19 09:15:14
1652951723713700000,12.95,1,12.95,16,13.0,56,2,2022-05-19 09:15:23
1652951724369261000,12.95,4,12.95,12,13.0,56,2,2022-05-19 09:15:24
1652951724403173000,12.95,1,12.95,11,13.0,56,2,2022-05-19 09:15:24
1652951729988078000,12.95,11,12.95,1,13.0,61,2,2022-05-19 09:15:29
1652951730019511000,12.95,1,12.9,29,13.0,61,2,2022-05-19 09:15:30
1652951732557536000,12.95,1,12.95,1,13.0,61,2,2022-05-19 09:15:32
1652951732599184000,12.95,1,12.9,29,13.0,61,2,2022-05-19 09:15:32
1652951742466697000,12.95,1,12.9,32,12.95,11,1,2022-05-19 09:15:42
1652951745899918000,12.95,5,12.9,32,12.95,15,1,2022-05-19 09:15:45
1652951748286447000,12.9,5,12.9,35,12.95,25,2,2022-05-19 09:15:48
1652951757454469000,12.9,4,12.9,31,12.95,15,2,2022-05-19 09:15:57
1652951762906028000,12.95,1,12.9,30,12.95,30,1,2022-05-19 09:16:02
1652951765263133000,12.95,3,12.9,30,12.95,27,1,2022-05-19 09:16:05
1652951772057273000,12.95,1,12.9,30,12.95,28,1,2022-05-19 09:16:12
1652951773299353000,12.9,4,12.9,26,12.95,28,2,2022-05-19 09:16:13
1652951775397331000,12.95,10,12.9,26,12.95,18,1,2022-05-19 09:16:15
1652951776793150000,12.95,2,12.9,26,12.95,16,1,2022-05-19 09:16:16
1652951780912724000,12.95,2,12.9,26,12.95,18,1,2022-05-19 09:16:20
1652951783296241000,12.95,1,12.9,26,12.95,18,1,2022-05-19 09:16:23
1652951787928870000,12.9,5,12.9,22,12.95,28,2,2022-05-19 09:16:27
1652951787953246000,12.9,22,12.85,40,12.95,28,2,2022-05-19 09:16:27
1652951793715575000,12.9,1,12.85,33,12.9,2,1,2022-05-19 09:16:33
1652951794211168000,12.9,1,12.85,32,12.9,1,1,2022-05-19 09:16:34
1652951794663387000,12.85,10,12.85,22,12.9,1,2,2022-05-19 09:16:34
1652951800402173000,12.9,1,12.85,23,12.9,4,1,2022-05-19 09:16:40
1652951801588740000,12.9,3,12.85,23,12.9,1,1,2022-05-19 09:16:41
1652951802681500000,12.9,1,12.85,23,12.95,21,1,2022-05-19 09:16:42
1652951802681500000,12.95,16,12.85,23,12.95,21,1,2022-05-19 09:16:42
1652951806080696000,12.9,1,12.85,26,12.95,35,2,2022-05-19 09:16:46
1652951807836614000,12.9,5,12.85,26,12.95,38,2,2022-05-19 09:16:47
1652951809072530000,12.95,1,12.85,27,12.95,37,1,2022-05-19 09:16:49
1652951820419253000,12.9,1,12.85,47,12.9,1,2,2022-05-19 09:17:00
1652951825086727000,12.9,1,12.9,1,12.95,29,1,2022-05-19 09:17:05
1652951830179757000,12.9,1,12.9,4,12.95,33,2,2022-05-19 09:17:10
1652951831052089000,12.9,1,12.9,3,12.95,33,2,2022-05-19 09:17:11
1652951840531888000,12.9,4,12.85,48,12.9,16,2,2022-05-19 09:17:20
1652951867803126000,12.9,4,12.85,69,12.9,14,1,2022-05-19 09:17:47
1652951878526467000,12.9,5,12.85,70,12.9,12,1,2022-05-19 09:17:58
1652951881911869000,12.85,3,12.85,67,12.9,12,2,2022-05-19 09:18:01
1652951887186368000,12.85,5,12.85,66,12.9,17,2,2022-05-19 09:18:07
1652951890213904000,12.9,5,12.85,66,12.9,13,1,2022-05-19 09:18:10
1652951891868382000,12.9,7,12.85,66,12.9,6,1,2022-05-19 09:18:11
1652951893710779000,12.85,1,12.85,65,12.9,6,2,2022-05-19 09:18:13
1652951911505952000,12.9,7,12.9,3,12.95,44,1,2022-05-19 09:18:31
1652951920966879000,12.9,1,12.9,7,12.95,46,2,2022-05-19 09:18:40
1652951921007758000,12.9,1,12.9,6,12.95,46,2,2022-05-19 09:18:41
1652951926474753000,12.9,1,12.9,6,12.95,46,2,2022-05-19 09:18:46
1652951935480565000,12.9,1,12.9,17,12.95,29,2,2022-05-19 09:18:55
1652951942599668000,12.9,3,12.9,20,12.95,30,2,2022-05-19 09:19:02
1652951945472721000,12.9,5,12.9,20,12.95,30,2,2022-05-19 09:19:05
1652951951319774000,12.9,1,12.9,19,12.95,31,2,2022-05-19 09:19:11
1652951959602555000,12.95,1,12.9,19,12.95,32,1,2022-05-19 09:19:19
1652951974790189000,12.9,19,12.9,1,12.95,37,2,2022-05-19 09:19:34
1652951974813672000,12.9,1,12.85,73,12.95,37,2,2022-05-19 09:19:34
1652952000125694000,12.9,2,12.9,35,12.95,40,2,2022-05-19 09:20:00
1652952003491113000,12.9,3,12.9,32,12.95,40,2,2022-05-19 09:20:03
1652952007053451000,12.95,1,12.9,32,12.95,39,1,2022-05-19 09:20:07
1652952007944803000,12.9,5,12.9,33,12.95,39,2,2022-05-19 09:20:07
1652952014188100000,12.95,1,12.9,43,12.95,38,1,2022-05-19 09:20:14
1652952014272728000,12.95,10,12.9,43,12.95,28,1,2022-05-19 09:20:14
1652952014316413000,12.95,26,12.9,43,12.95,2,1,2022-05-19 09:20:14
1652952014356534000,12.95,2,12.9,51,13.0,71,1,2022-05-19 09:20:14
1652952024397777000,13.0,1,12.9,54,13.0,72,1,2022-05-19 09:20:24
1652952051055491000,12.95,1,12.95,50,13.0,74,2,2022-05-19 09:20:51
1652952062706114000,12.95,1,12.95,42,13.0,78,2,2022-05-19 09:21:02
1652952067154584000,13.0,5,12.95,42,13.0,74,1,2022-05-19 09:21:07
1652952080930858000,13.0,5,12.95,142,13.0,69,1,2022-05-19 09:21:20
1652952081894564000,13.0,5,12.95,142,13.0,56,1,2022-05-19 09:21:21
1652952083542255000,13.0,5,12.95,142,13.0,51,1,2022-05-19 09:21:23
1652952084865692000,13.0,20,12.95,142,13.0,40,1,2022-05-19 09:21:24
1652952085154851000,13.0,6,12.95,142,13.0,34,1,2022-05-19 09:21:25
1652952087184986000,13.0,10,12.95,142,13.0,24,1,2022-05-19 09:21:27
1652952087335886000,13.0,24,13.0,3,13.05,33,1,2022-05-19 09:21:27
1652952088091824000,13.05,24,13.0,5,13.05,18,1,2022-05-19 09:21:28
1652952093543825000,13.0,1,13.0,11,13.05,18,2,2022-05-19 09:21:33
1652952099063631000,13.0,1,13.0,15,13.05,18,2,2022-05-19 09:21:39
1652952100251845000,13.0,5,13.0,10,13.05,18,2,2022-05-19 09:21:40
1652952102651161000,13.0,1,13.0,9,13.05,18,2,2022-05-19 09:21:42
1652952111956825000,13.05,1,13.0,14,13.05,40,1,2022-05-19 09:21:51
1652952113191350000,13.0,1,13.0,13,13.05,44,2,2022-05-19 09:21:53
1652952118612429000,13.0,5,13.0,8,13.05,44,2,2022-05-19 09:21:58
1652952118738911000,13.0,8,12.95,139,13.0,2,2,2022-05-19 09:21:58
1652952118788245000,13.0,2,12.95,139,13.0,2,1,2022-05-19 09:21:58
1652952126712446000,12.95,2,12.95,17,13.0,31,2,2022-05-19 09:22:06
1652952126734939000,12.95,17,12.9,32,13.0,31,2,2022-05-19 09:22:06
1652952128371493000,13.0,1,12.9,30,13.0,37,1,2022-05-19 09:22:08
1652952135486642000,13.0,1,12.9,29,13.0,36,1,2022-05-19 09:22:15
1652952139174530000,13.0,3,12.9,29,13.0,33,1,2022-05-19 09:22:19
1652952140130890000,13.0,2,12.9,29,13.0,31,1,2022-05-19 09:22:20
1652952161142841000,13.0,2,12.95,7,13.0,27,1,2022-05-19 09:22:41
1652952172159331000,13.0,1,12.95,7,13.0,24,1,2022-05-19 09:22:52
1652952175477604000,13.0,1,12.95,7,13.0,35,1,2022-05-19 09:22:55
1652952181021501000,12.95,5,12.95,3,13.0,46,2,2022-05-19 09:23:01
1652952189536227000,12.95,1,12.95,12,13.0,46,2,2022-05-19 09:23:09
1652952189574030000,12.95,12,12.9,48,13.0,46,2,2022-05-19 09:23:09
1652952190962847000,12.95,2,12.9,48,13.0,52,1,2022-05-19 09:23:10
1652952193394685000,13.0,10,12.95,2,13.0,36,1,2022-05-19 09:23:13
1652952200153332000,12.95,2,12.9,49,13.0,26,2,2022-05-19 09:23:20
1652952201181160000,12.95,1,12.9,49,12.95,4,2,2022-05-19 09:23:21
1652952214504416000,12.95,1,12.9,51,12.95,20,1,2022-05-19 09:23:34
1652952229533173000,12.95,1,12.9,59,12.95,25,1,2022-05-19 09:23:49
1652952241426811000,12.9,1,12.9,83,12.95,33,2,2022-05-19 09:24:01
1652952245907253000,12.95,2,12.9,83,12.95,32,1,2022-05-19 09:24:05
1652952246945366000,12.95,2,12.9,58,12.95,30,1,2022-05-19 09:24:06
1652952251069467000,12.95,1,12.9,58,12.95,29,1,2022-05-19 09:24:11
1652952254833304000,12.95,30,12.9,58,12.95,4,1,2022-05-19 09:24:14
1652952256536043000,12.95,1,12.9,71,12.95,11,1,2022-05-19 09:24:16
1652952256703315000,12.9,1,12.9,70,12.95,3,2,2022-05-19 09:24:16
1652952257536267000,12.95,1,12.9,72,12.95,2,1,2022-05-19 09:24:17
1652952263057291000,12.95,3,12.95,2,13.0,40,1,2022-05-19 09:24:23
1652952263090377000,12.95,1,12.95,1,13.0,33,2,2022-05-19 09:24:23
1652952263123752000,12.95,1,12.9,71,13.0,33,2,2022-05-19 09:24:23
1652952267606144000,12.95,1,12.9,72,12.95,9,1,2022-05-19 09:24:27
1652952272892150000,12.95,4,12.9,72,12.95,10,1,2022-05-19 09:24:32
1652952275316429000,12.9,1,12.9,71,12.95,10,2,2022-05-19 09:24:35
1652952275549860000,12.95,2,12.9,71,12.95,8,1,2022-05-19 09:24:35
1652952296799504000,12.95,10,12.9,71,12.95,12,1,2022-05-19 09:24:56
1652952300504038000,12.9,43,12.9,28,12.95,53,2,2022-05-19 09:25:00
1652952300519707000,12.95,3,12.9,28,12.95,50,1,2022-05-19 09:25:00
1652952300537826000,12.9,28,12.85,109,12.95,50,2,2022-05-19 09:25:00
1652952305252543000,12.85,10,12.85,108,12.9,19,2,2022-05-19 09:25:05
1652952305309203000,12.85,1,12.85,107,12.9,19,2,2022-05-19 09:25:05
1652952305310610000,12.85,10,12.85,97,12.9,19,2,2022-05-19 09:25:05
1652952324643049000,12.85,1,12.85,132,12.9,44,2,2022-05-19 09:25:24
1652952328171191000,12.85,20,12.85,112,12.9,44,2,2022-05-19 09:25:28
1652952330016583000,12.85,20,12.85,92,12.9,46,2,2022-05-19 09:25:30
1652952332364438000,12.85,2,12.85,91,12.9,41,2,2022-05-19 09:25:32
1652952332364701000,12.85,2,12.85,89,12.9,41,2,2022-05-19 09:25:32
1652952332856684000,12.85,5,12.85,84,12.9,42,2,2022-05-19 09:25:32
1652952334754074000,12.85,10,12.85,74,12.9,44,2,2022-05-19 09:25:34
1652952336747516000,12.85,1,12.85,73,12.9,49,2,2022-05-19 09:25:36
1652952338159364000,12.85,4,12.85,69,12.9,99,2,2022-05-19 09:25:38
1652952338197530000,12.85,15,12.85,54,12.9,99,2,2022-05-19 09:25:38
1652952338197997000,12.85,14,12.85,40,12.9,99,2,2022-05-19 09:25:38
1652952338201737000,12.85,8,12.85,32,12.9,99,2,2022-05-19 09:25:38
1652952338229898000,12.85,2,12.85,30,12.9,99,2,2022-05-19 09:25:38
1652952338252937000,12.85,8,12.85,22,12.9,99,2,2022-05-19 09:25:38
1652952338279962000,12.85,5,12.85,17,12.9,99,2,2022-05-19 09:25:38
1652952339648825000,12.85,6,12.85,11,12.9,93,2,2022-05-19 09:25:39
1652952340596459000,12.85,11,12.8,113,12.9,93,2,2022-05-19 09:25:40
1652952340596459000,12.8,1,12.8,113,12.9,93,2,2022-05-19 09:25:40
1652952340772339000,12.8,5,12.8,118,12.85,1,2,2022-05-19 09:25:40
1652952343928498000,12.8,3,12.8,105,12.85,12,2,2022-05-19 09:25:43
1652952345048853000,12.8,5,12.8,100,12.85,13,2,2022-05-19 09:25:45
1652952357601375000,12.8,1,12.8,96,12.85,23,2,2022-05-19 09:25:57
1652952359169485000,12.85,5,12.8,96,12.85,18,1,2022-05-19 09:25:59
1652952362053733000,12.8,3,12.8,93,12.85,18,2,2022-05-19 09:26:02
1652952362265115000,12.8,1,12.8,92,12.85,18,2,2022-05-19 09:26:02
1652952365090570000,12.85,1,12.8,92,12.85,15,1,2022-05-19 09:26:05
1652952368135403000,12.85,5,12.8,92,12.85,12,1,2022-05-19 09:26:08
1652952368172432000,12.85,12,12.8,92,12.9,89,1,2022-05-19 09:26:08
1652952369888799000,12.8,1,12.8,101,12.9,73,2,2022-05-19 09:26:09
1652952374882591000,12.9,1,12.85,3,12.9,73,1,2022-05-19 09:26:14
1652952384376194000,12.85,1,12.85,30,12.9,62,2,2022-05-19 09:26:24
1652952385022484000,12.9,12,12.85,30,12.95,52,1,2022-05-19 09:26:25
1652952387813279000,12.85,19,12.85,24,12.95,47,2,2022-05-19 09:26:27
1652952395090349000,12.85,1,12.85,36,12.95,47,2,2022-05-19 09:26:35
1652952397445740000,12.9,2,12.85,29,12.9,10,1,2022-05-19 09:26:37
1652952398047685000,12.9,2,12.85,29,12.9,8,1,2022-05-19 09:26:38
1652952398085519000,12.9,8,12.85,29,12.95,47,1,2022-05-19 09:26:38
1652952400104554000,12.95,1,12.85,39,12.95,46,1,2022-05-19 09:26:40
1652952401741757000,12.9,1,12.85,39,12.95,56,2,2022-05-19 09:26:41
1652952407198234000,12.9,2,12.9,18,12.95,60,2,2022-05-19 09:26:47
1652952409031270000,12.9,1,12.9,17,12.95,60,2,2022-05-19 09:26:49
1652952411347718000,12.9,1,12.9,16,12.95,60,2,2022-05-19 09:26:51
1652952411715779000,12.9,4,12.9,12,12.95,60,2,2022-05-19 09:26:51
1652952413552842000,12.9,1,12.9,11,12.95,61,2,2022-05-19 09:26:53
1652952425353273000,12.9,2,12.9,19,12.95,61,2,2022-05-19 09:27:05
1652952437462620000,12.9,1,12.9,18,12.95,61,2,2022-05-19 09:27:17
1652952437486920000,12.9,4,12.9,14,12.95,61,2,2022-05-19 09:27:17
1652952441122582000,12.9,5,12.9,9,12.95,61,2,2022-05-19 09:27:21
1652952449289182000,12.9,1,12.9,17,12.95,61,2,2022-05-19 09:27:29
1652952459808368000,12.9,2,12.9,15,12.95,62,2,2022-05-19 09:27:39
1652952462872533000,12.9,5,12.9,15,12.95,62,2,2022-05-19 09:27:42
1652952463076572000,12.9,3,12.9,12,12.95,62,2,2022-05-19 09:27:43
1652952463125510000,12.9,1,12.9,11,12.95,62,2,2022-05-19 09:27:43
1652952467911489000,12.95,2,12.9,11,12.95,60,1,2022-05-19 09:27:47
1652952470477280000,12.9,5,12.9,6,12.95,60,2,2022-05-19 09:27:50
1652952472636674000,12.9,1,12.9,12,12.95,60,2,2022-05-19 09:27:52
1652952475133722000,12.9,1,12.9,11,12.95,60,2,2022-05-19 09:27:55
1652952514275936000,12.9,3,12.9,8,12.95,60,2,2022-05-19 09:28:34
1652952522293916000,12.9,2,12.9,7,12.95,60,2,2022-05-19 09:28:42
1652952524764691000,12.9,5,12.9,4,12.95,60,2,2022-05-19 09:28:44
1652952542025829000,12.9,6,12.85,61,12.95,61,1,2022-05-19 09:29:02
1652952542896544000,12.9,1,12.85,62,12.9,1,1,2022-05-19 09:29:02
1652952542932117000,12.9,1,12.85,62,12.95,61,1,2022-05-19 09:29:02
1652952555896035000,12.85,2,12.85,60,12.95,61,2,2022-05-19 09:29:15
1652952581993627000,12.9,1,12.85,61,12.9,7,1,2022-05-19 09:29:41
1652952594679827000,12.9,2,12.85,53,12.9,5,1,2022-05-19 09:29:54
1652952628599903000,12.85,4,12.85,52,12.9,23,2,2022-05-19 09:30:28
1652952635668531000,12.9,10,12.85,52,12.9,6,1,2022-05-19 09:30:35
1652952641641566000,12.9,1,12.85,52,12.9,5,1,2022-05-19 09:30:41
1652952650727357000,12.9,1,12.85,52,12.9,47,1,2022-05-19 09:30:50
1652952667405717000,12.9,1,12.85,53,12.9,50,1,2022-05-19 09:31:07
1652952668683944000,12.9,1,12.85,53,12.9,49,1,2022-05-19 09:31:08
1652952673673942000,12.9,6,12.85,48,12.9,43,1,2022-05-19 09:31:13
1652952674397721000,12.9,2,12.85,48,12.9,42,1,2022-05-19 09:31:14
1652952692104881000,12.85,3,12.85,145,12.9,48,2,2022-05-19 09:31:32
1652952726240177000,12.85,1,12.85,93,12.9,45,2,2022-05-19 09:32:06
1652952726724122000,12.9,5,12.85,93,12.9,40,1,2022-05-19 09:32:06
1652952746110663000,12.9,10,12.85,52,12.9,36,1,2022-05-19 09:32:26
1652952759411704000,12.85,3,12.85,52,12.9,36,2,2022-05-19 09:32:39
1652952761337374000,12.85,1,12.85,51,12.9,36,2,2022-05-19 09:32:41
1652952777065240000,12.85,1,12.85,50,12.9,36,2,2022-05-19 09:32:57
1652952797600006000,12.85,1,12.85,47,12.9,41,2,2022-05-19 09:33:17
1652952807010253000,12.85,1,12.85,47,12.9,41,2,2022-05-19 09:33:27
1652952810163052000,12.85,10,12.85,37,12.9,41,2,2022-05-19 09:33:30
1652952828871702000,12.85,4,12.85,53,12.9,41,2,2022-05-19 09:33:48
1652952874536333000,12.85,5,12.85,49,12.9,58,2,2022-05-19 09:34:34
1652952888407421000,12.85,2,12.85,57,12.9,59,2,2022-05-19 09:34:48
1652952891308516000,12.85,9,12.85,48,12.9,59,2,2022-05-19 09:34:51
1652952891334650000,12.85,8,12.85,40,12.9,59,2,2022-05-19 09:34:51
1652952894107770000,12.85,3,12.85,37,12.9,65,2,2022-05-19 09:34:54
1652952905473676000,12.85,3,12.85,37,12.9,65,2,2022-05-19 09:35:05
1652952906275801000,12.85,4,12.85,34,12.9,59,2,2022-05-19 09:35:06
1652952909872283000,12.85,10,12.85,24,12.9,66,2,2022-05-19 09:35:09
1652952912063547000,12.85,1,12.85,25,12.9,67,2,2022-05-19 09:35:12
1652952912439646000,12.85,15,12.85,10,12.9,67,2,2022-05-19 09:35:12
1652952912479985000,12.85,10,12.8,109,12.9,67,2,2022-05-19 09:35:12
1652952925740564000,12.8,10,12.8,99,12.85,20,2,2022-05-19 09:35:25
1652952936129071000,12.8,10,12.8,79,12.85,22,2,2022-05-19 09:35:36
1652952943656839000,12.85,5,12.8,79,12.85,17,1,2022-05-19 09:35:43
1652952943707944000,12.85,1,12.8,79,12.85,16,1,2022-05-19 09:35:43
1652952955773338000,12.8,2,12.8,78,12.85,18,2,2022-05-19 09:35:55
1652952966693153000,12.85,5,12.8,78,12.85,16,1,2022-05-19 09:36:06
1652952968558115000,12.8,3,12.8,75,12.85,16,2,2022-05-19 09:36:08
1652952973547907000,12.8,1,12.8,75,12.85,15,2,2022-05-19 09:36:13
1652952976569646000,12.8,1,12.8,76,12.85,15,2,2022-05-19 09:36:16
1652952980374352000,12.85,1,12.8,77,12.85,14,1,2022-05-19 09:36:20
1652953011200558000,12.85,10,12.8,100,12.85,16,1,2022-05-19 09:36:51
1652953011225316000,12.85,16,12.8,100,12.9,43,1,2022-05-19 09:36:51
1652953038311887000,12.85,3,12.85,19,12.9,40,2,2022-05-19 09:37:18
1652953042709408000,12.85,5,12.85,14,12.9,40,2,2022-05-19 09:37:22
1652953047478910000,12.85,3,12.85,3,12.9,40,2,2022-05-19 09:37:27
1652953076241878000,12.85,1,12.85,24,12.9,39,2,2022-05-19 09:37:56
1652953078923524000,12.85,1,12.85,23,12.9,39,2,2022-05-19 09:37:58
1652953082106511000,12.85,1,12.85,19,12.9,39,2,2022-05-19 09:38:02
1652953083086812000,12.85,1,12.85,18,12.9,39,2,2022-05-19 09:38:03
1652953085629401000,12.85,1,12.85,23,12.9,39,2,2022-05-19 09:38:05
1652953096086819000,12.85,2,12.85,21,12.9,40,2,2022-05-19 09:38:16
1652953100234039000,12.85,1,12.85,21,12.9,40,2,2022-05-19 09:38:20
1652953104990295000,12.85,1,12.85,20,12.9,40,2,2022-05-19 09:38:24
1652953106007078000,12.85,2,12.85,18,12.9,40,2,2022-05-19 09:38:26
1652953106103531000,12.85,2,12.85,16,12.9,38,2,2022-05-19 09:38:26
1652953106953255000,12.85,2,12.85,14,12.9,38,2,2022-05-19 09:38:26
1652953107943054000,12.85,2,12.85,12,12.9,38,2,2022-05-19 09:38:27
1652953109430730000,12.85,2,12.85,10,12.9,38,2,2022-05-19 09:38:29
1652953115090854000,12.85,2,12.85,8,12.9,38,2,2022-05-19 09:38:35
1652953122725623000,12.9,1,12.85,8,12.9,37,1,2022-05-19 09:38:42
1652953143331024000,12.9,1,12.85,15,12.9,38,1,2022-05-19 09:39:03
1652953153838774000,12.9,5,12.85,27,12.9,33,1,2022-05-19 09:39:13
1652953176381290000,12.9,1,12.85,29,12.9,33,1,2022-05-19 09:39:36
1652953192294114000,12.9,3,12.85,29,12.9,30,1,2022-05-19 09:39:52
1652953215946321000,12.9,1,12.85,40,12.9,33,1,2022-05-19 09:40:15
1652953223875068000,12.9,1,12.85,40,12.9,32,1,2022-05-19 09:40:23
1652953230013807000,12.85,1,12.85,41,12.9,32,2,2022-05-19 09:40:30
1652953236406385000,12.85,2,12.85,39,12.9,32,2,2022-05-19 09:40:36
1652953236866623000,12.85,5,12.85,34,12.9,32,2,2022-05-19 09:40:36
1652953247497156000,12.85,1,12.85,36,12.9,32,2,2022-05-19 09:40:47
1652953262328253000,12.85,1,12.85,45,12.9,32,2,2022-05-19 09:41:02
1652953271322933000,12.85,1,12.85,36,12.9,40,2,2022-05-19 09:41:11
1652953285135790000,12.85,3,12.85,33,12.9,37,2,2022-05-19 09:41:25
1652953285179440000,12.85,8,12.85,25,12.9,37,2,2022-05-19 09:41:25
1652953306292941000,12.85,2,12.85,22,12.9,46,2,2022-05-19 09:41:46
1652953306329406000,12.85,8,12.85,14,12.9,46,2,2022-05-19 09:41:46
1652953318423025000,12.85,14,12.8,142,12.85,1,2,2022-05-19 09:41:58
1652953321212603000,12.85,2,12.8,144,12.9,48,1,2022-05-19 09:42:01
1652953327131794000,12.85,1,12.8,145,12.9,50,1,2022-05-19 09:42:07
1652953327131794000,12.9,2,12.8,145,12.9,50,1,2022-05-19 09:42:07
1652953347192945000,12.9,1,12.8,145,12.9,49,1,2022-05-19 09:42:27
1652953354689013000,12.85,1,12.8,143,12.9,43,2,2022-05-19 09:42:34
1652953369463292000,12.8,2,12.8,142,12.9,44,2,2022-05-19 09:42:49
1652953416948914000,12.8,19,12.8,124,12.85,5,2,2022-05-19 09:43:36
1652953422393186000,12.8,2,12.8,122,12.85,28,2,2022-05-19 09:43:42
1652953427998804000,12.8,10,12.8,115,12.85,30,2,2022-05-19 09:43:47
1652953433715884000,12.85,1,12.8,115,12.85,29,1,2022-05-19 09:43:53
1652953443281647000,12.8,2,12.8,114,12.85,18,2,2022-05-19 09:44:03
1652953453004782000,12.85,1,12.8,114,12.85,17,1,2022-05-19 09:44:13
1652953479744849000,12.85,2,12.8,128,12.85,14,1,2022-05-19 09:44:39
1652953507417843000,12.85,1,12.8,133,12.85,14,1,2022-05-19 09:45:07
1652953509344958000,12.8,2,12.8,132,12.85,17,2,2022-05-19 09:45:09
1652953511400724000,12.8,1,12.8,131,12.85,17,2,2022-05-19 09:45:11
1652953520760139000,12.8,1,12.8,150,12.85,16,2,2022-05-19 09:45:20
1652953528689652000,12.8,1,12.8,138,12.85,16,2,2022-05-19 09:45:28
1652953533425802000,12.85,1,12.8,139,12.85,15,1,2022-05-19 09:45:33
1652953533738015000,12.85,1,12.8,148,12.85,14,1,2022-05-19 09:45:33
1652953534957027000,12.85,1,12.8,148,12.85,13,1,2022-05-19 09:45:34
1652953534957783000,12.85,1,12.8,148,12.85,12,1,2022-05-19 09:45:34
1652953534985483000,12.85,12,12.8,148,12.9,34,1,2022-05-19 09:45:34
1652953536891336000,12.85,10,12.8,148,12.9,31,1,2022-05-19 09:45:36
1652953547615489000,12.9,1,12.85,10,12.9,30,1,2022-05-19 09:45:47
1652953551054016000,12.85,2,12.85,8,12.9,30,2,2022-05-19 09:45:51
1652953558588549000,12.85,1,12.85,10,12.9,32,2,2022-05-19 09:45:58
1652953571688456000,12.85,1,12.85,10,12.9,32,2,2022-05-19 09:46:11
1652953588233145000,12.85,2,12.85,8,12.9,35,2,2022-05-19 09:46:28
1652953616326211000,12.85,2,12.85,12,12.9,36,2,2022-05-19 09:46:56
1652953691860461000,12.9,44,12.85,46,12.95,55,1,2022-05-19 09:48:11
1652953693611464000,12.85,5,12.85,48,12.95,55,2,2022-05-19 09:48:13
1652953733797137000,12.9,1,12.9,9,12.95,57,2,2022-05-19 09:48:53
1652953753882013000,12.95,1,12.9,14,12.95,61,1,2022-05-19 09:49:13
1652953776444110000,12.95,5,12.9,15,12.95,56,1,2022-05-19 09:49:36
1652953777738824000,12.95,10,12.9,15,12.95,46,1,2022-05-19 09:49:37
1652953785741190000,12.95,10,12.9,16,12.95,1,1,2022-05-19 09:49:45
1652953785767614000,12.95,1,12.9,16,13.0,99,1,2022-05-19 09:49:45
1652953793554989000,12.9,1,12.9,21,12.95,1,2,2022-05-19 09:49:53
1652953814860850000,12.9,2,12.9,13,12.95,10,2,2022-05-19 09:50:14
1652953820107774000,12.95,10,12.9,21,13.0,119,1,2022-05-19 09:50:20
1652953820107774000,13.0,1,12.9,21,13.0,119,1,2022-05-19 09:50:20
1652953820159036000,13.0,3,12.9,28,13.0,116,1,2022-05-19 09:50:20
1652953829412408000,13.0,10,12.9,29,13.0,106,1,2022-05-19 09:50:29
1652953834315045000,12.95,1,12.9,29,12.95,1,1,2022-05-19 09:50:34
1652953835421990000,12.95,1,12.9,29,13.0,101,1,2022-05-19 09:50:35
1652953839341166000,13.0,4,12.9,29,13.0,100,1,2022-05-19 09:50:39
1652953846180465000,13.0,1,12.95,6,13.0,99,1,2022-05-19 09:50:46
1652953852833705000,13.0,1,12.95,10,13.0,98,1,2022-05-19 09:50:52
1652953857814664000,13.0,10,12.95,8,13.0,93,1,2022-05-19 09:50:57
1652953863910835000,13.0,1,12.95,25,13.0,152,1,2022-05-19 09:51:03
1652953866599334000,13.0,3,12.95,25,13.0,149,1,2022-05-19 09:51:06
1652953881249041000,12.95,5,12.95,22,13.0,179,2,2022-05-19 09:51:21
1652953886408328000,12.95,1,12.95,26,13.0,179,2,2022-05-19 09:51:26
1652953893102032000,12.95,2,12.95,25,13.0,181,2,2022-05-19 09:51:33
1652953895611015000,12.95,1,12.95,24,13.0,181,2,2022-05-19 09:51:35
1652953903062514000,12.95,10,12.95,10,13.0,184,2,2022-05-19 09:51:43
1652953903416122000,12.95,1,12.95,9,13.0,184,2,2022-05-19 09:51:43
1652953913516311000,12.95,1,12.95,9,13.0,163,2,2022-05-19 09:51:53
1652953914760183000,12.95,1,12.95,8,13.0,163,2,2022-05-19 09:51:54
1652953915080203000,12.95,1,12.95,7,13.0,163,2,2022-05-19 09:51:55
1652953919445504000,13.0,1,12.95,7,13.0,162,1,2022-05-19 09:51:59
1652953919453841000,12.95,1,12.95,6,13.0,162,2,2022-05-19 09:51:59
1652953923110422000,13.0,1,12.95,4,13.0,161,1,2022-05-19 09:52:03
1652953967672302000,13.0,8,12.95,173,13.0,178,1,2022-05-19 09:52:47
1652953974061063000,13.0,2,12.95,30,13.0,176,1,2022-05-19 09:52:54
1652953982660398000,13.0,5,12.95,23,13.0,193,1,2022-05-19 09:53:02
1652953990567046000,13.0,10,12.95,18,13.0,183,1,2022-05-19 09:53:10
1652954005690853000,13.0,10,12.95,18,13.0,174,1,2022-05-19 09:53:25
1652954007459028000,12.95,2,12.95,18,13.0,172,2,2022-05-19 09:53:27
1652954010588355000,12.95,1,12.95,17,13.0,172,2,2022-05-19 09:53:30
1652954018924837000,13.0,3,12.95,17,13.0,169,1,2022-05-19 09:53:38
1652954022237129000,12.95,2,12.95,25,13.0,169,2,2022-05-19 09:53:42
1652954030626133000,12.95,1,12.95,24,13.0,169,2,2022-05-19 09:53:50
1652954032018092000,12.95,1,12.95,14,13.0,169,2,2022-05-19 09:53:52
1652954032622477000,12.95,1,12.95,13,13.0,169,2,2022-05-19 09:53:52
1652954036885710000,12.95,10,12.95,3,13.0,169,2,2022-05-19 09:53:56
1652954040077368000,12.95,1,12.95,2,13.0,169,2,2022-05-19 09:54:00
1652954051346769000,12.95,1,12.9,52,12.95,45,2,2022-05-19 09:54:11
1652954057659521000,12.9,1,12.9,51,12.95,47,2,2022-05-19 09:54:17
1652954082354510000,12.9,52,12.85,101,12.9,8,2,2022-05-19 09:54:42
1652954084079295000,12.9,1,12.85,101,12.9,7,1,2022-05-19 09:54:44
1652954090819687000,12.9,7,12.85,107,12.95,42,1,2022-05-19 09:54:50
1652954090819687000,12.95,13,12.85,107,12.95,42,1,2022-05-19 09:54:50
1652954091835772000,12.9,15,12.85,107,12.95,44,1,2022-05-19 09:54:51
1652954102976938000,12.95,42,12.9,60,13.0,114,1,2022-05-19 09:55:02
1652954119408711000,13.0,1,12.95,1,13.0,98,1,2022-05-19 09:55:19
1652954131824628000,13.0,2,12.95,13,13.0,101,1,2022-05-19 09:55:31
1652954149583467000,13.0,30,12.95,129,13.0,59,1,2022-05-19 09:55:49
1652954149608655000,13.0,23,12.95,129,13.0,36,1,2022-05-19 09:55:49
1652954149636463000,13.0,25,12.95,129,13.0,11,1,2022-05-19 09:55:49
1652954149666650000,13.0,2,12.95,129,13.0,9,1,2022-05-19 09:55:49
1652954149669413000,13.0,9,12.95,136,13.05,84,1,2022-05-19 09:55:49
1652954149913211000,13.05,5,13.0,18,13.05,79,1,2022-05-19 09:55:49
1652954158935822000,13.05,1,13.0,123,13.05,78,1,2022-05-19 09:55:58
1652954160020594000,13.0,20,13.0,103,13.05,78,2,2022-05-19 09:56:00
1652954160252874000,13.0,11,13.0,94,13.05,78,2,2022-05-19 09:56:00
1652954161346358000,13.05,20,13.0,94,13.05,58,1,2022-05-19 09:56:01
1652954183375240000,13.05,1,13.0,8,13.05,59,1,2022-05-19 09:56:23
1652954186976926000,13.0,2,13.0,9,13.05,59,2,2022-05-19 09:56:26
1652954197803401000,13.0,11,12.95,43,13.0,14,2,2022-05-19 09:56:37
1652954198974519000,13.0,5,12.95,43,13.0,9,1,2022-05-19 09:56:38
1652954203963160000,13.0,2,12.95,36,13.0,13,1,2022-05-19 09:56:43
1652954219830799000,12.95,1,12.95,24,13.0,22,2,2022-05-19 09:56:59
1652954239491607000,13.0,1,12.95,24,13.0,22,1,2022-05-19 09:57:19
1652954263164549000,13.0,1,12.95,24,13.0,21,1,2022-05-19 09:57:43
1652954267371495000,13.0,20,12.95,24,13.0,1,1,2022-05-19 09:57:47
1652954267407523000,13.0,1,12.95,24,13.05,89,1,2022-05-19 09:57:47
1652954270740427000,13.0,3,12.95,31,13.0,14,1,2022-05-19 09:57:50
1652954274559615000,13.0,1,12.95,24,13.0,13,1,2022-05-19 09:57:54
1652954279062351000,13.0,1,12.95,24,13.0,12,1,2022-05-19 09:57:59
1652954282386555000,13.0,10,12.95,29,13.0,2,1,2022-05-19 09:58:02
1652954282408135000,13.0,2,12.95,29,13.05,100,1,2022-05-19 09:58:02
1652954288825377000,13.0,1,12.95,30,13.0,44,1,2022-05-19 09:58:08
1652954302799874000,13.0,1,12.95,33,13.0,45,1,2022-05-19 09:58:22
1652954326461136000,13.0,1,12.95,33,13.0,35,1,2022-05-19 09:58:46
1652954326785735000,13.0,1,12.95,33,13.0,34,1,2022-05-19 09:58:46
1652954345068867000,13.0,2,12.95,38,13.0,32,1,2022-05-19 09:59:05
1652954359564152000,12.95,1,12.95,40,13.0,32,2,2022-05-19 09:59:19
1652954381767920000,12.95,1,12.95,39,13.0,32,2,2022-05-19 09:59:41
1652954401343106000,12.95,2,12.95,36,13.0,32,2,2022-05-19 10:00:01
1652954418359355000,13.0,1,12.95,56,13.0,32,1,2022-05-19 10:00:18
1652954445863161000,13.0,10,12.95,56,13.0,31,1,2022-05-19 10:00:45
1652954454240405000,13.0,5,12.95,56,13.0,26,1,2022-05-19 10:00:54
1652954465220177000,13.0,2,12.95,56,13.0,25,1,2022-05-19 10:01:05
1652954467610548000,13.0,20,12.95,56,13.0,5,1,2022-05-19 10:01:07
1652954469044456000,13.0,2,12.95,56,13.0,3,1,2022-05-19 10:01:09
1652954472025797000,12.95,23,12.95,33,13.0,3,2,2022-05-19 10:01:12
1652954485431796000,13.0,1,12.95,33,13.0,12,1,2022-05-19 10:01:25
1652954487017329000,13.0,1,12.95,34,13.0,11,1,2022-05-19 10:01:27
1652954519106672000,12.95,1,12.95,35,13.0,14,2,2022-05-19 10:01:59
1652954543711875000,12.95,1,12.95,34,13.0,66,2,2022-05-19 10:02:23
1652954549079977000,12.95,1,12.95,33,13.0,66,2,2022-05-19 10:02:29
1652954577189880000,13.0,1,12.95,33,13.0,65,1,2022-05-19 10:02:57
1652954624464612000,12.95,5,12.95,28,13.0,69,2,2022-05-19 10:03:44
1652954629330893000,12.95,28,12.9,72,12.95,17,2,2022-05-19 10:03:49
1652954644005912000,12.95,10,12.9,54,12.95,114,1,2022-05-19 10:04:04
1652954705869459000,12.9,1,12.9,51,12.95,126,2,2022-05-19 10:05:05
1652954724363936000,12.95,1,12.9,52,12.95,125,1,2022-05-19 10:05:24
1652954746785938000,12.95,1,12.9,48,12.95,124,1,2022-05-19 10:05:46
1652954782654840000,12.9,1,12.9,47,12.95,125,2,2022-05-19 10:06:22
1652954809277799000,12.95,1,12.9,44,12.95,124,1,2022-05-19 10:06:49
1652954867987082000,12.9,1,12.9,51,12.95,127,2,2022-05-19 10:07:47
1652954902744005000,12.9,1,12.9,51,12.95,127,2,2022-05-19 10:08:22
1652954913459235000,12.9,1,12.9,50,12.95,127,2,2022-05-19 10:08:33
1652954930090345000,12.9,1,12.9,49,12.95,140,2,2022-05-19 10:08:50
1652954932559582000,12.9,4,12.9,45,12.95,140,2,2022-05-19 10:08:52
1652954941487105000,12.9,1,12.9,44,12.95,140,2,2022-05-19 10:09:01
1652954956594854000,12.95,20,12.9,44,12.95,120,1,2022-05-19 10:09:16
1652954984230495000,12.95,1,12.9,44,12.95,120,1,2022-05-19 10:09:44
1652954989878270000,12.95,1,12.9,44,12.95,119,1,2022-05-19 10:09:49
1652954993191832000,12.9,1,12.9,43,12.95,119,2,2022-05-19 10:09:53
1652954994656285000,12.9,1,12.9,42,12.95,119,2,2022-05-19 10:09:54
1652955023590005000,12.9,69,12.9,71,12.95,157,2,2022-05-19 10:10:23
1652955023622684000,12.9,20,12.9,51,12.95,157,2,2022-05-19 10:10:23
1652955023626182000,12.9,26,12.9,25,12.95,157,2,2022-05-19 10:10:23
1652955023644793000,12.9,25,12.85,118,12.95,165,2,2022-05-19 10:10:23
1652955046615756000,12.9,1,12.85,108,12.9,130,1,2022-05-19 10:10:46
1652955071056325000,12.9,1,12.85,109,12.9,132,1,2022-05-19 10:11:11
1652955078890385000,12.85,1,12.85,108,12.9,132,2,2022-05-19 10:11:18
1652955105694248000,12.85,1,12.85,111,12.9,132,2,2022-05-19 10:11:45
1652955119760519000,12.85,1,12.85,116,12.9,130,2,2022-05-19 10:11:59
1652955130551793000,12.9,1,12.85,116,12.9,129,1,2022-05-19 10:12:10
1652955156862795000,12.85,12,12.85,105,12.9,129,2,2022-05-19 10:12:36
1652955162146961000,12.85,1,12.85,107,12.9,129,2,2022-05-19 10:12:42
1652955175743656000,12.85,10,12.85,95,12.9,144,2,2022-05-19 10:12:55
1652955176788114000,12.85,3,12.85,92,12.9,144,2,2022-05-19 10:12:56
1652955177309762000,12.9,2,12.85,92,12.9,142,1,2022-05-19 10:12:57
1652955191814623000,12.85,1,12.85,102,12.9,142,2,2022-05-19 10:13:11
1652955241102671000,12.85,10,12.85,95,12.9,142,2,2022-05-19 10:14:01
1652955244419148000,12.85,4,12.85,91,12.9,142,2,2022-05-19 10:14:04
1652955247413346000,12.85,4,12.85,87,12.9,142,2,2022-05-19 10:14:07
1652955255942651000,12.85,1,12.85,91,12.9,142,2,2022-05-19 10:14:15
1652955256615315000,12.85,20,12.85,74,12.9,142,2,2022-05-19 10:14:16
1652955258515320000,12.9,1,12.85,76,12.9,141,1,2022-05-19 10:14:18
1652955318700601000,12.85,3,12.85,82,12.9,141,2,2022-05-19 10:15:18
1652955324465338000,12.9,1,12.85,83,12.9,140,1,2022-05-19 10:15:24
1652955339581555000,12.85,2,12.85,81,12.9,140,2,2022-05-19 10:15:39
1652955344729063000,12.85,2,12.85,79,12.9,140,2,2022-05-19 10:15:44
1652955352747958000,12.85,5,12.85,75,12.9,140,2,2022-05-19 10:15:52
1652955354026718000,12.85,1,12.85,74,12.9,140,2,2022-05-19 10:15:54
1652955366902755000,12.85,1,12.85,73,12.9,140,2,2022-05-19 10:16:06
1652955375684258000,12.9,1,12.85,76,12.9,139,1,2022-05-19 10:16:15
1652955396793548000,12.9,2,12.85,76,12.9,144,1,2022-05-19 10:16:36
1652955423998347000,12.9,2,12.85,135,12.9,142,1,2022-05-19 10:17:03
1652955424036622000,12.9,26,12.85,135,12.9,116,1,2022-05-19 10:17:04
1652955424078298000,12.9,116,12.85,135,12.95,5,1,2022-05-19 10:17:04
1652955428914490000,12.9,8,12.9,55,12.95,5,2,2022-05-19 10:17:08
1652955441169208000,12.95,6,12.95,4,13.0,31,1,2022-05-19 10:17:21
1652955466654843000,13.0,1,12.95,6,13.0,58,1,2022-05-19 10:17:46
1652955479608365000,13.0,1,12.95,8,13.0,57,1,2022-05-19 10:17:59
1652955485566445000,13.0,1,12.95,7,13.0,56,1,2022-05-19 10:18:05
1652955485636100000,13.0,1,12.95,7,13.0,55,1,2022-05-19 10:18:05
1652955489143071000,13.0,4,12.95,16,13.0,46,1,2022-05-19 10:18:09
1652955490867978000,13.0,3,12.95,18,13.0,43,1,2022-05-19 10:18:10
1652955497093453000,13.0,2,12.95,35,13.0,41,1,2022-05-19 10:18:17
1652955511379758000,12.95,1,12.95,134,13.0,42,2,2022-05-19 10:18:31
1652955516144898000,12.95,1,12.95,133,13.0,42,2,2022-05-19 10:18:36
1652955521444579000,13.0,1,12.95,134,13.0,41,1,2022-05-19 10:18:41
1652955545582523000,13.0,2,12.95,134,13.0,39,1,2022-05-19 10:19:05
1652955546606428000,13.0,1,12.95,134,13.0,38,1,2022-05-19 10:19:06
1652955572631399000,13.0,1,12.95,132,13.0,37,1,2022-05-19 10:19:32
1652955588005155000,13.0,1,12.95,131,13.0,37,1,2022-05-19 10:19:48
1652955608493883000,12.95,20,12.95,2,13.0,62,2,2022-05-19 10:20:08
1652955611311982000,13.0,1,12.95,2,13.0,61,1,2022-05-19 10:20:11
1652955611442894000,13.0,1,12.95,2,13.0,60,1,2022-05-19 10:20:11
1652955616387609000,12.95,1,12.95,1,13.0,60,2,2022-05-19 10:20:16
1652955626148527000,13.0,1,12.95,1,13.0,59,1,2022-05-19 10:20:26
1652955626771907000,12.95,1,12.9,84,12.95,3,2,2022-05-19 10:20:26
1652955652664779000,12.95,2,12.9,130,12.95,3,1,2022-05-19 10:20:52
1652955654406889000,12.95,1,12.9,130,12.95,2,1,2022-05-19 10:20:54
1652955654433782000,12.95,2,12.9,130,13.0,64,1,2022-05-19 10:20:54
1652955672563975000,13.0,1,12.95,10,13.0,62,1,2022-05-19 10:21:12
1652955677970085000,12.95,1,12.95,9,13.0,62,2,2022-05-19 10:21:17
1652955726827557000,12.95,1,12.95,8,13.0,62,2,2022-05-19 10:22:06
1652955740157439000,12.95,5,12.95,4,13.0,62,2,2022-05-19 10:22:20
1652955746929644000,12.95,1,12.95,4,13.0,62,2,2022-05-19 10:22:26
1652955757078856000,12.95,8,12.95,1,13.0,62,2,2022-05-19 10:22:37
1652955761304415000,13.0,1,12.95,1,13.0,61,1,2022-05-19 10:22:41
1652955779639345000,12.95,1,12.95,2,13.0,61,2,2022-05-19 10:22:59
1652955790337258000,12.95,2,12.95,59,13.0,61,2,2022-05-19 10:23:10
1652955792744270000,12.95,2,12.95,58,13.0,61,2,2022-05-19 10:23:12
1652955839918379000,12.95,1,12.95,167,13.0,59,2,2022-05-19 10:23:59
1652955840015814000,12.95,2,12.95,165,13.0,59,2,2022-05-19 10:24:00
1652955845233440000,13.0,59,12.95,165,13.05,87,1,2022-05-19 10:24:05
1652955845233440000,13.05,1,12.95,165,13.05,87,1,2022-05-19 10:24:05
1652955868526187000,13.0,1,13.0,29,13.05,90,2,2022-05-19 10:24:28
1652955888657466000,13.05,1,13.0,40,13.05,89,1,2022-05-19 10:24:48
1652955904738319000,13.0,3,13.0,37,13.05,105,2,2022-05-19 10:25:04
1652955906974908000,13.0,1,13.0,36,13.05,105,2,2022-05-19 10:25:06
1652955911392381000,13.05,30,13.0,36,13.05,75,1,2022-05-19 10:25:11
1652955911691299000,13.0,35,13.0,1,13.05,75,2,2022-05-19 10:25:11
1652955915105276000,13.05,1,13.0,31,13.05,74,1,2022-05-19 10:25:15
1652955919951109000,13.0,3,13.0,64,13.05,74,2,2022-05-19 10:25:19
1652955920022659000,13.05,20,13.0,44,13.05,54,1,2022-05-19 10:25:20
1652955924955000000,13.05,2,13.0,46,13.05,52,1,2022-05-19 10:25:24
1652955924990914000,13.05,52,13.0,46,13.1,76,1,2022-05-19 10:25:24
1652955930520754000,13.1,1,13.0,103,13.1,76,1,2022-05-19 10:25:30
1652955932172400000,13.1,5,13.0,104,13.1,71,1,2022-05-19 10:25:32
1652955937457427000,13.1,30,13.0,104,13.1,41,1,2022-05-19 10:25:37
1652955937530474000,13.1,41,13.05,16,13.15,59,1,2022-05-19 10:25:37
1652955939901270000,13.1,1,13.1,9,13.15,59,2,2022-05-19 10:25:39
1652955940913284000,13.15,1,13.1,9,13.15,58,1,2022-05-19 10:25:40
1652955940961473000,13.15,1,13.1,9,13.15,57,1,2022-05-19 10:25:40
1652955942248742000,13.1,1,13.1,8,13.15,68,2,2022-05-19 10:25:42
1652955942357357000,13.15,5,13.1,8,13.15,63,1,2022-05-19 10:25:42
1652955947947309000,13.15,1,13.1,11,13.15,62,1,2022-05-19 10:25:47
1652955953817732000,13.15,1,13.1,10,13.15,57,1,2022-05-19 10:25:53
1652955954122777000,13.15,10,13.1,10,13.15,47,1,2022-05-19 10:25:54
1652955963145842000,13.15,2,13.1,16,13.15,58,1,2022-05-19 10:26:03
1652955963598314000,13.15,3,13.1,17,13.15,55,1,2022-05-19 10:26:03
1652955966885234000,13.15,1,13.1,7,13.15,54,1,2022-05-19 10:26:06
1652955968706202000,13.1,3,13.1,4,13.15,54,2,2022-05-19 10:26:08
1652955970169039000,13.1,4,13.05,31,13.1,6,2,2022-05-19 10:26:10
1652955984665063000,13.05,1,13.05,24,13.1,29,2,2022-05-19 10:26:24
1652955985803141000,13.1,1,13.05,24,13.1,28,1,2022-05-19 10:26:25
1652955988213050000,13.1,28,13.05,24,13.1,1,1,2022-05-19 10:26:28
1652955988240860000,13.1,1,13.05,24,13.15,66,1,2022-05-19 10:26:28
1652955995350417000,13.1,1,13.05,26,13.15,74,1,2022-05-19 10:26:35
1652956000567955000,13.05,2,13.05,24,13.1,20,2,2022-05-19 10:26:40
1652956002173651000,13.05,1,13.05,23,13.1,20,2,2022-05-19 10:26:42
1652956013039884000,13.1,10,13.05,24,13.1,11,1,2022-05-19 10:26:53
1652956048468419000,13.1,2,13.05,52,13.1,33,1,2022-05-19 10:27:28
1652956048676820000,13.1,2,13.05,52,13.1,31,1,2022-05-19 10:27:28
1652956077614463000,13.1,2,13.05,53,13.1,30,1,2022-05-19 10:27:57
1652956082107294000,13.05,1,13.05,52,13.1,30,2,2022-05-19 10:28:02
1652956086534211000,13.05,2,13.05,36,13.1,30,2,2022-05-19 10:28:06
1652956090946127000,13.05,36,13.0,128,13.05,9,2,2022-05-19 10:28:10
1652956093779161000,13.05,1,13.0,130,13.05,27,1,2022-05-19 10:28:13
1652956103147305000,13.05,5,13.0,102,13.05,22,1,2022-05-19 10:28:23
1652956120076771000,13.0,35,13.0,37,13.05,32,2,2022-05-19 10:28:40
1652956121522326000,13.0,10,13.0,27,13.05,32,2,2022-05-19 10:28:41
1652956121551463000,13.0,10,13.0,17,13.05,32,2,2022-05-19 10:28:41
1652956123345096000,13.0,1,13.0,16,13.05,32,2,2022-05-19 10:28:43
1652956123377524000,13.0,16,12.95,130,13.05,32,2,2022-05-19 10:28:43
1652956128890592000,13.0,2,12.95,23,13.0,20,1,2022-05-19 10:28:48
1652956133616992000,12.95,2,12.95,20,13.0,20,2,2022-05-19 10:28:53
1652956143114276000,13.0,1,12.95,11,13.0,21,1,2022-05-19 10:29:03
1652956149678476000,12.95,14,12.9,143,12.95,6,2,2022-05-19 10:29:09
1652956150615456000,12.95,1,12.9,174,12.95,9,1,2022-05-19 10:29:10
1652956150641238000,12.95,9,12.9,174,13.0,17,1,2022-05-19 10:29:10
1652956156031878000,12.95,1,12.9,178,13.0,21,2,2022-05-19 10:29:16
1652956163315299000,12.95,1,12.9,176,13.0,25,1,2022-05-19 10:29:23
1652956190576325000,12.95,1,12.95,13,13.0,28,2,2022-05-19 10:29:50
1652956193768549000,13.0,2,12.95,14,13.0,26,1,2022-05-19 10:29:53
1652956222812631000,13.0,3,12.95,64,13.0,19,1,2022-05-19 10:30:22
1652956238015467000,13.0,1,12.95,65,13.0,18,1,2022-05-19 10:30:38
1652956246415978000,13.0,3,12.95,65,13.0,15,1,2022-05-19 10:30:46
1652956246853681000,12.95,2,12.95,63,13.0,15,2,2022-05-19 10:30:46
1652956278125455000,13.0,1,12.95,62,13.0,22,1,2022-05-19 10:31:18
1652956304043449000,12.95,2,12.95,62,13.0,22,2,2022-05-19 10:31:44
1652956325075579000,12.95,1,12.95,65,13.0,26,2,2022-05-19 10:32:05
1652956332356146000,12.95,1,12.95,64,13.0,25,2,2022-05-19 10:32:12
1652956342176290000,13.0,10,12.95,64,13.0,15,1,2022-05-19 10:32:22
1652956371857072000,13.0,14,12.95,67,13.05,38,1,2022-05-19 10:32:51
1652956371857072000,13.05,1,12.95,67,13.05,38,1,2022-05-19 10:32:51
1652956424645791000,13.05,10,13.0,4,13.05,32,1,2022-05-19 10:33:44
1652956430500087000,13.0,1,13.0,3,13.05,34,2,2022-05-19 10:33:50
1652956445518568000,13.0,1,13.0,2,13.05,33,2,2022-05-19 10:34:05
1652956461849353000,13.05,20,13.0,2,13.05,15,1,2022-05-19 10:34:21
1652956487205481000,13.0,1,13.0,1,13.05,13,2,2022-05-19 10:34:47
1652956600101868000,13.0,5,13.0,2,13.05,36,2,2022-05-19 10:36:40
1652956603889567000,13.0,1,13.0,1,13.05,36,2,2022-05-19 10:36:43
1652956618094763000,13.05,1,13.0,4,13.05,35,1,2022-05-19 10:36:58
1652956629153084000,13.05,5,13.0,4,13.05,30,1,2022-05-19 10:37:09
1652956637843922000,13.05,1,13.0,14,13.05,32,1,2022-05-19 10:37:17
1652956820841536000,13.0,40,12.95,73,13.05,289,2,2022-05-19 10:40:20
1652956885409262000,12.95,4,12.95,72,13.0,71,2,2022-05-19 10:41:25
1652956893896634000,12.95,1,12.95,71,13.0,71,2,2022-05-19 10:41:33
1652956903696459000,12.95,1,12.95,70,13.0,71,2,2022-05-19 10:41:43
1652956930457789000,12.95,2,12.95,69,13.0,71,2,2022-05-19 10:42:10
1652956947935916000,12.95,68,12.95,1,13.0,71,2,2022-05-19 10:42:27
1652956950100295000,12.95,3,12.9,194,13.0,79,2,2022-05-19 10:42:30
1652956950831961000,13.0,1,12.9,186,13.0,88,1,2022-05-19 10:42:30
1652956954732347000,12.95,1,12.9,186,13.0,87,1,2022-05-19 10:42:34
1652956954732347000,13.0,1,12.9,186,13.0,87,1,2022-05-19 10:42:34
1652956978058997000,12.95,1,12.9,176,12.95,2,1,2022-05-19 10:42:58
1652956981208642000,12.95,1,12.9,176,12.95,1,1,2022-05-19 10:43:01
1652956992542477000,12.95,1,12.9,190,13.0,18,1,2022-05-19 10:43:12
1652957001342110000,13.0,1,12.95,8,13.0,17,1,2022-05-19 10:43:21
1652957003086633000,12.95,1,12.95,16,13.0,17,2,2022-05-19 10:43:23
1652957045955009000,12.95,10,12.9,176,13.0,22,2,2022-05-19 10:44:05
1652957070957909000,13.0,1,12.9,180,13.0,49,1,2022-05-19 10:44:30
1652957089435226000,12.95,4,12.95,1,13.0,54,2,2022-05-19 10:44:49
1652957089629326000,12.95,2,12.9,180,13.0,54,2,2022-05-19 10:44:49
1652957089786600000,12.9,1,12.9,179,13.0,54,2,2022-05-19 10:44:49
1652957161154256000,12.95,2,12.9,192,12.95,29,1,2022-05-19 10:46:01
1652957163874374000,12.95,2,12.9,192,12.95,27,1,2022-05-19 10:46:03
1652957167401277000,12.95,2,12.9,192,12.95,25,1,2022-05-19 10:46:07
1652957172719801000,12.95,1,12.9,192,12.95,24,1,2022-05-19 10:46:12
1652957174900418000,12.95,2,12.9,190,12.95,22,1,2022-05-19 10:46:14
1652957177598261000,12.95,5,12.9,192,12.95,17,1,2022-05-19 10:46:17
1652957177692336000,12.95,2,12.9,192,12.95,15,1,2022-05-19 10:46:17
1652957177795519000,12.95,1,12.9,192,12.95,14,1,2022-05-19 10:46:17
1652957190995375000,12.95,2,12.9,192,12.95,12,1,2022-05-19 10:46:30
1652957205018954000,12.95,10,12.9,193,12.95,1,1,2022-05-19 10:46:45
1652957205047938000,12.95,1,12.9,193,13.0,34,1,2022-05-19 10:46:45
1652957208203264000,12.95,1,12.9,193,12.95,4,2,2022-05-19 10:46:48
1652957208352772000,12.95,1,12.9,193,12.95,3,1,2022-05-19 10:46:48
1652957208475416000,12.95,1,12.9,193,12.95,2,1,2022-05-19 10:46:48
1652957208500895000,12.95,2,12.9,193,13.0,34,1,2022-05-19 10:46:48
1652957216111856000,13.0,3,12.9,193,13.0,31,1,2022-05-19 10:46:56
1652957226531823000,12.95,2,12.9,201,13.0,31,2,2022-05-19 10:47:06
1652957246112414000,12.95,3,12.95,3,13.0,31,2,2022-05-19 10:47:26
1652957246145372000,12.95,3,12.9,196,13.0,31,2,2022-05-19 10:47:26
1652957254946824000,13.0,1,12.9,236,13.0,22,1,2022-05-19 10:47:34
1652957284311864000,12.95,2,12.95,18,13.0,23,2,2022-05-19 10:48:04
1652957308128549000,13.0,1,12.95,30,13.0,22,1,2022-05-19 10:48:28
1652957331418203000,13.0,1,12.95,133,13.0,21,1,2022-05-19 10:48:51
1652957387853406000,13.0,22,12.95,133,13.05,55,1,2022-05-19 10:49:47
1652957387853406000,13.05,1,12.95,133,13.05,55,1,2022-05-19 10:49:47
1652957399521093000,13.0,1,12.95,138,13.05,63,1,2022-05-19 10:49:59
1652957410250308000,13.05,1,13.0,11,13.05,62,1,2022-05-19 10:50:10
1652957411595597000,13.05,1,13.0,11,13.05,61,1,2022-05-19 10:50:11
1652957435315262000,13.05,6,13.0,16,13.05,55,1,2022-05-19 10:50:35
1652957439687305000,13.05,1,13.0,16,13.05,54,1,2022-05-19 10:50:39
1652957485751995000,13.0,1,13.0,20,13.05,57,2,2022-05-19 10:51:25
1652957513549049000,13.0,3,13.0,21,13.05,49,2,2022-05-19 10:51:53
1652957534548142000,13.0,10,13.0,4,13.05,49,2,2022-05-19 10:52:14
1652957534628701000,13.0,4,12.95,134,13.05,57,2,2022-05-19 10:52:14
1652957538226317000,13.05,1,12.95,134,13.05,66,1,2022-05-19 10:52:18
1652957550053378000,13.0,1,12.95,144,13.0,8,2,2022-05-19 10:52:30
1652957555043829000,13.0,3,12.95,144,13.0,5,1,2022-05-19 10:52:35
1652957573365904000,13.0,1,12.95,144,13.0,5,1,2022-05-19 10:52:53
1652957583001614000,12.95,1,12.95,153,13.0,6,2,2022-05-19 10:53:03
1652957583101203000,13.0,6,12.95,153,13.05,59,1,2022-05-19 10:53:03
1652957600751611000,13.0,7,12.95,150,13.0,101,1,2022-05-19 10:53:20
1652957649520359000,12.95,1,12.95,253,13.0,103,2,2022-05-19 10:54:09
1652957695998787000,12.95,12,12.95,240,13.0,103,2,2022-05-19 10:54:55
1652957717728884000,12.95,1,12.95,241,13.0,102,2,2022-05-19 10:55:17
1652957724585406000,12.95,6,12.95,35,13.0,102,2,2022-05-19 10:55:24
1652957724606476000,12.95,22,12.95,13,13.0,102,2,2022-05-19 10:55:24
1652957724769421000,12.95,2,12.95,11,13.0,111,2,2022-05-19 10:55:24
1652957725580362000,12.95,11,12.9,240,12.95,29,2,2022-05-19 10:55:25
1652957770475718000,12.9,3,12.9,223,12.95,113,2,2022-05-19 10:56:10
1652957779767122000,12.95,1,12.9,223,12.95,112,1,2022-05-19 10:56:19
1652957780486449000,12.9,12,12.9,211,12.95,104,2,2022-05-19 10:56:20
1652957784340156000,12.9,1,12.9,210,12.95,115,2,2022-05-19 10:56:24
1652957788033724000,12.9,1,12.9,209,12.95,115,2,2022-05-19 10:56:28
1652957798992783000,12.9,5,12.9,204,12.95,115,2,2022-05-19 10:56:38
1652957846851900000,12.95,1,12.9,188,12.95,105,1,2022-05-19 10:57:26
1652957860337978000,12.9,1,12.9,187,12.95,105,2,2022-05-19 10:57:40
1652957908413492000,12.9,3,12.9,186,12.95,107,2,2022-05-19 10:58:28
1652957913396706000,12.9,1,12.9,186,12.95,107,2,2022-05-19 10:58:33
1652957927016111000,12.9,1,12.9,185,12.95,107,2,2022-05-19 10:58:47
1652957998763949000,12.9,1,12.9,187,12.95,113,2,2022-05-19 10:59:58
1652958017105699000,12.95,2,12.9,189,12.95,111,1,2022-05-19 11:00:17
1652958022547319000,12.95,1,12.9,203,12.95,110,1,2022-05-19 11:00:22
1652958022628779000,12.95,1,12.9,202,12.95,109,1,2022-05-19 11:00:22
1652958053974842000,12.95,25,12.9,203,12.95,84,1,2022-05-19 11:00:53
1652958055154745000,12.95,10,12.9,203,12.95,74,1,2022-05-19 11:00:55
1652958066067550000,12.9,1,12.9,200,12.95,74,2,2022-05-19 11:01:06
1652958136288481000,12.9,1,12.9,207,12.95,68,2,2022-05-19 11:02:16
1652958153475447000,12.95,2,12.9,208,12.95,66,1,2022-05-19 11:02:33
1652958167701217000,12.95,1,12.9,209,12.95,65,1,2022-05-19 11:02:47
1652958178426169000,12.95,2,12.9,211,12.95,62,1,2022-05-19 11:02:58
1652958185970884000,12.95,1,12.9,211,12.95,61,1,2022-05-19 11:03:05
1652958209178981000,12.95,2,12.9,211,12.95,59,1,2022-05-19 11:03:29
1652958212993357000,12.9,1,12.9,210,12.95,59,2,2022-05-19 11:03:32
1652958213400124000,12.95,1,12.9,210,12.95,58,1,2022-05-19 11:03:33
1652958215795124000,12.95,1,12.9,210,12.95,57,1,2022-05-19 11:03:35
1652958238143507000,12.95,57,12.95,43,13.0,36,1,2022-05-19 11:03:58
1652958376933670000,12.95,2,12.95,61,13.0,37,2,2022-05-19 11:06:16
1652958441223149000,12.95,1,12.95,62,13.0,37,2,2022-05-19 11:07:21
1652958450392148000,13.0,1,12.95,62,13.0,36,1,2022-05-19 11:07:30
1652958465006999000,12.95,1,12.95,61,13.0,36,2,2022-05-19 11:07:45
1652958523346881000,12.95,1,12.95,64,13.0,36,2,2022-05-19 11:08:43
1652958580833937000,13.0,5,12.95,65,13.0,31,1,2022-05-19 11:09:40
1652958592788616000,13.0,1,12.95,65,13.0,28,1,2022-05-19 11:09:52
1652958608772935000,13.0,2,12.95,65,13.0,26,1,2022-05-19 11:10:08
1652958662800216000,13.0,1,12.95,65,13.0,32,1,2022-05-19 11:11:02
1652958676616016000,12.95,3,12.95,67,13.0,32,2,2022-05-19 11:11:16
1652958697700160000,12.95,1,12.95,69,13.0,32,2,2022-05-19 11:11:37
1652958720253959000,13.0,1,12.95,71,13.0,31,1,2022-05-19 11:12:00
1652958726645604000,13.0,2,12.95,71,13.0,31,1,2022-05-19 11:12:06
1652958743153423000,13.0,10,12.95,112,13.0,21,1,2022-05-19 11:12:23
1652958749732687000,13.0,3,12.95,112,13.0,18,1,2022-05-19 11:12:29
1652958750473250000,13.0,1,12.95,112,13.0,17,1,2022-05-19 11:12:30
1652958769481179000,13.0,5,12.95,113,13.0,12,1,2022-05-19 11:12:49
1652958772783456000,13.0,3,13.0,8,13.05,48,1,2022-05-19 11:12:52
1652958772842656000,13.0,8,12.95,113,13.05,57,2,2022-05-19 11:12:52
1652958792555598000,13.0,3,12.95,114,13.0,8,2,2022-05-19 11:13:12
1652958799726825000,13.0,2,12.95,114,13.0,15,1,2022-05-19 11:13:19
1652958876795830000,13.0,2,12.95,115,13.0,17,1,2022-05-19 11:14:36
1652958879112877000,13.0,1,12.95,115,13.0,16,1,2022-05-19 11:14:39
1652958880035850000,13.0,16,13.0,14,13.05,49,1,2022-05-19 11:14:40
1652958880065390000,13.0,14,12.95,115,13.05,49,2,2022-05-19 11:14:40
1652958887227350000,13.05,2,12.95,115,13.05,54,1,2022-05-19 11:14:47
1652958891608952000,13.0,2,12.95,115,13.05,54,2,2022-05-19 11:14:51
1652958891653220000,13.05,1,12.95,115,13.05,53,1,2022-05-19 11:14:51
1652958919953059000,13.0,1,12.95,81,13.0,19,1,2022-05-19 11:15:19
1652958922054878000,12.95,59,12.95,22,13.0,77,2,2022-05-19 11:15:22
1652958922075542000,12.95,8,12.95,14,13.0,77,2,2022-05-19 11:15:22
1652958922075708000,12.95,1,12.95,13,13.0,77,2,2022-05-19 11:15:22
1652958922076200000,12.95,8,12.95,5,13.0,77,2,2022-05-19 11:15:22
1652958922076236000,12.95,3,12.95,2,13.0,77,2,2022-05-19 11:15:22
1652958922076314000,12.95,2,12.9,266,13.0,80,2,2022-05-19 11:15:22
1652958927985642000,13.0,1,12.9,266,13.0,79,1,2022-05-19 11:15:27
1652958928138556000,13.0,24,12.9,266,13.0,55,1,2022-05-19 11:15:28
1652958956246376000,13.0,8,12.9,300,13.0,57,1,2022-05-19 11:15:56
1652958968410345000,13.0,1,12.95,1,13.0,55,1,2022-05-19 11:16:08
1652959103668395000,12.95,1,12.95,31,13.0,66,2,2022-05-19 11:18:23
1652959114592008000,12.95,1,12.95,30,13.0,65,2,2022-05-19 11:18:34
1652959118053278000,13.0,2,12.95,28,13.0,63,1,2022-05-19 11:18:38
1652959142807883000,13.0,1,12.95,29,13.0,71,1,2022-05-19 11:19:02
1652959155475620000,12.95,2,12.95,28,13.0,71,2,2022-05-19 11:19:15
1652959187714066000,13.0,1,12.95,28,13.0,81,1,2022-05-19 11:19:47
1652959215634846000,13.0,2,12.95,20,13.0,79,1,2022-05-19 11:20:15
1652959248618076000,13.0,5,12.95,20,13.0,76,1,2022-05-19 11:20:48
1652959255314798000,13.0,10,12.95,20,13.0,66,1,2022-05-19 11:20:55
1652959308765207000,12.95,19,12.95,11,13.0,66,2,2022-05-19 11:21:48
1652959310658874000,12.95,11,12.9,361,12.95,14,2,2022-05-19 11:21:50
1652959317181982000,12.95,2,12.9,361,12.95,12,1,2022-05-19 11:21:57
1652959330838020000,12.95,5,12.9,361,12.95,9,1,2022-05-19 11:22:10
1652959333998722000,12.95,9,12.95,191,13.0,44,1,2022-05-19 11:22:13
1652959336863768000,13.0,1,12.95,191,13.0,43,1,2022-05-19 11:22:16
1652959343884378000,12.95,4,12.95,187,13.0,34,2,2022-05-19 11:22:23
1652959351778110000,13.0,1,12.95,387,13.0,25,1,2022-05-19 11:22:31
1652959361362123000,13.0,1,12.95,3,13.0,31,1,2022-05-19 11:22:41
1652959368602027000,13.0,5,12.95,3,13.0,26,1,2022-05-19 11:22:48
1652959494793171000,13.0,1,12.95,7,13.0,38,1,2022-05-19 11:24:54
1652959608156221000,13.0,5,12.95,13,13.0,36,1,2022-05-19 11:26:48
1652959609629683000,13.0,2,12.95,13,13.0,34,1,2022-05-19 11:26:49
1652959612182379000,13.0,2,12.95,13,13.0,32,1,2022-05-19 11:26:52
1652959614726072000,13.0,2,12.95,13,13.0,30,1,2022-05-19 11:26:54
1652959617260728000,13.0,2,12.95,23,13.0,28,1,2022-05-19 11:26:57
1652959618667310000,13.0,20,12.95,23,13.0,1,1,2022-05-19 11:26:58
1652959618692174000,13.0,1,12.95,23,13.05,94,1,2022-05-19 11:26:58
1652959619803020000,13.05,2,13.0,2,13.05,92,1,2022-05-19 11:26:59
1652959639739075000,13.0,6,12.95,29,13.05,92,2,2022-05-19 11:27:19
1652959639739075000,12.95,14,12.95,29,13.05,92,2,2022-05-19 11:27:19
1652959676700470000,13.0,1,13.0,9,13.05,97,2,2022-05-19 11:27:56
1652959676727467000,13.0,9,12.95,62,13.05,97,2,2022-05-19 11:27:56
1652959707985503000,13.0,1,12.95,64,13.0,14,1,2022-05-19 11:28:27
1652959732228970000,13.0,1,12.95,64,13.0,15,1,2022-05-19 11:28:52
1652959739520863000,13.0,1,12.95,64,13.0,16,1,2022-05-19 11:28:59
1652959744717188000,13.0,1,12.95,64,13.0,15,1,2022-05-19 11:29:04
1652959761524934000,13.0,2,12.95,61,13.0,16,1,2022-05-19 11:29:21
1652959769568182000,13.0,1,12.95,61,13.0,18,1,2022-05-19 11:29:29
1652959815438777000,13.0,1,12.95,71,13.0,19,1,2022-05-19 11:30:15
1652959859513245000,12.95,1,12.95,85,13.0,21,2,2022-05-19 11:30:59
1652959909826143000,12.95,1,12.95,85,13.0,22,2,2022-05-19 11:31:49
1652959916282691000,13.0,1,12.95,85,13.0,21,1,2022-05-19 11:31:56
1652960001563824000,12.95,1,12.95,89,13.0,22,2,2022-05-19 11:33:21
1652960017014484000,13.0,1,12.95,89,13.0,24,1,2022-05-19 11:33:37
1652960057932815000,13.0,1,12.95,85,13.0,25,1,2022-05-19 11:34:17
1652960102502026000,12.95,1,12.95,104,13.0,27,2,2022-05-19 11:35:02
1652960128561903000,13.0,20,12.95,104,13.0,8,1,2022-05-19 11:35:28
1652960138123179000,13.0,11,12.95,104,13.0,8,1,2022-05-19 11:35:38
1652960138722831000,13.0,8,12.95,104,13.05,91,1,2022-05-19 11:35:38
1652960138722831000,13.05,12,12.95,104,13.05,91,1,2022-05-19 11:35:38
1652960378340438000,13.05,30,13.0,24,13.05,67,1,2022-05-19 11:39:38
1652960390205837000,13.0,1,13.0,23,13.05,78,2,2022-05-19 11:39:50
1652960390487263000,13.05,8,13.0,23,13.05,70,1,2022-05-19 11:39:50
1652960438387274000,13.05,10,13.0,16,13.05,59,1,2022-05-19 11:40:38
1652960465915285000,13.05,2,13.0,28,13.05,49,1,2022-05-19 11:41:05
1652960506430589000,13.05,10,13.0,48,13.05,29,1,2022-05-19 11:41:46
1652960509361737000,13.05,22,13.0,48,13.05,7,1,2022-05-19 11:41:49
1652960509382795000,13.05,7,13.0,48,13.1,113,1,2022-05-19 11:41:49
1652960516316614000,13.1,1,13.0,58,13.1,112,1,2022-05-19 11:41:56
1652960540391641000,13.1,2,13.05,21,13.1,93,1,2022-05-19 11:42:20
1652960557713265000,13.05,8,13.05,4,13.1,123,2,2022-05-19 11:42:37
1652960557747510000,13.05,4,13.0,63,13.1,123,2,2022-05-19 11:42:37
1652960653577656000,13.05,1,13.0,55,13.05,96,1,2022-05-19 11:44:13
1652960680064500000,13.0,55,12.95,121,13.05,127,2,2022-05-19 11:44:40
1652960683423286000,13.05,1,12.95,85,13.05,129,1,2022-05-19 11:44:43
1652960702126403000,13.0,2,12.95,85,13.0,16,1,2022-05-19 11:45:02
1652960719440890000,13.0,3,12.95,85,13.0,28,1,2022-05-19 11:45:19
1652960721746764000,13.0,4,12.95,85,13.0,25,1,2022-05-19 11:45:21
1652960736356982000,13.0,1,12.95,85,13.0,28,1,2022-05-19 11:45:36
1652960741223198000,13.0,4,12.95,85,13.0,24,1,2022-05-19 11:45:41
1652960741905730000,13.0,2,12.95,85,13.0,22,1,2022-05-19 11:45:41
1652960744925730000,13.0,4,12.95,85,13.0,19,1,2022-05-19 11:45:44
1652960752336508000,12.95,1,12.95,84,13.0,28,2,2022-05-19 11:45:52
1652960817686252000,13.0,1,12.95,84,13.0,27,1,2022-05-19 11:46:57
1652960818170906000,13.0,1,12.95,84,13.0,26,1,2022-05-19 11:46:58
1652960824382044000,13.0,20,12.95,89,13.0,6,1,2022-05-19 11:47:04
1652960824406396000,13.0,6,12.95,89,13.05,71,1,2022-05-19 11:47:04
1652960870052890000,13.0,1,12.95,89,13.0,29,1,2022-05-19 11:47:50
1652960873938318000,13.0,5,12.95,84,13.0,24,1,2022-05-19 11:47:53
1652960909337904000,13.0,20,12.95,86,13.0,5,1,2022-05-19 11:48:29
1652960962303491000,13.0,10,12.95,106,13.0,2,1,2022-05-19 11:49:22
1652960985133088000,13.0,1,12.95,106,13.05,45,2,2022-05-19 11:49:45
1652961060506725000,13.0,5,12.95,116,13.0,15,1,2022-05-19 11:51:00
1652961066497827000,13.0,1,12.95,116,13.0,14,1,2022-05-19 11:51:06
1652961114365113000,13.0,1,12.95,116,13.0,40,1,2022-05-19 11:51:54
1652961151512805000,12.95,2,12.95,111,13.0,40,2,2022-05-19 11:52:31
1652961161101190000,12.95,2,12.95,109,13.0,42,2,2022-05-19 11:52:41
1652961216832476000,12.95,1,12.95,110,13.0,42,2,2022-05-19 11:53:36
1652961290434649000,13.0,1,12.95,105,13.0,35,1,2022-05-19 11:54:50
1652961374417479000,13.0,1,12.95,110,13.0,49,1,2022-05-19 11:56:14
1652961408896764000,13.0,1,12.95,110,13.0,38,1,2022-05-19 11:56:48
1652961441075513000,13.0,2,12.95,108,13.0,37,1,2022-05-19 11:57:21
1652961520174480000,12.95,2,12.95,111,13.0,39,2,2022-05-19 11:58:40
1652961520702966000,13.0,1,12.95,111,13.0,38,1,2022-05-19 11:58:40
1652961547492896000,13.0,1,12.95,109,13.0,39,1,2022-05-19 11:59:07
1652961623195245000,12.95,1,12.95,108,13.0,114,2,2022-05-19 12:00:23
1652961623223579000,12.95,108,12.9,349,13.0,114,2,2022-05-19 12:00:23
1652961628641670000,12.9,2,12.9,347,12.95,99,2,2022-05-19 12:00:28
1652961634318803000,12.9,1,12.9,346,12.95,100,2,2022-05-19 12:00:34
1652961650828892000,12.9,1,12.9,344,12.95,100,2,2022-05-19 12:00:50
1652961653284830000,12.9,1,12.9,345,12.95,99,2,2022-05-19 12:00:53
1652961686805654000,12.9,20,12.9,324,12.95,101,2,2022-05-19 12:01:26
1652961777660541000,12.95,5,12.9,227,12.95,123,1,2022-05-19 12:02:57
1652961791766114000,12.95,10,12.9,225,12.95,113,1,2022-05-19 12:03:11
1652961808819479000,12.9,3,12.9,222,12.95,124,2,2022-05-19 12:03:28
1652961839457446000,12.9,5,12.9,222,12.95,128,2,2022-05-19 12:03:59
1652961840622968000,12.9,5,12.9,217,12.95,128,2,2022-05-19 12:04:00
1652961840649030000,12.9,6,12.9,211,12.95,119,2,2022-05-19 12:04:00
1652961841329042000,12.9,5,12.9,206,12.95,126,2,2022-05-19 12:04:01
1652961842013795000,12.9,5,12.9,201,12.95,126,2,2022-05-19 12:04:02
1652961842044885000,12.9,6,12.9,195,12.95,119,2,2022-05-19 12:04:02
1652961844053573000,12.9,5,12.9,190,12.95,126,2,2022-05-19 12:04:04
1652961846848345000,12.9,5,12.9,185,12.95,126,2,2022-05-19 12:04:06
1652961846876519000,12.9,6,12.9,179,12.95,119,2,2022-05-19 12:04:06
1652961847588131000,12.9,1,12.9,178,12.95,126,2,2022-05-19 12:04:07
1652961847922411000,12.9,5,12.9,173,12.95,126,2,2022-05-19 12:04:07
1652961847966323000,12.9,16,12.9,157,12.95,119,2,2022-05-19 12:04:07
1652961847994052000,12.9,8,12.9,149,12.95,126,2,2022-05-19 12:04:07
1652961848028001000,12.9,6,12.9,143,12.95,126,2,2022-05-19 12:04:08
1652961849250692000,12.9,5,12.9,138,12.95,126,2,2022-05-19 12:04:09
1652961853011989000,12.9,1,12.9,137,12.95,126,2,2022-05-19 12:04:13
1652961853297905000,12.9,2,12.9,135,12.95,126,2,2022-05-19 12:04:13
1652961853329037000,12.9,6,12.9,129,12.95,126,2,2022-05-19 12:04:13
1652961879595049000,12.9,6,12.9,122,12.95,121,2,2022-05-19 12:04:39
1652961888130158000,12.9,5,12.9,116,12.95,121,2,2022-05-19 12:04:48
1652961896107749000,12.9,1,12.9,115,12.95,121,2,2022-05-19 12:04:56
1652961903458310000,12.9,1,12.9,114,12.95,121,2,2022-05-19 12:05:03
1652961915258796000,12.9,20,12.9,94,12.95,103,2,2022-05-19 12:05:15
1652961915284302000,12.9,8,12.9,86,12.95,103,2,2022-05-19 12:05:15
1652961921208002000,12.9,2,12.9,124,12.95,103,2,2022-05-19 12:05:21
1652961921427975000,12.9,1,12.9,123,12.95,103,2,2022-05-19 12:05:21
1652961921609503000,12.9,10,12.9,113,12.95,103,2,2022-05-19 12:05:21
1652961922694282000,12.95,1,12.9,113,12.95,102,1,2022-05-19 12:05:22
1652961926972973000,12.9,1,12.9,112,12.95,102,2,2022-05-19 12:05:26
1652961934053684000,12.95,10,12.9,112,12.95,92,1,2022-05-19 12:05:34
1652962028451324000,12.9,1,12.9,178,12.95,93,2,2022-05-19 12:07:08
1652962095159525000,12.95,5,12.9,146,12.95,89,1,2022-05-19 12:08:15
1652962148875891000,12.95,1,12.9,151,12.95,88,1,2022-05-19 12:09:08
1652962152522401000,12.9,6,12.9,145,12.95,88,2,2022-05-19 12:09:12
1652962176504661000,12.9,2,12.9,163,12.95,88,2,2022-05-19 12:09:36
1652962236433020000,12.95,1,12.9,164,12.95,89,1,2022-05-19 12:10:36
1652962393376845000,12.9,1,12.9,178,12.95,89,2,2022-05-19 12:13:13
1652962457738248000,12.9,2,12.9,163,12.95,95,2,2022-05-19 12:14:17
1652962458586330000,12.9,4,12.9,159,12.95,95,2,2022-05-19 12:14:18
1652962465661072000,12.9,1,12.9,158,12.95,97,2,2022-05-19 12:14:25
1652962483006430000,12.9,1,12.9,158,12.95,97,2,2022-05-19 12:14:43
1652962491798767000,12.95,1,12.9,158,12.95,96,1,2022-05-19 12:14:51
1652962566136865000,12.9,2,12.9,156,12.95,96,2,2022-05-19 12:16:06
1652962566473217000,12.9,1,12.9,155,12.95,96,2,2022-05-19 12:16:06
1652962574580293000,12.9,2,12.9,153,12.95,96,2,2022-05-19 12:16:14
1652962579660501000,12.95,1,12.9,166,12.95,95,1,2022-05-19 12:16:19
1652962579862101000,12.95,1,12.9,166,12.95,94,1,2022-05-19 12:16:19
1652962580370976000,12.9,1,12.9,165,12.95,94,2,2022-05-19 12:16:20
1652962583494888000,12.95,1,12.9,165,12.95,93,1,2022-05-19 12:16:23
1652962614584820000,12.95,1,12.9,169,12.95,112,1,2022-05-19 12:16:54
1652962656926792000,12.95,1,12.9,169,12.95,111,1,2022-05-19 12:17:36
1652962685590322000,12.9,7,12.9,165,12.95,110,2,2022-05-19 12:18:05
1652962714958102000,12.9,3,12.9,165,12.95,110,2,2022-05-19 12:18:34
1652962733450910000,12.9,2,12.9,161,12.95,110,2,2022-05-19 12:18:53
1652962739371770000,12.9,10,12.9,151,12.95,110,2,2022-05-19 12:18:59
1652962830720900000,12.95,8,12.9,154,12.95,112,1,2022-05-19 12:20:30
1652962851633971000,12.9,3,12.9,151,12.95,115,2,2022-05-19 12:20:51
1652962857143453000,12.95,3,12.9,151,12.95,112,1,2022-05-19 12:20:57
1652962857294618000,12.95,3,12.9,151,12.95,109,1,2022-05-19 12:20:57
1652962857470335000,12.95,3,12.9,151,12.95,106,1,2022-05-19 12:20:57
1652962857629720000,12.95,3,12.9,151,12.95,103,1,2022-05-19 12:20:57
1652962873171075000,12.95,1,12.9,151,12.95,102,1,2022-05-19 12:21:13
1652962971469089000,12.95,6,12.9,163,12.95,79,1,2022-05-19 12:22:51
1652962985595761000,12.95,3,12.9,163,12.95,76,1,2022-05-19 12:23:05
1652962999514304000,12.95,1,12.9,164,12.95,77,1,2022-05-19 12:23:19
1652963079022556000,12.95,1,12.9,163,12.95,76,1,2022-05-19 12:24:39
1652963079215811000,12.9,1,12.9,162,12.95,76,2,2022-05-19 12:24:39
1652963095174019000,12.9,10,12.9,163,12.95,75,2,2022-05-19 12:24:55
1652963111577803000,12.95,1,12.9,163,12.95,74,1,2022-05-19 12:25:11
1652963129582778000,12.95,5,12.9,163,12.95,71,1,2022-05-19 12:25:29
1652963175348721000,12.9,132,12.9,20,12.95,73,2,2022-05-19 12:26:15
1652963179429797000,12.9,1,12.9,19,12.95,73,2,2022-05-19 12:26:19
1652963184969478000,12.9,1,12.9,18,12.95,73,2,2022-05-19 12:26:24
1652963203116202000,12.9,4,12.9,17,12.95,73,2,2022-05-19 12:26:43
1652963204450641000,12.9,1,12.9,22,12.95,73,2,2022-05-19 12:26:44
1652963207463238000,12.9,10,12.9,12,12.95,73,2,2022-05-19 12:26:47
1652963211390282000,12.9,1,12.9,12,12.95,73,2,2022-05-19 12:26:51
1652963214242638000,12.9,1,12.9,11,12.95,72,2,2022-05-19 12:26:54
1652963214307712000,12.9,1,12.9,10,12.95,72,2,2022-05-19 12:26:54
1652963216873385000,12.9,3,12.9,7,12.95,72,2,2022-05-19 12:26:56
1652963217286329000,12.9,7,12.85,541,12.9,2,2,2022-05-19 12:26:57
1652963218197961000,12.85,9,12.85,548,12.9,2,2,2022-05-19 12:26:58
1652963234514492000,12.85,1,12.85,556,12.9,60,2,2022-05-19 12:27:14
1652963235434910000,12.9,1,12.85,556,12.9,59,1,2022-05-19 12:27:15
1652963236247502000,12.85,20,12.85,536,12.9,39,2,2022-05-19 12:27:16
1652963247987239000,12.9,3,12.85,536,12.9,46,1,2022-05-19 12:27:27
1652963249097823000,12.9,1,12.85,537,12.9,46,1,2022-05-19 12:27:29
1652963260395054000,12.85,5,12.85,537,12.9,47,2,2022-05-19 12:27:40
1652963279013574000,12.9,1,12.85,511,12.9,46,1,2022-05-19 12:27:59
1652963301751034000,12.9,1,12.85,511,12.9,45,1,2022-05-19 12:28:21
1652963328132119000,12.9,1,12.85,510,12.9,45,1,2022-05-19 12:28:48
1652963333094524000,12.85,2,12.85,508,12.9,45,2,2022-05-19 12:28:53
1652963351609806000,12.9,1,12.85,510,12.9,44,1,2022-05-19 12:29:11
1652963402537438000,12.85,10,12.85,499,12.9,33,2,2022-05-19 12:30:02
1652963407593695000,12.9,5,12.85,499,12.9,28,1,2022-05-19 12:30:07
1652963411669563000,12.9,10,12.85,499,12.9,18,1,2022-05-19 12:30:11
1652963416335056000,12.9,5,12.85,499,12.9,13,1,2022-05-19 12:30:16
1652963420654463000,12.9,6,12.85,499,12.9,7,1,2022-05-19 12:30:20
1652963420877996000,12.9,4,12.85,499,12.9,3,1,2022-05-19 12:30:20
1652963420934860000,12.9,3,12.85,499,12.95,38,1,2022-05-19 12:30:20
1652963428427146000,12.9,1,12.85,499,12.9,9,2,2022-05-19 12:30:28
1652963466768570000,12.9,35,12.9,5,12.95,33,1,2022-05-19 12:31:06
1652963476209632000,12.95,1,12.9,5,12.95,32,1,2022-05-19 12:31:16
1652963487208536000,12.9,5,12.85,478,12.95,32,2,2022-05-19 12:31:27
1652963499607011000,12.9,3,12.85,445,12.95,31,2,2022-05-19 12:31:39
1652963535562874000,12.95,2,12.9,9,12.95,29,1,2022-05-19 12:32:15
1652963537912643000,12.9,6,12.9,3,12.95,29,2,2022-05-19 12:32:17
1652963559578695000,12.9,1,12.9,3,12.95,29,2,2022-05-19 12:32:39
1652963607132824000,12.9,4,12.85,424,12.9,1,2,2022-05-19 12:33:27
1652963611389450000,12.9,1,12.9,2,12.95,43,1,2022-05-19 12:33:31
1652963624163440000,12.9,2,12.85,429,12.9,8,2,2022-05-19 12:33:44
1652963671029767000,12.9,9,12.9,1,12.95,43,1,2022-05-19 12:34:31
1652963681957985000,12.95,1,12.9,1,12.95,42,1,2022-05-19 12:34:41
1652963685679302000,12.9,1,12.85,430,12.95,42,2,2022-05-19 12:34:45
1652963701340777000,12.9,1,12.9,3,12.95,42,2,2022-05-19 12:35:01
1652963726304928000,12.9,2,12.9,2,12.95,42,2,2022-05-19 12:35:26
1652963726316317000,12.9,2,12.85,410,12.9,3,2,2022-05-19 12:35:26
1652963732433850000,12.9,2,12.85,410,12.9,1,1,2022-05-19 12:35:32
1652963737041048000,12.9,1,12.9,2,12.95,42,1,2022-05-19 12:35:37
1652963766174570000,12.9,6,12.9,1,12.95,40,2,2022-05-19 12:36:06
1652963773113317000,12.9,1,12.85,410,12.95,40,2,2022-05-19 12:36:13
1652963779139293000,12.9,2,12.85,426,12.95,40,2,2022-05-19 12:36:19
1652963785215060000,12.95,1,12.9,2,12.95,39,1,2022-05-19 12:36:25
1652963805921888000,12.95,1,12.9,2,12.95,40,1,2022-05-19 12:36:45
1652963907172510000,12.95,10,12.9,27,12.95,37,1,2022-05-19 12:38:27
1652963938417285000,12.95,2,12.9,28,12.95,47,1,2022-05-19 12:38:58
1652963995053328000,12.9,3,12.9,25,12.95,36,2,2022-05-19 12:39:55
1652964004171542000,12.9,2,12.9,23,12.95,36,2,2022-05-19 12:40:04
1652964011137720000,12.9,1,12.9,23,12.95,36,2,2022-05-19 12:40:11
1652964013955536000,12.9,5,12.9,18,12.95,36,2,2022-05-19 12:40:13
1652964032405272000,12.9,5,12.9,13,12.95,36,2,2022-05-19 12:40:32
1652964035787215000,12.9,5,12.9,8,12.95,36,2,2022-05-19 12:40:35
1652964037714247000,12.9,5,12.9,3,12.95,36,2,2022-05-19 12:40:37
1652964065190987000,12.9,1,12.9,6,12.95,48,2,2022-05-19 12:41:05
1652964070723816000,12.9,1,12.9,5,12.95,48,2,2022-05-19 12:41:10
1652964095853280000,12.9,1,12.9,4,12.95,47,2,2022-05-19 12:41:35
1652964102547612000,12.95,1,12.9,6,12.95,46,1,2022-05-19 12:41:42
1652964201208215000,12.9,5,12.9,19,12.95,52,2,2022-05-19 12:43:21
1652964218994930000,12.9,5,12.9,14,12.95,52,2,2022-05-19 12:43:38
1652964222819356000,12.9,4,12.9,10,12.95,52,2,2022-05-19 12:43:42
1652964225636455000,12.9,2,12.9,8,12.95,52,2,2022-05-19 12:43:45
1652964227483745000,12.9,5,12.9,3,12.95,52,2,2022-05-19 12:43:47
1652964248098169000,12.9,1,12.9,2,12.95,52,2,2022-05-19 12:44:08
1652964288242557000,12.9,1,12.9,10,12.95,53,2,2022-05-19 12:44:48
1652964294669427000,12.9,10,12.85,436,12.9,2,2,2022-05-19 12:44:54
1652964330548435000,12.9,1,12.85,440,12.9,11,1,2022-05-19 12:45:30
1652964330606739000,12.9,11,12.85,440,12.95,41,1,2022-05-19 12:45:30
1652964364459489000,12.9,3,12.9,14,12.95,35,2,2022-05-19 12:46:04
1652964364728482000,12.95,5,12.9,14,12.95,30,1,2022-05-19 12:46:04
1652964372800548000,12.9,5,12.9,13,12.95,30,2,2022-05-19 12:46:12
1652964433801230000,12.9,3,12.9,31,12.95,31,2,2022-05-19 12:47:13
1652964456922976000,12.95,20,12.9,43,12.95,11,1,2022-05-19 12:47:36
1652964456957113000,12.95,11,12.9,43,13.0,71,1,2022-05-19 12:47:36
1652964462386833000,13.0,1,12.9,46,13.0,70,1,2022-05-19 12:47:42
1652964462438161000,13.0,2,12.9,46,13.0,68,1,2022-05-19 12:47:42
1652964462463608000,13.0,1,12.9,46,13.0,67,1,2022-05-19 12:47:42
1652964462495948000,13.0,1,12.9,54,13.0,66,1,2022-05-19 12:47:42
1652964462508076000,13.0,2,12.9,54,13.0,64,1,2022-05-19 12:47:42
1652964462524065000,13.0,1,12.9,54,13.0,63,1,2022-05-19 12:47:42
1652964495483980000,12.95,4,12.95,5,13.0,63,2,2022-05-19 12:48:15
