ts,close,volume,bid_price,bid_volume,ask_price,ask_volume,tick_type,datetime
1638435607699055000,35.6,287,35.6,30,35.65,6,2,2021-12-02 09:00:07
1638435607732904000,35.6,1,35.6,28,35.65,6,2,2021-12-02 09:00:07
1638435607732940000,35.6,1,35.6,28,35.65,6,2,2021-12-02 09:00:07
1638435607733196000,35.65,6,35.6,28,35.7,11,1,2021-12-02 09:00:07
1638435607775842000,35.7,3,35.6,28,35.7,8,1,2021-12-02 09:00:07
1638435607984138000,35.6,1,35.6,27,35.7,8,2,2021-12-02 09:00:07
1638435608149210000,35.7,8,35.65,3,35.8,1,1,2021-12-02 09:00:08
1638435608172631000,35.8,1,35.65,3,35.85,1,1,2021-12-02 09:00:08
1638435608212061000,35.85,1,35.65,3,35.9,19,1,2021-12-02 09:00:08
1638435608533101000,35.9,5,35.65,3,35.9,14,1,2021-12-02 09:00:08
1638435608562806000,35.85,2,35.7,2,36.0,8,2,2021-12-02 09:00:08
1638435608562806000,35.9,12,35.7,2,36.0,8,1,2021-12-02 09:00:08
1638435608562998000,35.9,2,35.7,2,36.0,8,1,2021-12-02 09:00:08
1638435608724684000,35.7,1,35.7,1,36.0,8,2,2021-12-02 09:00:08
1638435608748616000,36.0,2,35.7,1,36.0,6,1,2021-12-02 09:00:08
1638435609069244000,35.85,1,35.7,1,36.0,6,2,2021-12-02 09:00:09
1638435610555285000,35.7,1,35.65,3,36.0,6,2,2021-12-02 09:00:10
1638435610654596000,35.95,2,35.7,2,36.0,6,1,2021-12-02 09:00:10
1638435612637435000,36.0,5,35.7,2,36.0,1,1,2021-12-02 09:00:12
1638435612664437000,36.0,1,35.7,2,36.1,8,1,2021-12-02 09:00:12
1638435612782126000,35.7,2,35.65,2,36.1,8,2,2021-12-02 09:00:12
1638435612782126000,35.65,1,35.65,2,36.1,8,2,2021-12-02 09:00:12
1638435613462308000,36.0,1,36.0,4,36.05,1,1,2021-12-02 09:00:13
1638435614480805000,36.05,3,36.0,15,36.05,7,1,2021-12-02 09:00:14
1638435614515903000,36.05,7,36.0,15,36.1,8,1,2021-12-02 09:00:14
1638435614720679000,36.1,8,36.0,15,36.3,4,1,2021-12-02 09:00:14
1638435616416101000,36.25,2,36.05,2,36.3,2,1,2021-12-02 09:00:16
1638435616416101000,36.3,2,36.05,2,36.3,2,1,2021-12-02 09:00:16
1638435617304164000,36.3,2,36.05,2,36.35,13,1,2021-12-02 09:00:17
1638435617934918000,36.35,2,36.05,2,36.35,11,1,2021-12-02 09:00:17
1638435618749314000,36.3,5,36.1,2,36.35,11,2,2021-12-02 09:00:18
1638435620137733000,36.3,1,36.1,3,36.3,5,1,2021-12-02 09:00:20
1638435621460009000,36.3,1,36.25,1,36.3,4,1,2021-12-02 09:00:21
1638435622165857000,36.3,5,36.25,1,36.3,9,1,2021-12-02 09:00:22
1638435622347885000,36.3,2,36.25,1,36.3,7,1,2021-12-02 09:00:22
1638435622412457000,36.3,1,36.25,1,36.3,7,1,2021-12-02 09:00:22
1638435622494392000,36.25,1,36.15,2,36.25,4,2,2021-12-02 09:00:22
1638435622513113000,36.25,2,36.15,2,36.25,2,1,2021-12-02 09:00:22
1638435623488663000,36.25,1,36.1,3,36.25,1,1,2021-12-02 09:00:23
1638435624816101000,36.25,3,36.1,3,36.25,3,1,2021-12-02 09:00:24
1638435625166248000,36.25,1,36.1,3,36.25,2,1,2021-12-02 09:00:25
1638435625923690000,36.1,1,36.1,2,36.25,2,2,2021-12-02 09:00:25
1638435626483525000,36.25,2,36.1,2,36.3,13,1,2021-12-02 09:00:26
1638435626483525000,36.3,4,36.1,2,36.3,13,1,2021-12-02 09:00:26
1638435626790116000,36.3,4,36.15,1,36.3,9,1,2021-12-02 09:00:26
1638435627729027000,36.1,1,36.1,3,36.25,2,2,2021-12-02 09:00:27
1638435628756417000,36.1,1,36.1,4,36.25,2,2,2021-12-02 09:00:28
1638435628907978000,36.25,1,36.1,2,36.25,1,1,2021-12-02 09:00:28
1638435629207119000,36.25,1,36.1,2,36.3,7,1,2021-12-02 09:00:29
1638435629207119000,36.3,2,36.1,2,36.3,7,1,2021-12-02 09:00:29
1638435629601389000,36.2,1,36.1,4,36.3,7,2,2021-12-02 09:00:29
1638435630383125000,36.1,7,36.05,1,36.3,7,2,2021-12-02 09:00:30
1638435630383125000,36.05,1,36.05,1,36.3,7,2,2021-12-02 09:00:30
1638435630856416000,36.25,1,36.05,1,36.25,1,1,2021-12-02 09:00:30
1638435632350618000,36.2,2,36.1,8,36.25,6,2,2021-12-02 09:00:32
1638435633157435000,36.2,1,36.1,8,36.2,1,1,2021-12-02 09:00:33
1638435634518502000,36.2,1,36.1,9,36.25,7,1,2021-12-02 09:00:34
1638435634839260000,36.2,1,36.1,8,36.2,9,2,2021-12-02 09:00:34
1638435635663893000,36.2,1,36.1,8,36.2,8,1,2021-12-02 09:00:35
1638435635857552000,36.2,1,36.1,8,36.2,7,1,2021-12-02 09:00:35
1638435640463479000,36.15,1,36.1,10,36.15,3,2,2021-12-02 09:00:40
1638435641404686000,36.15,2,36.1,10,36.15,1,1,2021-12-02 09:00:41
1638435642101350000,36.15,1,36.1,10,36.2,17,1,2021-12-02 09:00:42
1638435642461100000,36.1,3,36.1,5,36.15,5,2,2021-12-02 09:00:42
1638435642491736000,36.1,5,36.05,8,36.15,5,2,2021-12-02 09:00:42
1638435643301250000,36.15,5,36.2,2,36.25,9,1,2021-12-02 09:00:43
1638435643301250000,36.2,18,36.2,2,36.25,9,1,2021-12-02 09:00:43
1638435643328627000,36.2,2,36.05,8,36.25,9,2,2021-12-02 09:00:43
1638435643785134000,36.15,1,36.05,8,36.1,1,2,2021-12-02 09:00:43
1638435644234937000,36.05,2,36.05,6,36.1,4,2,2021-12-02 09:00:44
1638435644245468000,36.05,6,36.0,19,36.1,4,2,2021-12-02 09:00:44
1638435645857683000,36.0,1,36.0,18,36.1,4,2,2021-12-02 09:00:45
1638435646103320000,36.0,2,36.0,16,36.1,6,2,2021-12-02 09:00:46
1638435646144018000,36.0,8,35.95,2,36.1,6,2,2021-12-02 09:00:46
1638435646144461000,36.0,8,35.95,2,36.1,6,2,2021-12-02 09:00:46
1638435646186220000,35.95,2,35.9,5,36.1,6,2,2021-12-02 09:00:46
1638435646426402000,36.05,1,35.9,5,36.1,5,1,2021-12-02 09:00:46
1638435646426402000,36.1,1,35.9,5,36.1,5,1,2021-12-02 09:00:46
1638435646462533000,36.05,5,35.9,5,36.1,5,2,2021-12-02 09:00:46
1638435646757767000,36.05,1,35.9,5,36.05,1,1,2021-12-02 09:00:46
1638435646868167000,36.05,1,35.9,5,36.1,10,1,2021-12-02 09:00:46
1638435647227193000,36.05,1,35.9,5,36.05,2,1,2021-12-02 09:00:47
1638435647230192000,35.9,1,35.9,4,36.05,2,2,2021-12-02 09:00:47
1638435647648939000,36.1,1,35.9,4,36.1,9,1,2021-12-02 09:00:47
1638435649097887000,36.1,3,35.9,4,36.1,6,1,2021-12-02 09:00:49
1638435651735221000,35.9,4,35.8,1,36.0,5,2,2021-12-02 09:00:51
1638435651822464000,36.0,1,35.8,1,36.0,4,1,2021-12-02 09:00:51
1638435655231329000,35.8,1,35.65,3,35.9,2,2,2021-12-02 09:00:55
1638435657353462000,35.85,1,35.7,2,35.85,1,1,2021-12-02 09:00:57
1638435657846984000,35.7,1,35.7,1,35.85,1,2,2021-12-02 09:00:57
1638435659486272000,35.7,1,35.65,3,35.85,1,2,2021-12-02 09:00:59
1638435662117461000,35.65,1,35.65,2,35.85,2,2,2021-12-02 09:01:02
1638435665635802000,35.65,1,35.65,1,35.8,6,2,2021-12-02 09:01:05
1638435667741628000,35.65,1,35.6,24,35.8,8,2,2021-12-02 09:01:07
1638435668441881000,35.65,2,35.6,24,35.8,8,2,2021-12-02 09:01:08
1638435669471130000,35.7,2,35.6,24,35.8,10,1,2021-12-02 09:01:09
1638435670472691000,35.6,2,35.6,22,35.65,5,2,2021-12-02 09:01:10
1638435670481271000,35.65,3,35.6,22,35.65,2,1,2021-12-02 09:01:10
1638435670824609000,35.65,1,35.6,22,35.65,1,1,2021-12-02 09:01:10
1638435670985116000,35.6,1,35.6,21,35.65,1,2,2021-12-02 09:01:10
1638435671310047000,35.65,1,35.6,21,35.8,8,1,2021-12-02 09:01:11
1638435673696458000,35.65,1,35.6,22,35.8,13,2,2021-12-02 09:01:13
1638435674252014000,35.65,2,35.6,22,35.8,13,2,2021-12-02 09:01:14
1638435675112831000,35.65,1,35.6,22,35.8,13,2,2021-12-02 09:01:15
1638435675175473000,35.6,1,35.6,21,35.8,13,2,2021-12-02 09:01:15
1638435676768616000,35.65,2,35.6,23,35.75,5,1,2021-12-02 09:01:16
1638435677093363000,35.75,5,35.6,23,35.8,9,1,2021-12-02 09:01:17
1638435677093363000,35.8,5,35.6,23,35.8,9,1,2021-12-02 09:01:17
1638435678472954000,35.65,2,35.6,24,35.75,2,2,2021-12-02 09:01:18
1638435680807641000,35.65,2,35.65,12,35.7,4,2,2021-12-02 09:01:20
1638435683100196000,35.7,4,35.65,15,35.75,2,1,2021-12-02 09:01:23
1638435683484430000,35.7,2,35.65,15,35.75,2,2,2021-12-02 09:01:23
1638435683484430000,35.65,1,35.65,15,35.75,2,2,2021-12-02 09:01:23
1638435683964554000,35.75,1,35.65,16,35.75,1,1,2021-12-02 09:01:23
1638435683995466000,35.75,1,35.65,16,35.8,19,1,2021-12-02 09:01:23
1638435684495979000,35.7,1,35.7,1,35.8,19,2,2021-12-02 09:01:24
1638435688034753000,35.7,1,35.65,24,35.8,19,2,2021-12-02 09:01:28
1638435688345181000,35.65,2,35.65,22,35.8,19,2,2021-12-02 09:01:28
1638435688414584000,35.65,1,35.65,21,35.8,19,2,2021-12-02 09:01:28
1638435689159930000,35.7,1,35.65,21,35.75,11,1,2021-12-02 09:01:29
1638435689733048000,35.75,11,35.7,2,35.8,19,1,2021-12-02 09:01:29
1638435691785422000,35.75,1,35.7,2,35.8,19,2,2021-12-02 09:01:31
1638435692617038000,35.8,13,35.7,22,35.8,7,1,2021-12-02 09:01:32
1638435692647816000,35.8,7,35.7,22,35.85,10,1,2021-12-02 09:01:32
1638435692768404000,35.8,1,35.7,22,35.85,9,1,2021-12-02 09:01:32
1638435692810169000,35.7,2,35.7,20,35.85,9,2,2021-12-02 09:01:32
1638435695167405000,35.85,9,35.8,2,35.9,6,1,2021-12-02 09:01:35
1638435695205485000,35.9,6,35.8,2,35.95,5,1,2021-12-02 09:01:35
1638435696551536000,35.8,2,35.8,2,35.95,5,2,2021-12-02 09:01:36
1638435698394248000,35.85,1,35.85,2,35.95,5,1,2021-12-02 09:01:38
1638435704659770000,35.75,4,35.75,3,35.85,1,2,2021-12-02 09:01:44
1638435710145600000,35.85,1,35.8,5,35.85,5,1,2021-12-02 09:01:50
1638435710422465000,35.85,2,35.8,5,35.85,3,1,2021-12-02 09:01:50
1638435710462805000,35.85,3,35.8,5,35.9,1,1,2021-12-02 09:01:50
1638435711806818000,35.9,1,35.85,3,35.95,5,1,2021-12-02 09:01:51
1638435713310791000,35.85,1,35.85,2,35.95,5,2,2021-12-02 09:01:53
1638435719533431000,35.85,4,35.8,21,35.95,5,2,2021-12-02 09:01:59
1638435719533431000,35.8,11,35.8,21,35.95,5,2,2021-12-02 09:01:59
1638435719580296000,35.8,1,35.8,18,35.95,5,2,2021-12-02 09:01:59
1638435719580335000,35.8,1,35.8,18,35.95,5,2,2021-12-02 09:01:59
1638435719580353000,35.8,1,35.8,18,35.95,5,2,2021-12-02 09:01:59
1638435721780889000,35.8,13,35.8,5,35.9,1,2,2021-12-02 09:02:01
1638435721880574000,35.85,2,35.8,5,35.9,1,1,2021-12-02 09:02:01
1638435721995122000,35.8,5,35.75,9,35.9,1,2,2021-12-02 09:02:01
1638435723370475000,35.9,1,35.75,7,35.95,6,1,2021-12-02 09:02:03
1638435727399252000,35.75,2,35.75,5,35.95,6,2,2021-12-02 09:02:07
1638435727729661000,35.75,2,35.75,3,35.95,6,2,2021-12-02 09:02:07
1638435727826699000,35.9,4,35.9,6,35.95,6,1,2021-12-02 09:02:07
1638435727827230000,35.9,6,35.8,1,35.95,6,2,2021-12-02 09:02:07
1638435733515813000,35.85,1,35.8,13,35.9,1,2,2021-12-02 09:02:13
1638435733559179000,35.9,1,35.8,13,35.95,6,1,2021-12-02 09:02:13
1638435736972368000,35.9,1,35.8,15,35.95,6,1,2021-12-02 09:02:16
1638435742537406000,35.85,11,35.8,19,35.9,12,2,2021-12-02 09:02:22
1638435742542245000,35.9,2,35.8,19,35.9,10,1,2021-12-02 09:02:22
1638435744754599000,35.8,4,35.8,16,35.85,3,2,2021-12-02 09:02:24
1638435745887874000,35.85,1,35.8,16,35.85,2,1,2021-12-02 09:02:25
1638435749352194000,35.85,2,35.85,8,35.9,10,1,2021-12-02 09:02:29
1638435751315765000,35.9,2,35.85,9,35.9,18,1,2021-12-02 09:02:31
1638435751576203000,35.9,13,35.85,9,35.9,5,1,2021-12-02 09:02:31
1638435755184908000,35.9,2,35.85,9,35.9,3,1,2021-12-02 09:02:35
1638435755826037000,35.9,2,35.85,9,35.9,1,1,2021-12-02 09:02:35
1638435755861768000,35.9,1,35.85,9,35.95,5,1,2021-12-02 09:02:35
1638435756300214000,35.85,3,35.85,6,35.95,5,2,2021-12-02 09:02:36
1638435761184270000,35.9,10,35.85,7,35.95,5,1,2021-12-02 09:02:41
1638435762504786000,35.85,5,35.85,3,35.9,9,2,2021-12-02 09:02:42
1638435764289984000,35.9,9,35.85,4,35.95,4,1,2021-12-02 09:02:44
1638435764289984000,35.95,1,35.85,4,35.95,4,1,2021-12-02 09:02:44
1638435765071672000,35.85,5,35.85,1,35.95,4,2,2021-12-02 09:02:45
1638435765744623000,35.8,1,35.8,15,35.95,4,2,2021-12-02 09:02:45
1638435771685987000,35.9,8,35.85,4,35.9,2,1,2021-12-02 09:02:51
1638435773988522000,35.9,2,35.85,4,35.95,4,1,2021-12-02 09:02:53
1638435774334449000,35.95,4,35.85,6,36.0,7,1,2021-12-02 09:02:54
1638435774334449000,36.0,1,35.85,6,36.0,7,1,2021-12-02 09:02:54
1638435775648332000,35.9,1,35.85,6,36.0,8,2,2021-12-02 09:02:55
1638435778236502000,36.0,2,35.9,20,36.0,6,1,2021-12-02 09:02:58
1638435778514954000,35.95,1,35.95,2,36.0,6,2,2021-12-02 09:02:58
1638435778570500000,35.95,1,35.95,1,36.0,6,2,2021-12-02 09:02:58
1638435782619705000,36.0,2,35.95,1,36.0,4,1,2021-12-02 09:03:02
1638435782886649000,36.0,4,35.95,1,36.05,5,1,2021-12-02 09:03:02
1638435784303788000,35.95,1,35.9,21,35.95,1,2,2021-12-02 09:03:04
1638435784345607000,35.95,1,35.9,21,36.05,5,1,2021-12-02 09:03:04
1638435784491659000,35.95,1,35.9,21,36.05,5,1,2021-12-02 09:03:04
1638435785863432000,36.05,5,35.95,12,36.1,7,1,2021-12-02 09:03:05
1638435792515557000,36.0,2,35.95,15,36.0,19,2,2021-12-02 09:03:12
1638435795852456000,36.0,5,35.95,16,36.0,14,1,2021-12-02 09:03:15
1638435796125526000,36.0,2,35.95,16,36.0,12,1,2021-12-02 09:03:16
1638435798137899000,36.0,10,35.95,16,36.0,2,1,2021-12-02 09:03:18
1638435798170349000,36.0,2,35.95,16,36.05,1,1,2021-12-02 09:03:18
1638435798426345000,36.0,2,36.0,11,36.05,1,2,2021-12-02 09:03:18
1638435799716068000,36.05,1,36.0,31,36.1,9,1,2021-12-02 09:03:19
1638435800988718000,36.1,2,36.05,2,36.1,7,1,2021-12-02 09:03:20
1638435801006711000,36.1,7,36.05,2,36.15,6,1,2021-12-02 09:03:21
1638435802223130000,36.15,1,36.1,1,36.15,5,1,2021-12-02 09:03:22
1638435802245000000,36.15,1,36.1,1,36.15,4,1,2021-12-02 09:03:22
1638435802481025000,36.15,5,36.1,1,36.2,8,1,2021-12-02 09:03:22
1638435803663596000,36.2,1,36.1,1,36.2,7,1,2021-12-02 09:03:23
1638435806795023000,36.2,7,36.2,3,36.25,7,1,2021-12-02 09:03:26
1638435807804889000,36.2,3,36.0,32,36.25,7,2,2021-12-02 09:03:27
1638435807804889000,36.15,2,36.0,32,36.25,7,2,2021-12-02 09:03:27
1638435807804889000,36.1,2,36.0,32,36.25,7,2,2021-12-02 09:03:27
1638435807804889000,36.05,1,36.0,32,36.25,7,2,2021-12-02 09:03:27
1638435807804889000,36.0,2,36.0,32,36.25,7,2,2021-12-02 09:03:27
1638435808690998000,36.2,1,36.05,5,36.2,1,1,2021-12-02 09:03:28
1638435809740032000,36.2,1,36.05,15,36.2,2,1,2021-12-02 09:03:29
1638435809993654000,36.15,1,36.1,2,36.2,3,2,2021-12-02 09:03:29
1638435809993654000,36.2,1,36.1,2,36.2,3,1,2021-12-02 09:03:29
1638435814447541000,36.15,1,36.1,1,36.15,1,2,2021-12-02 09:03:34
1638435815051514000,36.15,1,36.1,4,36.2,3,1,2021-12-02 09:03:35
1638435816975320000,36.1,2,36.1,12,36.2,3,2,2021-12-02 09:03:36
1638435817011722000,36.15,2,36.1,9,36.2,4,1,2021-12-02 09:03:37
1638435817011722000,36.1,3,36.1,9,36.2,4,2,2021-12-02 09:03:37
1638435817060029000,36.1,7,36.1,2,36.2,4,2,2021-12-02 09:03:37
1638435817160097000,36.2,2,36.1,2,36.2,2,1,2021-12-02 09:03:37
1638435817527202000,36.15,1,36.15,1,36.2,2,2,2021-12-02 09:03:37
1638435817653898000,36.2,2,36.15,1,36.5,5,1,2021-12-02 09:03:37
1638435817653898000,36.25,8,36.15,1,36.5,5,1,2021-12-02 09:03:37
1638435817653898000,36.3,1,36.15,1,36.5,5,1,2021-12-02 09:03:37
1638435817653898000,36.35,2,36.15,1,36.5,5,1,2021-12-02 09:03:37
1638435817653898000,36.4,9,36.15,1,36.5,5,1,2021-12-02 09:03:37
1638435817653898000,36.5,8,36.15,1,36.5,5,1,2021-12-02 09:03:37
1638435818433741000,36.2,2,36.05,20,36.5,5,2,2021-12-02 09:03:38
1638435818433741000,36.15,1,36.05,20,36.5,5,2,2021-12-02 09:03:38
1638435818433741000,36.1,2,36.05,20,36.5,5,2,2021-12-02 09:03:38
1638435818433741000,36.05,2,36.05,20,36.5,5,2,2021-12-02 09:03:38
1638435821269453000,36.2,2,36.05,19,36.15,17,1,2021-12-02 09:03:41
1638435821269453000,36.15,1,36.05,19,36.15,17,2,2021-12-02 09:03:41
1638435821291079000,36.15,15,36.05,19,36.15,2,1,2021-12-02 09:03:41
1638435821321843000,36.15,2,36.05,19,36.4,3,1,2021-12-02 09:03:41
1638435821447000000,36.1,1,36.05,19,36.4,3,2,2021-12-02 09:03:41
1638435824799582000,36.35,1,36.1,3,36.4,7,1,2021-12-02 09:03:44
1638435824799582000,36.4,2,36.1,3,36.4,7,1,2021-12-02 09:03:44
1638435825730949000,36.15,2,36.1,14,36.35,2,2,2021-12-02 09:03:45
1638435828742004000,36.35,2,36.1,21,36.4,6,1,2021-12-02 09:03:48
1638435836701904000,36.3,3,36.2,1,36.35,2,2,2021-12-02 09:03:56
1638435836701904000,36.35,3,36.2,1,36.35,2,1,2021-12-02 09:03:56
1638435837765668000,36.35,1,36.2,1,36.35,1,1,2021-12-02 09:03:57
1638435843971734000,36.35,1,36.2,3,36.35,7,1,2021-12-02 09:04:03
1638435845591653000,36.2,7,36.15,11,36.2,3,2,2021-12-02 09:04:05
1638435846228613000,36.2,1,36.15,11,36.2,2,1,2021-12-02 09:04:06
1638435847431511000,36.2,1,36.15,11,36.2,1,1,2021-12-02 09:04:07
1638435847981653000,36.2,1,36.15,10,36.3,2,1,2021-12-02 09:04:07
1638435849764192000,36.15,9,36.15,1,36.25,2,2,2021-12-02 09:04:09
1638435849827669000,36.15,1,36.1,21,36.2,2,2,2021-12-02 09:04:09
1638435849893205000,36.2,1,36.1,20,36.2,1,1,2021-12-02 09:04:09
1638435852734534000,36.2,1,36.15,5,36.25,2,1,2021-12-02 09:04:12
1638435852858849000,36.15,2,36.15,3,36.25,2,2,2021-12-02 09:04:12
1638435853005711000,36.2,1,36.15,3,36.25,2,1,2021-12-02 09:04:13
1638435853087568000,36.2,1,36.15,3,36.25,2,2,2021-12-02 09:04:13
1638435854227780000,36.2,1,36.15,4,36.25,2,2,2021-12-02 09:04:14
1638435854258730000,36.15,3,36.15,1,36.25,2,2,2021-12-02 09:04:14
1638435854289235000,36.15,1,36.1,21,36.25,2,2,2021-12-02 09:04:14
1638435854855835000,36.2,1,36.1,21,36.25,4,1,2021-12-02 09:04:14
1638435855265994000,36.1,10,36.1,11,36.25,4,2,2021-12-02 09:04:15
1638435855301436000,36.1,11,36.05,18,36.25,4,2,2021-12-02 09:04:15
1638435855354614000,36.2,5,36.05,18,36.2,1,1,2021-12-02 09:04:15
1638435855843975000,36.15,2,36.15,1,36.2,10,2,2021-12-02 09:04:15
1638435855876636000,36.15,1,36.05,18,36.2,10,2,2021-12-02 09:04:15
1638435856890476000,36.05,13,36.05,5,36.2,7,2,2021-12-02 09:04:16
1638435856922778000,36.05,5,36.0,36,36.2,7,2,2021-12-02 09:04:16
1638435857089799000,36.0,1,36.0,35,36.15,1,2,2021-12-02 09:04:17
1638435859557401000,36.1,1,36.0,35,36.1,2,1,2021-12-02 09:04:19
1638435860496981000,36.0,20,36.0,15,36.1,2,2,2021-12-02 09:04:20
1638435860529488000,36.0,2,35.95,13,36.1,2,2,2021-12-02 09:04:20
1638435860529558000,36.0,13,35.95,13,36.1,2,2,2021-12-02 09:04:20
1638435860562361000,35.95,6,35.95,7,36.05,3,2,2021-12-02 09:04:20
1638435860603667000,35.95,7,35.9,22,36.05,4,2,2021-12-02 09:04:20
1638435862084923000,35.9,13,35.9,9,36.0,1,2,2021-12-02 09:04:22
1638435862122159000,35.9,2,35.85,11,36.0,1,2,2021-12-02 09:04:22
1638435862122854000,35.9,7,35.85,11,36.0,1,2,2021-12-02 09:04:22
1638435863731904000,35.85,1,35.85,10,35.95,5,2,2021-12-02 09:04:23
1638435864109911000,35.9,1,35.85,10,35.95,5,1,2021-12-02 09:04:24
1638435867178717000,35.85,10,35.8,46,35.9,5,2,2021-12-02 09:04:27
1638435867514389000,35.9,1,35.8,46,35.9,4,1,2021-12-02 09:04:27
1638435868036701000,35.9,1,35.8,46,35.9,2,1,2021-12-02 09:04:28
1638435868459409000,35.9,1,35.8,46,35.95,3,1,2021-12-02 09:04:28
1638435868459409000,35.95,1,35.8,46,35.95,3,1,2021-12-02 09:04:28
1638435869043451000,35.8,23,35.8,23,35.95,3,2,2021-12-02 09:04:29
1638435870660605000,35.8,1,35.8,22,35.9,4,2,2021-12-02 09:04:30
1638435873762124000,35.9,1,35.8,23,35.9,6,1,2021-12-02 09:04:33
1638435874530984000,35.9,1,35.8,22,35.9,4,1,2021-12-02 09:04:34
1638435875883626000,35.8,1,35.8,21,35.9,4,2,2021-12-02 09:04:35
1638435876888939000,35.8,1,35.8,20,35.9,4,2,2021-12-02 09:04:36
1638435879745078000,35.85,1,35.8,20,35.9,14,1,2021-12-02 09:04:39
1638435880791726000,35.85,1,35.8,1,35.9,14,2,2021-12-02 09:04:40
1638435880791726000,35.8,19,35.8,1,35.9,14,2,2021-12-02 09:04:40
1638435881041304000,35.8,1,35.75,11,35.85,2,2,2021-12-02 09:04:41
1638435881884384000,35.8,2,35.75,11,35.85,4,2,2021-12-02 09:04:41
1638435885347442000,35.8,1,35.75,11,35.8,1,1,2021-12-02 09:04:45
1638435886229468000,35.8,1,35.75,11,35.85,4,1,2021-12-02 09:04:46
1638435888457584000,35.75,1,35.75,10,35.8,1,2,2021-12-02 09:04:48
1638435890322057000,35.75,10,35.7,37,35.8,8,2,2021-12-02 09:04:50
1638435892759731000,35.8,1,35.7,37,35.8,7,1,2021-12-02 09:04:52
1638435898248846000,35.75,2,35.75,7,35.8,5,2,2021-12-02 09:04:58
1638435899598673000,35.8,1,35.75,7,35.8,4,1,2021-12-02 09:04:59
1638435900853909000,35.75,1,35.75,6,35.8,4,2,2021-12-02 09:05:00
1638435904079843000,35.8,4,35.8,6,35.85,7,1,2021-12-02 09:05:04
1638435904296403000,35.8,1,35.8,5,35.85,7,2,2021-12-02 09:05:04
1638435904335335000,35.8,1,35.8,4,35.85,7,2,2021-12-02 09:05:04
1638435906109462000,35.8,1,35.8,3,35.85,7,2,2021-12-02 09:05:06
1638435909917044000,35.8,3,35.8,10,35.85,7,2,2021-12-02 09:05:09
1638435909964604000,35.8,1,35.8,9,35.85,7,2,2021-12-02 09:05:09
1638435913769147000,35.8,2,35.8,7,35.85,7,2,2021-12-02 09:05:13
1638435914740949000,35.8,3,35.8,4,35.85,7,2,2021-12-02 09:05:14
1638435914778324000,35.8,1,35.8,3,35.85,7,2,2021-12-02 09:05:14
1638435916770403000,35.85,2,35.8,3,35.85,5,1,2021-12-02 09:05:16
1638435921718502000,35.85,2,35.8,7,35.85,3,1,2021-12-02 09:05:21
1638435922716551000,35.85,3,36.0,59,36.05,9,1,2021-12-02 09:05:22
1638435922716551000,35.9,16,36.0,59,36.05,9,1,2021-12-02 09:05:22
1638435922716551000,35.95,6,36.0,59,36.05,9,1,2021-12-02 09:05:22
1638435922716551000,36.0,16,36.0,59,36.05,9,1,2021-12-02 09:05:22
1638435922893587000,36.05,2,36.0,59,36.05,7,1,2021-12-02 09:05:22
1638435922925438000,36.05,2,36.0,59,36.05,5,1,2021-12-02 09:05:22
1638435922956064000,36.05,4,36.0,59,36.05,1,1,2021-12-02 09:05:22
1638435922988821000,36.05,1,36.0,59,36.1,6,1,2021-12-02 09:05:22
1638435924494302000,36.1,5,36.05,6,36.15,6,1,2021-12-02 09:05:24
1638435931137788000,36.1,1,36.05,6,36.15,6,1,2021-12-02 09:05:31
1638435934921018000,36.1,1,36.05,6,36.1,1,1,2021-12-02 09:05:34
1638435938051096000,36.1,1,36.05,14,36.15,6,1,2021-12-02 09:05:38
1638435938711985000,36.15,1,36.1,10,36.15,5,1,2021-12-02 09:05:38
1638435938979205000,36.15,5,36.1,10,36.2,6,1,2021-12-02 09:05:38
1638435943815731000,36.1,1,36.1,15,36.2,6,2,2021-12-02 09:05:43
1638435945370128000,36.2,2,36.1,37,36.2,4,1,2021-12-02 09:05:45
1638435945379236000,36.2,1,36.1,37,36.2,3,1,2021-12-02 09:05:45
1638435945396581000,36.2,3,36.1,37,36.25,6,1,2021-12-02 09:05:45
1638435946113538000,36.25,2,36.15,2,36.25,4,1,2021-12-02 09:05:46
1638435946385249000,36.25,4,36.15,2,36.3,7,1,2021-12-02 09:05:46
1638435948083498000,36.15,1,36.1,37,36.3,7,2,2021-12-02 09:05:48
1638435949466103000,36.15,10,36.15,10,36.3,7,2,2021-12-02 09:05:49
1638435950564921000,36.2,1,36.15,13,36.3,7,1,2021-12-02 09:05:50
1638435950784228000,36.2,2,36.15,13,36.3,7,1,2021-12-02 09:05:50
1638435953503957000,36.2,1,36.2,1,36.3,6,2,2021-12-02 09:05:53
1638435955462456000,36.2,1,36.15,33,36.2,4,2,2021-12-02 09:05:55
1638435955500208000,36.2,4,36.15,33,36.3,6,1,2021-12-02 09:05:55
1638435966271750000,36.25,11,36.25,9,36.3,7,1,2021-12-02 09:06:06
1638435966666091000,36.25,2,36.25,7,36.3,7,2,2021-12-02 09:06:06
1638435968783137000,36.3,7,36.25,7,36.4,15,1,2021-12-02 09:06:08
1638435968783137000,36.35,3,36.25,7,36.4,15,1,2021-12-02 09:06:08
1638435970350264000,36.25,7,36.2,7,36.35,1,2,2021-12-02 09:06:10
1638435970350264000,36.2,3,36.2,7,36.35,1,2,2021-12-02 09:06:10
1638435974401018000,36.25,1,36.2,16,36.35,1,1,2021-12-02 09:06:14
1638435978529853000,36.3,1,36.2,17,36.35,7,1,2021-12-02 09:06:18
1638435982012544000,36.35,1,36.25,1,36.35,6,1,2021-12-02 09:06:22
1638435984601890000,36.3,1,36.25,2,36.3,2,2,2021-12-02 09:06:24
1638435985353517000,36.3,1,36.25,2,36.3,1,1,2021-12-02 09:06:25
1638435989212586000,36.3,1,36.25,4,36.35,6,1,2021-12-02 09:06:29
1638435998928505000,36.3,1,36.3,3,36.35,5,2,2021-12-02 09:06:38
1638436003121879000,36.35,1,36.3,4,36.35,4,1,2021-12-02 09:06:43
1638436003130040000,36.3,4,36.25,12,36.3,1,2,2021-12-02 09:06:43
1638436012296643000,36.25,3,36.25,18,36.3,1,2,2021-12-02 09:06:52
1638436012561240000,36.25,1,36.25,17,36.3,1,2,2021-12-02 09:06:52
1638436017322851000,36.25,10,36.25,7,36.3,4,2,2021-12-02 09:06:57
1638436017406689000,36.25,7,36.2,16,36.3,4,2,2021-12-02 09:06:57
1638436017631199000,36.2,16,36.15,26,36.3,15,2,2021-12-02 09:06:57
1638436020478037000,36.25,1,36.15,26,36.25,1,1,2021-12-02 09:07:00
1638436020605129000,36.15,1,36.15,25,36.25,1,2,2021-12-02 09:07:00
1638436021525780000,36.25,2,36.15,25,36.25,2,1,2021-12-02 09:07:01
1638436023816099000,36.2,3,36.15,25,36.25,2,2,2021-12-02 09:07:03
1638436025323698000,36.15,20,36.15,5,36.2,5,2,2021-12-02 09:07:05
1638436025349095000,36.15,5,36.1,24,36.2,5,2,2021-12-02 09:07:05
1638436025349095000,36.1,3,36.1,24,36.2,5,2,2021-12-02 09:07:05
1638436026251951000,36.1,2,36.1,22,36.15,6,2,2021-12-02 09:07:06
1638436026294443000,36.1,11,36.1,11,36.15,6,2,2021-12-02 09:07:06
1638436026592225000,36.1,11,36.05,30,36.15,26,2,2021-12-02 09:07:06
1638436026807745000,36.1,1,36.05,30,36.15,25,1,2021-12-02 09:07:06
1638436026807745000,36.15,1,36.05,30,36.15,25,1,2021-12-02 09:07:06
1638436026865285000,36.05,2,36.05,28,36.15,25,2,2021-12-02 09:07:06
1638436027186428000,36.05,2,36.05,26,36.1,2,2,2021-12-02 09:07:07
1638436027735807000,36.05,2,36.05,24,36.1,2,2,2021-12-02 09:07:07
1638436028846508000,36.05,5,36.05,19,36.1,3,2,2021-12-02 09:07:08
1638436028943174000,36.05,1,36.05,18,36.1,3,2,2021-12-02 09:07:08
1638436028981125000,36.05,16,36.05,2,36.1,3,2,2021-12-02 09:07:08
1638436029110096000,36.05,2,36.0,72,36.1,3,2,2021-12-02 09:07:09
1638436029723005000,36.1,3,36.0,72,36.15,27,1,2021-12-02 09:07:09
1638436031134141000,36.15,1,36.0,72,36.15,26,1,2021-12-02 09:07:11
1638436033526278000,36.0,60,36.0,13,36.15,26,2,2021-12-02 09:07:13
1638436033566171000,36.0,11,36.0,2,36.15,27,2,2021-12-02 09:07:13
1638436033831585000,36.0,2,35.9,9,36.1,6,2,2021-12-02 09:07:13
1638436041692814000,35.95,1,35.85,1,36.0,6,2,2021-12-02 09:07:21
1638436041692814000,35.9,10,35.85,1,36.0,6,2,2021-12-02 09:07:21
1638436047591847000,35.9,1,35.85,3,35.9,1,2,2021-12-02 09:07:27
1638436047626505000,35.9,1,35.85,3,36.0,5,1,2021-12-02 09:07:27
1638436048159046000,35.95,1,35.95,1,36.0,5,1,2021-12-02 09:07:28
1638436048374803000,35.95,1,35.9,7,36.0,5,2,2021-12-02 09:07:28
1638436048374803000,35.9,3,35.9,7,36.0,5,2,2021-12-02 09:07:28
1638436051615516000,35.9,5,35.9,3,36.0,15,2,2021-12-02 09:07:31
1638436052965157000,35.9,2,35.9,1,36.0,15,2,2021-12-02 09:07:32
1638436053396126000,35.9,1,35.85,2,36.0,15,2,2021-12-02 09:07:33
1638436055530000000,35.9,2,35.85,2,35.9,3,1,2021-12-02 09:07:35
1638436055565161000,35.9,3,35.85,2,36.0,16,1,2021-12-02 09:07:35
1638436061823862000,35.9,3,35.9,2,35.95,3,2,2021-12-02 09:07:41
1638436064631722000,35.95,3,35.9,7,36.0,15,1,2021-12-02 09:07:44
1638436069057577000,35.9,5,35.9,4,36.0,15,2,2021-12-02 09:07:49
1638436069156132000,35.95,1,35.9,4,36.0,15,1,2021-12-02 09:07:49
1638436071978655000,35.9,2,35.9,2,36.0,15,2,2021-12-02 09:07:51
1638436072276803000,35.95,1,35.9,2,36.0,15,1,2021-12-02 09:07:52
1638436074467301000,35.95,1,35.9,6,36.0,15,1,2021-12-02 09:07:54
1638436074508255000,36.0,4,35.9,6,36.0,11,1,2021-12-02 09:07:54
1638436074548989000,36.0,11,35.9,6,36.1,5,1,2021-12-02 09:07:54
1638436075063428000,35.9,5,35.9,4,36.1,5,2,2021-12-02 09:07:55
1638436075567554000,35.95,5,35.9,6,36.1,6,1,2021-12-02 09:07:55
1638436090160370000,36.1,1,36.0,7,36.1,4,1,2021-12-02 09:08:10
1638436092808915000,36.0,1,36.0,6,36.1,4,2,2021-12-02 09:08:12
1638436092937620000,36.1,2,36.0,6,36.1,2,1,2021-12-02 09:08:12
1638436092967089000,36.1,2,36.0,6,36.15,5,1,2021-12-02 09:08:12
1638436094960782000,36.15,2,36.1,2,36.15,2,1,2021-12-02 09:08:14
1638436094990635000,36.15,1,36.1,2,36.15,1,1,2021-12-02 09:08:14
1638436095033350000,36.15,1,36.1,1,36.25,2,1,2021-12-02 09:08:15
1638436101196140000,36.15,1,36.1,9,36.15,1,2,2021-12-02 09:08:21
1638436101222026000,36.15,1,36.1,9,36.25,1,1,2021-12-02 09:08:21
1638436114938641000,36.15,1,36.0,6,36.1,16,2,2021-12-02 09:08:34
1638436114938641000,36.1,3,36.0,6,36.1,16,2,2021-12-02 09:08:34
1638436118762137000,36.1,5,36.0,11,36.1,11,1,2021-12-02 09:08:38
1638436118792891000,36.1,11,36.0,11,36.15,5,1,2021-12-02 09:08:38
1638436128164460000,36.05,1,35.95,5,36.0,13,2,2021-12-02 09:08:48
1638436128164460000,36.0,20,35.95,5,36.0,13,2,2021-12-02 09:08:48
1638436128206282000,36.0,1,35.95,5,36.15,5,1,2021-12-02 09:08:48
1638436128206369000,36.0,12,35.95,5,36.15,5,1,2021-12-02 09:08:48
1638436129581155000,36.1,1,35.95,5,36.15,5,1,2021-12-02 09:08:49
1638436138513217000,36.1,1,36.0,2,36.1,8,1,2021-12-02 09:08:58
1638436140851215000,36.0,4,35.95,6,36.0,1,2,2021-12-02 09:09:00
1638436141345501000,36.0,1,36.0,1,36.1,9,1,2021-12-02 09:09:01
1638436144485639000,36.1,1,36.0,4,36.1,9,1,2021-12-02 09:09:04
1638436146440478000,36.0,3,36.0,2,36.1,9,2,2021-12-02 09:09:06
1638436155685922000,36.0,1,36.0,3,36.1,8,2,2021-12-02 09:09:15
1638436158030207000,36.0,1,36.0,4,36.1,8,2,2021-12-02 09:09:18
1638436159641101000,36.0,1,36.0,3,36.1,8,2,2021-12-02 09:09:19
1638436169869557000,36.0,1,36.0,15,36.1,9,2,2021-12-02 09:09:29
1638436175345683000,36.0,1,36.0,18,36.05,1,2,2021-12-02 09:09:35
1638436177805139000,36.05,1,36.0,18,36.1,8,1,2021-12-02 09:09:37
1638436182069495000,36.1,5,36.05,1,36.1,3,1,2021-12-02 09:09:42
1638436182099273000,36.1,2,36.05,1,36.15,5,1,2021-12-02 09:09:42
1638436182099353000,36.1,1,36.05,1,36.15,5,1,2021-12-02 09:09:42
1638436191426961000,36.1,2,36.05,2,36.15,5,1,2021-12-02 09:09:51
1638436193181618000,36.15,5,36.05,12,36.2,1,1,2021-12-02 09:09:53
1638436193509470000,36.1,1,36.1,1,36.2,1,2,2021-12-02 09:09:53
1638436199260016000,36.15,1,36.1,2,36.2,1,1,2021-12-02 09:09:59
1638436200523072000,36.15,1,36.1,2,36.2,1,1,2021-12-02 09:10:00
1638436202828168000,36.15,1,36.1,2,36.2,2,2,2021-12-02 09:10:02
1638436208191722000,36.15,1,36.1,2,36.2,2,2,2021-12-02 09:10:08
1638436210223439000,36.15,1,36.15,9,36.2,2,2,2021-12-02 09:10:10
1638436218072697000,36.15,1,36.15,8,36.2,3,2,2021-12-02 09:10:18
1638436227748311000,36.15,2,36.15,9,36.2,3,2,2021-12-02 09:10:27
1638436233130191000,36.15,11,36.15,2,36.2,3,2,2021-12-02 09:10:33
1638436234757319000,36.2,1,36.15,2,36.2,2,1,2021-12-02 09:10:34
1638436234976504000,36.15,2,36.1,8,36.2,2,2,2021-12-02 09:10:34
1638436235122175000,36.2,2,36.2,3,36.25,2,1,2021-12-02 09:10:35
1638436240565960000,36.2,4,36.15,1,36.25,2,2,2021-12-02 09:10:40
1638436248927741000,36.2,1,36.2,5,36.25,2,2,2021-12-02 09:10:48
1638436250383284000,36.2,1,36.2,4,36.25,2,2,2021-12-02 09:10:50
1638436250425483000,36.2,2,36.2,2,36.25,2,2,2021-12-02 09:10:50
1638436250455630000,36.2,2,36.15,1,36.25,2,2,2021-12-02 09:10:50
1638436251670304000,36.2,1,36.15,1,36.2,9,2,2021-12-02 09:10:51
1638436254132041000,36.2,3,36.15,1,36.2,6,1,2021-12-02 09:10:54
1638436255283618000,36.2,2,36.15,1,36.2,4,1,2021-12-02 09:10:55
1638436257201014000,36.2,3,36.15,12,36.2,1,1,2021-12-02 09:10:57
1638436257236930000,36.2,1,36.15,12,36.25,2,1,2021-12-02 09:10:57
1638436262376204000,36.25,2,36.15,12,36.3,3,1,2021-12-02 09:11:02
1638436276662427000,36.25,1,36.2,7,36.25,4,2,2021-12-02 09:11:16
1638436300329100000,36.25,1,36.2,14,36.25,16,1,2021-12-02 09:11:40
1638436302351019000,36.25,1,36.2,14,36.25,15,1,2021-12-02 09:11:42
1638436307914302000,36.25,1,36.2,14,36.25,15,1,2021-12-02 09:11:47
1638436311156603000,36.25,1,36.2,14,36.25,14,1,2021-12-02 09:11:51
1638436313664183000,36.2,2,36.2,12,36.25,14,2,2021-12-02 09:11:53
1638436318702389000,36.2,1,36.2,11,36.25,14,2,2021-12-02 09:11:58
1638436323490726000,36.2,1,36.2,10,36.25,14,2,2021-12-02 09:12:03
1638436323513562000,36.2,10,36.15,13,36.25,14,2,2021-12-02 09:12:03
1638436325088404000,36.2,1,36.15,12,36.25,15,2,2021-12-02 09:12:05
1638436325355515000,36.15,12,36.1,6,36.2,1,2,2021-12-02 09:12:05
1638436325390706000,36.1,6,36.05,15,36.2,2,2,2021-12-02 09:12:05
1638436326611820000,36.2,2,36.2,1,36.25,15,1,2021-12-02 09:12:06
1638436326647505000,36.2,1,36.05,14,36.25,15,2,2021-12-02 09:12:06
1638436326893502000,36.05,10,36.05,4,36.25,15,2,2021-12-02 09:12:06
1638436333816712000,36.05,2,36.05,3,36.1,2,2,2021-12-02 09:12:13
1638436334082191000,36.05,2,36.0,46,36.1,2,2,2021-12-02 09:12:14
1638436342354511000,36.0,1,36.0,45,36.05,2,2,2021-12-02 09:12:22
1638436342620618000,36.0,2,36.0,43,36.05,2,2,2021-12-02 09:12:22
1638436351601292000,36.0,1,36.0,41,36.05,2,2,2021-12-02 09:12:31
1638436351802504000,36.0,1,36.0,40,36.05,2,2,2021-12-02 09:12:31
1638436351836082000,36.0,2,36.0,38,36.05,2,2,2021-12-02 09:12:31
1638436352071195000,36.0,2,36.0,36,36.05,2,2,2021-12-02 09:12:32
1638436353843228000,36.0,2,36.0,34,36.1,3,2,2021-12-02 09:12:33
1638436354076623000,36.0,1,36.0,33,36.1,3,2,2021-12-02 09:12:34
1638436354299912000,36.0,1,36.0,32,36.1,3,2,2021-12-02 09:12:34
1638436357561756000,36.0,1,36.0,29,36.05,1,2,2021-12-02 09:12:37
1638436357884436000,36.0,1,36.0,28,36.05,1,2,2021-12-02 09:12:37
1638436360952657000,36.0,18,35.95,20,36.0,2,2,2021-12-02 09:12:40
1638436360972881000,36.0,2,36.0,9,36.05,1,1,2021-12-02 09:12:40
1638436373159527000,36.0,9,35.95,20,36.0,10,2,2021-12-02 09:12:53
1638436373221398000,35.95,1,35.95,19,36.0,10,2,2021-12-02 09:12:53
1638436373489366000,35.95,2,35.95,17,36.0,10,2,2021-12-02 09:12:53
1638436376360799000,35.95,2,35.95,15,36.0,31,2,2021-12-02 09:12:56
1638436376391718000,35.95,15,35.9,28,36.0,31,2,2021-12-02 09:12:56
1638436379044936000,35.9,20,35.9,7,36.0,31,2,2021-12-02 09:12:59
1638436379077445000,35.9,7,35.85,15,36.0,32,2,2021-12-02 09:12:59
1638436384663560000,35.85,1,35.85,16,35.9,1,2,2021-12-02 09:13:04
1638436385221563000,35.9,1,35.85,16,36.0,38,1,2021-12-02 09:13:05
1638436386869657000,35.85,14,35.8,38,36.0,38,2,2021-12-02 09:13:06
1638436386869657000,35.8,6,35.8,38,36.0,38,2,2021-12-02 09:13:06
1638436387951607000,35.9,1,35.8,38,35.95,1,1,2021-12-02 09:13:07
1638436391214618000,35.85,1,35.8,38,35.95,4,2,2021-12-02 09:13:11
1638436391214618000,35.8,1,35.8,38,35.95,4,2,2021-12-02 09:13:11
1638436391499944000,35.8,30,35.8,8,35.95,2,2,2021-12-02 09:13:11
1638436391524517000,35.8,8,35.75,33,35.95,2,2,2021-12-02 09:13:11
1638436392150147000,35.85,4,35.75,33,35.9,1,1,2021-12-02 09:13:12
1638436394798964000,35.75,1,35.75,32,35.9,4,2,2021-12-02 09:13:14
1638436400054353000,35.75,1,35.75,31,35.85,1,2,2021-12-02 09:13:20
1638436400190334000,35.75,3,35.75,28,35.85,1,2,2021-12-02 09:13:20
1638436401309003000,35.75,4,35.75,24,35.85,1,2,2021-12-02 09:13:21
1638436403100371000,35.8,10,35.75,24,35.85,1,1,2021-12-02 09:13:23
1638436404716270000,35.8,1,35.75,23,35.85,1,2,2021-12-02 09:13:24
1638436404716270000,35.75,1,35.75,23,35.85,1,2,2021-12-02 09:13:24
1638436409273211000,35.8,1,35.75,33,35.9,2,1,2021-12-02 09:13:29
1638436413208144000,35.85,1,35.8,1,35.9,2,1,2021-12-02 09:13:33
1638436416820322000,35.9,3,35.8,4,35.95,2,1,2021-12-02 09:13:36
1638436417885922000,35.8,6,35.75,30,35.95,2,2,2021-12-02 09:13:37
1638436417885922000,35.75,4,35.75,30,35.95,2,2,2021-12-02 09:13:37
1638436418686368000,35.95,2,35.75,30,36.0,3,1,2021-12-02 09:13:38
1638436419210981000,35.8,2,35.75,29,36.0,3,2,2021-12-02 09:13:39
1638436419210981000,35.75,3,35.75,29,36.0,3,2,2021-12-02 09:13:39
1638436424353754000,35.8,4,35.75,20,36.0,3,1,2021-12-02 09:13:44
1638436424353754000,35.75,7,35.75,20,36.0,3,2,2021-12-02 09:13:44
1638436431614139000,35.9,1,35.8,3,35.95,5,1,2021-12-02 09:13:51
1638436436115857000,35.95,5,35.8,6,36.0,3,1,2021-12-02 09:13:56
1638436450123381000,36.0,2,35.85,3,36.05,2,1,2021-12-02 09:14:10
1638436463479239000,35.95,1,35.85,5,35.95,5,2,2021-12-02 09:14:23
1638436463562050000,35.95,5,35.85,5,36.0,61,1,2021-12-02 09:14:23
1638436498094977000,36.0,2,35.95,9,36.05,1,1,2021-12-02 09:14:58
1638436506877344000,36.0,5,35.85,5,35.95,45,2,2021-12-02 09:15:06
1638436506877344000,35.95,10,35.85,5,35.95,45,2,2021-12-02 09:15:06
1638436506911322000,35.95,22,35.85,5,35.95,23,1,2021-12-02 09:15:06
1638436506944287000,35.95,23,35.85,5,36.05,1,1,2021-12-02 09:15:06
1638436507062697000,36.05,1,35.85,6,36.1,21,1,2021-12-02 09:15:07
1638436516914116000,36.0,1,35.9,3,36.05,4,2,2021-12-02 09:15:16
1638436534495809000,36.0,1,36.0,1,36.05,4,1,2021-12-02 09:15:34
1638436534731583000,36.0,1,35.9,3,36.05,4,2,2021-12-02 09:15:34
1638436544033063000,36.0,2,35.9,5,36.0,27,1,2021-12-02 09:15:44
1638436558205669000,36.0,10,35.9,6,36.0,27,1,2021-12-02 09:15:58
1638436558244526000,36.0,12,35.9,6,36.0,15,1,2021-12-02 09:15:58
1638436560862727000,35.9,2,35.9,4,36.0,15,2,2021-12-02 09:16:00
1638436563789529000,36.0,1,35.95,1,36.0,14,1,2021-12-02 09:16:03
1638436567379542000,35.95,1,35.9,2,36.0,14,2,2021-12-02 09:16:07
1638436567379542000,35.9,2,35.9,2,36.0,14,2,2021-12-02 09:16:07
1638436569061655000,36.0,14,36.0,36,36.05,4,1,2021-12-02 09:16:09
1638436571345348000,36.05,2,36.0,40,36.05,6,1,2021-12-02 09:16:11
1638436571373092000,36.05,2,36.0,40,36.05,4,1,2021-12-02 09:16:11
1638436571403842000,36.05,2,36.0,40,36.05,2,1,2021-12-02 09:16:11
1638436571434289000,36.05,2,36.0,40,36.1,2,1,2021-12-02 09:16:11
1638436575765246000,36.1,1,36.0,40,36.2,15,1,2021-12-02 09:16:15
1638436591918016000,36.2,15,36.1,9,36.25,12,1,2021-12-02 09:16:31
1638436600433289000,36.25,2,36.15,5,36.25,10,1,2021-12-02 09:16:40
1638436600519304000,36.25,10,36.15,5,36.3,11,1,2021-12-02 09:16:40
1638436602590774000,36.2,2,36.15,8,36.2,3,2,2021-12-02 09:16:42
1638436602622173000,36.2,3,36.15,8,36.3,11,1,2021-12-02 09:16:42
1638436604087042000,36.2,1,36.15,4,36.3,11,2,2021-12-02 09:16:44
1638436604087042000,36.15,1,36.15,4,36.3,11,2,2021-12-02 09:16:44
1638436613232763000,36.3,4,36.25,7,36.3,6,1,2021-12-02 09:16:53
1638436613263447000,36.3,6,36.25,7,36.35,3,1,2021-12-02 09:16:53
1638436615735578000,36.25,1,36.25,6,36.35,3,2,2021-12-02 09:16:55
1638436618686676000,36.35,3,36.35,2,36.4,16,1,2021-12-02 09:16:58
1638436618950165000,36.4,2,36.35,4,36.4,14,1,2021-12-02 09:16:58
1638436618976937000,36.4,5,36.35,4,36.4,9,1,2021-12-02 09:16:58
1638436618977036000,36.4,3,36.35,4,36.4,6,1,2021-12-02 09:16:58
1638436618990646000,36.4,5,36.35,4,36.4,1,1,2021-12-02 09:16:58
1638436619017448000,36.4,1,36.35,4,36.45,4,1,2021-12-02 09:16:59
1638436619226623000,36.35,6,36.3,2,36.45,4,2,2021-12-02 09:16:59
1638436619226623000,36.3,4,36.3,2,36.45,4,2,2021-12-02 09:16:59
1638436623408353000,36.45,1,36.4,3,36.45,2,1,2021-12-02 09:17:03
1638436623437207000,36.45,2,36.4,3,36.5,20,1,2021-12-02 09:17:03
1638436624037431000,36.45,1,36.4,3,36.5,20,2,2021-12-02 09:17:04
1638436624037431000,36.4,2,36.4,3,36.5,20,2,2021-12-02 09:17:04
1638436626526696000,36.45,1,36.4,1,36.5,11,1,2021-12-02 09:17:06
1638436626526696000,36.5,9,36.4,1,36.5,11,1,2021-12-02 09:17:06
1638436628098228000,36.5,1,36.4,3,36.5,10,1,2021-12-02 09:17:08
1638436628128229000,36.5,3,36.4,3,36.5,7,1,2021-12-02 09:17:08
1638436628254578000,36.5,7,36.4,3,36.55,3,1,2021-12-02 09:17:08
1638436628763218000,36.4,4,36.3,2,36.4,1,2,2021-12-02 09:17:08
1638436628791090000,36.4,1,36.3,2,36.55,3,1,2021-12-02 09:17:08
1638436629166805000,36.5,1,36.5,49,36.55,4,1,2021-12-02 09:17:09
1638436630329884000,36.55,4,36.5,49,36.65,5,1,2021-12-02 09:17:10
1638436635097717000,36.65,2,36.55,2,36.65,3,1,2021-12-02 09:17:15
1638436635125717000,36.65,3,36.55,2,36.7,1,1,2021-12-02 09:17:15
1638436636787820000,36.7,1,36.55,2,36.7,1,1,2021-12-02 09:17:16
1638436638443407000,36.65,1,36.55,5,36.7,1,2,2021-12-02 09:17:18
1638436642587749000,36.7,1,36.65,4,36.8,1,1,2021-12-02 09:17:22
1638436642587749000,36.8,1,36.65,4,36.8,1,1,2021-12-02 09:17:22
1638436643435453000,36.7,3,36.65,2,36.8,2,2,2021-12-02 09:17:23
1638436643435453000,36.65,2,36.65,2,36.8,2,2,2021-12-02 09:17:23
1638436643992190000,36.7,1,36.7,1,36.8,2,1,2021-12-02 09:17:23
1638436646226057000,36.75,1,36.7,3,36.8,2,1,2021-12-02 09:17:26
1638436647605753000,36.8,2,36.7,4,36.85,3,1,2021-12-02 09:17:27
1638436649327499000,36.85,2,36.75,3,36.85,2,1,2021-12-02 09:17:29
1638436649561318000,36.85,1,36.85,2,36.9,20,1,2021-12-02 09:17:29
1638436651442992000,36.85,1,36.85,9,36.9,20,2,2021-12-02 09:17:31
1638436652996438000,36.85,9,36.75,3,36.8,41,2,2021-12-02 09:17:32
1638436653162424000,36.8,9,36.75,3,36.8,32,2,2021-12-02 09:17:33
1638436654519150000,36.75,3,36.7,4,36.8,32,2,2021-12-02 09:17:34
1638436654519150000,36.7,2,36.7,4,36.8,32,2,2021-12-02 09:17:34
1638436655421036000,36.8,2,36.7,4,36.8,30,1,2021-12-02 09:17:35
1638436655759171000,36.7,4,36.65,12,36.8,30,2,2021-12-02 09:17:35
1638436655840348000,36.8,1,36.65,12,36.8,30,1,2021-12-02 09:17:35
1638436656160937000,36.8,2,36.65,12,36.8,28,1,2021-12-02 09:17:36
1638436657499315000,36.65,1,36.65,11,36.7,4,2,2021-12-02 09:17:37
1638436658976753000,36.65,1,36.65,10,36.7,4,2,2021-12-02 09:17:38
1638436659001272000,36.65,9,36.6,2,36.7,4,2,2021-12-02 09:17:39
1638436659001739000,36.65,1,36.6,2,36.7,4,2,2021-12-02 09:17:39
1638436659463871000,36.65,1,36.6,2,36.7,4,2,2021-12-02 09:17:39
1638436660214230000,36.7,1,36.6,2,36.7,8,1,2021-12-02 09:17:40
1638436660243829000,36.6,2,36.55,4,36.7,8,2,2021-12-02 09:17:40
1638436660317290000,36.65,1,36.55,4,36.7,8,1,2021-12-02 09:17:40
1638436662914769000,36.55,6,36.35,1,36.7,9,2,2021-12-02 09:17:42
1638436663083485000,36.7,1,36.35,2,36.7,8,1,2021-12-02 09:17:43
1638436664877134000,36.6,1,36.35,2,36.6,69,2,2021-12-02 09:17:44
1638436666430691000,36.55,1,36.35,2,36.55,2,2,2021-12-02 09:17:46
1638436668457265000,36.55,1,36.35,2,36.55,1,1,2021-12-02 09:17:48
1638436669079614000,36.55,1,36.35,3,36.6,66,1,2021-12-02 09:17:49
1638436669079614000,36.6,3,36.35,3,36.6,66,1,2021-12-02 09:17:49
1638436669775269000,36.6,20,36.4,2,36.6,46,1,2021-12-02 09:17:49
1638436673896424000,36.55,1,36.45,1,36.6,42,2,2021-12-02 09:17:53
1638436673896424000,36.6,4,36.45,1,36.6,42,1,2021-12-02 09:17:53
1638436675536108000,36.6,1,36.45,2,36.6,41,1,2021-12-02 09:17:55
1638436677077809000,36.6,1,36.45,3,36.6,40,1,2021-12-02 09:17:57
1638436677860822000,36.6,6,36.45,3,36.6,34,1,2021-12-02 09:17:57
1638436678034474000,36.6,10,36.45,3,36.6,24,1,2021-12-02 09:17:58
1638436678747497000,36.6,8,36.45,4,36.6,16,1,2021-12-02 09:17:58
1638436678772137000,36.6,1,36.45,4,36.6,2,1,2021-12-02 09:17:58
1638436678772317000,36.6,13,36.45,4,36.6,2,1,2021-12-02 09:17:58
1638436678803959000,36.6,2,36.45,4,36.65,4,1,2021-12-02 09:17:58
1638436681026482000,36.65,2,36.6,1,36.65,2,1,2021-12-02 09:18:01
1638436681053858000,36.65,2,36.6,1,36.7,7,1,2021-12-02 09:18:01
1638436686657591000,36.7,1,36.65,5,36.7,6,1,2021-12-02 09:18:06
1638436686923730000,36.7,2,36.65,5,36.7,3,1,2021-12-02 09:18:06
1638436686967891000,36.7,3,36.65,5,36.75,5,1,2021-12-02 09:18:06
1638436688259246000,36.7,4,36.55,1,36.6,9,2,2021-12-02 09:18:08
1638436688259246000,36.65,10,36.55,1,36.6,9,2,2021-12-02 09:18:08
1638436688259246000,36.6,2,36.55,1,36.6,9,2,2021-12-02 09:18:08
1638436688297443000,36.6,4,36.55,1,36.6,5,1,2021-12-02 09:18:08
1638436688329891000,36.6,5,36.55,1,36.75,5,1,2021-12-02 09:18:08
1638436688561991000,36.55,1,36.5,3,36.55,7,2,2021-12-02 09:18:08
1638436688602758000,36.55,4,36.5,3,36.55,3,1,2021-12-02 09:18:08
1638436688633219000,36.55,3,36.5,3,36.75,5,1,2021-12-02 09:18:08
1638436689019947000,36.75,1,36.5,3,36.75,4,1,2021-12-02 09:18:09
1638436689070492000,36.5,4,36.45,5,36.5,4,2,2021-12-02 09:18:09
1638436689106803000,36.5,4,36.45,4,36.75,4,1,2021-12-02 09:18:09
1638436689558390000,36.75,1,36.45,4,36.75,3,1,2021-12-02 09:18:09
1638436689693822000,36.75,1,36.45,4,36.75,2,1,2021-12-02 09:18:09
1638436690356593000,36.7,1,36.8,8,36.9,28,2,2021-12-02 09:18:10
1638436690356593000,36.75,2,36.8,8,36.9,28,1,2021-12-02 09:18:10
1638436690356593000,36.8,39,36.8,8,36.9,28,1,2021-12-02 09:18:10
1638436690386259000,36.8,8,36.45,6,36.9,25,2,2021-12-02 09:18:10
1638436690910024000,36.9,1,36.5,3,36.9,24,1,2021-12-02 09:18:10
1638436691781580000,36.9,20,36.5,3,36.9,4,1,2021-12-02 09:18:11
1638436692223865000,36.55,1,36.5,4,36.9,4,2,2021-12-02 09:18:12
1638436694001454000,36.9,4,36.55,3,36.95,12,1,2021-12-02 09:18:14
1638436694001454000,36.95,1,36.55,3,36.95,12,1,2021-12-02 09:18:14
1638436694088868000,36.95,1,36.6,1,36.95,8,1,2021-12-02 09:18:14
1638436695102160000,36.7,4,36.6,7,36.95,8,2,2021-12-02 09:18:15
1638436700153250000,36.65,5,36.6,8,36.85,72,2,2021-12-02 09:18:20
1638436700665105000,36.85,1,36.6,7,36.85,71,1,2021-12-02 09:18:20
1638436701298000000,36.8,3,36.7,3,36.85,71,2,2021-12-02 09:18:21
1638436703040190000,36.8,1,36.8,49,36.85,71,1,2021-12-02 09:18:23
1638436704072862000,36.85,6,36.8,49,36.85,65,1,2021-12-02 09:18:24
1638436704676080000,36.8,3,36.8,46,36.85,65,2,2021-12-02 09:18:24
1638436704697331000,36.8,16,36.8,30,36.85,65,2,2021-12-02 09:18:24
1638436704717438000,36.8,9,36.8,21,36.85,65,2,2021-12-02 09:18:24
1638436704724476000,36.8,3,36.8,18,36.85,65,2,2021-12-02 09:18:24
1638436704881649000,36.85,1,36.8,18,36.85,65,1,2021-12-02 09:18:24
1638436705298053000,36.85,5,36.8,18,36.85,60,1,2021-12-02 09:18:25
1638436705341703000,36.8,10,36.8,8,36.85,60,2,2021-12-02 09:18:25
1638436706418035000,36.8,2,36.8,6,36.85,63,2,2021-12-02 09:18:26
1638436706607626000,36.8,1,36.8,10,36.85,63,2,2021-12-02 09:18:26
1638436707619126000,36.85,1,36.8,10,36.85,62,1,2021-12-02 09:18:27
1638436707828185000,36.8,1,36.8,9,36.85,62,2,2021-12-02 09:18:27
1638436708323438000,36.85,15,36.8,9,36.85,47,1,2021-12-02 09:18:28
1638436708980930000,36.8,1,36.8,9,36.85,47,2,2021-12-02 09:18:28
1638436709273442000,36.8,2,36.8,7,36.85,47,2,2021-12-02 09:18:29
1638436709340798000,36.85,1,36.8,7,36.85,46,1,2021-12-02 09:18:29
1638436709891975000,36.8,10,36.8,1,36.85,46,2,2021-12-02 09:18:29
1638436709901503000,36.8,1,36.7,8,36.85,46,2,2021-12-02 09:18:29
1638436710034882000,36.85,1,36.7,8,36.85,45,1,2021-12-02 09:18:30
1638436713093849000,36.8,1,36.7,8,36.8,1,2,2021-12-02 09:18:33
1638436713288025000,36.8,1,36.8,1,36.85,45,1,2021-12-02 09:18:33
1638436713511180000,36.85,1,36.8,1,36.85,44,1,2021-12-02 09:18:33
1638436714295326000,36.8,1,36.8,1,36.85,44,2,2021-12-02 09:18:34
1638436714701139000,36.85,1,36.8,1,36.85,43,1,2021-12-02 09:18:34
1638436714747252000,36.8,1,36.7,9,36.85,43,2,2021-12-02 09:18:34
1638436715674981000,36.85,1,36.8,3,36.85,42,1,2021-12-02 09:18:35
1638436715725902000,36.8,1,36.8,2,36.85,42,2,2021-12-02 09:18:35
1638436716141993000,36.85,10,36.8,2,36.85,32,1,2021-12-02 09:18:36
1638436716323679000,36.8,1,36.8,1,36.85,32,2,2021-12-02 09:18:36
1638436716574175000,36.85,3,36.8,1,36.85,29,1,2021-12-02 09:18:36
1638436717124483000,36.85,1,36.8,1,36.85,28,1,2021-12-02 09:18:37
1638436717650298000,36.85,2,36.8,1,36.85,26,1,2021-12-02 09:18:37
1638436717858135000,36.85,2,36.8,1,36.85,25,1,2021-12-02 09:18:37
1638436718162340000,36.8,2,36.7,9,36.8,48,2,2021-12-02 09:18:38
1638436718389990000,36.8,1,36.7,9,36.8,47,1,2021-12-02 09:18:38
1638436719532468000,36.8,2,36.7,9,36.8,52,1,2021-12-02 09:18:39
1638436720745784000,36.8,5,36.7,9,36.8,48,1,2021-12-02 09:18:40
1638436722138816000,36.8,1,36.7,9,36.8,47,1,2021-12-02 09:18:42
1638436722572398000,36.8,1,36.7,9,36.8,46,1,2021-12-02 09:18:42
1638436722861898000,36.8,1,36.7,9,36.8,45,1,2021-12-02 09:18:42
1638436722870696000,36.8,1,36.7,9,36.8,44,1,2021-12-02 09:18:42
1638436723230439000,36.8,2,36.7,9,36.8,42,1,2021-12-02 09:18:43
1638436723849783000,36.8,2,36.7,9,36.8,40,1,2021-12-02 09:18:43
1638436725483903000,36.8,1,36.7,9,36.8,39,1,2021-12-02 09:18:45
1638436728536058000,36.75,2,36.7,26,36.8,49,2,2021-12-02 09:18:48
1638436728536058000,36.7,3,36.7,26,36.8,49,2,2021-12-02 09:18:48
1638436730225292000,36.7,1,36.7,25,36.8,50,2,2021-12-02 09:18:50
1638436732960935000,36.7,14,36.65,4,36.7,61,2,2021-12-02 09:18:52
1638436733403676000,36.7,2,36.65,4,36.7,59,1,2021-12-02 09:18:53
1638436733666083000,36.65,4,36.6,18,36.7,60,2,2021-12-02 09:18:53
1638436733702943000,36.6,2,36.6,16,36.7,60,2,2021-12-02 09:18:53
1638436736708216000,36.6,1,36.6,15,36.65,1,2,2021-12-02 09:18:56
1638436736975202000,36.6,2,36.6,13,36.65,1,2,2021-12-02 09:18:56
1638436738277783000,36.6,2,36.6,11,36.65,1,2,2021-12-02 09:18:58
1638436738829087000,36.6,10,36.6,1,36.65,1,2,2021-12-02 09:18:58
1638436739539918000,36.6,1,36.55,5,36.65,1,2,2021-12-02 09:18:59
1638436742804701000,36.6,1,36.55,5,36.65,1,1,2021-12-02 09:19:02
1638436742905871000,36.65,1,36.65,2,36.8,51,1,2021-12-02 09:19:02
1638436745642310000,36.65,1,36.65,1,36.8,51,2,2021-12-02 09:19:05
1638436745662723000,36.65,1,36.55,5,36.8,51,2,2021-12-02 09:19:05
1638436747772986000,36.65,3,36.6,3,36.8,37,1,2021-12-02 09:19:07
1638436747772986000,36.75,3,36.6,3,36.8,37,1,2021-12-02 09:19:07
1638436747772986000,36.8,14,36.6,3,36.8,37,1,2021-12-02 09:19:07
1638436752088103000,36.6,4,36.6,5,36.7,5,2,2021-12-02 09:19:12
1638436754336446000,36.6,6,36.6,12,36.7,5,2,2021-12-02 09:19:14
1638436757179433000,36.6,10,36.6,3,36.7,7,2,2021-12-02 09:19:17
1638436757204062000,36.6,3,36.55,5,36.7,7,2,2021-12-02 09:19:17
1638436762658990000,36.6,2,36.6,1,36.7,7,2,2021-12-02 09:19:22
1638436762835343000,36.6,1,36.55,5,36.6,2,2,2021-12-02 09:19:22
1638436763626461000,36.6,2,36.55,5,36.7,7,1,2021-12-02 09:19:23
1638436768494130000,36.6,1,36.55,5,36.7,6,1,2021-12-02 09:19:28
1638436768494130000,36.65,8,36.55,5,36.7,6,1,2021-12-02 09:19:28
1638436768494130000,36.7,1,36.55,5,36.7,6,1,2021-12-02 09:19:28
1638436768624585000,36.55,5,36.5,2,36.7,6,2,2021-12-02 09:19:28
1638436772264344000,36.55,1,36.5,2,36.7,6,1,2021-12-02 09:19:32
1638436772646444000,36.5,2,36.45,11,36.65,10,2,2021-12-02 09:19:32
1638436776558690000,36.45,2,36.4,16,36.5,3,2,2021-12-02 09:19:36
1638436779192314000,36.5,3,36.5,2,36.6,13,1,2021-12-02 09:19:39
1638436779810562000,36.5,2,36.4,15,36.45,8,2,2021-12-02 09:19:39
1638436780605494000,36.45,1,36.4,15,36.45,7,2,2021-12-02 09:19:40
1638436781030754000,36.45,1,36.4,15,36.45,6,1,2021-12-02 09:19:41
1638436781183989000,36.45,3,36.4,15,36.45,3,1,2021-12-02 09:19:41
1638436792635192000,36.45,1,36.4,31,36.45,2,1,2021-12-02 09:19:52
1638436794546691000,36.45,1,36.4,31,36.45,1,1,2021-12-02 09:19:54
1638436795009409000,36.45,1,36.45,3,36.5,1,1,2021-12-02 09:19:55
1638436812079653000,36.5,6,36.45,4,36.55,1,1,2021-12-02 09:20:12
1638436815953055000,36.5,2,36.45,4,36.55,1,2,2021-12-02 09:20:15
1638436818394431000,36.45,4,36.4,27,36.55,1,2,2021-12-02 09:20:18
1638436818394431000,36.4,6,36.4,27,36.55,1,2,2021-12-02 09:20:18
1638436823333207000,36.4,1,36.4,26,36.45,4,2,2021-12-02 09:20:23
1638436828128878000,36.45,1,36.4,27,36.45,3,1,2021-12-02 09:20:28
1638436830613181000,36.4,1,36.4,27,36.45,3,2,2021-12-02 09:20:30
1638436831180819000,36.45,1,36.4,27,36.45,2,1,2021-12-02 09:20:31
1638436839235441000,36.45,2,36.45,4,36.5,1,1,2021-12-02 09:20:39
1638436848459534000,36.5,1,36.45,5,36.55,1,1,2021-12-02 09:20:48
1638436848459534000,36.55,1,36.45,5,36.55,1,1,2021-12-02 09:20:48
1638436855135679000,36.55,1,36.45,3,36.6,2,2,2021-12-02 09:20:55
1638436855135679000,36.5,1,36.45,3,36.6,2,2,2021-12-02 09:20:55
1638436855135679000,36.45,5,36.45,3,36.6,2,2,2021-12-02 09:20:55
1638436858944566000,36.55,1,36.5,6,36.55,8,1,2021-12-02 09:20:58
1638436865543426000,36.5,1,36.5,8,36.55,10,2,2021-12-02 09:21:05
1638436867222933000,36.5,2,36.5,7,36.55,10,2,2021-12-02 09:21:07
1638436867581821000,36.55,1,36.5,7,36.55,9,1,2021-12-02 09:21:07
1638436876688968000,36.55,3,36.5,9,36.55,6,1,2021-12-02 09:21:16
1638436878173403000,36.55,1,36.5,9,36.55,5,1,2021-12-02 09:21:18
1638436878768914000,36.55,1,36.5,9,36.55,4,1,2021-12-02 09:21:18
1638436879352160000,36.55,2,36.5,18,36.55,2,1,2021-12-02 09:21:19
1638436880712777000,36.55,1,36.5,20,36.55,2,1,2021-12-02 09:21:20
1638436882820747000,36.55,2,36.5,20,36.6,5,1,2021-12-02 09:21:22
1638436885726082000,36.55,1,36.55,2,36.6,5,2,2021-12-02 09:21:25
1638436887507994000,36.6,2,36.55,2,36.6,4,1,2021-12-02 09:21:27
1638436889586426000,36.55,1,36.55,2,36.6,5,2,2021-12-02 09:21:29
1638436898352594000,36.6,1,36.55,7,36.6,4,1,2021-12-02 09:21:38
1638436900542755000,36.55,1,36.55,6,36.6,4,2,2021-12-02 09:21:40
1638436905786491000,36.55,3,36.55,4,36.6,4,2,2021-12-02 09:21:45
1638436906043725000,36.55,3,36.55,1,36.6,4,2,2021-12-02 09:21:46
1638436906312410000,36.6,1,36.55,1,36.6,3,1,2021-12-02 09:21:46
1638436907793411000,36.55,1,36.5,22,36.6,10,2,2021-12-02 09:21:47
1638436924578860000,36.55,1,36.5,24,36.6,10,2,2021-12-02 09:22:04
1638436931332593000,36.55,2,36.5,24,36.6,10,2,2021-12-02 09:22:11
1638436934318484000,36.5,16,36.5,8,36.6,9,2,2021-12-02 09:22:14
1638436934342271000,36.5,8,36.45,16,36.6,9,2,2021-12-02 09:22:14
1638436934602195000,36.45,16,36.4,32,36.55,5,2,2021-12-02 09:22:14
1638436944617877000,36.45,1,36.4,32,36.45,5,1,2021-12-02 09:22:24
1638436953081526000,36.45,1,36.4,28,36.5,7,2,2021-12-02 09:22:33
1638436953081526000,36.4,4,36.4,28,36.5,7,2,2021-12-02 09:22:33
1638436955810571000,36.4,2,36.4,26,36.5,7,2,2021-12-02 09:22:35
1638436956060383000,36.4,16,36.4,10,36.5,7,2,2021-12-02 09:22:36
1638436956088162000,36.4,10,36.35,2,36.5,7,2,2021-12-02 09:22:36
1638436956212875000,36.4,1,36.35,2,36.5,7,2,2021-12-02 09:22:36
1638436957628382000,36.35,2,36.3,2,36.4,2,2,2021-12-02 09:22:37
1638436958716437000,36.3,1,36.3,1,36.4,2,2,2021-12-02 09:22:38
1638436961234128000,36.3,1,36.25,1,36.4,2,2,2021-12-02 09:22:41
1638436962650429000,36.25,1,36.2,11,36.3,1,2,2021-12-02 09:22:42
1638436963459818000,36.3,1,36.2,11,36.4,9,1,2021-12-02 09:22:43
1638436963459818000,36.4,1,36.2,11,36.4,9,1,2021-12-02 09:22:43
1638436963649061000,36.2,1,36.2,10,36.4,9,2,2021-12-02 09:22:43
1638436963890999000,36.2,1,36.2,9,36.4,9,2,2021-12-02 09:22:43
1638436966638756000,36.35,1,36.2,12,36.35,6,1,2021-12-02 09:22:46
1638436968401554000,36.2,3,36.2,9,36.35,1,2,2021-12-02 09:22:48
1638436969536646000,36.2,3,36.2,7,36.35,1,2,2021-12-02 09:22:49
1638436993866827000,36.25,1,36.2,8,36.3,1,1,2021-12-02 09:23:13
1638436994869684000,36.2,6,36.2,3,36.3,1,2,2021-12-02 09:23:14
1638437000637822000,36.25,1,36.2,3,36.3,1,1,2021-12-02 09:23:20
1638437001419469000,36.2,4,36.1,3,36.3,1,2,2021-12-02 09:23:21
1638437001419469000,36.1,1,36.1,3,36.3,1,2,2021-12-02 09:23:21
1638437002889140000,36.2,2,36.1,4,36.2,8,1,2021-12-02 09:23:22
1638437005797562000,36.2,5,36.1,5,36.2,3,1,2021-12-02 09:23:25
1638437005832043000,36.2,2,36.1,5,36.2,1,1,2021-12-02 09:23:25
1638437005863472000,36.2,1,36.1,5,36.25,5,1,2021-12-02 09:23:25
1638437008228834000,36.25,5,36.1,5,36.3,2,1,2021-12-02 09:23:28
1638437008514708000,36.1,6,36.05,3,36.3,2,2,2021-12-02 09:23:28
1638437008514708000,36.05,4,36.05,3,36.3,2,2,2021-12-02 09:23:28
1638437010451260000,36.2,1,36.1,2,36.4,27,1,2021-12-02 09:23:30
1638437010451260000,36.3,2,36.1,2,36.4,27,1,2021-12-02 09:23:30
1638437010451260000,36.35,1,36.1,2,36.4,27,1,2021-12-02 09:23:30
1638437010451260000,36.4,1,36.1,2,36.4,27,1,2021-12-02 09:23:30
1638437013009202000,36.2,1,36.1,2,36.2,9,2,2021-12-02 09:23:33
1638437013209208000,36.2,4,36.1,2,36.2,5,1,2021-12-02 09:23:33
1638437013233910000,36.2,5,36.1,2,36.4,27,1,2021-12-02 09:23:33
1638437027234823000,36.35,1,36.2,5,36.4,29,1,2021-12-02 09:23:47
1638437027494267000,36.35,1,36.25,1,36.4,29,2,2021-12-02 09:23:47
1638437027499340000,36.25,1,36.15,2,36.4,29,2,2021-12-02 09:23:47
1638437027499340000,36.2,6,36.15,2,36.4,29,2,2021-12-02 09:23:47
1638437027499340000,36.15,4,36.15,2,36.4,29,2,2021-12-02 09:23:47
1638437029338802000,36.3,1,36.15,2,36.4,30,1,2021-12-02 09:23:49
1638437029832530000,36.2,2,36.1,5,36.35,2,2,2021-12-02 09:23:49
1638437029832530000,36.15,2,36.1,5,36.35,2,2,2021-12-02 09:23:49
1638437029832530000,36.1,6,36.1,5,36.35,2,2,2021-12-02 09:23:49
1638437034853043000,36.1,1,36.1,6,36.35,9,2,2021-12-02 09:23:54
1638437039327095000,36.2,1,36.1,4,36.35,9,1,2021-12-02 09:23:59
1638437039327095000,36.1,2,36.1,4,36.35,9,2,2021-12-02 09:23:59
1638437048759733000,36.1,1,36.1,3,36.2,14,2,2021-12-02 09:24:08
1638437049154423000,36.2,4,36.1,3,36.2,10,1,2021-12-02 09:24:09
1638437051610976000,36.2,1,36.1,3,36.2,9,1,2021-12-02 09:24:11
1638437056275530000,36.15,1,36.1,3,36.2,9,2,2021-12-02 09:24:16
1638437068230072000,36.1,5,36.1,10,36.15,1,2,2021-12-02 09:24:28
1638437071951903000,36.1,4,36.1,7,36.15,2,2,2021-12-02 09:24:31
1638437099693728000,36.1,1,36.1,7,36.15,2,2,2021-12-02 09:24:59
1638437100174447000,36.1,1,36.1,6,36.15,2,2,2021-12-02 09:25:00
1638437100444706000,36.1,6,36.05,17,36.15,2,2,2021-12-02 09:25:00
1638437105879378000,36.05,19,35.95,2,36.0,3,2,2021-12-02 09:25:05
1638437105879378000,36.0,48,35.95,2,36.0,3,2,2021-12-02 09:25:05
1638437105906945000,36.0,1,35.95,2,36.0,2,1,2021-12-02 09:25:05
1638437106692773000,36.0,2,35.95,2,36.0,2,1,2021-12-02 09:25:06
1638437108931931000,35.95,2,35.9,5,36.0,2,2,2021-12-02 09:25:08
1638437109044627000,35.9,3,35.9,2,36.0,2,2,2021-12-02 09:25:09
1638437109075769000,35.9,1,35.9,1,36.0,2,2,2021-12-02 09:25:09
1638437109124668000,35.9,1,35.85,4,36.0,2,2,2021-12-02 09:25:09
1638437125404171000,35.9,5,35.85,10,36.0,14,2,2021-12-02 09:25:25
1638437136592604000,35.95,2,35.9,5,36.0,14,1,2021-12-02 09:25:36
1638437136623314000,36.0,5,35.9,5,36.0,9,1,2021-12-02 09:25:36
1638437136653438000,36.0,9,35.9,6,36.2,15,1,2021-12-02 09:25:36
1638437162105671000,36.2,1,36.05,3,36.2,9,1,2021-12-02 09:26:02
1638437178767642000,36.2,1,36.1,2,36.2,7,1,2021-12-02 09:26:18
1638437187537863000,36.2,1,36.1,3,36.2,7,1,2021-12-02 09:26:27
1638437192555779000,36.15,1,36.1,4,36.2,7,2,2021-12-02 09:26:32
1638437198653249000,36.1,2,36.1,2,36.2,7,2,2021-12-02 09:26:38
1638437219384758000,36.1,1,36.1,5,36.15,10,2,2021-12-02 09:26:59
1638437219467842000,36.1,5,36.05,11,36.15,10,2,2021-12-02 09:26:59
1638437238357517000,36.05,2,36.05,14,36.15,10,2,2021-12-02 09:27:18
1638437239173439000,36.1,1,36.1,2,36.15,10,1,2021-12-02 09:27:19
1638437239249110000,36.1,2,36.05,14,36.15,10,2,2021-12-02 09:27:19
1638437240722560000,36.05,14,36.0,14,36.15,11,2,2021-12-02 09:27:20
1638437273635875000,36.0,1,36.0,21,36.05,1,2,2021-12-02 09:27:53
1638437277077908000,36.0,1,36.0,20,36.05,1,2,2021-12-02 09:27:57
1638437284585007000,36.0,2,36.0,16,36.05,1,2,2021-12-02 09:28:04
1638437295770379000,36.0,5,36.0,11,36.05,1,2,2021-12-02 09:28:15
1638437299330231000,36.0,10,36.0,3,36.05,1,2,2021-12-02 09:28:19
1638437308500771000,36.0,9,35.95,16,36.0,1,2,2021-12-02 09:28:28
1638437308534986000,36.0,1,35.95,15,36.05,1,1,2021-12-02 09:28:28
1638437316866571000,36.0,1,35.95,15,36.05,1,1,2021-12-02 09:28:36
1638437372530838000,36.0,3,35.95,15,36.0,5,1,2021-12-02 09:29:32
1638437376644302000,36.0,5,35.95,15,36.05,11,1,2021-12-02 09:29:36
1638437381249567000,36.05,1,36.0,6,36.1,1,1,2021-12-02 09:29:41
1638437405043538000,36.05,1,36.05,1,36.1,1,1,2021-12-02 09:30:05
1638437413058585000,36.05,1,36.0,30,36.1,1,2,2021-12-02 09:30:13
1638437413058585000,36.0,1,36.0,30,36.1,1,2,2021-12-02 09:30:13
1638437424891220000,36.05,1,36.0,38,36.1,6,1,2021-12-02 09:30:24
1638437432804418000,36.0,10,36.0,28,36.1,6,2,2021-12-02 09:30:32
1638437443471462000,36.0,6,36.0,23,36.05,6,2,2021-12-02 09:30:43
1638437459979552000,36.0,4,36.0,19,36.05,6,2,2021-12-02 09:30:59
1638437466603311000,36.05,5,36.0,19,36.05,1,1,2021-12-02 09:31:06
1638437466831386000,36.0,2,36.0,17,36.05,1,2,2021-12-02 09:31:06
1638437485905156000,36.05,1,36.0,32,36.1,2,1,2021-12-02 09:31:25
1638437505283742000,36.05,2,36.0,38,36.1,2,2,2021-12-02 09:31:45
1638437522980438000,36.0,1,36.0,37,36.1,2,2,2021-12-02 09:32:02
1638437530691543000,36.0,1,36.0,37,36.1,3,2,2021-12-02 09:32:10
1638437540719270000,36.0,1,36.0,38,36.05,1,2,2021-12-02 09:32:20
1638437561007656000,36.05,2,36.0,40,36.1,7,1,2021-12-02 09:32:41
1638437578895004000,36.1,1,36.05,1,36.15,1,1,2021-12-02 09:32:58
1638437604451839000,36.1,1,36.1,2,36.15,6,2,2021-12-02 09:33:24
1638437606392561000,36.1,2,36.05,7,36.15,6,2,2021-12-02 09:33:26
1638437614457679000,36.05,7,36.0,40,36.1,1,2,2021-12-02 09:33:34
1638437614748669000,36.0,21,36.0,19,36.1,7,2,2021-12-02 09:33:34
1638437614779286000,36.0,14,35.95,7,36.1,7,2,2021-12-02 09:33:34
1638437614779458000,36.0,5,35.95,7,36.1,7,2,2021-12-02 09:33:34
1638437626398339000,36.0,1,36.0,1,36.1,7,2,2021-12-02 09:33:46
1638437631058249000,36.0,1,35.95,9,36.1,7,2,2021-12-02 09:33:51
1638437641759431000,36.1,7,35.95,14,36.15,3,1,2021-12-02 09:34:01
1638437641759431000,36.15,3,35.95,14,36.15,3,1,2021-12-02 09:34:01
1638437655915939000,36.2,1,36.0,2,36.2,10,1,2021-12-02 09:34:15
1638437661557738000,36.2,1,36.0,5,36.2,9,1,2021-12-02 09:34:21
1638437667271481000,36.0,1,36.0,5,36.2,9,2,2021-12-02 09:34:27
1638437689273372000,36.1,1,36.1,1,36.3,5,1,2021-12-02 09:34:49
1638437710014484000,36.1,2,36.1,1,36.2,6,2,2021-12-02 09:35:10
1638437710040956000,36.1,1,36.05,1,36.2,6,2,2021-12-02 09:35:10
1638437716550030000,36.05,1,36.0,6,36.15,15,2,2021-12-02 09:35:16
1638437726322312000,36.0,5,35.95,15,36.1,5,2,2021-12-02 09:35:26
1638437735513807000,36.0,1,35.95,14,36.25,6,1,2021-12-02 09:35:35
1638437740891773000,36.05,1,35.95,15,36.15,5,1,2021-12-02 09:35:40
1638437752663952000,36.0,2,36.0,1,36.1,7,2,2021-12-02 09:35:52
1638437766279195000,36.0,1,35.95,15,36.1,7,2,2021-12-02 09:36:06
1638437766546765000,35.95,15,35.9,11,36.1,7,2,2021-12-02 09:36:06
1638437766662744000,35.9,2,35.9,8,36.1,7,2,2021-12-02 09:36:06
1638437766746894000,35.9,1,35.9,7,36.1,7,2,2021-12-02 09:36:06
1638437767593546000,35.9,1,35.9,6,36.1,7,2,2021-12-02 09:36:07
1638437771152172000,36.1,1,35.9,6,36.1,6,1,2021-12-02 09:36:11
1638437777972569000,35.9,6,35.7,23,36.1,6,2,2021-12-02 09:36:17
1638437777972569000,35.85,29,35.7,23,36.1,6,2,2021-12-02 09:36:17
1638437777972569000,35.8,55,35.7,23,36.1,6,2,2021-12-02 09:36:17
1638437777972569000,35.75,27,35.7,23,36.1,6,2,2021-12-02 09:36:17
1638437777972569000,35.7,43,35.7,23,36.1,6,2,2021-12-02 09:36:17
1638437778761469000,35.7,5,35.7,18,36.1,6,2,2021-12-02 09:36:18
1638437780345087000,35.9,1,35.9,2,36.1,6,1,2021-12-02 09:36:20
1638437784665508000,35.9,4,35.7,18,36.0,5,2,2021-12-02 09:36:24
1638437789856010000,35.75,1,35.7,8,36.0,10,2,2021-12-02 09:36:29
1638437789856010000,35.7,10,35.7,8,36.0,10,2,2021-12-02 09:36:29
1638437795756017000,35.8,2,35.8,3,36.0,5,1,2021-12-02 09:36:35
1638437799371487000,35.8,2,35.8,1,36.0,12,2,2021-12-02 09:36:39
1638437808142374000,35.8,1,35.8,2,36.0,13,2,2021-12-02 09:36:48
1638437808180594000,35.8,2,35.75,8,36.0,13,2,2021-12-02 09:36:48
1638437821103159000,35.85,2,35.8,3,35.85,1,1,2021-12-02 09:37:01
1638437821463183000,35.8,1,35.8,2,35.85,1,2,2021-12-02 09:37:01
1638437828493675000,35.8,4,35.75,10,35.85,1,2,2021-12-02 09:37:08
1638437828493675000,35.75,1,35.75,10,35.85,1,2,2021-12-02 09:37:08
1638437848858793000,35.85,1,35.8,7,35.9,5,1,2021-12-02 09:37:28
1638437853230152000,35.9,1,35.8,7,35.9,4,1,2021-12-02 09:37:33
1638437853260014000,35.9,4,35.85,1,36.0,10,1,2021-12-02 09:37:33
1638437853844446000,35.85,1,35.85,1,36.0,10,2,2021-12-02 09:37:33
1638437883638436000,36.0,2,35.9,2,36.0,3,1,2021-12-02 09:38:03
1638437885751289000,36.0,3,35.9,2,36.25,1,1,2021-12-02 09:38:05
1638437885751289000,36.05,1,35.9,2,36.25,1,1,2021-12-02 09:38:05
1638437885751289000,36.1,5,35.9,2,36.25,1,1,2021-12-02 09:38:05
1638437885751289000,36.15,1,35.9,2,36.25,1,1,2021-12-02 09:38:05
1638437911920607000,36.2,1,35.9,12,36.2,3,1,2021-12-02 09:38:31
1638437925537406000,36.2,1,36.0,10,36.2,4,1,2021-12-02 09:38:45
1638437939647202000,36.15,3,36.0,40,36.2,4,2,2021-12-02 09:38:59
1638437940881327000,36.2,1,36.0,40,36.2,5,1,2021-12-02 09:39:00
1638437941575360000,36.1,5,36.0,40,36.1,35,2,2021-12-02 09:39:01
1638437949158507000,36.05,1,36.0,42,36.05,4,2,2021-12-02 09:39:09
1638437950995793000,36.05,4,36.05,1,36.1,35,1,2021-12-02 09:39:10
1638437959674638000,36.05,3,36.0,3,36.1,36,2,2021-12-02 09:39:19
1638437959674638000,36.0,39,36.0,3,36.1,36,2,2021-12-02 09:39:19
1638437959696191000,36.0,1,36.0,2,36.1,36,2,2021-12-02 09:39:19
1638437959697126000,36.0,2,35.95,2,36.1,36,2,2021-12-02 09:39:19
1638437964592119000,36.05,2,35.95,1,36.05,1,1,2021-12-02 09:39:24
1638437971809773000,36.05,3,36.05,12,36.1,35,1,2021-12-02 09:39:31
1638437971842337000,36.05,1,35.9,1,36.1,35,2,2021-12-02 09:39:31
1638437971842366000,36.05,11,35.9,1,36.1,35,2,2021-12-02 09:39:31
1638437981907696000,35.9,1,35.85,4,36.05,1,2,2021-12-02 09:39:41
1638438063373929000,35.9,1,35.9,34,36.0,2,2,2021-12-02 09:41:03
1638438063667168000,35.9,8,35.9,26,36.0,2,2,2021-12-02 09:41:03
1638438063681087000,35.9,8,35.9,18,36.0,2,2,2021-12-02 09:41:03
1638438063802896000,35.9,8,35.9,10,36.0,2,2,2021-12-02 09:41:03
1638438063823297000,35.9,8,35.9,2,36.0,2,2,2021-12-02 09:41:03
1638438063838851000,35.9,2,35.85,6,36.0,2,2,2021-12-02 09:41:03
1638438063840769000,35.85,6,35.8,9,35.85,2,2,2021-12-02 09:41:03
1638438069111944000,35.85,2,35.8,9,36.0,2,1,2021-12-02 09:41:09
1638438074898885000,35.8,2,35.8,7,36.0,2,2,2021-12-02 09:41:14
1638438111139701000,35.85,1,35.8,7,36.0,2,1,2021-12-02 09:41:51
1638438111139701000,35.8,4,35.8,7,36.0,2,2,2021-12-02 09:41:51
1638438135724685000,36.0,2,36.0,3,36.05,14,1,2021-12-02 09:42:15
1638438157977814000,36.05,2,36.0,11,36.05,11,1,2021-12-02 09:42:37
1638438158009939000,36.05,1,36.0,11,36.05,10,1,2021-12-02 09:42:38
1638438159762810000,36.05,10,36.1,5,36.15,1,1,2021-12-02 09:42:39
1638438159762810000,36.1,35,36.1,5,36.15,1,1,2021-12-02 09:42:39
1638438159792287000,36.15,1,36.1,5,36.25,6,1,2021-12-02 09:42:39
1638438167671934000,36.15,2,36.1,5,36.25,6,1,2021-12-02 09:42:47
1638438197477376000,36.25,1,36.2,4,36.25,1,1,2021-12-02 09:43:17
1638438197505442000,36.25,1,36.2,4,36.3,10,1,2021-12-02 09:43:17
1638438210740947000,36.25,1,36.25,1,36.3,10,2,2021-12-02 09:43:30
1638438215833859000,36.25,1,36.2,2,36.3,10,2,2021-12-02 09:43:35
1638438216107938000,36.3,5,36.2,2,36.3,5,1,2021-12-02 09:43:36
1638438221386023000,36.2,1,36.2,1,36.3,6,2,2021-12-02 09:43:41
1638438221837148000,36.25,2,36.2,1,36.3,4,1,2021-12-02 09:43:41
1638438221837148000,36.3,2,36.2,1,36.3,4,1,2021-12-02 09:43:41
1638438224652644000,36.3,1,36.2,2,36.3,3,1,2021-12-02 09:43:44
1638438243628008000,36.3,5,36.25,3,36.4,11,1,2021-12-02 09:44:03
1638438243628008000,36.35,5,36.25,3,36.4,11,1,2021-12-02 09:44:03
1638438256309272000,36.35,2,36.25,5,36.4,8,1,2021-12-02 09:44:16
1638438256309272000,36.4,3,36.25,5,36.4,8,1,2021-12-02 09:44:16
1638438258375259000,36.35,1,36.35,1,36.4,8,2,2021-12-02 09:44:18
1638438263961203000,36.35,1,36.3,10,36.35,1,2,2021-12-02 09:44:23
1638438264527074000,36.35,1,36.3,10,36.4,8,1,2021-12-02 09:44:24
1638438293504635000,36.4,1,36.35,5,36.4,13,1,2021-12-02 09:44:53
1638438298847757000,36.4,1,36.35,5,36.4,12,1,2021-12-02 09:44:58
1638438299424761000,36.4,1,36.35,5,36.4,8,1,2021-12-02 09:44:59
1638438301999088000,36.4,2,36.35,6,36.4,6,1,2021-12-02 09:45:01
1638438302527518000,36.4,1,36.35,6,36.4,5,1,2021-12-02 09:45:02
1638438305290200000,36.4,1,36.35,6,36.4,4,1,2021-12-02 09:45:05
1638438305667344000,36.4,2,36.35,6,36.4,2,1,2021-12-02 09:45:05
1638438309251646000,36.4,1,36.35,7,36.4,1,1,2021-12-02 09:45:09
1638438311050680000,36.4,1,36.35,7,36.45,15,1,2021-12-02 09:45:11
1638438320621964000,36.4,1,36.35,9,36.4,4,1,2021-12-02 09:45:20
1638438321939503000,36.4,1,36.35,9,36.4,3,1,2021-12-02 09:45:21
1638438329498706000,36.4,1,36.35,9,36.4,3,1,2021-12-02 09:45:29
1638438330579076000,36.4,1,36.35,9,36.4,2,1,2021-12-02 09:45:30
1638438338825197000,36.4,1,36.35,9,36.4,2,1,2021-12-02 09:45:38
1638438343895413000,36.4,3,36.35,9,36.4,1,1,2021-12-02 09:45:43
1638438346185935000,36.4,1,36.4,1,36.45,15,1,2021-12-02 09:45:46
1638438347809543000,36.4,1,36.35,7,36.45,15,2,2021-12-02 09:45:47
1638438347809543000,36.35,2,36.35,7,36.45,15,2,2021-12-02 09:45:47
1638438354054947000,36.4,1,36.35,6,36.4,3,1,2021-12-02 09:45:54
1638438361896638000,36.4,1,36.35,8,36.4,13,1,2021-12-02 09:46:01
1638438364439478000,36.4,2,36.35,8,36.4,11,1,2021-12-02 09:46:04
1638438370131366000,36.4,9,36.35,8,36.4,2,1,2021-12-02 09:46:10
1638438386959925000,36.35,7,36.25,4,36.4,3,2,2021-12-02 09:46:26
1638438386959925000,36.3,13,36.25,4,36.4,3,2,2021-12-02 09:46:26
1638438395687324000,36.25,3,36.2,1,36.35,5,2,2021-12-02 09:46:35
1638438485550859000,36.25,1,36.2,41,36.3,1,2,2021-12-02 09:48:05
1638438501576088000,36.25,6,36.2,41,36.25,4,2,2021-12-02 09:48:21
1638438517851527000,36.2,41,36.15,1,36.2,4,2,2021-12-02 09:48:37
1638438528749738000,36.2,4,36.2,1,36.25,4,1,2021-12-02 09:48:48
1638438532573674000,36.2,1,36.15,1,36.2,9,2,2021-12-02 09:48:52
1638438546320964000,36.15,4,36.1,2,36.15,1,2,2021-12-02 09:49:06
1638438586690975000,36.1,1,36.1,4,36.15,8,2,2021-12-02 09:49:46
1638438592998606000,36.15,8,36.1,4,36.2,7,1,2021-12-02 09:49:52
1638438592998606000,36.2,2,36.1,4,36.2,7,1,2021-12-02 09:49:52
1638438625946910000,36.2,7,36.2,8,36.25,4,1,2021-12-02 09:50:25
1638438626505227000,36.2,1,36.2,7,36.25,4,2,2021-12-02 09:50:26
1638438634296038000,36.2,1,36.2,6,36.25,4,2,2021-12-02 09:50:34
1638438659079734000,36.25,2,36.2,8,36.25,2,1,2021-12-02 09:50:59
1638438673134446000,36.25,1,36.2,8,36.25,1,1,2021-12-02 09:51:13
1638438689694166000,36.25,1,36.3,19,36.4,29,1,2021-12-02 09:51:29
1638438689694166000,36.3,10,36.3,19,36.4,29,1,2021-12-02 09:51:29
1638438692888428000,36.3,3,36.3,16,36.4,29,2,2021-12-02 09:51:32
1638438704758015000,36.4,16,36.3,4,36.4,13,1,2021-12-02 09:51:44
1638438716412548000,36.35,1,36.3,4,36.4,12,2,2021-12-02 09:51:56
1638438716412548000,36.4,1,36.3,4,36.4,12,1,2021-12-02 09:51:56
1638438728590459000,36.35,9,36.3,3,36.35,4,2,2021-12-02 09:52:08
1638438729211821000,36.35,1,36.3,3,36.35,3,1,2021-12-02 09:52:09
1638438756030665000,36.3,3,36.2,26,36.35,3,2,2021-12-02 09:52:36
1638438783440892000,36.35,3,36.3,22,36.4,10,1,2021-12-02 09:53:03
1638438783440892000,36.4,2,36.3,22,36.4,10,1,2021-12-02 09:53:03
1638438783706301000,36.4,10,36.3,22,36.45,26,1,2021-12-02 09:53:03
1638438784007106000,36.45,7,36.35,4,36.45,19,1,2021-12-02 09:53:04
1638438784027555000,36.45,17,36.35,4,36.45,2,1,2021-12-02 09:53:04
1638438784060206000,36.45,2,36.45,2,36.5,38,1,2021-12-02 09:53:04
1638438784277834000,36.5,14,36.45,2,36.5,24,1,2021-12-02 09:53:04
1638438784308089000,36.5,24,36.45,2,36.55,17,1,2021-12-02 09:53:04
1638438785577500000,36.55,16,36.35,24,36.55,1,1,2021-12-02 09:53:05
1638438787436293000,36.55,1,36.45,2,36.6,43,1,2021-12-02 09:53:07
1638438794061029000,36.55,4,36.45,10,36.6,27,1,2021-12-02 09:53:14
1638438794061029000,36.6,16,36.45,10,36.6,27,1,2021-12-02 09:53:14
1638438804068376000,36.6,1,36.55,1,36.6,26,1,2021-12-02 09:53:24
1638438806254574000,36.6,1,36.55,1,36.6,25,1,2021-12-02 09:53:26
1638438807329316000,36.6,5,36.55,1,36.6,20,1,2021-12-02 09:53:27
1638438807558723000,36.6,2,36.55,1,36.6,18,1,2021-12-02 09:53:27
1638438808304375000,36.6,5,36.55,2,36.6,13,1,2021-12-02 09:53:28
1638438808339210000,36.6,1,36.55,2,36.6,12,1,2021-12-02 09:53:28
1638438808574671000,36.6,5,36.55,2,36.6,7,1,2021-12-02 09:53:28
1638438809164339000,36.6,1,36.55,6,36.6,6,1,2021-12-02 09:53:29
1638438809209650000,36.6,2,36.55,6,36.6,4,1,2021-12-02 09:53:29
1638438812156320000,36.55,2,36.5,1,36.6,4,2,2021-12-02 09:53:32
1638438812156320000,36.5,5,36.5,1,36.6,4,2,2021-12-02 09:53:32
1638438820981519000,36.5,1,36.5,3,36.6,14,2,2021-12-02 09:53:40
1638438837004857000,36.5,1,36.5,6,36.6,20,2,2021-12-02 09:53:57
1638438843333921000,36.5,1,36.5,5,36.6,20,2,2021-12-02 09:54:03
1638438845618169000,36.6,1,36.55,10,36.6,19,1,2021-12-02 09:54:05
1638438846889625000,36.6,2,36.55,10,36.6,17,1,2021-12-02 09:54:06
1638438847731577000,36.6,1,36.55,10,36.6,16,1,2021-12-02 09:54:07
1638438849103543000,36.55,10,36.5,5,36.6,16,2,2021-12-02 09:54:09
1638438850882751000,36.6,3,36.5,5,36.6,13,1,2021-12-02 09:54:10
1638438851036372000,36.6,1,36.5,6,36.6,12,1,2021-12-02 09:54:11
1638438856886261000,36.6,5,36.5,5,36.6,17,1,2021-12-02 09:54:16
1638438857492328000,36.5,1,36.5,4,36.6,17,2,2021-12-02 09:54:17
1638438857838770000,36.6,3,36.5,4,36.6,14,1,2021-12-02 09:54:17
1638438860081689000,36.6,1,36.5,4,36.6,13,1,2021-12-02 09:54:20
1638438863495130000,36.5,4,36.45,1,36.5,13,2,2021-12-02 09:54:23
1638438863572715000,36.5,10,36.4,3,36.5,3,1,2021-12-02 09:54:23
1638438864979922000,36.5,1,36.4,3,36.5,2,1,2021-12-02 09:54:24
1638438865003156000,36.5,2,36.4,3,36.6,13,1,2021-12-02 09:54:25
1638438869943677000,36.5,1,36.4,3,36.6,18,2,2021-12-02 09:54:29
1638438870615773000,36.5,1,36.5,3,36.55,5,2,2021-12-02 09:54:30
1638438879395033000,36.55,3,36.5,12,36.55,2,1,2021-12-02 09:54:39
1638438882861503000,36.55,1,36.5,13,36.55,1,1,2021-12-02 09:54:42
1638438889850923000,36.55,1,36.5,14,36.6,19,1,2021-12-02 09:54:49
1638438889850923000,36.6,10,36.5,14,36.6,19,1,2021-12-02 09:54:49
1638438896104350000,36.6,10,36.55,2,36.6,9,1,2021-12-02 09:54:56
1638438896138548000,36.6,1,36.55,2,36.6,1,1,2021-12-02 09:54:56
1638438896138737000,36.6,7,36.55,2,36.6,1,1,2021-12-02 09:54:56
1638438896139500000,36.6,1,36.55,2,36.65,14,1,2021-12-02 09:54:56
1638438898382566000,36.6,10,36.55,7,36.65,14,2,2021-12-02 09:54:58
1638438902758892000,36.6,1,36.6,9,36.65,14,1,2021-12-02 09:55:02
1638438903805418000,36.6,9,36.55,6,36.6,1,2,2021-12-02 09:55:03
1638438904116403000,36.6,1,36.55,6,36.65,14,1,2021-12-02 09:55:04
1638438905563741000,36.6,1,36.55,6,36.65,14,1,2021-12-02 09:55:05
1638438909427252000,36.6,15,36.6,1,36.65,14,2,2021-12-02 09:55:09
1638438909456859000,36.6,1,36.55,6,36.65,14,2,2021-12-02 09:55:09
1638438909582301000,36.65,1,36.55,6,36.65,13,1,2021-12-02 09:55:09
1638438915029743000,36.65,13,36.6,1,36.7,28,1,2021-12-02 09:55:15
1638438915029743000,36.7,2,36.6,1,36.7,28,1,2021-12-02 09:55:15
1638438915449945000,36.7,2,36.6,1,36.7,26,1,2021-12-02 09:55:15
1638438917993893000,36.7,5,36.6,2,36.7,21,1,2021-12-02 09:55:17
1638438918148453000,36.6,2,36.55,1,36.6,18,2,2021-12-02 09:55:18
1638438918263773000,36.6,3,36.55,1,36.6,15,1,2021-12-02 09:55:18
1638438918346371000,36.6,7,36.55,1,36.7,21,1,2021-12-02 09:55:18
1638438918346719000,36.6,8,36.55,1,36.7,21,1,2021-12-02 09:55:18
1638438924172707000,36.65,3,36.55,5,36.65,8,1,2021-12-02 09:55:24
1638438931686627000,36.65,2,36.55,12,36.65,30,1,2021-12-02 09:55:31
1638438932890407000,36.65,10,36.55,11,36.65,20,1,2021-12-02 09:55:32
1638438933681651000,36.65,1,36.55,11,36.65,21,1,2021-12-02 09:55:33
1638438937584203000,36.6,1,36.55,14,36.65,22,2,2021-12-02 09:55:37
1638438942999960000,36.55,14,36.5,8,36.55,17,2,2021-12-02 09:55:42
1638438943563336000,36.55,4,36.5,8,36.55,13,1,2021-12-02 09:55:43
1638438944571956000,36.55,3,36.5,8,36.55,10,1,2021-12-02 09:55:44
1638438951089721000,36.5,5,36.5,4,36.55,11,2,2021-12-02 09:55:51
1638438951125713000,36.5,2,36.4,3,36.55,11,2,2021-12-02 09:55:51
1638438951125919000,36.5,2,36.4,3,36.55,11,2,2021-12-02 09:55:51
1638438953818500000,36.55,10,36.4,3,36.55,1,1,2021-12-02 09:55:53
1638438955169055000,36.55,1,36.4,3,36.6,8,1,2021-12-02 09:55:55
1638438965696677000,36.5,1,36.4,6,36.55,27,2,2021-12-02 09:56:05
1638438975789825000,36.45,1,36.4,4,36.5,1,2,2021-12-02 09:56:15
1638438975789825000,36.4,2,36.4,4,36.5,1,2,2021-12-02 09:56:15
1638438977956108000,36.5,1,36.5,1,36.55,31,1,2021-12-02 09:56:17
1638438977995494000,36.5,1,36.4,3,36.55,31,2,2021-12-02 09:56:17
1638438988832670000,36.5,1,36.4,4,36.55,28,1,2021-12-02 09:56:28
1638438988832670000,36.55,2,36.4,4,36.55,28,1,2021-12-02 09:56:28
1638439019579398000,36.4,1,36.4,4,36.5,4,2,2021-12-02 09:56:59
1638439022064249000,36.5,4,36.45,1,36.55,29,1,2021-12-02 09:57:02
1638439022064249000,36.55,6,36.45,1,36.55,29,1,2021-12-02 09:57:02
1638439026339189000,36.55,20,36.45,3,36.55,9,1,2021-12-02 09:57:06
1638439026365662000,36.55,9,36.45,3,36.6,26,1,2021-12-02 09:57:06
1638439031246500000,36.6,22,36.5,3,36.65,24,1,2021-12-02 09:57:11
1638439031246500000,36.65,1,36.5,3,36.65,24,1,2021-12-02 09:57:11
1638439034736076000,36.65,2,36.55,10,36.65,22,1,2021-12-02 09:57:14
1638439035012356000,36.65,5,36.55,15,36.65,17,1,2021-12-02 09:57:15
1638439035043496000,36.65,5,36.55,15,36.65,12,1,2021-12-02 09:57:15
1638439035645310000,36.65,4,36.55,15,36.65,8,1,2021-12-02 09:57:15
1638439035680984000,36.65,4,36.55,15,36.65,4,1,2021-12-02 09:57:15
1638439035914795000,36.65,4,36.55,15,36.7,32,1,2021-12-02 09:57:15
1638439037296659000,36.7,5,36.65,2,36.7,27,1,2021-12-02 09:57:17
1638439037318009000,36.7,10,36.65,2,36.7,17,1,2021-12-02 09:57:17
1638439037574961000,36.7,5,36.65,2,36.7,12,1,2021-12-02 09:57:17
1638439037598751000,36.65,2,36.55,15,36.6,3,2,2021-12-02 09:57:17
1638439037619026000,36.6,3,36.55,15,36.7,12,2,2021-12-02 09:57:17
1638439041826740000,36.65,5,36.65,5,36.7,12,1,2021-12-02 09:57:21
1638439043242168000,36.65,1,36.65,4,36.7,12,2,2021-12-02 09:57:23
1638439043867518000,36.7,10,36.65,4,36.7,2,1,2021-12-02 09:57:23
1638439044155152000,36.7,2,36.65,4,36.75,43,1,2021-12-02 09:57:24
1638439046550330000,36.7,3,36.6,10,36.65,28,2,2021-12-02 09:57:26
1638439046550330000,36.65,4,36.6,10,36.65,28,2,2021-12-02 09:57:26
1638439047039556000,36.65,2,36.6,10,36.65,26,1,2021-12-02 09:57:27
1638439049624200000,36.65,3,36.6,10,36.65,23,1,2021-12-02 09:57:29
1638439049805256000,36.65,5,36.6,10,36.65,18,1,2021-12-02 09:57:29
1638439050496019000,36.65,10,36.6,10,36.65,8,1,2021-12-02 09:57:30
1638439050526336000,36.65,4,36.6,10,36.65,1,1,2021-12-02 09:57:30
1638439050526691000,36.65,3,36.6,10,36.65,1,1,2021-12-02 09:57:30
1638439050557049000,36.65,1,36.6,10,36.75,43,1,2021-12-02 09:57:30
1638439052062102000,36.75,2,36.65,3,36.75,40,1,2021-12-02 09:57:32
1638439052646778000,36.75,1,36.7,1,36.75,39,1,2021-12-02 09:57:32
1638439054177493000,36.75,1,36.7,1,36.75,38,1,2021-12-02 09:57:34
1638439054911556000,36.7,1,36.65,5,36.7,2,2,2021-12-02 09:57:34
1638439055386285000,36.7,1,36.65,10,36.7,1,1,2021-12-02 09:57:35
1638439055899933000,36.7,1,36.7,1,36.75,38,1,2021-12-02 09:57:35
1638439058617092000,36.75,1,36.7,4,36.75,37,1,2021-12-02 09:57:38
1638439059502599000,36.75,1,36.7,8,36.75,26,1,2021-12-02 09:57:39
1638439060712194000,36.7,1,36.7,7,36.75,26,2,2021-12-02 09:57:40
1638439061985082000,36.75,4,36.7,9,36.75,22,1,2021-12-02 09:57:41
1638439063060325000,36.75,5,36.7,13,36.75,17,1,2021-12-02 09:57:43
1638439063792523000,36.75,2,36.7,21,36.75,15,1,2021-12-02 09:57:43
1638439064862598000,36.75,3,36.7,23,36.75,12,1,2021-12-02 09:57:44
1638439066470857000,36.75,2,36.7,23,36.75,10,1,2021-12-02 09:57:46
1638439066731202000,36.75,4,36.7,23,36.75,6,1,2021-12-02 09:57:46
1638439066764629000,36.75,2,36.7,23,36.75,4,1,2021-12-02 09:57:46
1638439066896043000,36.75,1,36.7,22,36.75,3,1,2021-12-02 09:57:46
1638439066929447000,36.75,3,36.7,22,36.8,79,1,2021-12-02 09:57:46
1638439067300471000,36.7,5,36.7,17,36.8,79,2,2021-12-02 09:57:47
1638439067946501000,36.75,3,36.7,20,36.75,2,1,2021-12-02 09:57:47
1638439068950604000,36.7,20,36.7,1,36.75,2,2,2021-12-02 09:57:48
1638439069255604000,36.75,2,36.7,1,36.8,77,1,2021-12-02 09:57:49
1638439069255604000,36.8,2,36.7,1,36.8,77,1,2021-12-02 09:57:49
1638439073412278000,36.75,6,36.7,9,36.8,76,2,2021-12-02 09:57:53
1638439073412278000,36.8,4,36.7,9,36.8,76,1,2021-12-02 09:57:53
1638439073435576000,36.8,2,36.7,9,36.8,74,1,2021-12-02 09:57:53
1638439076140480000,36.8,1,36.75,14,36.8,73,1,2021-12-02 09:57:56
1638439076711411000,36.8,1,36.75,14,36.8,72,1,2021-12-02 09:57:56
1638439078061753000,36.75,1,36.75,13,36.8,70,2,2021-12-02 09:57:58
1638439078218670000,36.8,1,36.75,13,36.8,69,1,2021-12-02 09:57:58
1638439078307036000,36.75,1,36.75,12,36.8,69,2,2021-12-02 09:57:58
1638439078992326000,36.75,12,36.7,8,36.75,8,2,2021-12-02 09:57:58
1638439079110234000,36.75,1,36.7,8,36.75,7,1,2021-12-02 09:57:59
1638439079678989000,36.75,5,36.7,8,36.75,2,1,2021-12-02 09:57:59
1638439081143668000,36.75,6,36.75,4,36.8,69,1,2021-12-02 09:58:01
1638439082976678000,36.8,5,36.75,6,36.8,64,1,2021-12-02 09:58:02
1638439083853207000,36.8,1,36.75,9,36.8,63,1,2021-12-02 09:58:03
1638439084416978000,36.75,5,36.75,4,36.8,63,2,2021-12-02 09:58:04
1638439085354690000,36.8,1,36.75,4,36.8,63,1,2021-12-02 09:58:05
1638439085423132000,36.75,1,36.75,3,36.8,63,2,2021-12-02 09:58:05
1638439086374226000,36.8,1,36.75,3,36.8,61,1,2021-12-02 09:58:06
1638439087166357000,36.8,1,36.75,3,36.8,60,1,2021-12-02 09:58:07
1638439087785499000,36.8,1,36.75,3,36.8,59,1,2021-12-02 09:58:07
1638439093431399000,36.75,1,36.75,8,36.8,60,2,2021-12-02 09:58:13
1638439093457113000,36.8,1,36.75,8,36.8,59,1,2021-12-02 09:58:13
1638439095483024000,36.8,1,36.75,13,36.8,58,1,2021-12-02 09:58:15
1638439095958666000,36.8,2,36.75,13,36.8,56,1,2021-12-02 09:58:15
1638439096083011000,36.8,2,36.75,13,36.8,56,1,2021-12-02 09:58:16
1638439096667117000,36.8,3,36.75,13,36.8,53,1,2021-12-02 09:58:16
1638439097026135000,36.8,53,36.75,13,36.85,3,1,2021-12-02 09:58:17
1638439097026135000,36.85,7,36.75,13,36.85,3,1,2021-12-02 09:58:17
1638439099156877000,36.85,1,36.8,1,36.85,2,1,2021-12-02 09:58:19
1638439101786055000,36.85,5,36.8,4,36.85,3,1,2021-12-02 09:58:21
1638439103454957000,36.8,1,36.8,4,36.85,3,2,2021-12-02 09:58:23
1638439103884787000,36.85,3,36.85,2,36.9,65,1,2021-12-02 09:58:23
1638439103963422000,36.9,1,36.85,2,36.9,64,1,2021-12-02 09:58:23
1638439104058221000,36.9,20,36.85,2,36.9,44,1,2021-12-02 09:58:24
1638439105077594000,36.9,1,36.85,2,36.9,43,1,2021-12-02 09:58:25
1638439106222701000,36.85,5,36.85,8,36.9,43,2,2021-12-02 09:58:26
1638439108180457000,36.85,1,36.85,8,36.9,43,2,2021-12-02 09:58:28
1638439108657223000,36.9,10,36.85,8,36.9,33,1,2021-12-02 09:58:28
1638439109254685000,36.9,5,36.85,8,36.9,28,1,2021-12-02 09:58:29
1638439109551100000,36.9,5,36.85,11,36.9,23,1,2021-12-02 09:58:29
1638439109656424000,36.9,5,36.85,11,36.9,18,1,2021-12-02 09:58:29
1638439111980528000,36.9,1,36.85,22,36.9,7,1,2021-12-02 09:58:31
1638439112900624000,36.9,1,36.85,28,36.9,6,1,2021-12-02 09:58:32
1638439113206309000,36.9,6,36.9,4,36.95,21,1,2021-12-02 09:58:33
1638439116212192000,36.95,7,36.9,5,36.95,15,1,2021-12-02 09:58:36
1638439116700267000,36.9,1,36.9,4,36.95,15,2,2021-12-02 09:58:36
1638439117109766000,36.9,1,36.9,3,36.95,15,2,2021-12-02 09:58:37
1638439118134646000,36.95,2,36.9,3,36.95,13,1,2021-12-02 09:58:38
1638439118495303000,36.9,5,36.9,8,36.95,13,2,2021-12-02 09:58:38
1638439119073574000,36.9,5,36.9,3,36.95,13,2,2021-12-02 09:58:39
1638439120666154000,36.9,1,36.9,5,36.95,13,2,2021-12-02 09:58:40
1638439121715242000,36.9,5,36.9,3,36.95,13,2,2021-12-02 09:58:41
1638439123773348000,36.95,1,36.9,10,36.95,13,1,2021-12-02 09:58:43
1638439123832032000,36.95,2,36.9,10,36.95,11,1,2021-12-02 09:58:43
1638439123842938000,36.95,5,36.9,10,36.95,6,1,2021-12-02 09:58:43
1638439124498083000,36.9,3,36.9,7,36.95,6,2,2021-12-02 09:58:44
1638439126190103000,36.9,8,36.85,16,36.95,6,2,2021-12-02 09:58:46
1638439126190103000,36.85,12,36.85,16,36.95,6,2,2021-12-02 09:58:46
1638439126358091000,36.95,6,36.85,16,37.0,344,1,2021-12-02 09:58:46
1638439126554106000,37.0,1,36.85,16,37.0,343,1,2021-12-02 09:58:46
1638439127571065000,37.0,5,36.9,3,37.0,338,1,2021-12-02 09:58:47
1638439127756221000,36.95,2,36.9,3,37.0,338,2,2021-12-02 09:58:47
1638439130236262000,37.0,2,36.9,4,37.0,335,1,2021-12-02 09:58:50
1638439130865499000,36.95,5,36.9,6,37.0,335,2,2021-12-02 09:58:50
1638439132747950000,37.0,10,36.9,8,37.0,323,1,2021-12-02 09:58:52
1638439134192015000,37.0,3,36.9,10,37.0,320,1,2021-12-02 09:58:54
1638439134876173000,37.0,1,36.9,25,37.0,316,1,2021-12-02 09:58:54
1638439134939931000,37.0,4,36.9,25,37.0,312,1,2021-12-02 09:58:54
1638439137003377000,37.0,2,36.95,2,37.0,310,1,2021-12-02 09:58:57
1638439137407820000,37.0,5,36.95,7,37.0,305,1,2021-12-02 09:58:57
1638439137946313000,37.0,5,36.95,7,37.0,300,1,2021-12-02 09:58:57
1638439138009594000,37.0,3,36.95,7,37.0,297,1,2021-12-02 09:58:58
1638439138884319000,37.0,5,36.95,7,37.0,292,1,2021-12-02 09:58:58
1638439139338313000,37.0,5,36.95,7,37.0,287,1,2021-12-02 09:58:59
1638439139981891000,37.0,1,36.95,9,37.0,286,1,2021-12-02 09:58:59
1638439142285842000,37.0,5,36.95,17,37.0,291,1,2021-12-02 09:59:02
1638439142567265000,37.0,2,36.95,17,37.0,289,1,2021-12-02 09:59:02
1638439142649563000,37.0,4,36.95,17,37.0,285,1,2021-12-02 09:59:02
1638439142921138000,36.95,1,36.95,16,37.0,285,2,2021-12-02 09:59:02
1638439144504621000,36.95,5,36.95,13,37.0,285,2,2021-12-02 09:59:04
1638439145358739000,37.0,1,36.95,13,37.0,284,1,2021-12-02 09:59:05
1638439147159298000,37.0,1,36.95,14,37.0,283,1,2021-12-02 09:59:07
1638439147885571000,37.0,3,36.95,14,37.0,280,1,2021-12-02 09:59:07
1638439147948624000,37.0,5,36.95,14,37.0,275,1,2021-12-02 09:59:07
1638439148623646000,37.0,5,36.95,14,37.0,270,1,2021-12-02 09:59:08
1638439150455170000,36.95,1,36.95,22,37.0,270,2,2021-12-02 09:59:10
1638439151792763000,37.0,2,36.95,23,37.0,268,1,2021-12-02 09:59:11
1638439153748231000,37.0,1,36.95,23,37.0,267,1,2021-12-02 09:59:13
1638439155522415000,36.95,1,36.95,22,37.0,267,2,2021-12-02 09:59:15
1638439156908842000,36.95,1,36.95,17,37.0,266,2,2021-12-02 09:59:16
1638439157734188000,36.95,1,36.95,16,37.0,266,2,2021-12-02 09:59:17
1638439157928192000,36.95,5,36.95,11,37.0,266,2,2021-12-02 09:59:17
1638439158154563000,36.95,1,36.95,10,37.0,266,2,2021-12-02 09:59:18
1638439158187200000,36.95,10,36.9,25,37.0,266,2,2021-12-02 09:59:18
1638439161822354000,36.95,5,36.9,25,36.95,4,1,2021-12-02 09:59:21
1638439167817609000,36.95,1,36.9,40,36.95,15,1,2021-12-02 09:59:27
1638439167839516000,36.95,2,36.9,40,36.95,13,1,2021-12-02 09:59:27
1638439169749532000,36.95,6,36.9,40,36.95,7,1,2021-12-02 09:59:29
1638439170297635000,36.9,18,36.9,22,36.95,17,2,2021-12-02 09:59:30
1638439170333840000,36.9,12,36.9,10,36.95,17,2,2021-12-02 09:59:30
1638439170364674000,36.9,10,36.85,3,36.95,17,2,2021-12-02 09:59:30
1638439171925004000,36.95,1,36.85,3,36.95,16,1,2021-12-02 09:59:31
1638439172552568000,36.95,15,36.85,3,36.95,3,1,2021-12-02 09:59:32
1638439174753542000,36.95,1,36.85,3,36.95,2,1,2021-12-02 09:59:34
1638439174891253000,36.95,2,36.95,2,37.0,279,1,2021-12-02 09:59:34
1638439174908492000,36.95,2,36.85,3,37.0,279,2,2021-12-02 09:59:34
1638439175142115000,36.95,2,36.95,6,37.0,280,2,2021-12-02 09:59:35
1638439175170780000,36.95,6,36.85,3,37.0,280,2,2021-12-02 09:59:35
1638439176417680000,36.9,1,36.85,3,36.95,5,2,2021-12-02 09:59:36
1638439179873961000,36.9,1,36.9,1,36.95,7,2,2021-12-02 09:59:39
1638439179912618000,36.9,1,36.85,3,36.95,7,2,2021-12-02 09:59:39
1638439183307239000,36.9,3,36.85,2,36.95,6,1,2021-12-02 09:59:43
1638439183307239000,36.95,1,36.85,2,36.95,6,1,2021-12-02 09:59:43
1638439186887639000,36.9,7,36.75,8,36.8,23,2,2021-12-02 09:59:46
1638439186887639000,36.85,2,36.75,8,36.8,23,2,2021-12-02 09:59:46
1638439186887639000,36.8,8,36.75,8,36.8,23,2,2021-12-02 09:59:46
1638439192055016000,36.8,2,36.75,12,36.8,21,1,2021-12-02 09:59:52
1638439192805216000,36.8,3,36.75,12,36.8,18,1,2021-12-02 09:59:52
1638439194127584000,36.8,2,36.75,12,36.8,16,1,2021-12-02 09:59:54
1638439194641202000,36.8,1,36.75,12,36.8,15,1,2021-12-02 09:59:54
1638439200091958000,36.8,20,36.75,11,36.95,3,1,2021-12-02 10:00:00
1638439200091958000,36.95,5,36.75,11,36.95,3,1,2021-12-02 10:00:00
1638439208067036000,36.8,1,36.8,4,36.95,8,2,2021-12-02 10:00:08
1638439214364378000,36.95,2,36.8,19,36.95,6,1,2021-12-02 10:00:14
1638439219075947000,36.95,7,36.8,26,36.95,31,1,2021-12-02 10:00:19
1638439219211036000,36.95,31,36.8,26,37.0,264,1,2021-12-02 10:00:19
1638439219211036000,37.0,19,36.8,26,37.0,264,1,2021-12-02 10:00:19
1638439221519262000,37.0,160,36.85,2,37.0,104,1,2021-12-02 10:00:21
1638439221545364000,37.0,8,36.85,2,37.0,90,1,2021-12-02 10:00:21
1638439221545441000,37.0,3,36.85,2,37.0,90,1,2021-12-02 10:00:21
1638439221545509000,37.0,3,36.85,2,37.0,90,1,2021-12-02 10:00:21
1638439221576075000,37.0,10,36.85,2,37.0,78,1,2021-12-02 10:00:21
1638439221576392000,37.0,2,36.85,2,37.0,78,1,2021-12-02 10:00:21
1638439222728767000,37.0,5,36.85,9,37.0,73,1,2021-12-02 10:00:22
1638439222765509000,37.0,13,36.85,9,37.0,60,1,2021-12-02 10:00:22
1638439222774820000,37.0,1,36.85,9,37.0,59,1,2021-12-02 10:00:22
1638439222806290000,37.0,8,36.85,9,37.0,51,1,2021-12-02 10:00:22
1638439222847322000,37.0,10,36.85,9,37.0,41,1,2021-12-02 10:00:22
1638439222878158000,37.0,1,36.85,9,37.0,40,1,2021-12-02 10:00:22
1638439222918950000,37.0,6,36.85,9,37.0,34,1,2021-12-02 10:00:22
1638439223480119000,36.9,1,36.9,3,36.95,5,2,2021-12-02 10:00:23
1638439223659703000,36.95,2,36.9,3,36.95,3,1,2021-12-02 10:00:23
1638439224159290000,36.95,1,36.9,3,36.95,2,1,2021-12-02 10:00:24
1638439224578750000,36.95,1,36.9,5,36.95,1,1,2021-12-02 10:00:24
1638439224817614000,36.95,1,36.9,5,37.0,32,1,2021-12-02 10:00:24
1638439224817614000,37.0,1,36.9,5,37.0,32,1,2021-12-02 10:00:24
1638439224886303000,37.0,5,36.9,5,37.0,27,1,2021-12-02 10:00:24
1638439225216056000,37.0,1,36.9,3,37.0,26,1,2021-12-02 10:00:25
1638439225243348000,37.0,5,36.9,3,37.0,21,1,2021-12-02 10:00:25
1638439225654278000,37.0,2,36.9,3,37.0,19,1,2021-12-02 10:00:25
1638439226748198000,37.0,3,36.9,3,37.0,26,1,2021-12-02 10:00:26
1638439229408033000,37.0,2,36.95,2,37.0,24,1,2021-12-02 10:00:29
1638439229728601000,37.0,1,36.95,2,37.0,23,1,2021-12-02 10:00:29
1638439230044172000,37.0,1,36.95,12,37.0,22,1,2021-12-02 10:00:30
1638439230075939000,37.0,1,36.95,12,37.0,21,1,2021-12-02 10:00:30
1638439230380564000,36.95,10,36.95,2,37.0,21,2,2021-12-02 10:00:30
1638439230405295000,37.0,3,36.95,2,37.0,18,1,2021-12-02 10:00:30
1638439231195075000,37.0,1,36.95,2,37.0,17,1,2021-12-02 10:00:31
1638439231223948000,37.0,1,36.95,2,37.0,16,1,2021-12-02 10:00:31
1638439231258652000,37.0,2,36.95,2,37.0,14,1,2021-12-02 10:00:31
1638439231361341000,37.0,4,36.95,2,37.0,10,1,2021-12-02 10:00:31
1638439232900964000,37.0,1,36.95,3,37.0,10,1,2021-12-02 10:00:32
1638439232946574000,37.0,1,36.95,3,37.0,9,1,2021-12-02 10:00:32
1638439233063595000,37.0,2,36.95,3,37.0,7,1,2021-12-02 10:00:33
1638439233253179000,37.0,7,37.0,3,37.05,12,1,2021-12-02 10:00:33
1638439234245502000,37.0,5,37.0,3,37.05,12,2,2021-12-02 10:00:34
1638439236330692000,37.05,6,37.0,19,37.05,6,1,2021-12-02 10:00:36
1638439236352345000,37.05,1,37.0,19,37.05,5,1,2021-12-02 10:00:36
1638439236378088000,37.05,1,37.0,19,37.05,4,1,2021-12-02 10:00:36
1638439236945310000,37.0,1,37.0,18,37.05,4,2,2021-12-02 10:00:36
1638439237123710000,37.05,1,37.0,18,37.05,3,1,2021-12-02 10:00:37
1638439237169273000,37.05,1,37.0,19,37.05,2,1,2021-12-02 10:00:37
1638439238195786000,37.05,1,37.0,19,37.05,1,1,2021-12-02 10:00:38
1638439238909449000,37.05,1,37.0,19,37.1,1,1,2021-12-02 10:00:38
1638439241140402000,37.1,1,37.05,5,37.15,11,1,2021-12-02 10:00:41
1638439241140402000,37.15,1,37.05,5,37.15,11,1,2021-12-02 10:00:41
1638439241959380000,37.15,5,37.05,11,37.15,6,1,2021-12-02 10:00:41
1638439242005832000,37.15,6,37.1,50,37.2,15,1,2021-12-02 10:00:42
1638439243863045000,37.2,15,37.1,50,37.25,2,1,2021-12-02 10:00:43
1638439243863045000,37.25,5,37.1,50,37.25,2,1,2021-12-02 10:00:43
1638439244181033000,37.25,2,37.2,5,37.3,9,1,2021-12-02 10:00:44
1638439245254940000,37.3,2,37.2,5,37.3,7,1,2021-12-02 10:00:45
1638439245775696000,37.3,2,37.2,11,37.3,5,1,2021-12-02 10:00:45
1638439246239550000,37.3,5,37.2,11,37.35,1,1,2021-12-02 10:00:46
1638439246547159000,37.35,1,37.25,1,37.45,3,1,2021-12-02 10:00:46
1638439246547159000,37.4,1,37.25,1,37.45,3,1,2021-12-02 10:00:46
1638439247212865000,37.45,2,37.25,7,37.45,2,1,2021-12-02 10:00:47
1638439247818660000,37.45,4,37.35,2,37.5,51,1,2021-12-02 10:00:47
1638439247818660000,37.5,1,37.35,2,37.5,51,1,2021-12-02 10:00:47
1638439248506861000,37.45,2,37.35,8,37.45,3,2,2021-12-02 10:00:48
1638439249998600000,37.35,1,37.35,7,37.45,8,2,2021-12-02 10:00:49
1638439251515761000,37.45,1,37.35,11,37.45,8,1,2021-12-02 10:00:51
1638439251828752000,37.4,1,37.35,11,37.45,8,2,2021-12-02 10:00:51
1638439252089039000,37.45,8,37.35,11,37.5,47,1,2021-12-02 10:00:52
1638439252089039000,37.5,2,37.35,11,37.5,47,1,2021-12-02 10:00:52
1638439252525193000,37.35,1,37.35,10,37.45,5,2,2021-12-02 10:00:52
1638439252548158000,37.45,1,37.35,10,37.45,4,1,2021-12-02 10:00:52
1638439253753387000,37.4,1,37.35,11,37.4,4,2,2021-12-02 10:00:53
1638439254079153000,37.4,3,37.35,11,37.4,1,1,2021-12-02 10:00:54
1638439256001405000,37.4,1,37.35,12,37.45,4,1,2021-12-02 10:00:56
1638439257030383000,37.45,4,37.35,12,37.5,35,1,2021-12-02 10:00:57
1638439257030383000,37.5,12,37.35,12,37.5,35,1,2021-12-02 10:00:57
1638439258478053000,37.5,1,37.4,11,37.5,34,1,2021-12-02 10:00:58
1638439259305691000,37.45,2,37.4,10,37.5,34,2,2021-12-02 10:00:59
1638439260329684000,37.45,1,37.45,1,37.5,34,2,2021-12-02 10:01:00
1638439260764381000,37.5,1,37.45,1,37.5,33,1,2021-12-02 10:01:00
1638439260879022000,37.45,1,37.4,10,37.45,4,2,2021-12-02 10:01:00
1638439261592921000,37.4,1,37.4,9,37.45,4,2,2021-12-02 10:01:01
1638439261625093000,37.4,9,37.35,12,37.45,4,2,2021-12-02 10:01:01
1638439261714925000,37.45,1,37.35,12,37.45,4,1,2021-12-02 10:01:01
1638439263026604000,37.4,1,37.35,12,37.45,4,2,2021-12-02 10:01:03
1638439263406620000,37.45,4,37.35,12,37.5,31,1,2021-12-02 10:01:03
1638439263406620000,37.5,5,37.35,12,37.5,31,1,2021-12-02 10:01:03
1638439263629212000,37.45,1,37.4,1,37.45,4,2,2021-12-02 10:01:03
1638439263754940000,37.45,4,37.45,6,37.5,31,1,2021-12-02 10:01:03
1638439263840144000,37.45,1,37.45,5,37.5,31,2,2021-12-02 10:01:03
1638439264266438000,37.45,5,37.4,1,37.45,25,2,2021-12-02 10:01:04
1638439264297451000,37.4,1,37.35,13,37.45,25,2,2021-12-02 10:01:04
1638439264399687000,37.4,1,37.35,13,37.45,25,2,2021-12-02 10:01:04
1638439265543516000,37.4,1,37.4,4,37.45,25,1,2021-12-02 10:01:05
1638439265573575000,37.4,4,37.35,9,37.45,25,2,2021-12-02 10:01:05
1638439265649060000,37.45,2,37.35,9,37.45,23,1,2021-12-02 10:01:05
1638439265713181000,37.45,1,37.35,9,37.45,22,1,2021-12-02 10:01:05
1638439265714051000,37.45,5,37.35,9,37.45,17,1,2021-12-02 10:01:05
1638439265953843000,37.45,1,37.35,9,37.45,16,1,2021-12-02 10:01:05
1638439266914430000,37.45,4,37.35,9,37.45,13,1,2021-12-02 10:01:06
1638439268264504000,37.45,10,37.4,1,37.45,5,1,2021-12-02 10:01:08
1638439268853583000,37.45,5,37.4,1,37.5,32,1,2021-12-02 10:01:08
1638439269657095000,37.4,1,37.35,9,37.4,4,2,2021-12-02 10:01:09
1638439270241454000,37.4,2,37.35,9,37.4,2,1,2021-12-02 10:01:10
1638439271413984000,37.4,1,37.35,10,37.4,1,1,2021-12-02 10:01:11
1638439272111568000,37.4,1,37.35,10,37.5,27,1,2021-12-02 10:01:12
1638439274196352000,37.4,1,37.35,1,37.5,28,2,2021-12-02 10:01:14
1638439274196352000,37.35,9,37.35,1,37.5,28,2,2021-12-02 10:01:14
1638439274440864000,37.5,3,37.4,1,37.5,25,1,2021-12-02 10:01:14
1638439275050874000,37.4,1,37.4,2,37.5,25,2,2021-12-02 10:01:15
1638439277389273000,37.45,2,37.4,3,37.5,17,1,2021-12-02 10:01:17
1638439277389273000,37.5,8,37.4,3,37.5,17,1,2021-12-02 10:01:17
1638439277802157000,37.4,3,37.35,3,37.5,16,2,2021-12-02 10:01:17
1638439279788749000,37.4,1,37.35,1,37.45,10,1,2021-12-02 10:01:19
1638439281086055000,37.45,5,37.35,12,37.45,5,1,2021-12-02 10:01:21
1638439283719258000,37.45,1,37.4,4,37.45,9,1,2021-12-02 10:01:23
1638439283911892000,37.4,1,37.4,3,37.45,14,2,2021-12-02 10:01:23
1638439284476345000,37.45,1,37.4,3,37.45,14,1,2021-12-02 10:01:24
1638439285182082000,37.4,3,37.35,12,37.45,19,2,2021-12-02 10:01:25
1638439286522134000,37.45,1,37.35,12,37.45,19,1,2021-12-02 10:01:26
1638439287900566000,37.35,12,37.3,6,37.4,11,2,2021-12-02 10:01:27
1638439288448745000,37.3,1,37.3,5,37.4,17,2,2021-12-02 10:01:28
1638439288474067000,37.3,5,37.25,11,37.4,17,2,2021-12-02 10:01:28
1638439289254974000,37.4,1,37.25,11,37.4,16,1,2021-12-02 10:01:29
1638439291189043000,37.3,2,37.25,11,37.35,5,2,2021-12-02 10:01:31
1638439291925258000,37.4,1,37.25,11,37.4,25,1,2021-12-02 10:01:31
1638439293295564000,37.35,2,37.25,11,37.35,4,2,2021-12-02 10:01:33
1638439295720877000,37.3,1,37.25,11,37.35,15,2,2021-12-02 10:01:35
1638439296918163000,37.3,1,37.3,4,37.35,15,2,2021-12-02 10:01:36
1638439296975931000,37.35,1,37.3,4,37.35,14,1,2021-12-02 10:01:36
1638439304883133000,37.3,10,37.3,5,37.35,23,2,2021-12-02 10:01:44
1638439304919260000,37.3,5,37.25,11,37.35,23,2,2021-12-02 10:01:44
1638439305046503000,37.25,1,37.25,10,37.35,24,2,2021-12-02 10:01:45
1638439306799747000,37.3,1,37.25,10,37.3,1,1,2021-12-02 10:01:46
1638439308375107000,37.3,4,37.3,6,37.35,30,1,2021-12-02 10:01:48
1638439308586453000,37.35,1,37.3,6,37.35,28,1,2021-12-02 10:01:48
1638439308966116000,37.3,1,37.3,5,37.35,23,2,2021-12-02 10:01:48
1638439309514707000,37.3,2,37.3,3,37.35,23,2,2021-12-02 10:01:49
1638439309842877000,37.3,1,37.3,2,37.35,23,2,2021-12-02 10:01:49
1638439309869981000,37.3,2,37.25,10,37.35,23,2,2021-12-02 10:01:49
1638439310368739000,37.25,1,37.25,8,37.3,1,2,2021-12-02 10:01:50
1638439312025634000,37.25,1,37.25,8,37.3,4,2,2021-12-02 10:01:52
1638439314680431000,37.3,3,37.25,10,37.3,4,1,2021-12-02 10:01:54
1638439315632725000,37.25,1,37.25,9,37.3,6,2,2021-12-02 10:01:55
1638439316012045000,37.25,1,37.25,8,37.3,7,2,2021-12-02 10:01:56
1638439319930046000,37.25,1,37.25,11,37.3,17,2,2021-12-02 10:01:59
1638439323074305000,37.3,10,37.25,23,37.3,6,1,2021-12-02 10:02:03
1638439323603916000,37.3,1,37.25,26,37.3,5,1,2021-12-02 10:02:03
1638439323964310000,37.3,1,37.25,31,37.3,4,1,2021-12-02 10:02:03
1638439324433411000,37.3,4,37.25,35,37.35,10,1,2021-12-02 10:02:04
1638439324433411000,37.35,1,37.25,35,37.35,10,1,2021-12-02 10:02:04
1638439325004572000,37.25,1,37.25,34,37.3,1,2,2021-12-02 10:02:05
1638439325705780000,37.3,1,37.25,35,37.35,9,1,2021-12-02 10:02:05
1638439325705780000,37.35,1,37.25,35,37.35,9,1,2021-12-02 10:02:05
1638439328852191000,37.3,1,37.25,35,37.3,1,2,2021-12-02 10:02:08
1638439329348434000,37.3,1,37.3,1,37.35,9,1,2021-12-02 10:02:09
1638439330023585000,37.3,1,37.3,1,37.35,9,2,2021-12-02 10:02:10
1638439331103469000,37.3,2,37.25,33,37.35,9,2,2021-12-02 10:02:11
1638439331478068000,37.3,1,37.25,33,37.3,2,2,2021-12-02 10:02:11
1638439331775298000,37.3,2,37.25,33,37.35,9,1,2021-12-02 10:02:11
1638439337492302000,37.3,10,37.3,12,37.35,10,2,2021-12-02 10:02:17
1638439339552285000,37.3,1,37.3,11,37.35,19,2,2021-12-02 10:02:19
1638439340674538000,37.3,5,37.3,6,37.35,19,2,2021-12-02 10:02:20
1638439340698180000,37.3,6,37.25,32,37.35,19,2,2021-12-02 10:02:20
1638439343203551000,37.3,1,37.3,4,37.35,20,1,2021-12-02 10:02:23
1638439346127378000,37.3,5,37.3,1,37.35,19,2,2021-12-02 10:02:26
1638439346153666000,37.3,1,37.25,31,37.35,19,2,2021-12-02 10:02:26
1638439351256717000,37.25,5,37.25,26,37.3,8,2,2021-12-02 10:02:31
1638439353540414000,37.25,1,37.25,25,37.3,11,2,2021-12-02 10:02:33
1638439354979010000,37.3,2,37.25,25,37.3,9,1,2021-12-02 10:02:34
1638439355103983000,37.25,1,37.25,24,37.3,9,2,2021-12-02 10:02:35
1638439357344673000,37.3,1,37.25,27,37.3,13,1,2021-12-02 10:02:37
1638439358918329000,37.25,5,37.25,22,37.3,13,2,2021-12-02 10:02:38
1638439358959786000,37.25,22,37.2,18,37.3,13,2,2021-12-02 10:02:38
1638439361504112000,37.25,1,37.2,18,37.25,1,1,2021-12-02 10:02:41
1638439363339229000,37.25,1,37.2,18,37.25,1,1,2021-12-02 10:02:43
1638439363620739000,37.2,5,37.2,13,37.25,1,2,2021-12-02 10:02:43
1638439365101873000,37.2,1,37.2,12,37.25,1,2,2021-12-02 10:02:45
1638439366020796000,37.2,1,37.2,11,37.25,1,2,2021-12-02 10:02:46
1638439367152147000,37.2,10,37.2,2,37.25,1,2,2021-12-02 10:02:47
1638439367162276000,37.2,2,37.15,3,37.25,1,2,2021-12-02 10:02:47
1638439367921531000,37.15,3,37.1,40,37.25,2,2,2021-12-02 10:02:47
1638439367921531000,37.1,27,37.1,40,37.25,2,2,2021-12-02 10:02:47
1638439368337821000,37.1,3,37.1,37,37.2,1,2,2021-12-02 10:02:48
1638439368773999000,37.2,1,37.2,1,37.25,7,1,2021-12-02 10:02:48
1638439368803846000,37.2,1,37.1,37,37.25,7,2,2021-12-02 10:02:48
1638439368935820000,37.1,10,37.1,27,37.25,7,2,2021-12-02 10:02:48
1638439368957485000,37.1,24,37.1,3,37.25,7,2,2021-12-02 10:02:48
1638439369060179000,37.1,3,37.05,6,37.25,2,2,2021-12-02 10:02:49
1638439370904230000,37.05,2,37.05,4,37.2,1,2,2021-12-02 10:02:50
1638439372192752000,37.15,1,37.05,4,37.2,6,1,2021-12-02 10:02:52
1638439372979952000,37.2,2,37.05,4,37.25,7,1,2021-12-02 10:02:52
1638439374833611000,37.2,2,37.05,4,37.25,1,2,2021-12-02 10:02:54
1638439379448728000,37.2,10,37.05,6,37.2,10,2,2021-12-02 10:02:59
1638439387644094000,37.15,1,37.1,3,37.2,32,2,2021-12-02 10:03:07
1638439395661782000,37.15,1,37.1,3,37.15,1,1,2021-12-02 10:03:15
1638439400631057000,37.15,2,37.1,5,37.2,36,1,2021-12-02 10:03:20
1638439408308587000,37.15,2,37.1,8,37.15,4,1,2021-12-02 10:03:28
1638439415668407000,37.15,1,37.1,8,37.15,10,1,2021-12-02 10:03:35
1638439417683443000,37.1,1,37.1,7,37.15,10,2,2021-12-02 10:03:37
1638439417715697000,37.1,4,37.1,3,37.15,10,2,2021-12-02 10:03:37
1638439418607110000,37.15,1,37.1,3,37.15,9,1,2021-12-02 10:03:38
1638439418922635000,37.1,8,37.1,3,37.15,9,2,2021-12-02 10:03:38
1638439418956007000,37.1,3,37.05,12,37.15,9,2,2021-12-02 10:03:38
1638439419541185000,37.15,5,37.05,12,37.15,4,1,2021-12-02 10:03:39
1638439424537019000,37.1,2,37.05,12,37.2,32,2,2021-12-02 10:03:44
1638439424537019000,37.15,5,37.05,12,37.2,32,1,2021-12-02 10:03:44
1638439424537019000,37.2,3,37.05,12,37.2,32,1,2021-12-02 10:03:44
1638439431208350000,37.15,1,37.15,10,37.2,27,2,2021-12-02 10:03:51
1638439434714162000,37.15,1,37.15,9,37.2,27,2,2021-12-02 10:03:54
1638439435553370000,37.15,2,37.15,10,37.2,27,2,2021-12-02 10:03:55
1638439435611950000,37.15,2,37.15,8,37.2,27,2,2021-12-02 10:03:55
1638439435974898000,37.2,10,37.15,8,37.2,17,1,2021-12-02 10:03:55
1638439438774610000,37.2,10,37.15,8,37.2,7,1,2021-12-02 10:03:58
1638439438806520000,37.2,1,37.15,8,37.2,1,1,2021-12-02 10:03:58
1638439438806914000,37.2,5,37.15,8,37.2,1,1,2021-12-02 10:03:58
1638439438807011000,37.2,1,37.15,8,37.25,5,1,2021-12-02 10:03:58
1638439439659481000,37.15,5,37.15,3,37.25,5,2,2021-12-02 10:03:59
1638439441745670000,37.25,5,37.2,10,37.3,30,1,2021-12-02 10:04:01
1638439441745670000,37.3,5,37.2,10,37.3,30,1,2021-12-02 10:04:01
1638439442179241000,37.3,2,37.2,10,37.3,28,1,2021-12-02 10:04:02
1638439447123542000,37.3,28,37.3,2,37.35,8,1,2021-12-02 10:04:07
1638439447533911000,37.3,2,37.2,1,37.35,8,2,2021-12-02 10:04:07
1638439447533911000,37.25,1,37.2,1,37.35,8,2,2021-12-02 10:04:07
