ts,close,volume,bid_price,bid_volume,ask_price,ask_volume,tick_type,datetime
1659085213067630000,29.4,258,29.3,1,29.4,1,1,2022-07-29 09:00:13
1659085213104557000,29.3,1,29.2,1,29.4,1,2,2022-07-29 09:00:13
1659085213133338000,29.25,1,29.2,1,29.45,11,1,2022-07-29 09:00:13
1659085213133338000,29.4,1,29.2,1,29.45,11,1,2022-07-29 09:00:13
1659085213650070000,29.35,2,29.2,1,29.45,8,1,2022-07-29 09:00:13
1659085213650070000,29.4,5,29.2,1,29.45,8,1,2022-07-29 09:00:13
1659085213650070000,29.45,3,29.2,1,29.45,8,1,2022-07-29 09:00:13
1659085213816316000,29.45,8,29.4,1,29.5,7,1,2022-07-29 09:00:13
1659085213816316000,29.5,2,29.4,1,29.5,7,1,2022-07-29 09:00:13
1659085215879364000,29.5,1,29.4,1,29.5,6,1,2022-07-29 09:00:15
1659085215931206000,29.5,6,29.4,1,29.6,15,1,2022-07-29 09:00:15
1659085215931206000,29.55,2,29.4,1,29.6,15,1,2022-07-29 09:00:15
1659085215931206000,29.6,2,29.4,1,29.6,15,1,2022-07-29 09:00:15
1659085216040363000,29.4,1,29.2,1,29.6,15,2,2022-07-29 09:00:16
1659085216040363000,29.2,1,29.2,1,29.6,15,2,2022-07-29 09:00:16
1659085219254960000,29.4,1,29.2,1,29.45,8,1,2022-07-29 09:00:19
1659085221414507000,29.2,1,29.1,6,29.45,9,2,2022-07-29 09:00:21
1659085222013480000,29.1,1,29.1,5,29.45,9,2,2022-07-29 09:00:22
1659085222596198000,29.2,1,29.1,5,29.2,1,1,2022-07-29 09:00:22
1659085224321420000,29.25,2,29.1,5,29.25,2,1,2022-07-29 09:00:24
1659085224321420000,29.3,1,29.1,5,29.25,2,1,2022-07-29 09:00:24
1659085224321420000,29.45,2,29.1,5,29.25,2,1,2022-07-29 09:00:24
1659085230617955000,29.45,1,29.3,1,29.45,5,1,2022-07-29 09:00:30
1659085231495626000,29.3,1,29.3,2,29.45,7,2,2022-07-29 09:00:31
1659085233212528000,29.3,2,29.25,1,29.4,1,2,2022-07-29 09:00:33
1659085235131364000,29.4,1,29.25,6,29.4,1,1,2022-07-29 09:00:35
1659085235933400000,29.4,1,29.25,6,29.45,3,1,2022-07-29 09:00:35
1659085236684212000,29.25,1,29.25,5,29.45,3,2,2022-07-29 09:00:36
1659085236707387000,29.45,1,29.25,5,29.45,2,1,2022-07-29 09:00:36
1659085237087745000,29.4,1,29.25,5,29.4,1,2,2022-07-29 09:00:37
1659085240699587000,29.3,1,29.25,13,29.4,4,2,2022-07-29 09:00:40
1659085240770735000,29.4,2,29.25,13,29.4,2,1,2022-07-29 09:00:40
1659085241076483000,29.25,2,29.25,11,29.4,2,2,2022-07-29 09:00:41
1659085242873066000,29.4,1,29.3,1,29.4,12,1,2022-07-29 09:00:42
1659085244727414000,29.3,1,29.25,14,29.4,19,2,2022-07-29 09:00:44
1659085244754348000,29.25,5,29.25,9,29.4,19,2,2022-07-29 09:00:44
1659085244754876000,29.25,1,29.25,8,29.4,19,2,2022-07-29 09:00:44
1659085244820052000,29.25,7,29.25,11,29.4,19,2,2022-07-29 09:00:44
1659085244841571000,29.25,1,29.25,10,29.4,19,2,2022-07-29 09:00:44
1659085246580239000,29.3,3,29.25,11,29.35,5,2,2022-07-29 09:00:46
1659085246637719000,29.35,1,29.3,3,29.35,5,1,2022-07-29 09:00:46
1659085247840372000,29.3,1,29.25,11,29.3,4,2,2022-07-29 09:00:47
1659085247846821000,29.3,1,29.25,11,29.3,3,1,2022-07-29 09:00:47
1659085249181666000,29.25,1,29.25,11,29.3,3,2,2022-07-29 09:00:49
1659085249498770000,29.3,1,29.25,11,29.3,2,1,2022-07-29 09:00:49
1659085250124764000,29.25,8,29.25,5,29.3,2,2,2022-07-29 09:00:50
1659085251060751000,29.25,5,29.25,6,29.3,8,2,2022-07-29 09:00:51
1659085252146899000,29.25,1,29.25,1,29.3,10,2,2022-07-29 09:00:52
1659085252315418000,29.3,1,29.2,51,29.3,9,1,2022-07-29 09:00:52
1659085252862333000,29.25,1,29.2,47,29.3,9,2,2022-07-29 09:00:52
1659085252862333000,29.2,4,29.2,47,29.3,9,2,2022-07-29 09:00:52
1659085254529191000,29.25,1,29.25,1,29.3,8,2,2022-07-29 09:00:54
1659085255669900000,29.3,3,29.25,1,29.3,5,1,2022-07-29 09:00:55
1659085257024981000,29.25,1,29.2,52,29.3,5,2,2022-07-29 09:00:57
1659085258491300000,29.3,1,29.25,2,29.3,4,1,2022-07-29 09:00:58
1659085258993635000,29.3,1,29.25,2,29.3,3,1,2022-07-29 09:00:58
1659085259300053000,29.3,1,29.25,2,29.3,2,1,2022-07-29 09:00:59
1659085260714668000,29.25,5,29.2,46,29.3,2,2,2022-07-29 09:01:00
1659085260714668000,29.2,5,29.2,46,29.3,2,2,2022-07-29 09:01:00
1659085260962117000,29.25,10,29.2,46,29.25,10,1,2022-07-29 09:01:00
1659085261370787000,29.25,1,29.2,39,29.3,2,2,2022-07-29 09:01:01
1659085261370787000,29.2,8,29.2,39,29.3,2,2,2022-07-29 09:01:01
1659085261393093000,29.2,7,29.2,32,29.3,2,2,2022-07-29 09:01:01
1659085261550716000,29.3,2,29.3,2,29.35,4,1,2022-07-29 09:01:01
1659085262080701000,29.3,2,29.2,32,29.35,4,2,2022-07-29 09:01:02
1659085262080701000,29.2,2,29.2,32,29.35,4,2,2022-07-29 09:01:02
1659085262554931000,29.2,10,29.2,22,29.35,4,2,2022-07-29 09:01:02
1659085262686872000,29.2,1,29.2,21,29.35,4,2,2022-07-29 09:01:02
1659085264361455000,29.3,1,29.2,20,29.3,8,1,2022-07-29 09:01:04
1659085264735492000,29.2,2,29.2,18,29.3,8,2,2022-07-29 09:01:04
1659085264992012000,29.25,1,29.2,17,29.3,8,2,2022-07-29 09:01:04
1659085264992012000,29.2,1,29.2,17,29.3,8,2,2022-07-29 09:01:04
1659085265540861000,29.2,3,29.2,14,29.3,8,2,2022-07-29 09:01:05
1659085265696085000,29.25,3,29.25,2,29.3,8,1,2022-07-29 09:01:05
1659085266445489000,29.25,2,29.2,18,29.3,20,2,2022-07-29 09:01:06
1659085266743352000,29.2,1,29.2,17,29.3,20,2,2022-07-29 09:01:06
1659085266755013000,29.2,17,29.1,8,29.15,14,2,2022-07-29 09:01:06
1659085266755013000,29.15,3,29.1,8,29.15,14,2,2022-07-29 09:01:06
1659085267110329000,29.15,1,29.1,8,29.15,13,1,2022-07-29 09:01:07
1659085267302835000,29.15,1,29.1,8,29.15,12,1,2022-07-29 09:01:07
1659085268462372000,29.1,1,29.1,7,29.15,12,2,2022-07-29 09:01:08
1659085268620342000,29.1,4,29.1,3,29.15,12,2,2022-07-29 09:01:08
1659085270564183000,29.1,1,29.1,2,29.15,12,2,2022-07-29 09:01:10
1659085270591464000,29.1,2,29.05,5,29.15,12,2,2022-07-29 09:01:10
1659085271200744000,29.05,2,29.05,1,29.1,4,2,2022-07-29 09:01:11
1659085271216324000,29.05,1,29.05,3,29.1,4,2,2022-07-29 09:01:11
1659085271543624000,29.1,1,29.0,15,29.1,3,1,2022-07-29 09:01:11
1659085271620554000,29.1,3,29.0,15,29.15,10,1,2022-07-29 09:01:11
1659085271620554000,29.15,2,29.0,15,29.15,10,1,2022-07-29 09:01:11
1659085273376136000,29.0,1,29.0,11,29.1,1,2,2022-07-29 09:01:13
1659085273525002000,29.0,3,29.0,8,29.1,1,2,2022-07-29 09:01:13
1659085273820514000,29.0,1,29.0,7,29.1,1,2,2022-07-29 09:01:13
1659085275644752000,29.0,3,29.0,4,29.1,1,2,2022-07-29 09:01:15
1659085275677827000,29.0,4,28.95,13,29.1,1,2,2022-07-29 09:01:15
1659085275987841000,29.05,1,28.95,13,29.15,10,1,2022-07-29 09:01:15
1659085275987841000,29.1,1,28.95,13,29.15,10,1,2022-07-29 09:01:15
1659085277138524000,28.95,5,28.95,8,29.1,1,2,2022-07-29 09:01:17
1659085282565256000,29.05,1,28.95,8,29.1,1,1,2022-07-29 09:01:22
1659085283950079000,29.0,2,28.95,8,29.15,10,2,2022-07-29 09:01:23
1659085284195502000,28.95,1,28.95,9,29.15,10,2,2022-07-29 09:01:24
1659085285907889000,28.95,3,28.95,6,29.15,10,2,2022-07-29 09:01:25
1659085286313841000,29.1,1,28.95,6,29.15,10,1,2022-07-29 09:01:26
1659085290489097000,29.15,1,29.0,2,29.15,9,1,2022-07-29 09:01:30
1659085291928292000,29.0,2,28.95,9,29.1,1,2,2022-07-29 09:01:31
1659085295848327000,29.1,1,29.0,5,29.1,1,1,2022-07-29 09:01:35
1659085296523689000,29.0,1,29.0,4,29.1,1,2,2022-07-29 09:01:36
1659085296578142000,29.1,1,29.0,4,29.15,9,1,2022-07-29 09:01:36
1659085296657315000,29.15,9,29.15,1,29.25,6,1,2022-07-29 09:01:36
1659085298433902000,29.15,1,29.0,9,29.1,4,2,2022-07-29 09:01:38
1659085298459666000,29.1,4,29.0,9,29.2,1,1,2022-07-29 09:01:38
1659085298490792000,29.2,1,29.0,9,29.25,6,1,2022-07-29 09:01:38
1659085298521125000,29.15,1,29.0,9,29.25,6,1,2022-07-29 09:01:38
1659085300570036000,29.2,1,29.1,1,29.25,4,1,2022-07-29 09:01:40
1659085300570036000,29.25,2,29.1,1,29.25,4,1,2022-07-29 09:01:40
1659085300783769000,29.1,1,29.0,7,29.25,4,2,2022-07-29 09:01:40
1659085300783769000,29.0,2,29.0,7,29.25,4,2,2022-07-29 09:01:40
1659085303845474000,29.15,1,29.05,1,29.2,1,2,2022-07-29 09:01:43
1659085305231646000,29.2,1,29.05,1,29.25,4,1,2022-07-29 09:01:45
1659085305926447000,29.25,3,29.05,1,29.25,1,1,2022-07-29 09:01:45
1659085314754325000,29.25,2,29.15,3,29.3,27,1,2022-07-29 09:01:54
1659085314971835000,29.15,3,29.1,8,29.3,27,2,2022-07-29 09:01:54
1659085316880842000,29.25,1,29.1,6,29.25,9,1,2022-07-29 09:01:56
1659085317528465000,29.25,5,29.1,6,29.25,4,1,2022-07-29 09:01:57
1659085319385805000,29.15,1,29.1,2,29.25,11,2,2022-07-29 09:01:59
1659085319385805000,29.1,4,29.1,2,29.25,11,2,2022-07-29 09:01:59
1659085320801972000,29.15,1,29.15,1,29.25,17,2,2022-07-29 09:02:00
1659085321187292000,29.25,8,29.15,1,29.25,9,1,2022-07-29 09:02:01
1659085321938970000,29.15,1,29.05,3,29.25,9,2,2022-07-29 09:02:01
1659085321938970000,29.1,2,29.05,3,29.25,9,2,2022-07-29 09:02:01
1659085321938970000,29.05,2,29.05,3,29.25,9,2,2022-07-29 09:02:01
1659085324565276000,29.05,2,29.05,1,29.25,13,2,2022-07-29 09:02:04
1659085324678395000,29.05,1,29.0,11,29.25,13,2,2022-07-29 09:02:04
1659085333489145000,29.15,1,29.05,17,29.25,15,2,2022-07-29 09:02:13
1659085333489145000,29.1,1,29.05,17,29.25,15,2,2022-07-29 09:02:13
1659085333489145000,29.05,3,29.05,17,29.25,15,2,2022-07-29 09:02:13
1659085343519518000,29.1,3,29.05,19,29.2,12,2,2022-07-29 09:02:23
1659085343519518000,29.05,2,29.05,19,29.2,12,2,2022-07-29 09:02:23
1659085344883580000,29.1,1,29.05,19,29.2,12,2,2022-07-29 09:02:24
1659085344883580000,29.05,1,29.05,19,29.2,12,2,2022-07-29 09:02:24
1659085347966595000,29.05,1,29.05,19,29.1,1,2,2022-07-29 09:02:27
1659085348196915000,29.1,1,29.1,1,29.2,12,1,2022-07-29 09:02:28
1659085348223890000,29.1,1,29.05,14,29.2,12,2,2022-07-29 09:02:28
1659085348223890000,29.05,5,29.05,14,29.2,12,2,2022-07-29 09:02:28
1659085349087618000,29.05,14,28.95,10,29.0,8,2,2022-07-29 09:02:29
1659085349087618000,29.0,16,28.95,10,29.0,8,2,2022-07-29 09:02:29
1659085349123178000,28.95,1,28.95,9,29.0,8,2,2022-07-29 09:02:29
1659085349999624000,29.0,8,28.95,9,29.2,10,1,2022-07-29 09:02:29
1659085349999624000,29.2,2,28.95,9,29.2,10,1,2022-07-29 09:02:29
1659085350187639000,29.1,1,28.95,5,29.15,1,2,2022-07-29 09:02:30
1659085350187639000,28.95,4,28.95,5,29.15,1,2,2022-07-29 09:02:30
1659085350320719000,29.05,1,28.95,4,29.1,1,2,2022-07-29 09:02:30
1659085350320719000,28.95,1,28.95,4,29.1,1,2,2022-07-29 09:02:30
1659085352249912000,28.95,4,28.85,6,29.1,1,2,2022-07-29 09:02:32
1659085352249912000,28.9,6,28.85,6,29.1,1,2,2022-07-29 09:02:32
1659085360289590000,29.05,1,28.9,1,29.1,3,1,2022-07-29 09:02:40
1659085360636992000,29.1,3,28.9,1,29.15,1,1,2022-07-29 09:02:40
1659085360636992000,29.15,2,28.9,1,29.15,1,1,2022-07-29 09:02:40
1659085362746071000,28.9,1,28.8,10,29.0,5,2,2022-07-29 09:02:42
1659085362746071000,28.85,6,28.8,10,29.0,5,2,2022-07-29 09:02:42
1659085362908607000,28.8,1,28.8,9,28.85,3,2,2022-07-29 09:02:42
1659085362941360000,28.8,1,28.8,10,28.85,3,2,2022-07-29 09:02:42
1659085364733210000,28.85,3,28.9,2,28.95,1,1,2022-07-29 09:02:44
1659085365305446000,28.9,1,28.9,1,28.95,1,2,2022-07-29 09:02:45
1659085365333375000,28.9,1,28.8,8,28.95,1,2,2022-07-29 09:02:45
1659085368659714000,28.9,1,28.8,9,28.9,1,1,2022-07-29 09:02:48
1659085372413985000,28.9,1,28.8,13,28.95,1,1,2022-07-29 09:02:52
1659085373946801000,28.9,1,28.85,2,28.95,1,2,2022-07-29 09:02:53
1659085380630104000,28.9,2,28.85,6,28.95,1,2,2022-07-29 09:03:00
1659085380630104000,28.85,1,28.85,6,28.95,1,2,2022-07-29 09:03:00
1659085380670115000,28.95,1,28.85,6,29.0,8,1,2022-07-29 09:03:00
1659085383057609000,28.9,1,28.85,6,28.9,1,1,2022-07-29 09:03:03
1659085388885617000,28.9,2,28.85,6,28.9,3,2,2022-07-29 09:03:08
1659085389986739000,28.9,2,28.85,7,28.9,4,1,2022-07-29 09:03:09
1659085396289167000,28.85,5,28.85,5,28.9,4,2,2022-07-29 09:03:16
1659085397802957000,28.9,1,28.85,5,28.9,3,1,2022-07-29 09:03:17
1659085398084724000,28.85,3,28.85,7,28.9,3,2,2022-07-29 09:03:18
1659085398623761000,28.85,2,28.85,2,28.95,15,2,2022-07-29 09:03:18
1659085399264982000,28.85,1,28.85,1,28.95,15,2,2022-07-29 09:03:19
1659085399507491000,28.9,1,28.9,4,28.95,15,1,2022-07-29 09:03:19
1659085399538954000,28.9,4,28.85,1,28.95,15,2,2022-07-29 09:03:19
1659085403335546000,28.9,1,28.9,1,28.95,15,2,2022-07-29 09:03:23
1659085408343120000,28.85,1,28.85,1,28.9,6,2,2022-07-29 09:03:28
1659085408450272000,28.85,1,28.8,16,28.9,6,2,2022-07-29 09:03:28
1659085411743041000,28.8,3,28.8,13,28.85,2,2,2022-07-29 09:03:31
1659085411780416000,28.8,1,28.8,12,28.85,2,2,2022-07-29 09:03:31
1659085411802306000,28.8,1,28.8,11,28.85,2,2,2022-07-29 09:03:31
1659085411855635000,28.85,1,28.8,11,28.85,1,1,2022-07-29 09:03:31
1659085411926285000,28.8,1,28.8,10,28.85,1,2,2022-07-29 09:03:31
1659085412843121000,28.8,10,28.75,21,28.8,19,2,2022-07-29 09:03:32
1659085412864433000,28.75,1,28.75,20,28.8,19,2,2022-07-29 09:03:32
1659085412881838000,28.75,1,28.75,19,28.8,19,2,2022-07-29 09:03:32
1659085412903714000,28.75,1,28.75,18,28.8,19,2,2022-07-29 09:03:32
1659085412965080000,28.75,3,28.75,15,28.8,19,2,2022-07-29 09:03:32
1659085412994164000,28.75,2,28.75,13,28.8,19,2,2022-07-29 09:03:32
1659085413025121000,28.75,13,28.7,5,28.8,19,2,2022-07-29 09:03:33
1659085413690880000,28.7,2,28.7,3,28.75,3,2,2022-07-29 09:03:33
1659085413711685000,28.7,3,28.65,2,28.75,3,2,2022-07-29 09:03:33
1659085413833021000,28.65,2,28.6,14,28.75,3,2,2022-07-29 09:03:33
1659085414518856000,28.6,2,28.6,12,28.7,3,2,2022-07-29 09:03:34
1659085414560266000,28.6,2,28.6,10,28.7,3,2,2022-07-29 09:03:34
1659085415740959000,28.6,3,28.6,7,28.65,1,2,2022-07-29 09:03:35
1659085415912239000,28.6,1,28.6,6,28.65,1,2,2022-07-29 09:03:35
1659085415956938000,28.65,1,28.6,6,28.7,2,1,2022-07-29 09:03:35
1659085415956938000,28.7,1,28.6,6,28.7,2,1,2022-07-29 09:03:35
1659085417316718000,28.6,2,28.6,4,28.65,1,2,2022-07-29 09:03:37
1659085417469648000,28.6,2,28.6,2,28.65,1,2,2022-07-29 09:03:37
1659085417510283000,28.6,2,28.55,10,28.65,1,2,2022-07-29 09:03:37
1659085419556745000,28.55,1,28.55,9,28.65,1,2,2022-07-29 09:03:39
1659085421103645000,28.55,1,28.55,8,28.6,3,2,2022-07-29 09:03:41
1659085423399722000,28.55,2,28.55,6,28.6,7,2,2022-07-29 09:03:43
1659085423431202000,28.55,6,28.5,7,28.6,7,2,2022-07-29 09:03:43
1659085423839773000,28.5,2,28.5,5,28.6,7,2,2022-07-29 09:03:43
1659085423871532000,28.5,5,28.45,1,28.6,7,2,2022-07-29 09:03:43
1659085424809474000,28.55,2,28.45,1,28.55,5,1,2022-07-29 09:03:44
1659085425996548000,28.55,1,28.45,1,28.55,11,1,2022-07-29 09:03:45
1659085427154755000,28.45,1,28.4,3,28.55,10,2,2022-07-29 09:03:47
1659085429229024000,28.4,2,28.4,1,28.5,5,2,2022-07-29 09:03:49
1659085430735985000,28.45,3,28.45,2,28.5,5,2,2022-07-29 09:03:50
1659085430758432000,28.45,2,28.4,1,28.5,5,2,2022-07-29 09:03:50
1659085431564076000,28.5,1,28.45,2,28.5,4,1,2022-07-29 09:03:51
1659085431589288000,28.5,4,28.45,2,28.55,10,1,2022-07-29 09:03:51
1659085432787064000,28.45,1,28.45,1,28.5,2,2,2022-07-29 09:03:52
1659085432826044000,28.45,1,28.4,1,28.5,2,2,2022-07-29 09:03:52
1659085433339658000,28.5,2,28.4,2,28.55,10,1,2022-07-29 09:03:53
1659085434170711000,28.6,5,28.4,2,28.75,2,1,2022-07-29 09:03:54
1659085434170711000,28.65,2,28.4,2,28.75,2,1,2022-07-29 09:03:54
1659085434170711000,28.75,1,28.4,2,28.75,2,1,2022-07-29 09:03:54
1659085434185141000,28.4,1,28.4,1,28.75,2,2,2022-07-29 09:03:54
1659085435029749000,28.5,5,28.45,1,28.7,3,2,2022-07-29 09:03:55
1659085435114881000,28.45,1,28.35,10,28.7,3,2,2022-07-29 09:03:55
1659085435114881000,28.4,1,28.35,10,28.7,3,2,2022-07-29 09:03:55
1659085555833741000,28.25,108,28.2,33,28.25,4,2,2022-07-29 09:05:55
1659085555863988000,28.25,3,28.2,33,28.25,1,1,2022-07-29 09:05:55
1659085555864082000,28.25,1,28.2,33,28.3,7,1,2022-07-29 09:05:55
1659085556317734000,28.25,2,28.25,41,28.3,7,2,2022-07-29 09:05:56
1659085556341497000,28.3,7,28.25,43,28.3,7,1,2022-07-29 09:05:56
1659085562505692000,28.35,1,28.3,7,28.35,3,1,2022-07-29 09:06:02
1659085562531813000,28.35,3,28.3,7,28.4,9,1,2022-07-29 09:06:02
1659085564040069000,28.4,9,28.35,2,28.5,16,1,2022-07-29 09:06:04
1659085565889177000,28.5,1,28.4,5,28.5,15,1,2022-07-29 09:06:05
1659085566021874000,28.5,1,28.4,5,28.5,14,1,2022-07-29 09:06:06
1659085566835106000,28.5,1,28.4,5,28.5,13,1,2022-07-29 09:06:06
1659085568329728000,28.5,13,28.4,7,28.6,10,1,2022-07-29 09:06:08
1659085568679050000,28.5,1,28.4,7,28.5,11,1,2022-07-29 09:06:08
1659085568914535000,28.5,5,28.4,7,28.5,14,1,2022-07-29 09:06:08
1659085570108060000,28.5,1,28.4,8,28.5,13,1,2022-07-29 09:06:10
1659085570250221000,28.5,1,28.4,8,28.5,12,1,2022-07-29 09:06:10
1659085572089817000,28.5,2,28.45,1,28.5,10,1,2022-07-29 09:06:12
1659085574326432000,28.5,3,28.45,1,28.5,7,1,2022-07-29 09:06:14
1659085575299227000,28.5,7,28.45,6,28.6,10,1,2022-07-29 09:06:15
1659085579251411000,28.5,2,28.5,2,28.55,1,2,2022-07-29 09:06:19
1659085579801391000,28.45,5,28.45,4,28.5,8,2,2022-07-29 09:06:19
1659085580502972000,28.45,4,28.4,6,28.45,1,2,2022-07-29 09:06:20
1659085580503181000,28.45,1,28.4,6,28.5,8,1,2022-07-29 09:06:20
1659085581430719000,28.4,1,28.4,6,28.45,2,2,2022-07-29 09:06:21
1659085581491185000,28.45,1,28.4,5,28.45,1,1,2022-07-29 09:06:21
1659085582244175000,28.45,1,28.4,5,28.5,4,1,2022-07-29 09:06:22
1659085582244175000,28.5,7,28.4,5,28.5,4,1,2022-07-29 09:06:22
1659085582468935000,28.4,1,28.4,4,28.5,4,2,2022-07-29 09:06:22
1659085587882924000,28.45,1,28.4,25,28.55,1,1,2022-07-29 09:06:27
1659085587882924000,28.5,4,28.4,25,28.55,1,1,2022-07-29 09:06:27
1659085591569285000,28.5,1,28.5,1,28.55,1,2,2022-07-29 09:06:31
1659085591602890000,28.5,1,28.4,36,28.55,1,2,2022-07-29 09:06:31
1659085596340719000,28.5,1,28.5,1,28.55,5,2,2022-07-29 09:06:36
1659085597087746000,28.5,1,28.45,3,28.55,4,2,2022-07-29 09:06:37
1659085601498299000,28.55,4,28.5,1,28.55,3,1,2022-07-29 09:06:41
1659085601538571000,28.55,3,28.5,1,28.6,1,1,2022-07-29 09:06:41
1659085603855151000,28.5,1,28.45,10,28.6,1,2,2022-07-29 09:06:43
1659085603855151000,28.45,4,28.45,10,28.6,1,2,2022-07-29 09:06:43
1659085604376898000,28.5,1,28.45,10,28.5,4,1,2022-07-29 09:06:44
1659085604898539000,28.5,1,28.45,10,28.5,2,1,2022-07-29 09:06:44
1659085605322641000,28.5,2,28.45,10,28.55,4,1,2022-07-29 09:06:45
1659085607629906000,28.5,1,28.45,8,28.55,5,2,2022-07-29 09:06:47
1659085607629906000,28.45,2,28.45,8,28.55,5,2,2022-07-29 09:06:47
1659085608630729000,28.5,1,28.5,1,28.55,5,2,2022-07-29 09:06:48
1659085610655269000,28.5,1,28.45,10,28.55,5,1,2022-07-29 09:06:50
1659085611492505000,28.45,2,28.45,11,28.55,5,2,2022-07-29 09:06:51
1659085617831540000,28.5,1,28.45,20,28.55,6,1,2022-07-29 09:06:57
1659085618433720000,28.5,1,28.5,1,28.55,2,2,2022-07-29 09:06:58
1659085619350763000,28.5,3,28.45,21,28.55,5,1,2022-07-29 09:06:59
1659085629751754000,28.55,2,28.5,4,28.55,3,1,2022-07-29 09:07:09
1659085631310201000,28.55,3,28.55,2,28.6,6,1,2022-07-29 09:07:11
1659085633674263000,28.6,2,28.55,4,28.6,2,1,2022-07-29 09:07:13
1659085635980959000,28.55,2,28.55,3,28.6,2,2,2022-07-29 09:07:15
1659085637663999000,28.55,1,28.55,3,28.6,2,2,2022-07-29 09:07:17
1659085637784751000,28.55,3,28.55,4,28.6,2,2,2022-07-29 09:07:17
1659085639757637000,28.6,1,28.55,1,28.6,1,1,2022-07-29 09:07:19
1659085642156642000,28.6,1,28.55,2,28.65,2,1,2022-07-29 09:07:22
1659085647050286000,28.6,1,28.55,7,28.65,2,2,2022-07-29 09:07:27
1659085649231300000,28.6,1,28.55,7,28.65,2,2,2022-07-29 09:07:29
1659085652657169000,28.6,1,28.55,8,28.65,2,2,2022-07-29 09:07:32
1659085653567372000,28.65,1,28.6,10,28.65,1,1,2022-07-29 09:07:33
1659085657216878000,28.6,10,28.55,10,28.65,1,2,2022-07-29 09:07:37
1659085658261841000,28.65,1,28.55,10,28.7,17,1,2022-07-29 09:07:38
1659085660064112000,28.6,1,28.55,10,28.7,17,2,2022-07-29 09:07:40
1659085660371668000,28.55,10,28.55,10,28.65,8,2,2022-07-29 09:07:40
1659085660932712000,28.65,1,28.5,15,28.65,7,1,2022-07-29 09:07:40
1659085662962423000,28.6,1,28.5,15,28.65,7,2,2022-07-29 09:07:42
1659085672311650000,28.6,1,28.55,2,28.6,2,1,2022-07-29 09:07:52
1659085672338089000,28.55,2,28.5,16,28.6,2,2,2022-07-29 09:07:52
1659085672870786000,28.55,2,28.5,16,28.6,2,2,2022-07-29 09:07:52
1659085676947305000,28.6,1,28.5,15,28.6,1,1,2022-07-29 09:07:56
1659085686068223000,28.5,5,28.5,12,28.55,2,2,2022-07-29 09:08:06
1659085686098556000,28.5,7,28.5,5,28.55,2,2,2022-07-29 09:08:06
1659085688109035000,28.55,1,28.5,8,28.55,1,1,2022-07-29 09:08:08
1659085689706875000,28.5,1,28.5,7,28.55,1,2,2022-07-29 09:08:09
1659085690141384000,28.55,1,28.5,6,28.6,1,1,2022-07-29 09:08:10
1659085691092750000,28.5,6,28.4,6,28.6,1,2,2022-07-29 09:08:11
1659085691092750000,28.45,19,28.4,6,28.6,1,2,2022-07-29 09:08:11
1659085691092750000,28.4,5,28.4,6,28.6,1,2,2022-07-29 09:08:11
1659085691143345000,28.6,1,28.4,6,28.65,8,1,2022-07-29 09:08:11
1659085693093270000,28.55,2,28.4,13,28.65,8,2,2022-07-29 09:08:13
1659085696325650000,28.4,5,28.4,8,28.6,1,2,2022-07-29 09:08:16
1659085699202599000,28.55,2,28.4,8,28.6,2,1,2022-07-29 09:08:19
1659085703381018000,28.4,2,28.4,9,28.55,1,2,2022-07-29 09:08:23
1659085707881250000,28.5,1,28.5,1,28.55,9,2,2022-07-29 09:08:27
1659085707881301000,28.5,1,28.45,1,28.55,9,2,2022-07-29 09:08:27
1659085708596937000,28.55,1,28.45,2,28.55,8,1,2022-07-29 09:08:28
1659085710240095000,28.45,1,28.45,1,28.5,1,2,2022-07-29 09:08:30
1659085711733249000,28.45,1,28.4,5,28.5,1,2,2022-07-29 09:08:31
1659085720196003000,28.45,1,28.45,2,28.5,7,2,2022-07-29 09:08:40
1659085721857670000,28.45,2,28.35,4,28.5,7,2,2022-07-29 09:08:41
1659085721857670000,28.4,8,28.35,4,28.5,7,2,2022-07-29 09:08:41
1659085721857670000,28.35,1,28.35,4,28.5,7,2,2022-07-29 09:08:41
1659085721969527000,28.35,4,28.3,7,28.45,2,2,2022-07-29 09:08:41
1659085724107220000,28.3,1,28.3,6,28.45,5,2,2022-07-29 09:08:44
1659085727439401000,28.35,1,28.3,7,28.4,5,2,2022-07-29 09:08:47
1659085727758812000,28.4,1,28.3,7,28.4,4,1,2022-07-29 09:08:47
1659085728882422000,28.3,3,28.3,4,28.35,2,2,2022-07-29 09:08:48
1659085729387624000,28.35,2,28.3,4,28.4,4,1,2022-07-29 09:08:49
1659085730417284000,28.35,1,28.3,4,28.35,3,1,2022-07-29 09:08:50
1659085730732903000,28.3,1,28.3,3,28.35,3,2,2022-07-29 09:08:50
1659085735921512000,28.3,1,28.3,3,28.35,4,2,2022-07-29 09:08:55
1659085736883288000,28.3,6,28.3,2,28.35,4,2,2022-07-29 09:08:56
1659085736918570000,28.3,1,28.3,1,28.35,4,2,2022-07-29 09:08:56
1659085736945226000,28.3,1,28.25,9,28.3,5,2,2022-07-29 09:08:56
1659085737974449000,28.3,1,28.25,9,28.3,1,1,2022-07-29 09:08:57
1659085738016782000,28.3,1,28.25,9,28.35,4,1,2022-07-29 09:08:58
1659085738272935000,28.25,9,28.2,7,28.35,4,2,2022-07-29 09:08:58
1659085738272935000,28.2,21,28.2,7,28.35,4,2,2022-07-29 09:08:58
1659085738518900000,28.2,1,28.2,6,28.3,1,2,2022-07-29 09:08:58
1659085738641373000,28.2,1,28.2,5,28.3,1,2,2022-07-29 09:08:58
1659085741588115000,28.25,1,28.15,7,28.3,2,2,2022-07-29 09:09:01
1659085741588115000,28.2,5,28.15,7,28.3,2,2,2022-07-29 09:09:01
1659085741588115000,28.15,4,28.15,7,28.3,2,2,2022-07-29 09:09:01
1659085743942883000,28.2,1,28.15,10,28.2,9,2,2022-07-29 09:09:03
1659085743967653000,28.2,9,28.15,10,28.25,1,1,2022-07-29 09:09:03
1659085744051610000,28.2,1,28.15,10,28.25,1,1,2022-07-29 09:09:04
1659085746057028000,28.2,12,28.1,13,28.25,3,2,2022-07-29 09:09:06
1659085746057028000,28.15,18,28.1,13,28.25,3,2,2022-07-29 09:09:06
1659085746576480000,28.2,1,28.1,13,28.2,1,1,2022-07-29 09:09:06
1659085747923683000,28.2,1,28.15,4,28.25,3,1,2022-07-29 09:09:07
1659085748456852000,28.15,1,28.15,3,28.25,3,2,2022-07-29 09:09:08
1659085749150480000,28.15,1,28.15,3,28.2,10,2,2022-07-29 09:09:09
1659085749979556000,28.2,1,28.15,5,28.2,9,1,2022-07-29 09:09:09
1659085750013768000,28.2,4,28.15,5,28.2,5,1,2022-07-29 09:09:10
1659085750055375000,28.2,5,28.15,5,28.25,3,1,2022-07-29 09:09:10
1659085753291781000,28.15,1,28.15,6,28.2,11,2,2022-07-29 09:09:13
1659085753856092000,28.2,1,28.15,6,28.2,10,1,2022-07-29 09:09:13
1659085758452678000,28.15,1,28.15,20,28.2,12,2,2022-07-29 09:09:18
1659085758527799000,28.15,1,28.15,19,28.2,12,2,2022-07-29 09:09:18
1659085760687081000,28.2,1,28.15,19,28.2,14,1,2022-07-29 09:09:20
1659085762889812000,28.2,3,28.15,26,28.2,12,1,2022-07-29 09:09:22
1659085762920144000,28.2,12,28.15,26,28.2,15,1,2022-07-29 09:09:22
1659085766505501000,28.2,1,28.2,4,28.25,2,2,2022-07-29 09:09:26
1659085769214780000,28.2,3,28.15,29,28.2,7,2,2022-07-29 09:09:29
1659085769244187000,28.2,7,28.15,29,28.25,2,1,2022-07-29 09:09:29
1659085772503080000,28.2,1,28.2,2,28.25,7,2,2022-07-29 09:09:32
1659085775667802000,28.25,1,28.2,2,28.25,6,1,2022-07-29 09:09:35
1659085775796882000,28.2,1,28.2,1,28.25,6,2,2022-07-29 09:09:35
1659085777552454000,28.2,1,28.15,36,28.2,9,2,2022-07-29 09:09:37
1659085778550054000,28.2,1,28.15,36,28.2,8,1,2022-07-29 09:09:38
1659085778582612000,28.2,1,28.15,36,28.2,7,1,2022-07-29 09:09:38
1659085778758293000,28.2,2,28.15,36,28.2,5,1,2022-07-29 09:09:38
1659085778780361000,28.2,5,28.15,36,28.25,6,1,2022-07-29 09:09:38
1659085780230791000,28.15,15,28.15,21,28.25,6,2,2022-07-29 09:09:40
1659085780336141000,28.2,1,28.2,3,28.25,6,1,2022-07-29 09:09:40
1659085780469170000,28.2,1,28.2,2,28.25,6,2,2022-07-29 09:09:40
1659085782894966000,28.2,2,28.2,5,28.25,6,2,2022-07-29 09:09:42
1659085785238580000,28.2,1,28.2,3,28.25,6,2,2022-07-29 09:09:45
1659085786051918000,28.25,1,28.2,3,28.25,5,1,2022-07-29 09:09:46
1659085791657016000,28.25,2,28.2,4,28.25,4,1,2022-07-29 09:09:51
1659085794874744000,28.25,1,28.2,4,28.25,3,1,2022-07-29 09:09:54
1659085794907365000,28.25,3,28.2,4,28.3,1,1,2022-07-29 09:09:54
1659085799164817000,28.25,3,28.25,3,28.3,1,2,2022-07-29 09:09:59
1659085799188437000,28.25,3,28.2,19,28.3,1,2,2022-07-29 09:09:59
1659085801414305000,28.25,1,28.2,18,28.3,1,2,2022-07-29 09:10:01
1659085803167566000,28.25,1,28.2,22,28.3,1,2,2022-07-29 09:10:03
1659085816605657000,28.25,1,28.2,25,28.25,14,2,2022-07-29 09:10:16
1659085816689664000,28.25,4,28.2,25,28.25,10,1,2022-07-29 09:10:16
1659085817504293000,28.25,1,28.2,25,28.25,9,1,2022-07-29 09:10:17
1659085817613676000,28.25,1,28.2,25,28.25,8,1,2022-07-29 09:10:17
1659085817648183000,28.25,1,28.2,25,28.25,7,1,2022-07-29 09:10:17
1659085819899109000,28.25,1,28.2,25,28.25,6,1,2022-07-29 09:10:19
1659085819918873000,28.25,3,28.2,25,28.25,3,1,2022-07-29 09:10:19
1659085819940371000,28.25,3,28.2,25,28.3,2,1,2022-07-29 09:10:19
1659085820293975000,28.3,2,28.2,25,28.35,4,1,2022-07-29 09:10:20
1659085820293975000,28.35,2,28.2,25,28.35,4,1,2022-07-29 09:10:20
1659085829833038000,28.35,1,28.25,14,28.35,4,1,2022-07-29 09:10:29
1659085838869072000,28.3,1,28.25,17,28.3,2,1,2022-07-29 09:10:38
1659085841223251000,28.3,2,28.25,13,28.35,4,1,2022-07-29 09:10:41
1659085845050051000,28.25,2,28.25,11,28.35,4,2,2022-07-29 09:10:45
1659085847878078000,28.3,1,28.25,20,28.35,4,1,2022-07-29 09:10:47
1659085848812825000,28.25,10,28.25,10,28.35,4,2,2022-07-29 09:10:48
1659085852721153000,28.35,1,28.3,1,28.35,3,1,2022-07-29 09:10:52
1659085867357621000,28.3,6,28.3,5,28.35,3,2,2022-07-29 09:11:07
1659085873386609000,28.35,3,28.3,16,28.35,2,1,2022-07-29 09:11:13
1659085873916236000,28.3,1,28.3,15,28.35,2,2,2022-07-29 09:11:13
1659085878942202000,28.35,1,28.3,15,28.35,1,1,2022-07-29 09:11:18
1659085879109559000,28.3,10,28.3,5,28.35,1,2,2022-07-29 09:11:19
1659085879676555000,28.3,3,28.3,4,28.35,1,2,2022-07-29 09:11:19
1659085880121627000,28.3,3,28.3,1,28.35,1,2,2022-07-29 09:11:20
1659085881633237000,28.35,1,28.3,1,28.4,2,1,2022-07-29 09:11:21
1659085882037248000,28.3,1,28.25,13,28.4,2,2,2022-07-29 09:11:22
1659085883732613000,28.3,1,28.3,1,28.35,2,2,2022-07-29 09:11:23
1659085883732613000,28.25,6,28.3,1,28.35,2,2,2022-07-29 09:11:23
1659085884999062000,28.3,2,28.25,7,28.3,1,1,2022-07-29 09:11:24
1659085885416925000,28.25,5,28.25,2,28.3,1,2,2022-07-29 09:11:25
1659085885528825000,28.25,2,28.2,6,28.3,1,2,2022-07-29 09:11:25
1659085904686059000,28.25,1,28.2,7,28.25,10,1,2022-07-29 09:11:44
1659085908038210000,28.2,7,28.15,22,28.25,10,2,2022-07-29 09:11:48
1659085908038210000,28.15,18,28.15,22,28.25,10,2,2022-07-29 09:11:48
1659085909694987000,28.2,1,28.15,22,28.25,10,1,2022-07-29 09:11:49
1659085911086287000,28.25,9,28.25,1,28.3,1,1,2022-07-29 09:11:51
1659085914431894000,28.25,1,28.2,4,28.3,1,2,2022-07-29 09:11:54
1659085921381235000,28.2,1,28.2,3,28.3,1,2,2022-07-29 09:12:01
1659085925264670000,28.25,1,28.25,4,28.3,1,1,2022-07-29 09:12:05
1659085927806359000,28.25,1,28.25,3,28.3,1,2,2022-07-29 09:12:07
1659085931331592000,28.25,3,28.2,4,28.25,2,2,2022-07-29 09:12:11
1659085933918193000,28.25,1,28.2,16,28.25,1,1,2022-07-29 09:12:13
1659085934104272000,28.25,1,28.2,21,28.3,1,1,2022-07-29 09:12:14
1659085934104272000,28.3,1,28.2,21,28.3,1,1,2022-07-29 09:12:14
1659085937529409000,28.2,1,28.2,22,28.3,5,2,2022-07-29 09:12:17
1659085938908317000,28.3,3,28.25,1,28.3,2,1,2022-07-29 09:12:18
1659085940570091000,28.25,1,28.2,22,28.3,2,2,2022-07-29 09:12:20
1659085943648600000,28.2,1,28.2,21,28.3,2,2,2022-07-29 09:12:23
1659085950834696000,28.25,1,28.2,24,28.3,2,1,2022-07-29 09:12:30
1659085953960306000,28.25,1,28.25,2,28.3,2,2,2022-07-29 09:12:33
1659085955084819000,28.25,1,28.25,1,28.3,2,2,2022-07-29 09:12:35
1659085955406246000,28.25,1,28.2,21,28.3,2,2,2022-07-29 09:12:35
1659085955406246000,28.2,1,28.2,21,28.3,2,2,2022-07-29 09:12:35
1659085958066077000,28.2,1,28.2,20,28.3,2,2,2022-07-29 09:12:38
1659085967670936000,28.25,1,28.2,20,28.3,2,2,2022-07-29 09:12:47
1659085970236382000,28.3,2,28.2,20,28.35,3,1,2022-07-29 09:12:50
1659085970466524000,28.2,15,28.2,5,28.35,3,2,2022-07-29 09:12:50
1659085972842585000,28.25,2,28.25,4,28.3,2,2,2022-07-29 09:12:52
1659085972953320000,28.25,4,28.2,5,28.3,2,2,2022-07-29 09:12:52
1659085986061871000,28.25,1,28.2,5,28.3,2,1,2022-07-29 09:13:06
1659085994733186000,28.25,1,28.2,5,28.3,2,2,2022-07-29 09:13:14
1659085996481257000,28.25,1,28.2,6,28.3,1,1,2022-07-29 09:13:16
1659085996481257000,28.3,1,28.2,6,28.3,1,1,2022-07-29 09:13:16
1659086014566022000,28.2,1,28.2,49,28.3,4,2,2022-07-29 09:13:34
1659086023264875000,28.3,3,28.25,1,28.3,1,1,2022-07-29 09:13:43
1659086027515913000,28.3,1,28.3,10,28.35,3,1,2022-07-29 09:13:47
1659086051434644000,28.4,2,28.3,15,28.4,1,1,2022-07-29 09:14:11
1659086052268037000,28.3,2,28.3,13,28.4,1,2,2022-07-29 09:14:12
1659086054244114000,28.3,4,28.3,9,28.4,1,2,2022-07-29 09:14:14
1659086060570946000,28.3,1,28.3,3,28.4,1,2,2022-07-29 09:14:20
1659086065903483000,28.4,1,28.3,8,28.45,8,1,2022-07-29 09:14:25
1659086071368538000,28.35,1,28.3,22,28.45,8,2,2022-07-29 09:14:31
1659086071368538000,28.3,1,28.3,22,28.45,8,2,2022-07-29 09:14:31
1659086071471217000,28.45,2,28.3,22,28.45,6,1,2022-07-29 09:14:31
1659086071676989000,28.45,1,28.3,22,28.45,5,1,2022-07-29 09:14:31
1659086078592547000,28.4,1,28.4,16,28.45,5,1,2022-07-29 09:14:38
1659086082686091000,28.45,5,28.4,16,28.5,26,1,2022-07-29 09:14:42
1659086082689500000,28.5,2,28.4,16,28.5,24,1,2022-07-29 09:14:42
1659086082721339000,28.5,1,28.4,16,28.5,23,1,2022-07-29 09:14:42
1659086082782537000,28.5,7,28.4,16,28.5,16,1,2022-07-29 09:14:42
1659086082806095000,28.5,16,28.4,16,28.6,2,1,2022-07-29 09:14:42
1659086093383282000,28.6,2,28.5,11,28.6,2,1,2022-07-29 09:14:53
1659086093496719000,28.65,5,28.5,11,28.65,4,1,2022-07-29 09:14:53
1659086097361566000,28.65,2,28.5,16,28.65,2,1,2022-07-29 09:14:57
1659086098045527000,28.65,1,28.5,11,28.65,1,1,2022-07-29 09:14:58
1659086099845656000,28.65,1,28.65,1,28.7,13,1,2022-07-29 09:14:59
1659086101992481000,28.65,1,28.5,12,28.65,4,2,2022-07-29 09:15:01
1659086102001530000,28.65,4,28.5,12,28.7,13,1,2022-07-29 09:15:02
1659086102839428000,28.65,1,28.5,14,28.65,9,1,2022-07-29 09:15:02
1659086106171265000,28.65,1,28.5,14,28.65,8,1,2022-07-29 09:15:06
1659086107328201000,28.65,1,28.6,1,28.65,8,1,2022-07-29 09:15:07
1659086117174175000,28.6,1,28.6,1,28.65,10,2,2022-07-29 09:15:17
1659086117738505000,28.6,1,28.55,4,28.65,10,2,2022-07-29 09:15:17
1659086118742372000,28.65,1,28.55,4,28.65,8,1,2022-07-29 09:15:18
1659086121376205000,28.55,4,28.5,26,28.55,1,2,2022-07-29 09:15:21
1659086123847139000,28.55,1,28.55,9,28.6,8,1,2022-07-29 09:15:23
1659086126240920000,28.55,1,28.55,8,28.6,8,2,2022-07-29 09:15:26
1659086126659832000,28.55,3,28.55,5,28.6,8,2,2022-07-29 09:15:26
1659086134107329000,28.6,1,28.55,15,28.6,8,1,2022-07-29 09:15:34
1659086138989359000,28.6,5,28.55,15,28.6,8,1,2022-07-29 09:15:38
1659086144138269000,28.6,7,28.55,16,28.6,1,1,2022-07-29 09:15:44
1659086145085545000,28.6,1,28.55,16,28.6,1,1,2022-07-29 09:15:45
1659086145133715000,28.6,1,28.55,16,28.65,8,1,2022-07-29 09:15:45
1659086146082629000,28.6,1,28.55,16,28.65,8,1,2022-07-29 09:15:46
1659086149598048000,28.6,1,28.55,13,28.65,8,2,2022-07-29 09:15:49
1659086149598048000,28.55,3,28.55,13,28.65,8,2,2022-07-29 09:15:49
1659086155552661000,28.6,10,28.55,13,28.6,7,1,2022-07-29 09:15:55
1659086155568983000,28.55,10,28.55,3,28.6,7,2,2022-07-29 09:15:55
1659086155569000000,28.55,3,28.5,15,28.6,7,2,2022-07-29 09:15:55
1659086157551565000,28.6,1,28.5,15,28.6,6,1,2022-07-29 09:15:57
1659086160483499000,28.55,1,28.5,15,28.55,1,1,2022-07-29 09:16:00
1659086163707693000,28.6,1,28.55,1,28.6,5,1,2022-07-29 09:16:03
1659086166951010000,28.55,1,28.5,15,28.6,6,2,2022-07-29 09:16:06
1659086168585724000,28.6,1,28.5,15,28.6,5,1,2022-07-29 09:16:08
1659086173897294000,28.6,5,28.55,1,28.65,8,1,2022-07-29 09:16:13
1659086187182235000,28.6,1,28.55,1,28.6,3,2,2022-07-29 09:16:27
1659086189814226000,28.55,1,28.5,13,28.6,3,2,2022-07-29 09:16:29
1659086192127018000,28.55,1,28.55,2,28.6,3,1,2022-07-29 09:16:32
1659086192536563000,28.55,2,28.5,13,28.6,14,2,2022-07-29 09:16:32
1659086195051714000,28.6,5,28.55,1,28.6,9,1,2022-07-29 09:16:35
1659086196223462000,28.55,1,28.5,9,28.6,9,2,2022-07-29 09:16:36
1659086196223462000,28.5,4,28.5,9,28.6,9,2,2022-07-29 09:16:36
1659086199801483000,28.5,5,28.5,4,28.55,2,2,2022-07-29 09:16:39
1659086201712102000,28.5,4,28.4,30,28.55,2,2,2022-07-29 09:16:41
1659086201712102000,28.4,1,28.4,30,28.55,2,2,2022-07-29 09:16:41
1659086203147053000,28.5,1,28.4,30,28.55,2,1,2022-07-29 09:16:43
1659086219739655000,28.45,1,28.4,32,28.5,1,1,2022-07-29 09:16:59
1659086219739655000,28.5,1,28.4,32,28.5,1,1,2022-07-29 09:16:59
1659086221228077000,28.5,1,28.4,32,28.55,2,1,2022-07-29 09:17:01
1659086254114537000,28.5,1,28.5,9,28.55,2,1,2022-07-29 09:17:34
1659086258314459000,28.5,5,28.5,4,28.55,2,2,2022-07-29 09:17:38
1659086258341590000,28.5,4,28.45,5,28.55,2,2,2022-07-29 09:17:38
1659086258421323000,28.5,1,28.45,5,28.55,2,2,2022-07-29 09:17:38
1659086275688613000,28.5,1,28.45,8,28.55,2,2,2022-07-29 09:17:55
1659086278412276000,28.5,1,28.45,8,28.55,2,2,2022-07-29 09:17:58
1659086286352976000,28.45,1,28.45,7,28.5,1,2,2022-07-29 09:18:06
1659086286492577000,28.45,7,28.4,30,28.5,1,2,2022-07-29 09:18:06
1659086291663449000,28.5,1,28.4,31,28.55,2,1,2022-07-29 09:18:11
1659086297260619000,28.5,1,28.4,31,28.45,4,2,2022-07-29 09:18:17
1659086323127394000,28.4,2,28.4,28,28.45,4,2,2022-07-29 09:18:43
1659086335667869000,28.4,1,28.4,27,28.45,4,2,2022-07-29 09:18:55
1659086348318445000,28.4,3,28.4,24,28.45,4,2,2022-07-29 09:19:08
1659086352738482000,28.45,4,28.45,4,28.5,1,1,2022-07-29 09:19:12
1659086357430897000,28.45,1,28.45,3,28.5,1,2,2022-07-29 09:19:17
1659086375094868000,28.45,5,28.45,1,28.5,3,2,2022-07-29 09:19:35
1659086375135386000,28.45,1,28.4,23,28.5,3,2,2022-07-29 09:19:35
1659086386582190000,28.4,1,28.4,22,28.5,3,2,2022-07-29 09:19:46
1659086390632198000,28.4,1,28.4,21,28.5,3,2,2022-07-29 09:19:50
1659086419456814000,28.45,1,28.45,4,28.5,4,2,2022-07-29 09:20:19
1659086447396726000,28.45,2,28.45,4,28.5,3,2,2022-07-29 09:20:47
1659086447520946000,28.45,4,28.4,23,28.5,3,2,2022-07-29 09:20:47
1659086447551905000,28.4,1,28.4,22,28.5,3,2,2022-07-29 09:20:47
1659086460810012000,28.45,1,28.45,2,28.5,3,2,2022-07-29 09:21:00
1659086463158169000,28.45,1,28.45,1,28.5,3,2,2022-07-29 09:21:03
1659086515433944000,28.45,3,28.4,22,28.45,2,2,2022-07-29 09:21:55
1659086519068931000,28.45,1,28.4,22,28.45,1,1,2022-07-29 09:21:59
1659086520312713000,28.45,1,28.4,22,28.5,3,1,2022-07-29 09:22:00
1659086543747714000,28.45,5,28.45,3,28.5,3,2,2022-07-29 09:22:23
1659086543784138000,28.45,3,28.4,20,28.5,3,2,2022-07-29 09:22:23
1659086565004875000,28.45,2,28.45,3,28.5,3,1,2022-07-29 09:22:45
1659086576125732000,28.45,1,28.45,3,28.5,4,2,2022-07-29 09:22:56
1659086626266748000,28.45,1,28.45,8,28.5,4,2,2022-07-29 09:23:46
1659086646353458000,28.5,4,28.45,17,28.55,2,1,2022-07-29 09:24:06
1659086654935995000,28.55,2,28.5,5,28.6,15,1,2022-07-29 09:24:14
1659086664388304000,28.6,1,28.5,6,28.6,14,1,2022-07-29 09:24:24
1659086669806711000,28.6,2,28.5,6,28.6,12,1,2022-07-29 09:24:29
1659086669826840000,28.6,5,28.5,6,28.6,7,1,2022-07-29 09:24:29
1659086669845381000,28.6,7,28.5,6,28.65,4,1,2022-07-29 09:24:29
1659086674936437000,28.6,2,28.5,15,28.6,3,2,2022-07-29 09:24:34
1659086677156372000,28.6,1,28.55,3,28.6,2,1,2022-07-29 09:24:37
1659086677180867000,28.6,2,28.55,3,28.65,3,1,2022-07-29 09:24:37
1659086680474818000,28.65,1,28.6,2,28.65,2,1,2022-07-29 09:24:40
1659086684185773000,28.65,2,28.6,2,28.65,3,1,2022-07-29 09:24:44
1659086685035765000,28.65,2,28.55,4,28.65,1,1,2022-07-29 09:24:45
1659086686221123000,28.65,1,28.55,4,28.7,22,1,2022-07-29 09:24:46
1659086691371256000,28.65,1,28.55,2,28.65,2,1,2022-07-29 09:24:51
1659086695767613000,28.65,2,28.55,2,28.7,22,1,2022-07-29 09:24:55
1659086703703676000,28.7,10,28.65,1,28.7,8,1,2022-07-29 09:25:03
1659086704308733000,28.7,4,28.65,1,28.7,4,1,2022-07-29 09:25:04
1659086709718265000,28.7,1,28.65,2,28.7,4,1,2022-07-29 09:25:09
1659086710047602000,28.7,4,28.65,2,28.75,25,1,2022-07-29 09:25:10
1659086714717503000,28.75,1,28.7,5,28.75,24,1,2022-07-29 09:25:14
1659086714836898000,28.75,4,28.7,5,28.75,20,1,2022-07-29 09:25:14
1659086716731893000,28.75,1,28.7,5,28.75,19,1,2022-07-29 09:25:16
1659086717998469000,28.75,19,28.75,4,28.8,8,1,2022-07-29 09:25:17
1659086718239927000,28.8,1,28.75,4,28.8,7,1,2022-07-29 09:25:18
1659086718448065000,28.8,1,28.75,4,28.8,6,1,2022-07-29 09:25:18
1659086718527276000,28.8,6,28.75,4,28.85,3,1,2022-07-29 09:25:18
1659086720171734000,28.85,1,28.75,4,28.85,2,1,2022-07-29 09:25:20
1659086720286526000,28.85,2,28.75,4,28.9,4,1,2022-07-29 09:25:20
1659086720456903000,28.9,1,28.85,3,28.9,3,1,2022-07-29 09:25:20
1659086720495362000,28.9,1,28.85,3,28.9,4,1,2022-07-29 09:25:20
1659086721709932000,28.9,2,28.85,3,29.0,14,1,2022-07-29 09:25:21
1659086721709932000,28.95,4,28.85,3,29.0,14,1,2022-07-29 09:25:21
1659086721709932000,29.0,4,28.85,3,29.0,14,1,2022-07-29 09:25:21
1659086721757388000,29.0,10,28.85,3,29.0,4,1,2022-07-29 09:25:21
1659086721919183000,29.0,2,28.85,3,29.0,2,1,2022-07-29 09:25:21
1659086722012430000,29.0,1,28.85,3,29.0,1,1,2022-07-29 09:25:22
1659086722035562000,29.0,1,28.85,3,29.05,10,1,2022-07-29 09:25:22
1659086722069296000,29.05,1,28.85,3,29.05,9,1,2022-07-29 09:25:22
1659086722103637000,29.05,1,28.85,3,29.05,8,1,2022-07-29 09:25:22
1659086722135406000,29.05,1,28.85,3,29.05,7,1,2022-07-29 09:25:22
1659086722160492000,29.05,1,28.85,3,29.05,6,1,2022-07-29 09:25:22
1659086722190245000,29.05,1,28.85,3,29.05,5,1,2022-07-29 09:25:22
1659086722227196000,29.05,1,28.85,3,29.05,4,1,2022-07-29 09:25:22
1659086722254278000,29.05,1,28.85,3,29.05,3,1,2022-07-29 09:25:22
1659086722281564000,29.05,1,28.85,3,29.05,2,1,2022-07-29 09:25:22
1659086722335236000,29.05,1,28.85,3,29.05,1,1,2022-07-29 09:25:22
1659086722381834000,29.05,1,28.85,3,29.1,6,1,2022-07-29 09:25:22
1659086722420783000,29.1,1,28.9,3,29.1,5,1,2022-07-29 09:25:22
1659086722455727000,29.1,1,28.9,3,29.1,4,1,2022-07-29 09:25:22
1659086722494314000,29.1,1,28.9,4,29.1,4,1,2022-07-29 09:25:22
1659086724246220000,29.05,1,28.9,2,29.05,1,1,2022-07-29 09:25:24
1659086725634273000,29.05,2,28.9,2,29.2,2,1,2022-07-29 09:25:25
1659086725634273000,29.1,3,28.9,2,29.2,2,1,2022-07-29 09:25:25
1659086725634273000,29.15,8,28.9,2,29.2,2,1,2022-07-29 09:25:25
1659086725634273000,29.2,7,28.9,2,29.2,2,1,2022-07-29 09:25:25
1659086727495260000,29.2,2,29.05,4,29.3,21,1,2022-07-29 09:25:27
1659086727495260000,29.25,3,29.05,4,29.3,21,1,2022-07-29 09:25:27
1659086728973519000,29.2,3,29.05,5,29.3,21,2,2022-07-29 09:25:28
1659086729006504000,29.05,1,29.05,4,29.3,21,2,2022-07-29 09:25:29
1659086729051749000,29.3,1,29.05,4,29.3,20,1,2022-07-29 09:25:29
1659086729095196000,29.25,2,29.05,4,29.3,12,1,2022-07-29 09:25:29
1659086729095196000,29.3,8,29.05,4,29.3,12,1,2022-07-29 09:25:29
1659086730698404000,29.25,1,29.1,1,29.3,8,1,2022-07-29 09:25:30
1659086730698404000,29.3,4,29.1,1,29.3,8,1,2022-07-29 09:25:30
1659086730801161000,29.1,1,29.1,6,29.3,8,2,2022-07-29 09:25:30
1659086731113672000,29.3,5,29.1,5,29.3,3,1,2022-07-29 09:25:31
1659086732041840000,29.25,1,29.1,5,29.3,3,1,2022-07-29 09:25:32
1659086732375824000,29.25,1,29.1,5,29.3,3,2,2022-07-29 09:25:32
1659086733692512000,29.3,1,29.25,1,29.3,2,1,2022-07-29 09:25:33
1659086733710241000,29.3,2,29.25,1,29.4,14,1,2022-07-29 09:25:33
1659086733710241000,29.4,8,29.25,1,29.4,14,1,2022-07-29 09:25:33
1659086734276182000,29.3,1,29.3,3,29.4,14,2,2022-07-29 09:25:34
1659086734874158000,29.4,2,29.3,2,29.4,12,1,2022-07-29 09:25:34
1659086735790465000,29.3,2,29.3,2,29.4,12,2,2022-07-29 09:25:35
1659086736382246000,29.4,5,29.3,2,29.4,7,1,2022-07-29 09:25:36
1659086736750646000,29.4,1,29.3,2,29.4,6,1,2022-07-29 09:25:36
1659086736992989000,29.3,1,29.3,2,29.4,6,2,2022-07-29 09:25:36
1659086737348829000,29.35,1,29.3,4,29.4,6,2,2022-07-29 09:25:37
1659086737902827000,29.4,2,29.3,6,29.4,4,1,2022-07-29 09:25:37
1659086738502813000,29.35,1,29.3,5,29.4,4,1,2022-07-29 09:25:38
1659086738638804000,29.3,1,29.3,9,29.4,4,2,2022-07-29 09:25:38
1659086739585658000,29.3,2,29.3,11,29.4,4,2,2022-07-29 09:25:39
1659086739586759000,29.3,2,29.3,9,29.4,4,2,2022-07-29 09:25:39
1659086739919504000,29.3,1,29.3,8,29.4,4,2,2022-07-29 09:25:39
1659086741070573000,29.3,8,29.25,9,29.3,2,2,2022-07-29 09:25:41
1659086742227459000,29.3,1,29.25,9,29.3,6,1,2022-07-29 09:25:42
1659086742356244000,29.3,1,29.25,9,29.3,5,1,2022-07-29 09:25:42
1659086742956385000,29.25,9,29.2,1,29.3,6,2,2022-07-29 09:25:42
1659086743461599000,29.25,2,29.2,1,29.3,4,1,2022-07-29 09:25:43
1659086743461599000,29.3,3,29.2,1,29.3,4,1,2022-07-29 09:25:43
1659086744001179000,29.25,1,29.2,1,29.3,4,1,2022-07-29 09:25:44
1659086744344569000,29.3,3,29.2,1,29.3,1,1,2022-07-29 09:25:44
1659086746773455000,29.25,1,29.2,1,29.3,7,1,2022-07-29 09:25:46
1659086746927473000,29.3,1,29.2,1,29.25,1,1,2022-07-29 09:25:46
1659086747403309000,29.3,1,29.2,1,29.3,13,1,2022-07-29 09:25:47
1659086747590260000,29.3,2,29.2,1,29.3,14,1,2022-07-29 09:25:47
1659086749481076000,29.25,1,29.2,1,29.3,11,1,2022-07-29 09:25:49
1659086749481076000,29.3,1,29.2,1,29.3,11,1,2022-07-29 09:25:49
1659086749801386000,29.3,2,29.2,1,29.3,9,1,2022-07-29 09:25:49
1659086749940165000,29.3,1,29.2,1,29.3,8,1,2022-07-29 09:25:49
1659086750690876000,29.25,1,29.2,5,29.3,9,1,2022-07-29 09:25:50
1659086752871361000,29.25,1,29.2,5,29.25,6,1,2022-07-29 09:25:52
1659086753154804000,29.25,2,29.2,5,29.25,5,1,2022-07-29 09:25:53
1659086754367359000,29.25,4,29.2,16,29.25,1,1,2022-07-29 09:25:54
1659086754580985000,29.25,1,29.2,17,29.25,1,1,2022-07-29 09:25:54
1659086754857610000,29.2,1,29.2,16,29.3,14,2,2022-07-29 09:25:54
1659086754908783000,29.2,5,29.2,11,29.3,14,2,2022-07-29 09:25:54
1659086755289692000,29.25,1,29.2,12,29.3,14,1,2022-07-29 09:25:55
1659086756074477000,29.3,3,29.2,13,29.3,11,1,2022-07-29 09:25:56
1659086756115363000,29.3,2,29.2,13,29.3,14,1,2022-07-29 09:25:56
1659086756458075000,29.25,1,29.2,13,29.3,5,1,2022-07-29 09:25:56
1659086756458075000,29.3,4,29.2,13,29.3,5,1,2022-07-29 09:25:56
1659086758259612000,29.2,5,29.2,7,29.25,14,2,2022-07-29 09:25:58
1659086758993333000,29.2,4,29.2,3,29.25,14,2,2022-07-29 09:25:58
1659086759029801000,29.2,3,29.1,6,29.25,14,2,2022-07-29 09:25:59
1659086761210849000,29.2,7,29.1,7,29.25,14,1,2022-07-29 09:26:01
1659086761210849000,29.25,3,29.1,7,29.25,14,1,2022-07-29 09:26:01
1659086762222663000,29.2,1,29.1,7,29.25,14,1,2022-07-29 09:26:02
1659086763859946000,29.15,1,29.15,5,29.2,1,2,2022-07-29 09:26:03
1659086767154169000,29.2,2,29.15,4,29.2,6,1,2022-07-29 09:26:07
1659086771201710000,29.15,1,29.1,7,29.2,7,2,2022-07-29 09:26:11
1659086771314973000,29.2,1,29.1,7,29.2,6,1,2022-07-29 09:26:11
1659086771548737000,29.2,1,29.1,7,29.2,6,1,2022-07-29 09:26:11
1659086771715153000,29.2,5,29.15,1,29.25,17,1,2022-07-29 09:26:11
1659086771770395000,29.15,1,29.1,7,29.2,2,2,2022-07-29 09:26:11
1659086773193698000,29.1,2,29.1,5,29.2,12,2,2022-07-29 09:26:13
1659086773218954000,29.1,5,29.05,2,29.2,12,2,2022-07-29 09:26:13
1659086776852010000,29.15,1,29.1,2,29.15,1,1,2022-07-29 09:26:16
1659086777041383000,29.1,1,29.1,1,29.15,2,2,2022-07-29 09:26:17
1659086777746938000,29.1,1,29.05,2,29.15,7,2,2022-07-29 09:26:17
1659086783464765000,29.1,1,29.1,1,29.15,12,2,2022-07-29 09:26:23
1659086783501204000,29.1,1,29.05,4,29.15,12,2,2022-07-29 09:26:23
1659086784880096000,29.05,4,29.05,1,29.1,1,2,2022-07-29 09:26:24
1659086784914153000,29.05,1,29.0,6,29.1,1,2,2022-07-29 09:26:24
1659086784976464000,29.05,1,29.0,6,29.05,1,1,2022-07-29 09:26:24
1659086785267737000,29.1,1,29.0,6,29.15,12,1,2022-07-29 09:26:25
1659086789187436000,29.05,1,29.0,6,29.1,9,2,2022-07-29 09:26:29
1659086793527089000,29.05,1,29.0,6,29.1,8,1,2022-07-29 09:26:33
1659086793527089000,29.1,1,29.0,6,29.1,8,1,2022-07-29 09:26:33
1659086798519043000,29.1,1,29.05,6,29.1,7,1,2022-07-29 09:26:38
1659086798526880000,29.05,5,29.05,1,29.1,7,2,2022-07-29 09:26:38
1659086798542341000,29.1,7,29.05,1,29.15,13,1,2022-07-29 09:26:38
1659086798553067000,29.05,1,29.0,6,29.15,13,2,2022-07-29 09:26:38
1659086799866117000,29.05,3,29.0,6,29.05,3,2,2022-07-29 09:26:39
1659086807526930000,29.05,2,29.0,11,29.05,4,1,2022-07-29 09:26:47
1659086807665285000,29.05,2,29.0,11,29.05,2,1,2022-07-29 09:26:47
1659086808293738000,29.05,1,29.0,11,29.05,1,1,2022-07-29 09:26:48
1659086808578674000,29.05,1,29.0,11,29.1,7,1,2022-07-29 09:26:48
1659086809985039000,29.1,3,29.0,11,29.1,5,1,2022-07-29 09:26:49
1659086810720515000,29.0,5,29.0,6,29.1,6,2,2022-07-29 09:26:50
1659086813949240000,29.05,1,29.0,8,29.05,1,1,2022-07-29 09:26:53
1659086814460998000,29.0,1,29.0,7,29.05,1,2,2022-07-29 09:26:54
1659086816510539000,29.0,1,29.0,8,29.05,2,2,2022-07-29 09:26:56
1659086817017595000,29.0,1,29.0,7,29.05,2,2,2022-07-29 09:26:57
1659086820476290000,29.0,1,29.0,7,29.05,2,2,2022-07-29 09:27:00
1659086820711887000,29.0,5,29.0,2,29.05,2,2,2022-07-29 09:27:00
1659086820748536000,29.0,2,29.0,2,29.05,2,2,2022-07-29 09:27:00
1659086823485582000,28.95,4,28.95,4,29.05,2,2,2022-07-29 09:27:03
1659086823870234000,28.95,1,28.95,3,29.05,2,2,2022-07-29 09:27:03
1659086823900962000,28.95,3,28.85,3,29.05,2,2,2022-07-29 09:27:03
1659086825167867000,29.0,1,28.95,1,29.05,2,1,2022-07-29 09:27:05
1659086826573724000,28.95,1,28.9,1,29.05,2,2,2022-07-29 09:27:06
1659086826573724000,28.9,1,28.9,1,29.05,2,2,2022-07-29 09:27:06
1659086828733612000,29.05,2,29.0,1,29.1,6,1,2022-07-29 09:27:08
1659086832657022000,29.05,3,29.0,5,29.1,6,1,2022-07-29 09:27:12
1659086832898455000,29.0,5,28.9,3,29.1,6,2,2022-07-29 09:27:12
1659086840898567000,29.0,1,29.0,5,29.05,2,2,2022-07-29 09:27:20
1659086841680477000,29.0,1,29.0,4,29.05,2,2,2022-07-29 09:27:21
1659086841715694000,29.0,4,28.9,3,29.05,2,2,2022-07-29 09:27:21
1659086847008653000,29.0,10,28.9,3,29.0,11,1,2022-07-29 09:27:27
1659086853829602000,29.0,10,28.95,1,29.0,1,1,2022-07-29 09:27:33
1659086853858322000,29.0,1,28.95,1,29.05,1,1,2022-07-29 09:27:33
1659086858161688000,29.05,1,29.0,8,29.1,1,1,2022-07-29 09:27:38
1659086858161688000,29.1,3,29.0,8,29.1,1,1,2022-07-29 09:27:38
1659086858274989000,29.1,1,29.0,8,29.15,12,1,2022-07-29 09:27:38
1659086859124773000,29.0,1,29.0,8,29.15,12,2,2022-07-29 09:27:39
1659086860258140000,29.05,1,28.95,1,29.0,2,2,2022-07-29 09:27:40
1659086860258140000,29.0,8,28.95,1,29.0,2,2,2022-07-29 09:27:40
1659086860287285000,29.0,2,28.95,1,29.15,12,1,2022-07-29 09:27:40
1659086860291047000,28.95,1,28.9,4,29.15,12,2,2022-07-29 09:27:40
1659086868920380000,28.95,1,28.9,3,28.95,1,2,2022-07-29 09:27:48
1659086875980375000,28.95,1,29.0,7,29.05,12,1,2022-07-29 09:27:55
1659086875980375000,29.0,2,29.0,7,29.05,12,1,2022-07-29 09:27:55
1659086877637409000,29.0,1,29.0,6,29.05,12,2,2022-07-29 09:27:57
1659086880537495000,29.05,1,29.0,6,29.05,11,1,2022-07-29 09:28:00
1659086885237362000,29.05,10,29.0,9,29.05,1,1,2022-07-29 09:28:05
1659086885265497000,29.05,1,29.0,9,29.1,1,1,2022-07-29 09:28:05
1659086894579807000,29.05,5,29.0,8,29.05,6,2,2022-07-29 09:28:14
1659086894739924000,29.05,1,29.0,8,29.05,5,1,2022-07-29 09:28:14
1659086895836536000,29.05,1,29.0,8,29.05,4,1,2022-07-29 09:28:15
1659086901524389000,29.05,4,29.05,1,29.1,3,1,2022-07-29 09:28:21
1659086901551692000,29.05,1,29.0,8,29.1,3,2,2022-07-29 09:28:21
1659086906887311000,29.1,3,29.05,1,29.15,8,1,2022-07-29 09:28:26
1659086910864407000,29.15,3,29.05,2,29.15,5,1,2022-07-29 09:28:30
1659086914462612000,29.15,5,29.1,1,29.15,2,1,2022-07-29 09:28:34
1659086921951142000,29.15,1,29.1,3,29.15,3,1,2022-07-29 09:28:41
1659086923567682000,29.15,1,29.1,3,29.15,2,1,2022-07-29 09:28:43
1659086927959640000,29.15,2,29.1,3,29.2,21,1,2022-07-29 09:28:47
1659086930073765000,29.2,21,29.15,2,29.2,21,1,2022-07-29 09:28:50
1659086930073765000,29.25,9,29.15,2,29.2,21,1,2022-07-29 09:28:50
1659086933199517000,29.25,2,29.2,18,29.25,3,1,2022-07-29 09:28:53
1659086933227094000,29.25,3,29.2,18,29.3,8,1,2022-07-29 09:28:53
1659086933243433000,29.3,8,29.2,18,29.35,12,1,2022-07-29 09:28:53
1659086933243433000,29.35,2,29.2,18,29.35,12,1,2022-07-29 09:28:53
1659086933275864000,29.35,2,29.2,18,29.35,10,1,2022-07-29 09:28:53
1659086933446338000,29.35,10,29.2,18,29.4,35,1,2022-07-29 09:28:53
1659086935968617000,29.4,6,29.25,5,29.4,29,1,2022-07-29 09:28:55
1659086936182975000,29.4,1,29.25,5,29.4,28,1,2022-07-29 09:28:56
1659086936201827000,29.4,1,29.25,5,29.4,27,1,2022-07-29 09:28:56
1659086936917543000,29.4,1,29.35,12,29.4,26,1,2022-07-29 09:28:56
1659086938684947000,29.35,1,29.35,14,29.4,26,2,2022-07-29 09:28:58
1659086939645995000,29.35,5,29.35,9,29.4,26,2,2022-07-29 09:28:59
1659086939784528000,29.4,2,29.35,9,29.4,24,1,2022-07-29 09:28:59
1659086940324783000,29.35,1,29.35,8,29.4,24,2,2022-07-29 09:29:00
1659086940507104000,29.35,2,29.35,6,29.4,24,2,2022-07-29 09:29:00
1659086940542353000,29.35,6,29.3,1,29.4,24,2,2022-07-29 09:29:00
1659086940620205000,29.4,3,29.3,1,29.4,25,1,2022-07-29 09:29:00
1659086941877826000,29.4,10,29.3,1,29.4,12,1,2022-07-29 09:29:01
1659086942197518000,29.4,3,29.35,1,29.4,12,1,2022-07-29 09:29:02
1659086943666471000,29.4,1,29.35,1,29.4,8,1,2022-07-29 09:29:03
1659086943785833000,29.4,8,29.35,1,29.5,54,1,2022-07-29 09:29:03
1659086943785833000,29.45,2,29.35,1,29.5,54,1,2022-07-29 09:29:03
1659086944180883000,29.35,1,29.35,2,29.45,7,2,2022-07-29 09:29:04
1659086944686905000,29.45,3,29.35,1,29.45,4,1,2022-07-29 09:29:04
1659086944955936000,29.4,1,29.4,2,29.45,4,2,2022-07-29 09:29:04
1659086944990271000,29.4,2,29.35,1,29.45,4,2,2022-07-29 09:29:04
1659086945720024000,29.45,1,29.4,7,29.45,4,1,2022-07-29 09:29:05
1659086946475666000,29.45,1,29.4,7,29.45,4,1,2022-07-29 09:29:06
1659086946798922000,29.4,1,29.4,6,29.45,4,2,2022-07-29 09:29:06
1659086947471753000,29.45,1,29.4,7,29.45,3,1,2022-07-29 09:29:07
1659086948344319000,29.45,1,29.4,8,29.45,3,1,2022-07-29 09:29:08
1659086949124189000,29.45,3,29.4,19,29.45,3,1,2022-07-29 09:29:09
1659086949799266000,29.45,1,29.4,19,29.5,54,2,2022-07-29 09:29:09
1659086950621905000,29.45,1,29.4,19,29.45,7,1,2022-07-29 09:29:10
1659086951600558000,29.45,1,29.4,19,29.45,8,1,2022-07-29 09:29:11
1659086952612703000,29.45,1,29.4,21,29.45,11,1,2022-07-29 09:29:12
1659086952822551000,29.45,2,29.4,21,29.45,8,1,2022-07-29 09:29:12
1659086952885893000,29.45,1,29.4,21,29.45,7,1,2022-07-29 09:29:12
1659086952952376000,29.45,4,29.4,21,29.45,3,1,2022-07-29 09:29:12
1659086952996365000,29.45,3,29.4,21,29.5,37,1,2022-07-29 09:29:12
1659086952996365000,29.5,17,29.4,21,29.5,37,1,2022-07-29 09:29:12
1659086954129243000,29.5,10,29.45,4,29.5,27,1,2022-07-29 09:29:14
1659086954431786000,29.45,3,29.45,1,29.5,27,2,2022-07-29 09:29:14
1659086954612031000,29.45,1,29.4,14,29.5,27,2,2022-07-29 09:29:14
1659086954612031000,29.4,2,29.4,14,29.5,27,2,2022-07-29 09:29:14
1659086955115954000,29.5,2,29.4,14,29.5,25,1,2022-07-29 09:29:15
1659086955461486000,29.45,1,29.4,14,29.45,4,1,2022-07-29 09:29:15
1659086955560747000,29.45,1,29.4,14,29.45,5,1,2022-07-29 09:29:15
1659086955808543000,29.45,1,29.4,14,29.45,2,1,2022-07-29 09:29:15
1659086957194860000,29.45,3,29.4,15,29.5,7,1,2022-07-29 09:29:17
1659086957194860000,29.5,13,29.4,15,29.5,7,1,2022-07-29 09:29:17
1659086958014935000,29.5,5,29.4,16,29.5,2,1,2022-07-29 09:29:18
1659086958198587000,29.5,1,29.4,16,29.5,1,1,2022-07-29 09:29:18
1659086959304063000,29.45,1,29.4,18,29.45,1,1,2022-07-29 09:29:19
1659086959442589000,29.45,1,29.4,18,29.5,13,1,2022-07-29 09:29:19
1659086960705665000,29.45,1,29.4,18,29.45,4,1,2022-07-29 09:29:20
1659086961179399000,29.45,3,29.4,18,29.45,1,1,2022-07-29 09:29:21
1659086961781600000,29.45,1,29.4,18,29.5,21,1,2022-07-29 09:29:21
1659086961781600000,29.5,1,29.4,18,29.5,21,1,2022-07-29 09:29:21
1659086962337872000,29.5,1,29.4,18,29.5,20,1,2022-07-29 09:29:22
1659086962378672000,29.5,1,29.4,18,29.5,19,1,2022-07-29 09:29:22
1659086963116540000,29.5,16,29.45,30,29.5,3,1,2022-07-29 09:29:23
1659086963450752000,29.5,2,29.45,31,29.5,1,1,2022-07-29 09:29:23
1659086963666103000,29.5,1,29.45,31,29.55,10,1,2022-07-29 09:29:23
1659086963901486000,29.45,1,29.45,30,29.55,10,2,2022-07-29 09:29:23
1659086964601265000,29.55,6,29.5,3,29.55,4,1,2022-07-29 09:29:24
1659086965699098000,29.55,2,29.5,5,29.55,2,1,2022-07-29 09:29:25
1659086965712922000,29.55,2,29.5,5,29.55,4,1,2022-07-29 09:29:25
1659086965808578000,29.55,2,29.5,5,29.6,44,2,2022-07-29 09:29:25
1659086966300554000,29.5,1,29.5,4,29.55,4,2,2022-07-29 09:29:26
1659086966468737000,29.55,4,29.5,4,29.6,28,1,2022-07-29 09:29:26
1659086966468737000,29.6,16,29.5,4,29.6,28,1,2022-07-29 09:29:26
1659086967592813000,29.6,3,29.55,6,29.6,25,1,2022-07-29 09:29:27
1659086967632033000,29.55,2,29.55,6,29.6,28,2,2022-07-29 09:29:27
1659086968073617000,29.6,10,29.55,4,29.6,25,1,2022-07-29 09:29:28
1659086968225011000,29.6,2,29.55,4,29.6,13,1,2022-07-29 09:29:28
1659086968325181000,29.55,2,29.55,2,29.6,13,2,2022-07-29 09:29:28
1659086968622160000,29.6,7,29.55,2,29.6,6,1,2022-07-29 09:29:28
1659086968664506000,29.6,1,29.55,2,29.6,13,1,2022-07-29 09:29:28
1659086968862077000,29.6,1,29.55,2,29.6,4,1,2022-07-29 09:29:28
1659086969409384000,29.6,1,29.55,2,29.6,3,1,2022-07-29 09:29:29
1659086970111980000,29.6,1,29.55,2,29.6,2,1,2022-07-29 09:29:30
1659086970146125000,29.6,2,29.55,2,29.6,2,1,2022-07-29 09:29:30
1659086970404760000,29.65,1,29.6,6,29.65,2,1,2022-07-29 09:29:30
1659086970448554000,29.65,1,29.6,7,29.65,1,1,2022-07-29 09:29:30
1659086970449935000,29.65,1,29.6,7,29.7,29,1,2022-07-29 09:29:30
1659086970451902000,29.7,1,29.6,7,29.7,28,1,2022-07-29 09:29:30
1659086970454035000,29.7,1,29.6,9,29.7,27,1,2022-07-29 09:29:30
1659086970456103000,29.7,1,29.6,9,29.7,26,1,2022-07-29 09:29:30
1659086970965837000,29.7,2,29.65,3,29.7,26,1,2022-07-29 09:29:30
1659086971561073000,29.7,2,29.65,3,29.7,24,1,2022-07-29 09:29:31
1659086971910236000,29.65,2,29.65,1,29.7,22,2,2022-07-29 09:29:31
1659086972208984000,29.7,1,29.65,1,29.7,21,1,2022-07-29 09:29:32
1659086972537251000,29.7,1,29.65,3,29.7,20,1,2022-07-29 09:29:32
1659086972665486000,29.7,3,29.65,3,29.7,21,1,2022-07-29 09:29:32
1659086973334147000,29.7,1,29.65,3,29.7,16,1,2022-07-29 09:29:33
1659086973760002000,29.7,1,29.65,4,29.7,15,1,2022-07-29 09:29:33
1659086973774528000,29.7,15,29.7,3,29.75,2,1,2022-07-29 09:29:33
1659086974933326000,29.75,5,29.7,8,29.75,2,1,2022-07-29 09:29:34
1659086975028008000,29.75,2,29.75,2,29.8,22,1,2022-07-29 09:29:35
1659086975615694000,29.75,1,29.75,1,29.8,22,2,2022-07-29 09:29:35
1659086975729077000,29.75,1,29.7,16,29.75,4,2,2022-07-29 09:29:35
1659086976271292000,29.75,1,29.7,18,29.75,3,1,2022-07-29 09:29:36
1659086976411205000,29.7,18,29.65,4,29.7,17,2,2022-07-29 09:29:36
1659086976761118000,29.65,4,29.6,15,29.7,18,2,2022-07-29 09:29:36
1659086976761118000,29.6,1,29.6,15,29.7,18,2,2022-07-29 09:29:36
1659086976775696000,29.7,1,29.6,15,29.7,17,1,2022-07-29 09:29:36
1659086977054480000,29.6,1,29.6,14,29.65,4,2,2022-07-29 09:29:37
1659086977473896000,29.6,12,29.6,2,29.65,11,2,2022-07-29 09:29:37
1659086977504296000,29.6,2,29.55,9,29.65,11,2,2022-07-29 09:29:37
1659086977598959000,29.6,1,29.55,9,29.65,12,1,2022-07-29 09:29:37
1659086977598959000,29.65,2,29.55,9,29.65,12,1,2022-07-29 09:29:37
1659086977727689000,29.65,5,29.55,9,29.65,13,1,2022-07-29 09:29:37
1659086978408085000,29.55,1,29.55,8,29.6,13,2,2022-07-29 09:29:38
1659086978508784000,29.6,1,29.55,8,29.6,12,1,2022-07-29 09:29:38
1659086978643020000,29.55,1,29.55,8,29.6,14,2,2022-07-29 09:29:38
1659086978713985000,29.55,3,29.55,4,29.6,14,2,2022-07-29 09:29:38
1659086978871006000,29.55,4,29.5,14,29.55,1,2,2022-07-29 09:29:38
1659086979623175000,29.55,4,29.5,14,29.6,15,1,2022-07-29 09:29:39
1659086979623175000,29.6,1,29.5,14,29.6,15,1,2022-07-29 09:29:39
1659086980245672000,29.6,1,29.5,14,29.6,13,1,2022-07-29 09:29:40
1659086980296816000,29.6,1,29.5,14,29.6,12,1,2022-07-29 09:29:40
1659086980550747000,29.5,1,29.5,13,29.6,16,2,2022-07-29 09:29:40
1659086981310354000,29.55,1,29.5,13,29.55,1,1,2022-07-29 09:29:41
1659086982929183000,29.55,1,29.5,34,29.55,3,1,2022-07-29 09:29:42
1659086983504952000,29.55,2,29.5,33,29.55,1,1,2022-07-29 09:29:43
1659086983768712000,29.55,1,29.5,37,29.6,14,1,2022-07-29 09:29:43
1659086984557478000,29.55,1,29.5,37,29.55,10,1,2022-07-29 09:29:44
1659086985103467000,29.5,3,29.5,37,29.55,11,2,2022-07-29 09:29:45
1659086985487259000,29.55,2,29.5,34,29.55,10,1,2022-07-29 09:29:45
1659086985957315000,29.55,1,29.5,34,29.55,13,1,2022-07-29 09:29:45
1659086986350292000,29.5,2,29.5,32,29.55,13,2,2022-07-29 09:29:46
1659086986675128000,29.5,5,29.5,27,29.55,13,2,2022-07-29 09:29:46
1659086986882824000,29.55,3,29.5,27,29.55,10,1,2022-07-29 09:29:46
1659086987109677000,29.5,1,29.5,26,29.55,10,2,2022-07-29 09:29:47
1659086987414549000,29.55,1,29.5,26,29.55,17,1,2022-07-29 09:29:47
1659086987647133000,29.5,1,29.5,25,29.55,16,2,2022-07-29 09:29:47
1659086988148359000,29.5,5,29.5,20,29.55,16,2,2022-07-29 09:29:48
1659086988487964000,29.5,1,29.5,19,29.55,16,2,2022-07-29 09:29:48
1659086988491472000,29.5,1,29.5,18,29.55,16,2,2022-07-29 09:29:48
1659086988526356000,29.5,18,29.45,38,29.55,16,2,2022-07-29 09:29:48
1659086989151283000,29.5,1,29.45,38,29.55,16,1,2022-07-29 09:29:49
1659086990293476000,29.5,1,29.45,38,29.5,10,1,2022-07-29 09:29:50
1659086990917397000,29.5,1,29.45,38,29.5,9,1,2022-07-29 09:29:50
1659086991055311000,29.5,1,29.45,38,29.5,10,1,2022-07-29 09:29:51
1659086991262088000,29.5,3,29.45,38,29.5,5,1,2022-07-29 09:29:51
1659086991523477000,29.5,1,29.45,38,29.5,4,1,2022-07-29 09:29:51
1659086991570585000,29.5,1,29.45,38,29.5,3,1,2022-07-29 09:29:51
1659086991602552000,29.5,2,29.45,38,29.5,5,1,2022-07-29 09:29:51
1659086991966940000,29.5,1,29.45,38,29.5,1,1,2022-07-29 09:29:51
1659086992887016000,29.5,2,29.45,36,29.55,13,1,2022-07-29 09:29:52
1659086995924567000,29.55,1,29.5,1,29.55,18,1,2022-07-29 09:29:55
1659086996349565000,29.5,1,29.45,38,29.5,3,2,2022-07-29 09:29:56
1659086996464287000,29.5,1,29.45,38,29.5,8,1,2022-07-29 09:29:56
1659086996752968000,29.5,3,29.45,38,29.5,4,1,2022-07-29 09:29:56
1659086996776504000,29.45,1,29.45,37,29.5,4,2,2022-07-29 09:29:56
1659086999642446000,29.5,2,29.45,39,29.5,4,1,2022-07-29 09:29:59
1659087000358679000,29.45,3,29.45,36,29.5,4,2,2022-07-29 09:30:00
1659087000744874000,29.5,1,29.45,36,29.5,3,1,2022-07-29 09:30:00
1659087001608996000,29.5,1,29.45,35,29.5,4,1,2022-07-29 09:30:01
1659087002032436000,29.5,1,29.45,35,29.5,2,1,2022-07-29 09:30:02
1659087002234394000,29.45,2,29.45,33,29.5,2,2,2022-07-29 09:30:02
1659087002583399000,29.5,1,29.45,33,29.5,2,1,2022-07-29 09:30:02
1659087003501100000,29.5,1,29.45,33,29.5,2,1,2022-07-29 09:30:03
1659087004412704000,29.5,1,29.45,34,29.5,1,1,2022-07-29 09:30:04
1659087004897386000,29.5,2,29.45,34,29.55,17,1,2022-07-29 09:30:04
1659087005066449000,29.45,2,29.45,34,29.55,17,2,2022-07-29 09:30:05
1659087006483644000,29.5,2,29.45,32,29.5,3,1,2022-07-29 09:30:06
1659087007755883000,29.45,2,29.45,32,29.5,16,2,2022-07-29 09:30:07
1659087008251474000,29.5,1,29.45,30,29.5,15,1,2022-07-29 09:30:08
1659087008579869000,29.45,4,29.45,30,29.5,20,2,2022-07-29 09:30:08
1659087008614658000,29.45,2,29.45,24,29.5,20,2,2022-07-29 09:30:08
1659087009037949000,29.5,5,29.45,24,29.5,15,1,2022-07-29 09:30:09
1659087009866837000,29.45,1,29.45,23,29.5,15,2,2022-07-29 09:30:09
1659087010176728000,29.45,2,29.45,21,29.5,15,2,2022-07-29 09:30:10
1659087010742101000,29.5,10,29.45,21,29.5,5,1,2022-07-29 09:30:10
1659087010770935000,29.45,1,29.45,20,29.5,5,2,2022-07-29 09:30:10
1659087011121082000,29.45,1,29.45,20,29.5,5,2,2022-07-29 09:30:11
1659087014007315000,29.5,1,29.45,20,29.5,8,1,2022-07-29 09:30:14
1659087014020305000,29.45,2,29.45,18,29.5,8,2,2022-07-29 09:30:14
1659087014141875000,29.45,15,29.45,4,29.5,8,2,2022-07-29 09:30:14
1659087015012221000,29.45,4,29.4,8,29.45,4,2,2022-07-29 09:30:15
1659087015051796000,29.4,1,29.45,4,29.5,9,2,2022-07-29 09:30:15
1659087015149565000,29.4,5,29.4,2,29.45,4,2,2022-07-29 09:30:15
1659087015485085000,29.4,2,29.35,11,29.4,18,2,2022-07-29 09:30:15
1659087015825521000,29.4,1,29.35,11,29.4,17,1,2022-07-29 09:30:15
1659087017862775000,29.4,2,29.35,11,29.4,15,1,2022-07-29 09:30:17
1659087018017049000,29.4,5,29.35,11,29.4,17,1,2022-07-29 09:30:18
1659087021549443000,29.4,1,29.35,10,29.4,15,1,2022-07-29 09:30:21
1659087022738017000,29.35,10,29.3,3,29.35,10,2,2022-07-29 09:30:22
1659087023070236000,29.35,3,29.3,3,29.35,7,1,2022-07-29 09:30:23
1659087023856256000,29.35,1,29.3,2,29.35,6,1,2022-07-29 09:30:23
1659087024784344000,29.35,7,29.3,2,29.4,12,1,2022-07-29 09:30:24
1659087024784344000,29.4,3,29.3,2,29.4,12,1,2022-07-29 09:30:24
1659087025591082000,29.35,1,29.3,2,29.4,12,1,2022-07-29 09:30:25
1659087025892395000,29.4,1,29.3,2,29.4,11,1,2022-07-29 09:30:25
1659087028309240000,29.35,1,29.35,1,29.4,11,2,2022-07-29 09:30:28
1659087029450128000,29.4,2,29.35,1,29.4,9,1,2022-07-29 09:30:29
1659087030118093000,29.4,4,29.35,1,29.4,5,1,2022-07-29 09:30:30
1659087031036829000,29.4,4,29.35,1,29.4,1,1,2022-07-29 09:30:31
1659087031094845000,29.35,1,29.25,8,29.4,1,2,2022-07-29 09:30:31
1659087031094845000,29.3,1,29.25,8,29.4,1,2,2022-07-29 09:30:31
1659087031094845000,29.25,4,29.25,8,29.4,1,2,2022-07-29 09:30:31
1659087031167866000,29.35,1,29.25,8,29.4,1,1,2022-07-29 09:30:31
1659087036451727000,29.4,1,29.35,2,29.4,3,1,2022-07-29 09:30:36
1659087037266495000,29.4,2,29.35,4,29.5,8,1,2022-07-29 09:30:37
1659087037266495000,29.45,4,29.35,4,29.5,8,1,2022-07-29 09:30:37
1659087037432714000,29.35,1,29.35,3,29.5,8,2,2022-07-29 09:30:37
1659087045626087000,29.5,1,29.4,3,29.5,9,1,2022-07-29 09:30:45
1659087051620545000,29.5,1,29.45,10,29.5,11,1,2022-07-29 09:30:51
1659087051644161000,29.5,1,29.45,10,29.5,10,1,2022-07-29 09:30:51
1659087053853151000,29.5,1,29.45,10,29.5,13,1,2022-07-29 09:30:53
1659087056149633000,29.5,1,29.45,10,29.5,22,1,2022-07-29 09:30:56
1659087056300936000,29.5,1,29.45,10,29.5,21,1,2022-07-29 09:30:56
1659087056359925000,29.5,3,29.45,10,29.5,18,1,2022-07-29 09:30:56
1659087056695322000,29.5,2,29.45,10,29.5,16,1,2022-07-29 09:30:56
1659087059547515000,29.45,1,29.45,9,29.5,16,2,2022-07-29 09:30:59
1659087060102606000,29.45,4,29.45,5,29.5,16,2,2022-07-29 09:31:00
1659087060545678000,29.45,4,29.45,1,29.5,19,2,2022-07-29 09:31:00
1659087061264280000,29.45,1,29.4,3,29.45,3,2,2022-07-29 09:31:01
1659087065413915000,29.4,3,29.35,7,29.45,5,2,2022-07-29 09:31:05
1659087068175132000,29.45,1,29.35,7,29.45,4,1,2022-07-29 09:31:08
1659087070668811000,29.35,1,29.35,6,29.45,5,2,2022-07-29 09:31:10
1659087074620720000,29.35,5,29.3,6,29.45,22,2,2022-07-29 09:31:14
1659087074620720000,29.3,1,29.3,6,29.45,22,2,2022-07-29 09:31:14
1659087077462318000,29.35,1,29.3,6,29.4,1,2,2022-07-29 09:31:17
1659087083351945000,29.35,1,29.3,6,29.35,6,1,2022-07-29 09:31:23
1659087083394928000,29.3,1,29.3,5,29.35,6,2,2022-07-29 09:31:23
1659087084455832000,29.35,1,29.3,4,29.35,5,1,2022-07-29 09:31:24
1659087090732479000,29.35,2,29.3,4,29.35,4,1,2022-07-29 09:31:30
1659087092196938000,29.35,1,29.3,4,29.35,1,1,2022-07-29 09:31:32
1659087093416259000,29.3,1,29.3,3,29.35,1,2,2022-07-29 09:31:33
1659087096569951000,29.35,2,29.3,4,29.35,1,1,2022-07-29 09:31:36
1659087106276356000,29.35,1,29.3,16,29.35,1,1,2022-07-29 09:31:46
1659087107874285000,29.3,2,29.3,14,29.35,1,2,2022-07-29 09:31:47
1659087107907917000,29.35,1,29.3,14,29.4,5,1,2022-07-29 09:31:47
1659087109032193000,29.3,1,29.3,13,29.4,5,2,2022-07-29 09:31:49
1659087109712330000,29.4,2,29.3,13,29.4,3,1,2022-07-29 09:31:49
1659087111209827000,29.35,1,29.3,18,29.4,3,1,2022-07-29 09:31:51
1659087113718979000,29.3,2,29.3,16,29.45,20,2,2022-07-29 09:31:53
1659087118750168000,29.35,2,29.35,1,29.4,1,2,2022-07-29 09:31:58
1659087122296157000,29.35,1,29.3,18,29.4,1,2,2022-07-29 09:32:02
1659087122570281000,29.3,5,29.3,13,29.4,1,2,2022-07-29 09:32:02
1659087131455846000,29.35,1,29.3,14,29.4,1,2,2022-07-29 09:32:11
1659087131484592000,29.3,2,29.3,12,29.4,1,2,2022-07-29 09:32:11
1659087133956668000,29.3,1,29.3,11,29.4,1,2,2022-07-29 09:32:13
1659087134271412000,29.3,1,29.3,10,29.4,1,2,2022-07-29 09:32:14
1659087139054465000,29.35,1,29.35,1,29.4,1,1,2022-07-29 09:32:19
1659087142841266000,29.35,1,29.3,10,29.4,1,2,2022-07-29 09:32:22
1659087150847344000,29.35,1,29.35,2,29.4,3,1,2022-07-29 09:32:30
1659087152791509000,29.35,2,29.3,12,29.4,3,2,2022-07-29 09:32:32
1659087167137185000,29.35,1,29.35,2,29.4,6,2,2022-07-29 09:32:47
1659087172465080000,29.35,2,29.3,12,29.4,6,2,2022-07-29 09:32:52
1659087187075531000,29.3,1,29.3,12,29.35,5,2,2022-07-29 09:33:07
1659087191001056000,29.3,1,29.3,11,29.35,5,2,2022-07-29 09:33:11
1659087192414923000,29.3,4,29.3,7,29.35,5,2,2022-07-29 09:33:12
1659087193195927000,29.3,4,29.3,3,29.35,5,2,2022-07-29 09:33:13
1659087193931262000,29.3,2,29.3,1,29.35,5,2,2022-07-29 09:33:13
1659087195420416000,29.35,1,29.3,1,29.35,4,1,2022-07-29 09:33:15
1659087197838078000,29.35,1,29.3,1,29.35,3,1,2022-07-29 09:33:17
1659087200019684000,29.3,1,29.25,17,29.3,2,2,2022-07-29 09:33:20
1659087205005031000,29.3,1,29.25,17,29.3,1,1,2022-07-29 09:33:25
1659087211786637000,29.3,3,29.25,18,29.3,1,1,2022-07-29 09:33:31
1659087215169719000,29.3,1,29.3,3,29.35,4,1,2022-07-29 09:33:35
1659087218535304000,29.3,1,29.3,3,29.35,4,2,2022-07-29 09:33:38
1659087224847392000,29.3,1,29.3,2,29.35,4,2,2022-07-29 09:33:44
1659087225583599000,29.3,2,29.25,28,29.35,4,2,2022-07-29 09:33:45
1659087228781998000,29.3,1,29.25,28,29.3,2,1,2022-07-29 09:33:48
1659087236100154000,29.3,1,29.25,29,29.3,3,1,2022-07-29 09:33:56
1659087246081362000,29.3,1,29.25,29,29.3,3,1,2022-07-29 09:34:06
1659087248048326000,29.25,1,29.25,28,29.3,3,2,2022-07-29 09:34:08
1659087251919985000,29.25,1,29.25,27,29.3,2,2,2022-07-29 09:34:11
1659087253754965000,29.25,15,29.25,12,29.3,2,2,2022-07-29 09:34:13
1659087253796200000,29.25,1,29.25,11,29.3,2,2,2022-07-29 09:34:13
1659087253833466000,29.25,2,29.25,9,29.3,2,2,2022-07-29 09:34:13
1659087254835446000,29.25,1,29.25,8,29.3,2,2,2022-07-29 09:34:14
1659087255496328000,29.25,1,29.25,7,29.3,2,2,2022-07-29 09:34:15
1659087255607663000,29.25,3,29.25,4,29.3,2,2,2022-07-29 09:34:15
1659087256170915000,29.25,2,29.25,2,29.3,2,2,2022-07-29 09:34:16
1659087256230291000,29.25,1,29.25,1,29.3,2,2,2022-07-29 09:34:16
1659087256700326000,29.25,1,29.2,5,29.3,2,2,2022-07-29 09:34:16
1659087257174739000,29.25,1,29.2,5,29.3,2,1,2022-07-29 09:34:17
1659087271196103000,29.25,1,29.2,4,29.25,2,1,2022-07-29 09:34:31
1659087273894556000,29.2,2,29.2,2,29.25,1,2,2022-07-29 09:34:33
1659087276021249000,29.2,1,29.2,1,29.25,1,2,2022-07-29 09:34:36
1659087277778703000,29.2,1,29.15,4,29.25,1,2,2022-07-29 09:34:37
1659087278057566000,29.15,1,29.15,3,29.25,1,2,2022-07-29 09:34:38
1659087278235663000,29.15,1,29.15,2,29.25,1,2,2022-07-29 09:34:38
1659087278247128000,29.15,1,29.15,1,29.25,1,2,2022-07-29 09:34:38
1659087280404870000,29.2,2,29.1,12,29.25,1,2,2022-07-29 09:34:40
1659087280404870000,29.15,1,29.1,12,29.25,1,2,2022-07-29 09:34:40
1659087287693543000,29.15,1,29.15,1,29.2,4,2,2022-07-29 09:34:47
1659087289928829000,29.15,1,29.15,2,29.2,4,2,2022-07-29 09:34:49
1659087293640228000,29.15,1,29.15,3,29.2,4,2,2022-07-29 09:34:53
1659087301309866000,29.2,4,29.15,5,29.2,4,1,2022-07-29 09:35:01
1659087304326807000,29.2,1,29.2,1,29.25,2,2,2022-07-29 09:35:04
1659087308822639000,29.2,1,29.15,15,29.25,1,2,2022-07-29 09:35:08
1659087309306707000,29.2,1,29.15,15,29.2,1,1,2022-07-29 09:35:09
1659087312477610000,29.2,1,29.15,15,29.25,1,1,2022-07-29 09:35:12
1659087315254722000,29.2,1,29.15,16,29.25,1,1,2022-07-29 09:35:15
1659087331149351000,29.25,1,29.2,5,29.3,5,1,2022-07-29 09:35:31
1659087347710631000,29.25,1,29.25,2,29.3,5,1,2022-07-29 09:35:47
1659087348317684000,29.25,2,29.2,5,29.25,1,2,2022-07-29 09:35:48
1659087380318947000,29.25,1,29.2,5,29.3,5,1,2022-07-29 09:36:20
1659087388460669000,29.3,1,29.2,5,29.3,4,1,2022-07-29 09:36:28
1659087393557842000,29.25,1,29.2,5,29.3,5,2,2022-07-29 09:36:33
1659087394427292000,29.25,1,29.2,5,29.3,5,2,2022-07-29 09:36:34
1659087394460067000,29.2,1,29.2,4,29.3,5,2,2022-07-29 09:36:34
1659087394552563000,29.2,1,29.2,3,29.3,5,2,2022-07-29 09:36:34
1659087394559543000,29.2,1,29.2,2,29.3,5,2,2022-07-29 09:36:34
1659087394583719000,29.2,2,29.15,9,29.3,5,2,2022-07-29 09:36:34
1659087398329528000,29.15,1,29.15,8,29.3,5,2,2022-07-29 09:36:38
1659087405891707000,29.2,1,29.2,1,29.3,6,2,2022-07-29 09:36:45
1659087419353838000,29.2,1,29.2,15,29.3,11,2,2022-07-29 09:36:59
1659087425815100000,29.2,3,29.15,9,29.2,2,2,2022-07-29 09:37:05
1659087446677717000,29.2,1,29.15,8,29.2,5,1,2022-07-29 09:37:26
1659087452089610000,29.2,2,29.15,8,29.2,3,1,2022-07-29 09:37:32
1659087453504277000,29.2,1,29.15,8,29.2,2,1,2022-07-29 09:37:33
1659087463248825000,29.2,2,29.15,7,29.3,11,1,2022-07-29 09:37:43
1659087484070709000,29.2,1,29.2,2,29.25,1,2,2022-07-29 09:38:04
1659087487609073000,29.25,1,29.2,2,29.3,7,1,2022-07-29 09:38:07
1659087516207113000,29.25,1,29.2,2,29.3,7,2,2022-07-29 09:38:36
1659087519411275000,29.25,1,29.2,2,29.3,7,1,2022-07-29 09:38:39
1659087529203457000,29.25,2,29.2,14,29.3,5,1,2022-07-29 09:38:49
1659087529203457000,29.3,3,29.2,14,29.3,5,1,2022-07-29 09:38:49
1659087530364594000,29.25,2,29.2,14,29.3,5,1,2022-07-29 09:38:50
1659087534372160000,29.25,2,29.2,1,29.3,5,2,2022-07-29 09:38:54
1659087534372160000,29.2,13,29.2,1,29.3,5,2,2022-07-29 09:38:54
1659087538416020000,29.3,1,29.25,2,29.3,5,1,2022-07-29 09:38:58
1659087553005334000,29.25,1,29.25,1,29.3,5,2,2022-07-29 09:39:13
1659087556423001000,29.25,1,29.15,10,29.3,5,2,2022-07-29 09:39:16
1659087558808020000,29.3,1,29.15,20,29.3,4,1,2022-07-29 09:39:18
1659087577340457000,29.3,2,29.3,1,29.35,4,1,2022-07-29 09:39:37
1659087579504089000,29.35,2,29.3,1,29.35,2,1,2022-07-29 09:39:39
1659087590785317000,29.3,8,29.25,1,29.3,2,2,2022-07-29 09:39:50
1659087605866791000,29.3,2,29.25,1,29.35,3,1,2022-07-29 09:40:05
1659087619637754000,29.35,2,29.3,11,29.35,1,1,2022-07-29 09:40:19
1659087621678051000,29.3,3,29.3,8,29.35,1,2,2022-07-29 09:40:21
1659087646260878000,29.35,1,29.3,19,29.4,9,1,2022-07-29 09:40:46
1659087658508768000,29.4,3,29.35,11,29.4,6,1,2022-07-29 09:40:58
1659087658527322000,29.4,6,29.35,11,29.45,18,1,2022-07-29 09:40:58
1659087663573538000,29.45,1,29.4,5,29.45,17,1,2022-07-29 09:41:03
1659087664629326000,29.45,2,29.4,5,29.45,15,1,2022-07-29 09:41:04
1659087665171538000,29.45,1,29.4,5,29.45,14,1,2022-07-29 09:41:05
1659087667252928000,29.45,5,29.4,5,29.45,9,1,2022-07-29 09:41:07
1659087668213389000,29.45,1,29.4,10,29.45,8,1,2022-07-29 09:41:08
1659087668244878000,29.45,8,29.4,10,29.5,23,1,2022-07-29 09:41:08
1659087669677407000,29.5,3,29.4,11,29.5,20,1,2022-07-29 09:41:09
1659087670604325000,29.5,1,29.45,10,29.5,19,1,2022-07-29 09:41:10
1659087671011168000,29.5,10,29.45,10,29.5,9,1,2022-07-29 09:41:11
1659087671268845000,29.5,9,29.45,11,29.55,5,1,2022-07-29 09:41:11
1659087671632585000,29.55,5,29.45,11,29.6,4,1,2022-07-29 09:41:11
1659087674043850000,29.6,1,29.45,12,29.6,3,1,2022-07-29 09:41:14
1659087674117321000,29.45,2,29.45,10,29.6,3,2,2022-07-29 09:41:14
1659087689362353000,29.55,1,29.5,21,29.6,5,1,2022-07-29 09:41:29
1659087692403569000,29.6,5,29.5,25,29.65,5,1,2022-07-29 09:41:32
1659087695536550000,29.55,1,29.5,24,29.65,4,1,2022-07-29 09:41:35
1659087695536550000,29.65,1,29.5,24,29.65,4,1,2022-07-29 09:41:35
1659087696116819000,29.65,4,29.5,24,29.7,20,1,2022-07-29 09:41:36
1659087696116819000,29.7,3,29.5,24,29.7,20,1,2022-07-29 09:41:36
1659087696127069000,29.7,2,29.5,24,29.7,18,1,2022-07-29 09:41:36
1659087697585651000,29.6,1,29.55,11,29.7,18,1,2022-07-29 09:41:37
1659087699955506000,29.6,1,29.55,12,29.6,1,1,2022-07-29 09:41:39
1659087702533773000,29.65,4,29.6,16,29.65,2,1,2022-07-29 09:41:42
1659087704820126000,29.65,1,29.6,16,29.65,1,1,2022-07-29 09:41:44
1659087704903852000,29.65,1,29.65,1,29.7,20,1,2022-07-29 09:41:44
1659087704933474000,29.65,1,29.6,16,29.7,20,2,2022-07-29 09:41:44
1659087705240850000,29.65,2,29.65,6,29.7,20,2,2022-07-29 09:41:45
1659087705677318000,29.65,5,29.65,1,29.7,20,2,2022-07-29 09:41:45
1659087705704115000,29.65,1,29.6,16,29.7,20,2,2022-07-29 09:41:45
1659087706555886000,29.65,1,29.65,9,29.7,20,1,2022-07-29 09:41:46
1659087706946762000,29.65,3,29.65,9,29.7,20,2,2022-07-29 09:41:46
1659087708177835000,29.7,1,29.65,9,29.7,19,1,2022-07-29 09:41:48
1659087708243602000,29.7,19,29.65,9,29.8,18,1,2022-07-29 09:41:48
1659087708243602000,29.75,10,29.65,9,29.8,18,1,2022-07-29 09:41:48
1659087708243602000,29.8,1,29.65,9,29.8,18,1,2022-07-29 09:41:48
1659087709371714000,29.65,4,29.65,5,29.8,18,2,2022-07-29 09:41:49
1659087709377747000,29.8,3,29.65,5,29.8,15,1,2022-07-29 09:41:49
1659087709575322000,29.8,2,29.65,5,29.8,13,1,2022-07-29 09:41:49
1659087709584511000,29.65,1,29.65,4,29.8,13,2,2022-07-29 09:41:49
1659087710107038000,29.8,2,29.65,4,29.8,13,1,2022-07-29 09:41:50
1659087713793955000,29.75,1,29.65,5,29.8,15,1,2022-07-29 09:41:53
1659087714104405000,29.65,2,29.65,8,29.8,15,2,2022-07-29 09:41:54
1659087715304335000,29.65,1,29.65,7,29.75,1,2,2022-07-29 09:41:55
1659087715338453000,29.65,5,29.65,2,29.75,1,2,2022-07-29 09:41:55
1659087715369268000,29.65,2,29.6,12,29.75,1,2,2022-07-29 09:41:55
1659087719706168000,29.7,1,29.65,13,29.75,5,1,2022-07-29 09:41:59
1659087720514015000,29.75,2,29.65,13,29.75,3,1,2022-07-29 09:42:00
1659087722744938000,29.75,3,29.65,15,29.75,2,1,2022-07-29 09:42:02
1659087724791113000,29.7,1,29.7,1,29.75,3,1,2022-07-29 09:42:04
1659087726255972000,29.7,1,29.65,16,29.75,4,2,2022-07-29 09:42:06
1659087728971279000,29.7,1,29.7,9,29.75,6,2,2022-07-29 09:42:08
1659087730650844000,29.7,1,29.7,18,29.75,7,2,2022-07-29 09:42:10
1659087733229904000,29.7,1,29.7,17,29.75,7,2,2022-07-29 09:42:13
1659087735885444000,29.7,1,29.7,16,29.75,7,2,2022-07-29 09:42:15
1659087736397857000,29.75,1,29.7,16,29.75,6,1,2022-07-29 09:42:16
1659087738541145000,29.75,6,29.75,5,29.8,18,1,2022-07-29 09:42:18
1659087740317697000,29.8,18,29.75,5,29.9,34,1,2022-07-29 09:42:20
1659087740317697000,29.85,4,29.75,5,29.9,34,1,2022-07-29 09:42:20
1659087740317697000,29.9,3,29.75,5,29.9,34,1,2022-07-29 09:42:20
1659087740644227000,29.9,1,29.75,10,29.9,34,1,2022-07-29 09:42:20
1659087741452068000,29.8,1,29.75,21,29.8,1,1,2022-07-29 09:42:21
1659087741740940000,29.9,3,29.75,21,29.9,30,1,2022-07-29 09:42:21
1659087742449778000,29.9,6,29.75,21,29.9,24,1,2022-07-29 09:42:22
1659087743026040000,29.9,7,29.75,21,29.9,17,1,2022-07-29 09:42:23
1659087743716268000,29.9,1,29.8,2,29.9,16,1,2022-07-29 09:42:23
1659087743748165000,29.9,2,29.8,2,29.9,14,1,2022-07-29 09:42:23
1659087743801227000,29.9,5,29.8,2,29.9,9,1,2022-07-29 09:42:23
1659087744963617000,29.9,1,29.8,2,29.9,9,1,2022-07-29 09:42:24
1659087745639759000,29.85,1,29.8,2,29.9,8,1,2022-07-29 09:42:25
1659087745639759000,29.9,1,29.8,2,29.9,8,1,2022-07-29 09:42:25
1659087746886479000,29.9,1,29.8,2,29.9,9,1,2022-07-29 09:42:26
1659087747170550000,29.9,8,29.9,2,29.95,27,1,2022-07-29 09:42:27
1659087747193428000,29.9,2,29.8,2,29.95,27,2,2022-07-29 09:42:27
1659087748302729000,29.9,1,29.8,2,29.95,27,2,2022-07-29 09:42:28
1659087749878736000,29.95,1,29.8,3,29.95,26,1,2022-07-29 09:42:29
1659087749983512000,29.95,10,29.8,4,29.95,16,1,2022-07-29 09:42:29
1659087750262486000,29.95,1,29.8,8,29.95,15,1,2022-07-29 09:42:30
1659087750334886000,29.95,1,29.8,8,29.95,14,1,2022-07-29 09:42:30
1659087750435194000,29.95,1,29.8,8,29.95,13,1,2022-07-29 09:42:30
1659087750785864000,29.95,2,29.8,8,29.95,11,1,2022-07-29 09:42:30
1659087752540533000,29.95,1,29.8,8,29.95,10,1,2022-07-29 09:42:32
1659087752937401000,29.95,10,29.9,1,30.0,78,1,2022-07-29 09:42:32
1659087752937401000,30.0,13,29.9,1,30.0,78,1,2022-07-29 09:42:32
1659087754308784000,29.95,1,29.9,4,30.0,78,2,2022-07-29 09:42:34
1659087754623803000,30.0,5,29.9,4,30.0,73,1,2022-07-29 09:42:34
1659087756561753000,29.95,1,29.95,3,30.0,68,2,2022-07-29 09:42:36
1659087756607398000,30.0,1,29.95,4,30.0,68,1,2022-07-29 09:42:36
1659087757051874000,30.0,1,29.95,4,30.0,67,1,2022-07-29 09:42:37
1659087758132359000,30.0,3,29.95,4,30.0,30,1,2022-07-29 09:42:38
1659087758353411000,30.0,2,29.95,4,30.0,28,1,2022-07-29 09:42:38
1659087758432040000,30.0,4,29.95,4,30.0,24,1,2022-07-29 09:42:38
1659087758588308000,29.95,1,29.95,3,30.0,25,2,2022-07-29 09:42:38
1659087758611828000,30.0,6,29.95,3,30.0,19,1,2022-07-29 09:42:38
1659087758737099000,30.0,4,29.95,3,30.0,15,1,2022-07-29 09:42:38
1659087758743442000,30.0,4,29.95,3,30.0,11,1,2022-07-29 09:42:38
1659087758869581000,30.0,3,29.95,3,30.0,8,1,2022-07-29 09:42:38
1659087759076957000,30.0,1,29.95,3,30.0,7,1,2022-07-29 09:42:39
1659087759373660000,30.0,1,29.95,3,30.0,6,1,2022-07-29 09:42:39
1659087759732072000,30.0,3,29.95,3,30.0,3,1,2022-07-29 09:42:39
1659087760034444000,30.0,1,29.95,3,30.0,22,1,2022-07-29 09:42:40
1659087760141847000,29.95,3,29.9,6,30.0,22,2,2022-07-29 09:42:40
1659087760445912000,30.0,1,29.9,6,30.0,21,1,2022-07-29 09:42:40
1659087760752776000,29.95,1,29.9,6,29.95,4,1,2022-07-29 09:42:40
1659087761316474000,29.95,1,29.9,6,29.95,5,1,2022-07-29 09:42:41
1659087761494903000,29.9,6,29.85,3,29.95,11,2,2022-07-29 09:42:41
1659087761791590000,29.95,4,29.85,3,29.95,9,1,2022-07-29 09:42:41
1659087762166204000,29.9,1,29.85,3,29.95,10,1,2022-07-29 09:42:42
1659087762166204000,29.95,9,29.85,3,29.95,10,1,2022-07-29 09:42:42
1659087762393710000,29.9,1,29.85,3,29.9,7,1,2022-07-29 09:42:42
1659087762679838000,29.85,3,29.8,4,29.9,7,2,2022-07-29 09:42:42
1659087762679838000,29.8,1,29.8,4,29.9,7,2,2022-07-29 09:42:42
1659087763897514000,29.9,1,29.8,4,29.9,10,1,2022-07-29 09:42:43
1659087764029398000,29.9,1,29.8,4,29.9,9,1,2022-07-29 09:42:44
1659087764683517000,29.85,1,29.8,4,29.9,4,1,2022-07-29 09:42:44
1659087765710793000,29.85,1,29.8,4,29.85,3,1,2022-07-29 09:42:45
1659087767024370000,29.85,4,29.85,1,29.9,14,1,2022-07-29 09:42:47
1659087767058836000,29.85,1,29.8,4,29.85,4,2,2022-07-29 09:42:47
1659087767708878000,29.9,14,29.8,5,30.0,21,1,2022-07-29 09:42:47
1659087767708878000,29.95,3,29.8,5,30.0,21,1,2022-07-29 09:42:47
1659087767708878000,30.0,3,29.8,5,30.0,21,1,2022-07-29 09:42:47
1659087768050857000,29.95,1,29.8,5,29.95,1,1,2022-07-29 09:42:48
1659087768201490000,29.8,2,29.8,3,30.0,21,2,2022-07-29 09:42:48
1659087768238221000,30.0,1,29.8,3,30.0,20,1,2022-07-29 09:42:48
1659087768411402000,30.0,4,29.85,1,30.0,16,1,2022-07-29 09:42:48
1659087768592003000,29.85,2,29.85,4,30.0,16,2,2022-07-29 09:42:48
1659087769758139000,30.0,1,29.85,2,30.0,15,1,2022-07-29 09:42:49
1659087774795425000,29.85,1,29.85,5,29.95,6,2,2022-07-29 09:42:54
1659087776143437000,29.85,1,29.85,6,29.9,1,2,2022-07-29 09:42:56
1659087776822140000,29.9,1,29.85,5,29.95,6,1,2022-07-29 09:42:56
1659087779064437000,29.9,2,29.9,2,29.95,31,2,2022-07-29 09:42:59
1659087780839034000,29.9,1,29.85,11,29.9,3,1,2022-07-29 09:43:00
1659087784202211000,29.9,1,29.85,10,29.9,8,1,2022-07-29 09:43:04
1659087786089985000,29.9,8,29.9,2,29.95,32,1,2022-07-29 09:43:06
1659087786121571000,29.9,2,29.9,2,29.95,32,2,2022-07-29 09:43:06
1659087791395892000,29.9,1,29.9,5,29.95,32,2,2022-07-29 09:43:11
1659087792115468000,29.95,1,29.9,5,29.95,31,1,2022-07-29 09:43:12
1659087792280024000,29.9,1,29.9,4,29.95,31,2,2022-07-29 09:43:12
1659087792306722000,29.9,3,29.9,1,29.95,31,2,2022-07-29 09:43:12
1659087792327219000,29.9,1,29.85,9,29.95,31,2,2022-07-29 09:43:12
1659087794200095000,29.9,2,29.85,9,29.9,2,1,2022-07-29 09:43:14
1659087795391061000,29.85,2,29.85,8,29.9,5,2,2022-07-29 09:43:15
1659087796273526000,29.85,1,29.85,5,29.9,6,2,2022-07-29 09:43:16
1659087798767313000,29.9,1,29.85,1,29.9,5,1,2022-07-29 09:43:18
1659087802782946000,29.9,1,29.85,2,29.9,4,1,2022-07-29 09:43:22
1659087803631385000,29.9,1,29.85,2,29.9,3,1,2022-07-29 09:43:23
1659087807327301000,29.85,2,29.8,13,29.9,34,2,2022-07-29 09:43:27
1659087807397392000,29.8,13,29.75,15,29.9,34,2,2022-07-29 09:43:27
1659087807397392000,29.75,7,29.75,15,29.9,34,2,2022-07-29 09:43:27
1659087807713948000,29.85,1,29.85,4,29.9,35,1,2022-07-29 09:43:27
1659087807735992000,29.85,4,29.75,15,29.9,35,2,2022-07-29 09:43:27
1659087807982348000,29.85,4,29.85,1,29.9,35,2,2022-07-29 09:43:27
1659087808006433000,29.85,1,29.85,5,29.9,35,2,2022-07-29 09:43:28
1659087808221781000,29.9,1,29.75,15,29.9,36,1,2022-07-29 09:43:28
1659087810112504000,29.85,2,29.8,3,29.9,35,1,2022-07-29 09:43:30
1659087810112504000,29.9,1,29.8,3,29.9,35,1,2022-07-29 09:43:30
1659087810809565000,29.85,1,29.8,3,29.85,4,1,2022-07-29 09:43:30
1659087811105578000,29.8,2,29.8,3,29.85,4,2,2022-07-29 09:43:31
1659087812987417000,29.8,1,29.8,1,29.85,6,2,2022-07-29 09:43:32
1659087813603767000,29.75,1,29.75,15,29.85,6,2,2022-07-29 09:43:33
1659087819367147000,29.8,1,29.75,13,29.85,7,2,2022-07-29 09:43:39
1659087820112971000,29.75,1,29.75,12,29.85,8,2,2022-07-29 09:43:40
1659087825277446000,29.75,1,29.75,12,29.8,5,2,2022-07-29 09:43:45
1659087825788415000,29.8,1,29.75,12,29.8,5,1,2022-07-29 09:43:45
1659087830925447000,29.8,2,29.75,13,29.8,3,1,2022-07-29 09:43:50
1659087835130125000,29.75,1,29.75,12,29.8,7,2,2022-07-29 09:43:55
1659087836579105000,29.8,1,29.75,12,29.8,6,1,2022-07-29 09:43:56
1659087837392641000,29.75,1,29.75,11,29.8,6,2,2022-07-29 09:43:57
1659087838279958000,29.75,1,29.75,10,29.8,7,2,2022-07-29 09:43:58
1659087838810488000,29.8,3,29.75,11,29.8,4,1,2022-07-29 09:43:58
1659087842151304000,29.8,1,29.75,11,29.8,3,1,2022-07-29 09:44:02
1659087844203271000,29.8,3,29.75,11,29.8,3,1,2022-07-29 09:44:04
1659087850475764000,29.75,1,29.75,10,29.8,4,2,2022-07-29 09:44:10
1659087851571760000,29.75,10,29.7,10,29.8,4,2,2022-07-29 09:44:11
1659087854370862000,29.75,1,29.75,2,29.8,4,2,2022-07-29 09:44:14
1659087860333036000,29.75,5,29.75,8,29.8,5,2,2022-07-29 09:44:20
1659087861662471000,29.75,1,29.75,7,29.8,5,2,2022-07-29 09:44:21
1659087862011112000,29.75,1,29.75,6,29.8,6,2,2022-07-29 09:44:22
1659087862832655000,29.8,2,29.75,6,29.8,4,1,2022-07-29 09:44:22
1659087863002398000,29.75,1,29.75,10,29.8,4,2,2022-07-29 09:44:23
1659087874218446000,29.75,12,29.65,24,29.8,9,2,2022-07-29 09:44:34
1659087874218446000,29.7,9,29.65,24,29.8,9,2,2022-07-29 09:44:34
1659087874218446000,29.65,1,29.65,24,29.8,9,2,2022-07-29 09:44:34
1659087879623331000,29.8,1,29.7,6,29.8,8,1,2022-07-29 09:44:39
1659087882683770000,29.7,2,29.7,5,29.8,8,2,2022-07-29 09:44:42
1659087885365191000,29.8,1,29.7,6,29.8,8,1,2022-07-29 09:44:45
1659087886966682000,29.8,3,29.7,6,29.8,13,1,2022-07-29 09:44:46
1659087892680090000,29.7,1,29.7,8,29.8,13,2,2022-07-29 09:44:52
1659087901819429000,29.8,1,29.75,2,29.8,13,1,2022-07-29 09:45:01
1659087904369746000,29.75,1,29.75,1,29.8,13,2,2022-07-29 09:45:04
1659087909792384000,29.8,1,29.75,5,29.8,13,1,2022-07-29 09:45:09
1659087911651160000,29.8,1,29.75,6,29.8,12,1,2022-07-29 09:45:11
1659087917182388000,29.8,1,29.75,6,29.8,13,1,2022-07-29 09:45:17
1659087930488809000,29.8,2,29.75,7,29.8,11,1,2022-07-29 09:45:30
1659087939044373000,29.8,1,29.75,8,29.8,10,1,2022-07-29 09:45:39
1659087941116513000,29.8,1,29.75,8,29.8,10,1,2022-07-29 09:45:41
1659087943089570000,29.8,3,29.75,8,29.8,7,1,2022-07-29 09:45:43
1659087943938467000,29.8,1,29.75,8,29.8,6,1,2022-07-29 09:45:43
1659087944122204000,29.8,1,29.75,8,29.8,5,1,2022-07-29 09:45:44
1659087944272980000,29.8,5,29.75,8,29.85,11,1,2022-07-29 09:45:44
1659087952223288000,29.85,1,29.8,10,29.85,6,1,2022-07-29 09:45:52
1659087953921393000,29.85,6,29.85,2,29.9,35,1,2022-07-29 09:45:53
1659087958935982000,29.9,1,29.85,9,29.9,34,1,2022-07-29 09:45:58
1659087959070039000,29.9,5,29.85,9,29.9,29,1,2022-07-29 09:45:59
1659087959614930000,29.9,1,29.85,9,29.9,28,1,2022-07-29 09:45:59
1659087960812382000,29.9,1,29.85,9,29.9,27,1,2022-07-29 09:46:00
1659087961898775000,29.9,1,29.85,13,29.9,26,1,2022-07-29 09:46:01
1659087962291143000,29.9,20,29.85,13,29.9,6,1,2022-07-29 09:46:02
1659087962314263000,29.9,6,29.85,13,29.95,30,1,2022-07-29 09:46:02
1659087964588871000,29.95,1,29.9,2,29.95,29,1,2022-07-29 09:46:04
1659087964817092000,29.95,3,29.9,2,29.95,30,1,2022-07-29 09:46:04
1659087965579574000,29.95,1,29.9,2,29.95,25,1,2022-07-29 09:46:05
1659087965776623000,29.95,2,29.9,2,29.95,26,1,2022-07-29 09:46:05
1659087966956749000,29.95,1,29.9,5,29.95,22,1,2022-07-29 09:46:06
1659087967182666000,29.95,8,29.9,7,29.95,22,1,2022-07-29 09:46:07
1659087967460874000,29.95,1,29.9,7,29.95,13,1,2022-07-29 09:46:07
1659087967479309000,29.95,1,29.9,7,29.95,12,1,2022-07-29 09:46:07
1659087968128742000,29.95,4,29.9,7,29.95,8,1,2022-07-29 09:46:08
1659087968141853000,29.95,3,29.9,7,29.95,5,1,2022-07-29 09:46:08
1659087968153433000,29.95,5,29.9,7,30.0,45,1,2022-07-29 09:46:08
1659087970188111000,30.0,1,29.95,12,30.0,44,1,2022-07-29 09:46:10
1659087970529325000,30.0,1,29.95,12,30.0,42,1,2022-07-29 09:46:10
1659087971249313000,30.0,2,29.95,12,30.0,42,1,2022-07-29 09:46:11
1659087972850603000,30.0,3,29.95,4,30.0,36,1,2022-07-29 09:46:12
1659087973453198000,30.0,1,29.95,4,30.0,35,1,2022-07-29 09:46:13
1659087974340015000,30.0,1,29.95,4,30.0,36,1,2022-07-29 09:46:14
1659087974607552000,30.0,1,29.95,4,30.0,34,1,2022-07-29 09:46:14
1659087975130311000,30.0,2,29.95,4,30.0,32,1,2022-07-29 09:46:15
1659087975550575000,29.95,4,29.9,26,29.95,1,2,2022-07-29 09:46:15
1659087975817833000,29.95,1,29.9,26,30.0,32,1,2022-07-29 09:46:15
1659087977175894000,29.95,1,29.9,6,29.95,1,2,2022-07-29 09:46:17
1659087977557787000,29.95,6,29.9,6,29.95,3,1,2022-07-29 09:46:17
1659087977932203000,29.95,3,29.9,6,30.0,31,1,2022-07-29 09:46:17
1659087977932203000,30.0,2,29.9,6,30.0,31,1,2022-07-29 09:46:17
1659087978793722000,29.95,1,29.95,1,30.0,31,2,2022-07-29 09:46:18
1659087978894259000,30.0,18,29.9,6,30.0,13,1,2022-07-29 09:46:18
1659087979911882000,30.0,8,29.95,5,30.0,5,1,2022-07-29 09:46:19
1659087980005736000,29.95,3,29.95,2,30.0,5,2,2022-07-29 09:46:20
1659087980208100000,30.0,1,29.95,2,30.0,4,1,2022-07-29 09:46:20
1659087980233997000,30.0,1,29.95,2,30.0,3,1,2022-07-29 09:46:20
1659087980668069000,30.0,3,29.95,2,30.05,17,1,2022-07-29 09:46:20
1659087980668069000,30.05,1,29.95,2,30.05,17,1,2022-07-29 09:46:20
1659087980833374000,30.05,5,30.0,1,30.05,17,1,2022-07-29 09:46:20
1659087980856037000,30.05,5,30.0,1,30.05,7,1,2022-07-29 09:46:20
1659087981118468000,30.0,1,29.95,4,30.05,7,2,2022-07-29 09:46:21
1659087981136811000,30.05,1,30.0,1,30.05,7,1,2022-07-29 09:46:21
1659087981622773000,30.05,2,29.95,4,30.05,4,1,2022-07-29 09:46:21
1659087982293641000,30.0,1,29.95,4,30.05,4,2,2022-07-29 09:46:22
1659087982914937000,30.05,4,30.05,1,30.1,36,1,2022-07-29 09:46:22
1659087983059417000,30.1,1,30.05,1,30.1,35,1,2022-07-29 09:46:23
1659087984917105000,30.05,1,30.05,3,30.1,34,2,2022-07-29 09:46:24
1659087985841394000,30.05,3,30.05,9,30.1,34,2,2022-07-29 09:46:25
1659087985889816000,30.05,1,30.05,5,30.1,34,2,2022-07-29 09:46:25
1659087986617146000,30.05,2,30.05,3,30.1,34,2,2022-07-29 09:46:26
1659087988455232000,30.05,3,30.0,2,30.1,34,2,2022-07-29 09:46:28
1659087989356969000,30.05,1,30.0,2,30.05,2,2,2022-07-29 09:46:29
1659087990523266000,30.05,1,30.0,2,30.05,7,1,2022-07-29 09:46:30
1659087991899964000,30.05,1,30.0,2,30.05,10,1,2022-07-29 09:46:31
1659087992310098000,30.0,2,30.0,2,30.05,10,2,2022-07-29 09:46:32
1659087993718565000,30.0,1,29.95,8,30.0,3,1,2022-07-29 09:46:33
1659087993930594000,30.0,3,29.95,8,30.05,9,1,2022-07-29 09:46:33
1659087994978791000,30.0,1,30.0,4,30.05,9,2,2022-07-29 09:46:34
1659087996032451000,30.05,1,30.0,5,30.05,8,1,2022-07-29 09:46:36
1659087996121701000,30.0,1,30.0,4,30.05,8,2,2022-07-29 09:46:36
1659087996777096000,30.05,5,30.0,4,30.05,3,1,2022-07-29 09:46:36
1659087997244084000,30.05,2,30.0,4,30.05,1,1,2022-07-29 09:46:37
1659087998333437000,30.05,1,30.0,3,30.05,1,1,2022-07-29 09:46:38
1659088002012808000,30.05,1,30.0,12,30.1,38,1,2022-07-29 09:46:42
1659088007716928000,30.05,2,30.0,20,30.05,2,1,2022-07-29 09:46:47
1659088008909783000,30.05,1,30.0,19,30.05,2,1,2022-07-29 09:46:48
1659088009633915000,30.05,1,30.0,19,30.05,2,1,2022-07-29 09:46:49
1659088011018191000,30.05,2,30.0,20,30.1,38,1,2022-07-29 09:46:51
1659088012069266000,30.05,1,30.0,20,30.1,38,2,2022-07-29 09:46:52
1659088012069266000,30.0,1,30.0,20,30.1,38,2,2022-07-29 09:46:52
1659088015253597000,30.05,5,30.0,22,30.05,7,1,2022-07-29 09:46:55
1659088015522919000,30.05,1,30.0,22,30.05,1,1,2022-07-29 09:46:55
1659088015548631000,30.0,5,30.0,17,30.05,1,2,2022-07-29 09:46:55
1659088016605912000,30.0,2,30.0,15,30.05,5,2,2022-07-29 09:46:56
1659088016776875000,30.0,2,30.0,13,30.05,5,2,2022-07-29 09:46:56
1659088017355816000,30.0,13,29.95,6,30.0,2,2,2022-07-29 09:46:57
1659088017625342000,30.0,1,29.95,6,30.0,1,1,2022-07-29 09:46:57
1659088017721661000,30.0,1,29.95,6,30.05,5,1,2022-07-29 09:46:57
1659088018303373000,29.95,6,29.85,9,30.0,6,2,2022-07-29 09:46:58
1659088018303373000,29.9,7,29.85,9,30.0,6,2,2022-07-29 09:46:58
1659088018303373000,29.85,7,29.85,9,30.0,6,2,2022-07-29 09:46:58
1659088020858428000,29.85,4,29.85,7,29.95,3,2,2022-07-29 09:47:00
1659088020885754000,29.85,7,29.8,62,29.95,3,2,2022-07-29 09:47:00
1659088021816089000,29.8,4,29.65,11,29.95,3,2,2022-07-29 09:47:01
1659088021816089000,29.75,10,29.65,11,29.95,3,2,2022-07-29 09:47:01
1659088021816089000,29.7,6,29.65,11,29.95,3,2,2022-07-29 09:47:01
1659088024434360000,29.85,1,29.85,1,29.9,1,2,2022-07-29 09:47:04
1659088025295604000,29.7,1,29.7,1,29.9,1,2,2022-07-29 09:47:05
1659088030790614000,29.7,1,29.7,1,29.9,9,2,2022-07-29 09:47:10
1659088033446671000,29.7,2,29.7,2,29.85,2,2,2022-07-29 09:47:13
1659088041572357000,29.7,1,29.7,8,29.8,1,2,2022-07-29 09:47:21
1659088044650460000,29.7,1,29.7,8,29.8,1,2,2022-07-29 09:47:24
1659088049690727000,29.8,1,29.7,10,29.8,2,1,2022-07-29 09:47:29
1659088060475197000,29.7,1,29.7,11,29.8,2,2,2022-07-29 09:47:40
1659088064892445000,29.75,1,29.75,1,29.8,2,2,2022-07-29 09:47:44
1659088071850849000,29.75,1,29.7,20,29.8,12,2,2022-07-29 09:47:51
1659088077075420000,29.75,1,29.7,30,29.75,1,1,2022-07-29 09:47:57
1659088077999265000,29.75,1,29.7,30,29.8,11,1,2022-07-29 09:47:57
1659088077999265000,29.8,1,29.7,30,29.8,11,1,2022-07-29 09:47:57
1659088089594804000,29.8,4,29.75,2,29.8,7,1,2022-07-29 09:48:09
1659088096076342000,29.8,2,29.75,8,29.8,5,1,2022-07-29 09:48:16
1659088098045714000,29.8,1,29.75,9,29.8,4,1,2022-07-29 09:48:18
1659088099806005000,29.8,1,29.75,9,29.8,3,1,2022-07-29 09:48:19
1659088100006249000,29.8,1,29.75,10,29.8,2,1,2022-07-29 09:48:20
1659088103000269000,29.8,1,29.75,10,29.8,1,1,2022-07-29 09:48:23
1659088105211302000,29.8,1,29.75,10,29.85,6,1,2022-07-29 09:48:25
1659088112533297000,29.8,1,29.8,1,29.85,6,2,2022-07-29 09:48:32
1659088112558196000,29.8,1,29.75,13,29.85,6,2,2022-07-29 09:48:32
1659088114378687000,29.85,1,29.75,13,29.85,5,1,2022-07-29 09:48:34
1659088114889844000,29.8,1,29.75,13,29.85,5,1,2022-07-29 09:48:34
1659088125101564000,29.85,1,29.75,15,29.85,1,1,2022-07-29 09:48:45
1659088125991352000,29.85,1,29.75,15,29.9,7,1,2022-07-29 09:48:45
1659088125991352000,29.9,4,29.75,15,29.9,7,1,2022-07-29 09:48:45
1659088129891877000,29.85,1,29.8,7,29.95,5,1,2022-07-29 09:48:49
1659088129891877000,29.9,7,29.8,7,29.95,5,1,2022-07-29 09:48:49
1659088129891877000,29.95,2,29.8,7,29.95,5,1,2022-07-29 09:48:49
1659088132918886000,29.95,3,29.9,6,29.95,2,1,2022-07-29 09:48:52
1659088135158741000,29.9,2,29.9,6,29.95,2,2,2022-07-29 09:48:55
1659088135800782000,29.95,2,29.9,6,30.0,7,1,2022-07-29 09:48:55
1659088136571302000,29.95,2,29.95,2,30.0,7,2,2022-07-29 09:48:56
1659088140385983000,30.0,7,29.95,1,30.0,7,1,2022-07-29 09:49:00
1659088141714492000,30.0,1,30.0,2,30.05,8,2,2022-07-29 09:49:01
1659088141749058000,30.0,2,29.95,1,30.05,8,2,2022-07-29 09:49:01
1659088145076904000,30.05,3,29.95,2,30.05,5,1,2022-07-29 09:49:05
1659088147138815000,30.0,1,30.0,1,30.05,5,2,2022-07-29 09:49:07
1659088147175107000,30.0,1,29.95,2,30.05,5,2,2022-07-29 09:49:07
1659088152600422000,30.0,1,29.95,2,30.0,2,2,2022-07-29 09:49:12
1659088152951909000,30.0,1,29.95,2,30.0,1,1,2022-07-29 09:49:12
1659088153157916000,30.0,1,29.95,2,30.05,5,1,2022-07-29 09:49:13
1659088156629867000,30.0,2,29.95,2,30.05,5,2,2022-07-29 09:49:16
1659088159301729000,30.0,4,29.95,6,30.05,4,1,2022-07-29 09:49:19
1659088159301729000,30.05,1,29.95,6,30.05,4,1,2022-07-29 09:49:19
1659088161008088000,30.05,5,29.95,11,30.1,37,1,2022-07-29 09:49:21
1659088161008088000,30.1,5,29.95,11,30.1,37,1,2022-07-29 09:49:21
1659088162221179000,30.05,1,30.05,4,30.1,37,2,2022-07-29 09:49:22
1659088162240662000,30.05,2,30.05,2,30.1,37,2,2022-07-29 09:49:22
1659088163589757000,30.1,1,30.05,2,30.1,36,1,2022-07-29 09:49:23
1659088164129055000,30.05,2,30.0,15,30.1,36,2,2022-07-29 09:49:24
1659088164129055000,30.0,3,30.0,15,30.1,36,2,2022-07-29 09:49:24
1659088164436748000,30.05,10,30.0,13,30.05,10,1,2022-07-29 09:49:24
1659088165533871000,30.1,1,30.0,14,30.1,35,1,2022-07-29 09:49:25
1659088166651522000,30.05,1,30.0,15,30.1,35,2,2022-07-29 09:49:26
1659088167163089000,30.0,10,30.0,5,30.1,35,2,2022-07-29 09:49:27
1659088168102857000,30.1,3,30.0,6,30.1,32,1,2022-07-29 09:49:28
1659088169380387000,30.1,1,30.05,5,30.1,32,1,2022-07-29 09:49:29
1659088170354931000,30.1,5,30.05,8,30.1,30,1,2022-07-29 09:49:30
1659088170791834000,30.1,10,30.05,8,30.1,16,1,2022-07-29 09:49:30
1659088171565845000,30.1,1,30.05,8,30.1,15,1,2022-07-29 09:49:31
1659088171907316000,30.1,1,30.05,8,30.1,14,1,2022-07-29 09:49:31
1659088172127440000,30.1,3,30.05,8,30.1,11,1,2022-07-29 09:49:32
1659088172164188000,30.1,1,30.05,8,30.1,10,1,2022-07-29 09:49:32
1659088172879570000,30.1,1,30.05,8,30.1,9,1,2022-07-29 09:49:32
1659088172919865000,30.1,2,30.05,8,30.1,7,1,2022-07-29 09:49:32
1659088173067374000,30.1,2,30.05,9,30.1,5,1,2022-07-29 09:49:33
1659088173105800000,30.1,5,30.05,9,30.15,6,1,2022-07-29 09:49:33
1659088173375608000,30.15,1,30.05,9,30.15,6,1,2022-07-29 09:49:33
1659088173898996000,30.1,3,30.05,11,30.15,5,2,2022-07-29 09:49:33
1659088173898996000,30.05,2,30.05,11,30.15,5,2,2022-07-29 09:49:33
1659088175667944000,30.15,3,30.1,23,30.15,2,1,2022-07-29 09:49:35
1659088175689112000,30.15,2,30.1,23,30.15,5,1,2022-07-29 09:49:35
1659088176910732000,30.15,3,30.1,23,30.2,14,1,2022-07-29 09:49:36
1659088176910732000,30.2,1,30.1,23,30.2,14,1,2022-07-29 09:49:36
1659088176922101000,30.2,2,30.1,23,30.2,12,1,2022-07-29 09:49:36
1659088177111549000,30.2,5,30.15,1,30.2,7,1,2022-07-29 09:49:37
1659088178217688000,30.2,5,30.15,2,30.2,3,1,2022-07-29 09:49:38
1659088178256473000,30.2,1,30.15,2,30.2,8,1,2022-07-29 09:49:38
1659088179665018000,30.2,1,30.15,3,30.2,1,1,2022-07-29 09:49:39
1659088179672310000,30.15,3,30.1,19,30.2,1,2,2022-07-29 09:49:39
1659088179672310000,30.1,7,30.1,19,30.2,1,2,2022-07-29 09:49:39
1659088179692860000,30.2,1,30.1,19,30.25,3,1,2022-07-29 09:49:39
1659088180618110000,30.2,1,30.1,19,30.2,2,2,2022-07-29 09:49:40
1659088181477685000,30.2,1,30.1,19,30.2,8,1,2022-07-29 09:49:41
1659088181685272000,30.2,1,30.1,19,30.2,7,1,2022-07-29 09:49:41
1659088182279817000,30.2,1,30.1,19,30.2,11,1,2022-07-29 09:49:42
1659088182400425000,30.2,10,30.1,19,30.25,3,1,2022-07-29 09:49:42
1659088184421018000,30.15,2,30.1,15,30.2,3,2,2022-07-29 09:49:44
1659088184421018000,30.1,8,30.1,15,30.2,3,2,2022-07-29 09:49:44
1659088184848208000,30.2,1,30.15,2,30.2,3,1,2022-07-29 09:49:44
1659088186019449000,30.2,1,30.1,15,30.2,1,1,2022-07-29 09:49:46
1659088186026800000,30.2,1,30.1,15,30.25,6,1,2022-07-29 09:49:46
1659088186026800000,30.25,1,30.1,15,30.25,6,1,2022-07-29 09:49:46
1659088186449004000,30.25,2,30.15,1,30.25,4,1,2022-07-29 09:49:46
1659088186992057000,30.2,1,30.15,1,30.2,1,1,2022-07-29 09:49:46
1659088188361041000,30.2,1,30.15,2,30.2,1,1,2022-07-29 09:49:48
1659088189078161000,30.2,3,30.2,2,30.25,6,1,2022-07-29 09:49:49
1659088189105220000,30.2,2,30.15,2,30.25,6,2,2022-07-29 09:49:49
1659088189149640000,30.25,2,30.15,2,30.25,4,1,2022-07-29 09:49:49
1659088189459070000,30.2,1,30.15,2,30.25,5,2,2022-07-29 09:49:49
1659088190106434000,30.15,3,30.15,5,30.2,2,2,2022-07-29 09:49:50
1659088190727209000,30.2,4,30.2,1,30.25,5,1,2022-07-29 09:49:50
1659088190750429000,30.2,1,30.15,2,30.2,4,2,2022-07-29 09:49:50
1659088192198511000,30.2,1,30.15,3,30.25,5,2,2022-07-29 09:49:52
1659088193073721000,30.2,2,30.2,3,30.25,5,2,2022-07-29 09:49:53
1659088193083002000,30.25,5,30.2,3,30.3,11,1,2022-07-29 09:49:53
1659088194506801000,30.2,1,30.2,5,30.25,1,2,2022-07-29 09:49:54
1659088196608100000,30.25,1,30.2,11,30.3,11,1,2022-07-29 09:49:56
1659088199572145000,30.25,2,30.2,11,30.3,9,1,2022-07-29 09:49:59
1659088199625453000,30.2,1,30.2,10,30.3,9,2,2022-07-29 09:49:59
1659088199641553000,30.2,2,30.2,8,30.3,9,2,2022-07-29 09:49:59
1659088201786903000,30.2,1,30.2,13,30.25,1,2,2022-07-29 09:50:01
1659088203596894000,30.25,2,30.2,14,30.25,1,1,2022-07-29 09:50:03
1659088203920734000,30.2,1,30.2,13,30.25,5,2,2022-07-29 09:50:03
1659088204339138000,30.25,2,30.2,13,30.25,3,1,2022-07-29 09:50:04
1659088205225704000,30.25,1,30.2,13,30.25,3,1,2022-07-29 09:50:05
1659088205728368000,30.25,2,30.2,13,30.25,3,1,2022-07-29 09:50:05
1659088207533595000,30.25,1,30.2,13,30.25,2,1,2022-07-29 09:50:07
1659088207803051000,30.25,1,30.2,13,30.25,2,1,2022-07-29 09:50:07
1659088207829225000,30.25,1,30.25,1,30.3,10,1,2022-07-29 09:50:07
1659088207858955000,30.25,1,30.2,13,30.3,10,2,2022-07-29 09:50:07
1659088209428944000,30.25,1,30.25,1,30.3,10,2,2022-07-29 09:50:09
1659088209464057000,30.25,1,30.2,12,30.3,10,2,2022-07-29 09:50:09
1659088210810058000,30.25,2,30.2,21,30.25,8,1,2022-07-29 09:50:10
1659088211138206000,30.25,1,30.2,21,30.25,7,1,2022-07-29 09:50:11
1659088211430884000,30.2,3,30.2,21,30.25,9,2,2022-07-29 09:50:11
1659088211901343000,30.25,1,30.2,18,30.25,8,1,2022-07-29 09:50:11
1659088212185407000,30.2,1,30.2,18,30.25,8,2,2022-07-29 09:50:12
1659088212514945000,30.25,8,30.2,17,30.3,8,1,2022-07-29 09:50:12
1659088212514945000,30.3,2,30.2,17,30.3,8,1,2022-07-29 09:50:12
1659088212545221000,30.25,3,30.2,17,30.3,8,2,2022-07-29 09:50:12
1659088213548733000,30.25,1,30.2,16,30.3,10,2,2022-07-29 09:50:13
1659088213548733000,30.2,1,30.2,16,30.3,10,2,2022-07-29 09:50:13
1659088214014572000,30.25,1,30.25,1,30.3,10,2,2022-07-29 09:50:14
1659088214038412000,30.25,1,30.2,16,30.3,10,2,2022-07-29 09:50:14
1659088214289390000,30.25,1,30.2,16,30.3,10,1,2022-07-29 09:50:14
1659088216168004000,30.25,1,30.2,26,30.25,2,1,2022-07-29 09:50:16
1659088216778653000,30.2,1,30.2,29,30.25,1,2,2022-07-29 09:50:16
1659088217044898000,30.25,1,30.2,28,30.3,9,1,2022-07-29 09:50:17
1659088217826330000,30.2,1,30.2,27,30.3,10,2,2022-07-29 09:50:17
1659088220316219000,30.25,1,30.2,27,30.25,29,1,2022-07-29 09:50:20
1659088220671195000,30.2,2,30.2,27,30.25,28,2,2022-07-29 09:50:20
1659088221181108000,30.2,6,30.2,19,30.25,28,2,2022-07-29 09:50:21
1659088221196605000,30.2,2,30.2,17,30.25,28,2,2022-07-29 09:50:21
1659088221201957000,30.2,5,30.2,12,30.25,28,2,2022-07-29 09:50:21
1659088221202008000,30.2,9,30.2,3,30.25,28,2,2022-07-29 09:50:21
1659088221202057000,30.2,3,30.15,4,30.25,28,2,2022-07-29 09:50:21
1659088222213589000,30.2,2,30.15,4,30.2,1,1,2022-07-29 09:50:22
1659088222223761000,30.2,1,30.15,4,30.25,28,1,2022-07-29 09:50:22
1659088222233567000,30.15,1,30.15,4,30.2,3,2,2022-07-29 09:50:22
1659088222798705000,30.15,1,30.15,2,30.25,28,2,2022-07-29 09:50:22
1659088222820918000,30.15,1,30.15,1,30.25,28,2,2022-07-29 09:50:22
1659088224792382000,30.15,1,30.15,1,30.2,5,2,2022-07-29 09:50:24
