ts,close,volume,bid_price,bid_volume,ask_price,ask_volume,tick_type,datetime
1659517331872773000,22.15,1230,22.1,13,22.15,3,1,2022-08-03 09:02:11
1659517331910216000,22.15,3,22.1,13,22.2,29,1,2022-08-03 09:02:11
1659517332011137000,22.1,13,22.05,128,22.15,7,2,2022-08-03 09:02:12
1659517332011137000,22.05,6,22.05,128,22.15,7,2,2022-08-03 09:02:12
1659517332035488000,22.15,1,22.05,128,22.15,6,1,2022-08-03 09:02:12
1659517332069951000,22.1,1,22.05,128,22.15,6,1,2022-08-03 09:02:12
1659517332443865000,22.05,6,22.05,122,22.15,6,2,2022-08-03 09:02:12
1659517332833000000,22.15,6,22.05,122,22.2,22,1,2022-08-03 09:02:12
1659517332833000000,22.2,12,22.05,122,22.2,22,1,2022-08-03 09:02:12
1659517333066269000,22.05,1,22.05,121,22.2,49,2,2022-08-03 09:02:13
1659517333203319000,22.05,7,22.05,114,22.1,5,2,2022-08-03 09:02:13
1659517334775366000,22.15,20,22.05,114,22.15,4,1,2022-08-03 09:02:14
1659517335211431000,22.05,4,22.05,114,22.15,14,2,2022-08-03 09:02:15
1659517335538583000,22.1,1,22.05,110,22.15,13,1,2022-08-03 09:02:15
1659517335538583000,22.15,1,22.05,110,22.15,13,1,2022-08-03 09:02:15
1659517335841518000,22.15,13,22.1,1,22.2,52,1,2022-08-03 09:02:15
1659517335841518000,22.2,7,22.1,1,22.2,52,1,2022-08-03 09:02:15
1659517336140605000,22.2,10,22.1,1,22.2,37,1,2022-08-03 09:02:16
1659517336307582000,22.2,20,22.1,1,22.2,17,1,2022-08-03 09:02:16
1659517336376723000,22.2,10,22.1,1,22.2,7,1,2022-08-03 09:02:16
1659517336404259000,22.2,7,22.1,1,22.25,56,1,2022-08-03 09:02:16
1659517336889291000,22.2,2,22.2,13,22.25,70,1,2022-08-03 09:02:16
1659517336921814000,22.2,2,22.2,11,22.25,70,2,2022-08-03 09:02:16
1659517336975804000,22.2,1,22.2,10,22.25,70,2,2022-08-03 09:02:16
1659517337117313000,22.2,1,22.2,25,22.25,66,2,2022-08-03 09:02:17
1659517337364798000,22.25,5,22.2,24,22.25,61,1,2022-08-03 09:02:17
1659517337420662000,22.25,10,22.2,24,22.25,51,1,2022-08-03 09:02:17
1659517337428518000,22.25,10,22.2,24,22.25,41,1,2022-08-03 09:02:17
1659517337503288000,22.25,5,22.2,24,22.25,36,1,2022-08-03 09:02:17
1659517337544393000,22.25,4,22.2,24,22.25,32,1,2022-08-03 09:02:17
1659517337544815000,22.25,13,22.2,24,22.25,19,1,2022-08-03 09:02:17
1659517337711895000,22.2,1,22.2,23,22.25,19,2,2022-08-03 09:02:17
1659517337992400000,22.25,1,22.2,23,22.25,18,1,2022-08-03 09:02:17
1659517338062655000,22.25,10,22.2,23,22.25,8,1,2022-08-03 09:02:18
1659517338098041000,22.25,8,22.2,23,22.3,47,1,2022-08-03 09:02:18
1659517338145797000,22.3,1,22.2,23,22.3,46,1,2022-08-03 09:02:18
1659517338157063000,22.2,14,22.2,9,22.3,46,2,2022-08-03 09:02:18
1659517338252136000,22.3,20,22.25,12,22.3,46,1,2022-08-03 09:02:18
1659517338405785000,22.25,1,22.25,13,22.3,26,2,2022-08-03 09:02:18
1659517338407356000,22.3,1,22.25,13,22.3,25,1,2022-08-03 09:02:18
1659517338521022000,22.25,7,22.25,6,22.3,25,2,2022-08-03 09:02:18
1659517338565801000,22.25,8,22.15,3,22.3,25,2,2022-08-03 09:02:18
1659517338565801000,22.2,9,22.15,3,22.3,25,2,2022-08-03 09:02:18
1659517338565801000,22.15,3,22.15,3,22.3,25,2,2022-08-03 09:02:18
1659517338613489000,22.3,1,22.15,3,22.3,24,1,2022-08-03 09:02:18
1659517338776557000,22.3,15,22.25,2,22.3,9,1,2022-08-03 09:02:18
1659517338856168000,22.3,2,22.25,2,22.3,7,1,2022-08-03 09:02:18
1659517338910610000,22.3,2,22.25,7,22.3,5,1,2022-08-03 09:02:18
1659517339023113000,22.3,2,22.25,17,22.3,3,1,2022-08-03 09:02:19
1659517339068592000,22.3,1,22.25,17,22.3,2,1,2022-08-03 09:02:19
1659517339167713000,22.3,2,22.25,17,22.35,31,1,2022-08-03 09:02:19
1659517339336541000,22.35,31,22.25,17,22.4,68,1,2022-08-03 09:02:19
1659517339336541000,22.4,9,22.25,17,22.4,68,1,2022-08-03 09:02:19
1659517339365121000,22.4,3,22.25,17,22.4,65,1,2022-08-03 09:02:19
1659517339384128000,22.25,2,22.25,15,22.4,65,2,2022-08-03 09:02:19
1659517339621806000,22.35,5,22.25,17,22.4,60,1,2022-08-03 09:02:19
1659517339621806000,22.4,5,22.25,17,22.4,60,1,2022-08-03 09:02:19
1659517339872581000,22.3,5,22.25,17,22.3,75,2,2022-08-03 09:02:19
1659517340005806000,22.3,5,22.25,37,22.3,70,1,2022-08-03 09:02:20
1659517340180013000,22.3,1,22.25,37,22.3,69,1,2022-08-03 09:02:20
1659517340278993000,22.3,3,22.25,32,22.3,66,1,2022-08-03 09:02:20
1659517340499245000,22.3,2,22.25,32,22.3,64,1,2022-08-03 09:02:20
1659517340551786000,22.3,3,22.25,32,22.3,61,1,2022-08-03 09:02:20
1659517340603142000,22.3,1,22.25,32,22.3,60,1,2022-08-03 09:02:20
1659517340635480000,22.3,3,22.25,32,22.3,57,1,2022-08-03 09:02:20
1659517340665909000,22.3,2,22.25,32,22.3,55,1,2022-08-03 09:02:20
1659517340945507000,22.25,1,22.25,48,22.3,55,2,2022-08-03 09:02:20
1659517340964179000,22.3,55,22.25,48,22.4,60,1,2022-08-03 09:02:20
1659517341104590000,22.25,20,22.25,34,22.35,3,2,2022-08-03 09:02:21
1659517341351133000,22.3,1,22.25,18,22.35,8,1,2022-08-03 09:02:21
1659517341400722000,22.35,8,22.35,7,22.4,60,1,2022-08-03 09:02:21
1659517341437808000,22.35,7,22.25,18,22.4,60,2,2022-08-03 09:02:21
1659517341704917000,22.35,1,22.3,6,22.35,9,1,2022-08-03 09:02:21
1659517341713028000,22.35,9,22.3,6,22.4,64,1,2022-08-03 09:02:21
1659517341713028000,22.4,1,22.3,6,22.4,64,1,2022-08-03 09:02:21
1659517341764322000,22.35,1,22.3,6,22.4,64,1,2022-08-03 09:02:21
1659517341769676000,22.3,5,22.3,1,22.4,64,2,2022-08-03 09:02:21
1659517341802267000,22.3,1,22.25,19,22.4,64,2,2022-08-03 09:02:21
1659517341849547000,22.35,1,22.25,19,22.4,64,1,2022-08-03 09:02:21
1659517341904440000,22.35,1,22.3,6,22.4,64,2,2022-08-03 09:02:21
1659517342098143000,22.4,1,22.3,9,22.4,68,1,2022-08-03 09:02:22
1659517342493763000,22.4,1,22.3,9,22.4,67,1,2022-08-03 09:02:22
1659517342546618000,22.35,5,22.3,9,22.4,67,1,2022-08-03 09:02:22
1659517342711032000,22.4,25,22.3,9,22.4,42,1,2022-08-03 09:02:22
1659517342741155000,22.4,2,22.3,9,22.4,67,1,2022-08-03 09:02:22
1659517343119505000,22.35,1,22.3,9,22.4,36,1,2022-08-03 09:02:23
1659517343119505000,22.4,4,22.3,9,22.4,36,1,2022-08-03 09:02:23
1659517343198880000,22.3,7,22.3,2,22.4,36,2,2022-08-03 09:02:23
1659517343233159000,22.3,2,22.3,9,22.4,36,2,2022-08-03 09:02:23
1659517343681328000,22.4,2,22.3,6,22.4,35,1,2022-08-03 09:02:23
1659517343872172000,22.4,5,22.3,7,22.4,45,1,2022-08-03 09:02:23
1659517344430142000,22.3,2,22.3,11,22.35,2,2,2022-08-03 09:02:24
1659517344557650000,22.35,2,22.3,12,22.4,2,1,2022-08-03 09:02:24
1659517344557650000,22.4,43,22.3,12,22.4,2,1,2022-08-03 09:02:24
1659517345096441000,22.35,1,22.35,1,22.4,2,1,2022-08-03 09:02:25
1659517345397583000,22.4,1,22.35,4,22.4,1,1,2022-08-03 09:02:25
1659517345578201000,22.4,1,22.35,4,22.45,51,1,2022-08-03 09:02:25
1659517345578201000,22.45,1,22.35,4,22.45,51,1,2022-08-03 09:02:25
1659517345664022000,22.35,1,22.35,4,22.45,51,2,2022-08-03 09:02:25
1659517345846461000,22.4,1,22.35,3,22.45,51,1,2022-08-03 09:02:25
1659517346143035000,22.45,1,22.35,3,22.45,50,1,2022-08-03 09:02:26
1659517346165063000,22.35,1,22.35,2,22.45,50,2,2022-08-03 09:02:26
1659517347316032000,22.45,2,22.4,16,22.45,58,1,2022-08-03 09:02:27
1659517347545323000,22.4,5,22.4,11,22.45,59,2,2022-08-03 09:02:27
1659517347675257000,22.4,8,22.35,16,22.45,59,2,2022-08-03 09:02:27
1659517348392217000,22.45,1,22.4,6,22.45,58,1,2022-08-03 09:02:28
1659517348399671000,22.45,2,22.4,6,22.45,56,1,2022-08-03 09:02:28
1659517348720940000,22.45,2,22.4,7,22.45,56,1,2022-08-03 09:02:28
1659517349142096000,22.45,1,22.4,8,22.45,53,1,2022-08-03 09:02:29
1659517349352045000,22.45,1,22.4,8,22.45,52,1,2022-08-03 09:02:29
1659517349375766000,22.45,1,22.4,8,22.45,51,1,2022-08-03 09:02:29
1659517349694090000,22.45,10,22.4,12,22.45,41,1,2022-08-03 09:02:29
1659517349696552000,22.45,1,22.4,12,22.45,40,1,2022-08-03 09:02:29
1659517349726032000,22.45,5,22.4,12,22.45,51,1,2022-08-03 09:02:29
1659517349839005000,22.45,35,22.45,5,22.5,39,1,2022-08-03 09:02:29
1659517349876477000,22.5,1,22.45,15,22.5,38,1,2022-08-03 09:02:29
1659517350030979000,22.45,1,22.45,54,22.5,38,2,2022-08-03 09:02:30
1659517350186195000,22.5,10,22.45,54,22.5,28,1,2022-08-03 09:02:30
1659517350212955000,22.5,2,22.45,54,22.5,26,1,2022-08-03 09:02:30
1659517350248540000,22.45,1,22.45,54,22.5,26,2,2022-08-03 09:02:30
1659517350824546000,22.5,23,22.45,53,22.5,3,1,2022-08-03 09:02:30
1659517350837863000,22.5,1,22.45,54,22.5,2,1,2022-08-03 09:02:30
1659517350845950000,22.5,2,22.45,54,22.55,18,1,2022-08-03 09:02:30
1659517350906591000,22.45,4,22.45,50,22.55,18,2,2022-08-03 09:02:30
1659517351250232000,22.5,18,22.5,20,22.55,18,2,2022-08-03 09:02:31
1659517351726045000,22.55,1,22.5,2,22.55,18,1,2022-08-03 09:02:31
1659517352003329000,22.55,10,22.5,4,22.55,7,1,2022-08-03 09:02:32
1659517352326439000,22.55,7,22.55,13,22.6,58,1,2022-08-03 09:02:32
1659517352397255000,22.55,1,22.55,12,22.6,58,2,2022-08-03 09:02:32
1659517352440722000,22.55,12,22.5,4,22.6,58,2,2022-08-03 09:02:32
1659517352778240000,22.6,2,22.5,4,22.6,56,1,2022-08-03 09:02:32
1659517352896712000,22.5,4,22.45,61,22.5,1,2,2022-08-03 09:02:32
1659517352924566000,22.5,1,22.45,61,22.6,56,1,2022-08-03 09:02:32
1659517352924696000,22.6,1,22.45,61,22.6,55,1,2022-08-03 09:02:32
1659517353194425000,22.45,7,22.45,62,22.6,55,2,2022-08-03 09:02:33
1659517354029198000,22.55,1,22.5,1,22.6,55,1,2022-08-03 09:02:34
1659517354142476000,22.5,1,22.45,67,22.5,39,2,2022-08-03 09:02:34
1659517354307298000,22.5,3,22.45,29,22.5,36,1,2022-08-03 09:02:34
1659517354308353000,22.5,8,22.45,29,22.5,28,1,2022-08-03 09:02:34
1659517354565064000,22.5,1,22.45,29,22.5,27,1,2022-08-03 09:02:34
1659517354676242000,22.5,1,22.45,29,22.5,26,1,2022-08-03 09:02:34
1659517354682748000,22.5,5,22.45,29,22.5,27,1,2022-08-03 09:02:34
1659517354862462000,22.5,7,22.45,29,22.5,14,1,2022-08-03 09:02:34
1659517354890349000,22.5,5,22.45,29,22.5,9,1,2022-08-03 09:02:34
1659517354929049000,22.5,2,22.45,29,22.5,7,1,2022-08-03 09:02:34
1659517354966223000,22.5,3,22.45,30,22.5,4,1,2022-08-03 09:02:34
1659517355068413000,22.5,1,22.45,30,22.5,3,1,2022-08-03 09:02:35
1659517355100897000,22.5,4,22.45,30,22.5,9,1,2022-08-03 09:02:35
1659517355210903000,22.45,1,22.45,29,22.5,9,2,2022-08-03 09:02:35
1659517355252167000,22.45,10,22.45,30,22.5,13,2,2022-08-03 09:02:35
1659517355283715000,22.45,1,22.45,18,22.5,9,2,2022-08-03 09:02:35
1659517355308613000,22.5,2,22.45,18,22.5,7,1,2022-08-03 09:02:35
1659517355313675000,22.45,1,22.45,17,22.5,7,2,2022-08-03 09:02:35
1659517355351799000,22.5,1,22.45,17,22.5,6,1,2022-08-03 09:02:35
1659517355377744000,22.5,1,22.45,17,22.5,5,1,2022-08-03 09:02:35
1659517355515199000,22.45,5,22.45,13,22.5,5,2,2022-08-03 09:02:35
1659517355587940000,22.45,1,22.45,12,22.5,7,2,2022-08-03 09:02:35
1659517355795839000,22.5,2,22.45,12,22.5,8,1,2022-08-03 09:02:35
1659517355810224000,22.5,1,22.45,12,22.5,7,1,2022-08-03 09:02:35
1659517355977047000,22.5,22,22.5,18,22.55,34,1,2022-08-03 09:02:35
1659517356021371000,22.5,10,22.5,8,22.55,34,2,2022-08-03 09:02:36
1659517356115040000,22.5,1,22.5,7,22.55,50,2,2022-08-03 09:02:36
1659517356146194000,22.5,7,22.45,12,22.55,50,2,2022-08-03 09:02:36
1659517356153376000,22.45,3,22.45,9,22.55,50,2,2022-08-03 09:02:36
1659517356241239000,22.5,1,22.5,1,22.55,51,2,2022-08-03 09:02:36
1659517356241239000,22.45,9,22.5,1,22.55,51,2,2022-08-03 09:02:36
1659517356294860000,22.5,1,22.4,184,22.55,52,1,2022-08-03 09:02:36
1659517356367483000,22.5,2,22.4,184,22.55,52,2,2022-08-03 09:02:36
1659517356440831000,22.5,1,22.45,1,22.5,4,1,2022-08-03 09:02:36
1659517356443866000,22.5,1,22.45,1,22.5,3,1,2022-08-03 09:02:36
1659517356639407000,22.45,1,22.45,1,22.5,3,2,2022-08-03 09:02:36
1659517356693476000,22.5,1,22.45,1,22.5,6,1,2022-08-03 09:02:36
1659517356786766000,22.5,4,22.45,2,22.5,1,1,2022-08-03 09:02:36
1659517356866374000,22.5,1,22.45,2,22.5,20,1,2022-08-03 09:02:36
1659517356893418000,22.5,1,22.45,2,22.5,19,1,2022-08-03 09:02:36
1659517357043086000,22.5,1,22.45,4,22.5,18,1,2022-08-03 09:02:37
1659517357055023000,22.5,1,22.45,4,22.5,17,1,2022-08-03 09:02:37
1659517357064349000,22.5,1,22.45,9,22.5,16,1,2022-08-03 09:02:37
1659517357095592000,22.5,1,22.45,9,22.5,15,1,2022-08-03 09:02:37
1659517357108355000,22.5,15,22.45,10,22.55,48,1,2022-08-03 09:02:37
1659517357108355000,22.55,5,22.45,10,22.55,48,1,2022-08-03 09:02:37
1659517357430434000,22.5,3,22.45,12,22.5,2,1,2022-08-03 09:02:37
1659517357562379000,22.5,2,22.45,12,22.55,47,1,2022-08-03 09:02:37
1659517357562379000,22.55,1,22.45,12,22.55,47,1,2022-08-03 09:02:37
1659517357626833000,22.45,2,22.45,12,22.55,47,2,2022-08-03 09:02:37
1659517357815883000,22.55,1,22.5,1,22.55,46,1,2022-08-03 09:02:37
1659517357819783000,22.55,1,22.5,1,22.55,45,1,2022-08-03 09:02:37
1659517357935251000,22.55,1,22.5,1,22.55,44,1,2022-08-03 09:02:37
1659517357955131000,22.5,1,22.4,184,22.45,9,2,2022-08-03 09:02:37
1659517357955131000,22.45,10,22.4,184,22.45,9,2,2022-08-03 09:02:37
1659517357983380000,22.45,7,22.4,184,22.45,2,1,2022-08-03 09:02:37
1659517358004355000,22.4,1,22.4,183,22.45,2,2,2022-08-03 09:02:38
1659517358007417000,22.4,1,22.4,182,22.45,2,2,2022-08-03 09:02:38
1659517358098496000,22.45,1,22.4,182,22.45,1,1,2022-08-03 09:02:38
1659517358278012000,22.45,1,22.4,182,22.5,2,1,2022-08-03 09:02:38
1659517358297380000,22.5,1,22.4,182,22.5,11,1,2022-08-03 09:02:38
1659517358309499000,22.45,1,22.4,182,22.5,11,1,2022-08-03 09:02:38
1659517358639528000,22.5,2,22.45,3,22.5,14,1,2022-08-03 09:02:38
1659517358809448000,22.45,1,22.45,5,22.5,14,2,2022-08-03 09:02:38
1659517358871357000,22.5,2,22.45,5,22.5,17,1,2022-08-03 09:02:38
1659517358976952000,22.5,1,22.45,7,22.5,16,1,2022-08-03 09:02:38
1659517359014650000,22.45,5,22.45,2,22.5,16,2,2022-08-03 09:02:39
1659517359046211000,22.45,1,22.45,1,22.5,16,2,2022-08-03 09:02:39
1659517359206786000,22.5,5,22.45,1,22.5,16,1,2022-08-03 09:02:39
1659517359330958000,22.5,1,22.45,4,22.5,14,1,2022-08-03 09:02:39
1659517359410065000,22.5,1,22.45,4,22.5,13,1,2022-08-03 09:02:39
1659517359448063000,22.45,4,22.4,185,22.45,1,2,2022-08-03 09:02:39
1659517359480537000,22.45,1,22.4,185,22.5,15,1,2022-08-03 09:02:39
1659517359829120000,22.5,5,22.45,2,22.5,10,1,2022-08-03 09:02:39
1659517359971545000,22.5,2,22.45,2,22.5,8,1,2022-08-03 09:02:39
1659517360381788000,22.5,4,22.45,13,22.5,24,1,2022-08-03 09:02:40
1659517360537988000,22.5,1,22.45,13,22.5,23,1,2022-08-03 09:02:40
1659517360579546000,22.5,1,22.45,13,22.5,22,1,2022-08-03 09:02:40
1659517360923241000,22.45,1,22.45,12,22.5,24,2,2022-08-03 09:02:40
1659517361048098000,22.5,1,22.45,12,22.5,24,1,2022-08-03 09:02:41
1659517361258931000,22.5,1,22.45,12,22.5,22,1,2022-08-03 09:02:41
1659517361444502000,22.5,1,22.45,24,22.5,21,1,2022-08-03 09:02:41
1659517361688312000,22.5,1,22.45,25,22.5,21,1,2022-08-03 09:02:41
1659517362142196000,22.5,10,22.45,28,22.5,11,1,2022-08-03 09:02:42
1659517362853600000,22.5,1,22.45,51,22.5,21,1,2022-08-03 09:02:42
1659517363118387000,22.5,2,22.45,52,22.5,19,1,2022-08-03 09:02:43
1659517363189980000,22.45,7,22.45,45,22.5,19,2,2022-08-03 09:02:43
1659517363226459000,22.5,2,22.45,45,22.5,17,1,2022-08-03 09:02:43
1659517363235650000,22.45,1,22.45,52,22.5,21,2,2022-08-03 09:02:43
1659517363318185000,22.5,3,22.45,44,22.5,14,1,2022-08-03 09:02:43
1659517363468517000,22.5,1,22.45,44,22.5,13,1,2022-08-03 09:02:43
1659517363535454000,22.5,1,22.45,44,22.5,12,1,2022-08-03 09:02:43
1659517363540980000,22.5,5,22.45,44,22.5,7,1,2022-08-03 09:02:43
1659517363727181000,22.5,2,22.45,46,22.5,7,1,2022-08-03 09:02:43
1659517363897171000,22.5,4,22.45,46,22.5,6,1,2022-08-03 09:02:43
1659517364173182000,22.5,2,22.45,52,22.5,4,1,2022-08-03 09:02:44
1659517364197128000,22.5,4,22.5,1,22.55,40,1,2022-08-03 09:02:44
1659517365015925000,22.5,1,22.5,15,22.55,40,2,2022-08-03 09:02:45
1659517365092448000,22.5,1,22.5,19,22.55,40,2,2022-08-03 09:02:45
1659517365412852000,22.5,5,22.5,26,22.55,40,2,2022-08-03 09:02:45
1659517366386003000,22.5,3,22.5,49,22.55,40,2,2022-08-03 09:02:46
1659517366568252000,22.5,1,22.5,48,22.55,40,2,2022-08-03 09:02:46
1659517366627954000,22.5,1,22.5,47,22.55,40,2,2022-08-03 09:02:46
1659517366846024000,22.55,10,22.5,52,22.55,30,1,2022-08-03 09:02:46
1659517366888412000,22.55,1,22.5,52,22.55,46,1,2022-08-03 09:02:46
1659517366924696000,22.55,2,22.5,52,22.55,44,1,2022-08-03 09:02:46
1659517366935201000,22.5,2,22.5,50,22.55,44,2,2022-08-03 09:02:46
1659517367358752000,22.55,5,22.5,52,22.55,57,1,2022-08-03 09:02:47
1659517367384364000,22.55,8,22.5,52,22.55,49,1,2022-08-03 09:02:47
1659517367697786000,22.5,10,22.5,43,22.55,50,2,2022-08-03 09:02:47
1659517368358355000,22.55,20,22.5,46,22.55,13,1,2022-08-03 09:02:48
1659517368395160000,22.55,13,22.5,46,22.6,22,1,2022-08-03 09:02:48
1659517368407089000,22.6,1,22.5,46,22.6,21,1,2022-08-03 09:02:48
1659517368426840000,22.5,3,22.5,43,22.6,21,2,2022-08-03 09:02:48
1659517368491214000,22.5,3,22.5,40,22.6,36,2,2022-08-03 09:02:48
1659517368587158000,22.6,10,22.5,40,22.6,26,1,2022-08-03 09:02:48
1659517368615755000,22.6,20,22.5,40,22.6,6,1,2022-08-03 09:02:48
1659517368615775000,22.6,6,22.5,40,22.65,6,1,2022-08-03 09:02:48
1659517368615775000,22.65,4,22.5,40,22.65,6,1,2022-08-03 09:02:48
1659517369648561000,22.6,15,22.4,161,22.65,6,2,2022-08-03 09:02:49
1659517369648561000,22.55,1,22.4,161,22.65,6,2,2022-08-03 09:02:49
1659517369648561000,22.5,49,22.4,161,22.65,6,2,2022-08-03 09:02:49
1659517369648561000,22.45,82,22.4,161,22.65,6,2,2022-08-03 09:02:49
1659517369648561000,22.4,53,22.4,161,22.65,6,2,2022-08-03 09:02:49
1659517369761504000,22.5,1,22.4,61,22.5,1,1,2022-08-03 09:02:49
1659517370157949000,22.45,2,22.55,1,22.6,18,1,2022-08-03 09:02:50
1659517370157949000,22.5,2,22.55,1,22.6,18,1,2022-08-03 09:02:50
1659517370179795000,22.55,1,22.4,58,22.6,18,2,2022-08-03 09:02:50
1659517370244874000,22.6,6,22.4,58,22.6,18,1,2022-08-03 09:02:50
1659517370495361000,22.55,1,22.55,9,22.6,12,2,2022-08-03 09:02:50
1659517370742975000,22.55,9,22.45,12,22.6,12,2,2022-08-03 09:02:50
1659517370742975000,22.45,1,22.45,12,22.6,12,2,2022-08-03 09:02:50
1659517370821138000,22.55,1,22.45,12,22.6,12,1,2022-08-03 09:02:50
1659517371265529000,22.6,1,22.45,12,22.6,23,1,2022-08-03 09:02:51
1659517372244291000,22.5,4,22.45,4,22.55,14,2,2022-08-03 09:02:52
1659517372278854000,22.55,5,22.45,4,22.55,9,1,2022-08-03 09:02:52
1659517372835943000,22.55,1,22.5,1,22.55,9,1,2022-08-03 09:02:52
1659517372943676000,22.5,1,22.45,4,22.5,4,2,2022-08-03 09:02:52
1659517373104859000,22.45,1,22.45,3,22.5,4,2,2022-08-03 09:02:53
1659517373233656000,22.45,3,22.4,55,22.5,4,2,2022-08-03 09:02:53
1659517373233656000,22.4,4,22.4,55,22.5,4,2,2022-08-03 09:02:53
1659517373530699000,22.45,1,22.4,55,22.45,1,1,2022-08-03 09:02:53
1659517373551694000,22.45,1,22.4,55,22.5,3,1,2022-08-03 09:02:53
1659517373551694000,22.5,1,22.4,55,22.5,3,1,2022-08-03 09:02:53
1659517373606192000,22.5,3,22.4,55,22.55,9,1,2022-08-03 09:02:53
1659517373654581000,22.55,1,22.4,55,22.55,8,1,2022-08-03 09:02:53
1659517374212826000,22.5,1,22.45,1,22.55,9,1,2022-08-03 09:02:54
1659517374212826000,22.55,2,22.45,1,22.55,9,1,2022-08-03 09:02:54
1659517374406623000,22.45,1,22.4,65,22.55,12,2,2022-08-03 09:02:54
1659517374551245000,22.4,10,22.4,55,22.55,23,2,2022-08-03 09:02:54
1659517374671708000,22.4,10,22.4,45,22.55,23,2,2022-08-03 09:02:54
1659517374997551000,22.45,1,22.4,45,22.45,1,2,2022-08-03 09:02:54
1659517375075693000,22.45,1,22.4,45,22.5,6,1,2022-08-03 09:02:55
1659517375114417000,22.5,1,22.4,45,22.5,5,1,2022-08-03 09:02:55
1659517375121836000,22.5,5,22.4,45,22.55,23,1,2022-08-03 09:02:55
1659517375207363000,22.55,2,22.45,1,22.55,23,1,2022-08-03 09:02:55
1659517375334770000,22.55,1,22.45,1,22.55,24,1,2022-08-03 09:02:55
1659517375597864000,22.5,2,22.5,18,22.55,24,2,2022-08-03 09:02:55
1659517375737384000,22.5,2,22.5,16,22.55,24,2,2022-08-03 09:02:55
1659517375751127000,22.55,1,22.5,18,22.55,24,1,2022-08-03 09:02:55
1659517375870205000,22.5,5,22.5,11,22.55,23,2,2022-08-03 09:02:55
1659517375902464000,22.55,3,22.5,11,22.55,20,1,2022-08-03 09:02:55
1659517375906767000,22.5,11,22.45,1,22.55,20,2,2022-08-03 09:02:55
1659517375994599000,22.55,1,22.5,5,22.55,19,1,2022-08-03 09:02:55
1659517376087782000,22.5,7,22.45,6,22.5,2,2,2022-08-03 09:02:56
1659517376194833000,22.45,5,22.45,1,22.5,2,2,2022-08-03 09:02:56
1659517376267624000,22.45,1,22.4,46,22.5,2,2,2022-08-03 09:02:56
1659517376486209000,22.5,1,22.4,45,22.55,19,2,2022-08-03 09:02:56
1659517376950857000,22.5,1,22.5,13,22.55,22,2,2022-08-03 09:02:56
1659517377120057000,22.5,1,22.5,13,22.55,23,2,2022-08-03 09:02:57
1659517377429067000,22.55,5,22.5,19,22.55,18,1,2022-08-03 09:02:57
1659517377492964000,22.55,5,22.5,19,22.55,13,1,2022-08-03 09:02:57
1659517377585546000,22.55,2,22.5,19,22.55,31,1,2022-08-03 09:02:57
1659517377885098000,22.5,10,22.5,9,22.55,32,2,2022-08-03 09:02:57
1659517378116309000,22.5,12,22.45,1,22.5,6,2,2022-08-03 09:02:58
1659517378259799000,22.5,1,22.45,1,22.5,6,1,2022-08-03 09:02:58
1659517378641176000,22.5,1,22.45,1,22.55,32,1,2022-08-03 09:02:58
1659517378706220000,22.55,5,22.45,1,22.55,27,1,2022-08-03 09:02:58
1659517378956378000,22.55,1,22.5,1,22.55,31,1,2022-08-03 09:02:58
1659517379270753000,22.5,1,22.45,4,22.55,31,2,2022-08-03 09:02:59
1659517379436303000,22.5,5,22.45,4,22.55,31,1,2022-08-03 09:02:59
1659517379912057000,22.55,10,22.5,1,22.55,21,1,2022-08-03 09:02:59
1659517379942531000,22.5,1,22.45,6,22.55,21,2,2022-08-03 09:02:59
1659517380088856000,22.45,1,22.45,5,22.55,21,2,2022-08-03 09:03:00
1659517380348368000,22.55,1,22.5,1,22.55,20,1,2022-08-03 09:03:00
1659517380467259000,22.5,1,22.45,1,22.55,20,2,2022-08-03 09:03:00
1659517380467259000,22.45,7,22.45,1,22.55,20,2,2022-08-03 09:03:00
1659517380845773000,22.55,10,22.45,4,22.55,11,1,2022-08-03 09:03:00
1659517380863220000,22.55,11,22.45,4,22.6,55,1,2022-08-03 09:03:00
1659517380909671000,22.6,1,22.45,16,22.6,54,1,2022-08-03 09:03:00
1659517381202394000,22.55,3,22.45,4,22.55,3,1,2022-08-03 09:03:01
1659517381226221000,22.55,3,22.45,4,22.6,54,1,2022-08-03 09:03:01
1659517381448427000,22.55,1,22.45,4,22.6,54,1,2022-08-03 09:03:01
1659517382163529000,22.55,2,22.55,8,22.6,76,1,2022-08-03 09:03:02
1659517382188658000,22.55,5,22.55,3,22.6,76,2,2022-08-03 09:03:02
1659517382216572000,22.55,3,22.5,4,22.6,76,2,2022-08-03 09:03:02
1659517382431864000,22.6,3,22.5,4,22.6,73,1,2022-08-03 09:03:02
1659517382450377000,22.5,1,22.5,3,22.6,73,2,2022-08-03 09:03:02
1659517382692400000,22.5,1,22.5,3,22.6,73,2,2022-08-03 09:03:02
1659517382944209000,22.6,2,22.5,2,22.6,71,1,2022-08-03 09:03:02
1659517383289827000,22.5,7,22.5,23,22.6,71,2,2022-08-03 09:03:03
1659517383810280000,22.6,5,22.5,17,22.6,54,1,2022-08-03 09:03:03
1659517384213327000,22.6,5,22.5,17,22.6,44,1,2022-08-03 09:03:04
1659517384602664000,22.55,1,22.5,19,22.6,46,1,2022-08-03 09:03:04
1659517384619719000,22.55,10,22.5,19,22.6,46,1,2022-08-03 09:03:04
1659517384949566000,22.55,1,22.5,23,22.6,46,1,2022-08-03 09:03:04
1659517385333572000,22.6,1,22.5,25,22.6,69,1,2022-08-03 09:03:05
1659517385968884000,22.55,1,22.5,31,22.6,45,1,2022-08-03 09:03:05
1659517386064703000,22.6,40,22.5,31,22.6,5,1,2022-08-03 09:03:06
1659517386096513000,22.6,5,22.5,31,22.65,12,1,2022-08-03 09:03:06
1659517386697932000,22.65,2,22.6,5,22.65,10,1,2022-08-03 09:03:06
1659517386781432000,22.65,3,22.6,5,22.65,7,1,2022-08-03 09:03:06
1659517386835040000,22.6,1,22.6,5,22.65,7,2,2022-08-03 09:03:06
1659517387133277000,22.6,8,22.5,33,22.65,7,2,2022-08-03 09:03:07
1659517387133277000,22.5,2,22.5,33,22.65,7,2,2022-08-03 09:03:07
1659517387662177000,22.65,5,22.6,10,22.65,2,1,2022-08-03 09:03:07
1659517387876797000,22.65,2,22.6,12,22.7,4,1,2022-08-03 09:03:07
1659517387876797000,22.7,1,22.6,12,22.7,4,1,2022-08-03 09:03:07
1659517388128188000,22.7,1,22.6,12,22.7,3,1,2022-08-03 09:03:08
1659517389425602000,22.7,1,22.65,12,22.7,5,1,2022-08-03 09:03:09
1659517389444112000,22.7,5,22.7,5,22.75,14,1,2022-08-03 09:03:09
1659517389526328000,22.75,1,22.7,5,22.75,13,1,2022-08-03 09:03:09
1659517389632741000,22.75,1,22.7,5,22.75,12,1,2022-08-03 09:03:09
1659517389698664000,22.75,2,22.7,5,22.75,10,1,2022-08-03 09:03:09
1659517389962157000,22.75,3,22.7,6,22.75,7,1,2022-08-03 09:03:09
1659517390680677000,22.7,1,22.7,5,22.75,7,2,2022-08-03 09:03:10
1659517391161104000,22.7,1,22.7,5,22.75,7,2,2022-08-03 09:03:11
1659517391418656000,22.75,1,22.7,5,22.75,6,1,2022-08-03 09:03:11
1659517391821217000,22.75,3,22.7,7,22.75,5,1,2022-08-03 09:03:11
1659517392126819000,22.7,7,22.65,4,22.7,13,2,2022-08-03 09:03:12
1659517392696527000,22.7,14,22.65,4,22.75,2,1,2022-08-03 09:03:12
1659517392696527000,22.75,11,22.65,4,22.75,2,1,2022-08-03 09:03:12
1659517392770131000,22.75,1,22.65,4,22.75,1,1,2022-08-03 09:03:12
1659517392903752000,22.7,1,22.65,4,22.7,4,1,2022-08-03 09:03:12
1659517392944947000,22.7,1,22.65,4,22.7,3,1,2022-08-03 09:03:12
1659517393290783000,22.7,3,22.65,4,22.95,19,1,2022-08-03 09:03:13
1659517393290783000,22.75,1,22.65,4,22.95,19,1,2022-08-03 09:03:13
1659517393290783000,22.8,19,22.65,4,22.95,19,1,2022-08-03 09:03:13
1659517393290783000,22.85,22,22.65,4,22.95,19,1,2022-08-03 09:03:13
1659517393290783000,22.9,18,22.65,4,22.95,19,1,2022-08-03 09:03:13
1659517393321861000,22.65,4,22.6,28,22.95,19,2,2022-08-03 09:03:13
1659517393321861000,22.6,3,22.6,28,22.95,19,2,2022-08-03 09:03:13
1659517393476553000,22.75,1,22.7,1,22.75,4,1,2022-08-03 09:03:13
1659517393500350000,22.75,1,22.7,1,22.75,13,1,2022-08-03 09:03:13
1659517393549992000,22.75,10,22.7,1,22.75,3,1,2022-08-03 09:03:13
1659517394069810000,22.75,3,22.7,5,22.75,3,1,2022-08-03 09:03:14
1659517394313343000,22.75,1,22.7,15,22.75,2,1,2022-08-03 09:03:14
1659517394344042000,22.75,2,22.7,15,22.9,5,1,2022-08-03 09:03:14
1659517394496446000,22.75,2,22.75,13,22.9,5,2,2022-08-03 09:03:14
1659517394931210000,22.9,5,22.75,14,22.95,13,1,2022-08-03 09:03:14
1659517395023025000,22.9,1,22.75,14,22.95,13,2,2022-08-03 09:03:15
1659517395064101000,22.75,1,22.75,13,22.9,2,2,2022-08-03 09:03:15
1659517395437308000,22.85,3,22.75,8,22.95,13,1,2022-08-03 09:03:15
1659517395437308000,22.9,2,22.75,8,22.95,13,1,2022-08-03 09:03:15
1659517395493224000,22.75,8,22.7,17,22.95,13,2,2022-08-03 09:03:15
1659517395493224000,22.7,2,22.7,17,22.95,13,2,2022-08-03 09:03:15
1659517395854425000,22.7,1,22.7,26,22.8,1,2,2022-08-03 09:03:15
1659517395886926000,22.7,1,22.7,27,22.8,1,2,2022-08-03 09:03:15
1659517396068382000,22.8,1,22.7,25,22.9,2,1,2022-08-03 09:03:16
1659517396068382000,22.9,1,22.7,25,22.9,2,1,2022-08-03 09:03:16
1659517396164211000,22.75,9,22.75,4,22.9,2,2,2022-08-03 09:03:16
1659517396191241000,22.75,4,22.7,25,22.9,2,2,2022-08-03 09:03:16
1659517396777701000,22.75,1,22.75,7,22.85,13,2,2022-08-03 09:03:16
1659517396790505000,22.75,1,22.75,6,22.85,13,2,2022-08-03 09:03:16
1659517396972265000,22.75,1,22.75,5,22.85,23,2,2022-08-03 09:03:16
1659517397254122000,22.8,1,22.75,7,22.85,22,1,2022-08-03 09:03:17
1659517397254122000,22.85,1,22.75,7,22.85,22,1,2022-08-03 09:03:17
1659517397283000000,22.85,1,22.75,7,22.85,21,1,2022-08-03 09:03:17
1659517397317767000,22.85,10,22.75,7,22.85,11,1,2022-08-03 09:03:17
1659517397574559000,22.75,1,22.75,6,22.85,11,2,2022-08-03 09:03:17
1659517397633898000,22.75,1,22.75,5,22.85,11,2,2022-08-03 09:03:17
1659517397889476000,22.85,1,22.8,1,22.85,11,1,2022-08-03 09:03:17
1659517398078210000,22.85,2,22.8,4,22.85,8,1,2022-08-03 09:03:18
1659517398516341000,22.85,5,22.8,7,22.85,3,1,2022-08-03 09:03:18
1659517399803024000,22.85,1,22.8,10,22.85,2,1,2022-08-03 09:03:19
1659517399888359000,22.85,1,22.8,10,22.85,2,1,2022-08-03 09:03:19
1659517400181067000,22.85,1,22.8,50,22.85,1,1,2022-08-03 09:03:20
1659517400181067000,22.9,5,22.8,50,22.85,1,1,2022-08-03 09:03:20
1659517520680721000,22.85,488,22.8,89,22.85,10,2,2022-08-03 09:05:20
1659517520840723000,22.8,3,22.8,86,22.85,10,2,2022-08-03 09:05:20
1659517520842593000,22.8,2,22.8,84,22.85,10,2,2022-08-03 09:05:20
1659517520857908000,22.8,1,22.8,83,22.85,10,2,2022-08-03 09:05:20
1659517520959001000,22.8,1,22.8,82,22.85,10,2,2022-08-03 09:05:20
1659517521148856000,22.8,13,22.8,69,22.85,10,2,2022-08-03 09:05:21
1659517521165685000,22.8,4,22.8,65,22.85,10,2,2022-08-03 09:05:21
1659517521182534000,22.8,65,22.75,37,22.85,10,2,2022-08-03 09:05:21
1659517521264354000,22.75,6,22.75,31,22.85,10,2,2022-08-03 09:05:21
1659517521371777000,22.85,7,22.75,31,22.85,3,1,2022-08-03 09:05:21
1659517521534078000,22.85,1,22.75,31,22.85,9,1,2022-08-03 09:05:21
1659517521580228000,22.75,2,22.75,29,22.85,9,2,2022-08-03 09:05:21
1659517521901527000,22.75,25,22.75,4,22.85,9,2,2022-08-03 09:05:21
1659517521932159000,22.75,4,22.7,46,22.85,9,2,2022-08-03 09:05:21
1659517522055454000,22.7,1,22.7,45,22.85,9,2,2022-08-03 09:05:22
1659517522347884000,22.7,1,22.7,44,22.8,1,2,2022-08-03 09:05:22
1659517522466278000,22.7,7,22.7,37,22.8,84,2,2022-08-03 09:05:22
1659517522500190000,22.7,35,22.7,2,22.8,84,2,2022-08-03 09:05:22
1659517522531498000,22.7,2,22.65,41,22.8,84,2,2022-08-03 09:05:22
1659517522804167000,22.65,26,22.65,15,22.75,2,2,2022-08-03 09:05:22
1659517522823954000,22.65,15,22.6,50,22.75,2,2,2022-08-03 09:05:22
1659517522978615000,22.7,5,22.6,50,22.75,2,2,2022-08-03 09:05:22
1659517523107855000,22.75,1,22.6,50,22.75,1,1,2022-08-03 09:05:23
1659517523350416000,22.65,5,22.6,42,22.7,5,2,2022-08-03 09:05:23
1659517523350416000,22.6,8,22.6,42,22.7,5,2,2022-08-03 09:05:23
1659517523423182000,22.6,7,22.6,35,22.65,10,2,2022-08-03 09:05:23
1659517523567386000,22.6,2,22.6,33,22.65,10,2,2022-08-03 09:05:23
1659517524094490000,22.65,1,22.6,33,22.65,18,1,2022-08-03 09:05:24
1659517524489253000,22.6,5,22.6,38,22.65,31,2,2022-08-03 09:05:24
1659517525016811000,22.6,1,22.6,32,22.65,41,2,2022-08-03 09:05:25
1659517525070481000,22.6,15,22.6,17,22.65,41,2,2022-08-03 09:05:25
1659517525571974000,22.65,1,22.6,17,22.65,27,1,2022-08-03 09:05:25
1659517525654981000,22.65,5,22.6,17,22.65,22,1,2022-08-03 09:05:25
1659517525811704000,22.6,5,22.6,12,22.65,22,2,2022-08-03 09:05:25
1659517525815960000,22.6,10,22.6,2,22.65,22,2,2022-08-03 09:05:25
1659517526177719000,22.6,1,22.6,1,22.65,22,2,2022-08-03 09:05:26
1659517527521151000,22.6,1,22.6,18,22.65,19,2,2022-08-03 09:05:27
1659517527664051000,22.65,10,22.6,18,22.65,9,1,2022-08-03 09:05:27
1659517527707589000,22.6,1,22.6,17,22.65,9,2,2022-08-03 09:05:27
1659517527887013000,22.6,1,22.6,16,22.65,9,2,2022-08-03 09:05:27
1659517528200152000,22.6,3,22.6,13,22.65,10,2,2022-08-03 09:05:28
1659517528235396000,22.6,5,22.6,8,22.65,10,2,2022-08-03 09:05:28
1659517528287552000,22.6,5,22.6,3,22.65,16,2,2022-08-03 09:05:28
1659517529040500000,22.6,8,22.6,1,22.65,10,2,2022-08-03 09:05:29
1659517529053443000,22.6,1,22.55,10,22.65,10,2,2022-08-03 09:05:29
1659517529053443000,22.55,19,22.55,10,22.65,10,2,2022-08-03 09:05:29
1659517529146367000,22.6,1,22.6,1,22.65,10,2,2022-08-03 09:05:29
1659517529199635000,22.6,1,22.5,97,22.65,10,2,2022-08-03 09:05:29
1659517529199635000,22.55,10,22.5,97,22.65,10,2,2022-08-03 09:05:29
1659517529199635000,22.5,9,22.5,97,22.65,10,2,2022-08-03 09:05:29
1659517529395102000,22.6,1,22.5,97,22.65,10,2,2022-08-03 09:05:29
1659517529430272000,22.5,20,22.5,77,22.65,10,2,2022-08-03 09:05:29
1659517530017829000,22.6,1,22.6,4,22.65,10,2,2022-08-03 09:05:30
1659517530077553000,22.6,1,22.6,3,22.65,10,2,2022-08-03 09:05:30
1659517530666507000,22.6,2,22.6,27,22.65,10,2,2022-08-03 09:05:30
1659517530701038000,22.6,10,22.6,17,22.65,10,2,2022-08-03 09:05:30
1659517531038131000,22.6,2,22.6,15,22.65,10,2,2022-08-03 09:05:31
1659517531499605000,22.6,5,22.6,15,22.65,21,2,2022-08-03 09:05:31
1659517532221196000,22.6,2,22.6,9,22.65,12,2,2022-08-03 09:05:32
1659517532394081000,22.6,2,22.6,7,22.65,12,2,2022-08-03 09:05:32
1659517532627302000,22.6,7,22.5,74,22.65,12,2,2022-08-03 09:05:32
1659517532627302000,22.55,2,22.5,74,22.65,12,2,2022-08-03 09:05:32
1659517532627302000,22.5,3,22.5,74,22.65,12,2,2022-08-03 09:05:32
1659517533116403000,22.55,1,22.5,74,22.6,2,2,2022-08-03 09:05:33
1659517533428736000,22.5,7,22.5,74,22.6,2,2,2022-08-03 09:05:33
1659517535007522000,22.6,1,22.5,59,22.6,11,1,2022-08-03 09:05:35
1659517535324573000,22.55,1,22.5,59,22.6,11,1,2022-08-03 09:05:35
1659517535576865000,22.6,4,22.5,61,22.6,7,1,2022-08-03 09:05:35
1659517536013842000,22.5,10,22.5,94,22.6,9,2,2022-08-03 09:05:36
1659517536236313000,22.5,2,22.5,92,22.6,9,2,2022-08-03 09:05:36
1659517537279142000,22.55,1,22.5,94,22.55,14,2,2022-08-03 09:05:37
1659517537315880000,22.55,14,22.5,94,22.6,11,1,2022-08-03 09:05:37
1659517538211500000,22.55,1,22.55,60,22.6,16,2,2022-08-03 09:05:38
1659517538269217000,22.55,1,22.55,59,22.6,16,2,2022-08-03 09:05:38
1659517538451233000,22.6,1,22.55,59,22.6,15,1,2022-08-03 09:05:38
1659517538950603000,22.6,1,22.55,59,22.6,15,1,2022-08-03 09:05:38
1659517539712271000,22.6,1,22.55,61,22.6,13,1,2022-08-03 09:05:39
1659517539745801000,22.6,13,22.55,61,22.65,16,1,2022-08-03 09:05:39
1659517540132154000,22.55,2,22.55,59,22.6,7,2,2022-08-03 09:05:40
1659517540609747000,22.6,1,22.55,61,22.6,6,1,2022-08-03 09:05:40
1659517540637401000,22.6,2,22.55,61,22.6,4,1,2022-08-03 09:05:40
1659517540855764000,22.6,1,22.55,61,22.6,3,1,2022-08-03 09:05:40
1659517540883413000,22.6,3,22.55,61,22.65,16,1,2022-08-03 09:05:40
1659517540913632000,22.6,1,22.55,61,22.65,16,1,2022-08-03 09:05:40
1659517541126858000,22.6,2,22.55,61,22.65,16,2,2022-08-03 09:05:41
1659517542271611000,22.6,10,22.6,16,22.65,16,2,2022-08-03 09:05:42
1659517542279790000,22.65,16,22.6,16,22.7,3,1,2022-08-03 09:05:42
1659517542400049000,22.6,1,22.6,15,22.7,3,2,2022-08-03 09:05:42
1659517542941962000,22.6,5,22.6,10,22.7,3,2,2022-08-03 09:05:42
1659517543253618000,22.7,3,22.6,11,22.8,25,1,2022-08-03 09:05:43
1659517543253618000,22.75,7,22.6,11,22.8,25,1,2022-08-03 09:05:43
1659517543253618000,22.8,60,22.6,11,22.8,25,1,2022-08-03 09:05:43
1659517543434254000,22.65,1,22.6,5,22.8,25,2,2022-08-03 09:05:43
1659517543434254000,22.6,6,22.6,5,22.8,25,2,2022-08-03 09:05:43
1659517544831587000,22.65,1,22.6,10,22.75,1,2,2022-08-03 09:05:44
1659517544831587000,22.6,4,22.6,10,22.75,1,2,2022-08-03 09:05:44
1659517544843394000,22.6,1,22.6,9,22.75,1,2,2022-08-03 09:05:44
1659517546179839000,22.65,1,22.6,16,22.75,2,2,2022-08-03 09:05:46
1659517546204809000,22.75,1,22.6,16,22.75,1,1,2022-08-03 09:05:46
1659517548076859000,22.65,5,22.6,32,22.7,5,2,2022-08-03 09:05:48
1659517551028710000,22.7,1,22.65,1,22.7,16,1,2022-08-03 09:05:51
1659517551110261000,22.7,1,22.65,1,22.7,15,1,2022-08-03 09:05:51
1659517551247272000,22.7,1,22.65,1,22.7,14,1,2022-08-03 09:05:51
1659517551443944000,22.65,1,22.65,6,22.7,19,2,2022-08-03 09:05:51
1659517552067543000,22.65,1,22.65,5,22.7,20,2,2022-08-03 09:05:52
1659517553253588000,22.7,2,22.65,68,22.7,18,1,2022-08-03 09:05:53
1659517553439807000,22.65,1,22.65,69,22.7,29,2,2022-08-03 09:05:53
1659517553915392000,22.7,1,22.65,75,22.7,28,1,2022-08-03 09:05:53
1659517554356942000,22.65,5,22.65,77,22.7,30,2,2022-08-03 09:05:54
1659517554581242000,22.7,30,22.7,10,22.75,15,1,2022-08-03 09:05:54
1659517555052890000,22.75,1,22.75,9,22.8,24,1,2022-08-03 09:05:55
1659517555446411000,22.8,24,22.75,9,22.9,42,1,2022-08-03 09:05:55
1659517555446411000,22.85,15,22.75,9,22.9,42,1,2022-08-03 09:05:55
1659517555446411000,22.9,1,22.75,9,22.9,42,1,2022-08-03 09:05:55
1659517556691643000,22.85,1,22.8,10,22.85,6,2,2022-08-03 09:05:56
1659517556766356000,22.85,6,22.8,10,22.9,42,1,2022-08-03 09:05:56
1659517557425849000,22.8,1,22.8,9,22.9,42,2,2022-08-03 09:05:57
1659517558144527000,22.9,1,22.8,10,22.9,41,1,2022-08-03 09:05:58
1659517558400429000,22.85,3,22.8,10,22.85,2,1,2022-08-03 09:05:58
1659517558428365000,22.85,2,22.8,10,22.9,40,1,2022-08-03 09:05:58
1659517560075885000,22.8,1,22.8,1,22.85,19,2,2022-08-03 09:06:00
1659517560181336000,22.85,1,22.8,1,22.85,18,1,2022-08-03 09:06:00
1659517560439867000,22.8,1,22.75,9,22.85,18,2,2022-08-03 09:06:00
1659517560439867000,22.75,3,22.75,9,22.85,18,2,2022-08-03 09:06:00
1659517560533905000,22.85,1,22.75,9,22.85,17,1,2022-08-03 09:06:00
1659517561596078000,22.85,2,22.8,1,22.85,15,1,2022-08-03 09:06:01
1659517561620784000,22.85,3,22.8,1,22.85,12,1,2022-08-03 09:06:01
1659517561719443000,22.85,1,22.8,1,22.85,11,1,2022-08-03 09:06:01
1659517561764855000,22.8,1,22.7,28,22.8,1,2,2022-08-03 09:06:01
1659517562010198000,22.8,1,22.7,28,22.8,1,1,2022-08-03 09:06:02
1659517562233858000,22.8,2,22.7,28,22.8,1,1,2022-08-03 09:06:02
1659517562500886000,22.8,1,22.7,28,22.8,1,1,2022-08-03 09:06:02
1659517562500886000,22.85,1,22.7,28,22.8,1,1,2022-08-03 09:06:02
1659517565143548000,22.8,4,22.75,2,22.8,6,1,2022-08-03 09:06:05
1659517565442318000,22.8,3,22.75,2,22.8,3,1,2022-08-03 09:06:05
1659517566946454000,22.8,1,22.75,6,22.8,10,1,2022-08-03 09:06:06
1659517567169704000,22.8,1,22.75,6,22.8,13,1,2022-08-03 09:06:07
1659517567193005000,22.75,6,22.7,27,22.8,13,2,2022-08-03 09:06:07
1659517567361583000,22.75,10,22.7,27,22.8,13,2,2022-08-03 09:06:07
1659517567368953000,22.8,1,22.7,27,22.8,12,1,2022-08-03 09:06:07
1659517567553606000,22.8,1,22.7,27,22.8,16,1,2022-08-03 09:06:07
1659517567964798000,22.8,3,22.75,3,22.8,13,1,2022-08-03 09:06:07
1659517567969789000,22.8,1,22.75,3,22.8,16,1,2022-08-03 09:06:07
1659517568162869000,22.8,2,22.75,3,22.8,10,1,2022-08-03 09:06:08
1659517568671819000,22.8,9,22.75,5,22.8,1,1,2022-08-03 09:06:08
1659517568700304000,22.8,1,22.75,5,22.85,38,1,2022-08-03 09:06:08
1659517569293282000,22.8,2,22.75,5,22.8,5,2,2022-08-03 09:06:09
1659517569916905000,22.8,1,22.75,6,22.8,4,1,2022-08-03 09:06:09
1659517570279914000,22.75,1,22.75,8,22.8,5,2,2022-08-03 09:06:10
1659517570391853000,22.75,5,22.75,3,22.8,5,2,2022-08-03 09:06:10
1659517570413060000,22.8,3,22.75,8,22.8,5,1,2022-08-03 09:06:10
1659517571011049000,22.8,3,22.75,3,22.8,3,1,2022-08-03 09:06:11
1659517571040501000,22.8,1,22.8,6,22.85,38,2,2022-08-03 09:06:11
1659517571041240000,22.8,1,22.8,5,22.85,38,2,2022-08-03 09:06:11
1659517571196959000,22.8,5,22.75,3,22.85,38,2,2022-08-03 09:06:11
1659517571715414000,22.8,1,22.8,2,22.85,39,2,2022-08-03 09:06:11
1659517571841866000,22.8,2,22.75,4,22.8,2,2,2022-08-03 09:06:11
1659517572199582000,22.8,1,22.75,4,22.8,1,1,2022-08-03 09:06:12
1659517572231126000,22.75,4,22.7,17,22.75,16,2,2022-08-03 09:06:12
1659517572503392000,22.75,10,22.7,17,22.75,6,1,2022-08-03 09:06:12
1659517572528126000,22.75,6,22.7,17,22.75,16,1,2022-08-03 09:06:12
1659517572998477000,22.8,2,22.75,2,22.8,3,1,2022-08-03 09:06:12
1659517573033254000,22.8,1,22.75,2,22.8,5,1,2022-08-03 09:06:13
1659517573203952000,22.8,1,22.75,2,22.8,2,1,2022-08-03 09:06:13
1659517573260067000,22.8,2,22.75,2,22.85,24,1,2022-08-03 09:06:13
1659517573260067000,22.85,6,22.75,2,22.85,24,1,2022-08-03 09:06:13
1659517573264366000,22.75,2,22.7,17,22.75,8,2,2022-08-03 09:06:13
1659517573409290000,22.75,1,22.7,17,22.75,7,1,2022-08-03 09:06:13
1659517573780974000,22.75,3,22.7,21,22.75,4,1,2022-08-03 09:06:13
1659517573804393000,22.75,4,22.7,21,22.8,2,1,2022-08-03 09:06:13
1659517574592364000,22.75,2,22.7,21,22.8,14,2,2022-08-03 09:06:14
1659517575658982000,22.8,10,22.7,36,22.8,9,1,2022-08-03 09:06:15
1659517575790415000,22.8,1,22.75,10,22.8,8,1,2022-08-03 09:06:15
1659517575969059000,22.75,2,22.75,10,22.8,9,2,2022-08-03 09:06:15
1659517576141278000,22.75,1,22.75,7,22.8,8,2,2022-08-03 09:06:16
1659517576491047000,22.8,1,22.75,7,22.8,27,1,2022-08-03 09:06:16
1659517577587595000,22.8,1,22.75,8,22.8,22,1,2022-08-03 09:06:17
1659517577808050000,22.8,1,22.75,8,22.8,21,1,2022-08-03 09:06:17
1659517578429658000,22.75,1,22.75,10,22.8,21,2,2022-08-03 09:06:18
1659517578607651000,22.8,10,22.75,9,22.8,11,1,2022-08-03 09:06:18
1659517578613018000,22.75,1,22.75,8,22.8,11,2,2022-08-03 09:06:18
1659517579150998000,22.8,10,22.75,8,22.8,1,1,2022-08-03 09:06:19
1659517579194037000,22.8,1,22.75,8,22.85,6,1,2022-08-03 09:06:19
1659517580541013000,22.8,1,22.75,18,22.8,4,1,2022-08-03 09:06:20
1659517580985309000,22.75,1,22.75,19,22.8,4,2,2022-08-03 09:06:20
1659517581465678000,22.8,4,22.8,6,22.85,6,1,2022-08-03 09:06:21
1659517581505494000,22.8,1,22.8,6,22.85,6,2,2022-08-03 09:06:21
1659517581662141000,22.85,5,22.8,5,22.85,1,1,2022-08-03 09:06:21
1659517581690797000,22.8,1,22.8,4,22.85,1,2,2022-08-03 09:06:21
1659517582133252000,22.85,1,22.8,5,22.9,55,1,2022-08-03 09:06:22
1659517582133252000,22.9,1,22.8,5,22.9,55,1,2022-08-03 09:06:22
1659517582458304000,22.9,1,22.8,5,22.9,54,1,2022-08-03 09:06:22
1659517582512538000,22.8,5,22.8,5,22.9,55,2,2022-08-03 09:06:22
1659517583056014000,22.85,3,22.8,1,22.9,54,2,2022-08-03 09:06:23
1659517583802583000,22.8,2,22.8,13,22.9,54,2,2022-08-03 09:06:23
1659517585292510000,22.85,1,22.8,22,22.9,50,1,2022-08-03 09:06:25
1659517586474020000,22.9,4,22.8,28,22.9,48,1,2022-08-03 09:06:26
1659517587060566000,22.9,1,22.8,29,22.9,56,1,2022-08-03 09:06:27
1659517587176387000,22.9,10,22.8,29,22.9,48,1,2022-08-03 09:06:27
1659517587863045000,22.85,1,22.8,29,22.9,48,2,2022-08-03 09:06:27
1659517589580058000,22.9,10,22.8,42,22.9,38,1,2022-08-03 09:06:29
1659517590209997000,22.8,1,22.8,41,22.9,38,2,2022-08-03 09:06:30
1659517591032331000,22.9,30,22.85,3,22.9,38,1,2022-08-03 09:06:31
1659517591062454000,22.9,8,22.85,3,22.95,59,1,2022-08-03 09:06:31
1659517591505402000,22.9,1,22.9,10,22.95,59,2,2022-08-03 09:06:31
1659517591939428000,22.95,5,22.9,19,22.95,54,1,2022-08-03 09:06:31
1659517591969076000,22.95,10,22.9,19,22.95,44,1,2022-08-03 09:06:31
1659517591983754000,22.95,5,22.9,19,22.95,39,1,2022-08-03 09:06:31
1659517591991757000,22.95,5,22.9,19,22.95,34,1,2022-08-03 09:06:31
1659517591999032000,22.95,23,22.9,19,22.95,11,1,2022-08-03 09:06:31
1659517592006696000,22.95,1,22.9,19,22.95,10,1,2022-08-03 09:06:32
1659517592029473000,22.95,5,22.9,19,22.95,5,1,2022-08-03 09:06:32
1659517592030113000,22.95,5,22.9,19,22.95,10,1,2022-08-03 09:06:32
1659517592088860000,23.0,2,22.9,19,23.0,54,1,2022-08-03 09:06:32
1659517592148515000,23.0,2,22.95,1,23.0,52,1,2022-08-03 09:06:32
1659517592181839000,22.95,1,22.9,15,23.0,52,2,2022-08-03 09:06:32
1659517592181839000,22.9,4,22.9,15,23.0,52,2,2022-08-03 09:06:32
1659517592256993000,23.0,2,22.9,15,23.0,50,1,2022-08-03 09:06:32
1659517592469701000,23.0,2,22.9,15,23.0,50,1,2022-08-03 09:06:32
1659517593839670000,23.0,2,22.9,23,23.0,46,1,2022-08-03 09:06:33
1659517593850181000,23.0,2,22.9,23,23.0,44,1,2022-08-03 09:06:33
1659517594018049000,23.0,22,22.95,40,23.0,22,1,2022-08-03 09:06:34
1659517594090423000,23.0,2,22.95,40,23.0,20,1,2022-08-03 09:06:34
1659517594275234000,22.95,1,22.95,39,23.0,19,2,2022-08-03 09:06:34
1659517594327211000,23.0,19,22.95,39,23.05,17,1,2022-08-03 09:06:34
1659517594327211000,23.05,1,22.95,39,23.05,17,1,2022-08-03 09:06:34
1659517594458257000,23.05,3,23.0,1,23.05,17,1,2022-08-03 09:06:34
1659517594587048000,23.05,1,23.0,1,23.05,13,1,2022-08-03 09:06:34
1659517594608697000,23.05,1,23.0,1,23.05,12,1,2022-08-03 09:06:34
1659517594623324000,23.05,1,23.0,1,23.05,11,1,2022-08-03 09:06:34
1659517595006400000,23.05,1,23.0,2,23.05,10,1,2022-08-03 09:06:35
1659517595124335000,23.05,1,23.0,7,23.05,9,1,2022-08-03 09:06:35
1659517595617222000,23.05,1,23.0,27,23.05,8,1,2022-08-03 09:06:35
1659517596066412000,23.05,2,23.0,94,23.05,7,1,2022-08-03 09:06:36
1659517596099628000,23.0,10,23.0,84,23.05,7,2,2022-08-03 09:06:36
1659517596210635000,23.05,2,23.0,84,23.05,5,1,2022-08-03 09:06:36
1659517596313691000,23.0,1,23.0,83,23.05,5,2,2022-08-03 09:06:36
1659517596800263000,23.05,1,23.0,88,23.05,4,1,2022-08-03 09:06:36
1659517597084086000,23.05,4,23.0,89,23.1,16,1,2022-08-03 09:06:37
1659517597084086000,23.1,6,23.0,89,23.1,16,1,2022-08-03 09:06:37
1659517597163638000,23.05,1,23.05,2,23.1,16,2,2022-08-03 09:06:37
1659517597229556000,23.1,9,23.05,2,23.1,7,1,2022-08-03 09:06:37
1659517597417824000,23.1,1,23.05,2,23.1,6,1,2022-08-03 09:06:37
1659517597485995000,23.1,6,23.05,2,23.25,3,1,2022-08-03 09:06:37
1659517597485995000,23.15,7,23.05,2,23.25,3,1,2022-08-03 09:06:37
1659517597485995000,23.2,31,23.05,2,23.25,3,1,2022-08-03 09:06:37
1659517597485995000,23.25,6,23.05,2,23.25,3,1,2022-08-03 09:06:37
1659517597589488000,23.25,3,23.1,2,23.3,19,1,2022-08-03 09:06:37
1659517597589488000,23.3,2,23.1,2,23.3,19,1,2022-08-03 09:06:37
1659517597726838000,23.1,4,23.1,2,23.3,19,2,2022-08-03 09:06:37
1659517598015039000,23.2,1,23.1,2,23.25,2,2,2022-08-03 09:06:38
1659517598150911000,23.1,1,23.1,1,23.25,2,2,2022-08-03 09:06:38
1659517598261608000,23.25,2,23.15,5,23.3,23,1,2022-08-03 09:06:38
1659517598965321000,23.2,2,23.15,5,23.2,18,1,2022-08-03 09:06:38
1659517598980409000,23.2,10,23.15,5,23.2,8,1,2022-08-03 09:06:38
1659517599071026000,23.1,1,23.05,15,23.2,8,2,2022-08-03 09:06:39
1659517599071026000,23.05,2,23.05,15,23.2,8,2,2022-08-03 09:06:39
1659517599564743000,23.2,8,23.1,1,23.25,6,1,2022-08-03 09:06:39
1659517599564743000,23.25,2,23.1,1,23.25,6,1,2022-08-03 09:06:39
1659517600349003000,23.15,1,23.1,1,23.15,2,1,2022-08-03 09:06:40
1659517600610391000,23.15,1,23.1,1,23.15,1,1,2022-08-03 09:06:40
1659517601117900000,23.15,2,23.1,4,23.15,1,1,2022-08-03 09:06:41
1659517601147222000,23.15,1,23.1,4,23.2,8,1,2022-08-03 09:06:41
1659517601376988000,23.2,1,23.1,4,23.2,7,1,2022-08-03 09:06:41
1659517601385609000,23.2,1,23.1,4,23.2,6,1,2022-08-03 09:06:41
1659517601704207000,23.2,5,23.15,1,23.2,1,1,2022-08-03 09:06:41
1659517601849340000,23.2,1,23.15,1,23.25,3,1,2022-08-03 09:06:41
1659517602014378000,23.15,1,23.1,5,23.25,3,2,2022-08-03 09:06:42
1659517602067548000,23.25,2,23.1,5,23.25,1,1,2022-08-03 09:06:42
1659517602299135000,23.25,1,23.1,5,23.3,20,1,2022-08-03 09:06:42
1659517602299135000,23.3,1,23.1,5,23.3,20,1,2022-08-03 09:06:42
1659517603027185000,23.15,1,23.15,1,23.2,11,2,2022-08-03 09:06:43
1659517603064306000,23.15,1,23.1,19,23.2,11,1,2022-08-03 09:06:43
1659517603136930000,23.2,8,23.1,19,23.2,3,1,2022-08-03 09:06:43
1659517603206571000,23.2,1,23.1,19,23.2,2,1,2022-08-03 09:06:43
1659517603238073000,23.15,1,23.1,19,23.2,2,2,2022-08-03 09:06:43
1659517603239219000,23.2,2,23.1,19,23.3,20,1,2022-08-03 09:06:43
1659517603587117000,23.25,1,23.15,3,23.3,9,1,2022-08-03 09:06:43
1659517603587117000,23.3,9,23.15,3,23.3,9,1,2022-08-03 09:06:43
1659517603699756000,23.3,1,23.15,8,23.3,9,1,2022-08-03 09:06:43
1659517603839297000,23.2,1,23.15,7,23.3,9,2,2022-08-03 09:06:43
1659517603839297000,23.15,3,23.15,7,23.3,9,2,2022-08-03 09:06:43
1659517603879036000,23.25,2,23.15,8,23.25,1,1,2022-08-03 09:06:43
1659517603890149000,23.25,1,23.15,8,23.3,8,1,2022-08-03 09:06:43
1659517603890149000,23.3,1,23.15,8,23.3,8,1,2022-08-03 09:06:43
1659517603924956000,23.3,1,23.15,12,23.3,7,1,2022-08-03 09:06:43
1659517603982682000,23.2,3,23.15,12,23.3,7,1,2022-08-03 09:06:43
1659517603997907000,23.3,7,23.15,12,23.35,4,1,2022-08-03 09:06:43
1659517603997907000,23.35,3,23.15,12,23.35,4,1,2022-08-03 09:06:43
1659517604665965000,23.25,1,23.2,19,23.35,4,2,2022-08-03 09:06:44
1659517604884333000,23.25,2,23.25,8,23.35,4,2,2022-08-03 09:06:44
1659517605081710000,23.25,1,23.25,5,23.35,4,2,2022-08-03 09:06:45
1659517605224164000,23.25,1,23.25,4,23.35,5,2,2022-08-03 09:06:45
1659517605901446000,23.35,2,23.3,51,23.35,9,1,2022-08-03 09:06:45
1659517606171446000,23.3,2,23.3,49,23.35,8,2,2022-08-03 09:06:46
1659517606225302000,23.35,1,23.3,49,23.35,7,1,2022-08-03 09:06:46
1659517606316812000,23.35,3,23.3,49,23.35,4,1,2022-08-03 09:06:46
1659517607404759000,23.3,10,23.3,50,23.35,7,2,2022-08-03 09:06:47
1659517607684833000,23.35,1,23.3,40,23.35,6,1,2022-08-03 09:06:47
1659517607779958000,23.35,1,23.3,40,23.35,5,1,2022-08-03 09:06:47
1659517607791215000,23.35,5,23.35,15,23.4,12,1,2022-08-03 09:06:47
1659517608069706000,23.35,1,23.35,14,23.4,12,2,2022-08-03 09:06:48
1659517608213926000,23.35,2,23.35,17,23.4,12,2,2022-08-03 09:06:48
1659517608247738000,23.35,1,23.35,16,23.4,12,2,2022-08-03 09:06:48
1659517608507382000,23.35,1,23.35,19,23.4,12,2,2022-08-03 09:06:48
1659517608646767000,23.4,1,23.35,15,23.4,11,1,2022-08-03 09:06:48
1659517608799397000,23.35,1,23.35,16,23.4,11,2,2022-08-03 09:06:48
1659517608839476000,23.4,2,23.35,16,23.4,11,1,2022-08-03 09:06:48
1659517608996838000,23.4,8,23.35,16,23.4,13,1,2022-08-03 09:06:48
1659517609108807000,23.35,1,23.35,15,23.4,5,2,2022-08-03 09:06:49
1659517609148928000,23.35,1,23.35,14,23.4,5,2,2022-08-03 09:06:49
1659517609298250000,23.4,5,23.35,15,23.5,34,1,2022-08-03 09:06:49
1659517609298250000,23.45,19,23.35,15,23.5,34,1,2022-08-03 09:06:49
1659517609298250000,23.5,31,23.35,15,23.5,34,1,2022-08-03 09:06:49
1659517609346528000,23.5,2,23.4,2,23.5,32,1,2022-08-03 09:06:49
1659517609412272000,23.4,1,23.4,8,23.5,32,2,2022-08-03 09:06:49
1659517609536803000,23.5,25,23.4,9,23.5,32,1,2022-08-03 09:06:49
1659517609703828000,23.5,1,23.4,8,23.5,6,1,2022-08-03 09:06:49
1659517609905338000,23.5,1,23.4,8,23.5,5,1,2022-08-03 09:06:49
1659517609942923000,23.4,2,23.4,6,23.5,5,2,2022-08-03 09:06:49
1659517610047665000,23.4,1,23.4,11,23.5,5,2,2022-08-03 09:06:50
1659517610134860000,23.5,3,23.4,14,23.5,2,1,2022-08-03 09:06:50
1659517610220158000,23.4,1,23.4,13,23.5,2,2,2022-08-03 09:06:50
1659517610283114000,23.4,1,23.4,15,23.5,5,2,2022-08-03 09:06:50
1659517610292125000,23.5,3,23.4,15,23.5,2,1,2022-08-03 09:06:50
1659517610754156000,23.5,1,23.45,10,23.5,1,1,2022-08-03 09:06:50
1659517610816790000,23.45,1,23.45,9,23.5,1,2,2022-08-03 09:06:50
1659517611584496000,23.5,1,23.45,10,23.6,37,1,2022-08-03 09:06:51
1659517611584496000,23.55,9,23.45,10,23.6,37,1,2022-08-03 09:06:51
1659517611604145000,23.6,3,23.45,10,23.6,34,1,2022-08-03 09:06:51
1659517611607940000,23.6,1,23.45,10,23.6,33,1,2022-08-03 09:06:51
1659517611608014000,23.6,1,23.45,10,23.6,32,1,2022-08-03 09:06:51
1659517611608643000,23.6,1,23.45,10,23.6,31,1,2022-08-03 09:06:51
1659517611609189000,23.6,1,23.45,10,23.6,30,1,2022-08-03 09:06:51
1659517611609560000,23.6,1,23.45,10,23.6,29,1,2022-08-03 09:06:51
1659517611609683000,23.6,1,23.45,10,23.6,28,1,2022-08-03 09:06:51
1659517611609933000,23.6,1,23.45,10,23.6,27,1,2022-08-03 09:06:51
1659517611610174000,23.6,1,23.45,10,23.6,26,1,2022-08-03 09:06:51
1659517611610418000,23.6,1,23.45,10,23.6,25,1,2022-08-03 09:06:51
1659517611611186000,23.6,1,23.45,10,23.6,24,1,2022-08-03 09:06:51
1659517611611816000,23.6,1,23.45,10,23.6,23,1,2022-08-03 09:06:51
1659517611612469000,23.6,1,23.45,10,23.6,22,1,2022-08-03 09:06:51
1659517611613018000,23.6,1,23.45,10,23.6,21,1,2022-08-03 09:06:51
1659517611613458000,23.6,1,23.45,10,23.6,20,1,2022-08-03 09:06:51
1659517611637268000,23.6,1,23.45,10,23.6,19,1,2022-08-03 09:06:51
1659517611637372000,23.6,1,23.45,10,23.6,18,1,2022-08-03 09:06:51
1659517611637750000,23.6,1,23.45,10,23.6,17,1,2022-08-03 09:06:51
1659517611639030000,23.6,7,23.45,10,23.6,10,1,2022-08-03 09:06:51
1659517611639957000,23.6,1,23.45,10,23.6,9,1,2022-08-03 09:06:51
1659517611640295000,23.6,1,23.45,10,23.6,8,1,2022-08-03 09:06:51
1659517611640713000,23.6,1,23.45,10,23.6,7,1,2022-08-03 09:06:51
1659517611641865000,23.6,2,23.45,10,23.6,5,1,2022-08-03 09:06:51
1659517611675198000,23.6,5,23.45,10,23.65,53,1,2022-08-03 09:06:51
1659517611721028000,23.5,3,23.45,10,23.65,53,2,2022-08-03 09:06:51
1659517732847897000,23.3,273,23.25,7,23.3,46,2,2022-08-03 09:08:52
1659517732872567000,23.25,7,23.2,16,23.3,46,2,2022-08-03 09:08:52
1659517734508371000,23.2,10,23.2,6,23.3,55,2,2022-08-03 09:08:54
1659517734541577000,23.2,6,23.15,3,23.3,55,2,2022-08-03 09:08:54
1659517734791313000,23.15,3,23.1,4,23.25,7,2,2022-08-03 09:08:54
1659517734866518000,23.1,1,23.1,3,23.25,7,2,2022-08-03 09:08:54
1659517735018214000,23.1,1,23.1,2,23.25,7,2,2022-08-03 09:08:55
1659517735206943000,23.1,1,23.1,1,23.25,8,2,2022-08-03 09:08:55
1659517735224276000,23.1,1,23.05,15,23.15,1,2,2022-08-03 09:08:55
1659517735224276000,23.05,1,23.05,15,23.15,1,2,2022-08-03 09:08:55
1659517735766275000,23.1,2,23.05,14,23.15,1,2,2022-08-03 09:08:55
1659517735766275000,23.05,1,23.05,14,23.15,1,2,2022-08-03 09:08:55
1659517735892441000,23.05,1,23.05,13,23.15,1,2,2022-08-03 09:08:55
1659517735933324000,23.15,1,23.1,2,23.15,1,1,2022-08-03 09:08:55
1659517735933324000,23.25,8,23.1,2,23.15,1,1,2022-08-03 09:08:55
1659517735933324000,23.3,1,23.1,2,23.15,1,1,2022-08-03 09:08:55
1659517736213099000,23.3,1,23.1,4,23.3,31,1,2022-08-03 09:08:56
1659517737419489000,23.1,5,23.1,8,23.3,31,2,2022-08-03 09:08:57
1659517737422835000,23.1,2,23.1,13,23.3,31,2,2022-08-03 09:08:57
1659517737548882000,23.1,1,23.1,5,23.3,31,2,2022-08-03 09:08:57
1659517737658984000,23.1,1,23.1,4,23.3,31,2,2022-08-03 09:08:57
1659517737837479000,23.1,1,23.1,3,23.3,31,2,2022-08-03 09:08:57
1659517738182461000,23.25,1,23.15,2,23.3,31,2,2022-08-03 09:08:58
1659517740002144000,23.15,1,23.15,14,23.2,2,2,2022-08-03 09:09:00
1659517740125036000,23.15,1,23.15,13,23.2,2,2,2022-08-03 09:09:00
1659517740716540000,23.2,2,23.25,8,23.3,31,1,2022-08-03 09:09:00
1659517740745111000,23.25,7,23.25,1,23.3,31,2,2022-08-03 09:09:00
1659517740776608000,23.25,1,23.15,3,23.3,31,2,2022-08-03 09:09:00
1659517741805394000,23.15,3,23.15,3,23.2,7,2,2022-08-03 09:09:01
1659517742726745000,23.15,5,23.1,10,23.15,9,1,2022-08-03 09:09:02
1659517744680417000,23.15,2,23.1,5,23.15,7,1,2022-08-03 09:09:04
1659517744700854000,23.15,4,23.1,5,23.15,3,1,2022-08-03 09:09:04
1659517744912149000,23.1,2,23.1,3,23.15,3,2,2022-08-03 09:09:04
1659517745043054000,23.1,1,23.1,2,23.2,7,2,2022-08-03 09:09:05
1659517745053094000,23.1,1,23.1,1,23.2,7,2,2022-08-03 09:09:05
1659517745073527000,23.1,1,23.05,16,23.2,7,2,2022-08-03 09:09:05
1659517745368945000,23.1,1,23.05,16,23.1,1,1,2022-08-03 09:09:05
1659517745368945000,23.2,1,23.05,16,23.1,1,1,2022-08-03 09:09:05
1659517746229751000,23.15,1,23.15,2,23.2,6,2,2022-08-03 09:09:06
1659517746343257000,23.15,1,23.15,2,23.2,6,2,2022-08-03 09:09:06
1659517746452436000,23.15,1,23.1,18,23.2,6,2,2022-08-03 09:09:06
1659517746452436000,23.1,1,23.1,18,23.2,6,2,2022-08-03 09:09:06
1659517746616454000,23.15,1,23.1,18,23.2,6,2,2022-08-03 09:09:06
1659517746667023000,23.1,1,23.1,17,23.2,6,2,2022-08-03 09:09:06
1659517747495714000,23.1,10,23.1,17,23.15,2,2,2022-08-03 09:09:07
1659517747678937000,23.1,2,23.1,15,23.15,2,2,2022-08-03 09:09:07
1659517747711149000,23.1,1,23.1,14,23.15,2,2,2022-08-03 09:09:07
1659517747804522000,23.1,6,23.1,9,23.15,2,2,2022-08-03 09:09:07
1659517748539578000,23.1,5,23.1,5,23.15,3,2,2022-08-03 09:09:08
1659517748586135000,23.15,1,23.1,5,23.15,2,1,2022-08-03 09:09:08
1659517748732133000,23.15,1,23.1,5,23.15,5,1,2022-08-03 09:09:08
1659517749165425000,23.1,1,23.1,4,23.15,4,2,2022-08-03 09:09:09
1659517749571137000,23.1,1,23.1,4,23.15,5,2,2022-08-03 09:09:09
1659517749616436000,23.1,3,23.1,2,23.15,5,2,2022-08-03 09:09:09
1659517749889001000,23.1,1,23.1,2,23.15,5,2,2022-08-03 09:09:09
1659517750409877000,23.1,1,23.1,2,23.15,7,2,2022-08-03 09:09:10
1659517750967203000,23.1,1,23.05,6,23.15,9,2,2022-08-03 09:09:10
1659517751340592000,23.1,1,23.05,8,23.1,10,1,2022-08-03 09:09:11
1659517751442083000,23.1,9,23.1,1,23.15,7,1,2022-08-03 09:09:11
1659517751508983000,23.1,1,23.05,6,23.15,7,2,2022-08-03 09:09:11
1659517751508983000,23.05,2,23.05,6,23.15,7,2,2022-08-03 09:09:11
1659517751519011000,23.05,1,23.05,5,23.15,7,2,2022-08-03 09:09:11
1659517751521136000,23.05,2,23.05,3,23.15,7,2,2022-08-03 09:09:11
1659517753267145000,23.05,3,23.05,10,23.1,8,2,2022-08-03 09:09:13
1659517753801461000,23.05,5,23.05,5,23.1,9,2,2022-08-03 09:09:13
1659517753821769000,23.05,2,23.05,3,23.1,9,2,2022-08-03 09:09:13
1659517754139499000,23.05,1,23.05,2,23.1,17,2,2022-08-03 09:09:14
1659517754353541000,23.1,1,23.05,3,23.1,17,1,2022-08-03 09:09:14
1659517754858015000,23.05,1,23.05,2,23.1,16,2,2022-08-03 09:09:14
1659517755037344000,23.05,1,23.0,39,23.05,30,2,2022-08-03 09:09:15
1659517755740792000,23.0,5,23.0,29,23.05,31,2,2022-08-03 09:09:15
1659517756987567000,23.0,1,23.0,28,23.05,38,2,2022-08-03 09:09:16
1659517757272755000,23.05,1,23.0,28,23.05,37,1,2022-08-03 09:09:17
1659517757351970000,23.0,7,23.0,21,23.05,37,2,2022-08-03 09:09:17
1659517757384241000,23.0,13,23.0,8,23.05,37,2,2022-08-03 09:09:17
1659517757558836000,23.0,2,23.0,6,23.05,37,2,2022-08-03 09:09:17
1659517757807568000,23.0,1,23.0,5,23.05,8,2,2022-08-03 09:09:17
1659517757830234000,23.0,2,23.0,3,23.05,8,2,2022-08-03 09:09:17
1659517757878524000,23.0,3,22.95,12,23.05,8,2,2022-08-03 09:09:17
1659517757878524000,22.95,22,22.95,12,23.05,8,2,2022-08-03 09:09:17
1659517758260393000,23.0,2,22.95,12,23.05,9,2,2022-08-03 09:09:18
1659517758408767000,22.95,1,22.95,14,23.05,9,2,2022-08-03 09:09:18
1659517759684606000,22.95,10,22.95,5,23.0,24,2,2022-08-03 09:09:19
1659517759716957000,22.95,5,22.9,20,23.0,24,2,2022-08-03 09:09:19
1659517760398656000,22.9,5,22.9,20,22.95,5,2,2022-08-03 09:09:20
1659517760612631000,22.95,3,22.9,15,22.95,2,1,2022-08-03 09:09:20
1659517760786956000,22.95,1,22.9,18,22.95,1,1,2022-08-03 09:09:20
1659517761261822000,22.95,2,22.9,18,22.95,5,1,2022-08-03 09:09:21
1659517762008868000,22.9,7,22.9,11,22.95,9,2,2022-08-03 09:09:22
1659517762042330000,22.9,11,22.85,18,22.95,9,2,2022-08-03 09:09:22
1659517764168815000,22.9,1,22.9,1,22.95,11,2,2022-08-03 09:09:24
1659517764256806000,22.95,1,22.9,2,22.95,10,1,2022-08-03 09:09:24
1659517764362605000,22.9,1,22.9,1,22.95,10,2,2022-08-03 09:09:24
1659517764978990000,22.9,1,22.9,1,22.95,12,2,2022-08-03 09:09:24
1659517765087098000,22.9,1,22.85,17,22.9,11,2,2022-08-03 09:09:25
1659517766199874000,22.85,2,22.85,17,22.9,22,2,2022-08-03 09:09:26
1659517766970642000,22.9,5,22.85,14,22.9,17,1,2022-08-03 09:09:26
1659517766983687000,22.85,10,22.85,4,22.9,17,2,2022-08-03 09:09:26
1659517767111296000,22.9,1,22.85,4,22.9,16,1,2022-08-03 09:09:27
1659517767490237000,22.85,2,22.85,2,22.9,16,2,2022-08-03 09:09:27
1659517767497371000,22.85,2,22.8,16,22.85,8,2,2022-08-03 09:09:27
1659517767615265000,22.85,1,22.8,16,22.85,7,1,2022-08-03 09:09:27
1659517768105399000,22.8,1,22.8,15,22.85,7,2,2022-08-03 09:09:28
1659517768463309000,22.8,10,22.8,5,22.85,13,2,2022-08-03 09:09:28
1659517768702706000,22.8,1,22.8,4,22.85,13,2,2022-08-03 09:09:28
1659517769816834000,22.8,1,22.8,4,22.85,14,2,2022-08-03 09:09:29
1659517770494494000,22.8,2,22.8,1,22.85,15,2,2022-08-03 09:09:30
1659517770768238000,22.85,1,22.8,1,22.85,14,1,2022-08-03 09:09:30
1659517770884525000,22.8,1,22.75,18,22.85,14,2,2022-08-03 09:09:30
1659517772328052000,22.8,1,22.75,19,22.85,8,1,2022-08-03 09:09:32
1659517772350106000,22.75,3,22.75,16,22.85,8,2,2022-08-03 09:09:32
1659517772594989000,22.8,1,22.75,16,22.8,4,1,2022-08-03 09:09:32
1659517772615720000,22.8,1,22.75,16,22.8,3,1,2022-08-03 09:09:32
1659517774089883000,22.8,2,22.75,17,22.8,4,1,2022-08-03 09:09:34
1659517774295940000,22.8,9,22.75,17,22.85,11,1,2022-08-03 09:09:34
1659517774295940000,22.85,1,22.75,17,22.85,11,1,2022-08-03 09:09:34
1659517774496896000,22.75,2,22.75,16,22.85,11,2,2022-08-03 09:09:34
1659517774548427000,22.85,1,22.75,16,22.85,10,1,2022-08-03 09:09:34
1659517775288861000,22.8,4,22.8,11,22.85,10,2,2022-08-03 09:09:35
1659517775510173000,22.8,1,22.8,23,22.85,10,2,2022-08-03 09:09:35
1659517775622082000,22.85,2,22.8,25,22.85,8,1,2022-08-03 09:09:35
1659517775689887000,22.8,2,22.8,23,22.85,8,2,2022-08-03 09:09:35
1659517775752447000,22.85,8,22.8,23,22.9,15,1,2022-08-03 09:09:35
1659517776199099000,22.8,2,22.8,23,22.9,15,2,2022-08-03 09:09:36
1659517776575514000,22.85,1,22.85,9,22.9,15,2,2022-08-03 09:09:36
1659517776632605000,22.85,1,22.85,10,22.9,15,2,2022-08-03 09:09:36
1659517777077906000,22.85,1,22.85,14,22.9,15,2,2022-08-03 09:09:37
1659517777256716000,22.9,2,22.85,14,22.9,13,1,2022-08-03 09:09:37
1659517777671496000,22.9,2,22.85,15,22.9,11,1,2022-08-03 09:09:37
1659517778347082000,22.85,2,22.85,13,22.9,11,2,2022-08-03 09:09:38
1659517780068015000,22.9,1,22.85,14,22.9,15,1,2022-08-03 09:09:40
1659517780750709000,22.9,5,22.85,17,22.9,3,1,2022-08-03 09:09:40
1659517780785090000,22.9,3,22.85,17,22.95,9,1,2022-08-03 09:09:40
1659517780962498000,22.9,1,22.85,17,22.95,9,2,2022-08-03 09:09:40
1659517781376983000,22.9,2,22.85,16,22.9,3,2,2022-08-03 09:09:41
1659517781537418000,22.9,1,22.85,16,22.9,2,1,2022-08-03 09:09:41
1659517781570539000,22.9,2,22.85,16,22.95,9,1,2022-08-03 09:09:41
1659517781841241000,22.85,1,22.85,16,22.95,9,2,2022-08-03 09:09:41
1659517782721607000,22.9,1,22.9,20,22.95,9,2,2022-08-03 09:09:42
1659517783558865000,22.9,1,22.9,18,22.95,9,2,2022-08-03 09:09:43
1659517784772779000,22.95,1,22.9,26,22.95,8,1,2022-08-03 09:09:44
1659517785374737000,22.9,1,22.9,26,22.95,12,2,2022-08-03 09:09:45
1659517785571254000,22.95,1,22.9,25,22.95,11,1,2022-08-03 09:09:45
1659517786121749000,22.95,2,22.9,25,22.95,11,1,2022-08-03 09:09:46
1659517786523352000,22.95,2,22.9,23,22.95,9,1,2022-08-03 09:09:46
1659517786704874000,22.9,10,22.9,13,22.95,9,2,2022-08-03 09:09:46
1659517787903663000,22.95,2,22.9,13,22.95,10,1,2022-08-03 09:09:47
1659517788090493000,22.9,6,22.9,7,22.95,8,2,2022-08-03 09:09:48
1659517788118692000,22.9,7,22.85,26,22.95,8,2,2022-08-03 09:09:48
1659517789353156000,22.85,2,22.85,21,22.9,1,2,2022-08-03 09:09:49
1659517789593577000,22.9,1,22.85,21,22.9,1,1,2022-08-03 09:09:49
1659517789681348000,22.9,1,22.9,2,22.95,4,1,2022-08-03 09:09:49
1659517789707145000,22.9,1,22.9,1,22.95,4,2,2022-08-03 09:09:49
1659517789717069000,22.9,1,22.85,21,22.95,4,2,2022-08-03 09:09:49
1659517790291352000,22.9,2,22.85,21,22.9,3,1,2022-08-03 09:09:50
1659517791316010000,22.9,1,22.85,20,22.9,3,1,2022-08-03 09:09:51
1659517791607724000,22.9,1,22.85,20,22.9,1,1,2022-08-03 09:09:51
1659517791990557000,22.9,1,22.85,20,22.9,1,1,2022-08-03 09:09:51
1659517792475504000,22.9,3,22.85,20,22.95,7,1,2022-08-03 09:09:52
1659517793596802000,22.85,1,22.85,20,22.95,7,2,2022-08-03 09:09:53
1659517794218181000,22.95,1,22.85,24,22.95,6,1,2022-08-03 09:09:54
1659517794337143000,22.85,10,22.85,14,22.95,6,2,2022-08-03 09:09:54
1659517794733536000,22.95,4,22.85,14,22.95,2,1,2022-08-03 09:09:54
1659517795246733000,22.95,1,22.9,1,22.95,1,1,2022-08-03 09:09:55
1659517795281468000,22.9,1,22.85,14,22.95,1,2,2022-08-03 09:09:55
1659517796313216000,22.9,1,22.9,2,22.95,3,2,2022-08-03 09:09:56
1659517796475787000,22.9,1,22.85,13,22.95,3,2,2022-08-03 09:09:56
1659517797601111000,22.9,2,22.85,13,22.95,2,1,2022-08-03 09:09:57
1659517797601111000,22.95,1,22.85,13,22.95,2,1,2022-08-03 09:09:57
1659517798590730000,22.9,1,22.85,13,22.9,2,2,2022-08-03 09:09:58
1659517799113019000,22.85,1,22.85,17,22.9,2,2,2022-08-03 09:09:59
1659517799967213000,22.85,1,22.85,18,22.9,2,2,2022-08-03 09:09:59
1659517800108523000,22.85,1,22.85,17,22.9,2,2,2022-08-03 09:10:00
1659517801385875000,22.85,17,22.85,17,22.9,2,2,2022-08-03 09:10:01
1659517802270770000,22.8,36,22.75,20,22.85,31,2,2022-08-03 09:10:02
1659517802354158000,22.85,8,22.75,20,22.85,23,1,2022-08-03 09:10:02
1659517802370549000,22.85,1,22.75,20,22.85,22,1,2022-08-03 09:10:02
1659517803589925000,22.85,1,22.75,20,22.85,1,1,2022-08-03 09:10:03
1659517803596516000,22.85,1,22.75,20,23.0,53,1,2022-08-03 09:10:03
1659517803596516000,22.9,6,22.75,20,23.0,53,1,2022-08-03 09:10:03
1659517803596516000,22.95,5,22.75,20,23.0,53,1,2022-08-03 09:10:03
1659517804368328000,22.85,1,22.75,17,23.0,53,2,2022-08-03 09:10:04
1659517804368328000,22.8,1,22.75,17,23.0,53,2,2022-08-03 09:10:04
1659517804368328000,22.75,3,22.75,17,23.0,53,2,2022-08-03 09:10:04
1659517804876842000,22.85,1,22.85,1,22.95,5,2,2022-08-03 09:10:04
1659517804876842000,22.8,1,22.85,1,22.95,5,2,2022-08-03 09:10:04
1659517805458616000,22.95,1,22.85,6,22.95,4,1,2022-08-03 09:10:05
1659517807381564000,22.85,11,22.85,11,22.9,2,2,2022-08-03 09:10:07
1659517807381564000,22.8,9,22.85,11,22.9,2,2,2022-08-03 09:10:07
1659517808153707000,22.9,1,22.8,9,22.95,4,1,2022-08-03 09:10:08
1659517809130001000,22.9,8,22.9,2,22.95,9,1,2022-08-03 09:10:09
1659517809243565000,22.9,1,22.9,1,22.95,9,2,2022-08-03 09:10:09
1659517809374947000,22.9,1,22.9,11,22.95,9,2,2022-08-03 09:10:09
1659517811671929000,22.9,1,22.9,9,22.95,11,2,2022-08-03 09:10:11
1659517811781823000,22.9,1,22.9,8,22.95,11,2,2022-08-03 09:10:11
1659517812251792000,22.9,4,22.9,9,22.95,11,2,2022-08-03 09:10:12
1659517813066100000,22.9,1,22.9,4,22.95,11,2,2022-08-03 09:10:13
1659517813201993000,22.9,3,22.9,1,22.95,11,2,2022-08-03 09:10:13
1659517813310472000,22.95,1,22.9,1,22.95,11,1,2022-08-03 09:10:13
1659517814622690000,22.9,2,22.85,12,22.9,3,2,2022-08-03 09:10:14
1659517814801459000,22.9,1,22.9,2,22.95,10,1,2022-08-03 09:10:14
1659517815323172000,22.9,1,22.85,12,22.9,3,1,2022-08-03 09:10:15
1659517817297941000,22.9,5,22.85,13,22.9,1,1,2022-08-03 09:10:17
1659517817324918000,22.9,1,22.85,13,22.95,11,1,2022-08-03 09:10:17
1659517817664862000,22.95,1,22.85,13,22.95,10,1,2022-08-03 09:10:17
1659517820414913000,22.9,1,22.9,3,22.95,13,2,2022-08-03 09:10:20
1659517820937108000,22.95,1,22.9,3,22.95,12,1,2022-08-03 09:10:20
1659517821547811000,22.95,1,22.9,4,22.95,11,1,2022-08-03 09:10:21
1659517821896105000,22.9,2,22.9,2,22.95,12,2,2022-08-03 09:10:21
1659517822693882000,22.9,2,22.9,11,22.95,12,2,2022-08-03 09:10:22
1659517825977586000,22.9,1,22.9,22,22.95,49,2,2022-08-03 09:10:25
1659517826713469000,22.95,1,22.9,24,22.95,49,1,2022-08-03 09:10:26
1659517826932908000,22.95,1,22.9,24,22.95,47,1,2022-08-03 09:10:26
1659517827403403000,22.95,1,22.9,30,22.95,47,1,2022-08-03 09:10:27
1659517828218062000,22.95,1,22.9,32,22.95,45,1,2022-08-03 09:10:28
1659517828238402000,22.9,7,22.9,32,22.95,46,2,2022-08-03 09:10:28
1659517829160791000,22.95,1,22.9,26,22.95,46,1,2022-08-03 09:10:29
1659517829769504000,22.9,2,22.9,24,22.95,45,2,2022-08-03 09:10:29
1659517830918894000,22.95,1,22.9,24,22.95,44,1,2022-08-03 09:10:30
1659517831087936000,22.9,10,22.9,14,22.95,44,2,2022-08-03 09:10:31
1659517832041579000,22.9,2,22.9,13,22.95,43,2,2022-08-03 09:10:32
1659517832628639000,22.95,1,22.9,18,22.95,42,1,2022-08-03 09:10:32
1659517832749671000,22.9,1,22.9,17,22.95,42,2,2022-08-03 09:10:32
1659517832995618000,22.9,2,22.9,15,22.95,42,2,2022-08-03 09:10:32
1659517833362890000,22.9,1,22.9,14,22.95,42,2,2022-08-03 09:10:33
1659517834226728000,22.95,1,22.9,18,22.95,41,1,2022-08-03 09:10:34
1659517834527249000,22.95,1,22.9,19,22.95,40,1,2022-08-03 09:10:34
1659517834625075000,22.95,1,22.9,19,22.95,39,1,2022-08-03 09:10:34
1659517835083907000,22.95,2,22.9,19,22.95,37,1,2022-08-03 09:10:35
1659517838893563000,22.95,3,22.9,32,22.95,34,1,2022-08-03 09:10:38
1659517839403377000,22.95,1,22.9,32,22.95,33,1,2022-08-03 09:10:39
1659517840533083000,22.95,20,22.9,32,22.95,13,1,2022-08-03 09:10:40
1659517840566983000,22.95,11,22.9,32,22.95,2,1,2022-08-03 09:10:40
1659517840567340000,22.95,2,22.9,32,23.0,15,1,2022-08-03 09:10:40
1659517842062188000,22.95,1,22.95,22,23.0,15,2,2022-08-03 09:10:42
1659517842352466000,23.0,1,22.95,22,23.0,14,1,2022-08-03 09:10:42
1659517842428901000,23.0,4,22.95,22,23.0,10,1,2022-08-03 09:10:42
1659517844182718000,23.0,2,22.95,22,23.0,8,1,2022-08-03 09:10:44
1659517844218208000,23.0,3,22.95,27,23.0,8,1,2022-08-03 09:10:44
1659517844851159000,22.95,1,22.95,26,23.0,5,2,2022-08-03 09:10:44
1659517845480778000,23.0,1,22.95,11,23.0,4,1,2022-08-03 09:10:45
1659517845514998000,23.0,2,22.95,11,23.0,2,1,2022-08-03 09:10:45
1659517845575698000,23.0,1,22.95,11,23.0,1,1,2022-08-03 09:10:45
1659517845602796000,23.0,1,22.95,11,23.05,5,1,2022-08-03 09:10:45
1659517845952820000,23.0,1,22.95,11,23.05,5,2,2022-08-03 09:10:45
1659517845952857000,22.95,1,22.95,10,23.05,5,2,2022-08-03 09:10:45
1659517846188943000,22.95,2,22.95,10,23.05,5,2,2022-08-03 09:10:46
1659517847320848000,23.0,1,23.0,9,23.05,5,2,2022-08-03 09:10:47
1659517848172330000,23.0,1,23.0,12,23.05,5,2,2022-08-03 09:10:48
1659517851395752000,23.0,1,23.0,22,23.05,6,2,2022-08-03 09:10:51
1659517851589065000,23.05,1,23.0,23,23.05,5,1,2022-08-03 09:10:51
1659517851950974000,23.0,1,23.0,23,23.05,5,2,2022-08-03 09:10:51
1659517852862563000,23.05,1,23.0,24,23.05,5,1,2022-08-03 09:10:52
1659517853343398000,23.0,1,23.0,24,23.05,4,2,2022-08-03 09:10:53
1659517855007996000,23.0,8,23.0,15,23.05,4,2,2022-08-03 09:10:55
1659517856388228000,23.05,1,23.0,14,23.05,3,1,2022-08-03 09:10:56
1659517856910870000,23.0,3,23.0,12,23.05,3,2,2022-08-03 09:10:56
1659517857543108000,23.0,2,23.0,13,23.05,7,2,2022-08-03 09:10:57
1659517857618063000,23.05,2,23.0,13,23.05,5,1,2022-08-03 09:10:57
1659517858332115000,23.0,1,23.0,12,23.05,5,2,2022-08-03 09:10:58
1659517858946989000,23.0,1,23.0,13,23.05,5,2,2022-08-03 09:10:58
1659517859164803000,23.05,1,23.0,13,23.05,5,1,2022-08-03 09:10:59
1659517859250836000,23.0,10,23.0,3,23.05,5,2,2022-08-03 09:10:59
1659517859728642000,23.0,3,23.0,3,23.05,12,2,2022-08-03 09:10:59
1659517859927198000,22.95,1,22.95,20,23.0,7,2,2022-08-03 09:10:59
1659517861535793000,23.0,1,22.95,20,23.0,10,1,2022-08-03 09:11:01
1659517862142627000,23.0,1,22.95,21,23.0,20,1,2022-08-03 09:11:02
1659517862394672000,22.95,1,22.95,20,23.0,19,2,2022-08-03 09:11:02
1659517863763048000,22.95,17,22.9,87,22.95,7,2,2022-08-03 09:11:03
1659517864276843000,22.95,1,22.9,87,22.95,7,1,2022-08-03 09:11:04
1659517865048738000,22.95,1,22.9,89,22.95,7,1,2022-08-03 09:11:05
1659517865081833000,22.9,1,22.9,88,22.95,7,2,2022-08-03 09:11:05
1659517865142714000,22.9,1,22.9,87,22.95,7,2,2022-08-03 09:11:05
1659517865905268000,22.95,13,22.9,87,23.0,10,1,2022-08-03 09:11:05
1659517865905268000,23.0,4,22.9,87,23.0,10,1,2022-08-03 09:11:05
1659517866230997000,23.0,1,22.9,87,23.0,11,1,2022-08-03 09:11:06
1659517868549377000,23.0,1,22.95,2,23.0,9,1,2022-08-03 09:11:08
1659517868797227000,23.0,1,22.95,2,23.0,9,1,2022-08-03 09:11:08
1659517870959978000,23.0,1,22.95,7,23.0,15,1,2022-08-03 09:11:10
1659517872037251000,23.0,1,22.95,10,23.0,15,1,2022-08-03 09:11:12
1659517873214629000,22.95,1,22.95,9,23.0,22,2,2022-08-03 09:11:13
1659517874958735000,23.0,1,22.95,11,23.0,22,1,2022-08-03 09:11:14
1659517876259676000,22.95,11,22.9,94,23.0,24,2,2022-08-03 09:11:16
1659517876309660000,22.95,1,22.9,94,23.0,24,2,2022-08-03 09:11:16
1659517877226313000,22.95,1,22.9,96,22.95,2,1,2022-08-03 09:11:17
1659517878137891000,22.95,1,22.95,5,23.0,26,1,2022-08-03 09:11:18
1659517878483911000,23.0,20,22.95,5,23.0,6,1,2022-08-03 09:11:18
1659517878676757000,23.0,1,22.95,5,23.0,5,1,2022-08-03 09:11:18
1659517879254737000,23.0,5,22.95,5,23.05,11,1,2022-08-03 09:11:19
1659517886605640000,23.0,1,23.0,11,23.05,16,2,2022-08-03 09:11:26
1659517887252575000,23.05,1,23.0,11,23.05,15,1,2022-08-03 09:11:27
1659517887302087000,23.0,2,23.0,9,23.05,15,2,2022-08-03 09:11:27
1659517887984478000,23.0,2,23.0,19,23.05,15,2,2022-08-03 09:11:27
1659517892323986000,23.05,1,23.0,20,23.05,14,1,2022-08-03 09:11:32
1659517893648882000,23.05,1,23.0,22,23.05,11,1,2022-08-03 09:11:33
1659517893885670000,23.0,10,23.0,15,23.05,11,2,2022-08-03 09:11:33
1659517895985679000,23.0,2,23.0,17,23.05,11,2,2022-08-03 09:11:35
1659517897958026000,23.0,18,23.0,2,23.05,27,2,2022-08-03 09:11:37
1659517897983858000,23.0,2,22.95,34,23.05,27,2,2022-08-03 09:11:37
1659517899369640000,23.0,1,22.95,34,23.0,4,1,2022-08-03 09:11:39
1659517900385993000,23.0,1,22.95,34,23.0,8,1,2022-08-03 09:11:40
1659517901334396000,23.0,1,22.95,34,23.0,10,1,2022-08-03 09:11:41
1659517903219280000,23.0,1,22.95,34,23.0,10,1,2022-08-03 09:11:43
1659517904236312000,22.95,2,22.95,31,23.0,12,2,2022-08-03 09:11:44
1659517904697763000,23.0,1,22.95,31,23.0,12,1,2022-08-03 09:11:44
1659517905169349000,23.0,2,22.95,31,23.0,10,1,2022-08-03 09:11:45
1659517906030036000,22.95,1,22.95,30,23.0,10,2,2022-08-03 09:11:46
1659517906871439000,22.95,16,22.95,30,23.0,15,2,2022-08-03 09:11:46
1659517906899542000,22.95,14,22.9,106,23.0,15,2,2022-08-03 09:11:46
1659517909436321000,22.9,10,22.9,96,22.95,15,2,2022-08-03 09:11:49
1659517910661963000,22.95,1,22.9,96,22.95,17,1,2022-08-03 09:11:50
1659517912551345000,22.95,1,22.9,96,22.95,16,1,2022-08-03 09:11:52
1659517913634898000,22.9,10,22.9,86,22.95,18,2,2022-08-03 09:11:53
1659517915905094000,22.95,1,22.9,92,22.95,19,1,2022-08-03 09:11:55
1659517916657487000,22.9,35,22.9,57,22.95,20,2,2022-08-03 09:11:56
1659517916692092000,22.9,53,22.9,4,22.95,20,2,2022-08-03 09:11:56
1659517916721633000,22.9,4,22.9,92,22.95,20,2,2022-08-03 09:11:56
1659517917592920000,22.9,3,22.85,20,22.9,4,1,2022-08-03 09:11:57
1659517917695307000,22.9,8,22.9,2,22.95,17,1,2022-08-03 09:11:57
1659517918942419000,22.9,1,22.9,2,22.95,16,2,2022-08-03 09:11:58
1659517919297735000,22.9,1,22.9,2,22.95,16,2,2022-08-03 09:11:59
1659517920247487000,22.9,4,22.9,7,22.95,16,2,2022-08-03 09:12:00
1659517921130674000,22.9,1,22.9,7,22.95,16,2,2022-08-03 09:12:01
1659517922183612000,22.9,3,22.9,4,22.95,15,2,2022-08-03 09:12:02
1659517922516812000,22.9,1,22.9,3,22.95,15,2,2022-08-03 09:12:02
1659517923430940000,22.9,2,22.9,1,22.95,15,2,2022-08-03 09:12:03
1659517923467106000,22.9,1,22.85,21,22.95,15,2,2022-08-03 09:12:03
1659517924320431000,22.9,2,22.85,21,22.95,15,1,2022-08-03 09:12:04
1659517924745179000,22.9,1,22.85,21,22.95,18,1,2022-08-03 09:12:04
1659517926131647000,22.85,20,22.85,1,22.9,11,2,2022-08-03 09:12:06
1659517926154930000,22.85,1,22.8,57,22.9,11,2,2022-08-03 09:12:06
1659517926614369000,22.9,11,22.8,57,22.95,9,1,2022-08-03 09:12:06
1659517926614369000,22.95,9,22.8,57,22.95,9,1,2022-08-03 09:12:06
1659517929306920000,22.9,1,22.8,47,22.95,11,2,2022-08-03 09:12:09
1659517929306920000,22.8,9,22.8,47,22.95,11,2,2022-08-03 09:12:09
1659517930729304000,22.9,1,22.9,2,22.95,11,1,2022-08-03 09:12:10
1659517932816908000,22.9,4,22.9,4,22.95,13,2,2022-08-03 09:12:12
1659517932816908000,22.85,6,22.9,4,22.95,13,2,2022-08-03 09:12:12
1659517933003904000,22.95,1,22.85,4,22.95,12,1,2022-08-03 09:12:13
1659517936488917000,22.9,1,22.85,14,22.95,12,2,2022-08-03 09:12:16
1659517940984220000,22.9,1,22.85,15,22.95,16,1,2022-08-03 09:12:20
1659517945603550000,22.9,1,22.85,16,22.9,8,1,2022-08-03 09:12:25
1659517946131633000,22.85,1,22.85,15,22.9,8,2,2022-08-03 09:12:26
1659517946456682000,22.9,1,22.85,15,22.9,7,1,2022-08-03 09:12:26
1659517947445139000,22.9,1,22.85,15,22.9,6,1,2022-08-03 09:12:27
1659517947641250000,22.9,1,22.85,16,22.9,5,1,2022-08-03 09:12:27
1659517951259148000,22.9,7,22.85,20,22.95,12,1,2022-08-03 09:12:31
1659517951270233000,22.85,10,22.85,10,22.95,12,2,2022-08-03 09:12:31
1659517955157767000,22.85,12,22.85,6,22.9,4,2,2022-08-03 09:12:35
1659517955492367000,22.85,6,22.8,63,22.9,4,2,2022-08-03 09:12:35
1659517955492367000,22.8,4,22.8,63,22.9,4,2,2022-08-03 09:12:35
1659517955807051000,22.9,1,22.8,59,22.9,5,1,2022-08-03 09:12:35
1659517956068161000,22.8,1,22.8,58,22.9,5,2,2022-08-03 09:12:36
1659517957311210000,22.85,2,22.8,58,22.85,3,1,2022-08-03 09:12:37
1659517960157254000,22.85,1,22.8,58,22.85,2,1,2022-08-03 09:12:40
1659517960822780000,22.85,1,22.8,58,22.85,1,1,2022-08-03 09:12:40
1659517960857909000,22.85,1,22.8,58,22.9,7,1,2022-08-03 09:12:40
1659517962782326000,22.85,1,22.85,19,22.9,8,2,2022-08-03 09:12:42
1659517962921816000,22.85,2,22.85,17,22.9,8,2,2022-08-03 09:12:42
1659517963186230000,22.85,2,22.85,15,22.9,8,2,2022-08-03 09:12:43
1659517965644880000,22.85,5,22.85,10,22.9,8,2,2022-08-03 09:12:45
1659517966477435000,22.85,9,22.85,1,22.9,8,2,2022-08-03 09:12:46
1659517966510454000,22.85,1,22.8,58,22.9,8,2,2022-08-03 09:12:46
1659517966706751000,22.85,1,22.85,1,22.9,8,2,2022-08-03 09:12:46
1659517969079710000,22.85,1,22.8,58,22.9,3,1,2022-08-03 09:12:49
1659517969079710000,22.9,2,22.8,58,22.9,3,1,2022-08-03 09:12:49
1659517970862090000,22.8,1,22.8,57,22.85,4,2,2022-08-03 09:12:50
1659517971943300000,22.85,1,22.8,58,22.85,6,1,2022-08-03 09:12:51
1659517978574567000,22.85,1,22.8,60,22.85,8,1,2022-08-03 09:12:58
1659517980686365000,22.8,5,22.8,55,22.85,8,2,2022-08-03 09:13:00
1659517980883264000,22.85,1,22.8,55,22.85,8,1,2022-08-03 09:13:00
1659517984123902000,22.8,1,22.8,49,22.85,14,2,2022-08-03 09:13:04
1659517984152905000,22.8,3,22.8,46,22.85,14,2,2022-08-03 09:13:04
1659517984634888000,22.85,1,22.8,45,22.85,13,1,2022-08-03 09:13:04
1659517988774245000,22.85,2,22.8,55,22.85,13,1,2022-08-03 09:13:08
1659518003128035000,22.8,3,22.8,61,22.85,20,2,2022-08-03 09:13:23
1659518004581426000,22.85,5,22.8,61,22.85,15,1,2022-08-03 09:13:24
1659518005561880000,22.8,2,22.8,60,22.85,15,2,2022-08-03 09:13:25
1659518008637787000,22.8,10,22.8,50,22.85,16,2,2022-08-03 09:13:28
1659518009711146000,22.8,10,22.8,40,22.85,16,2,2022-08-03 09:13:29
1659518010135498000,22.8,1,22.8,39,22.85,16,2,2022-08-03 09:13:30
1659518010208846000,22.85,2,22.8,39,22.85,14,1,2022-08-03 09:13:30
1659518011063552000,22.8,5,22.8,36,22.85,14,2,2022-08-03 09:13:31
1659518011068991000,22.8,5,22.8,31,22.85,14,2,2022-08-03 09:13:31
1659518011149331000,22.8,2,22.8,29,22.85,12,2,2022-08-03 09:13:31
1659518011216924000,22.8,5,22.8,24,22.85,12,2,2022-08-03 09:13:31
1659518012243222000,22.8,1,22.8,24,22.85,12,2,2022-08-03 09:13:32
1659518012305601000,22.8,1,22.8,23,22.85,12,2,2022-08-03 09:13:32
1659518012712255000,22.8,1,22.8,22,22.85,12,2,2022-08-03 09:13:32
1659518012797919000,22.8,4,22.8,18,22.85,13,2,2022-08-03 09:13:32
1659518013259417000,22.8,4,22.8,44,22.85,14,2,2022-08-03 09:13:33
1659518013427507000,22.8,2,22.8,42,22.85,14,2,2022-08-03 09:13:33
1659518013661931000,22.8,5,22.8,37,22.85,14,2,2022-08-03 09:13:33
1659518015229555000,22.8,2,22.8,40,22.85,14,2,2022-08-03 09:13:35
1659518017135413000,22.85,14,22.8,41,22.9,10,1,2022-08-03 09:13:37
1659518018211666000,22.8,1,22.8,44,22.9,10,2,2022-08-03 09:13:38
1659518018347998000,22.8,1,22.8,43,22.9,10,2,2022-08-03 09:13:38
1659518019222728000,22.85,2,22.85,4,22.9,10,2,2022-08-03 09:13:39
1659518019433537000,22.85,2,22.85,2,22.9,10,2,2022-08-03 09:13:39
1659518021146822000,22.9,10,22.85,6,22.95,7,1,2022-08-03 09:13:41
1659518024851962000,22.9,1,22.85,8,22.9,5,1,2022-08-03 09:13:44
1659518025964355000,22.85,1,22.85,7,22.9,5,2,2022-08-03 09:13:45
1659518025990063000,22.85,7,22.8,43,22.9,5,2,2022-08-03 09:13:45
1659518025990063000,22.8,3,22.8,43,22.9,5,2,2022-08-03 09:13:45
1659518027187555000,22.9,1,22.8,43,22.9,4,1,2022-08-03 09:13:47
1659518027725740000,22.9,1,22.8,43,22.9,3,1,2022-08-03 09:13:47
1659518028682402000,22.9,3,22.8,43,22.95,7,1,2022-08-03 09:13:48
1659518028891848000,22.8,20,22.8,43,22.95,7,2,2022-08-03 09:13:48
1659518029837683000,22.9,1,22.8,23,22.95,7,2,2022-08-03 09:13:49
1659518032579078000,22.85,1,22.8,23,22.85,6,1,2022-08-03 09:13:52
1659518035466798000,22.8,1,22.8,24,22.85,6,2,2022-08-03 09:13:55
1659518035627106000,22.85,6,22.85,4,22.9,2,1,2022-08-03 09:13:55
1659518036047261000,22.85,1,22.85,3,22.9,2,2,2022-08-03 09:13:56
1659518037262236000,22.85,1,22.85,2,22.9,2,2,2022-08-03 09:13:57
1659518037549524000,22.85,2,22.8,27,22.85,8,2,2022-08-03 09:13:57
1659518038039266000,22.85,1,22.8,27,22.85,7,1,2022-08-03 09:13:58
1659518038927477000,22.8,27,22.75,79,22.85,7,2,2022-08-03 09:13:58
1659518038927477000,22.75,13,22.75,79,22.85,7,2,2022-08-03 09:13:58
1659518039078949000,22.75,1,22.75,78,22.85,7,2,2022-08-03 09:13:59
1659518039090616000,22.75,1,22.75,77,22.85,7,2,2022-08-03 09:13:59
1659518039113593000,22.75,1,22.75,76,22.85,7,2,2022-08-03 09:13:59
1659518039138683000,22.75,1,22.75,75,22.85,7,2,2022-08-03 09:13:59
1659518039162264000,22.75,1,22.75,74,22.85,7,2,2022-08-03 09:13:59
1659518039211923000,22.75,1,22.75,73,22.85,7,2,2022-08-03 09:13:59
1659518039223360000,22.75,1,22.75,72,22.85,7,2,2022-08-03 09:13:59
1659518039247754000,22.75,1,22.75,71,22.85,7,2,2022-08-03 09:13:59
1659518039639659000,22.8,1,22.75,71,22.8,9,2,2022-08-03 09:13:59
1659518040987353000,22.8,10,22.75,71,22.85,2,1,2022-08-03 09:14:00
1659518040987353000,22.85,5,22.75,71,22.85,2,1,2022-08-03 09:14:00
1659518042538729000,22.75,4,22.75,67,22.8,1,2,2022-08-03 09:14:02
1659518043068816000,22.8,1,22.75,67,22.9,3,1,2022-08-03 09:14:03
1659518044387345000,22.8,3,22.75,62,22.9,3,2,2022-08-03 09:14:04
1659518044387345000,22.75,5,22.75,62,22.9,3,2,2022-08-03 09:14:04
1659518046109477000,22.8,2,22.8,3,22.9,3,2,2022-08-03 09:14:06
1659518048638577000,22.85,1,22.8,3,22.9,4,1,2022-08-03 09:14:08
1659518049680369000,22.8,1,22.8,2,22.85,6,2,2022-08-03 09:14:09
1659518050887052000,22.85,1,22.8,3,22.85,5,1,2022-08-03 09:14:10
1659518051136955000,22.85,5,22.8,3,22.9,5,1,2022-08-03 09:14:11
1659518054173610000,22.8,1,22.8,8,22.85,2,2,2022-08-03 09:14:14
1659518055569555000,22.8,1,22.8,10,22.85,7,2,2022-08-03 09:14:15
1659518056087342000,22.8,17,22.8,14,22.85,7,2,2022-08-03 09:14:16
1659518057088088000,22.8,1,22.8,14,22.85,7,2,2022-08-03 09:14:17
1659518058862071000,22.8,1,22.8,13,22.85,7,2,2022-08-03 09:14:18
1659518060274190000,22.8,5,22.8,8,22.85,7,2,2022-08-03 09:14:20
1659518060309082000,22.8,4,22.8,4,22.85,7,2,2022-08-03 09:14:20
1659518060310105000,22.8,1,22.8,3,22.85,7,2,2022-08-03 09:14:20
1659518060386547000,22.8,3,22.75,76,22.8,2,2,2022-08-03 09:14:20
1659518061899476000,22.8,1,22.75,76,22.8,1,1,2022-08-03 09:14:21
1659518065720077000,22.8,1,22.75,71,22.8,10,1,2022-08-03 09:14:25
1659518065914304000,22.8,1,22.75,71,22.8,9,1,2022-08-03 09:14:25
1659518066868872000,22.8,2,22.75,73,22.8,12,1,2022-08-03 09:14:26
1659518067206547000,22.8,10,22.75,73,22.85,13,1,2022-08-03 09:14:27
1659518069271277000,22.8,1,22.75,73,22.8,1,1,2022-08-03 09:14:29
1659518070130498000,22.8,1,22.8,4,22.85,13,1,2022-08-03 09:14:30
1659518070206262000,22.8,4,22.75,74,22.8,1,2,2022-08-03 09:14:30
1659518070554632000,22.8,1,22.75,79,22.8,1,1,2022-08-03 09:14:30
1659518078048659000,22.8,1,22.8,9,22.85,12,2,2022-08-03 09:14:38
1659518078312321000,22.8,10,22.75,80,22.85,12,2,2022-08-03 09:14:38
1659518078325363000,22.85,1,22.75,80,22.85,11,1,2022-08-03 09:14:38
1659518079169216000,22.85,5,22.75,80,22.85,9,1,2022-08-03 09:14:39
1659518079713003000,22.75,1,22.75,79,22.85,9,2,2022-08-03 09:14:39
1659518080764009000,22.85,1,22.75,79,22.85,8,1,2022-08-03 09:14:40
1659518080875344000,22.85,8,22.85,7,22.9,33,1,2022-08-03 09:14:40
1659518083502877000,22.85,2,22.85,5,22.9,33,2,2022-08-03 09:14:43
1659518085881594000,22.85,1,22.85,5,22.9,33,2,2022-08-03 09:14:45
1659518086551455000,22.85,1,22.85,4,22.9,33,2,2022-08-03 09:14:46
1659518086982070000,22.85,1,22.85,3,22.9,33,2,2022-08-03 09:14:46
1659518088549780000,22.9,1,22.85,3,22.9,32,1,2022-08-03 09:14:48
1659518091012164000,22.85,5,22.8,24,22.9,31,2,2022-08-03 09:14:51
1659518092875056000,22.8,3,22.8,21,22.85,1,2,2022-08-03 09:14:52
1659518095597712000,22.85,1,22.8,21,22.9,32,1,2022-08-03 09:14:55
1659518100598920000,22.85,1,22.8,25,22.9,31,1,2022-08-03 09:15:00
1659518106299083000,22.85,2,22.85,6,22.9,36,2,2022-08-03 09:15:06
1659518107026579000,22.85,2,22.85,5,22.9,36,2,2022-08-03 09:15:07
1659518110211355000,22.85,4,22.85,2,22.9,36,2,2022-08-03 09:15:10
1659518110483044000,22.85,1,22.85,1,22.9,36,2,2022-08-03 09:15:10
1659518110570742000,22.85,1,22.8,40,22.85,4,2,2022-08-03 09:15:10
1659518112767300000,22.85,1,22.8,41,22.85,3,1,2022-08-03 09:15:12
1659518114017711000,22.85,3,22.85,1,22.9,36,1,2022-08-03 09:15:14
1659518114095572000,22.85,1,22.8,41,22.85,2,2,2022-08-03 09:15:14
1659518116635436000,22.85,1,22.8,41,22.85,12,1,2022-08-03 09:15:16
1659518118434970000,22.85,1,22.8,40,22.85,14,1,2022-08-03 09:15:18
1659518118967785000,22.8,2,22.8,38,22.85,14,2,2022-08-03 09:15:18
1659518118999270000,22.8,5,22.8,33,22.85,14,2,2022-08-03 09:15:18
1659518120053337000,22.8,5,22.8,28,22.85,11,2,2022-08-03 09:15:20
1659518121053944000,22.8,5,22.8,23,22.85,36,2,2022-08-03 09:15:21
1659518121084111000,22.8,10,22.8,13,22.85,36,2,2022-08-03 09:15:21
1659518121085344000,22.8,13,22.75,88,22.85,36,2,2022-08-03 09:15:21
1659518121940098000,22.8,1,22.75,88,22.85,44,2,2022-08-03 09:15:21
1659518126484582000,22.8,1,22.75,96,22.8,10,1,2022-08-03 09:15:26
1659518126756397000,22.8,1,22.75,96,22.8,9,1,2022-08-03 09:15:26
1659518126809459000,22.8,5,22.75,96,22.8,4,1,2022-08-03 09:15:26
1659518129659825000,22.8,1,22.75,95,22.8,15,1,2022-08-03 09:15:29
1659518130530924000,22.8,2,22.75,95,22.8,14,1,2022-08-03 09:15:30
1659518134856941000,22.75,1,22.75,95,22.8,16,2,2022-08-03 09:15:34
1659518135294726000,22.8,5,22.75,97,22.8,11,1,2022-08-03 09:15:35
1659518135331837000,22.75,1,22.75,96,22.8,11,2,2022-08-03 09:15:35
1659518138744597000,22.75,1,22.75,95,22.8,11,2,2022-08-03 09:15:38
1659518140007987000,22.8,4,22.75,97,22.8,7,1,2022-08-03 09:15:40
1659518140896362000,22.75,2,22.75,95,22.8,7,2,2022-08-03 09:15:40
1659518141302259000,22.75,3,22.75,92,22.8,7,2,2022-08-03 09:15:41
1659518141886037000,22.75,1,22.75,91,22.8,10,2,2022-08-03 09:15:41
1659518144727172000,22.75,5,22.75,87,22.8,26,2,2022-08-03 09:15:44
1659518146307842000,22.75,1,22.75,87,22.8,23,2,2022-08-03 09:15:46
1659518146625017000,22.75,10,22.75,78,22.8,23,2,2022-08-03 09:15:46
1659518146665015000,22.75,1,22.75,77,22.8,23,2,2022-08-03 09:15:46
1659518146665093000,22.75,1,22.75,76,22.8,23,2,2022-08-03 09:15:46
1659518148846234000,22.75,1,22.75,76,22.8,27,2,2022-08-03 09:15:48
1659518149542242000,22.75,1,22.75,76,22.8,27,2,2022-08-03 09:15:49
1659518151158793000,22.75,1,22.75,74,22.8,26,2,2022-08-03 09:15:51
1659518153487974000,22.75,1,22.75,65,22.8,27,2,2022-08-03 09:15:53
1659518153523118000,22.75,5,22.75,60,22.8,27,2,2022-08-03 09:15:53
1659518153552241000,22.75,5,22.75,55,22.8,27,2,2022-08-03 09:15:53
1659518154639533000,22.75,4,22.75,56,22.8,26,2,2022-08-03 09:15:54
1659518155667276000,22.75,1,22.75,50,22.8,27,2,2022-08-03 09:15:55
1659518155707945000,22.75,1,22.75,49,22.8,27,2,2022-08-03 09:15:55
1659518156255532000,22.75,5,22.75,44,22.8,28,2,2022-08-03 09:15:56
1659518156317664000,22.75,5,22.75,39,22.8,28,2,2022-08-03 09:15:56
1659518156460136000,22.75,15,22.75,24,22.8,28,2,2022-08-03 09:15:56
1659518156485789000,22.75,1,22.75,23,22.8,28,2,2022-08-03 09:15:56
1659518156502797000,22.75,1,22.75,22,22.8,28,2,2022-08-03 09:15:56
1659518156503261000,22.75,3,22.75,19,22.8,28,2,2022-08-03 09:15:56
1659518156530132000,22.75,5,22.75,14,22.8,28,2,2022-08-03 09:15:56
1659518156536641000,22.75,2,22.75,12,22.8,31,2,2022-08-03 09:15:56
1659518156572167000,22.75,10,22.75,2,22.8,28,2,2022-08-03 09:15:56
1659518156606265000,22.75,2,22.75,2,22.8,31,2,2022-08-03 09:15:56
1659518157430130000,22.7,10,22.7,39,22.75,11,2,2022-08-03 09:15:57
1659518157483749000,22.7,2,22.7,37,22.75,11,2,2022-08-03 09:15:57
1659518157537573000,22.7,1,22.7,37,22.75,16,2,2022-08-03 09:15:57
1659518158007292000,22.7,1,22.7,35,22.75,18,2,2022-08-03 09:15:58
1659518158061251000,22.7,2,22.7,36,22.75,18,2,2022-08-03 09:15:58
1659518158257306000,22.7,10,22.7,23,22.75,18,2,2022-08-03 09:15:58
1659518158732856000,22.7,10,22.7,13,22.75,24,2,2022-08-03 09:15:58
1659518158762729000,22.7,1,22.7,12,22.75,24,2,2022-08-03 09:15:58
1659518158765878000,22.7,5,22.7,7,22.75,24,2,2022-08-03 09:15:58
1659518159045239000,22.7,4,22.7,3,22.75,25,2,2022-08-03 09:15:59
1659518159068041000,22.7,3,22.7,3,22.75,22,2,2022-08-03 09:15:59
1659518159937752000,22.7,5,22.65,41,22.7,9,1,2022-08-03 09:15:59
1659518163431288000,22.7,1,22.65,41,22.7,7,1,2022-08-03 09:16:03
1659518163484355000,22.7,7,22.7,8,22.75,26,1,2022-08-03 09:16:03
1659518163762895000,22.7,1,22.7,7,22.75,26,2,2022-08-03 09:16:03
1659518165836146000,22.7,1,22.7,9,22.75,23,2,2022-08-03 09:16:05
1659518165876465000,22.75,23,22.7,19,22.8,20,1,2022-08-03 09:16:05
1659518165905856000,22.7,5,22.7,14,22.8,20,2,2022-08-03 09:16:05
1659518165906022000,22.7,10,22.7,4,22.8,20,2,2022-08-03 09:16:05
1659518165906134000,22.7,4,22.65,39,22.7,6,2,2022-08-03 09:16:05
1659518168671098000,22.7,5,22.65,50,22.7,1,1,2022-08-03 09:16:08
1659518168699840000,22.7,1,22.65,50,22.8,18,1,2022-08-03 09:16:08
1659518170413575000,22.7,1,22.7,4,22.75,8,2,2022-08-03 09:16:10
1659518170569557000,22.7,1,22.7,5,22.75,8,2,2022-08-03 09:16:10
1659518170973859000,22.7,2,22.7,1,22.75,8,2,2022-08-03 09:16:10
1659518171846335000,22.7,2,22.7,1,22.75,8,2,2022-08-03 09:16:11
1659518172882766000,22.75,2,22.7,1,22.75,7,1,2022-08-03 09:16:12
1659518173575414000,22.7,1,22.65,49,22.7,4,2,2022-08-03 09:16:13
1659518176541801000,22.7,7,22.65,53,22.75,10,1,2022-08-03 09:16:16
1659518177450884000,22.7,4,22.65,54,22.7,6,2,2022-08-03 09:16:17
1659518178405995000,22.65,1,22.65,61,22.7,6,2,2022-08-03 09:16:18
1659518180134846000,22.65,1,22.65,60,22.7,6,2,2022-08-03 09:16:20
1659518182746646000,22.65,1,22.65,51,22.7,6,2,2022-08-03 09:16:22
1659518183071112000,22.65,1,22.65,51,22.7,8,2,2022-08-03 09:16:23
1659518183671269000,22.65,1,22.65,49,22.7,8,2,2022-08-03 09:16:23
1659518184157667000,22.65,1,22.65,56,22.7,8,2,2022-08-03 09:16:24
1659518184548253000,22.65,1,22.65,55,22.7,8,2,2022-08-03 09:16:24
1659518185483794000,22.65,1,22.65,58,22.7,9,2,2022-08-03 09:16:25
1659518186873569000,22.65,1,22.65,56,22.7,9,2,2022-08-03 09:16:26
1659518187412404000,22.7,1,22.65,57,22.7,16,1,2022-08-03 09:16:27
1659518188146597000,22.65,2,22.65,55,22.7,15,2,2022-08-03 09:16:28
1659518189673878000,22.65,1,22.65,54,22.7,15,2,2022-08-03 09:16:29
1659518191029268000,22.7,1,22.65,55,22.7,14,1,2022-08-03 09:16:31
1659518193345473000,22.65,5,22.65,51,22.7,14,2,2022-08-03 09:16:33
1659518193456085000,22.65,2,22.65,49,22.7,14,2,2022-08-03 09:16:33
1659518196951383000,22.7,13,22.65,53,22.7,15,1,2022-08-03 09:16:36
1659518197264525000,22.65,1,22.65,52,22.7,2,2,2022-08-03 09:16:37
1659518199748233000,22.65,1,22.65,51,22.7,2,2,2022-08-03 09:16:39
1659518200273055000,22.7,1,22.65,53,22.7,2,1,2022-08-03 09:16:40
1659518202181198000,22.7,1,22.65,53,22.75,7,1,2022-08-03 09:16:42
1659518202822941000,22.7,4,22.7,6,22.75,7,2,2022-08-03 09:16:42
1659518205832179000,22.7,1,22.7,4,22.75,7,2,2022-08-03 09:16:45
1659518206734435000,22.7,4,22.65,52,22.75,7,2,2022-08-03 09:16:46
1659518206734435000,22.65,2,22.65,52,22.75,7,2,2022-08-03 09:16:46
1659518207482500000,22.65,2,22.65,42,22.7,1,2,2022-08-03 09:16:47
1659518208549916000,22.7,1,22.65,42,22.7,2,1,2022-08-03 09:16:48
1659518211353427000,22.7,4,22.7,6,22.75,7,1,2022-08-03 09:16:51
1659518211525707000,22.7,1,22.7,5,22.75,6,2,2022-08-03 09:16:51
1659518211708198000,22.7,2,22.7,3,22.75,6,2,2022-08-03 09:16:51
1659518211872811000,22.7,2,22.7,1,22.75,6,2,2022-08-03 09:16:51
1659518212303557000,22.75,1,22.7,6,22.75,5,1,2022-08-03 09:16:52
1659518212316340000,22.7,1,22.7,5,22.75,5,2,2022-08-03 09:16:52
1659518212906389000,22.7,1,22.7,6,22.75,5,2,2022-08-03 09:16:52
1659518213093580000,22.7,5,22.7,7,22.75,5,2,2022-08-03 09:16:53
1659518214539396000,22.7,1,22.7,2,22.75,5,2,2022-08-03 09:16:54
1659518217829888000,22.7,5,22.7,2,22.75,5,2,2022-08-03 09:16:57
1659518218732077000,22.7,1,22.7,2,22.75,5,2,2022-08-03 09:16:58
1659518220759029000,22.7,3,22.65,51,22.7,1,2,2022-08-03 09:17:00
1659518221620211000,22.7,1,22.7,2,22.75,5,1,2022-08-03 09:17:01
1659518222405555000,22.75,5,22.7,2,22.8,15,1,2022-08-03 09:17:02
1659518222497125000,22.7,2,22.65,51,22.8,15,2,2022-08-03 09:17:02
1659518224322148000,22.7,5,22.7,5,22.8,15,2,2022-08-03 09:17:04
1659518225612142000,22.7,10,22.65,55,22.8,15,2,2022-08-03 09:17:05
1659518226752789000,22.75,1,22.65,55,22.8,10,2,2022-08-03 09:17:06
1659518228303038000,22.7,3,22.65,54,22.7,7,2,2022-08-03 09:17:08
1659518228334852000,22.7,7,22.65,50,22.8,10,1,2022-08-03 09:17:08
1659518232760783000,22.75,1,22.7,5,22.8,10,1,2022-08-03 09:17:12
1659518235386151000,22.7,1,22.7,9,22.8,10,2,2022-08-03 09:17:15
1659518239251355000,22.7,1,22.7,9,22.75,5,2,2022-08-03 09:17:19
1659518240261803000,22.7,9,22.65,39,22.7,6,2,2022-08-03 09:17:20
1659518240472850000,22.7,5,22.65,39,22.7,6,1,2022-08-03 09:17:20
1659518241087440000,22.65,10,22.65,29,22.7,1,2,2022-08-03 09:17:21
1659518241118206000,22.65,4,22.65,25,22.7,1,2,2022-08-03 09:17:21
1659518243575192000,22.7,1,22.65,25,22.7,2,1,2022-08-03 09:17:23
1659518243738928000,22.7,1,22.65,25,22.7,1,1,2022-08-03 09:17:23
1659518246409997000,22.7,6,22.7,4,22.75,5,1,2022-08-03 09:17:26
1659518248660636000,22.7,3,22.7,1,22.75,5,2,2022-08-03 09:17:28
1659518249286131000,22.7,1,22.65,26,22.75,5,2,2022-08-03 09:17:29
1659518255722750000,22.7,2,22.7,11,22.75,6,2,2022-08-03 09:17:35
1659518256421260000,22.75,1,22.7,13,22.75,5,1,2022-08-03 09:17:36
1659518262062150000,22.75,1,22.7,20,22.75,6,1,2022-08-03 09:17:42
1659518265327544000,22.7,10,22.7,10,22.75,7,2,2022-08-03 09:17:45
1659518267375736000,22.7,1,22.7,21,22.75,7,2,2022-08-03 09:17:47
1659518269054644000,22.7,5,22.7,16,22.75,8,2,2022-08-03 09:17:49
1659518271332508000,22.75,1,22.7,18,22.75,9,1,2022-08-03 09:17:51
1659518272563960000,22.7,10,22.7,8,22.75,9,2,2022-08-03 09:17:52
1659518274307370000,22.7,2,22.7,16,22.75,9,2,2022-08-03 09:17:54
1659518276873229000,22.7,1,22.7,19,22.75,9,2,2022-08-03 09:17:56
1659518277039485000,22.7,19,22.65,38,22.7,1,2,2022-08-03 09:17:57
1659518280348229000,22.7,1,22.65,37,22.7,6,1,2022-08-03 09:18:00
1659518280566107000,22.65,1,22.65,36,22.7,2,2,2022-08-03 09:18:00
1659518283261912000,22.7,6,22.65,39,22.75,9,1,2022-08-03 09:18:03
1659518286050303000,22.7,10,22.65,41,22.7,5,2,2022-08-03 09:18:06
1659518286937109000,22.65,2,22.65,38,22.7,5,2,2022-08-03 09:18:06
1659518286965547000,22.7,5,22.7,5,22.75,9,1,2022-08-03 09:18:06
1659518290721665000,22.7,2,22.7,3,22.75,9,2,2022-08-03 09:18:10
1659518291855440000,22.7,2,22.7,1,22.75,9,2,2022-08-03 09:18:11
1659518296876853000,22.7,1,22.65,51,22.75,9,2,2022-08-03 09:18:16
1659518300944477000,22.75,9,22.65,52,22.8,10,1,2022-08-03 09:18:20
1659518305760835000,22.75,1,22.7,2,22.75,4,1,2022-08-03 09:18:25
1659518309343482000,22.75,1,22.7,2,22.75,4,1,2022-08-03 09:18:29
1659518311471035000,22.75,1,22.7,2,22.75,7,1,2022-08-03 09:18:31
1659518319687384000,22.75,1,22.7,14,22.75,6,1,2022-08-03 09:18:39
1659518322519950000,22.75,6,22.75,4,22.8,18,1,2022-08-03 09:18:42
1659518330470053000,22.8,1,22.75,10,22.8,14,1,2022-08-03 09:18:50
1659518331851920000,22.75,8,22.75,2,22.8,14,2,2022-08-03 09:18:51
1659518336337276000,22.75,2,22.7,16,22.75,18,2,2022-08-03 09:18:56
1659518337506600000,22.75,1,22.7,16,22.75,17,1,2022-08-03 09:18:57
1659518340702360000,22.75,2,22.7,16,22.75,15,1,2022-08-03 09:19:00
1659518344217351000,22.75,1,22.7,17,22.75,18,1,2022-08-03 09:19:04
1659518345663575000,22.7,1,22.7,16,22.75,18,2,2022-08-03 09:19:05
1659518346514299000,22.75,1,22.7,16,22.75,17,1,2022-08-03 09:19:06
1659518348200108000,22.7,12,22.7,4,22.75,17,2,2022-08-03 09:19:08
1659518348226862000,22.7,4,22.65,60,22.75,17,2,2022-08-03 09:19:08
1659518350791472000,22.7,1,22.65,56,22.7,5,1,2022-08-03 09:19:10
1659518351363955000,22.7,1,22.65,56,22.7,3,1,2022-08-03 09:19:11
1659518351916780000,22.7,3,22.7,2,22.75,18,1,2022-08-03 09:19:11
1659518356366608000,22.7,2,22.7,9,22.75,18,2,2022-08-03 09:19:16
1659518356519142000,22.7,5,22.7,4,22.75,18,2,2022-08-03 09:19:16
1659518370983559000,22.7,2,22.7,27,22.75,20,2,2022-08-03 09:19:30
1659518371880292000,22.7,2,22.7,25,22.75,20,2,2022-08-03 09:19:31
1659518373538159000,22.7,2,22.7,23,22.75,20,2,2022-08-03 09:19:33
1659518379509009000,22.7,1,22.7,25,22.75,22,2,2022-08-03 09:19:39
1659518380899199000,22.7,3,22.7,22,22.75,26,2,2022-08-03 09:19:40
1659518384768077000,22.7,1,22.7,22,22.75,22,2,2022-08-03 09:19:44
1659518385730715000,22.7,2,22.7,27,22.75,30,2,2022-08-03 09:19:45
1659518387282759000,22.7,4,22.7,21,22.75,26,2,2022-08-03 09:19:47
1659518388513774000,22.7,1,22.7,20,22.75,26,2,2022-08-03 09:19:48
1659518390359406000,22.75,1,22.7,20,22.75,25,1,2022-08-03 09:19:50
1659518390545008000,22.7,1,22.7,19,22.75,25,2,2022-08-03 09:19:50
1659518395298126000,22.75,1,22.7,20,22.75,24,1,2022-08-03 09:19:55
1659518403210038000,22.7,1,22.7,17,22.75,29,2,2022-08-03 09:20:03
1659518412220419000,22.75,3,22.7,39,22.75,27,1,2022-08-03 09:20:12
1659518413884838000,22.75,1,22.7,39,22.75,26,1,2022-08-03 09:20:13
1659518416566014000,22.75,26,22.7,39,22.85,12,1,2022-08-03 09:20:16
1659518416566014000,22.8,17,22.7,39,22.85,12,1,2022-08-03 09:20:16
1659518416566014000,22.85,9,22.7,39,22.85,12,1,2022-08-03 09:20:16
1659518418093917000,22.85,1,22.75,10,22.85,11,1,2022-08-03 09:20:18
1659518421665812000,22.85,1,22.75,10,22.85,10,1,2022-08-03 09:20:21
1659518427979145000,22.85,3,22.8,2,22.85,7,1,2022-08-03 09:20:27
1659518428200603000,22.85,1,22.8,2,22.85,6,1,2022-08-03 09:20:28
1659518429042722000,22.85,1,22.8,2,22.85,5,1,2022-08-03 09:20:29
1659518429056931000,22.85,1,22.8,2,22.85,4,1,2022-08-03 09:20:29
1659518429513598000,22.85,2,22.8,2,22.85,2,1,2022-08-03 09:20:29
1659518429624419000,22.85,1,22.8,2,22.85,1,1,2022-08-03 09:20:29
1659518431826967000,22.85,1,22.8,4,22.9,14,1,2022-08-03 09:20:31
1659518432505786000,22.8,1,22.8,3,22.9,14,2,2022-08-03 09:20:32
1659518432571939000,22.8,3,22.7,38,22.9,14,2,2022-08-03 09:20:32
1659518432571939000,22.75,1,22.7,38,22.9,14,2,2022-08-03 09:20:32
1659518432571939000,22.7,6,22.7,38,22.9,14,2,2022-08-03 09:20:32
1659518433095634000,22.8,1,22.7,34,22.8,1,1,2022-08-03 09:20:33
1659518433646673000,22.8,1,22.85,2,22.9,19,1,2022-08-03 09:20:33
1659518433646673000,22.85,7,22.85,2,22.9,19,1,2022-08-03 09:20:33
1659518433679769000,22.85,1,22.85,1,22.9,19,2,2022-08-03 09:20:33
1659518433689954000,22.9,1,22.85,1,22.9,18,1,2022-08-03 09:20:33
1659518434027571000,22.85,1,22.85,5,22.9,13,2,2022-08-03 09:20:34
1659518436047013000,22.85,5,22.75,1,22.9,13,2,2022-08-03 09:20:36
1659518436688849000,22.9,12,22.75,10,22.9,2,1,2022-08-03 09:20:36
1659518436717815000,22.9,2,22.75,10,22.95,22,1,2022-08-03 09:20:36
1659518438482283000,22.85,1,22.8,2,22.95,22,1,2022-08-03 09:20:38
1659518441013817000,22.95,15,22.8,1,22.95,5,1,2022-08-03 09:20:41
1659518441037330000,22.95,5,22.8,1,23.0,40,1,2022-08-03 09:20:41
1659518442929377000,23.0,2,22.9,3,23.0,38,1,2022-08-03 09:20:42
1659518442962700000,23.0,1,22.9,3,23.0,37,1,2022-08-03 09:20:42
1659518443075208000,23.0,1,22.9,3,23.0,36,1,2022-08-03 09:20:43
1659518443575849000,23.0,2,22.9,3,23.0,34,1,2022-08-03 09:20:43
1659518443596728000,23.0,14,22.9,3,23.0,20,1,2022-08-03 09:20:43
1659518444663448000,23.0,2,22.9,3,23.0,18,1,2022-08-03 09:20:44
1659518444762552000,22.95,5,22.9,3,23.0,18,1,2022-08-03 09:20:44
1659518444909410000,23.0,2,22.9,3,23.0,18,1,2022-08-03 09:20:44
1659518445799771000,23.0,1,22.95,1,23.0,15,1,2022-08-03 09:20:45
1659518446659341000,23.0,17,23.0,3,23.05,11,1,2022-08-03 09:20:46
1659518447562276000,23.0,2,23.0,3,23.05,11,2,2022-08-03 09:20:47
1659518448716544000,23.0,1,23.0,7,23.05,11,2,2022-08-03 09:20:48
1659518449467474000,23.05,1,23.0,8,23.05,11,1,2022-08-03 09:20:49
1659518449671043000,23.05,1,23.0,8,23.05,10,1,2022-08-03 09:20:49
1659518449708516000,23.05,1,23.0,8,23.05,9,1,2022-08-03 09:20:49
1659518449750000000,23.05,5,23.0,8,23.05,4,1,2022-08-03 09:20:49
1659518449774158000,23.05,1,23.0,8,23.05,3,1,2022-08-03 09:20:49
1659518449952280000,23.0,1,23.0,7,23.05,3,2,2022-08-03 09:20:49
1659518450472399000,23.05,1,23.0,7,23.05,2,1,2022-08-03 09:20:50
1659518450547896000,23.0,1,23.0,6,23.05,2,2,2022-08-03 09:20:50
1659518451329914000,23.05,1,23.0,6,23.05,1,1,2022-08-03 09:20:51
1659518453162037000,23.05,1,23.0,6,23.05,1,1,2022-08-03 09:20:53
1659518453383126000,23.05,1,23.0,11,23.1,43,1,2022-08-03 09:20:53
1659518453789606000,23.05,1,23.0,12,23.1,43,2,2022-08-03 09:20:53
1659518454670374000,23.0,1,23.0,11,23.05,10,2,2022-08-03 09:20:54
1659518454912456000,23.05,1,23.0,14,23.05,9,1,2022-08-03 09:20:54
1659518455409522000,23.05,1,23.0,14,23.05,8,1,2022-08-03 09:20:55
1659518455958411000,23.05,8,23.0,18,23.05,8,1,2022-08-03 09:20:55
1659518455958411000,23.1,2,23.0,18,23.05,8,1,2022-08-03 09:20:55
1659518456209699000,23.1,5,23.0,19,23.1,36,1,2022-08-03 09:20:56
1659518456324020000,23.05,1,23.0,19,23.1,36,1,2022-08-03 09:20:56
1659518456836942000,23.05,3,23.05,22,23.1,36,2,2022-08-03 09:20:56
1659518458458385000,23.05,2,23.05,17,23.1,36,2,2022-08-03 09:20:58
1659518459237195000,23.1,1,23.05,17,23.1,35,1,2022-08-03 09:20:59
1659518459497209000,23.1,1,23.05,20,23.1,35,1,2022-08-03 09:20:59
1659518459909612000,23.1,1,23.05,20,23.1,34,1,2022-08-03 09:20:59
1659518460966234000,23.05,1,23.05,19,23.1,33,2,2022-08-03 09:21:00
1659518461950035000,23.1,2,23.05,20,23.1,32,1,2022-08-03 09:21:01
1659518465646028000,23.05,1,23.05,19,23.1,30,2,2022-08-03 09:21:05
1659518465702832000,23.1,1,23.05,19,23.1,29,1,2022-08-03 09:21:05
1659518466113647000,23.05,2,23.05,18,23.1,29,2,2022-08-03 09:21:06
1659518466820527000,23.1,1,23.05,18,23.1,28,1,2022-08-03 09:21:06
1659518466930407000,23.05,10,23.05,8,23.1,28,2,2022-08-03 09:21:06
1659518466985640000,23.05,8,23.0,34,23.1,28,2,2022-08-03 09:21:06
1659518467358625000,23.05,1,23.0,34,23.1,26,1,2022-08-03 09:21:07
1659518467358625000,23.1,2,23.0,34,23.1,26,1,2022-08-03 09:21:07
1659518468390564000,23.05,2,23.0,34,23.05,13,1,2022-08-03 09:21:08
1659518470498662000,23.05,1,23.0,35,23.05,21,1,2022-08-03 09:21:10
1659518470521409000,23.05,1,23.0,35,23.05,20,1,2022-08-03 09:21:10
1659518472395629000,23.0,1,23.0,34,23.05,31,2,2022-08-03 09:21:12
1659518472994478000,23.0,1,23.0,35,23.05,31,2,2022-08-03 09:21:12
1659518473805075000,23.05,1,23.0,35,23.05,30,1,2022-08-03 09:21:13
1659518474064187000,23.0,2,23.0,33,23.05,30,2,2022-08-03 09:21:14
1659518475134275000,23.05,10,23.0,34,23.05,20,1,2022-08-03 09:21:15
