symbol,datetime,NaOb_r,NbOa_r,NaOb_s,NbOa_s,bid1,ask1,odd_bid1,odd_ask1,bidQty1,askQty1,odd_bidQty1,odd_askQty1,simulate,triggerbyOdd
1101,2022-10-25 11:21:18.438104,0.0,-0.0033333333333334103,0.0,-0.10000000000000142,29.9,29.95,29.95,30.0,1670.0,264.0,21378.0,10226.0,True,True
1101,2022-10-25 11:21:18.559912,0.0,-0.0033333333333334103,0.0,-0.10000000000000142,29.9,29.95,29.95,30.0,1670.0,267.0,21378.0,10226.0,False,False
1101,2022-10-25 11:21:18.580483,0.0,-0.0033333333333334103,0.0,-0.10000000000000142,29.9,29.95,29.95,30.0,1670.0,269.0,21378.0,10226.0,False,False
1101,2022-10-25 11:21:19.536029,0.0,-0.0033333333333334103,0.0,-0.10000000000000142,29.9,29.95,29.95,30.0,1670.0,269.0,21378.0,10226.0,False,False
1101,2022-10-25 11:21:20.842610,0.0,-0.0033333333333334103,0.0,-0.10000000000000142,29.9,29.95,29.95,30.0,1671.0,269.0,21378.0,10226.0,False,False
1101,2022-10-25 11:21:21.225704,0.0,-0.0033333333333334103,0.0,-0.10000000000000142,29.9,29.95,29.95,30.0,1672.0,269.0,21378.0,10226.0,False,False
1101,2022-10-25 11:21:22.086591,0.0,-0.0033333333333334103,0.0,-0.10000000000000142,29.9,29.95,29.95,30.0,1662.0,269.0,21378.0,10226.0,False,False
1101,2022-10-25 11:21:23.569476,0.0,-0.0033333333333334103,0.0,-0.10000000000000142,29.9,29.95,29.95,30.0,1662.0,269.0,21378.0,10226.0,False,False
1101,2022-10-25 11:21:24.345016,0.0,-0.0033333333333334103,0.0,-0.10000000000000142,29.9,29.95,29.95,30.0,1662.0,269.0,21378.0,10226.0,False,False
1101,2022-10-25 11:21:24.716403,0.0,-0.0033333333333334103,0.0,-0.10000000000000142,29.9,29.95,29.95,30.0,1662.0,268.0,21378.0,10226.0,False,False
1101,2022-10-25 11:21:25.019627,0.0,-0.0033333333333334103,0.0,-0.10000000000000142,29.9,29.95,29.95,30.0,1662.0,271.0,21378.0,10226.0,False,False
1101,2022-10-25 11:21:25.323224,0.0,-0.0033333333333334103,0.0,-0.10000000000000142,29.9,29.95,29.95,30.0,1662.0,271.0,21378.0,10226.0,False,False
1101,2022-10-25 11:21:26.081758,0.0,-0.0033333333333334103,0.0,-0.10000000000000142,29.9,29.95,29.95,30.0,1662.0,271.0,21378.0,10226.0,False,False
1101,2022-10-25 11:21:26.402307,0.0,-0.0033333333333334103,0.0,-0.10000000000000142,29.9,29.95,29.95,30.0,1662.0,271.0,21378.0,10226.0,False,False
1101,2022-10-25 11:21:27.625615,0.0,-0.0033333333333334103,0.0,-0.10000000000000142,29.9,29.95,29.95,30.0,1662.0,271.0,21378.0,10226.0,False,False
1101,2022-10-25 11:21:27.793679,0.0,-0.0033333333333334103,0.0,-0.10000000000000142,29.9,29.95,29.95,30.0,1663.0,271.0,21378.0,10226.0,False,False
1101,2022-10-25 11:21:28.422587,0.0,-0.0033333333333334103,0.0,-0.10000000000000142,29.9,29.95,29.95,30.0,1663.0,270.0,21378.0,10226.0,False,False
1101,2022-10-25 11:21:28.478497,0.0,-0.0033333333333334103,0.0,-0.10000000000000142,29.9,29.95,29.95,30.0,1663.0,270.0,21788.0,10126.0,True,True
1101,2022-10-25 11:21:29.869100,0.0,-0.0033333333333334103,0.0,-0.10000000000000142,29.9,29.95,29.95,30.0,1663.0,270.0,21788.0,10126.0,False,False
1101,2022-10-25 11:21:29.902841,0.0,-0.0033333333333334103,0.0,-0.10000000000000142,29.9,29.95,29.95,30.0,1663.0,270.0,21788.0,10126.0,False,False
1101,2022-10-25 11:21:30.544291,0.0,-0.0033333333333334103,0.0,-0.10000000000000142,29.9,29.95,29.95,30.0,1663.0,270.0,21788.0,10126.0,False,False
1101,2022-10-25 11:21:30.631443,0.0,-0.0033333333333334103,0.0,-0.10000000000000142,29.9,29.95,29.95,30.0,1663.0,270.0,21788.0,10126.0,False,False
1101,2022-10-25 11:21:31.020151,0.0,-0.0033333333333334103,0.0,-0.10000000000000142,29.9,29.95,29.95,30.0,1663.0,270.0,21788.0,10126.0,False,False
1101,2022-10-25 11:21:35.838034,0.0,-0.0033333333333334103,0.0,-0.10000000000000142,29.9,29.95,29.95,30.0,1663.0,273.0,21788.0,10126.0,False,False
1101,2022-10-25 11:21:35.965360,0.0,-0.0033333333333334103,0.0,-0.10000000000000142,29.9,29.95,29.95,30.0,1663.0,273.0,21788.0,10126.0,False,False
1101,2022-10-25 11:21:37.576643,0.0,-0.0033333333333334103,0.0,-0.10000000000000142,29.9,29.95,29.95,30.0,1663.0,273.0,21788.0,10126.0,False,False
1101,2022-10-25 11:21:38.520834,0.0,-0.0033333333333334103,0.0,-0.10000000000000142,29.9,29.95,29.95,30.0,1663.0,273.0,21798.0,10126.0,True,True
1101,2022-10-25 11:21:41.173609,0.0,-0.0033333333333334103,0.0,-0.10000000000000142,29.9,29.95,29.95,30.0,1664.0,273.0,21798.0,10126.0,False,False
1101,2022-10-25 11:21:41.238475,0.0,-0.0033333333333334103,0.0,-0.10000000000000142,29.9,29.95,29.95,30.0,1665.0,273.0,21798.0,10126.0,False,False
1101,2022-10-25 11:21:41.526642,0.0,-0.0033333333333334103,0.0,-0.10000000000000142,29.9,29.95,29.95,30.0,1664.0,273.0,21798.0,10126.0,False,False
1101,2022-10-25 11:21:42.237469,0.0,-0.0033333333333334103,0.0,-0.10000000000000142,29.9,29.95,29.95,30.0,1665.0,273.0,21798.0,10126.0,False,False
1101,2022-10-25 11:21:45.599528,0.0,-0.0033333333333334103,0.0,-0.10000000000000142,29.9,29.95,29.95,30.0,1664.0,272.0,21798.0,10126.0,False,False
1101,2022-10-25 11:21:46.330735,0.0,-0.0033333333333334103,0.0,-0.10000000000000142,29.9,29.95,29.95,30.0,1665.0,272.0,21798.0,10126.0,False,False
1101,2022-10-25 11:21:48.063346,0.0,-0.0033333333333334103,0.0,-0.10000000000000142,29.9,29.95,29.95,30.0,1665.0,270.0,21798.0,10126.0,False,False
1101,2022-10-25 11:21:48.250289,0.0,-0.0033333333333334103,0.0,-0.10000000000000142,29.9,29.95,29.95,30.0,1665.0,269.0,21798.0,10126.0,False,False
1101,2022-10-25 11:21:48.560052,0.0,-0.0033333333333334103,0.0,-0.10000000000000142,29.9,29.95,29.95,30.0,1665.0,269.0,21798.0,10241.0,True,True
1101,2022-10-25 11:21:49.927877,0.0,-0.0033333333333334103,0.0,-0.10000000000000142,29.9,29.95,29.95,30.0,1665.0,268.0,21798.0,10241.0,False,False
1101,2022-10-25 11:21:50.432827,0.0,-0.0033333333333334103,0.0,-0.10000000000000142,29.9,29.95,29.95,30.0,1665.0,268.0,21798.0,10241.0,False,False
1101,2022-10-25 11:21:53.090503,0.0,-0.0033333333333334103,0.0,-0.10000000000000142,29.9,29.95,29.95,30.0,1665.0,267.0,21798.0,10241.0,False,False
1101,2022-10-25 11:21:54.209509,0.0,-0.0033333333333334103,0.0,-0.10000000000000142,29.9,29.95,29.95,30.0,1666.0,267.0,21798.0,10241.0,False,False
1101,2022-10-25 11:21:54.969027,0.0,-0.0033333333333334103,0.0,-0.10000000000000142,29.9,29.95,29.95,30.0,1666.0,270.0,21798.0,10241.0,False,False
1101,2022-10-25 11:21:55.156466,0.0,-0.0033333333333334103,0.0,-0.10000000000000142,29.9,29.95,29.95,30.0,1667.0,270.0,21798.0,10241.0,False,False
1101,2022-10-25 11:21:55.181481,0.0,-0.0033333333333334103,0.0,-0.10000000000000142,29.9,29.95,29.95,30.0,1667.0,273.0,21798.0,10241.0,False,False
1101,2022-10-25 11:21:57.108601,0.0,-0.0033333333333334103,0.0,-0.10000000000000142,29.9,29.95,29.95,30.0,1667.0,270.0,21798.0,10241.0,False,False
1101,2022-10-25 11:21:58.042631,0.0,-0.0033333333333334103,0.0,-0.10000000000000142,29.9,29.95,29.95,30.0,1669.0,270.0,21798.0,10241.0,False,False
1101,2022-10-25 11:21:58.377747,0.0,-0.0033333333333334103,0.0,-0.10000000000000142,29.9,29.95,29.95,30.0,1669.0,284.0,21798.0,10241.0,False,False
1101,2022-10-25 11:21:58.599231,0.0,-0.0033333333333334103,0.0,-0.10000000000000142,29.9,29.95,29.95,30.0,1669.0,284.0,21698.0,9711.0,True,True
1101,2022-10-25 11:21:59.181696,0.0,-0.0033333333333334103,0.0,-0.10000000000000142,29.9,29.95,29.95,30.0,1669.0,284.0,21698.0,9711.0,False,False
1101,2022-10-25 11:21:59.190996,0.0,-0.0033333333333334103,0.0,-0.10000000000000142,29.9,29.95,29.95,30.0,1669.0,287.0,21698.0,9711.0,False,False
1101,2022-10-25 11:21:59.569873,0.0,-0.0033333333333334103,0.0,-0.10000000000000142,29.9,29.95,29.95,30.0,1670.0,287.0,21698.0,9711.0,False,False
1101,2022-10-25 11:21:59.696855,0.0,-0.0033333333333334103,0.0,-0.10000000000000142,29.9,29.95,29.95,30.0,1671.0,287.0,21698.0,9711.0,False,False
1101,2022-10-25 11:21:59.753526,0.0,-0.0033333333333334103,0.0,-0.10000000000000142,29.9,29.95,29.95,30.0,1673.0,287.0,21698.0,9711.0,False,False
1101,2022-10-25 11:22:00.480953,0.0,-0.0033333333333334103,0.0,-0.10000000000000142,29.9,29.95,29.95,30.0,1673.0,285.0,21698.0,9711.0,False,False
1101,2022-10-25 11:22:01.346494,0.0,-0.0033333333333334103,0.0,-0.10000000000000142,29.9,29.95,29.95,30.0,1673.0,285.0,21698.0,9711.0,False,False
1101,2022-10-25 11:22:02.135307,0.0,-0.0033333333333334103,0.0,-0.10000000000000142,29.9,29.95,29.95,30.0,1674.0,285.0,21698.0,9711.0,False,False
1101,2022-10-25 11:22:03.120891,0.0,-0.0033333333333334103,0.0,-0.10000000000000142,29.9,29.95,29.95,30.0,1674.0,285.0,21698.0,9711.0,False,False
1101,2022-10-25 11:22:03.622144,0.0,-0.0033333333333334103,0.0,-0.10000000000000142,29.9,29.95,29.95,30.0,1674.0,285.0,21698.0,9711.0,False,False
1101,2022-10-25 11:22:06.493700,0.0,-0.0033333333333334103,0.0,-0.10000000000000142,29.9,29.95,29.95,30.0,1674.0,284.0,21698.0,9711.0,False,False
1101,2022-10-25 11:22:07.834152,0.0,-0.0033333333333334103,0.0,-0.10000000000000142,29.9,29.95,29.95,30.0,1674.0,284.0,21966.0,9491.0,False,True
1101,2022-10-25 11:22:07.968550,0.0,-0.0033333333333334103,0.0,-0.10000000000000142,29.9,29.95,29.95,30.0,1675.0,284.0,21966.0,9491.0,False,False
1101,2022-10-25 11:22:08.244213,0.0,-0.0033333333333334103,0.0,-0.10000000000000142,29.9,29.95,29.95,30.0,1675.0,282.0,21966.0,9491.0,False,False
1101,2022-10-25 11:22:08.405684,0.0,-0.0033333333333334103,0.0,-0.10000000000000142,29.9,29.95,29.95,30.0,1675.0,262.0,21966.0,9491.0,False,False
1101,2022-10-25 11:22:08.717197,0.0,-0.0033333333333334103,0.0,-0.10000000000000142,29.9,29.95,29.95,30.0,1676.0,262.0,21966.0,9491.0,False,False
1101,2022-10-25 11:22:09.068849,0.0,-0.0033333333333334103,0.0,-0.10000000000000142,29.9,29.95,29.95,30.0,1676.0,261.0,21966.0,9491.0,False,False
1101,2022-10-25 11:22:09.606034,0.0,-0.0033333333333334103,0.0,-0.10000000000000142,29.9,29.95,29.95,30.0,1676.0,261.0,21966.0,9491.0,False,False
1101,2022-10-25 11:22:10.328636,0.0,-0.0033333333333334103,0.0,-0.10000000000000142,29.9,29.95,29.95,30.0,1677.0,261.0,21966.0,9491.0,False,False
1101,2022-10-25 11:22:10.496754,0.0,-0.0033333333333334103,0.0,-0.10000000000000142,29.9,29.95,29.95,30.0,1677.0,261.0,21966.0,9491.0,False,False
1101,2022-10-25 11:22:11.215207,0.0,-0.0033333333333334103,0.0,-0.10000000000000142,29.9,29.95,29.95,30.0,1678.0,261.0,21966.0,9491.0,False,False
1101,2022-10-25 11:22:11.444036,0.0,-0.0033333333333334103,0.0,-0.10000000000000142,29.9,29.95,29.95,30.0,1678.0,261.0,21966.0,9491.0,False,False
1101,2022-10-25 11:22:12.173019,0.0,-0.0033333333333334103,0.0,-0.10000000000000142,29.9,29.95,29.95,30.0,1679.0,261.0,21966.0,9491.0,False,False
1101,2022-10-25 11:22:12.954866,0.0,-0.0033333333333334103,0.0,-0.10000000000000142,29.9,29.95,29.95,30.0,1679.0,264.0,21966.0,9491.0,False,False
1101,2022-10-25 11:22:12.991763,0.0,-0.0033333333333334103,0.0,-0.10000000000000142,29.9,29.95,29.95,30.0,1679.0,264.0,21966.0,9491.0,False,False
1101,2022-10-25 11:22:14.205995,0.0,-0.0033333333333334103,0.0,-0.10000000000000142,29.9,29.95,29.95,30.0,1679.0,264.0,21966.0,9491.0,False,False
1101,2022-10-25 11:22:14.429686,0.0,-0.0033333333333334103,0.0,-0.10000000000000142,29.9,29.95,29.95,30.0,1679.0,264.0,21966.0,9491.0,False,False
1101,2022-10-25 11:22:17.742158,0.0,-0.0033333333333334103,0.0,-0.10000000000000142,29.9,29.95,29.95,30.0,1681.0,264.0,21966.0,9491.0,False,False
1101,2022-10-25 11:22:17.873302,0.0,-0.0033333333333334103,0.0,-0.10000000000000142,29.9,29.95,29.95,30.0,1681.0,264.0,21966.0,8702.0,True,True
1101,2022-10-25 11:22:18.245227,0.0,-0.0033333333333334103,0.0,-0.10000000000000142,29.9,29.95,29.95,30.0,1674.0,257.0,21966.0,8702.0,False,False
1101,2022-10-25 11:22:19.330841,0.0,-0.0033333333333334103,0.0,-0.10000000000000142,29.9,29.95,29.95,30.0,1735.0,257.0,21966.0,8702.0,False,False
1101,2022-10-25 11:22:20.859380,0.0,-0.0033333333333334103,0.0,-0.10000000000000142,29.9,29.95,29.95,30.0,1734.0,257.0,21966.0,8702.0,False,False
1101,2022-10-25 11:22:20.879609,0.0,-0.0033333333333334103,0.0,-0.10000000000000142,29.9,29.95,29.95,30.0,1734.0,259.0,21966.0,8702.0,False,False
1101,2022-10-25 11:22:21.266961,0.0,-0.0033333333333334103,0.0,-0.10000000000000142,29.9,29.95,29.95,30.0,1735.0,259.0,21966.0,8702.0,False,False
1101,2022-10-25 11:22:21.308358,0.0,-0.0033333333333334103,0.0,-0.10000000000000142,29.9,29.95,29.95,30.0,1735.0,254.0,21966.0,8702.0,False,False
1101,2022-10-25 11:22:21.321548,0.0,-0.0033333333333334103,0.0,-0.10000000000000142,29.9,29.95,29.95,30.0,1735.0,224.0,21966.0,8702.0,False,False
1101,2022-10-25 11:22:22.332658,0.0,-0.0033333333333334103,0.0,-0.10000000000000142,29.9,29.95,29.95,30.0,1674.0,224.0,21966.0,8702.0,False,False
1101,2022-10-25 11:22:22.372792,0.0,-0.0033333333333334103,0.0,-0.10000000000000142,29.9,29.95,29.95,30.0,1732.0,224.0,21966.0,8702.0,False,False
1101,2022-10-25 11:22:23.252270,0.0,-0.0033333333333334103,0.0,-0.10000000000000142,29.9,29.95,29.95,30.0,1732.0,225.0,21966.0,8702.0,False,False
1101,2022-10-25 11:22:23.973608,0.0,-0.0033333333333334103,0.0,-0.10000000000000142,29.9,29.95,29.95,30.0,1733.0,225.0,21966.0,8702.0,False,False
1101,2022-10-25 11:22:25.656838,0.0,-0.0033333333333334103,0.0,-0.10000000000000142,29.9,29.95,29.95,30.0,1743.0,225.0,21966.0,8702.0,False,False
1101,2022-10-25 11:22:26.962821,0.0,-0.0033333333333334103,0.0,-0.10000000000000142,29.9,29.95,29.95,30.0,1743.0,228.0,21966.0,8702.0,False,False
1101,2022-10-25 11:22:27.913467,0.0,-0.0033333333333334103,0.0,-0.10000000000000142,29.9,29.95,29.95,30.0,1743.0,228.0,22066.0,8702.0,True,True
1101,2022-10-25 11:22:29.632362,0.0,-0.0033333333333334103,0.0,-0.10000000000000142,29.9,29.95,29.95,30.0,1743.0,225.0,22066.0,8702.0,False,False
1101,2022-10-25 11:22:30.528186,0.0,-0.0033333333333334103,0.0,-0.10000000000000142,29.9,29.95,29.95,30.0,1748.0,225.0,22066.0,8702.0,False,False
1101,2022-10-25 11:22:31.125755,0.0,-0.0033333333333334103,0.0,-0.10000000000000142,29.9,29.95,29.95,30.0,1747.0,224.0,22066.0,8702.0,False,False
1101,2022-10-25 11:22:31.590593,0.0,-0.0033333333333334103,0.0,-0.10000000000000142,29.9,29.95,29.95,30.0,1748.0,224.0,22066.0,8702.0,False,False
1101,2022-10-25 11:22:32.364484,0.0,-0.0033333333333334103,0.0,-0.10000000000000142,29.9,29.95,29.95,30.0,1748.0,226.0,22066.0,8702.0,False,False
1101,2022-10-25 11:22:33.383833,0.0,-0.0033333333333334103,0.0,-0.10000000000000142,29.9,29.95,29.95,30.0,1748.0,226.0,22066.0,8702.0,False,False
1101,2022-10-25 11:22:33.674712,0.0,-0.0033333333333334103,0.0,-0.10000000000000142,29.9,29.95,29.95,30.0,1748.0,221.0,22066.0,8702.0,False,False
1101,2022-10-25 11:22:35.321954,0.0,-0.0033333333333334103,0.0,-0.10000000000000142,29.9,29.95,29.95,30.0,1750.0,221.0,22066.0,8702.0,False,False
1101,2022-10-25 11:22:35.444864,0.0,-0.0033333333333334103,0.0,-0.10000000000000142,29.9,29.95,29.95,30.0,1751.0,221.0,22066.0,8702.0,False,False
1101,2022-10-25 11:22:35.712128,0.0,-0.0033333333333334103,0.0,-0.10000000000000142,29.9,29.95,29.95,30.0,1751.0,221.0,22066.0,8702.0,False,False
1101,2022-10-25 11:22:36.870990,0.0,-0.0033333333333334103,0.0,-0.10000000000000142,29.9,29.95,29.95,30.0,1751.0,221.0,22066.0,8702.0,False,False
1101,2022-10-25 11:22:37.952179,0.0,-0.0033333333333334103,0.0,-0.10000000000000142,29.9,29.95,29.95,30.0,1751.0,221.0,22066.0,8752.0,True,True
1101,2022-10-25 11:22:38.354414,0.0,-0.0033333333333334103,0.0,-0.10000000000000142,29.9,29.95,29.95,30.0,1751.0,221.0,22066.0,8752.0,False,False
1101,2022-10-25 11:22:39.304286,0.0,-0.0033333333333334103,0.0,-0.10000000000000142,29.9,29.95,29.95,30.0,1751.0,220.0,22066.0,8752.0,False,False
1101,2022-10-25 11:22:39.564884,0.0,-0.0033333333333334103,0.0,-0.10000000000000142,29.9,29.95,29.95,30.0,1751.0,220.0,22066.0,8752.0,False,False
1101,2022-10-25 11:22:42.150190,0.0,-0.0033333333333334103,0.0,-0.10000000000000142,29.9,29.95,29.95,30.0,1751.0,219.0,22066.0,8752.0,False,False
1101,2022-10-25 11:22:42.917374,0.0,-0.0033333333333334103,0.0,-0.10000000000000142,29.9,29.95,29.95,30.0,1751.0,219.0,22066.0,8752.0,False,False
1101,2022-10-25 11:22:43.963984,0.0,-0.0033333333333334103,0.0,-0.10000000000000142,29.9,29.95,29.95,30.0,1751.0,218.0,22066.0,8752.0,False,False
1101,2022-10-25 11:22:44.649570,0.0,-0.0033333333333334103,0.0,-0.10000000000000142,29.9,29.95,29.95,30.0,1751.0,213.0,22066.0,8752.0,False,False
1101,2022-10-25 11:22:45.680779,0.0,-0.0033333333333334103,0.0,-0.10000000000000142,29.9,29.95,29.95,30.0,1751.0,212.0,22066.0,8752.0,False,False
1101,2022-10-25 11:22:46.392414,0.0,-0.0033333333333334103,0.0,-0.10000000000000142,29.9,29.95,29.95,30.0,1751.0,212.0,22066.0,8752.0,False,False
1101,2022-10-25 11:22:46.396468,0.0,-0.0033333333333334103,0.0,-0.10000000000000142,29.9,29.95,29.95,30.0,1751.0,214.0,22066.0,8752.0,False,False
1101,2022-10-25 11:22:46.854912,0.0,-0.0033333333333334103,0.0,-0.10000000000000142,29.9,29.95,29.95,30.0,1751.0,217.0,22066.0,8752.0,False,False
1101,2022-10-25 11:22:47.309711,0.0,-0.0033333333333334103,0.0,-0.10000000000000142,29.9,29.95,29.95,30.0,1751.0,217.0,22066.0,8752.0,False,False
1101,2022-10-25 11:22:47.436075,0.0,-0.0033333333333334103,0.0,-0.10000000000000142,29.9,29.95,29.95,30.0,1752.0,217.0,22066.0,8752.0,False,False
1101,2022-10-25 11:22:47.525013,0.0,-0.0033333333333334103,0.0,-0.10000000000000142,29.9,29.95,29.95,30.0,1752.0,217.0,22066.0,8752.0,False,False
1101,2022-10-25 11:22:47.992781,0.0,-0.0033333333333334103,0.0,-0.10000000000000142,29.9,29.95,29.95,30.0,1752.0,217.0,22066.0,8652.0,True,True
1101,2022-10-25 11:22:48.248460,0.0,-0.0033333333333334103,0.0,-0.10000000000000142,29.9,29.95,29.95,30.0,1752.0,212.0,22066.0,8652.0,False,False
1101,2022-10-25 11:22:49.427038,0.0,-0.0033333333333334103,0.0,-0.10000000000000142,29.9,29.95,29.95,30.0,1752.0,206.0,22066.0,8652.0,False,False
1101,2022-10-25 11:22:49.755474,0.0,-0.0033333333333334103,0.0,-0.10000000000000142,29.9,29.95,29.95,30.0,1753.0,206.0,22066.0,8652.0,False,False
1101,2022-10-25 11:22:49.981828,0.0,-0.0033333333333334103,0.0,-0.10000000000000142,29.9,29.95,29.95,30.0,1754.0,206.0,22066.0,8652.0,False,False
1101,2022-10-25 11:22:51.275104,0.0,-0.0033333333333334103,0.0,-0.10000000000000142,29.9,29.95,29.95,30.0,1754.0,206.0,22066.0,8652.0,False,False
1101,2022-10-25 11:22:52.456750,0.0,-0.0033333333333334103,0.0,-0.10000000000000142,29.9,29.95,29.95,30.0,1754.0,205.0,22066.0,8652.0,False,False
1101,2022-10-25 11:22:54.061305,0.0,-0.0033333333333334103,0.0,-0.10000000000000142,29.9,29.95,29.95,30.0,1756.0,205.0,22066.0,8652.0,False,False
1101,2022-10-25 11:22:54.537318,0.0,-0.0033333333333334103,0.0,-0.10000000000000142,29.9,29.95,29.95,30.0,1761.0,205.0,22066.0,8652.0,False,False
1101,2022-10-25 11:22:55.362246,0.0,-0.0033333333333334103,0.0,-0.10000000000000142,29.9,29.95,29.95,30.0,1761.0,202.0,22066.0,8652.0,False,False
1101,2022-10-25 11:22:55.660364,0.0,-0.0033333333333334103,0.0,-0.10000000000000142,29.9,29.95,29.95,30.0,1762.0,202.0,22066.0,8652.0,False,False
1101,2022-10-25 11:22:56.126285,0.0,-0.0033333333333334103,0.0,-0.10000000000000142,29.9,29.95,29.95,30.0,1762.0,202.0,22066.0,8652.0,False,False
1101,2022-10-25 11:22:56.148961,0.0,-0.0033333333333334103,0.0,-0.10000000000000142,29.9,29.95,29.95,30.0,1762.0,204.0,22066.0,8652.0,False,False
1101,2022-10-25 11:22:58.031971,0.0,-0.0033333333333334103,0.0,-0.10000000000000142,29.9,29.95,29.95,30.0,1762.0,204.0,22066.0,8522.0,True,True
1101,2022-10-25 11:23:00.106644,0.0,-0.0033333333333334103,0.0,-0.10000000000000142,29.9,29.95,29.95,30.0,1762.0,203.0,22066.0,8522.0,False,False
1101,2022-10-25 11:23:00.337919,0.0,-0.0033333333333334103,0.0,-0.10000000000000142,29.9,29.95,29.95,30.0,1762.0,203.0,22066.0,8522.0,False,False
1101,2022-10-25 11:23:00.341904,0.0,-0.0033333333333334103,0.0,-0.10000000000000142,29.9,29.95,29.95,30.0,1762.0,210.0,22066.0,8522.0,False,False
1101,2022-10-25 11:23:00.342317,0.0,-0.0033333333333334103,0.0,-0.10000000000000142,29.9,29.95,29.95,30.0,1763.0,210.0,22066.0,8522.0,False,False
1101,2022-10-25 11:23:00.829772,0.0,-0.0033333333333334103,0.0,-0.10000000000000142,29.9,29.95,29.95,30.0,1763.0,210.0,22066.0,8522.0,False,False
1101,2022-10-25 11:23:00.845749,0.0,-0.0033333333333334103,0.0,-0.10000000000000142,29.9,29.95,29.95,30.0,1763.0,208.0,22066.0,8522.0,False,False
1101,2022-10-25 11:23:01.045767,-0.0016666666666667052,-0.0033333333333334103,-0.05000000000000071,-0.10000000000000142,29.9,30.0,29.95,30.0,1763.0,514.0,22066.0,8522.0,False,False
1101,2022-10-25 11:23:01.073336,-0.0016666666666667052,-0.0033333333333334103,-0.05000000000000071,-0.10000000000000142,29.9,30.0,29.95,30.0,1773.0,514.0,22066.0,8522.0,False,False
1101,2022-10-25 11:23:01.080187,-0.0016666666666667052,-0.0033333333333334103,-0.05000000000000071,-0.10000000000000142,29.9,30.0,29.95,30.0,1773.0,514.0,22066.0,8522.0,False,False
1101,2022-10-25 11:23:01.184100,-0.0016666666666667052,-0.0016666666666667052,-0.05000000000000071,-0.05000000000000071,29.95,30.0,29.95,30.0,1.0,514.0,22066.0,8522.0,False,False
1101,2022-10-25 11:23:01.327336,-0.0016666666666667052,-0.0016666666666667052,-0.05000000000000071,-0.05000000000000071,29.95,30.0,29.95,30.0,2.0,531.0,22066.0,8522.0,False,False
1101,2022-10-25 11:23:01.645336,-0.0016666666666667052,-0.0016666666666667052,-0.05000000000000071,-0.05000000000000071,29.95,30.0,29.95,30.0,2.0,530.0,22066.0,8522.0,False,False
1101,2022-10-25 11:23:01.650844,-0.0016666666666667052,-0.0016666666666667052,-0.05000000000000071,-0.05000000000000071,29.95,30.0,29.95,30.0,2.0,525.0,22066.0,8522.0,False,False
1101,2022-10-25 11:23:02.029065,-0.0016666666666667052,-0.0016666666666667052,-0.05000000000000071,-0.05000000000000071,29.95,30.0,29.95,30.0,2.0,527.0,22066.0,8522.0,False,False
1101,2022-10-25 11:23:02.341893,-0.0016666666666667052,-0.0016666666666667052,-0.05000000000000071,-0.05000000000000071,29.95,30.0,29.95,30.0,2.0,525.0,22066.0,8522.0,False,False
1101,2022-10-25 11:23:02.812644,-0.0016666666666667052,-0.0016666666666667052,-0.05000000000000071,-0.05000000000000071,29.95,30.0,29.95,30.0,2.0,528.0,22066.0,8522.0,False,False
1101,2022-10-25 11:23:02.980762,-0.0016666666666667052,-0.0016666666666667052,-0.05000000000000071,-0.05000000000000071,29.95,30.0,29.95,30.0,2.0,528.0,22066.0,8522.0,False,False
1101,2022-10-25 11:23:02.998901,-0.0016666666666667052,-0.0016666666666667052,-0.05000000000000071,-0.05000000000000071,29.95,30.0,29.95,30.0,68.0,528.0,22066.0,8522.0,False,False
1101,2022-10-25 11:23:03.144755,-0.0016666666666667052,-0.0016666666666667052,-0.05000000000000071,-0.05000000000000071,29.95,30.0,29.95,30.0,69.0,528.0,22066.0,8522.0,False,False
1101,2022-10-25 11:23:03.555163,-0.0016666666666667052,-0.0016666666666667052,-0.05000000000000071,-0.05000000000000071,29.95,30.0,29.95,30.0,84.0,528.0,22066.0,8522.0,False,False
1101,2022-10-25 11:23:05.043139,-0.0016666666666667052,-0.0016666666666667052,-0.05000000000000071,-0.05000000000000071,29.95,30.0,29.95,30.0,84.0,527.0,22066.0,8522.0,False,False
1101,2022-10-25 11:23:05.102125,-0.0016666666666667052,-0.0016666666666667052,-0.05000000000000071,-0.05000000000000071,29.95,30.0,29.95,30.0,85.0,527.0,22066.0,8522.0,False,False
1101,2022-10-25 11:23:05.193012,-0.0016666666666667052,-0.0016666666666667052,-0.05000000000000071,-0.05000000000000071,29.95,30.0,29.95,30.0,85.0,527.0,22066.0,8522.0,False,False
1101,2022-10-25 11:23:06.072276,-0.0016666666666667052,-0.0016666666666667052,-0.05000000000000071,-0.05000000000000071,29.95,30.0,29.95,30.0,86.0,527.0,22066.0,8522.0,False,False
1101,2022-10-25 11:23:06.154728,-0.0016666666666667052,-0.0016666666666667052,-0.05000000000000071,-0.05000000000000071,29.95,30.0,29.95,30.0,87.0,527.0,22066.0,8522.0,False,False
1101,2022-10-25 11:23:06.811680,-0.0016666666666667052,-0.0016666666666667052,-0.05000000000000071,-0.05000000000000071,29.95,30.0,29.95,30.0,88.0,527.0,22066.0,8522.0,False,False
1101,2022-10-25 11:23:08.072119,-0.0016666666666667052,-0.0016666666666667052,-0.05000000000000071,-0.05000000000000071,29.95,30.0,29.95,30.0,88.0,527.0,22066.0,8274.0,True,True
1101,2022-10-25 11:23:08.732959,-0.0016666666666667052,-0.0016666666666667052,-0.05000000000000071,-0.05000000000000071,29.95,30.0,29.95,30.0,89.0,527.0,22066.0,8274.0,False,False
1101,2022-10-25 11:23:10.027593,-0.0016666666666667052,-0.0016666666666667052,-0.05000000000000071,-0.05000000000000071,29.95,30.0,29.95,30.0,90.0,527.0,22066.0,8274.0,False,False
1101,2022-10-25 11:23:10.057739,-0.0016666666666667052,-0.0016666666666667052,-0.05000000000000071,-0.05000000000000071,29.95,30.0,29.95,30.0,90.0,527.0,22066.0,8274.0,False,False
1101,2022-10-25 11:23:10.112737,-0.0016666666666667052,-0.0016666666666667052,-0.05000000000000071,-0.05000000000000071,29.95,30.0,29.95,30.0,91.0,527.0,22066.0,8274.0,False,False
1101,2022-10-25 11:23:10.404768,-0.0016666666666667052,-0.0016666666666667052,-0.05000000000000071,-0.05000000000000071,29.95,30.0,29.95,30.0,92.0,527.0,22066.0,8274.0,False,False
1101,2022-10-25 11:23:10.904242,-0.0016666666666667052,-0.0016666666666667052,-0.05000000000000071,-0.05000000000000071,29.95,30.0,29.95,30.0,92.0,527.0,22066.0,8274.0,False,False
1101,2022-10-25 11:23:11.371445,-0.0016666666666667052,-0.0016666666666667052,-0.05000000000000071,-0.05000000000000071,29.95,30.0,29.95,30.0,92.0,527.0,22066.0,8274.0,False,False
1101,2022-10-25 11:23:12.451047,-0.0016666666666667052,-0.0016666666666667052,-0.05000000000000071,-0.05000000000000071,29.95,30.0,29.95,30.0,92.0,527.0,22066.0,8274.0,False,False
1101,2022-10-25 11:23:12.818453,-0.0016666666666667052,-0.0016666666666667052,-0.05000000000000071,-0.05000000000000071,29.95,30.0,29.95,30.0,92.0,527.0,22066.0,8274.0,False,False
1101,2022-10-25 11:23:13.044442,-0.0016666666666667052,-0.0016666666666667052,-0.05000000000000071,-0.05000000000000071,29.95,30.0,29.95,30.0,92.0,528.0,22066.0,8274.0,False,False
1101,2022-10-25 11:23:13.349176,-0.0016666666666667052,-0.0016666666666667052,-0.05000000000000071,-0.05000000000000071,29.95,30.0,29.95,30.0,92.0,528.0,22066.0,8274.0,False,False
1101,2022-10-25 11:23:13.678710,-0.0016666666666667052,-0.0016666666666667052,-0.05000000000000071,-0.05000000000000071,29.95,30.0,29.95,30.0,92.0,528.0,22066.0,8274.0,False,False
1101,2022-10-25 11:23:13.850937,-0.0016666666666667052,-0.0016666666666667052,-0.05000000000000071,-0.05000000000000071,29.95,30.0,29.95,30.0,92.0,526.0,22066.0,8274.0,False,False
1101,2022-10-25 11:23:14.423815,-0.0016666666666667052,-0.0016666666666667052,-0.05000000000000071,-0.05000000000000071,29.95,30.0,29.95,30.0,92.0,526.0,22066.0,8274.0,False,False
1101,2022-10-25 11:23:15.194348,-0.0016666666666667052,-0.0016666666666667052,-0.05000000000000071,-0.05000000000000071,29.95,30.0,29.95,30.0,92.0,526.0,22066.0,8274.0,False,False
1101,2022-10-25 11:23:15.456106,-0.0016666666666667052,-0.0016666666666667052,-0.05000000000000071,-0.05000000000000071,29.95,30.0,29.95,30.0,93.0,526.0,22066.0,8274.0,False,False
1101,2022-10-25 11:23:15.944645,-0.0016666666666667052,-0.0016666666666667052,-0.05000000000000071,-0.05000000000000071,29.95,30.0,29.95,30.0,93.0,529.0,22066.0,8274.0,False,False
1101,2022-10-25 11:23:16.269280,-0.0016666666666667052,-0.0016666666666667052,-0.05000000000000071,-0.05000000000000071,29.95,30.0,29.95,30.0,93.0,529.0,22066.0,8274.0,False,False
1101,2022-10-25 11:23:16.520092,-0.0016666666666667052,-0.0016666666666667052,-0.05000000000000071,-0.05000000000000071,29.95,30.0,29.95,30.0,93.0,529.0,22066.0,8274.0,False,False
1101,2022-10-25 11:23:18.109777,-0.0016666666666667052,-0.0016666666666667052,-0.05000000000000071,-0.05000000000000071,29.95,30.0,29.95,30.0,93.0,529.0,21566.0,8244.0,True,True
1101,2022-10-25 11:23:18.161239,-0.0016666666666667052,-0.0016666666666667052,-0.05000000000000071,-0.05000000000000071,29.95,30.0,29.95,30.0,93.0,529.0,21566.0,8244.0,False,False
1101,2022-10-25 11:23:18.170841,-0.0016666666666667052,-0.0016666666666667052,-0.05000000000000071,-0.05000000000000071,29.95,30.0,29.95,30.0,83.0,529.0,21566.0,8244.0,False,False
1101,2022-10-25 11:23:18.941829,-0.0016666666666667052,-0.0016666666666667052,-0.05000000000000071,-0.05000000000000071,29.95,30.0,29.95,30.0,81.0,529.0,21566.0,8244.0,False,False
1101,2022-10-25 11:23:19.273165,-0.0016666666666667052,-0.0016666666666667052,-0.05000000000000071,-0.05000000000000071,29.95,30.0,29.95,30.0,81.0,529.0,21566.0,8244.0,False,False
1101,2022-10-25 11:23:19.299124,-0.0016666666666667052,-0.0016666666666667052,-0.05000000000000071,-0.05000000000000071,29.95,30.0,29.95,30.0,29.0,529.0,21566.0,8244.0,False,False
1101,2022-10-25 11:23:19.355491,-0.0016666666666667052,-0.0016666666666667052,-0.05000000000000071,-0.05000000000000071,29.95,30.0,29.95,30.0,30.0,529.0,21566.0,8244.0,False,False
1101,2022-10-25 11:23:20.107440,-0.0016666666666667052,-0.0016666666666667052,-0.05000000000000071,-0.05000000000000071,29.95,30.0,29.95,30.0,30.0,529.0,21566.0,8244.0,False,False
1101,2022-10-25 11:23:20.197609,-0.0016666666666667052,-0.0016666666666667052,-0.05000000000000071,-0.05000000000000071,29.95,30.0,29.95,30.0,30.0,529.0,21566.0,8244.0,False,False
1101,2022-10-25 11:23:20.850002,-0.0016666666666667052,-0.0016666666666667052,-0.05000000000000071,-0.05000000000000071,29.95,30.0,29.95,30.0,30.0,531.0,21566.0,8244.0,False,False
1101,2022-10-25 11:23:21.366945,-0.0016666666666667052,-0.0016666666666667052,-0.05000000000000071,-0.05000000000000071,29.95,30.0,29.95,30.0,30.0,531.0,21566.0,8244.0,False,False
1101,2022-10-25 11:23:22.567801,-0.0016666666666667052,-0.0016666666666667052,-0.05000000000000071,-0.05000000000000071,29.95,30.0,29.95,30.0,31.0,531.0,21566.0,8244.0,False,False
1101,2022-10-25 11:23:23.848870,-0.0016666666666667052,-0.0016666666666667052,-0.05000000000000071,-0.05000000000000071,29.95,30.0,29.95,30.0,32.0,531.0,21566.0,8244.0,False,False
1101,2022-10-25 11:23:24.426746,-0.0016666666666667052,-0.0016666666666667052,-0.05000000000000071,-0.05000000000000071,29.95,30.0,29.95,30.0,32.0,531.0,21566.0,8244.0,False,False
1101,2022-10-25 11:23:25.030972,-0.0016666666666667052,-0.0016666666666667052,-0.05000000000000071,-0.05000000000000071,29.95,30.0,29.95,30.0,33.0,531.0,21566.0,8244.0,False,False
1101,2022-10-25 11:23:25.445897,-0.0016666666666667052,-0.0016666666666667052,-0.05000000000000071,-0.05000000000000071,29.95,30.0,29.95,30.0,33.0,531.0,21566.0,8244.0,False,False
1101,2022-10-25 11:23:25.562559,-0.0016666666666667052,-0.0016666666666667052,-0.05000000000000071,-0.05000000000000071,29.95,30.0,29.95,30.0,33.0,534.0,21566.0,8244.0,False,False
1101,2022-10-25 11:23:25.882490,-0.0016666666666667052,-0.0016666666666667052,-0.05000000000000071,-0.05000000000000071,29.95,30.0,29.95,30.0,34.0,534.0,21566.0,8244.0,False,False
1101,2022-10-25 11:23:26.638930,-0.0016666666666667052,-0.0016666666666667052,-0.05000000000000071,-0.05000000000000071,29.95,30.0,29.95,30.0,34.0,534.0,21566.0,8244.0,False,False
1101,2022-10-25 11:23:26.733392,-0.0016666666666667052,-0.0016666666666667052,-0.05000000000000071,-0.05000000000000071,29.95,30.0,29.95,30.0,35.0,534.0,21566.0,8244.0,False,False
1101,2022-10-25 11:23:26.765768,-0.0016666666666667052,-0.0016666666666667052,-0.05000000000000071,-0.05000000000000071,29.95,30.0,29.95,30.0,35.0,534.0,21566.0,8244.0,False,False
1101,2022-10-25 11:23:26.883214,-0.0016666666666667052,-0.0016666666666667052,-0.05000000000000071,-0.05000000000000071,29.95,30.0,29.95,30.0,36.0,534.0,21566.0,8244.0,False,False
1101,2022-10-25 11:23:28.144621,-0.0016666666666667052,-0.0016666666666667052,-0.05000000000000071,-0.05000000000000071,29.95,30.0,29.95,30.0,36.0,534.0,21747.0,8074.0,True,True
1101,2022-10-25 11:23:29.184260,-0.0016666666666667052,-0.0016666666666667052,-0.05000000000000071,-0.05000000000000071,29.95,30.0,29.95,30.0,37.0,534.0,21747.0,8074.0,False,False
1101,2022-10-25 11:23:29.444709,-0.0016666666666667052,-0.0016666666666667052,-0.05000000000000071,-0.05000000000000071,29.95,30.0,29.95,30.0,38.0,534.0,21747.0,8074.0,False,False
1101,2022-10-25 11:23:29.643743,-0.0016666666666667052,-0.0016666666666667052,-0.05000000000000071,-0.05000000000000071,29.95,30.0,29.95,30.0,37.0,534.0,21747.0,8074.0,False,False
1101,2022-10-25 11:23:31.383912,-0.0016666666666667052,-0.0016666666666667052,-0.05000000000000071,-0.05000000000000071,29.95,30.0,29.95,30.0,38.0,534.0,21747.0,8074.0,False,False
1101,2022-10-25 11:23:31.552658,-0.0016666666666667052,-0.0016666666666667052,-0.05000000000000071,-0.05000000000000071,29.95,30.0,29.95,30.0,38.0,534.0,21747.0,8074.0,False,False
1101,2022-10-25 11:23:31.965842,-0.0016666666666667052,-0.0016666666666667052,-0.05000000000000071,-0.05000000000000071,29.95,30.0,29.95,30.0,38.0,534.0,21747.0,8074.0,False,False
1101,2022-10-25 11:23:32.239796,-0.0016666666666667052,-0.0016666666666667052,-0.05000000000000071,-0.05000000000000071,29.95,30.0,29.95,30.0,45.0,534.0,21747.0,8074.0,False,False
1101,2022-10-25 11:23:32.587337,-0.0016666666666667052,-0.0016666666666667052,-0.05000000000000071,-0.05000000000000071,29.95,30.0,29.95,30.0,45.0,534.0,21747.0,8074.0,False,False
1101,2022-10-25 11:23:32.615912,-0.0016666666666667052,-0.0016666666666667052,-0.05000000000000071,-0.05000000000000071,29.95,30.0,29.95,30.0,45.0,534.0,21747.0,8074.0,False,False
1101,2022-10-25 11:23:33.059447,-0.0016666666666667052,-0.0016666666666667052,-0.05000000000000071,-0.05000000000000071,29.95,30.0,29.95,30.0,45.0,535.0,21747.0,8074.0,False,False
1101,2022-10-25 11:23:33.065047,-0.0016666666666667052,-0.0016666666666667052,-0.05000000000000071,-0.05000000000000071,29.95,30.0,29.95,30.0,46.0,535.0,21747.0,8074.0,False,False
1101,2022-10-25 11:23:33.678089,-0.0016666666666667052,-0.0016666666666667052,-0.05000000000000071,-0.05000000000000071,29.95,30.0,29.95,30.0,46.0,538.0,21747.0,8074.0,False,False
1101,2022-10-25 11:23:33.797894,-0.0016666666666667052,-0.0016666666666667052,-0.05000000000000071,-0.05000000000000071,29.95,30.0,29.95,30.0,46.0,539.0,21747.0,8074.0,False,False
1101,2022-10-25 11:23:36.100382,-0.0016666666666667052,-0.0016666666666667052,-0.05000000000000071,-0.05000000000000071,29.95,30.0,29.95,30.0,47.0,539.0,21747.0,8074.0,False,False
1101,2022-10-25 11:23:36.501449,-0.0016666666666667052,-0.0016666666666667052,-0.05000000000000071,-0.05000000000000071,29.95,30.0,29.95,30.0,46.0,539.0,21747.0,8074.0,False,False
1101,2022-10-25 11:23:37.035942,-0.0016666666666667052,-0.0016666666666667052,-0.05000000000000071,-0.05000000000000071,29.95,30.0,29.95,30.0,47.0,539.0,21747.0,8074.0,False,False
1101,2022-10-25 11:23:37.835090,-0.0016666666666667052,-0.0016666666666667052,-0.05000000000000071,-0.05000000000000071,29.95,30.0,29.95,30.0,47.0,539.0,21747.0,8074.0,False,False
1101,2022-10-25 11:23:38.184488,-0.0016666666666667052,-0.0016666666666667052,-0.05000000000000071,-0.05000000000000071,29.95,30.0,29.95,30.0,47.0,539.0,22347.0,8064.0,True,True
1101,2022-10-25 11:23:38.629905,-0.0016666666666667052,-0.0016666666666667052,-0.05000000000000071,-0.05000000000000071,29.95,30.0,29.95,30.0,47.0,538.0,22347.0,8064.0,False,False
1101,2022-10-25 11:23:38.687517,-0.0016666666666667052,-0.0016666666666667052,-0.05000000000000071,-0.05000000000000071,29.95,30.0,29.95,30.0,47.0,538.0,22347.0,8064.0,False,False
1101,2022-10-25 11:23:39.655192,-0.0016666666666667052,-0.0016666666666667052,-0.05000000000000071,-0.05000000000000071,29.95,30.0,29.95,30.0,49.0,538.0,22347.0,8064.0,False,False
1101,2022-10-25 11:23:39.990807,-0.0016666666666667052,-0.0016666666666667052,-0.05000000000000071,-0.05000000000000071,29.95,30.0,29.95,30.0,49.0,538.0,22347.0,8064.0,False,False
1101,2022-10-25 11:23:40.818274,-0.0016666666666667052,-0.0016666666666667052,-0.05000000000000071,-0.05000000000000071,29.95,30.0,29.95,30.0,49.0,538.0,22347.0,8064.0,False,False
1101,2022-10-25 11:23:42.259629,-0.0016666666666667052,-0.0016666666666667052,-0.05000000000000071,-0.05000000000000071,29.95,30.0,29.95,30.0,49.0,538.0,22347.0,8064.0,False,False
1101,2022-10-25 11:23:43.739048,-0.0016666666666667052,-0.0016666666666667052,-0.05000000000000071,-0.05000000000000071,29.95,30.0,29.95,30.0,50.0,538.0,22347.0,8064.0,False,False
1101,2022-10-25 11:23:44.769716,-0.0016666666666667052,-0.0016666666666667052,-0.05000000000000071,-0.05000000000000071,29.95,30.0,29.95,30.0,50.0,538.0,22347.0,8064.0,False,False
1101,2022-10-25 11:23:45.893411,-0.0016666666666667052,-0.0016666666666667052,-0.05000000000000071,-0.05000000000000071,29.95,30.0,29.95,30.0,50.0,538.0,22347.0,8064.0,False,False
1101,2022-10-25 11:23:47.707510,-0.0016666666666667052,-0.0016666666666667052,-0.05000000000000071,-0.05000000000000071,29.95,30.0,29.95,30.0,51.0,538.0,22347.0,8064.0,False,False
1101,2022-10-25 11:23:48.127818,-0.0016666666666667052,-0.0016666666666667052,-0.05000000000000071,-0.05000000000000071,29.95,30.0,29.95,30.0,53.0,538.0,22347.0,8064.0,False,False
1101,2022-10-25 11:23:48.241972,-0.0016666666666667052,-0.0016666666666667052,-0.05000000000000071,-0.05000000000000071,29.95,30.0,29.95,30.0,53.0,538.0,22447.0,7953.0,True,True
1101,2022-10-25 11:23:48.988364,-0.0016666666666667052,-0.0016666666666667052,-0.05000000000000071,-0.05000000000000071,29.95,30.0,29.95,30.0,53.0,541.0,22447.0,7953.0,False,False
1101,2022-10-25 11:23:49.535386,-0.0016666666666667052,-0.0016666666666667052,-0.05000000000000071,-0.05000000000000071,29.95,30.0,29.95,30.0,54.0,541.0,22447.0,7953.0,False,False
1101,2022-10-25 11:23:49.965921,-0.0016666666666667052,-0.0016666666666667052,-0.05000000000000071,-0.05000000000000071,29.95,30.0,29.95,30.0,74.0,541.0,22447.0,7953.0,False,False
1101,2022-10-25 11:23:49.968919,-0.0016666666666667052,-0.0016666666666667052,-0.05000000000000071,-0.05000000000000071,29.95,30.0,29.95,30.0,75.0,541.0,22447.0,7953.0,False,False
1101,2022-10-25 11:23:50.397287,-0.0016666666666667052,-0.0016666666666667052,-0.05000000000000071,-0.05000000000000071,29.95,30.0,29.95,30.0,75.0,541.0,22447.0,7953.0,False,False
1101,2022-10-25 11:23:50.856335,-0.0016666666666667052,-0.0016666666666667052,-0.05000000000000071,-0.05000000000000071,29.95,30.0,29.95,30.0,75.0,541.0,22447.0,7953.0,False,False
1101,2022-10-25 11:23:51.468862,-0.0016666666666667052,-0.0016666666666667052,-0.05000000000000071,-0.05000000000000071,29.95,30.0,29.95,30.0,75.0,540.0,22447.0,7953.0,False,False
1101,2022-10-25 11:23:51.616542,-0.0016666666666667052,-0.0016666666666667052,-0.05000000000000071,-0.05000000000000071,29.95,30.0,29.95,30.0,75.0,540.0,22447.0,7953.0,False,False
1101,2022-10-25 11:23:52.023728,-0.0016666666666667052,-0.0016666666666667052,-0.05000000000000071,-0.05000000000000071,29.95,30.0,29.95,30.0,75.0,540.0,22447.0,7953.0,False,False
1101,2022-10-25 11:23:52.503279,-0.0016666666666667052,-0.0016666666666667052,-0.05000000000000071,-0.05000000000000071,29.95,30.0,29.95,30.0,80.0,540.0,22447.0,7953.0,False,False
1101,2022-10-25 11:23:52.586392,-0.0016666666666667052,-0.0016666666666667052,-0.05000000000000071,-0.05000000000000071,29.95,30.0,29.95,30.0,80.0,540.0,22447.0,7953.0,False,False
1101,2022-10-25 11:23:52.690698,-0.0016666666666667052,-0.0016666666666667052,-0.05000000000000071,-0.05000000000000071,29.95,30.0,29.95,30.0,85.0,540.0,22447.0,7953.0,False,False
1101,2022-10-25 11:23:52.736532,-0.0016666666666667052,-0.0016666666666667052,-0.05000000000000071,-0.05000000000000071,29.95,30.0,29.95,30.0,86.0,540.0,22447.0,7953.0,False,False
1101,2022-10-25 11:23:53.042384,-0.0016666666666667052,-0.0016666666666667052,-0.05000000000000071,-0.05000000000000071,29.95,30.0,29.95,30.0,86.0,540.0,22447.0,7953.0,False,False
1101,2022-10-25 11:23:53.408354,-0.0016666666666667052,-0.0016666666666667052,-0.05000000000000071,-0.05000000000000071,29.95,30.0,29.95,30.0,86.0,540.0,22447.0,7953.0,False,False
1101,2022-10-25 11:23:54.206091,-0.0016666666666667052,-0.0016666666666667052,-0.05000000000000071,-0.05000000000000071,29.95,30.0,29.95,30.0,86.0,540.0,22447.0,7953.0,False,False
1101,2022-10-25 11:23:54.208917,-0.0016666666666667052,-0.0016666666666667052,-0.05000000000000071,-0.05000000000000071,29.95,30.0,29.95,30.0,86.0,544.0,22447.0,7953.0,False,False
1101,2022-10-25 11:23:55.957359,-0.0016666666666667052,-0.0016666666666667052,-0.05000000000000071,-0.05000000000000071,29.95,30.0,29.95,30.0,86.0,544.0,22447.0,7953.0,False,False
1101,2022-10-25 11:23:56.709231,-0.0016666666666667052,-0.0016666666666667052,-0.05000000000000071,-0.05000000000000071,29.95,30.0,29.95,30.0,87.0,544.0,22447.0,7953.0,False,False
1101,2022-10-25 11:23:56.912792,-0.0016666666666667052,-0.0016666666666667052,-0.05000000000000071,-0.05000000000000071,29.95,30.0,29.95,30.0,87.0,544.0,22447.0,7953.0,False,False
1101,2022-10-25 11:23:57.681251,-0.0016666666666667052,-0.0016666666666667052,-0.05000000000000071,-0.05000000000000071,29.95,30.0,29.95,30.0,87.0,544.0,22447.0,7953.0,False,False
1101,2022-10-25 11:23:58.026575,-0.0016666666666667052,-0.0016666666666667052,-0.05000000000000071,-0.05000000000000071,29.95,30.0,29.95,30.0,88.0,544.0,22447.0,7953.0,False,False
1101,2022-10-25 11:23:58.193092,-0.0016666666666667052,-0.0016666666666667052,-0.05000000000000071,-0.05000000000000071,29.95,30.0,29.95,30.0,90.0,544.0,22447.0,7953.0,False,False
1101,2022-10-25 11:23:58.280131,-0.0016666666666667052,-0.0016666666666667052,-0.05000000000000071,-0.05000000000000071,29.95,30.0,29.95,30.0,90.0,544.0,22568.0,7687.0,True,True
1101,2022-10-25 11:23:58.638098,-0.0016666666666667052,-0.0016666666666667052,-0.05000000000000071,-0.05000000000000071,29.95,30.0,29.95,30.0,91.0,544.0,22568.0,7687.0,False,False
1101,2022-10-25 11:23:59.048939,-0.0016666666666667052,-0.0016666666666667052,-0.05000000000000071,-0.05000000000000071,29.95,30.0,29.95,30.0,91.0,544.0,22568.0,7687.0,False,False
1101,2022-10-25 11:23:59.480915,-0.0016666666666667052,-0.0016666666666667052,-0.05000000000000071,-0.05000000000000071,29.95,30.0,29.95,30.0,92.0,544.0,22568.0,7687.0,False,False
1101,2022-10-25 11:24:00.899981,-0.0016666666666667052,-0.0016666666666667052,-0.05000000000000071,-0.05000000000000071,29.95,30.0,29.95,30.0,92.0,544.0,22568.0,7687.0,False,False
1101,2022-10-25 11:24:01.616823,-0.0016666666666667052,-0.0016666666666667052,-0.05000000000000071,-0.05000000000000071,29.95,30.0,29.95,30.0,92.0,544.0,22568.0,7687.0,False,False
1101,2022-10-25 11:24:01.697548,-0.0016666666666667052,-0.0016666666666667052,-0.05000000000000071,-0.05000000000000071,29.95,30.0,29.95,30.0,92.0,544.0,22568.0,7687.0,False,False
1101,2022-10-25 11:24:01.955604,-0.0016666666666667052,-0.0016666666666667052,-0.05000000000000071,-0.05000000000000071,29.95,30.0,29.95,30.0,92.0,544.0,22568.0,7687.0,False,False
1101,2022-10-25 11:24:02.895369,-0.0016666666666667052,-0.0016666666666667052,-0.05000000000000071,-0.05000000000000071,29.95,30.0,29.95,30.0,92.0,544.0,22568.0,7687.0,False,False
1101,2022-10-25 11:24:03.301227,-0.0016666666666667052,-0.0016666666666667052,-0.05000000000000071,-0.05000000000000071,29.95,30.0,29.95,30.0,93.0,544.0,22568.0,7687.0,False,False
1101,2022-10-25 11:24:04.691024,-0.0016666666666667052,-0.0016666666666667052,-0.05000000000000071,-0.05000000000000071,29.95,30.0,29.95,30.0,95.0,544.0,22568.0,7687.0,False,False
1101,2022-10-25 11:24:05.290634,-0.0016666666666667052,-0.0016666666666667052,-0.05000000000000071,-0.05000000000000071,29.95,30.0,29.95,30.0,96.0,544.0,22568.0,7687.0,False,False
1101,2022-10-25 11:24:05.750453,-0.0016666666666667052,-0.0016666666666667052,-0.05000000000000071,-0.05000000000000071,29.95,30.0,29.95,30.0,97.0,544.0,22568.0,7687.0,False,False
1101,2022-10-25 11:24:05.769287,-0.0016666666666667052,-0.0016666666666667052,-0.05000000000000071,-0.05000000000000071,29.95,30.0,29.95,30.0,98.0,544.0,22568.0,7687.0,False,False
1101,2022-10-25 11:24:06.314300,-0.0016666666666667052,-0.0016666666666667052,-0.05000000000000071,-0.05000000000000071,29.95,30.0,29.95,30.0,98.0,544.0,22568.0,7687.0,False,False
1101,2022-10-25 11:24:07.211673,-0.0016666666666667052,-0.0016666666666667052,-0.05000000000000071,-0.05000000000000071,29.95,30.0,29.95,30.0,98.0,544.0,22568.0,7687.0,False,False
1101,2022-10-25 11:24:08.220362,-0.0016666666666667052,-0.0016666666666667052,-0.05000000000000071,-0.05000000000000071,29.95,30.0,29.95,30.0,98.0,544.0,22568.0,7687.0,False,False
1101,2022-10-25 11:24:08.319237,-0.0016666666666667052,-0.0016666666666667052,-0.05000000000000071,-0.05000000000000071,29.95,30.0,29.95,30.0,98.0,544.0,22756.0,7603.0,True,True
1101,2022-10-25 11:24:08.353623,-0.0016666666666667052,-0.0016666666666667052,-0.05000000000000071,-0.05000000000000071,29.95,30.0,29.95,30.0,98.0,544.0,22756.0,7603.0,False,False
1101,2022-10-25 11:24:08.840889,-0.0016666666666667052,-0.0016666666666667052,-0.05000000000000071,-0.05000000000000071,29.95,30.0,29.95,30.0,99.0,544.0,22756.0,7603.0,False,False
1101,2022-10-25 11:24:10.439848,-0.0016666666666667052,-0.0016666666666667052,-0.05000000000000071,-0.05000000000000071,29.95,30.0,29.95,30.0,102.0,544.0,22756.0,7603.0,False,False
1101,2022-10-25 11:24:11.323164,-0.0016666666666667052,-0.0016666666666667052,-0.05000000000000071,-0.05000000000000071,29.95,30.0,29.95,30.0,104.0,544.0,22756.0,7603.0,False,False
1101,2022-10-25 11:24:11.725317,-0.0016666666666667052,-0.0016666666666667052,-0.05000000000000071,-0.05000000000000071,29.95,30.0,29.95,30.0,104.0,544.0,22756.0,7603.0,False,False
1101,2022-10-25 11:24:11.769394,-0.0016666666666667052,-0.0016666666666667052,-0.05000000000000071,-0.05000000000000071,29.95,30.0,29.95,30.0,105.0,544.0,22756.0,7603.0,False,False
1101,2022-10-25 11:24:12.006705,-0.0016666666666667052,-0.0016666666666667052,-0.05000000000000071,-0.05000000000000071,29.95,30.0,29.95,30.0,105.0,544.0,22756.0,7603.0,False,False
1101,2022-10-25 11:24:12.248730,-0.0016666666666667052,-0.0016666666666667052,-0.05000000000000071,-0.05000000000000071,29.95,30.0,29.95,30.0,105.0,544.0,22756.0,7603.0,False,False
1101,2022-10-25 11:24:12.359008,-0.0016666666666667052,-0.0016666666666667052,-0.05000000000000071,-0.05000000000000071,29.95,30.0,29.95,30.0,105.0,547.0,22756.0,7603.0,False,False
1101,2022-10-25 11:24:13.618043,-0.0016666666666667052,-0.0016666666666667052,-0.05000000000000071,-0.05000000000000071,29.95,30.0,29.95,30.0,105.0,546.0,22756.0,7603.0,False,False
1101,2022-10-25 11:24:13.630975,-0.0016666666666667052,-0.0016666666666667052,-0.05000000000000071,-0.05000000000000071,29.95,30.0,29.95,30.0,105.0,546.0,22756.0,7603.0,False,False
1101,2022-10-25 11:24:15.569855,-0.0016666666666667052,-0.0016666666666667052,-0.05000000000000071,-0.05000000000000071,29.95,30.0,29.95,30.0,110.0,546.0,22756.0,7603.0,False,False
1101,2022-10-25 11:24:15.635849,-0.0016666666666667052,-0.0016666666666667052,-0.05000000000000071,-0.05000000000000071,29.95,30.0,29.95,30.0,110.0,546.0,22756.0,7603.0,False,False
1101,2022-10-25 11:24:15.752357,-0.0016666666666667052,-0.0016666666666667052,-0.05000000000000071,-0.05000000000000071,29.95,30.0,29.95,30.0,110.0,546.0,22756.0,7603.0,False,False
1101,2022-10-25 11:24:15.765844,-0.0016666666666667052,-0.0016666666666667052,-0.05000000000000071,-0.05000000000000071,29.95,30.0,29.95,30.0,110.0,546.0,22756.0,7603.0,False,False
1101,2022-10-25 11:24:17.458751,-0.0016666666666667052,-0.0016666666666667052,-0.05000000000000071,-0.05000000000000071,29.95,30.0,29.95,30.0,111.0,546.0,22756.0,7603.0,False,False
1101,2022-10-25 11:24:17.551448,-0.0016666666666667052,-0.0016666666666667052,-0.05000000000000071,-0.05000000000000071,29.95,30.0,29.95,30.0,112.0,546.0,22756.0,7603.0,False,False
1101,2022-10-25 11:24:18.357412,-0.0016666666666667052,-0.0016666666666667052,-0.05000000000000071,-0.05000000000000071,29.95,30.0,29.95,30.0,112.0,546.0,23056.0,7553.0,True,True
1101,2022-10-25 11:24:18.870896,-0.0016666666666667052,-0.0016666666666667052,-0.05000000000000071,-0.05000000000000071,29.95,30.0,29.95,30.0,113.0,546.0,23056.0,7553.0,False,False
1101,2022-10-25 11:24:19.045570,-0.0016666666666667052,-0.0016666666666667052,-0.05000000000000071,-0.05000000000000071,29.95,30.0,29.95,30.0,113.0,549.0,23056.0,7553.0,False,False
1101,2022-10-25 11:24:19.257991,-0.0016666666666667052,-0.0016666666666667052,-0.05000000000000071,-0.05000000000000071,29.95,30.0,29.95,30.0,114.0,549.0,23056.0,7553.0,False,False
1101,2022-10-25 11:24:19.267396,-0.0016666666666667052,-0.0016666666666667052,-0.05000000000000071,-0.05000000000000071,29.95,30.0,29.95,30.0,114.0,548.0,23056.0,7553.0,False,False
1101,2022-10-25 11:24:19.751051,-0.0016666666666667052,-0.0016666666666667052,-0.05000000000000071,-0.05000000000000071,29.95,30.0,29.95,30.0,119.0,548.0,23056.0,7553.0,False,False
1101,2022-10-25 11:24:22.079047,-0.0016666666666667052,-0.0016666666666667052,-0.05000000000000071,-0.05000000000000071,29.95,30.0,29.95,30.0,118.0,548.0,23056.0,7553.0,False,False
1101,2022-10-25 11:24:23.081958,-0.0016666666666667052,-0.0016666666666667052,-0.05000000000000071,-0.05000000000000071,29.95,30.0,29.95,30.0,119.0,548.0,23056.0,7553.0,False,False
1101,2022-10-25 11:24:23.776791,-0.0016666666666667052,-0.0016666666666667052,-0.05000000000000071,-0.05000000000000071,29.95,30.0,29.95,30.0,120.0,548.0,23056.0,7553.0,False,False
1101,2022-10-25 11:24:23.949201,-0.0016666666666667052,-0.0016666666666667052,-0.05000000000000071,-0.05000000000000071,29.95,30.0,29.95,30.0,122.0,548.0,23056.0,7553.0,False,False
1101,2022-10-25 11:24:23.965196,-0.0016666666666667052,-0.0016666666666667052,-0.05000000000000071,-0.05000000000000071,29.95,30.0,29.95,30.0,123.0,548.0,23056.0,7553.0,False,False
1101,2022-10-25 11:24:24.656609,-0.0016666666666667052,-0.0016666666666667052,-0.05000000000000071,-0.05000000000000071,29.95,30.0,29.95,30.0,123.0,548.0,23056.0,7553.0,False,False
1101,2022-10-25 11:24:24.702630,-0.0016666666666667052,-0.0016666666666667052,-0.05000000000000071,-0.05000000000000071,29.95,30.0,29.95,30.0,123.0,548.0,23056.0,7553.0,False,False
1101,2022-10-25 11:24:25.367031,-0.0016666666666667052,-0.0016666666666667052,-0.05000000000000071,-0.05000000000000071,29.95,30.0,29.95,30.0,123.0,548.0,23056.0,7553.0,False,False
1101,2022-10-25 11:24:26.804191,-0.0016666666666667052,-0.0016666666666667052,-0.05000000000000071,-0.05000000000000071,29.95,30.0,29.95,30.0,123.0,548.0,23056.0,7553.0,False,False
1101,2022-10-25 11:24:28.394445,-0.0016666666666667052,-0.0016666666666667052,-0.05000000000000071,-0.05000000000000071,29.95,30.0,29.95,30.0,123.0,548.0,22950.0,7247.0,True,True
1101,2022-10-25 11:24:28.756864,-0.0016666666666667052,-0.0016666666666667052,-0.05000000000000071,-0.05000000000000071,29.95,30.0,29.95,30.0,124.0,548.0,22950.0,7247.0,False,False
1101,2022-10-25 11:24:29.645238,-0.0016666666666667052,-0.0016666666666667052,-0.05000000000000071,-0.05000000000000071,29.95,30.0,29.95,30.0,125.0,548.0,22950.0,7247.0,False,False
1101,2022-10-25 11:24:30.955772,-0.0016666666666667052,-0.0016666666666667052,-0.05000000000000071,-0.05000000000000071,29.95,30.0,29.95,30.0,125.0,547.0,22950.0,7247.0,False,False
1101,2022-10-25 11:24:31.344711,-0.0016666666666667052,-0.0016666666666667052,-0.05000000000000071,-0.05000000000000071,29.95,30.0,29.95,30.0,127.0,547.0,22950.0,7247.0,False,False
1101,2022-10-25 11:24:31.822111,-0.0016666666666667052,-0.0016666666666667052,-0.05000000000000071,-0.05000000000000071,29.95,30.0,29.95,30.0,127.0,547.0,22950.0,7247.0,False,False
1101,2022-10-25 11:24:33.386812,-0.0016666666666667052,-0.0016666666666667052,-0.05000000000000071,-0.05000000000000071,29.95,30.0,29.95,30.0,132.0,547.0,22950.0,7247.0,False,False
1101,2022-10-25 11:24:34.715401,-0.0016666666666667052,-0.0016666666666667052,-0.05000000000000071,-0.05000000000000071,29.95,30.0,29.95,30.0,132.0,547.0,22950.0,7247.0,False,False
1101,2022-10-25 11:24:36.818393,-0.0016666666666667052,-0.0016666666666667052,-0.05000000000000071,-0.05000000000000071,29.95,30.0,29.95,30.0,132.0,542.0,22950.0,7247.0,False,False
1101,2022-10-25 11:24:38.437728,-0.0016666666666667052,-0.0016666666666667052,-0.05000000000000071,-0.05000000000000071,29.95,30.0,29.95,30.0,132.0,542.0,23786.0,7214.0,True,True
1101,2022-10-25 11:24:39.364933,-0.0016666666666667052,-0.0016666666666667052,-0.05000000000000071,-0.05000000000000071,29.95,30.0,29.95,30.0,133.0,542.0,23786.0,7214.0,False,False
1101,2022-10-25 11:24:40.307868,-0.0016666666666667052,-0.0016666666666667052,-0.05000000000000071,-0.05000000000000071,29.95,30.0,29.95,30.0,134.0,542.0,23786.0,7214.0,False,False
1101,2022-10-25 11:24:40.842577,-0.0016666666666667052,-0.0016666666666667052,-0.05000000000000071,-0.05000000000000071,29.95,30.0,29.95,30.0,134.0,542.0,23786.0,7214.0,False,False
1101,2022-10-25 11:24:42.518296,-0.0016666666666667052,-0.0016666666666667052,-0.05000000000000071,-0.05000000000000071,29.95,30.0,29.95,30.0,136.0,542.0,23786.0,7214.0,False,False
1101,2022-10-25 11:24:43.589742,-0.0016666666666667052,-0.0016666666666667052,-0.05000000000000071,-0.05000000000000071,29.95,30.0,29.95,30.0,136.0,542.0,23786.0,7214.0,False,False
1101,2022-10-25 11:24:43.640607,-0.0016666666666667052,-0.0016666666666667052,-0.05000000000000071,-0.05000000000000071,29.95,30.0,29.95,30.0,137.0,544.0,23786.0,7214.0,False,False
1101,2022-10-25 11:24:44.684968,-0.0016666666666667052,-0.0016666666666667052,-0.05000000000000071,-0.05000000000000071,29.95,30.0,29.95,30.0,142.0,544.0,23786.0,7214.0,False,False
1101,2022-10-25 11:24:44.845900,-0.0016666666666667052,-0.0016666666666667052,-0.05000000000000071,-0.05000000000000071,29.95,30.0,29.95,30.0,142.0,547.0,23786.0,7214.0,False,False
1101,2022-10-25 11:24:45.476048,-0.0016666666666667052,-0.0016666666666667052,-0.05000000000000071,-0.05000000000000071,29.95,30.0,29.95,30.0,144.0,547.0,23786.0,7214.0,False,False
1101,2022-10-25 11:24:45.806730,-0.0016666666666667052,-0.0016666666666667052,-0.05000000000000071,-0.05000000000000071,29.95,30.0,29.95,30.0,144.0,529.0,23786.0,7214.0,False,False
1101,2022-10-25 11:24:46.579262,-0.0016666666666667052,-0.0016666666666667052,-0.05000000000000071,-0.05000000000000071,29.95,30.0,29.95,30.0,145.0,529.0,23786.0,7214.0,False,False
1101,2022-10-25 11:24:46.725114,-0.0016666666666667052,-0.0016666666666667052,-0.05000000000000071,-0.05000000000000071,29.95,30.0,29.95,30.0,145.0,525.0,23786.0,7214.0,False,False
1101,2022-10-25 11:24:48.160597,-0.0016666666666667052,-0.0016666666666667052,-0.05000000000000071,-0.05000000000000071,29.95,30.0,29.95,30.0,145.0,528.0,23786.0,7214.0,False,False
1101,2022-10-25 11:24:48.475869,-0.0016666666666667052,-0.0016666666666667052,-0.05000000000000071,-0.05000000000000071,29.95,30.0,29.95,30.0,145.0,528.0,23786.0,6464.0,True,True
1101,2022-10-25 11:24:49.596087,-0.0016666666666667052,-0.0016666666666667052,-0.05000000000000071,-0.05000000000000071,29.95,30.0,29.95,30.0,147.0,528.0,23786.0,6464.0,False,False
1101,2022-10-25 11:24:49.952451,-0.0016666666666667052,-0.0016666666666667052,-0.05000000000000071,-0.05000000000000071,29.95,30.0,29.95,30.0,147.0,518.0,23786.0,6464.0,False,False
1101,2022-10-25 11:24:50.886149,-0.0016666666666667052,-0.0016666666666667052,-0.05000000000000071,-0.05000000000000071,29.95,30.0,29.95,30.0,145.0,518.0,23786.0,6464.0,False,False
1101,2022-10-25 11:24:51.596061,-0.0016666666666667052,-0.0016666666666667052,-0.05000000000000071,-0.05000000000000071,29.95,30.0,29.95,30.0,145.0,518.0,23786.0,6464.0,False,False
1101,2022-10-25 11:24:52.569744,-0.0016666666666667052,-0.0016666666666667052,-0.05000000000000071,-0.05000000000000071,29.95,30.0,29.95,30.0,147.0,518.0,23786.0,6464.0,False,False
1101,2022-10-25 11:24:53.619427,-0.0016666666666667052,-0.0016666666666667052,-0.05000000000000071,-0.05000000000000071,29.95,30.0,29.95,30.0,147.0,518.0,23786.0,6464.0,False,False
1101,2022-10-25 11:24:55.305317,-0.0016666666666667052,-0.0016666666666667052,-0.05000000000000071,-0.05000000000000071,29.95,30.0,29.95,30.0,147.0,518.0,23786.0,6464.0,False,False
1101,2022-10-25 11:24:56.751031,-0.0016666666666667052,-0.0016666666666667052,-0.05000000000000071,-0.05000000000000071,29.95,30.0,29.95,30.0,146.0,518.0,23786.0,6464.0,False,False
1101,2022-10-25 11:24:57.862302,-0.0016666666666667052,-0.0016666666666667052,-0.05000000000000071,-0.05000000000000071,29.95,30.0,29.95,30.0,147.0,518.0,23786.0,6464.0,False,False
1101,2022-10-25 11:24:58.392302,-0.0016666666666667052,-0.0016666666666667052,-0.05000000000000071,-0.05000000000000071,29.95,30.0,29.95,30.0,149.0,518.0,23786.0,6464.0,False,False
1101,2022-10-25 11:24:58.401154,-0.0016666666666667052,-0.0016666666666667052,-0.05000000000000071,-0.05000000000000071,29.95,30.0,29.95,30.0,149.0,518.0,23786.0,6464.0,False,False
1101,2022-10-25 11:24:58.522002,-0.0016666666666667052,-0.0016666666666667052,-0.05000000000000071,-0.05000000000000071,29.95,30.0,29.95,30.0,149.0,516.0,23786.0,6464.0,False,False
1101,2022-10-25 11:24:58.561133,-0.0016666666666667052,-0.0016666666666667052,-0.05000000000000071,-0.05000000000000071,29.95,30.0,29.95,30.0,229.0,516.0,23786.0,6464.0,False,False
1101,2022-10-25 11:24:58.649915,-0.0016666666666667052,-0.0016666666666667052,-0.05000000000000071,-0.05000000000000071,29.95,30.0,29.95,30.0,229.0,516.0,23585.0,6309.0,True,True
1101,2022-10-25 11:24:59.097407,-0.0016666666666667052,-0.0016666666666667052,-0.05000000000000071,-0.05000000000000071,29.95,30.0,29.95,30.0,228.0,515.0,23585.0,6309.0,False,False
1101,2022-10-25 11:24:59.190190,-0.0016666666666667052,-0.0016666666666667052,-0.05000000000000071,-0.05000000000000071,29.95,30.0,29.95,30.0,229.0,515.0,23585.0,6309.0,False,False
1101,2022-10-25 11:24:59.891112,-0.0016666666666667052,-0.0016666666666667052,-0.05000000000000071,-0.05000000000000071,29.95,30.0,29.95,30.0,230.0,515.0,23585.0,6309.0,False,False
1101,2022-10-25 11:25:01.468750,-0.0016666666666667052,-0.0016666666666667052,-0.05000000000000071,-0.05000000000000071,29.95,30.0,29.95,30.0,231.0,515.0,23585.0,6309.0,False,False
1101,2022-10-25 11:25:01.580794,-0.0016666666666667052,-0.0016666666666667052,-0.05000000000000071,-0.05000000000000071,29.95,30.0,29.95,30.0,231.0,510.0,23585.0,6309.0,False,False
1101,2022-10-25 11:25:01.766165,-0.0016666666666667052,-0.0016666666666667052,-0.05000000000000071,-0.05000000000000071,29.95,30.0,29.95,30.0,231.0,505.0,23585.0,6309.0,False,False
1101,2022-10-25 11:25:01.937588,-0.0016666666666667052,-0.0016666666666667052,-0.05000000000000071,-0.05000000000000071,29.95,30.0,29.95,30.0,231.0,500.0,23585.0,6309.0,False,False
1101,2022-10-25 11:25:02.106582,-0.0016666666666667052,-0.0016666666666667052,-0.05000000000000071,-0.05000000000000071,29.95,30.0,29.95,30.0,231.0,495.0,23585.0,6309.0,False,False
1101,2022-10-25 11:25:02.277552,-0.0016666666666667052,-0.0016666666666667052,-0.05000000000000071,-0.05000000000000071,29.95,30.0,29.95,30.0,231.0,490.0,23585.0,6309.0,False,False
1101,2022-10-25 11:25:02.330981,-0.0016666666666667052,-0.0016666666666667052,-0.05000000000000071,-0.05000000000000071,29.95,30.0,29.95,30.0,231.0,489.0,23585.0,6309.0,False,False
1101,2022-10-25 11:25:02.412067,-0.0016666666666667052,-0.0016666666666667052,-0.05000000000000071,-0.05000000000000071,29.95,30.0,29.95,30.0,231.0,484.0,23585.0,6309.0,False,False
1101,2022-10-25 11:25:02.561930,-0.0016666666666667052,-0.0016666666666667052,-0.05000000000000071,-0.05000000000000071,29.95,30.0,29.95,30.0,231.0,479.0,23585.0,6309.0,False,False
1101,2022-10-25 11:25:02.719266,-0.0016666666666667052,-0.0016666666666667052,-0.05000000000000071,-0.05000000000000071,29.95,30.0,29.95,30.0,231.0,474.0,23585.0,6309.0,False,False
1101,2022-10-25 11:25:02.860437,-0.0016666666666667052,-0.0016666666666667052,-0.05000000000000071,-0.05000000000000071,29.95,30.0,29.95,30.0,231.0,469.0,23585.0,6309.0,False,False
1101,2022-10-25 11:25:03.028808,-0.0016666666666667052,-0.0016666666666667052,-0.05000000000000071,-0.05000000000000071,29.95,30.0,29.95,30.0,231.0,464.0,23585.0,6309.0,False,False
1101,2022-10-25 11:25:03.197670,-0.0016666666666667052,-0.0016666666666667052,-0.05000000000000071,-0.05000000000000071,29.95,30.0,29.95,30.0,231.0,459.0,23585.0,6309.0,False,False
1101,2022-10-25 11:25:03.328143,-0.0016666666666667052,-0.0016666666666667052,-0.05000000000000071,-0.05000000000000071,29.95,30.0,29.95,30.0,231.0,454.0,23585.0,6309.0,False,False
1101,2022-10-25 11:25:03.562313,-0.0016666666666667052,-0.0016666666666667052,-0.05000000000000071,-0.05000000000000071,29.95,30.0,29.95,30.0,231.0,449.0,23585.0,6309.0,False,False
1101,2022-10-25 11:25:04.242212,-0.0016666666666667052,-0.0016666666666667052,-0.05000000000000071,-0.05000000000000071,29.95,30.0,29.95,30.0,231.0,444.0,23585.0,6309.0,False,False
1101,2022-10-25 11:25:04.323840,-0.0016666666666667052,-0.0016666666666667052,-0.05000000000000071,-0.05000000000000071,29.95,30.0,29.95,30.0,231.0,444.0,23585.0,6309.0,False,False
1101,2022-10-25 11:25:04.392353,-0.0016666666666667052,-0.0016666666666667052,-0.05000000000000071,-0.05000000000000071,29.95,30.0,29.95,30.0,231.0,444.0,23585.0,6309.0,False,False
1101,2022-10-25 11:25:04.568441,-0.0016666666666667052,-0.0016666666666667052,-0.05000000000000071,-0.05000000000000071,29.95,30.0,29.95,30.0,231.0,439.0,23585.0,6309.0,False,False
1101,2022-10-25 11:25:04.755810,-0.0016666666666667052,-0.0016666666666667052,-0.05000000000000071,-0.05000000000000071,29.95,30.0,29.95,30.0,231.0,434.0,23585.0,6309.0,False,False
1101,2022-10-25 11:25:04.964184,-0.0016666666666667052,-0.0016666666666667052,-0.05000000000000071,-0.05000000000000071,29.95,30.0,29.95,30.0,231.0,429.0,23585.0,6309.0,False,False
1101,2022-10-25 11:25:05.133390,-0.0016666666666667052,-0.0016666666666667052,-0.05000000000000071,-0.05000000000000071,29.95,30.0,29.95,30.0,231.0,424.0,23585.0,6309.0,False,False
1101,2022-10-25 11:25:05.333935,-0.0016666666666667052,-0.0016666666666667052,-0.05000000000000071,-0.05000000000000071,29.95,30.0,29.95,30.0,231.0,419.0,23585.0,6309.0,False,False
1101,2022-10-25 11:25:06.097355,-0.0016666666666667052,-0.0016666666666667052,-0.05000000000000071,-0.05000000000000071,29.95,30.0,29.95,30.0,233.0,419.0,23585.0,6309.0,False,False
1101,2022-10-25 11:25:06.125360,-0.0016666666666667052,-0.0016666666666667052,-0.05000000000000071,-0.05000000000000071,29.95,30.0,29.95,30.0,233.0,414.0,23585.0,6309.0,False,False
1101,2022-10-25 11:25:06.883574,-0.0016666666666667052,-0.0016666666666667052,-0.05000000000000071,-0.05000000000000071,29.95,30.0,29.95,30.0,235.0,414.0,23585.0,6309.0,False,False
1101,2022-10-25 11:25:06.981156,-0.0016666666666667052,-0.0016666666666667052,-0.05000000000000071,-0.05000000000000071,29.95,30.0,29.95,30.0,235.0,414.0,23585.0,6309.0,False,False
1101,2022-10-25 11:25:07.537189,-0.0016666666666667052,-0.0016666666666667052,-0.05000000000000071,-0.05000000000000071,29.95,30.0,29.95,30.0,238.0,414.0,23585.0,6309.0,False,False
1101,2022-10-25 11:25:07.622105,-0.0016666666666667052,-0.0016666666666667052,-0.05000000000000071,-0.05000000000000071,29.95,30.0,29.95,30.0,238.0,413.0,23585.0,6309.0,False,False
1101,2022-10-25 11:25:07.836853,-0.0016666666666667052,-0.0016666666666667052,-0.05000000000000071,-0.05000000000000071,29.95,30.0,29.95,30.0,238.0,413.0,23585.0,6113.0,False,True
1101,2022-10-25 11:25:07.931018,-0.0016666666666667052,-0.0016666666666667052,-0.05000000000000071,-0.05000000000000071,29.95,30.0,29.95,30.0,238.0,413.0,23585.0,6113.0,False,False
1101,2022-10-25 11:25:08.110528,-0.0016666666666667052,-0.0016666666666667052,-0.05000000000000071,-0.05000000000000071,29.95,30.0,29.95,30.0,238.0,413.0,23585.0,6113.0,False,False
1101,2022-10-25 11:25:08.210802,-0.0016666666666667052,-0.0016666666666667052,-0.05000000000000071,-0.05000000000000071,29.95,30.0,29.95,30.0,238.0,413.0,23585.0,6113.0,False,False
1101,2022-10-25 11:25:08.213307,-0.0016666666666667052,-0.0016666666666667052,-0.05000000000000071,-0.05000000000000071,29.95,30.0,29.95,30.0,238.0,413.0,23585.0,6113.0,False,False
1101,2022-10-25 11:25:09.990771,-0.0016666666666667052,-0.0016666666666667052,-0.05000000000000071,-0.05000000000000071,29.95,30.0,29.95,30.0,238.0,413.0,23585.0,6113.0,False,False
1101,2022-10-25 11:25:10.911630,-0.0016666666666667052,-0.0016666666666667052,-0.05000000000000071,-0.05000000000000071,29.95,30.0,29.95,30.0,238.0,408.0,23585.0,6113.0,False,False
1101,2022-10-25 11:25:10.962649,-0.0016666666666667052,-0.0016666666666667052,-0.05000000000000071,-0.05000000000000071,29.95,30.0,29.95,30.0,238.0,411.0,23585.0,6113.0,False,False
1101,2022-10-25 11:25:12.044903,-0.0016666666666667052,-0.0016666666666667052,-0.05000000000000071,-0.05000000000000071,29.95,30.0,29.95,30.0,238.0,411.0,23585.0,6113.0,False,False
1101,2022-10-25 11:25:12.295364,-0.0016666666666667052,-0.0016666666666667052,-0.05000000000000071,-0.05000000000000071,29.95,30.0,29.95,30.0,238.0,411.0,23585.0,6113.0,False,False
1101,2022-10-25 11:25:12.560034,-0.0016666666666667052,-0.0016666666666667052,-0.05000000000000071,-0.05000000000000071,29.95,30.0,29.95,30.0,238.0,411.0,23585.0,6113.0,False,False
1101,2022-10-25 11:25:12.743349,-0.0016666666666667052,-0.0016666666666667052,-0.05000000000000071,-0.05000000000000071,29.95,30.0,29.95,30.0,238.0,411.0,23585.0,6113.0,False,False
1101,2022-10-25 11:25:12.747107,-0.0016666666666667052,-0.0016666666666667052,-0.05000000000000071,-0.05000000000000071,29.95,30.0,29.95,30.0,238.0,413.0,23585.0,6113.0,False,False
1101,2022-10-25 11:25:13.579317,-0.0016666666666667052,-0.0016666666666667052,-0.05000000000000071,-0.05000000000000071,29.95,30.0,29.95,30.0,232.0,413.0,23585.0,6113.0,False,False
1101,2022-10-25 11:25:13.579657,-0.0016666666666667052,-0.0016666666666667052,-0.05000000000000071,-0.05000000000000071,29.95,30.0,29.95,30.0,230.0,413.0,23585.0,6113.0,False,False
1101,2022-10-25 11:25:13.776694,-0.0016666666666667052,-0.0016666666666667052,-0.05000000000000071,-0.05000000000000071,29.95,30.0,29.95,30.0,232.0,413.0,23585.0,6113.0,False,False
1101,2022-10-25 11:25:13.827233,-0.0016666666666667052,-0.0016666666666667052,-0.05000000000000071,-0.05000000000000071,29.95,30.0,29.95,30.0,232.0,413.0,23585.0,6113.0,False,False
1101,2022-10-25 11:25:14.078201,-0.0016666666666667052,-0.0016666666666667052,-0.05000000000000071,-0.05000000000000071,29.95,30.0,29.95,30.0,222.0,413.0,23585.0,6113.0,False,False
1101,2022-10-25 11:25:14.127870,-0.0016666666666667052,-0.0016666666666667052,-0.05000000000000071,-0.05000000000000071,29.95,30.0,29.95,30.0,222.0,412.0,23585.0,6113.0,False,False
1101,2022-10-25 11:25:14.452836,-0.0016666666666667052,-0.0016666666666667052,-0.05000000000000071,-0.05000000000000071,29.95,30.0,29.95,30.0,222.0,411.0,23585.0,6113.0,False,False
1101,2022-10-25 11:25:14.618505,-0.0016666666666667052,-0.0016666666666667052,-0.05000000000000071,-0.05000000000000071,29.95,30.0,29.95,30.0,222.0,410.0,23585.0,6113.0,False,False
1101,2022-10-25 11:25:14.627788,-0.0016666666666667052,-0.0016666666666667052,-0.05000000000000071,-0.05000000000000071,29.95,30.0,29.95,30.0,222.0,410.0,23585.0,6113.0,False,False
1101,2022-10-25 11:25:14.738960,-0.0016666666666667052,-0.0016666666666667052,-0.05000000000000071,-0.05000000000000071,29.95,30.0,29.95,30.0,222.0,410.0,23585.0,6113.0,False,False
1101,2022-10-25 11:25:15.698251,-0.0016666666666667052,-0.0016666666666667052,-0.05000000000000071,-0.05000000000000071,29.95,30.0,29.95,30.0,222.0,410.0,23585.0,6113.0,False,False
1101,2022-10-25 11:25:15.882762,-0.0016666666666667052,-0.0016666666666667052,-0.05000000000000071,-0.05000000000000071,29.95,30.0,29.95,30.0,227.0,410.0,23585.0,6113.0,False,False
1101,2022-10-25 11:25:17.036131,-0.0016666666666667052,-0.0016666666666667052,-0.05000000000000071,-0.05000000000000071,29.95,30.0,29.95,30.0,228.0,410.0,23585.0,6113.0,False,False
1101,2022-10-25 11:25:17.706577,-0.0016666666666667052,-0.0016666666666667052,-0.05000000000000071,-0.05000000000000071,29.95,30.0,29.95,30.0,230.0,410.0,23585.0,6113.0,False,False
1101,2022-10-25 11:25:17.837603,-0.0016666666666667052,-0.0016666666666667052,-0.05000000000000071,-0.05000000000000071,29.95,30.0,29.95,30.0,230.0,410.0,23585.0,4913.0,True,True
1101,2022-10-25 11:25:18.633310,-0.0016666666666667052,-0.0016666666666667052,-0.05000000000000071,-0.05000000000000071,29.95,30.0,29.95,30.0,230.0,410.0,23585.0,4913.0,False,False
1101,2022-10-25 11:25:19.357965,-0.0016666666666667052,-0.0016666666666667052,-0.05000000000000071,-0.05000000000000071,29.95,30.0,29.95,30.0,230.0,410.0,23585.0,4913.0,False,False
1101,2022-10-25 11:25:20.323403,-0.0016666666666667052,-0.0016666666666667052,-0.05000000000000071,-0.05000000000000071,29.95,30.0,29.95,30.0,230.0,390.0,23585.0,4913.0,False,False
1101,2022-10-25 11:25:20.333178,-0.0016666666666667052,-0.0016666666666667052,-0.05000000000000071,-0.05000000000000071,29.95,30.0,29.95,30.0,230.0,391.0,23585.0,4913.0,False,False
1101,2022-10-25 11:25:20.390870,-0.0016666666666667052,-0.0016666666666667052,-0.05000000000000071,-0.05000000000000071,29.95,30.0,29.95,30.0,230.0,391.0,23585.0,4913.0,False,False
1101,2022-10-25 11:25:20.394787,-0.0016666666666667052,-0.0016666666666667052,-0.05000000000000071,-0.05000000000000071,29.95,30.0,29.95,30.0,230.0,395.0,23585.0,4913.0,False,False
1101,2022-10-25 11:25:20.684855,-0.0016666666666667052,-0.0016666666666667052,-0.05000000000000071,-0.05000000000000071,29.95,30.0,29.95,30.0,230.0,395.0,23585.0,4913.0,False,False
1101,2022-10-25 11:25:20.698863,-0.0016666666666667052,-0.0016666666666667052,-0.05000000000000071,-0.05000000000000071,29.95,30.0,29.95,30.0,230.0,398.0,23585.0,4913.0,False,False
1101,2022-10-25 11:25:21.106474,-0.0016666666666667052,-0.0016666666666667052,-0.05000000000000071,-0.05000000000000071,29.95,30.0,29.95,30.0,230.0,397.0,23585.0,4913.0,False,False
1101,2022-10-25 11:25:21.417678,-0.0016666666666667052,-0.0016666666666667052,-0.05000000000000071,-0.05000000000000071,29.95,30.0,29.95,30.0,142.0,397.0,23585.0,4913.0,False,False
1101,2022-10-25 11:25:21.463860,-0.0016666666666667052,-0.0016666666666667052,-0.05000000000000071,-0.05000000000000071,29.95,30.0,29.95,30.0,143.0,397.0,23585.0,4913.0,False,False
1101,2022-10-25 11:25:23.067436,-0.0016666666666667052,-0.0016666666666667052,-0.05000000000000071,-0.05000000000000071,29.95,30.0,29.95,30.0,143.0,397.0,23585.0,4913.0,False,False
1101,2022-10-25 11:25:23.170403,-0.0016666666666667052,-0.0016666666666667052,-0.05000000000000071,-0.05000000000000071,29.95,30.0,29.95,30.0,143.0,397.0,23585.0,4913.0,False,False
1101,2022-10-25 11:25:24.259547,-0.0016666666666667052,-0.0016666666666667052,-0.05000000000000071,-0.05000000000000071,29.95,30.0,29.95,30.0,204.0,397.0,23585.0,4913.0,False,False
1101,2022-10-25 11:25:24.409786,-0.0016666666666667052,-0.0016666666666667052,-0.05000000000000071,-0.05000000000000071,29.95,30.0,29.95,30.0,205.0,397.0,23585.0,4913.0,False,False
1101,2022-10-25 11:25:24.802127,-0.0016666666666667052,-0.0016666666666667052,-0.05000000000000071,-0.05000000000000071,29.95,30.0,29.95,30.0,207.0,397.0,23585.0,4913.0,False,False
1101,2022-10-25 11:25:25.468266,-0.0016666666666667052,-0.0016666666666667052,-0.05000000000000071,-0.05000000000000071,29.95,30.0,29.95,30.0,207.0,397.0,23585.0,4913.0,False,False
1101,2022-10-25 11:25:25.555231,-0.0016666666666667052,-0.0016666666666667052,-0.05000000000000071,-0.05000000000000071,29.95,30.0,29.95,30.0,207.0,397.0,23585.0,4913.0,False,False
1101,2022-10-25 11:25:25.615343,-0.0016666666666667052,-0.0016666666666667052,-0.05000000000000071,-0.05000000000000071,29.95,30.0,29.95,30.0,207.0,393.0,23585.0,4913.0,False,False
1101,2022-10-25 11:25:26.248850,-0.0016666666666667052,-0.0016666666666667052,-0.05000000000000071,-0.05000000000000071,29.95,30.0,29.95,30.0,146.0,393.0,23585.0,4913.0,False,False
1101,2022-10-25 11:25:26.349969,-0.0016666666666667052,-0.0016666666666667052,-0.05000000000000071,-0.05000000000000071,29.95,30.0,29.95,30.0,146.0,393.0,23585.0,4913.0,False,False
1101,2022-10-25 11:25:26.658432,-0.0016666666666667052,-0.0016666666666667052,-0.05000000000000071,-0.05000000000000071,29.95,30.0,29.95,30.0,146.0,393.0,23585.0,4913.0,False,False
1101,2022-10-25 11:25:26.669064,-0.0016666666666667052,-0.0016666666666667052,-0.05000000000000071,-0.05000000000000071,29.95,30.0,29.95,30.0,146.0,388.0,23585.0,4913.0,False,False
1101,2022-10-25 11:25:27.852397,-0.0016666666666667052,-0.0016666666666667052,-0.05000000000000071,-0.05000000000000071,29.95,30.0,29.95,30.0,146.0,388.0,23785.0,4552.0,True,True
1101,2022-10-25 11:25:28.195588,-0.0016666666666667052,-0.0016666666666667052,-0.05000000000000071,-0.05000000000000071,29.95,30.0,29.95,30.0,146.0,388.0,23785.0,4552.0,False,False
1101,2022-10-25 11:25:28.199566,-0.0016666666666667052,-0.0016666666666667052,-0.05000000000000071,-0.05000000000000071,29.95,30.0,29.95,30.0,146.0,391.0,23785.0,4552.0,False,False
1101,2022-10-25 11:25:29.753767,-0.0016666666666667052,-0.0016666666666667052,-0.05000000000000071,-0.05000000000000071,29.95,30.0,29.95,30.0,146.0,394.0,23785.0,4552.0,False,False
1101,2022-10-25 11:25:30.148873,-0.0016666666666667052,-0.0016666666666667052,-0.05000000000000071,-0.05000000000000071,29.95,30.0,29.95,30.0,146.0,394.0,23785.0,4552.0,False,False
1101,2022-10-25 11:25:30.248966,-0.0016666666666667052,-0.0016666666666667052,-0.05000000000000071,-0.05000000000000071,29.95,30.0,29.95,30.0,207.0,394.0,23785.0,4552.0,False,False
1101,2022-10-25 11:25:30.378018,-0.0016666666666667052,-0.0016666666666667052,-0.05000000000000071,-0.05000000000000071,29.95,30.0,29.95,30.0,207.0,389.0,23785.0,4552.0,False,False
1101,2022-10-25 11:25:30.485456,-0.0016666666666667052,-0.0016666666666667052,-0.05000000000000071,-0.05000000000000071,29.95,30.0,29.95,30.0,207.0,385.0,23785.0,4552.0,False,False
1101,2022-10-25 11:25:30.514473,-0.0016666666666667052,-0.0016666666666667052,-0.05000000000000071,-0.05000000000000071,29.95,30.0,29.95,30.0,207.0,385.0,23785.0,4552.0,False,False
1101,2022-10-25 11:25:31.241522,-0.0016666666666667052,-0.0016666666666667052,-0.05000000000000071,-0.05000000000000071,29.95,30.0,29.95,30.0,146.0,385.0,23785.0,4552.0,False,False
1101,2022-10-25 11:25:31.455987,-0.0016666666666667052,-0.0016666666666667052,-0.05000000000000071,-0.05000000000000071,29.95,30.0,29.95,30.0,146.0,380.0,23785.0,4552.0,False,False
1101,2022-10-25 11:25:31.949258,-0.0016666666666667052,-0.0016666666666667052,-0.05000000000000071,-0.05000000000000071,29.95,30.0,29.95,30.0,146.0,380.0,23785.0,4552.0,False,False
1101,2022-10-25 11:25:32.374764,-0.0016666666666667052,-0.0016666666666667052,-0.05000000000000071,-0.05000000000000071,29.95,30.0,29.95,30.0,147.0,380.0,23785.0,4552.0,False,False
1101,2022-10-25 11:25:33.105730,-0.0016666666666667052,-0.0016666666666667052,-0.05000000000000071,-0.05000000000000071,29.95,30.0,29.95,30.0,148.0,380.0,23785.0,4552.0,False,False
1101,2022-10-25 11:25:33.176963,-0.0016666666666667052,-0.0016666666666667052,-0.05000000000000071,-0.05000000000000071,29.95,30.0,29.95,30.0,149.0,380.0,23785.0,4552.0,False,False
1101,2022-10-25 11:25:34.169743,-0.0016666666666667052,-0.0016666666666667052,-0.05000000000000071,-0.05000000000000071,29.95,30.0,29.95,30.0,149.0,379.0,23785.0,4552.0,False,False
1101,2022-10-25 11:25:34.584893,-0.0016666666666667052,-0.0016666666666667052,-0.05000000000000071,-0.05000000000000071,29.95,30.0,29.95,30.0,150.0,379.0,23785.0,4552.0,False,False
1101,2022-10-25 11:25:34.700478,-0.0016666666666667052,-0.0016666666666667052,-0.05000000000000071,-0.05000000000000071,29.95,30.0,29.95,30.0,150.0,379.0,23785.0,4552.0,False,False
1101,2022-10-25 11:25:34.982427,-0.0016666666666667052,-0.0016666666666667052,-0.05000000000000071,-0.05000000000000071,29.95,30.0,29.95,30.0,150.0,379.0,23785.0,4552.0,False,False
1101,2022-10-25 11:25:35.700553,-0.0016666666666667052,-0.0016666666666667052,-0.05000000000000071,-0.05000000000000071,29.95,30.0,29.95,30.0,151.0,379.0,23785.0,4552.0,False,False
1101,2022-10-25 11:25:36.691634,-0.0016666666666667052,-0.0016666666666667052,-0.05000000000000071,-0.05000000000000071,29.95,30.0,29.95,30.0,152.0,379.0,23785.0,4552.0,False,False
1101,2022-10-25 11:25:37.470178,-0.0016666666666667052,-0.0016666666666667052,-0.05000000000000071,-0.05000000000000071,29.95,30.0,29.95,30.0,152.0,379.0,23785.0,4552.0,False,False
1101,2022-10-25 11:25:37.670398,-0.0016666666666667052,-0.0016666666666667052,-0.05000000000000071,-0.05000000000000071,29.95,30.0,29.95,30.0,152.0,382.0,23785.0,4552.0,False,False
1101,2022-10-25 11:25:37.883290,-0.0016666666666667052,-0.0016666666666667052,-0.05000000000000071,-0.05000000000000071,29.95,30.0,29.95,30.0,152.0,382.0,23805.0,14292.0,True,True
1101,2022-10-25 11:25:37.883836,-0.0016666666666667052,-0.0016666666666667052,-0.05000000000000071,-0.05000000000000071,29.95,30.0,29.95,30.0,152.0,382.0,23805.0,14292.0,False,False
1101,2022-10-25 11:25:38.536641,-0.0016666666666667052,-0.0016666666666667052,-0.05000000000000071,-0.05000000000000071,29.95,30.0,29.95,30.0,157.0,382.0,23805.0,14292.0,False,False
1101,2022-10-25 11:25:39.211064,-0.0016666666666667052,-0.0016666666666667052,-0.05000000000000071,-0.05000000000000071,29.95,30.0,29.95,30.0,158.0,382.0,23805.0,14292.0,False,False
1101,2022-10-25 11:25:39.598634,-0.0016666666666667052,-0.0016666666666667052,-0.05000000000000071,-0.05000000000000071,29.95,30.0,29.95,30.0,159.0,382.0,23805.0,14292.0,False,False
1101,2022-10-25 11:25:39.884355,-0.0016666666666667052,-0.0016666666666667052,-0.05000000000000071,-0.05000000000000071,29.95,30.0,29.95,30.0,159.0,382.0,23805.0,14292.0,False,False
1101,2022-10-25 11:25:40.484572,-0.0016666666666667052,-0.0016666666666667052,-0.05000000000000071,-0.05000000000000071,29.95,30.0,29.95,30.0,159.0,377.0,23805.0,14292.0,False,False
1101,2022-10-25 11:25:40.692774,-0.0016666666666667052,-0.0016666666666667052,-0.05000000000000071,-0.05000000000000071,29.95,30.0,29.95,30.0,159.0,376.0,23805.0,14292.0,False,False
1101,2022-10-25 11:25:40.747644,-0.0016666666666667052,-0.0016666666666667052,-0.05000000000000071,-0.05000000000000071,29.95,30.0,29.95,30.0,159.0,372.0,23805.0,14292.0,False,False
1101,2022-10-25 11:25:41.107471,-0.0016666666666667052,-0.0016666666666667052,-0.05000000000000071,-0.05000000000000071,29.95,30.0,29.95,30.0,159.0,372.0,23805.0,14292.0,False,False
1101,2022-10-25 11:25:44.591374,-0.0016666666666667052,-0.0016666666666667052,-0.05000000000000071,-0.05000000000000071,29.95,30.0,29.95,30.0,159.0,372.0,23805.0,14292.0,False,False
1101,2022-10-25 11:25:45.244110,-0.0016666666666667052,-0.0016666666666667052,-0.05000000000000071,-0.05000000000000071,29.95,30.0,29.95,30.0,160.0,372.0,23805.0,14292.0,False,False
1101,2022-10-25 11:25:45.771629,-0.0016666666666667052,-0.0016666666666667052,-0.05000000000000071,-0.05000000000000071,29.95,30.0,29.95,30.0,160.0,372.0,23805.0,14292.0,False,False
1101,2022-10-25 11:25:45.836049,-0.0016666666666667052,-0.0016666666666667052,-0.05000000000000071,-0.05000000000000071,29.95,30.0,29.95,30.0,160.0,369.0,23805.0,14292.0,False,False
1101,2022-10-25 11:25:46.917333,-0.0016666666666667052,-0.0016666666666667052,-0.05000000000000071,-0.05000000000000071,29.95,30.0,29.95,30.0,160.0,369.0,23805.0,14292.0,False,False
1101,2022-10-25 11:25:47.239963,-0.0016666666666667052,-0.0016666666666667052,-0.05000000000000071,-0.05000000000000071,29.95,30.0,29.95,30.0,161.0,369.0,23805.0,14292.0,False,False
1101,2022-10-25 11:25:47.909097,-0.0016666666666667052,-0.0016666666666667052,-0.05000000000000071,-0.05000000000000071,29.95,30.0,29.95,30.0,161.0,369.0,23805.0,13500.0,True,True
1101,2022-10-25 11:25:48.148581,-0.0016666666666667052,-0.0016666666666667052,-0.05000000000000071,-0.05000000000000071,29.95,30.0,29.95,30.0,161.0,369.0,23805.0,13500.0,False,False
1101,2022-10-25 11:25:48.421758,-0.0016666666666667052,-0.0016666666666667052,-0.05000000000000071,-0.05000000000000071,29.95,30.0,29.95,30.0,161.0,369.0,23805.0,13500.0,False,False
1101,2022-10-25 11:25:48.810209,-0.0016666666666667052,-0.0016666666666667052,-0.05000000000000071,-0.05000000000000071,29.95,30.0,29.95,30.0,162.0,369.0,23805.0,13500.0,False,False
1101,2022-10-25 11:25:50.034804,-0.0016666666666667052,-0.0016666666666667052,-0.05000000000000071,-0.05000000000000071,29.95,30.0,29.95,30.0,162.0,372.0,23805.0,13500.0,False,False
1101,2022-10-25 11:25:50.678180,-0.0016666666666667052,-0.0016666666666667052,-0.05000000000000071,-0.05000000000000071,29.95,30.0,29.95,30.0,162.0,371.0,23805.0,13500.0,False,False
1101,2022-10-25 11:25:51.890366,-0.0016666666666667052,-0.0016666666666667052,-0.05000000000000071,-0.05000000000000071,29.95,30.0,29.95,30.0,162.0,366.0,23805.0,13500.0,False,False
1101,2022-10-25 11:25:52.815477,-0.0016666666666667052,-0.0016666666666667052,-0.05000000000000071,-0.05000000000000071,29.95,30.0,29.95,30.0,162.0,363.0,23805.0,13500.0,False,False
1101,2022-10-25 11:25:56.804676,-0.0016666666666667052,-0.0016666666666667052,-0.05000000000000071,-0.05000000000000071,29.95,30.0,29.95,30.0,161.0,363.0,23805.0,13500.0,False,False
1101,2022-10-25 11:25:57.935374,-0.0016666666666667052,-0.0016666666666667052,-0.05000000000000071,-0.05000000000000071,29.95,30.0,29.95,30.0,161.0,363.0,23905.0,13450.0,True,True
1101,2022-10-25 11:25:58.224467,-0.0016666666666667052,-0.0016666666666667052,-0.05000000000000071,-0.05000000000000071,29.95,30.0,29.95,30.0,161.0,363.0,23905.0,13450.0,False,False
1101,2022-10-25 11:25:58.419710,-0.0016666666666667052,-0.0016666666666667052,-0.05000000000000071,-0.05000000000000071,29.95,30.0,29.95,30.0,161.0,363.0,23905.0,13450.0,False,False
1101,2022-10-25 11:25:58.860053,-0.0016666666666667052,-0.0016666666666667052,-0.05000000000000071,-0.05000000000000071,29.95,30.0,29.95,30.0,161.0,363.0,23905.0,13450.0,False,False
1101,2022-10-25 11:25:58.913131,-0.0016666666666667052,-0.0016666666666667052,-0.05000000000000071,-0.05000000000000071,29.95,30.0,29.95,30.0,162.0,363.0,23905.0,13450.0,False,False
1101,2022-10-25 11:25:59.017046,-0.0016666666666667052,-0.0016666666666667052,-0.05000000000000071,-0.05000000000000071,29.95,30.0,29.95,30.0,162.0,362.0,23905.0,13450.0,False,False
1101,2022-10-25 11:25:59.331732,-0.0016666666666667052,-0.0016666666666667052,-0.05000000000000071,-0.05000000000000071,29.95,30.0,29.95,30.0,162.0,363.0,23905.0,13450.0,False,False
1101,2022-10-25 11:26:02.799640,-0.0016666666666667052,-0.0016666666666667052,-0.05000000000000071,-0.05000000000000071,29.95,30.0,29.95,30.0,162.0,363.0,23905.0,13450.0,False,False
1101,2022-10-25 11:26:02.829270,-0.0016666666666667052,-0.0016666666666667052,-0.05000000000000071,-0.05000000000000071,29.95,30.0,29.95,30.0,162.0,366.0,23905.0,13450.0,False,False
1101,2022-10-25 11:26:04.175507,-0.0016666666666667052,-0.0016666666666667052,-0.05000000000000071,-0.05000000000000071,29.95,30.0,29.95,30.0,162.0,367.0,23905.0,13450.0,False,False
1101,2022-10-25 11:26:04.297241,-0.0016666666666667052,-0.0016666666666667052,-0.05000000000000071,-0.05000000000000071,29.95,30.0,29.95,30.0,163.0,367.0,23905.0,13450.0,False,False
1101,2022-10-25 11:26:05.089251,-0.0016666666666667052,-0.0016666666666667052,-0.05000000000000071,-0.05000000000000071,29.95,30.0,29.95,30.0,163.0,367.0,23905.0,13450.0,False,False
1101,2022-10-25 11:26:06.134020,-0.0016666666666667052,-0.0016666666666667052,-0.05000000000000071,-0.05000000000000071,29.95,30.0,29.95,30.0,164.0,367.0,23905.0,13450.0,False,False
1101,2022-10-25 11:26:06.319314,-0.0016666666666667052,-0.0016666666666667052,-0.05000000000000071,-0.05000000000000071,29.95,30.0,29.95,30.0,165.0,367.0,23905.0,13450.0,False,False
1101,2022-10-25 11:26:06.615165,-0.0016666666666667052,-0.0016666666666667052,-0.05000000000000071,-0.05000000000000071,29.95,30.0,29.95,30.0,165.0,366.0,23905.0,13450.0,False,False
1101,2022-10-25 11:26:06.921004,-0.0016666666666667052,-0.0016666666666667052,-0.05000000000000071,-0.05000000000000071,29.95,30.0,29.95,30.0,166.0,366.0,23905.0,13450.0,False,False
1101,2022-10-25 11:26:07.960435,-0.0016666666666667052,-0.0016666666666667052,-0.05000000000000071,-0.05000000000000071,29.95,30.0,29.95,30.0,166.0,366.0,23955.0,13433.0,True,True
1101,2022-10-25 11:26:09.519362,-0.0016666666666667052,-0.0016666666666667052,-0.05000000000000071,-0.05000000000000071,29.95,30.0,29.95,30.0,176.0,366.0,23955.0,13433.0,False,False
1101,2022-10-25 11:26:10.481650,-0.0016666666666667052,-0.0016666666666667052,-0.05000000000000071,-0.05000000000000071,29.95,30.0,29.95,30.0,176.0,365.0,23955.0,13433.0,False,False
1101,2022-10-25 11:26:10.948153,-0.0016666666666667052,-0.0016666666666667052,-0.05000000000000071,-0.05000000000000071,29.95,30.0,29.95,30.0,176.0,368.0,23955.0,13433.0,False,False
1101,2022-10-25 11:26:11.189713,-0.0016666666666667052,-0.0016666666666667052,-0.05000000000000071,-0.05000000000000071,29.95,30.0,29.95,30.0,176.0,368.0,23955.0,13433.0,False,False
1101,2022-10-25 11:26:11.289900,-0.0016666666666667052,-0.0016666666666667052,-0.05000000000000071,-0.05000000000000071,29.95,30.0,29.95,30.0,176.0,368.0,23955.0,13433.0,False,False
1101,2022-10-25 11:26:11.760918,-0.0016666666666667052,-0.0016666666666667052,-0.05000000000000071,-0.05000000000000071,29.95,30.0,29.95,30.0,176.0,368.0,23955.0,13433.0,False,False
1101,2022-10-25 11:26:12.926491,-0.0016666666666667052,-0.0016666666666667052,-0.05000000000000071,-0.05000000000000071,29.95,30.0,29.95,30.0,176.0,368.0,23955.0,13433.0,False,False
1101,2022-10-25 11:26:13.076313,-0.0016666666666667052,-0.0016666666666667052,-0.05000000000000071,-0.05000000000000071,29.95,30.0,29.95,30.0,176.0,368.0,23955.0,13433.0,False,False
1101,2022-10-25 11:26:13.216383,-0.0016666666666667052,-0.0016666666666667052,-0.05000000000000071,-0.05000000000000071,29.95,30.0,29.95,30.0,237.0,368.0,23955.0,13433.0,False,False
1101,2022-10-25 11:26:13.320147,-0.0016666666666667052,-0.0016666666666667052,-0.05000000000000071,-0.05000000000000071,29.95,30.0,29.95,30.0,238.0,368.0,23955.0,13433.0,False,False
1101,2022-10-25 11:26:13.957975,-0.0016666666666667052,-0.0016666666666667052,-0.05000000000000071,-0.05000000000000071,29.95,30.0,29.95,30.0,238.0,371.0,23955.0,13433.0,False,False
1101,2022-10-25 11:26:14.207932,-0.0016666666666667052,-0.0016666666666667052,-0.05000000000000071,-0.05000000000000071,29.95,30.0,29.95,30.0,177.0,371.0,23955.0,13433.0,False,False
1101,2022-10-25 11:26:14.739374,-0.0016666666666667052,-0.0016666666666667052,-0.05000000000000071,-0.05000000000000071,29.95,30.0,29.95,30.0,177.0,371.0,23955.0,13433.0,False,False
1101,2022-10-25 11:26:14.834061,-0.0016666666666667052,-0.0016666666666667052,-0.05000000000000071,-0.05000000000000071,29.95,30.0,29.95,30.0,177.0,370.0,23955.0,13433.0,False,False
1101,2022-10-25 11:26:14.888311,-0.0016666666666667052,-0.0016666666666667052,-0.05000000000000071,-0.05000000000000071,29.95,30.0,29.95,30.0,178.0,370.0,23955.0,13433.0,False,False
1101,2022-10-25 11:26:16.254940,-0.0016666666666667052,-0.0016666666666667052,-0.05000000000000071,-0.05000000000000071,29.95,30.0,29.95,30.0,178.0,369.0,23955.0,13433.0,False,False
1101,2022-10-25 11:26:16.327053,-0.0016666666666667052,-0.0016666666666667052,-0.05000000000000071,-0.05000000000000071,29.95,30.0,29.95,30.0,178.0,368.0,23955.0,13433.0,False,False
1101,2022-10-25 11:26:16.874883,-0.0016666666666667052,-0.0016666666666667052,-0.05000000000000071,-0.05000000000000071,29.95,30.0,29.95,30.0,178.0,368.0,23955.0,13433.0,False,False
1101,2022-10-25 11:26:17.988754,-0.0016666666666667052,-0.0016666666666667052,-0.05000000000000071,-0.05000000000000071,29.95,30.0,29.95,30.0,178.0,368.0,23988.0,13097.0,True,True
1101,2022-10-25 11:26:18.389073,-0.0016666666666667052,-0.0016666666666667052,-0.05000000000000071,-0.05000000000000071,29.95,30.0,29.95,30.0,183.0,368.0,23988.0,13097.0,False,False
1101,2022-10-25 11:26:18.518828,-0.0016666666666667052,-0.0016666666666667052,-0.05000000000000071,-0.05000000000000071,29.95,30.0,29.95,30.0,183.0,365.0,23988.0,13097.0,False,False
1101,2022-10-25 11:26:18.524787,-0.0016666666666667052,-0.0016666666666667052,-0.05000000000000071,-0.05000000000000071,29.95,30.0,29.95,30.0,183.0,363.0,23988.0,13097.0,False,False
1101,2022-10-25 11:26:19.838692,-0.0016666666666667052,-0.0016666666666667052,-0.05000000000000071,-0.05000000000000071,29.95,30.0,29.95,30.0,186.0,363.0,23988.0,13097.0,False,False
1101,2022-10-25 11:26:21.528081,-0.0016666666666667052,-0.0016666666666667052,-0.05000000000000071,-0.05000000000000071,29.95,30.0,29.95,30.0,186.0,363.0,23988.0,13097.0,False,False
1101,2022-10-25 11:26:22.428864,-0.0016666666666667052,-0.0016666666666667052,-0.05000000000000071,-0.05000000000000071,29.95,30.0,29.95,30.0,186.0,363.0,23988.0,13097.0,False,False
1101,2022-10-25 11:26:24.870546,-0.0016666666666667052,-0.0016666666666667052,-0.05000000000000071,-0.05000000000000071,29.95,30.0,29.95,30.0,186.0,363.0,23988.0,13097.0,False,False
1101,2022-10-25 11:26:26.673517,-0.0016666666666667052,-0.0016666666666667052,-0.05000000000000071,-0.05000000000000071,29.95,30.0,29.95,30.0,186.0,366.0,23988.0,13097.0,False,False
1101,2022-10-25 11:26:28.017588,-0.0016666666666667052,-0.0016666666666667052,-0.05000000000000071,-0.05000000000000071,29.95,30.0,29.95,30.0,186.0,366.0,24288.0,12937.0,True,True
1101,2022-10-25 11:26:28.299952,-0.0016666666666667052,-0.0016666666666667052,-0.05000000000000071,-0.05000000000000071,29.95,30.0,29.95,30.0,186.0,366.0,24288.0,12937.0,False,False
1101,2022-10-25 11:26:30.398804,-0.0016666666666667052,-0.0016666666666667052,-0.05000000000000071,-0.05000000000000071,29.95,30.0,29.95,30.0,185.0,366.0,24288.0,12937.0,False,False
1101,2022-10-25 11:26:31.202224,-0.0016666666666667052,-0.0016666666666667052,-0.05000000000000071,-0.05000000000000071,29.95,30.0,29.95,30.0,185.0,365.0,24288.0,12937.0,False,False
1101,2022-10-25 11:26:31.934205,-0.0016666666666667052,-0.0016666666666667052,-0.05000000000000071,-0.05000000000000071,29.95,30.0,29.95,30.0,186.0,365.0,24288.0,12937.0,False,False
1101,2022-10-25 11:26:32.754970,-0.0016666666666667052,-0.0016666666666667052,-0.05000000000000071,-0.05000000000000071,29.95,30.0,29.95,30.0,190.0,365.0,24288.0,12937.0,False,False
1101,2022-10-25 11:26:33.902416,-0.0016666666666667052,-0.0016666666666667052,-0.05000000000000071,-0.05000000000000071,29.95,30.0,29.95,30.0,191.0,365.0,24288.0,12937.0,False,False
1101,2022-10-25 11:26:35.761475,-0.0016666666666667052,-0.0016666666666667052,-0.05000000000000071,-0.05000000000000071,29.95,30.0,29.95,30.0,191.0,363.0,24288.0,12937.0,False,False
1101,2022-10-25 11:26:36.376801,-0.0016666666666667052,-0.0016666666666667052,-0.05000000000000071,-0.05000000000000071,29.95,30.0,29.95,30.0,194.0,363.0,24288.0,12937.0,False,False
1101,2022-10-25 11:26:38.046958,-0.0016666666666667052,-0.0016666666666667052,-0.05000000000000071,-0.05000000000000071,29.95,30.0,29.95,30.0,194.0,363.0,24288.0,12837.0,True,True
1101,2022-10-25 11:26:38.689044,-0.0016666666666667052,-0.0016666666666667052,-0.05000000000000071,-0.05000000000000071,29.95,30.0,29.95,30.0,197.0,363.0,24288.0,12837.0,False,False
1101,2022-10-25 11:26:40.089520,-0.0016666666666667052,-0.0016666666666667052,-0.05000000000000071,-0.05000000000000071,29.95,30.0,29.95,30.0,197.0,363.0,24288.0,12837.0,False,False
1101,2022-10-25 11:26:41.705744,-0.0016666666666667052,-0.0016666666666667052,-0.05000000000000071,-0.05000000000000071,29.95,30.0,29.95,30.0,197.0,363.0,24288.0,12837.0,False,False
1101,2022-10-25 11:26:42.248757,-0.0016666666666667052,-0.0016666666666667052,-0.05000000000000071,-0.05000000000000071,29.95,30.0,29.95,30.0,197.0,363.0,24288.0,12837.0,False,False
1101,2022-10-25 11:26:42.559916,-0.0016666666666667052,-0.0016666666666667052,-0.05000000000000071,-0.05000000000000071,29.95,30.0,29.95,30.0,197.0,362.0,24288.0,12837.0,False,False
1101,2022-10-25 11:26:42.917214,-0.0016666666666667052,-0.0016666666666667052,-0.05000000000000071,-0.05000000000000071,29.95,30.0,29.95,30.0,197.0,362.0,24288.0,12837.0,False,False
1101,2022-10-25 11:26:43.746448,-0.0016666666666667052,-0.0016666666666667052,-0.05000000000000071,-0.05000000000000071,29.95,30.0,29.95,30.0,197.0,365.0,24288.0,12837.0,False,False
1101,2022-10-25 11:26:44.427635,-0.0016666666666667052,-0.0016666666666667052,-0.05000000000000071,-0.05000000000000071,29.95,30.0,29.95,30.0,198.0,365.0,24288.0,12837.0,False,False
1101,2022-10-25 11:26:44.644919,-0.0016666666666667052,-0.0016666666666667052,-0.05000000000000071,-0.05000000000000071,29.95,30.0,29.95,30.0,198.0,365.0,24288.0,12837.0,False,False
1101,2022-10-25 11:26:46.029202,-0.0016666666666667052,-0.0016666666666667052,-0.05000000000000071,-0.05000000000000071,29.95,30.0,29.95,30.0,198.0,365.0,24288.0,12837.0,False,False
1101,2022-10-25 11:26:46.492769,-0.0016666666666667052,-0.0016666666666667052,-0.05000000000000071,-0.05000000000000071,29.95,30.0,29.95,30.0,198.0,365.0,24288.0,12837.0,False,False
1101,2022-10-25 11:26:46.496756,-0.0016666666666667052,-0.0016666666666667052,-0.05000000000000071,-0.05000000000000071,29.95,30.0,29.95,30.0,198.0,369.0,24288.0,12837.0,False,False
1101,2022-10-25 11:26:47.124704,-0.0016666666666667052,-0.0016666666666667052,-0.05000000000000071,-0.05000000000000071,29.95,30.0,29.95,30.0,198.0,369.0,24288.0,12837.0,False,False
1101,2022-10-25 11:26:47.878963,-0.0016666666666667052,-0.0016666666666667052,-0.05000000000000071,-0.05000000000000071,29.95,30.0,29.95,30.0,198.0,368.0,24288.0,12837.0,False,False
1101,2022-10-25 11:26:48.077012,-0.0016666666666667052,-0.0016666666666667052,-0.05000000000000071,-0.05000000000000071,29.95,30.0,29.95,30.0,198.0,368.0,24453.0,12752.0,True,True
1101,2022-10-25 11:26:48.328635,-0.0016666666666667052,-0.0016666666666667052,-0.05000000000000071,-0.05000000000000071,29.95,30.0,29.95,30.0,198.0,368.0,24453.0,12752.0,False,False
1101,2022-10-25 11:26:49.091882,-0.0016666666666667052,-0.0016666666666667052,-0.05000000000000071,-0.05000000000000071,29.95,30.0,29.95,30.0,198.0,368.0,24453.0,12752.0,False,False
1101,2022-10-25 11:26:51.826796,-0.0016666666666667052,-0.0016666666666667052,-0.05000000000000071,-0.05000000000000071,29.95,30.0,29.95,30.0,198.0,368.0,24453.0,12752.0,False,False
1101,2022-10-25 11:26:51.827289,-0.0016666666666667052,-0.0016666666666667052,-0.05000000000000071,-0.05000000000000071,29.95,30.0,29.95,30.0,198.0,368.0,24453.0,12752.0,False,False
1101,2022-10-25 11:26:51.997209,-0.0016666666666667052,-0.0016666666666667052,-0.05000000000000071,-0.05000000000000071,29.95,30.0,29.95,30.0,199.0,368.0,24453.0,12752.0,False,False
1101,2022-10-25 11:26:53.776112,-0.0016666666666667052,-0.0016666666666667052,-0.05000000000000071,-0.05000000000000071,29.95,30.0,29.95,30.0,199.0,368.0,24453.0,12752.0,False,False
1101,2022-10-25 11:26:58.104033,-0.0016666666666667052,-0.0016666666666667052,-0.05000000000000071,-0.05000000000000071,29.95,30.0,29.95,30.0,199.0,368.0,26503.0,12272.0,True,True
1101,2022-10-25 11:26:58.826215,-0.0016666666666667052,-0.0016666666666667052,-0.05000000000000071,-0.05000000000000071,29.95,30.0,29.95,30.0,199.0,368.0,26503.0,12272.0,False,False
1101,2022-10-25 11:26:58.851699,-0.0016666666666667052,-0.0016666666666667052,-0.05000000000000071,-0.05000000000000071,29.95,30.0,29.95,30.0,199.0,387.0,26503.0,12272.0,False,False
1101,2022-10-25 11:26:59.600709,-0.0016666666666667052,-0.0016666666666667052,-0.05000000000000071,-0.05000000000000071,29.95,30.0,29.95,30.0,199.0,387.0,26503.0,12272.0,False,False
1101,2022-10-25 11:27:01.007738,-0.0016666666666667052,-0.0016666666666667052,-0.05000000000000071,-0.05000000000000071,29.95,30.0,29.95,30.0,199.0,387.0,26503.0,12272.0,False,False
1101,2022-10-25 11:27:01.343269,-0.0016666666666667052,-0.0016666666666667052,-0.05000000000000071,-0.05000000000000071,29.95,30.0,29.95,30.0,199.0,387.0,26503.0,12272.0,False,False
1101,2022-10-25 11:27:01.864566,-0.0016666666666667052,-0.0016666666666667052,-0.05000000000000071,-0.05000000000000071,29.95,30.0,29.95,30.0,198.0,387.0,26503.0,12272.0,False,False
1101,2022-10-25 11:27:02.086992,-0.0016666666666667052,-0.0016666666666667052,-0.05000000000000071,-0.05000000000000071,29.95,30.0,29.95,30.0,198.0,387.0,26503.0,12272.0,False,False
1101,2022-10-25 11:27:02.660088,-0.0016666666666667052,-0.0016666666666667052,-0.05000000000000071,-0.05000000000000071,29.95,30.0,29.95,30.0,199.0,387.0,26503.0,12272.0,False,False
1101,2022-10-25 11:27:03.380182,-0.0016666666666667052,-0.0016666666666667052,-0.05000000000000071,-0.05000000000000071,29.95,30.0,29.95,30.0,199.0,387.0,26503.0,12272.0,False,False
1101,2022-10-25 11:27:04.617465,-0.0016666666666667052,-0.0016666666666667052,-0.05000000000000071,-0.05000000000000071,29.95,30.0,29.95,30.0,199.0,387.0,26503.0,12272.0,False,False
1101,2022-10-25 11:27:07.978874,-0.0016666666666667052,-0.0016666666666667052,-0.05000000000000071,-0.05000000000000071,29.95,30.0,29.95,30.0,110.0,387.0,26503.0,12272.0,False,False
1101,2022-10-25 11:27:08.128015,-0.0016666666666667052,-0.0016666666666667052,-0.05000000000000071,-0.05000000000000071,29.95,30.0,29.95,30.0,110.0,387.0,25003.0,12272.0,True,True
1101,2022-10-25 11:27:08.447388,-0.0016666666666667052,-0.0016666666666667052,-0.05000000000000071,-0.05000000000000071,29.95,30.0,29.95,30.0,110.0,387.0,25003.0,12272.0,False,False
1101,2022-10-25 11:27:09.980310,-0.0016666666666667052,-0.0016666666666667052,-0.05000000000000071,-0.05000000000000071,29.95,30.0,29.95,30.0,100.0,387.0,25003.0,12272.0,False,False
1101,2022-10-25 11:27:10.290568,-0.0016666666666667052,-0.0016666666666667052,-0.05000000000000071,-0.05000000000000071,29.95,30.0,29.95,30.0,100.0,387.0,25003.0,12272.0,False,False
1101,2022-10-25 11:27:10.616381,-0.0016666666666667052,-0.0016666666666667052,-0.05000000000000071,-0.05000000000000071,29.95,30.0,29.95,30.0,100.0,387.0,25003.0,12272.0,False,False
1101,2022-10-25 11:27:10.620968,-0.0016666666666667052,-0.0016666666666667052,-0.05000000000000071,-0.05000000000000071,29.95,30.0,29.95,30.0,100.0,389.0,25003.0,12272.0,False,False
1101,2022-10-25 11:27:11.249532,-0.0016666666666667052,-0.0016666666666667052,-0.05000000000000071,-0.05000000000000071,29.95,30.0,29.95,30.0,100.0,389.0,25003.0,12272.0,False,False
1101,2022-10-25 11:27:11.521996,-0.0016666666666667052,-0.0016666666666667052,-0.05000000000000071,-0.05000000000000071,29.95,30.0,29.95,30.0,100.0,389.0,25003.0,12272.0,False,False
1101,2022-10-25 11:27:11.617100,-0.0016666666666667052,-0.0016666666666667052,-0.05000000000000071,-0.05000000000000071,29.95,30.0,29.95,30.0,100.0,389.0,25003.0,12272.0,False,False
1101,2022-10-25 11:27:12.133903,-0.0016666666666667052,-0.0016666666666667052,-0.05000000000000071,-0.05000000000000071,29.95,30.0,29.95,30.0,96.0,389.0,25003.0,12272.0,False,False
1101,2022-10-25 11:27:15.134461,-0.0016666666666667052,-0.0016666666666667052,-0.05000000000000071,-0.05000000000000071,29.95,30.0,29.95,30.0,96.0,389.0,25003.0,12272.0,False,False
1101,2022-10-25 11:27:15.286512,-0.0016666666666667052,-0.0016666666666667052,-0.05000000000000071,-0.05000000000000071,29.95,30.0,29.95,30.0,97.0,389.0,25003.0,12272.0,False,False
1101,2022-10-25 11:27:17.110005,-0.0016666666666667052,-0.0016666666666667052,-0.05000000000000071,-0.05000000000000071,29.95,30.0,29.95,30.0,98.0,389.0,25003.0,12272.0,False,False
1101,2022-10-25 11:27:17.805825,-0.0016666666666667052,-0.0016666666666667052,-0.05000000000000071,-0.05000000000000071,29.95,30.0,29.95,30.0,98.0,389.0,25003.0,12272.0,False,False
1101,2022-10-25 11:27:18.164257,-0.0016666666666667052,-0.0016666666666667052,-0.05000000000000071,-0.05000000000000071,29.95,30.0,29.95,30.0,98.0,389.0,25003.0,12212.0,True,True
1101,2022-10-25 11:27:18.407412,-0.0016666666666667052,-0.0016666666666667052,-0.05000000000000071,-0.05000000000000071,29.95,30.0,29.95,30.0,100.0,389.0,25003.0,12212.0,False,False
1101,2022-10-25 11:27:19.369876,-0.0016666666666667052,-0.0016666666666667052,-0.05000000000000071,-0.05000000000000071,29.95,30.0,29.95,30.0,100.0,389.0,25003.0,12212.0,False,False
1101,2022-10-25 11:27:20.100024,-0.0016666666666667052,-0.0016666666666667052,-0.05000000000000071,-0.05000000000000071,29.95,30.0,29.95,30.0,102.0,389.0,25003.0,12212.0,False,False
1101,2022-10-25 11:27:21.011099,-0.0016666666666667052,-0.0016666666666667052,-0.05000000000000071,-0.05000000000000071,29.95,30.0,29.95,30.0,103.0,389.0,25003.0,12212.0,False,False
1101,2022-10-25 11:27:21.045313,-0.0016666666666667052,-0.0016666666666667052,-0.05000000000000071,-0.05000000000000071,29.95,30.0,29.95,30.0,101.0,389.0,25003.0,12212.0,False,False
