symbol,datetime,NaOb_r,NbOa_r,NaOb_s,NbOa_s,bid1,ask1,odd_bid1,odd_ask1,bidQty1,askQty1,odd_bidQty1,odd_askQty1,simulate,triggerbyOdd
2317,2022-10-25 11:21:22.251393,-0.004854368932038833,-0.004854368932038833,-0.5,-0.5,102.5,103.0,102.5,103.0,1569.0,3968.0,16973.0,38422.0,True,True
2317,2022-10-25 11:21:22.956746,-0.004854368932038833,-0.004854368932038833,-0.5,-0.5,102.5,103.0,102.5,103.0,1569.0,3968.0,16973.0,38422.0,False,False
2317,2022-10-25 11:21:24.008111,-0.004854368932038833,-0.004854368932038833,-0.5,-0.5,102.5,103.0,102.5,103.0,1569.0,3968.0,16973.0,38422.0,False,False
2317,2022-10-25 11:21:24.567656,-0.004854368932038833,-0.004854368932038833,-0.5,-0.5,102.5,103.0,102.5,103.0,1569.0,3967.0,16973.0,38422.0,False,False
2317,2022-10-25 11:21:24.732103,-0.004854368932038833,-0.004854368932038833,-0.5,-0.5,102.5,103.0,102.5,103.0,1569.0,3958.0,16973.0,38422.0,False,False
2317,2022-10-25 11:21:27.066821,-0.004854368932038833,-0.004854368932038833,-0.5,-0.5,102.5,103.0,102.5,103.0,1569.0,3958.0,16973.0,38422.0,False,False
2317,2022-10-25 11:21:27.092921,-0.004854368932038833,-0.004854368932038833,-0.5,-0.5,102.5,103.0,102.5,103.0,1586.0,3958.0,16973.0,38422.0,False,False
2317,2022-10-25 11:21:28.880033,-0.004854368932038833,-0.004854368932038833,-0.5,-0.5,102.5,103.0,102.5,103.0,1586.0,3967.0,16973.0,38422.0,False,False
2317,2022-10-25 11:21:28.988047,-0.004854368932038833,-0.004854368932038833,-0.5,-0.5,102.5,103.0,102.5,103.0,1581.0,3967.0,16973.0,38422.0,False,False
2317,2022-10-25 11:21:28.997822,-0.004854368932038833,-0.004854368932038833,-0.5,-0.5,102.5,103.0,102.5,103.0,1576.0,3967.0,16973.0,38422.0,False,False
2317,2022-10-25 11:21:29.139952,-0.004854368932038833,-0.004854368932038833,-0.5,-0.5,102.5,103.0,102.5,103.0,1567.0,3967.0,16973.0,38422.0,False,False
2317,2022-10-25 11:21:32.294847,-0.004854368932038833,-0.004854368932038833,-0.5,-0.5,102.5,103.0,102.5,103.0,1567.0,3967.0,16993.0,38422.0,True,True
2317,2022-10-25 11:21:34.428862,-0.004854368932038833,-0.004854368932038833,-0.5,-0.5,102.5,103.0,102.5,103.0,1567.0,3967.0,16993.0,38422.0,False,False
2317,2022-10-25 11:21:34.479489,-0.004854368932038833,-0.004854368932038833,-0.5,-0.5,102.5,103.0,102.5,103.0,1567.0,3966.0,16993.0,38422.0,False,False
2317,2022-10-25 11:21:34.572589,-0.004854368932038833,-0.004854368932038833,-0.5,-0.5,102.5,103.0,102.5,103.0,1576.0,3966.0,16993.0,38422.0,False,False
2317,2022-10-25 11:21:35.570636,-0.004854368932038833,-0.004854368932038833,-0.5,-0.5,102.5,103.0,102.5,103.0,1586.0,3966.0,16993.0,38422.0,False,False
2317,2022-10-25 11:21:35.899547,-0.004854368932038833,-0.004854368932038833,-0.5,-0.5,102.5,103.0,102.5,103.0,1586.0,3969.0,16993.0,38422.0,False,False
2317,2022-10-25 11:21:36.006111,-0.004854368932038833,-0.004854368932038833,-0.5,-0.5,102.5,103.0,102.5,103.0,1591.0,3969.0,16993.0,38422.0,False,False
2317,2022-10-25 11:21:36.502031,-0.004854368932038833,-0.004854368932038833,-0.5,-0.5,102.5,103.0,102.5,103.0,1566.0,3969.0,16993.0,38422.0,False,False
2317,2022-10-25 11:21:36.910879,-0.004854368932038833,-0.004854368932038833,-0.5,-0.5,102.5,103.0,102.5,103.0,1565.0,3969.0,16993.0,38422.0,False,False
2317,2022-10-25 11:21:37.066523,-0.004854368932038833,-0.004854368932038833,-0.5,-0.5,102.5,103.0,102.5,103.0,1556.0,3969.0,16993.0,38422.0,False,False
2317,2022-10-25 11:21:39.847444,-0.004854368932038833,-0.004854368932038833,-0.5,-0.5,102.5,103.0,102.5,103.0,1556.0,3969.0,16993.0,38422.0,False,False
2317,2022-10-25 11:21:40.850355,-0.004854368932038833,-0.004854368932038833,-0.5,-0.5,102.5,103.0,102.5,103.0,1556.0,3969.0,16993.0,38422.0,False,False
2317,2022-10-25 11:21:41.609508,-0.004854368932038833,-0.004854368932038833,-0.5,-0.5,102.5,103.0,102.5,103.0,1556.0,3972.0,16993.0,38422.0,False,False
2317,2022-10-25 11:21:44.484110,-0.004854368932038833,-0.004854368932038833,-0.5,-0.5,102.5,103.0,102.5,103.0,1556.0,3972.0,16993.0,38422.0,False,False
2317,2022-10-25 11:21:45.461742,-0.004854368932038833,-0.004854368932038833,-0.5,-0.5,102.5,103.0,102.5,103.0,1556.0,3973.0,16993.0,38422.0,False,False
2317,2022-10-25 11:21:47.385410,-0.004854368932038833,-0.004854368932038833,-0.5,-0.5,102.5,103.0,102.5,103.0,1556.0,3973.0,16993.0,38422.0,False,False
2317,2022-10-25 11:21:48.632034,-0.004854368932038833,-0.004854368932038833,-0.5,-0.5,102.5,103.0,102.5,103.0,1556.0,3973.0,16993.0,38422.0,False,False
2317,2022-10-25 11:21:48.821324,-0.004854368932038833,-0.004854368932038833,-0.5,-0.5,102.5,103.0,102.5,103.0,1556.0,3972.0,16993.0,38422.0,False,False
2317,2022-10-25 11:21:49.166316,-0.004854368932038833,-0.004854368932038833,-0.5,-0.5,102.5,103.0,102.5,103.0,1556.0,3972.0,16993.0,38422.0,False,False
2317,2022-10-25 11:21:49.407056,-0.004854368932038833,-0.004854368932038833,-0.5,-0.5,102.5,103.0,102.5,103.0,1557.0,3972.0,16993.0,38422.0,False,False
2317,2022-10-25 11:21:49.486266,-0.004854368932038833,-0.004854368932038833,-0.5,-0.5,102.5,103.0,102.5,103.0,1557.0,3972.0,16993.0,38422.0,False,False
2317,2022-10-25 11:21:50.729866,-0.004854368932038833,-0.004854368932038833,-0.5,-0.5,102.5,103.0,102.5,103.0,1657.0,3972.0,16993.0,38422.0,False,False
2317,2022-10-25 11:21:50.785650,-0.004854368932038833,-0.004854368932038833,-0.5,-0.5,102.5,103.0,102.5,103.0,1758.0,3972.0,16993.0,38422.0,False,False
2317,2022-10-25 11:21:50.843211,-0.004854368932038833,-0.004854368932038833,-0.5,-0.5,102.5,103.0,102.5,103.0,1767.0,3972.0,16993.0,38422.0,False,False
2317,2022-10-25 11:21:51.448132,-0.004854368932038833,-0.004854368932038833,-0.5,-0.5,102.5,103.0,102.5,103.0,1767.0,3976.0,16993.0,38422.0,False,False
2317,2022-10-25 11:21:52.375330,-0.004854368932038833,-0.004854368932038833,-0.5,-0.5,102.5,103.0,102.5,103.0,1767.0,3976.0,17025.0,38372.0,True,True
2317,2022-10-25 11:21:53.403929,-0.004854368932038833,-0.004854368932038833,-0.5,-0.5,102.5,103.0,102.5,103.0,1770.0,3976.0,17025.0,38372.0,False,False
2317,2022-10-25 11:21:54.930541,-0.004854368932038833,-0.004854368932038833,-0.5,-0.5,102.5,103.0,102.5,103.0,1770.0,3976.0,17025.0,38372.0,False,False
2317,2022-10-25 11:21:55.502445,-0.004854368932038833,-0.004854368932038833,-0.5,-0.5,102.5,103.0,102.5,103.0,1770.0,3977.0,17025.0,38372.0,False,False
2317,2022-10-25 11:21:56.703706,-0.004854368932038833,-0.004854368932038833,-0.5,-0.5,102.5,103.0,102.5,103.0,1772.0,3977.0,17025.0,38372.0,False,False
2317,2022-10-25 11:21:59.143729,-0.004854368932038833,-0.004854368932038833,-0.5,-0.5,102.5,103.0,102.5,103.0,1772.0,3975.0,17025.0,38372.0,False,False
2317,2022-10-25 11:21:59.197148,-0.004854368932038833,-0.004854368932038833,-0.5,-0.5,102.5,103.0,102.5,103.0,1772.0,3975.0,17025.0,38372.0,False,False
2317,2022-10-25 11:21:59.695820,-0.004854368932038833,-0.004854368932038833,-0.5,-0.5,102.5,103.0,102.5,103.0,1772.0,3975.0,17025.0,38372.0,False,False
2317,2022-10-25 11:21:59.756493,-0.004854368932038833,-0.004854368932038833,-0.5,-0.5,102.5,103.0,102.5,103.0,1772.0,3966.0,17025.0,38372.0,False,False
2317,2022-10-25 11:21:59.842812,-0.004854368932038833,-0.004854368932038833,-0.5,-0.5,102.5,103.0,102.5,103.0,1772.0,3965.0,17025.0,38372.0,False,False
2317,2022-10-25 11:22:00.107429,-0.004854368932038833,-0.004854368932038833,-0.5,-0.5,102.5,103.0,102.5,103.0,1772.0,3965.0,17025.0,38372.0,False,False
2317,2022-10-25 11:22:00.294863,-0.004854368932038833,-0.004854368932038833,-0.5,-0.5,102.5,103.0,102.5,103.0,1771.0,3965.0,17025.0,38372.0,False,False
2317,2022-10-25 11:22:00.302265,-0.004854368932038833,-0.004854368932038833,-0.5,-0.5,102.5,103.0,102.5,103.0,1771.0,3964.0,17025.0,38372.0,False,False
2317,2022-10-25 11:22:01.031235,-0.004854368932038833,-0.004854368932038833,-0.5,-0.5,102.5,103.0,102.5,103.0,1771.0,3959.0,17025.0,38372.0,False,False
2317,2022-10-25 11:22:02.414500,-0.004854368932038833,-0.004854368932038833,-0.5,-0.5,102.5,103.0,102.5,103.0,1771.0,3959.0,17025.0,38372.0,True,True
2317,2022-10-25 11:22:03.302070,-0.004854368932038833,-0.004854368932038833,-0.5,-0.5,102.5,103.0,102.5,103.0,1771.0,3962.0,17025.0,38372.0,False,False
2317,2022-10-25 11:22:04.655189,-0.004854368932038833,-0.004854368932038833,-0.5,-0.5,102.5,103.0,102.5,103.0,1771.0,3967.0,17025.0,38372.0,False,False
2317,2022-10-25 11:22:05.593786,-0.004854368932038833,-0.004854368932038833,-0.5,-0.5,102.5,103.0,102.5,103.0,1772.0,3967.0,17025.0,38372.0,False,False
2317,2022-10-25 11:22:05.608205,-0.004854368932038833,-0.004854368932038833,-0.5,-0.5,102.5,103.0,102.5,103.0,1772.0,3967.0,17025.0,38372.0,False,False
2317,2022-10-25 11:22:06.371589,-0.004854368932038833,-0.004854368932038833,-0.5,-0.5,102.5,103.0,102.5,103.0,1772.0,3967.0,17025.0,38372.0,False,False
2317,2022-10-25 11:22:08.033787,-0.004854368932038833,-0.004854368932038833,-0.5,-0.5,102.5,103.0,102.5,103.0,1773.0,3967.0,17025.0,38372.0,False,False
2317,2022-10-25 11:22:09.891204,-0.004854368932038833,-0.004854368932038833,-0.5,-0.5,102.5,103.0,102.5,103.0,1773.0,3967.0,17025.0,38372.0,False,False
2317,2022-10-25 11:22:11.159789,-0.004854368932038833,-0.004854368932038833,-0.5,-0.5,102.5,103.0,102.5,103.0,1773.0,3967.0,17025.0,38372.0,False,False
2317,2022-10-25 11:22:11.372541,-0.004854368932038833,-0.004854368932038833,-0.5,-0.5,102.5,103.0,102.5,103.0,1773.0,3976.0,17025.0,38372.0,False,False
2317,2022-10-25 11:22:11.648426,-0.004854368932038833,-0.004854368932038833,-0.5,-0.5,102.5,103.0,102.5,103.0,1773.0,3976.0,16026.0,37373.0,False,True
2317,2022-10-25 11:22:11.792064,-0.004854368932038833,-0.004854368932038833,-0.5,-0.5,102.5,103.0,102.5,103.0,1773.0,3975.0,16026.0,37373.0,False,False
2317,2022-10-25 11:22:11.920164,-0.004854368932038833,-0.004854368932038833,-0.5,-0.5,102.5,103.0,102.5,103.0,1773.0,3966.0,16026.0,37373.0,False,False
2317,2022-10-25 11:22:14.681421,-0.004854368932038833,-0.004854368932038833,-0.5,-0.5,102.5,103.0,102.5,103.0,1774.0,3966.0,16026.0,37373.0,False,False
2317,2022-10-25 11:22:14.804318,-0.004854368932038833,-0.004854368932038833,-0.5,-0.5,102.5,103.0,102.5,103.0,1774.0,3966.0,16026.0,37373.0,False,False
2317,2022-10-25 11:22:14.872601,-0.004854368932038833,-0.004854368932038833,-0.5,-0.5,102.5,103.0,102.5,103.0,1774.0,3966.0,16026.0,37373.0,False,False
2317,2022-10-25 11:22:16.364229,-0.004854368932038833,-0.004854368932038833,-0.5,-0.5,102.5,103.0,102.5,103.0,1774.0,3966.0,16026.0,37373.0,False,False
2317,2022-10-25 11:22:16.946155,-0.004854368932038833,-0.004854368932038833,-0.5,-0.5,102.5,103.0,102.5,103.0,1774.0,3966.0,16026.0,37373.0,False,False
2317,2022-10-25 11:22:17.162280,-0.004854368932038833,-0.004854368932038833,-0.5,-0.5,102.5,103.0,102.5,103.0,1776.0,3966.0,16026.0,37373.0,False,False
2317,2022-10-25 11:22:17.603093,-0.004854368932038833,-0.004854368932038833,-0.5,-0.5,102.5,103.0,102.5,103.0,1776.0,3965.0,16026.0,37373.0,False,False
2317,2022-10-25 11:22:17.713515,-0.004854368932038833,-0.004854368932038833,-0.5,-0.5,102.5,103.0,102.5,103.0,1778.0,3965.0,16026.0,37373.0,False,False
2317,2022-10-25 11:22:18.414823,-0.004854368932038833,-0.004854368932038833,-0.5,-0.5,102.5,103.0,102.5,103.0,1778.0,3965.0,16026.0,37373.0,False,False
2317,2022-10-25 11:22:19.360563,-0.004854368932038833,-0.004854368932038833,-0.5,-0.5,102.5,103.0,102.5,103.0,1904.0,3965.0,16026.0,37373.0,False,False
2317,2022-10-25 11:22:19.419860,-0.004854368932038833,-0.004854368932038833,-0.5,-0.5,102.5,103.0,102.5,103.0,1904.0,4129.0,16026.0,37373.0,False,False
2317,2022-10-25 11:22:19.661176,-0.004854368932038833,-0.004854368932038833,-0.5,-0.5,102.5,103.0,102.5,103.0,1904.0,4129.0,16026.0,37373.0,False,False
2317,2022-10-25 11:22:19.700052,-0.004854368932038833,-0.004854368932038833,-0.5,-0.5,102.5,103.0,102.5,103.0,1904.0,4129.0,16026.0,37373.0,False,False
2317,2022-10-25 11:22:20.161842,-0.004854368932038833,-0.004854368932038833,-0.5,-0.5,102.5,103.0,102.5,103.0,1904.0,4129.0,16026.0,37373.0,False,False
2317,2022-10-25 11:22:20.263387,-0.004854368932038833,-0.004854368932038833,-0.5,-0.5,102.5,103.0,102.5,103.0,1904.0,4129.0,16026.0,37373.0,False,False
2317,2022-10-25 11:22:20.375763,-0.004854368932038833,-0.004854368932038833,-0.5,-0.5,102.5,103.0,102.5,103.0,1904.0,4129.0,16026.0,37373.0,False,False
2317,2022-10-25 11:22:20.434142,-0.004854368932038833,-0.004854368932038833,-0.5,-0.5,102.5,103.0,102.5,103.0,1904.0,4129.0,16026.0,37373.0,False,False
2317,2022-10-25 11:22:20.534943,-0.004854368932038833,-0.004854368932038833,-0.5,-0.5,102.5,103.0,102.5,103.0,1904.0,4129.0,16026.0,37373.0,False,False
2317,2022-10-25 11:22:20.593591,-0.004854368932038833,-0.004854368932038833,-0.5,-0.5,102.5,103.0,102.5,103.0,1904.0,4129.0,16026.0,37373.0,False,False
2317,2022-10-25 11:22:20.763539,-0.004854368932038833,-0.004854368932038833,-0.5,-0.5,102.5,103.0,102.5,103.0,1904.0,4129.0,16026.0,37373.0,False,False
2317,2022-10-25 11:22:20.872747,-0.004854368932038833,-0.004854368932038833,-0.5,-0.5,102.5,103.0,102.5,103.0,1904.0,4124.0,16026.0,37373.0,False,False
2317,2022-10-25 11:22:21.129688,-0.004854368932038833,-0.004854368932038833,-0.5,-0.5,102.5,103.0,102.5,103.0,1904.0,4125.0,16026.0,37373.0,False,False
2317,2022-10-25 11:22:21.314547,-0.004854368932038833,-0.004854368932038833,-0.5,-0.5,102.5,103.0,102.5,103.0,1904.0,4116.0,16026.0,37373.0,False,False
2317,2022-10-25 11:22:21.332059,-0.004854368932038833,-0.004854368932038833,-0.5,-0.5,102.5,103.0,102.5,103.0,1904.0,4063.0,16026.0,37373.0,False,False
2317,2022-10-25 11:22:21.689591,-0.004854368932038833,-0.004854368932038833,-0.5,-0.5,102.5,103.0,102.5,103.0,1904.0,4063.0,17029.0,37373.0,True,True
2317,2022-10-25 11:22:21.410722,-0.004854368932038833,-0.004854368932038833,-0.5,-0.5,102.5,103.0,102.5,103.0,1901.0,4063.0,17029.0,37373.0,False,False
2317,2022-10-25 11:22:21.420152,-0.004854368932038833,-0.004854368932038833,-0.5,-0.5,102.5,103.0,102.5,103.0,1901.0,4060.0,17029.0,37373.0,False,False
2317,2022-10-25 11:22:21.613895,-0.004854368932038833,-0.004854368932038833,-0.5,-0.5,102.5,103.0,102.5,103.0,1908.0,4060.0,17029.0,37373.0,False,False
2317,2022-10-25 11:22:22.342964,-0.004854368932038833,-0.004854368932038833,-0.5,-0.5,102.5,103.0,102.5,103.0,2282.0,4060.0,17029.0,37373.0,False,False
2317,2022-10-25 11:22:22.432436,-0.004854368932038833,-0.004854368932038833,-0.5,-0.5,102.5,103.0,102.5,103.0,2271.0,4060.0,17029.0,37373.0,False,False
2317,2022-10-25 11:22:22.451353,-0.004854368932038833,-0.004854368932038833,-0.5,-0.5,102.5,103.0,102.5,103.0,2271.0,4057.0,17029.0,37373.0,False,False
2317,2022-10-25 11:22:22.777400,-0.004854368932038833,-0.004854368932038833,-0.5,-0.5,102.5,103.0,102.5,103.0,2288.0,4057.0,17029.0,37373.0,False,False
2317,2022-10-25 11:22:23.869130,-0.004854368932038833,-0.004854368932038833,-0.5,-0.5,102.5,103.0,102.5,103.0,2287.0,4056.0,17029.0,37373.0,False,False
2317,2022-10-25 11:22:23.894988,-0.004854368932038833,-0.004854368932038833,-0.5,-0.5,102.5,103.0,102.5,103.0,2287.0,4057.0,17029.0,37373.0,False,False
2317,2022-10-25 11:22:25.228160,-0.004854368932038833,-0.004854368932038833,-0.5,-0.5,102.5,103.0,102.5,103.0,2287.0,4065.0,17029.0,37373.0,False,False
2317,2022-10-25 11:22:26.314014,-0.004854368932038833,-0.004854368932038833,-0.5,-0.5,102.5,103.0,102.5,103.0,2287.0,4064.0,17029.0,37373.0,False,False
2317,2022-10-25 11:22:26.673979,-0.004854368932038833,-0.004854368932038833,-0.5,-0.5,102.5,103.0,102.5,103.0,2287.0,4063.0,17029.0,37373.0,False,False
2317,2022-10-25 11:22:26.675144,-0.004854368932038833,-0.004854368932038833,-0.5,-0.5,102.5,103.0,102.5,103.0,2327.0,4063.0,17029.0,37373.0,False,False
2317,2022-10-25 11:22:26.675889,-0.004854368932038833,-0.004854368932038833,-0.5,-0.5,102.5,103.0,102.5,103.0,2327.0,4062.0,17029.0,37373.0,False,False
2317,2022-10-25 11:22:28.375348,-0.004854368932038833,-0.004854368932038833,-0.5,-0.5,102.5,103.0,102.5,103.0,2327.0,4057.0,17029.0,37373.0,False,False
2317,2022-10-25 11:22:28.748717,-0.004854368932038833,-0.004854368932038833,-0.5,-0.5,102.5,103.0,102.5,103.0,2328.0,4057.0,17029.0,37373.0,False,False
2317,2022-10-25 11:22:30.812744,-0.004854368932038833,-0.004854368932038833,-0.5,-0.5,102.5,103.0,102.5,103.0,2328.0,4056.0,17029.0,37373.0,False,False
2317,2022-10-25 11:22:31.679220,-0.004854368932038833,-0.004854368932038833,-0.5,-0.5,102.5,103.0,102.5,103.0,2328.0,4056.0,17029.0,37373.0,False,False
2317,2022-10-25 11:22:31.695716,-0.004854368932038833,-0.004854368932038833,-0.5,-0.5,102.5,103.0,102.5,103.0,2328.0,4056.0,17029.0,37373.0,False,False
2317,2022-10-25 11:22:31.728737,-0.004854368932038833,-0.004854368932038833,-0.5,-0.5,102.5,103.0,102.5,103.0,2328.0,4056.0,16979.0,37373.0,True,True
2317,2022-10-25 11:22:31.727137,-0.004854368932038833,-0.004854368932038833,-0.5,-0.5,102.5,103.0,102.5,103.0,2328.0,4056.0,16979.0,37373.0,False,False
2317,2022-10-25 11:22:34.896799,-0.004854368932038833,-0.004854368932038833,-0.5,-0.5,102.5,103.0,102.5,103.0,2328.0,3956.0,16979.0,37373.0,False,False
2317,2022-10-25 11:22:34.942583,-0.004854368932038833,-0.004854368932038833,-0.5,-0.5,102.5,103.0,102.5,103.0,2328.0,3856.0,16979.0,37373.0,False,False
2317,2022-10-25 11:22:35.881216,-0.004854368932038833,-0.004854368932038833,-0.5,-0.5,102.5,103.0,102.5,103.0,2328.0,3857.0,16979.0,37373.0,False,False
2317,2022-10-25 11:22:36.126907,-0.004854368932038833,-0.004854368932038833,-0.5,-0.5,102.5,103.0,102.5,103.0,2328.0,3857.0,16979.0,37373.0,False,False
2317,2022-10-25 11:22:36.838929,-0.004854368932038833,-0.004854368932038833,-0.5,-0.5,102.5,103.0,102.5,103.0,2394.0,3857.0,16979.0,37373.0,False,False
2317,2022-10-25 11:22:36.839211,-0.004854368932038833,-0.004854368932038833,-0.5,-0.5,102.5,103.0,102.5,103.0,2394.0,3857.0,16979.0,37373.0,False,False
2317,2022-10-25 11:22:37.316664,-0.004854368932038833,-0.004854368932038833,-0.5,-0.5,102.5,103.0,102.5,103.0,2395.0,3857.0,16979.0,37373.0,False,False
2317,2022-10-25 11:22:38.041566,-0.004854368932038833,-0.004854368932038833,-0.5,-0.5,102.5,103.0,102.5,103.0,2395.0,3857.0,16979.0,37373.0,False,False
2317,2022-10-25 11:22:38.309122,-0.004854368932038833,-0.004854368932038833,-0.5,-0.5,102.5,103.0,102.5,103.0,2395.0,3857.0,16979.0,37373.0,False,False
2317,2022-10-25 11:22:38.345193,-0.004854368932038833,-0.004854368932038833,-0.5,-0.5,102.5,103.0,102.5,103.0,2395.0,3856.0,16979.0,37373.0,False,False
2317,2022-10-25 11:22:38.860607,-0.004854368932038833,-0.004854368932038833,-0.5,-0.5,102.5,103.0,102.5,103.0,2396.0,3856.0,16979.0,37373.0,False,False
2317,2022-10-25 11:22:40.915609,-0.004854368932038833,-0.004854368932038833,-0.5,-0.5,102.5,103.0,102.5,103.0,2396.0,3856.0,16979.0,37373.0,False,False
2317,2022-10-25 11:22:41.766897,-0.004854368932038833,-0.004854368932038833,-0.5,-0.5,102.5,103.0,102.5,103.0,2396.0,3856.0,17029.0,37223.0,True,True
2317,2022-10-25 11:22:42.531121,-0.004854368932038833,-0.004854368932038833,-0.5,-0.5,102.5,103.0,102.5,103.0,2396.0,3856.0,17029.0,37223.0,False,False
2317,2022-10-25 11:22:46.317578,-0.004854368932038833,-0.004854368932038833,-0.5,-0.5,102.5,103.0,102.5,103.0,2396.0,3855.0,17029.0,37223.0,False,False
2317,2022-10-25 11:22:48.590209,-0.004854368932038833,-0.004854368932038833,-0.5,-0.5,102.5,103.0,102.5,103.0,2396.0,3854.0,17029.0,37223.0,False,False
2317,2022-10-25 11:22:51.009857,-0.004854368932038833,-0.004854368932038833,-0.5,-0.5,102.5,103.0,102.5,103.0,2396.0,3854.0,17029.0,37223.0,False,False
2317,2022-10-25 11:22:51.435890,-0.004854368932038833,-0.004854368932038833,-0.5,-0.5,102.5,103.0,102.5,103.0,2396.0,3854.0,17029.0,37223.0,False,False
2317,2022-10-25 11:22:51.644047,-0.004854368932038833,-0.004854368932038833,-0.5,-0.5,102.5,103.0,102.5,103.0,2396.0,3854.0,17029.0,37223.0,False,False
2317,2022-10-25 11:22:51.645327,-0.004854368932038833,-0.004854368932038833,-0.5,-0.5,102.5,103.0,102.5,103.0,2396.0,3851.0,17029.0,37223.0,False,False
2317,2022-10-25 11:22:51.808043,-0.004854368932038833,-0.004854368932038833,-0.5,-0.5,102.5,103.0,102.5,103.0,2396.0,3851.0,17029.0,37223.0,True,True
2317,2022-10-25 11:22:54.753845,-0.004854368932038833,-0.004854368932038833,-0.5,-0.5,102.5,103.0,102.5,103.0,2396.0,3852.0,17029.0,37223.0,False,False
2317,2022-10-25 11:22:55.203838,-0.004854368932038833,-0.004854368932038833,-0.5,-0.5,102.5,103.0,102.5,103.0,2396.0,3851.0,17029.0,37223.0,False,False
2317,2022-10-25 11:22:56.093056,-0.004854368932038833,-0.004854368932038833,-0.5,-0.5,102.5,103.0,102.5,103.0,2396.0,3851.0,17029.0,37223.0,False,False
2317,2022-10-25 11:22:56.469577,-0.004854368932038833,-0.004854368932038833,-0.5,-0.5,102.5,103.0,102.5,103.0,2396.0,3851.0,17029.0,37223.0,False,False
2317,2022-10-25 11:22:57.419982,-0.004854368932038833,-0.004854368932038833,-0.5,-0.5,102.5,103.0,102.5,103.0,2396.0,3851.0,17029.0,37223.0,False,False
2317,2022-10-25 11:22:59.700438,-0.004854368932038833,-0.004854368932038833,-0.5,-0.5,102.5,103.0,102.5,103.0,2399.0,3851.0,17029.0,37223.0,False,False
2317,2022-10-25 11:23:00.505655,-0.004854368932038833,-0.004854368932038833,-0.5,-0.5,102.5,103.0,102.5,103.0,2401.0,3851.0,17029.0,37223.0,False,False
2317,2022-10-25 11:23:00.990108,-0.004854368932038833,-0.004854368932038833,-0.5,-0.5,102.5,103.0,102.5,103.0,2403.0,3851.0,17029.0,37223.0,False,False
2317,2022-10-25 11:23:01.847187,-0.004854368932038833,-0.004854368932038833,-0.5,-0.5,102.5,103.0,102.5,103.0,2403.0,3851.0,17379.0,37221.0,True,True
2317,2022-10-25 11:23:03.283414,-0.004854368932038833,-0.004854368932038833,-0.5,-0.5,102.5,103.0,102.5,103.0,2403.0,3851.0,17379.0,37221.0,False,False
2317,2022-10-25 11:23:03.563661,-0.004854368932038833,-0.004854368932038833,-0.5,-0.5,102.5,103.0,102.5,103.0,2403.0,3854.0,17379.0,37221.0,False,False
2317,2022-10-25 11:23:05.679105,-0.004854368932038833,-0.004854368932038833,-0.5,-0.5,102.5,103.0,102.5,103.0,2404.0,3854.0,17379.0,37221.0,False,False
2317,2022-10-25 11:23:05.732336,-0.004854368932038833,-0.004854368932038833,-0.5,-0.5,102.5,103.0,102.5,103.0,2404.0,3854.0,17379.0,37221.0,False,False
2317,2022-10-25 11:23:05.859096,-0.004854368932038833,-0.004854368932038833,-0.5,-0.5,102.5,103.0,102.5,103.0,2404.0,3856.0,17379.0,37221.0,False,False
2317,2022-10-25 11:23:08.135784,-0.004854368932038833,-0.004854368932038833,-0.5,-0.5,102.5,103.0,102.5,103.0,2404.0,3856.0,17379.0,37221.0,False,False
2317,2022-10-25 11:23:08.402725,-0.004854368932038833,-0.004854368932038833,-0.5,-0.5,102.5,103.0,102.5,103.0,2406.0,3856.0,17379.0,37221.0,False,False
2317,2022-10-25 11:23:08.725857,-0.004854368932038833,-0.004854368932038833,-0.5,-0.5,102.5,103.0,102.5,103.0,2408.0,3856.0,17379.0,37221.0,False,False
2317,2022-10-25 11:23:09.116301,-0.004854368932038833,-0.004854368932038833,-0.5,-0.5,102.5,103.0,102.5,103.0,2408.0,3858.0,17379.0,37221.0,False,False
2317,2022-10-25 11:23:09.147690,-0.004854368932038833,-0.004854368932038833,-0.5,-0.5,102.5,103.0,102.5,103.0,2410.0,3858.0,17379.0,37221.0,False,False
2317,2022-10-25 11:23:09.544235,-0.004854368932038833,-0.004854368932038833,-0.5,-0.5,102.5,103.0,102.5,103.0,2410.0,3858.0,17379.0,37221.0,False,False
2317,2022-10-25 11:23:09.642615,-0.004854368932038833,-0.004854368932038833,-0.5,-0.5,102.5,103.0,102.5,103.0,2412.0,3858.0,17379.0,37221.0,False,False
2317,2022-10-25 11:23:09.808249,-0.004854368932038833,-0.004854368932038833,-0.5,-0.5,102.5,103.0,102.5,103.0,2412.0,3858.0,17379.0,37221.0,False,False
2317,2022-10-25 11:23:10.266458,-0.004854368932038833,-0.004854368932038833,-0.5,-0.5,102.5,103.0,102.5,103.0,2414.0,3858.0,17379.0,37221.0,False,False
2317,2022-10-25 11:23:10.548891,-0.004854368932038833,-0.004854368932038833,-0.5,-0.5,102.5,103.0,102.5,103.0,2414.0,3858.0,17379.0,37221.0,False,False
2317,2022-10-25 11:23:10.651141,-0.004854368932038833,-0.004854368932038833,-0.5,-0.5,102.5,103.0,102.5,103.0,2414.0,3857.0,17379.0,37221.0,False,False
2317,2022-10-25 11:23:10.749088,-0.004854368932038833,-0.004854368932038833,-0.5,-0.5,102.5,103.0,102.5,103.0,2415.0,3857.0,17379.0,37221.0,False,False
2317,2022-10-25 11:23:11.061004,-0.004854368932038833,-0.004854368932038833,-0.5,-0.5,102.5,103.0,102.5,103.0,2415.0,3857.0,17379.0,37221.0,False,False
2317,2022-10-25 11:23:11.210414,-0.004854368932038833,-0.004854368932038833,-0.5,-0.5,102.5,103.0,102.5,103.0,2414.0,3857.0,17379.0,37221.0,False,False
2317,2022-10-25 11:23:11.525227,-0.004854368932038833,-0.004854368932038833,-0.5,-0.5,102.5,103.0,102.5,103.0,2416.0,3857.0,17379.0,37221.0,False,False
2317,2022-10-25 11:23:11.886331,-0.004854368932038833,-0.004854368932038833,-0.5,-0.5,102.5,103.0,102.5,103.0,2416.0,3857.0,17379.0,37258.0,True,True
2317,2022-10-25 11:23:12.852372,-0.004854368932038833,-0.004854368932038833,-0.5,-0.5,102.5,103.0,102.5,103.0,2416.0,3857.0,17379.0,37258.0,False,False
2317,2022-10-25 11:23:17.386549,-0.004854368932038833,-0.004854368932038833,-0.5,-0.5,102.5,103.0,102.5,103.0,2416.0,3859.0,17379.0,37258.0,False,False
2317,2022-10-25 11:23:18.266359,-0.004854368932038833,-0.004854368932038833,-0.5,-0.5,102.5,103.0,102.5,103.0,2416.0,3861.0,17379.0,37258.0,False,False
2317,2022-10-25 11:23:18.573336,-0.004854368932038833,-0.004854368932038833,-0.5,-0.5,102.5,103.0,102.5,103.0,2416.0,3861.0,17379.0,37258.0,False,False
2317,2022-10-25 11:23:19.656103,-0.004854368932038833,-0.004854368932038833,-0.5,-0.5,102.5,103.0,102.5,103.0,2416.0,3861.0,17379.0,37258.0,False,False
2317,2022-10-25 11:23:19.760742,-0.004854368932038833,-0.004854368932038833,-0.5,-0.5,102.5,103.0,102.5,103.0,2411.0,3861.0,17379.0,37258.0,False,False
2317,2022-10-25 11:23:21.431504,-0.004854368932038833,-0.004854368932038833,-0.5,-0.5,102.5,103.0,102.5,103.0,2411.0,3861.0,17379.0,37258.0,False,False
2317,2022-10-25 11:23:21.923464,-0.004854368932038833,-0.004854368932038833,-0.5,-0.5,102.5,103.0,102.5,103.0,2411.0,3861.0,17389.0,36758.0,True,True
2317,2022-10-25 11:23:22.409435,-0.004854368932038833,-0.004854368932038833,-0.5,-0.5,102.5,103.0,102.5,103.0,2411.0,3863.0,17389.0,36758.0,False,False
2317,2022-10-25 11:23:22.605267,-0.004854368932038833,-0.004854368932038833,-0.5,-0.5,102.5,103.0,102.5,103.0,2412.0,3863.0,17389.0,36758.0,False,False
2317,2022-10-25 11:23:23.827595,-0.004854368932038833,-0.004854368932038833,-0.5,-0.5,102.5,103.0,102.5,103.0,2413.0,3863.0,17389.0,36758.0,False,False
2317,2022-10-25 11:23:24.317462,-0.004854368932038833,-0.004854368932038833,-0.5,-0.5,102.5,103.0,102.5,103.0,2413.0,3862.0,17389.0,36758.0,False,False
2317,2022-10-25 11:23:24.582730,-0.004854368932038833,-0.004854368932038833,-0.5,-0.5,102.5,103.0,102.5,103.0,2413.0,3862.0,17389.0,36758.0,False,False
2317,2022-10-25 11:23:24.823785,-0.004854368932038833,-0.004854368932038833,-0.5,-0.5,102.5,103.0,102.5,103.0,2413.0,3862.0,17389.0,36758.0,False,False
2317,2022-10-25 11:23:25.575627,-0.004854368932038833,-0.004854368932038833,-0.5,-0.5,102.5,103.0,102.5,103.0,2414.0,3862.0,17389.0,36758.0,False,False
2317,2022-10-25 11:23:26.607881,-0.004854368932038833,-0.004854368932038833,-0.5,-0.5,102.5,103.0,102.5,103.0,2414.0,3861.0,17389.0,36758.0,False,False
2317,2022-10-25 11:23:29.070838,-0.004854368932038833,-0.004854368932038833,-0.5,-0.5,102.5,103.0,102.5,103.0,2415.0,3861.0,17389.0,36758.0,False,False
2317,2022-10-25 11:23:30.886563,-0.004854368932038833,-0.004854368932038833,-0.5,-0.5,102.5,103.0,102.5,103.0,2415.0,3863.0,17389.0,36758.0,False,False
2317,2022-10-25 11:23:31.082447,-0.004854368932038833,-0.004854368932038833,-0.5,-0.5,102.5,103.0,102.5,103.0,2415.0,3863.0,17389.0,36758.0,False,False
2317,2022-10-25 11:23:31.958533,-0.004854368932038833,-0.004854368932038833,-0.5,-0.5,102.5,103.0,102.5,103.0,2415.0,3863.0,17489.0,36758.0,True,True
2317,2022-10-25 11:23:34.021425,-0.004854368932038833,-0.004854368932038833,-0.5,-0.5,102.5,103.0,102.5,103.0,2415.0,3862.0,17489.0,36758.0,False,False
2317,2022-10-25 11:23:35.294647,-0.004854368932038833,-0.004854368932038833,-0.5,-0.5,102.5,103.0,102.5,103.0,2415.0,3862.0,17489.0,36758.0,False,False
2317,2022-10-25 11:23:36.058864,-0.004854368932038833,-0.004854368932038833,-0.5,-0.5,102.5,103.0,102.5,103.0,2415.0,3864.0,17489.0,36758.0,False,False
2317,2022-10-25 11:23:38.169689,-0.004854368932038833,-0.004854368932038833,-0.5,-0.5,102.5,103.0,102.5,103.0,2415.0,3863.0,17489.0,36758.0,False,False
2317,2022-10-25 11:23:41.570293,-0.004854368932038833,-0.004854368932038833,-0.5,-0.5,102.5,103.0,102.5,103.0,2415.0,3863.0,17489.0,36758.0,False,False
2317,2022-10-25 11:23:41.659086,-0.004854368932038833,-0.004854368932038833,-0.5,-0.5,102.5,103.0,102.5,103.0,2415.0,3863.0,17489.0,36758.0,False,False
2317,2022-10-25 11:23:41.916231,-0.004854368932038833,-0.004854368932038833,-0.5,-0.5,102.5,103.0,102.5,103.0,2415.0,3863.0,17489.0,36758.0,False,False
2317,2022-10-25 11:23:42.018091,-0.004854368932038833,-0.004854368932038833,-0.5,-0.5,102.5,103.0,102.5,103.0,2415.0,3863.0,19489.0,36758.0,True,True
2317,2022-10-25 11:23:42.087474,-0.004854368932038833,-0.004854368932038833,-0.5,-0.5,102.5,103.0,102.5,103.0,2415.0,3863.0,19489.0,36758.0,False,False
2317,2022-10-25 11:23:42.211054,-0.004854368932038833,-0.004854368932038833,-0.5,-0.5,102.5,103.0,102.5,103.0,2415.0,3863.0,19489.0,36758.0,False,False
2317,2022-10-25 11:23:43.711369,-0.004854368932038833,-0.004854368932038833,-0.5,-0.5,102.5,103.0,102.5,103.0,2414.0,3863.0,19489.0,36758.0,False,False
2317,2022-10-25 11:23:44.340120,-0.004854368932038833,-0.004854368932038833,-0.5,-0.5,102.5,103.0,102.5,103.0,2414.0,3863.0,19489.0,36758.0,False,False
2317,2022-10-25 11:23:44.408986,-0.004854368932038833,-0.004854368932038833,-0.5,-0.5,102.5,103.0,102.5,103.0,2414.0,3863.0,19489.0,36758.0,False,False
2317,2022-10-25 11:23:44.501964,-0.004854368932038833,-0.004854368932038833,-0.5,-0.5,102.5,103.0,102.5,103.0,2409.0,3863.0,19489.0,36758.0,False,False
2317,2022-10-25 11:23:44.511045,-0.004854368932038833,-0.004854368932038833,-0.5,-0.5,102.5,103.0,102.5,103.0,2404.0,3863.0,19489.0,36758.0,False,False
2317,2022-10-25 11:23:46.384488,-0.004854368932038833,-0.004854368932038833,-0.5,-0.5,102.5,103.0,102.5,103.0,2421.0,3863.0,19489.0,36758.0,False,False
2317,2022-10-25 11:23:46.535896,-0.004854368932038833,-0.004854368932038833,-0.5,-0.5,102.5,103.0,102.5,103.0,2421.0,3862.0,19489.0,36758.0,False,False
2317,2022-10-25 11:23:47.680533,-0.004854368932038833,-0.004854368932038833,-0.5,-0.5,102.5,103.0,102.5,103.0,2421.0,3863.0,19489.0,36758.0,False,False
2317,2022-10-25 11:23:49.657775,-0.004854368932038833,-0.004854368932038833,-0.5,-0.5,102.5,103.0,102.5,103.0,2421.0,3863.0,19489.0,36758.0,False,False
2317,2022-10-25 11:23:52.056214,-0.004854368932038833,-0.004854368932038833,-0.5,-0.5,102.5,103.0,102.5,103.0,2421.0,3863.0,19489.0,36758.0,True,True
2317,2022-10-25 11:23:52.142992,-0.004854368932038833,-0.004854368932038833,-0.5,-0.5,102.5,103.0,102.5,103.0,2418.0,3863.0,19489.0,36758.0,False,False
2317,2022-10-25 11:23:52.294383,-0.004854368932038833,-0.004854368932038833,-0.5,-0.5,102.5,103.0,102.5,103.0,2418.0,3863.0,19489.0,36758.0,False,False
2317,2022-10-25 11:23:52.643162,-0.004854368932038833,-0.004854368932038833,-0.5,-0.5,102.5,103.0,102.5,103.0,2418.0,3863.0,19489.0,36758.0,False,False
2317,2022-10-25 11:23:52.676372,-0.004854368932038833,-0.004854368932038833,-0.5,-0.5,102.5,103.0,102.5,103.0,2418.0,3863.0,19489.0,36758.0,False,False
2317,2022-10-25 11:23:55.276723,-0.004854368932038833,-0.004854368932038833,-0.5,-0.5,102.5,103.0,102.5,103.0,2418.0,3863.0,19489.0,36758.0,False,False
2317,2022-10-25 11:23:56.293324,-0.004854368932038833,-0.004854368932038833,-0.5,-0.5,102.5,103.0,102.5,103.0,2418.0,3863.0,19489.0,36758.0,False,False
2317,2022-10-25 11:23:57.393931,-0.004854368932038833,-0.004854368932038833,-0.5,-0.5,102.5,103.0,102.5,103.0,2419.0,3863.0,19489.0,36758.0,False,False
2317,2022-10-25 11:23:57.917834,-0.004854368932038833,-0.004854368932038833,-0.5,-0.5,102.5,103.0,102.5,103.0,2419.0,3862.0,19489.0,36758.0,False,False
2317,2022-10-25 11:24:00.036876,-0.004854368932038833,-0.004854368932038833,-0.5,-0.5,102.5,103.0,102.5,103.0,2419.0,3863.0,19489.0,36758.0,False,False
2317,2022-10-25 11:24:02.095352,-0.004854368932038833,-0.004854368932038833,-0.5,-0.5,102.5,103.0,102.5,103.0,2419.0,3863.0,19489.0,36753.0,True,True
2317,2022-10-25 11:24:02.842248,-0.004854368932038833,-0.004854368932038833,-0.5,-0.5,102.5,103.0,102.5,103.0,2419.0,3863.0,19489.0,36753.0,False,False
2317,2022-10-25 11:24:03.700217,-0.004854368932038833,-0.004854368932038833,-0.5,-0.5,102.5,103.0,102.5,103.0,2419.0,3862.0,19489.0,36753.0,False,False
2317,2022-10-25 11:24:03.740924,-0.004854368932038833,-0.004854368932038833,-0.5,-0.5,102.5,103.0,102.5,103.0,2419.0,3861.0,19489.0,36753.0,False,False
2317,2022-10-25 11:24:06.358233,-0.004854368932038833,-0.004854368932038833,-0.5,-0.5,102.5,103.0,102.5,103.0,2421.0,3861.0,19489.0,36753.0,False,False
2317,2022-10-25 11:24:06.985675,-0.004854368932038833,-0.004854368932038833,-0.5,-0.5,102.5,103.0,102.5,103.0,2421.0,3861.0,19489.0,36753.0,False,False
2317,2022-10-25 11:24:07.018279,-0.004854368932038833,-0.004854368932038833,-0.5,-0.5,102.5,103.0,102.5,103.0,2421.0,3863.0,19489.0,36753.0,False,False
2317,2022-10-25 11:24:07.432685,-0.004854368932038833,-0.004854368932038833,-0.5,-0.5,102.5,103.0,102.5,103.0,2421.0,3863.0,19489.0,36753.0,False,False
2317,2022-10-25 11:24:10.510358,-0.004854368932038833,-0.004854368932038833,-0.5,-0.5,102.5,103.0,102.5,103.0,2416.0,3863.0,19489.0,36753.0,False,False
2317,2022-10-25 11:24:10.510918,-0.004854368932038833,-0.004854368932038833,-0.5,-0.5,102.5,103.0,102.5,103.0,2416.0,3863.0,19489.0,36753.0,False,False
2317,2022-10-25 11:24:12.134322,-0.004854368932038833,-0.004854368932038833,-0.5,-0.5,102.5,103.0,102.5,103.0,2416.0,3863.0,19489.0,36753.0,True,True
2317,2022-10-25 11:24:13.286776,-0.004854368932038833,-0.004854368932038833,-0.5,-0.5,102.5,103.0,102.5,103.0,2416.0,3863.0,19489.0,36753.0,False,False
2317,2022-10-25 11:24:13.845518,-0.004854368932038833,-0.004854368932038833,-0.5,-0.5,102.5,103.0,102.5,103.0,2366.0,3863.0,19489.0,36753.0,False,False
2317,2022-10-25 11:24:14.969740,-0.004854368932038833,-0.004854368932038833,-0.5,-0.5,102.5,103.0,102.5,103.0,2366.0,3913.0,19489.0,36753.0,False,False
2317,2022-10-25 11:24:14.998968,-0.004854368932038833,-0.004854368932038833,-0.5,-0.5,102.5,103.0,102.5,103.0,2366.0,3912.0,19489.0,36753.0,False,False
2317,2022-10-25 11:24:15.066824,-0.004854368932038833,-0.004854368932038833,-0.5,-0.5,102.5,103.0,102.5,103.0,2366.0,3911.0,19489.0,36753.0,False,False
2317,2022-10-25 11:24:15.336358,-0.004854368932038833,-0.004854368932038833,-0.5,-0.5,102.5,103.0,102.5,103.0,2366.0,3911.0,19489.0,36753.0,False,False
2317,2022-10-25 11:24:16.526072,-0.004854368932038833,-0.004854368932038833,-0.5,-0.5,102.5,103.0,102.5,103.0,2366.0,3911.0,19489.0,36753.0,False,False
2317,2022-10-25 11:24:17.475649,-0.004854368932038833,-0.004854368932038833,-0.5,-0.5,102.5,103.0,102.5,103.0,2366.0,3910.0,19489.0,36753.0,False,False
2317,2022-10-25 11:24:17.660983,-0.004854368932038833,-0.004854368932038833,-0.5,-0.5,102.5,103.0,102.5,103.0,2366.0,3910.0,19489.0,36753.0,False,False
2317,2022-10-25 11:24:17.910384,-0.004854368932038833,-0.004854368932038833,-0.5,-0.5,102.5,103.0,102.5,103.0,2366.0,3910.0,19489.0,36753.0,False,False
2317,2022-10-25 11:24:18.157068,-0.004854368932038833,-0.004854368932038833,-0.5,-0.5,102.5,103.0,102.5,103.0,2366.0,3910.0,19489.0,36753.0,False,False
2317,2022-10-25 11:24:19.967254,-0.004854368932038833,-0.004854368932038833,-0.5,-0.5,102.5,103.0,102.5,103.0,2367.0,3910.0,19489.0,36753.0,False,False
2317,2022-10-25 11:24:20.712828,-0.004854368932038833,-0.004854368932038833,-0.5,-0.5,102.5,103.0,102.5,103.0,2367.0,3910.0,19489.0,36753.0,False,False
2317,2022-10-25 11:24:21.357982,-0.004854368932038833,-0.004854368932038833,-0.5,-0.5,102.5,103.0,102.5,103.0,2367.0,3910.0,19489.0,36753.0,False,False
2317,2022-10-25 11:24:22.061214,-0.004854368932038833,-0.004854368932038833,-0.5,-0.5,102.5,103.0,102.5,103.0,2367.0,3910.0,19489.0,36753.0,False,False
2317,2022-10-25 11:24:22.171328,-0.004854368932038833,-0.004854368932038833,-0.5,-0.5,102.5,103.0,102.5,103.0,2367.0,3910.0,19489.0,36753.0,True,True
2317,2022-10-25 11:24:24.037790,-0.004854368932038833,-0.004854368932038833,-0.5,-0.5,102.5,103.0,102.5,103.0,2367.0,3910.0,19489.0,36753.0,False,False
2317,2022-10-25 11:24:24.076353,-0.004854368932038833,-0.004854368932038833,-0.5,-0.5,102.5,103.0,102.5,103.0,2372.0,3910.0,19489.0,36753.0,False,False
2317,2022-10-25 11:24:24.564450,-0.004854368932038833,-0.004854368932038833,-0.5,-0.5,102.5,103.0,102.5,103.0,2372.0,3910.0,19489.0,36753.0,False,False
2317,2022-10-25 11:24:27.858387,-0.004854368932038833,-0.004854368932038833,-0.5,-0.5,102.5,103.0,102.5,103.0,2372.0,3910.0,19489.0,36753.0,False,False
2317,2022-10-25 11:24:30.614937,-0.004854368932038833,-0.004854368932038833,-0.5,-0.5,102.5,103.0,102.5,103.0,2372.0,3910.0,19489.0,36753.0,False,False
2317,2022-10-25 11:24:30.678230,-0.004854368932038833,-0.004854368932038833,-0.5,-0.5,102.5,103.0,102.5,103.0,2372.0,3911.0,19489.0,36753.0,False,False
2317,2022-10-25 11:24:30.951796,-0.004854368932038833,-0.004854368932038833,-0.5,-0.5,102.5,103.0,102.5,103.0,2372.0,3910.0,19489.0,36753.0,False,False
2317,2022-10-25 11:24:32.207651,-0.004854368932038833,-0.004854368932038833,-0.5,-0.5,102.5,103.0,102.5,103.0,2372.0,3910.0,19999.0,36753.0,True,True
2317,2022-10-25 11:24:32.879590,-0.004854368932038833,-0.004854368932038833,-0.5,-0.5,102.5,103.0,102.5,103.0,2372.0,3910.0,19999.0,36753.0,False,False
2317,2022-10-25 11:24:37.827148,-0.004854368932038833,-0.004854368932038833,-0.5,-0.5,102.5,103.0,102.5,103.0,2372.0,3910.0,19999.0,36753.0,False,False
2317,2022-10-25 11:24:37.828387,-0.004854368932038833,-0.004854368932038833,-0.5,-0.5,102.5,103.0,102.5,103.0,2372.0,3907.0,19999.0,36753.0,False,False
2317,2022-10-25 11:24:38.094316,-0.004854368932038833,-0.004854368932038833,-0.5,-0.5,102.5,103.0,102.5,103.0,2372.0,3907.0,19999.0,36753.0,False,False
2317,2022-10-25 11:24:40.254437,-0.004854368932038833,-0.004854368932038833,-0.5,-0.5,102.5,103.0,102.5,103.0,2372.0,3907.0,19999.0,36753.0,False,False
2317,2022-10-25 11:24:41.272302,-0.004854368932038833,-0.004854368932038833,-0.5,-0.5,102.5,103.0,102.5,103.0,2378.0,3907.0,19999.0,36753.0,False,False
2317,2022-10-25 11:24:41.605443,-0.004854368932038833,-0.004854368932038833,-0.5,-0.5,102.5,103.0,102.5,103.0,2378.0,3906.0,19999.0,36753.0,False,False
2317,2022-10-25 11:24:42.251954,-0.004854368932038833,-0.004854368932038833,-0.5,-0.5,102.5,103.0,102.5,103.0,2378.0,3906.0,20099.0,36775.0,True,True
2317,2022-10-25 11:24:42.507108,-0.004854368932038833,-0.004854368932038833,-0.5,-0.5,102.5,103.0,102.5,103.0,2378.0,3906.0,20099.0,36775.0,False,False
2317,2022-10-25 11:24:45.153687,-0.004854368932038833,-0.004854368932038833,-0.5,-0.5,102.5,103.0,102.5,103.0,2378.0,3904.0,20099.0,36775.0,False,False
2317,2022-10-25 11:24:45.753933,-0.004854368932038833,-0.004854368932038833,-0.5,-0.5,102.5,103.0,102.5,103.0,2378.0,3870.0,20099.0,36775.0,False,False
2317,2022-10-25 11:24:45.835928,-0.004854368932038833,-0.004854368932038833,-0.5,-0.5,102.5,103.0,102.5,103.0,2378.0,3870.0,20099.0,36775.0,False,False
2317,2022-10-25 11:24:46.988609,-0.004854368932038833,-0.004854368932038833,-0.5,-0.5,102.5,103.0,102.5,103.0,2378.0,3870.0,20099.0,36775.0,False,False
2317,2022-10-25 11:24:49.797170,-0.004854368932038833,-0.004854368932038833,-0.5,-0.5,102.5,103.0,102.5,103.0,2378.0,3870.0,20099.0,36775.0,False,False
2317,2022-10-25 11:24:52.278026,-0.004854368932038833,-0.004854368932038833,-0.5,-0.5,102.5,103.0,102.5,103.0,2378.0,3870.0,20099.0,36775.0,True,True
2317,2022-10-25 11:24:53.250046,-0.004854368932038833,-0.004854368932038833,-0.5,-0.5,102.5,103.0,102.5,103.0,2378.0,3870.0,20099.0,36775.0,False,False
2317,2022-10-25 11:24:54.635622,-0.004854368932038833,-0.004854368932038833,-0.5,-0.5,102.5,103.0,102.5,103.0,2378.0,3870.0,20099.0,36775.0,False,False
2317,2022-10-25 11:24:56.143515,-0.004854368932038833,-0.004854368932038833,-0.5,-0.5,102.5,103.0,102.5,103.0,2378.0,3870.0,20099.0,36775.0,False,False
2317,2022-10-25 11:24:57.139550,-0.004854368932038833,-0.004854368932038833,-0.5,-0.5,102.5,103.0,102.5,103.0,2378.0,3870.0,20099.0,36775.0,False,False
2317,2022-10-25 11:24:57.507876,-0.004854368932038833,-0.004854368932038833,-0.5,-0.5,102.5,103.0,102.5,103.0,2378.0,3869.0,20099.0,36775.0,False,False
2317,2022-10-25 11:24:58.080613,-0.004854368932038833,-0.004854368932038833,-0.5,-0.5,102.5,103.0,102.5,103.0,2378.0,3869.0,20099.0,36775.0,False,False
2317,2022-10-25 11:24:58.448941,-0.004854368932038833,-0.004854368932038833,-0.5,-0.5,102.5,103.0,102.5,103.0,2378.0,3869.0,20099.0,36775.0,False,False
2317,2022-10-25 11:24:58.547018,-0.004854368932038833,-0.004854368932038833,-0.5,-0.5,102.5,103.0,102.5,103.0,2374.0,3869.0,20099.0,36775.0,False,False
2317,2022-10-25 11:25:00.534911,-0.004854368932038833,-0.004854368932038833,-0.5,-0.5,102.5,103.0,102.5,103.0,2374.0,3869.0,20099.0,36775.0,False,False
2317,2022-10-25 11:25:02.441054,-0.004854368932038833,-0.004854368932038833,-0.5,-0.5,102.5,103.0,102.5,103.0,2374.0,3869.0,20101.0,36792.0,True,True
2317,2022-10-25 11:25:03.044236,-0.004854368932038833,-0.004854368932038833,-0.5,-0.5,102.5,103.0,102.5,103.0,2374.0,3866.0,20101.0,36792.0,False,False
2317,2022-10-25 11:25:03.366821,-0.004854368932038833,-0.004854368932038833,-0.5,-0.5,102.5,103.0,102.5,103.0,2374.0,3866.0,20101.0,36792.0,False,False
2317,2022-10-25 11:25:03.372061,-0.004854368932038833,-0.004854368932038833,-0.5,-0.5,102.5,103.0,102.5,103.0,2374.0,3866.0,20101.0,36792.0,False,False
2317,2022-10-25 11:25:08.703970,-0.004854368932038833,-0.004854368932038833,-0.5,-0.5,102.5,103.0,102.5,103.0,2374.0,3866.0,20101.0,36792.0,False,False
2317,2022-10-25 11:25:09.399442,-0.004854368932038833,-0.004854368932038833,-0.5,-0.5,102.5,103.0,102.5,103.0,2372.0,3866.0,20101.0,36792.0,False,False
2317,2022-10-25 11:25:09.645479,-0.004854368932038833,-0.004854368932038833,-0.5,-0.5,102.5,103.0,102.5,103.0,2372.0,3866.0,20101.0,36792.0,False,False
2317,2022-10-25 11:25:11.559401,-0.004854368932038833,-0.004854368932038833,-0.5,-0.5,102.5,103.0,102.5,103.0,2372.0,3866.0,20101.0,36792.0,False,False
2317,2022-10-25 11:25:11.835716,-0.004854368932038833,-0.004854368932038833,-0.5,-0.5,102.5,103.0,102.5,103.0,2372.0,3866.0,19152.0,35493.0,False,True
2317,2022-10-25 11:25:12.304203,-0.004854368932038833,-0.004854368932038833,-0.5,-0.5,102.5,103.0,102.5,103.0,2372.0,3866.0,19152.0,35493.0,False,False
2317,2022-10-25 11:25:13.360380,-0.004854368932038833,-0.004854368932038833,-0.5,-0.5,102.5,103.0,102.5,103.0,2373.0,3866.0,19152.0,35493.0,False,False
2317,2022-10-25 11:25:13.360680,-0.004854368932038833,-0.004854368932038833,-0.5,-0.5,102.5,103.0,102.5,103.0,2372.0,3865.0,19152.0,35493.0,False,False
2317,2022-10-25 11:25:15.628108,-0.004854368932038833,-0.004854368932038833,-0.5,-0.5,102.5,103.0,102.5,103.0,2375.0,3865.0,19152.0,35493.0,False,False
2317,2022-10-25 11:25:17.085437,-0.004854368932038833,-0.004854368932038833,-0.5,-0.5,102.5,103.0,102.5,103.0,2375.0,3865.0,19152.0,35493.0,False,False
2317,2022-10-25 11:25:18.413496,-0.004854368932038833,-0.004854368932038833,-0.5,-0.5,102.5,103.0,102.5,103.0,2375.0,3864.0,19152.0,35493.0,False,False
2317,2022-10-25 11:25:20.588989,-0.004854368932038833,-0.004854368932038833,-0.5,-0.5,102.5,103.0,102.5,103.0,2375.0,3863.0,19152.0,35493.0,False,False
2317,2022-10-25 11:25:21.842756,-0.004854368932038833,-0.004854368932038833,-0.5,-0.5,102.5,103.0,102.5,103.0,2375.0,3863.0,20451.0,36492.0,True,True
2317,2022-10-25 11:25:22.492282,-0.004854368932038833,-0.004854368932038833,-0.5,-0.5,102.5,103.0,102.5,103.0,2380.0,3863.0,20451.0,36492.0,False,False
2317,2022-10-25 11:25:23.185108,-0.004854368932038833,-0.004854368932038833,-0.5,-0.5,102.5,103.0,102.5,103.0,2380.0,3863.0,20451.0,36492.0,False,False
2317,2022-10-25 11:25:23.544021,-0.004854368932038833,-0.004854368932038833,-0.5,-0.5,102.5,103.0,102.5,103.0,2379.0,3863.0,20451.0,36492.0,False,False
2317,2022-10-25 11:25:23.998454,-0.004854368932038833,-0.004854368932038833,-0.5,-0.5,102.5,103.0,102.5,103.0,2379.0,3867.0,20451.0,36492.0,False,False
2317,2022-10-25 11:25:24.287349,-0.004854368932038833,-0.004854368932038833,-0.5,-0.5,102.5,103.0,102.5,103.0,2504.0,3867.0,20451.0,36492.0,False,False
2317,2022-10-25 11:25:24.972218,-0.004854368932038833,-0.004854368932038833,-0.5,-0.5,102.5,103.0,102.5,103.0,2504.0,3867.0,20451.0,36492.0,False,False
2317,2022-10-25 11:25:25.316341,-0.004854368932038833,-0.004854368932038833,-0.5,-0.5,102.5,103.0,102.5,103.0,2504.0,3858.0,20451.0,36492.0,False,False
2317,2022-10-25 11:25:25.446425,-0.004854368932038833,-0.004854368932038833,-0.5,-0.5,102.5,103.0,102.5,103.0,2504.0,3849.0,20451.0,36492.0,False,False
2317,2022-10-25 11:25:26.267041,-0.004854368932038833,-0.004854368932038833,-0.5,-0.5,102.5,103.0,102.5,103.0,2379.0,3849.0,20451.0,36492.0,False,False
2317,2022-10-25 11:25:26.675739,-0.004854368932038833,-0.004854368932038833,-0.5,-0.5,102.5,103.0,102.5,103.0,2379.0,3840.0,20451.0,36492.0,False,False
2317,2022-10-25 11:25:28.009434,-0.004854368932038833,-0.004854368932038833,-0.5,-0.5,102.5,103.0,102.5,103.0,2379.0,3840.0,20451.0,36492.0,False,False
2317,2022-10-25 11:25:28.116587,-0.004854368932038833,-0.004854368932038833,-0.5,-0.5,102.5,103.0,102.5,103.0,2379.0,3839.0,20451.0,36492.0,False,False
2317,2022-10-25 11:25:28.333997,-0.004854368932038833,-0.004854368932038833,-0.5,-0.5,102.5,103.0,102.5,103.0,2379.0,3837.0,20451.0,36492.0,False,False
2317,2022-10-25 11:25:28.335902,-0.004854368932038833,-0.004854368932038833,-0.5,-0.5,102.5,103.0,102.5,103.0,2379.0,3834.0,20451.0,36492.0,False,False
2317,2022-10-25 11:25:28.996024,-0.004854368932038833,-0.004854368932038833,-0.5,-0.5,102.5,103.0,102.5,103.0,2378.0,3834.0,20451.0,36492.0,False,False
2317,2022-10-25 11:25:29.062838,-0.004854368932038833,-0.004854368932038833,-0.5,-0.5,102.5,103.0,102.5,103.0,2379.0,3834.0,20451.0,36492.0,False,False
2317,2022-10-25 11:25:29.239710,-0.004854368932038833,-0.004854368932038833,-0.5,-0.5,102.5,103.0,102.5,103.0,2379.0,3833.0,20451.0,36492.0,False,False
2317,2022-10-25 11:25:30.275884,-0.004854368932038833,-0.004854368932038833,-0.5,-0.5,102.5,103.0,102.5,103.0,2505.0,3833.0,20451.0,36492.0,False,False
2317,2022-10-25 11:25:30.400459,-0.004854368932038833,-0.004854368932038833,-0.5,-0.5,102.5,103.0,102.5,103.0,2505.0,3824.0,20451.0,36492.0,False,False
2317,2022-10-25 11:25:30.491077,-0.004854368932038833,-0.004854368932038833,-0.5,-0.5,102.5,103.0,102.5,103.0,2505.0,3815.0,20451.0,36492.0,False,False
2317,2022-10-25 11:25:30.526411,-0.004854368932038833,-0.004854368932038833,-0.5,-0.5,102.5,103.0,102.5,103.0,2505.0,3816.0,20451.0,36492.0,False,False
2317,2022-10-25 11:25:31.259671,-0.004854368932038833,-0.004854368932038833,-0.5,-0.5,102.5,103.0,102.5,103.0,2379.0,3816.0,20451.0,36492.0,False,False
2317,2022-10-25 11:25:31.294003,-0.004854368932038833,-0.004854368932038833,-0.5,-0.5,102.5,103.0,102.5,103.0,2380.0,3816.0,20451.0,36492.0,False,False
2317,2022-10-25 11:25:31.462453,-0.004854368932038833,-0.004854368932038833,-0.5,-0.5,102.5,103.0,102.5,103.0,2380.0,3807.0,20451.0,36492.0,False,False
2317,2022-10-25 11:25:31.861420,-0.004854368932038833,-0.004854368932038833,-0.5,-0.5,102.5,103.0,102.5,103.0,2380.0,3807.0,20551.0,36492.0,True,True
2317,2022-10-25 11:25:32.129532,-0.004854368932038833,-0.004854368932038833,-0.5,-0.5,102.5,103.0,102.5,103.0,2380.0,3807.0,20551.0,36492.0,False,False
2317,2022-10-25 11:25:32.130651,-0.004854368932038833,-0.004854368932038833,-0.5,-0.5,102.5,103.0,102.5,103.0,2383.0,3807.0,20551.0,36492.0,False,False
2317,2022-10-25 11:25:33.536920,-0.004854368932038833,-0.004854368932038833,-0.5,-0.5,102.5,103.0,102.5,103.0,2393.0,3807.0,20551.0,36492.0,False,False
2317,2022-10-25 11:25:33.576879,-0.004854368932038833,-0.004854368932038833,-0.5,-0.5,102.5,103.0,102.5,103.0,2396.0,3807.0,20551.0,36492.0,False,False
2317,2022-10-25 11:25:35.350094,-0.004854368932038833,-0.004854368932038833,-0.5,-0.5,102.5,103.0,102.5,103.0,2396.0,3807.0,20551.0,36492.0,False,False
2317,2022-10-25 11:25:37.698458,-0.004854368932038833,-0.004854368932038833,-0.5,-0.5,102.5,103.0,102.5,103.0,2396.0,3807.0,20551.0,36492.0,False,False
2317,2022-10-25 11:25:38.032954,-0.004854368932038833,-0.004854368932038833,-0.5,-0.5,102.5,103.0,102.5,103.0,2396.0,3807.0,20551.0,36492.0,False,False
2317,2022-10-25 11:25:38.036002,-0.004854368932038833,-0.004854368932038833,-0.5,-0.5,102.5,103.0,102.5,103.0,2396.0,3804.0,20551.0,36492.0,False,False
2317,2022-10-25 11:25:38.575465,-0.004854368932038833,-0.004854368932038833,-0.5,-0.5,102.5,103.0,102.5,103.0,2396.0,3804.0,20551.0,36492.0,False,False
2317,2022-10-25 11:25:40.051104,-0.004854368932038833,-0.004854368932038833,-0.5,-0.5,102.5,103.0,102.5,103.0,2396.0,3804.0,20551.0,36492.0,False,False
2317,2022-10-25 11:25:40.492246,-0.004854368932038833,-0.004854368932038833,-0.5,-0.5,102.5,103.0,102.5,103.0,2396.0,3795.0,20551.0,36492.0,False,False
2317,2022-10-25 11:25:40.753395,-0.004854368932038833,-0.004854368932038833,-0.5,-0.5,102.5,103.0,102.5,103.0,2396.0,3787.0,20551.0,36492.0,False,False
2317,2022-10-25 11:25:41.228246,-0.004854368932038833,-0.004854368932038833,-0.5,-0.5,102.5,103.0,102.5,103.0,2396.0,3786.0,20551.0,36492.0,False,False
2317,2022-10-25 11:25:41.892871,-0.004854368932038833,-0.004854368932038833,-0.5,-0.5,102.5,103.0,102.5,103.0,2396.0,3786.0,20551.0,36492.0,True,True
2317,2022-10-25 11:25:42.618236,-0.004854368932038833,-0.004854368932038833,-0.5,-0.5,102.5,103.0,102.5,103.0,2396.0,3785.0,20551.0,36492.0,False,False
2317,2022-10-25 11:25:43.428509,-0.004854368932038833,-0.004854368932038833,-0.5,-0.5,102.5,103.0,102.5,103.0,2396.0,3784.0,20551.0,36492.0,False,False
2317,2022-10-25 11:25:43.428995,-0.004854368932038833,-0.004854368932038833,-0.5,-0.5,102.5,103.0,102.5,103.0,2396.0,3783.0,20551.0,36492.0,False,False
2317,2022-10-25 11:25:43.443666,-0.004854368932038833,-0.004854368932038833,-0.5,-0.5,102.5,103.0,102.5,103.0,2396.0,3783.0,20551.0,36492.0,False,False
2317,2022-10-25 11:25:44.814251,-0.004854368932038833,-0.004854368932038833,-0.5,-0.5,102.5,103.0,102.5,103.0,2396.0,3782.0,20551.0,36492.0,False,False
2317,2022-10-25 11:25:44.924047,-0.004854368932038833,-0.004854368932038833,-0.5,-0.5,102.5,103.0,102.5,103.0,2396.0,3782.0,20551.0,36492.0,False,False
2317,2022-10-25 11:25:45.756130,-0.004854368932038833,-0.004854368932038833,-0.5,-0.5,102.5,103.0,102.5,103.0,2396.0,3782.0,20551.0,36492.0,False,False
2317,2022-10-25 11:25:47.306595,-0.004854368932038833,-0.004854368932038833,-0.5,-0.5,102.5,103.0,102.5,103.0,2396.0,3781.0,20551.0,36492.0,False,False
2317,2022-10-25 11:25:47.465962,-0.004854368932038833,-0.004854368932038833,-0.5,-0.5,102.5,103.0,102.5,103.0,2796.0,3781.0,20551.0,36492.0,False,False
2317,2022-10-25 11:25:47.722790,-0.004854368932038833,-0.004854368932038833,-0.5,-0.5,102.5,103.0,102.5,103.0,2796.0,3781.0,20551.0,36492.0,False,False
2317,2022-10-25 11:25:47.725210,-0.004854368932038833,-0.004854368932038833,-0.5,-0.5,102.5,103.0,102.5,103.0,2824.0,3781.0,20551.0,36492.0,False,False
2317,2022-10-25 11:25:48.009041,-0.004854368932038833,-0.004854368932038833,-0.5,-0.5,102.5,103.0,102.5,103.0,2824.0,3781.0,20551.0,36492.0,False,False
2317,2022-10-25 11:25:48.985662,-0.004854368932038833,-0.004854368932038833,-0.5,-0.5,102.5,103.0,102.5,103.0,2824.0,3781.0,20551.0,36492.0,False,False
2317,2022-10-25 11:25:49.236715,-0.004854368932038833,-0.004854368932038833,-0.5,-0.5,102.5,103.0,102.5,103.0,2824.0,3781.0,20551.0,36492.0,False,False
2317,2022-10-25 11:25:49.243548,-0.004854368932038833,-0.004854368932038833,-0.5,-0.5,102.5,103.0,102.5,103.0,2824.0,3781.0,20551.0,36492.0,False,False
2317,2022-10-25 11:25:50.420485,-0.004854368932038833,-0.004854368932038833,-0.5,-0.5,102.5,103.0,102.5,103.0,2824.0,3780.0,20551.0,36492.0,False,False
2317,2022-10-25 11:25:50.560284,-0.004854368932038833,-0.004854368932038833,-0.5,-0.5,102.5,103.0,102.5,103.0,2824.0,3779.0,20551.0,36492.0,False,False
2317,2022-10-25 11:25:51.919233,-0.004854368932038833,-0.004854368932038833,-0.5,-0.5,102.5,103.0,102.5,103.0,2824.0,3779.0,20661.0,36470.0,True,True
2317,2022-10-25 11:25:51.907602,-0.004854368932038833,-0.004854368932038833,-0.5,-0.5,102.5,103.0,102.5,103.0,2824.0,3770.0,20661.0,36470.0,False,False
2317,2022-10-25 11:25:51.931838,-0.004854368932038833,-0.004854368932038833,-0.5,-0.5,102.5,103.0,102.5,103.0,2824.0,3769.0,20661.0,36470.0,False,False
2317,2022-10-25 11:25:52.493936,-0.004854368932038833,-0.004854368932038833,-0.5,-0.5,102.5,103.0,102.5,103.0,2824.0,3769.0,20661.0,36470.0,False,False
2317,2022-10-25 11:25:54.558628,-0.004854368932038833,-0.004854368932038833,-0.5,-0.5,102.5,103.0,102.5,103.0,2824.0,3764.0,20661.0,36470.0,False,False
2317,2022-10-25 11:25:55.627645,-0.004854368932038833,-0.004854368932038833,-0.5,-0.5,102.5,103.0,102.5,103.0,2824.0,3763.0,20661.0,36470.0,False,False
2317,2022-10-25 11:25:56.585292,-0.004854368932038833,-0.004854368932038833,-0.5,-0.5,102.5,103.0,102.5,103.0,2824.0,3764.0,20661.0,36470.0,False,False
2317,2022-10-25 11:25:59.460395,-0.004854368932038833,-0.004854368932038833,-0.5,-0.5,102.5,103.0,102.5,103.0,2824.0,3764.0,20661.0,36470.0,False,False
2317,2022-10-25 11:25:59.774528,-0.004854368932038833,-0.004854368932038833,-0.5,-0.5,102.5,103.0,102.5,103.0,2824.0,3764.0,20661.0,36470.0,False,False
2317,2022-10-25 11:26:00.084147,-0.004854368932038833,-0.004854368932038833,-0.5,-0.5,102.5,103.0,102.5,103.0,2824.0,3766.0,20661.0,36470.0,False,False
2317,2022-10-25 11:26:01.903176,-0.004854368932038833,-0.004854368932038833,-0.5,-0.5,102.5,103.0,102.5,103.0,2824.0,3766.0,20661.0,36470.0,False,False
2317,2022-10-25 11:26:01.947045,-0.004854368932038833,-0.004854368932038833,-0.5,-0.5,102.5,103.0,102.5,103.0,2824.0,3766.0,20711.0,36418.0,True,True
2317,2022-10-25 11:26:03.474322,-0.004854368932038833,-0.004854368932038833,-0.5,-0.5,102.5,103.0,102.5,103.0,2824.0,3766.0,20711.0,36418.0,False,False
2317,2022-10-25 11:26:04.064941,-0.004854368932038833,-0.004854368932038833,-0.5,-0.5,102.5,103.0,102.5,103.0,2824.0,3716.0,20711.0,36418.0,False,False
2317,2022-10-25 11:26:05.596224,-0.004854368932038833,-0.004854368932038833,-0.5,-0.5,102.5,103.0,102.5,103.0,2829.0,3716.0,20711.0,36418.0,False,False
2317,2022-10-25 11:26:05.945526,-0.004854368932038833,-0.004854368932038833,-0.5,-0.5,102.5,103.0,102.5,103.0,2829.0,3717.0,20711.0,36418.0,False,False
2317,2022-10-25 11:26:07.941820,-0.004854368932038833,-0.004854368932038833,-0.5,-0.5,102.5,103.0,102.5,103.0,2829.0,3717.0,20711.0,36418.0,False,False
2317,2022-10-25 11:26:09.032926,-0.004854368932038833,-0.004854368932038833,-0.5,-0.5,102.5,103.0,102.5,103.0,2830.0,3717.0,20711.0,36418.0,False,False
2317,2022-10-25 11:26:09.348862,-0.004854368932038833,-0.004854368932038833,-0.5,-0.5,102.5,103.0,102.5,103.0,2830.0,3717.0,20711.0,36418.0,False,False
2317,2022-10-25 11:26:09.579227,-0.004854368932038833,-0.004854368932038833,-0.5,-0.5,102.5,103.0,102.5,103.0,2830.0,3717.0,20711.0,36418.0,False,False
2317,2022-10-25 11:26:11.336476,-0.004854368932038833,-0.004854368932038833,-0.5,-0.5,102.5,103.0,102.5,103.0,2830.0,3717.0,20711.0,36418.0,False,False
2317,2022-10-25 11:26:11.970348,-0.004854368932038833,-0.004854368932038833,-0.5,-0.5,102.5,103.0,102.5,103.0,2830.0,3717.0,20775.0,36415.0,True,True
2317,2022-10-25 11:26:13.247414,-0.004854368932038833,-0.004854368932038833,-0.5,-0.5,102.5,103.0,102.5,103.0,2957.0,3717.0,20775.0,36415.0,False,False
2317,2022-10-25 11:26:13.688316,-0.004854368932038833,-0.004854368932038833,-0.5,-0.5,102.5,103.0,102.5,103.0,2957.0,3717.0,20775.0,36415.0,False,False
2317,2022-10-25 11:26:14.226175,-0.004854368932038833,-0.004854368932038833,-0.5,-0.5,102.5,103.0,102.5,103.0,2830.0,3717.0,20775.0,36415.0,False,False
2317,2022-10-25 11:26:14.826788,-0.004854368932038833,-0.004854368932038833,-0.5,-0.5,102.5,103.0,102.5,103.0,2829.0,3716.0,20775.0,36415.0,False,False
2317,2022-10-25 11:26:15.925703,-0.004854368932038833,-0.004854368932038833,-0.5,-0.5,102.5,103.0,102.5,103.0,2830.0,3716.0,20775.0,36415.0,False,False
2317,2022-10-25 11:26:16.323035,-0.004854368932038833,-0.004854368932038833,-0.5,-0.5,102.5,103.0,102.5,103.0,2830.0,3715.0,20775.0,36415.0,False,False
2317,2022-10-25 11:26:17.352433,-0.004854368932038833,-0.004854368932038833,-0.5,-0.5,102.5,103.0,102.5,103.0,2831.0,3715.0,20775.0,36415.0,False,False
2317,2022-10-25 11:26:19.436019,-0.004854368932038833,-0.004854368932038833,-0.5,-0.5,102.5,103.0,102.5,103.0,2831.0,3715.0,20775.0,36415.0,False,False
2317,2022-10-25 11:26:21.015658,-0.004854368932038833,-0.004854368932038833,-0.5,-0.5,102.5,103.0,102.5,103.0,2831.0,3717.0,20775.0,36415.0,False,False
2317,2022-10-25 11:26:21.091940,-0.004854368932038833,-0.004854368932038833,-0.5,-0.5,102.5,103.0,102.5,103.0,2831.0,3716.0,20775.0,36415.0,False,False
2317,2022-10-25 11:26:22.000042,-0.004854368932038833,-0.004854368932038833,-0.5,-0.5,102.5,103.0,102.5,103.0,2831.0,3716.0,20775.0,36110.0,True,True
2317,2022-10-25 11:26:22.558551,-0.004854368932038833,-0.004854368932038833,-0.5,-0.5,102.5,103.0,102.5,103.0,2831.0,3715.0,20775.0,36110.0,False,False
2317,2022-10-25 11:26:23.019197,-0.004854368932038833,-0.004854368932038833,-0.5,-0.5,102.5,103.0,102.5,103.0,2831.0,3715.0,20775.0,36110.0,False,False
2317,2022-10-25 11:26:23.655443,-0.004854368932038833,-0.004854368932038833,-0.5,-0.5,102.5,103.0,102.5,103.0,2831.0,3715.0,20775.0,36110.0,False,False
2317,2022-10-25 11:26:26.716409,-0.004854368932038833,-0.004854368932038833,-0.5,-0.5,102.5,103.0,102.5,103.0,2831.0,3712.0,20775.0,36110.0,False,False
2317,2022-10-25 11:26:26.721932,-0.004854368932038833,-0.004854368932038833,-0.5,-0.5,102.5,103.0,102.5,103.0,2831.0,3712.0,20775.0,36110.0,False,False
2317,2022-10-25 11:26:29.718956,-0.004854368932038833,-0.004854368932038833,-0.5,-0.5,102.5,103.0,102.5,103.0,2831.0,3712.0,20775.0,36110.0,False,False
2317,2022-10-25 11:26:30.875446,-0.004854368932038833,-0.004854368932038833,-0.5,-0.5,102.5,103.0,102.5,103.0,2831.0,3712.0,20775.0,36110.0,False,False
2317,2022-10-25 11:26:32.027628,-0.004854368932038833,-0.004854368932038833,-0.5,-0.5,102.5,103.0,102.5,103.0,2831.0,3712.0,20875.0,36110.0,True,True
2317,2022-10-25 11:26:32.527109,-0.004854368932038833,-0.004854368932038833,-0.5,-0.5,102.5,103.0,102.5,103.0,2831.0,3713.0,20875.0,36110.0,False,False
2317,2022-10-25 11:26:32.855021,-0.004854368932038833,-0.004854368932038833,-0.5,-0.5,102.5,103.0,102.5,103.0,2831.0,3713.0,20875.0,36110.0,False,False
2317,2022-10-25 11:26:33.199450,-0.004854368932038833,-0.004854368932038833,-0.5,-0.5,102.5,103.0,102.5,103.0,2831.0,3713.0,20875.0,36110.0,False,False
2317,2022-10-25 11:26:33.416829,-0.004854368932038833,-0.004854368932038833,-0.5,-0.5,102.5,103.0,102.5,103.0,2831.0,3712.0,20875.0,36110.0,False,False
2317,2022-10-25 11:26:33.499420,-0.004854368932038833,-0.004854368932038833,-0.5,-0.5,102.5,103.0,102.5,103.0,2831.0,3712.0,20875.0,36110.0,False,False
2317,2022-10-25 11:26:33.764404,-0.004854368932038833,-0.004854368932038833,-0.5,-0.5,102.5,103.0,102.5,103.0,2831.0,3712.0,20875.0,36110.0,False,False
2317,2022-10-25 11:26:34.868430,-0.004854368932038833,-0.004854368932038833,-0.5,-0.5,102.5,103.0,102.5,103.0,2832.0,3712.0,20875.0,36110.0,False,False
2317,2022-10-25 11:26:35.691504,-0.004854368932038833,-0.004854368932038833,-0.5,-0.5,102.5,103.0,102.5,103.0,2834.0,3712.0,20875.0,36110.0,False,False
2317,2022-10-25 11:26:36.209242,-0.004854368932038833,-0.004854368932038833,-0.5,-0.5,102.5,103.0,102.5,103.0,2836.0,3712.0,20875.0,36110.0,False,False
2317,2022-10-25 11:26:37.113169,-0.004854368932038833,-0.004854368932038833,-0.5,-0.5,102.5,103.0,102.5,103.0,2838.0,3712.0,20875.0,36110.0,False,False
2317,2022-10-25 11:26:38.968137,-0.004854368932038833,-0.004854368932038833,-0.5,-0.5,102.5,103.0,102.5,103.0,2838.0,3711.0,20875.0,36110.0,False,False
2317,2022-10-25 11:26:39.182024,-0.004854368932038833,-0.004854368932038833,-0.5,-0.5,102.5,103.0,102.5,103.0,2838.0,3711.0,20875.0,36110.0,False,False
2317,2022-10-25 11:26:40.795901,-0.004854368932038833,-0.004854368932038833,-0.5,-0.5,102.5,103.0,102.5,103.0,2838.0,3710.0,20875.0,36110.0,False,False
2317,2022-10-25 11:26:41.175848,-0.004854368932038833,-0.004854368932038833,-0.5,-0.5,102.5,103.0,102.5,103.0,2838.0,3710.0,20875.0,36110.0,False,False
2317,2022-10-25 11:26:42.058974,-0.004854368932038833,-0.004854368932038833,-0.5,-0.5,102.5,103.0,102.5,103.0,2838.0,3710.0,21025.0,36075.0,True,True
2317,2022-10-25 11:26:43.528108,-0.004854368932038833,-0.004854368932038833,-0.5,-0.5,102.5,103.0,102.5,103.0,2838.0,3709.0,21025.0,36075.0,False,False
2317,2022-10-25 11:26:44.137313,-0.004854368932038833,-0.004854368932038833,-0.5,-0.5,102.5,103.0,102.5,103.0,2838.0,3709.0,21025.0,36075.0,False,False
2317,2022-10-25 11:26:47.405809,-0.004854368932038833,-0.004854368932038833,-0.5,-0.5,102.5,103.0,102.5,103.0,2838.0,3708.0,21025.0,36075.0,False,False
2317,2022-10-25 11:26:47.785296,-0.004854368932038833,-0.004854368932038833,-0.5,-0.5,102.5,103.0,102.5,103.0,2838.0,3708.0,21025.0,36075.0,False,False
2317,2022-10-25 11:26:49.894720,-0.004854368932038833,-0.004854368932038833,-0.5,-0.5,102.5,103.0,102.5,103.0,2838.0,3708.0,21025.0,36075.0,False,False
2317,2022-10-25 11:26:50.078287,-0.004854368932038833,-0.004854368932038833,-0.5,-0.5,102.5,103.0,102.5,103.0,2840.0,3708.0,21025.0,36075.0,False,False
2317,2022-10-25 11:26:50.765595,-0.004854368932038833,-0.004854368932038833,-0.5,-0.5,102.5,103.0,102.5,103.0,2840.0,3707.0,21025.0,36075.0,False,False
2317,2022-10-25 11:26:51.311997,-0.004854368932038833,-0.004854368932038833,-0.5,-0.5,102.5,103.0,102.5,103.0,2840.0,3707.0,21025.0,36075.0,False,False
2317,2022-10-25 11:26:51.784625,-0.004854368932038833,-0.004854368932038833,-0.5,-0.5,102.5,103.0,102.5,103.0,2840.0,3707.0,21025.0,36075.0,False,False
2317,2022-10-25 11:26:52.088030,-0.004854368932038833,-0.004854368932038833,-0.5,-0.5,102.5,103.0,102.5,103.0,2840.0,3707.0,21055.0,36075.0,True,True
2317,2022-10-25 11:26:52.609137,-0.004854368932038833,-0.004854368932038833,-0.5,-0.5,102.5,103.0,102.5,103.0,2840.0,3707.0,21055.0,36075.0,False,False
2317,2022-10-25 11:26:53.105689,-0.004854368932038833,-0.004854368932038833,-0.5,-0.5,102.5,103.0,102.5,103.0,2840.0,3697.0,21055.0,36075.0,False,False
2317,2022-10-25 11:26:53.469646,-0.004854368932038833,-0.004854368932038833,-0.5,-0.5,102.5,103.0,102.5,103.0,2840.0,3697.0,21055.0,36075.0,False,False
2317,2022-10-25 11:26:53.478363,-0.004854368932038833,-0.004854368932038833,-0.5,-0.5,102.5,103.0,102.5,103.0,2840.0,3697.0,21055.0,36075.0,False,False
2317,2022-10-25 11:26:53.604644,-0.004854368932038833,-0.004854368932038833,-0.5,-0.5,102.5,103.0,102.5,103.0,2840.0,3697.0,21055.0,36075.0,False,False
2317,2022-10-25 11:26:55.304107,-0.004854368932038833,-0.004854368932038833,-0.5,-0.5,102.5,103.0,102.5,103.0,2840.0,3697.0,21055.0,36075.0,False,False
2317,2022-10-25 11:26:55.944831,-0.004854368932038833,-0.004854368932038833,-0.5,-0.5,102.5,103.0,102.5,103.0,2840.0,3697.0,21055.0,36075.0,False,False
2317,2022-10-25 11:26:56.220609,-0.004854368932038833,-0.004854368932038833,-0.5,-0.5,102.5,103.0,102.5,103.0,2840.0,3696.0,21055.0,36075.0,False,False
2317,2022-10-25 11:26:56.236144,-0.004854368932038833,-0.004854368932038833,-0.5,-0.5,102.5,103.0,102.5,103.0,2840.0,3696.0,21055.0,36075.0,False,False
2317,2022-10-25 11:27:00.214815,-0.004854368932038833,-0.004854368932038833,-0.5,-0.5,102.5,103.0,102.5,103.0,2840.0,3696.0,21055.0,36075.0,False,False
2317,2022-10-25 11:27:02.114030,-0.004854368932038833,-0.004854368932038833,-0.5,-0.5,102.5,103.0,102.5,103.0,2840.0,3696.0,21055.0,36075.0,True,True
2317,2022-10-25 11:27:02.379489,-0.004854368932038833,-0.004854368932038833,-0.5,-0.5,102.5,103.0,102.5,103.0,2841.0,3696.0,21055.0,36075.0,False,False
2317,2022-10-25 11:27:05.754872,-0.004854368932038833,-0.004854368932038833,-0.5,-0.5,102.5,103.0,102.5,103.0,2842.0,3696.0,21055.0,36075.0,False,False
2317,2022-10-25 11:27:10.600886,-0.004854368932038833,-0.004854368932038833,-0.5,-0.5,102.5,103.0,102.5,103.0,2842.0,3695.0,21055.0,36075.0,False,False
2317,2022-10-25 11:27:11.173483,-0.004854368932038833,-0.004854368932038833,-0.5,-0.5,102.5,103.0,102.5,103.0,2842.0,3695.0,21055.0,36075.0,False,False
2317,2022-10-25 11:27:12.140054,-0.004854368932038833,-0.004854368932038833,-0.5,-0.5,102.5,103.0,102.5,103.0,2842.0,3695.0,21205.0,36045.0,True,True
2317,2022-10-25 11:27:12.345001,-0.004854368932038833,-0.004854368932038833,-0.5,-0.5,102.5,103.0,102.5,103.0,2842.0,3695.0,21205.0,36045.0,False,False
2317,2022-10-25 11:27:14.988169,-0.004854368932038833,-0.004854368932038833,-0.5,-0.5,102.5,103.0,102.5,103.0,2842.0,3695.0,21205.0,36045.0,False,False
2317,2022-10-25 11:27:15.603167,-0.004854368932038833,-0.004854368932038833,-0.5,-0.5,102.5,103.0,102.5,103.0,2842.0,3695.0,21205.0,36045.0,False,False
2317,2022-10-25 11:27:17.951770,-0.004854368932038833,-0.004854368932038833,-0.5,-0.5,102.5,103.0,102.5,103.0,2842.0,3695.0,21205.0,36045.0,False,False
2317,2022-10-25 11:27:18.890781,-0.004854368932038833,-0.004854368932038833,-0.5,-0.5,102.5,103.0,102.5,103.0,2842.0,3695.0,21205.0,36045.0,False,False
2317,2022-10-25 11:27:19.545895,-0.004854368932038833,-0.004854368932038833,-0.5,-0.5,102.5,103.0,102.5,103.0,2842.0,3695.0,21205.0,36045.0,False,False
2317,2022-10-25 11:27:20.177159,-0.004854368932038833,-0.004854368932038833,-0.5,-0.5,102.5,103.0,102.5,103.0,2843.0,3695.0,21205.0,36045.0,False,False
2317,2022-10-25 11:27:22.175300,-0.004854368932038833,-0.004854368932038833,-0.5,-0.5,102.5,103.0,102.5,103.0,2843.0,3695.0,21305.0,35995.0,True,True
2317,2022-10-25 11:27:23.800710,-0.004854368932038833,-0.004854368932038833,-0.5,-0.5,102.5,103.0,102.5,103.0,2844.0,3695.0,21305.0,35995.0,False,False
2317,2022-10-25 11:27:24.907162,-0.004854368932038833,-0.004854368932038833,-0.5,-0.5,102.5,103.0,102.5,103.0,2843.0,3695.0,21305.0,35995.0,False,False
2317,2022-10-25 11:27:25.537471,-0.004854368932038833,-0.004854368932038833,-0.5,-0.5,102.5,103.0,102.5,103.0,2843.0,3695.0,21305.0,35995.0,False,False
2317,2022-10-25 11:27:26.308918,-0.004854368932038833,-0.004854368932038833,-0.5,-0.5,102.5,103.0,102.5,103.0,2843.0,3695.0,21305.0,35995.0,False,False
2317,2022-10-25 11:27:27.164431,-0.004854368932038833,-0.004854368932038833,-0.5,-0.5,102.5,103.0,102.5,103.0,2845.0,3695.0,21305.0,35995.0,False,False
2317,2022-10-25 11:27:28.851063,-0.004854368932038833,-0.004854368932038833,-0.5,-0.5,102.5,103.0,102.5,103.0,2845.0,3627.0,21305.0,35995.0,False,False
2317,2022-10-25 11:27:28.944686,-0.004854368932038833,-0.004854368932038833,-0.5,-0.5,102.5,103.0,102.5,103.0,2840.0,3627.0,21305.0,35995.0,False,False
2317,2022-10-25 11:27:28.953948,-0.004854368932038833,-0.004854368932038833,-0.5,-0.5,102.5,103.0,102.5,103.0,2835.0,3627.0,21305.0,35995.0,False,False
2317,2022-10-25 11:27:30.889739,-0.004854368932038833,-0.004854368932038833,-0.5,-0.5,102.5,103.0,102.5,103.0,2837.0,3627.0,21305.0,35995.0,False,False
2317,2022-10-25 11:27:31.873863,-0.004854368932038833,-0.004854368932038833,-0.5,-0.5,102.5,103.0,102.5,103.0,2837.0,3719.0,21305.0,35995.0,False,False
2317,2022-10-25 11:27:32.219735,-0.004854368932038833,-0.004854368932038833,-0.5,-0.5,102.5,103.0,102.5,103.0,2837.0,3719.0,21295.0,35995.0,True,True
2317,2022-10-25 11:27:35.223971,-0.004854368932038833,-0.004854368932038833,-0.5,-0.5,102.5,103.0,102.5,103.0,2838.0,3719.0,21295.0,35995.0,False,False
2317,2022-10-25 11:27:35.455517,-0.004854368932038833,-0.004854368932038833,-0.5,-0.5,102.5,103.0,102.5,103.0,2838.0,3718.0,21295.0,35995.0,False,False
2317,2022-10-25 11:27:36.427511,-0.004854368932038833,-0.004854368932038833,-0.5,-0.5,102.5,103.0,102.5,103.0,2838.0,3717.0,21295.0,35995.0,False,False
2317,2022-10-25 11:27:39.349163,-0.004854368932038833,-0.004854368932038833,-0.5,-0.5,102.5,103.0,102.5,103.0,2838.0,3717.0,21295.0,35995.0,False,False
2317,2022-10-25 11:27:39.394615,-0.004854368932038833,-0.004854368932038833,-0.5,-0.5,102.5,103.0,102.5,103.0,2860.0,3716.0,21295.0,35995.0,False,False
2317,2022-10-25 11:27:42.247830,-0.004854368932038833,-0.004854368932038833,-0.5,-0.5,102.5,103.0,102.5,103.0,2860.0,3716.0,21895.0,35995.0,True,True
2317,2022-10-25 11:27:42.590495,-0.004854368932038833,-0.004854368932038833,-0.5,-0.5,102.5,103.0,102.5,103.0,2860.0,3716.0,21895.0,35995.0,False,False
2317,2022-10-25 11:27:44.081370,-0.004854368932038833,-0.004854368932038833,-0.5,-0.5,102.5,103.0,102.5,103.0,2860.0,3713.0,21895.0,35995.0,False,False
2317,2022-10-25 11:27:44.262052,-0.004854368932038833,-0.004854368932038833,-0.5,-0.5,102.5,103.0,102.5,103.0,2860.0,3713.0,21895.0,35995.0,False,False
2317,2022-10-25 11:27:45.404485,-0.004854368932038833,-0.004854368932038833,-0.5,-0.5,102.5,103.0,102.5,103.0,2859.0,3713.0,21895.0,35995.0,False,False
2317,2022-10-25 11:27:45.578270,-0.004854368932038833,-0.004854368932038833,-0.5,-0.5,102.5,103.0,102.5,103.0,2859.0,3713.0,21895.0,35995.0,False,False
2317,2022-10-25 11:27:46.062839,-0.004854368932038833,-0.004854368932038833,-0.5,-0.5,102.5,103.0,102.5,103.0,2859.0,3713.0,21895.0,35995.0,False,False
2317,2022-10-25 11:27:46.456382,-0.004854368932038833,-0.004854368932038833,-0.5,-0.5,102.5,103.0,102.5,103.0,2859.0,3713.0,21895.0,35995.0,False,False
2317,2022-10-25 11:27:46.867165,-0.004854368932038833,-0.004854368932038833,-0.5,-0.5,102.5,103.0,102.5,103.0,2859.0,3713.0,21895.0,35995.0,False,False
2317,2022-10-25 11:27:47.572769,-0.004854368932038833,-0.004854368932038833,-0.5,-0.5,102.5,103.0,102.5,103.0,2859.0,3713.0,21895.0,35995.0,False,False
2317,2022-10-25 11:27:47.694311,-0.004854368932038833,-0.004854368932038833,-0.5,-0.5,102.5,103.0,102.5,103.0,2859.0,3713.0,21895.0,35995.0,False,False
2317,2022-10-25 11:27:47.714576,-0.004854368932038833,-0.004854368932038833,-0.5,-0.5,102.5,103.0,102.5,103.0,2859.0,3713.0,21895.0,35995.0,False,False
2317,2022-10-25 11:27:48.756928,-0.004854368932038833,-0.004854368932038833,-0.5,-0.5,102.5,103.0,102.5,103.0,2859.0,3712.0,21895.0,35995.0,False,False
2317,2022-10-25 11:27:49.693821,-0.004854368932038833,-0.004854368932038833,-0.5,-0.5,102.5,103.0,102.5,103.0,2859.0,3712.0,21895.0,35995.0,False,False
2317,2022-10-25 11:27:50.290357,-0.004854368932038833,-0.004854368932038833,-0.5,-0.5,102.5,103.0,102.5,103.0,2859.0,3711.0,21895.0,35995.0,False,False
2317,2022-10-25 11:27:50.921156,-0.004854368932038833,-0.004854368932038833,-0.5,-0.5,102.5,103.0,102.5,103.0,2859.0,3711.0,21895.0,35995.0,False,False
2317,2022-10-25 11:27:52.276069,-0.004854368932038833,-0.004854368932038833,-0.5,-0.5,102.5,103.0,102.5,103.0,2859.0,3711.0,21995.0,35995.0,True,True
2317,2022-10-25 11:27:53.267215,-0.004854368932038833,-0.004854368932038833,-0.5,-0.5,102.5,103.0,102.5,103.0,2859.0,3711.0,21995.0,35995.0,False,False
2317,2022-10-25 11:27:54.215692,-0.004854368932038833,-0.004854368932038833,-0.5,-0.5,102.5,103.0,102.5,103.0,2854.0,3711.0,21995.0,35995.0,False,False
2317,2022-10-25 11:27:54.503147,-0.004854368932038833,-0.004854368932038833,-0.5,-0.5,102.5,103.0,102.5,103.0,2854.0,3711.0,21995.0,35995.0,False,False
2317,2022-10-25 11:27:54.645699,-0.004854368932038833,-0.004854368932038833,-0.5,-0.5,102.5,103.0,102.5,103.0,2854.0,3712.0,21995.0,35995.0,False,False
2317,2022-10-25 11:27:54.743780,-0.004854368932038833,-0.004854368932038833,-0.5,-0.5,102.5,103.0,102.5,103.0,2854.0,3712.0,21995.0,35995.0,False,False
2317,2022-10-25 11:27:54.951224,-0.004854368932038833,-0.004854368932038833,-0.5,-0.5,102.5,103.0,102.5,103.0,2854.0,3712.0,21995.0,35995.0,False,False
2317,2022-10-25 11:27:55.082795,-0.004854368932038833,-0.004854368932038833,-0.5,-0.5,102.5,103.0,102.5,103.0,2854.0,3717.0,21995.0,35995.0,False,False
2317,2022-10-25 11:27:56.150248,-0.004854368932038833,-0.004854368932038833,-0.5,-0.5,102.5,103.0,102.5,103.0,2854.0,3719.0,21995.0,35995.0,False,False
2317,2022-10-25 11:27:59.831840,-0.004854368932038833,-0.004854368932038833,-0.5,-0.5,102.5,103.0,102.5,103.0,2854.0,3719.0,21995.0,35995.0,False,False
2317,2022-10-25 11:27:59.940171,-0.004854368932038833,-0.004854368932038833,-0.5,-0.5,102.5,103.0,102.5,103.0,2854.0,3719.0,21995.0,35995.0,False,False
2317,2022-10-25 11:28:00.116739,-0.004854368932038833,-0.004854368932038833,-0.5,-0.5,102.5,103.0,102.5,103.0,2855.0,3719.0,21995.0,35995.0,False,False
2317,2022-10-25 11:28:02.303993,-0.004854368932038833,-0.004854368932038833,-0.5,-0.5,102.5,103.0,102.5,103.0,2855.0,3719.0,21995.0,35534.0,True,True
2317,2022-10-25 11:28:04.689274,-0.004854368932038833,-0.004854368932038833,-0.5,-0.5,102.5,103.0,102.5,103.0,2855.0,3719.0,21995.0,35534.0,False,False
2317,2022-10-25 11:28:05.778930,-0.004854368932038833,-0.004854368932038833,-0.5,-0.5,102.5,103.0,102.5,103.0,2855.0,3719.0,21995.0,35534.0,False,False
2317,2022-10-25 11:28:07.823014,-0.004854368932038833,-0.004854368932038833,-0.5,-0.5,102.5,103.0,102.5,103.0,2855.0,3719.0,21995.0,35534.0,False,False
2317,2022-10-25 11:28:09.850941,-0.004854368932038833,-0.004854368932038833,-0.5,-0.5,102.5,103.0,102.5,103.0,2855.0,3718.0,21995.0,35534.0,False,False
2317,2022-10-25 11:28:10.772362,-0.004854368932038833,-0.004854368932038833,-0.5,-0.5,102.5,103.0,102.5,103.0,2855.0,3719.0,21995.0,35534.0,False,False
2317,2022-10-25 11:28:11.317024,-0.004854368932038833,-0.004854368932038833,-0.5,-0.5,102.5,103.0,102.5,103.0,2855.0,3716.0,21995.0,35534.0,False,False
2317,2022-10-25 11:28:11.929543,-0.004854368932038833,-0.004854368932038833,-0.5,-0.5,102.5,103.0,102.5,103.0,2855.0,3716.0,20996.0,34545.0,False,True
2317,2022-10-25 11:28:12.796772,-0.004854368932038833,-0.004854368932038833,-0.5,-0.5,102.5,103.0,102.5,103.0,2855.0,3707.0,20996.0,34545.0,False,False
2317,2022-10-25 11:28:12.931516,-0.004854368932038833,-0.004854368932038833,-0.5,-0.5,102.5,103.0,102.5,103.0,2855.0,3698.0,20996.0,34545.0,False,False
2317,2022-10-25 11:28:15.093116,-0.004854368932038833,-0.004854368932038833,-0.5,-0.5,102.5,103.0,102.5,103.0,2855.0,3698.0,20996.0,34545.0,False,False
2317,2022-10-25 11:28:15.129641,-0.004854368932038833,-0.004854368932038833,-0.5,-0.5,102.5,103.0,102.5,103.0,2925.0,3698.0,20996.0,34545.0,False,False
2317,2022-10-25 11:28:15.195537,-0.004854368932038833,-0.004854368932038833,-0.5,-0.5,102.5,103.0,102.5,103.0,2925.0,3598.0,20996.0,34545.0,False,False
2317,2022-10-25 11:28:15.244994,-0.004854368932038833,-0.004854368932038833,-0.5,-0.5,102.5,103.0,102.5,103.0,2933.0,3598.0,20996.0,34545.0,False,False
2317,2022-10-25 11:28:15.283030,-0.004854368932038833,-0.004854368932038833,-0.5,-0.5,102.5,103.0,102.5,103.0,2933.0,3598.0,20996.0,34545.0,False,False
2317,2022-10-25 11:28:15.450910,-0.004854368932038833,-0.004854368932038833,-0.5,-0.5,102.5,103.0,102.5,103.0,2935.0,3598.0,20996.0,34545.0,False,False
2317,2022-10-25 11:28:15.706086,-0.004854368932038833,-0.004854368932038833,-0.5,-0.5,102.5,103.0,102.5,103.0,2945.0,3598.0,20996.0,34545.0,False,False
2317,2022-10-25 11:28:15.706479,-0.004854368932038833,-0.004854368932038833,-0.5,-0.5,102.5,103.0,102.5,103.0,2945.0,3598.0,20996.0,34545.0,False,False
2317,2022-10-25 11:28:16.223611,-0.004854368932038833,-0.004854368932038833,-0.5,-0.5,102.5,103.0,102.5,103.0,2947.0,3598.0,20996.0,34545.0,False,False
2317,2022-10-25 11:28:16.548366,-0.004854368932038833,-0.004854368932038833,-0.5,-0.5,102.5,103.0,102.5,103.0,2947.0,3598.0,20996.0,34545.0,False,False
2317,2022-10-25 11:28:17.800323,-0.004854368932038833,-0.004854368932038833,-0.5,-0.5,102.5,103.0,102.5,103.0,2947.0,3593.0,20996.0,34545.0,False,False
2317,2022-10-25 11:28:18.424138,-0.004854368932038833,-0.004854368932038833,-0.5,-0.5,102.5,103.0,102.5,103.0,2947.0,3584.0,20996.0,34545.0,False,False
2317,2022-10-25 11:28:18.527805,-0.004854368932038833,-0.004854368932038833,-0.5,-0.5,102.5,103.0,102.5,103.0,2947.0,3575.0,20996.0,34545.0,False,False
2317,2022-10-25 11:28:18.597720,-0.004854368932038833,-0.004854368932038833,-0.5,-0.5,102.5,103.0,102.5,103.0,2947.0,3574.0,20996.0,34545.0,False,False
2317,2022-10-25 11:28:20.105486,-0.004854368932038833,-0.004854368932038833,-0.5,-0.5,102.5,103.0,102.5,103.0,2947.0,3574.0,20996.0,34545.0,False,False
2317,2022-10-25 11:28:20.162466,-0.004854368932038833,-0.004854368932038833,-0.5,-0.5,102.5,103.0,102.5,103.0,2947.0,3574.0,20996.0,34545.0,False,False
2317,2022-10-25 11:28:20.861497,-0.004854368932038833,-0.004854368932038833,-0.5,-0.5,102.5,103.0,102.5,103.0,2947.0,3572.0,20996.0,34545.0,False,False
2317,2022-10-25 11:28:21.780103,-0.004854368932038833,-0.004854368932038833,-0.5,-0.5,102.5,103.0,102.5,103.0,2947.0,3570.0,20996.0,34545.0,False,False
2317,2022-10-25 11:28:21.781578,-0.004854368932038833,-0.004854368932038833,-0.5,-0.5,102.5,103.0,102.5,103.0,2947.0,3568.0,20996.0,34545.0,False,False
2317,2022-10-25 11:28:21.956909,-0.004854368932038833,-0.004854368932038833,-0.5,-0.5,102.5,103.0,102.5,103.0,2947.0,3568.0,23993.0,35564.0,True,True
2317,2022-10-25 11:28:22.162958,-0.004854368932038833,-0.004854368932038833,-0.5,-0.5,102.5,103.0,102.5,103.0,2947.0,3566.0,23993.0,35564.0,False,False
2317,2022-10-25 11:28:22.218268,-0.004854368932038833,-0.004854368932038833,-0.5,-0.5,102.5,103.0,102.5,103.0,2948.0,3566.0,23993.0,35564.0,False,False
2317,2022-10-25 11:28:22.496711,-0.004854368932038833,-0.004854368932038833,-0.5,-0.5,102.5,103.0,102.5,103.0,2948.0,3564.0,23993.0,35564.0,False,False
2317,2022-10-25 11:28:23.084900,-0.004854368932038833,-0.004854368932038833,-0.5,-0.5,102.5,103.0,102.5,103.0,2948.0,3564.0,23993.0,35564.0,False,False
2317,2022-10-25 11:28:25.262068,-0.004854368932038833,-0.004854368932038833,-0.5,-0.5,102.5,103.0,102.5,103.0,2948.0,3514.0,23993.0,35564.0,False,False
2317,2022-10-25 11:28:25.422439,-0.004854368932038833,-0.004854368932038833,-0.5,-0.5,102.5,103.0,102.5,103.0,2948.0,3513.0,23993.0,35564.0,False,False
2317,2022-10-25 11:28:25.450313,-0.004854368932038833,-0.004854368932038833,-0.5,-0.5,102.5,103.0,102.5,103.0,2948.0,3513.0,23993.0,35564.0,False,False
2317,2022-10-25 11:28:26.528903,-0.004854368932038833,-0.004854368932038833,-0.5,-0.5,102.5,103.0,102.5,103.0,2948.0,3513.0,23993.0,35564.0,False,False
2317,2022-10-25 11:28:29.444302,-0.004854368932038833,-0.004854368932038833,-0.5,-0.5,102.5,103.0,102.5,103.0,2948.0,3512.0,23993.0,35564.0,False,False
2317,2022-10-25 11:28:32.003911,-0.004854368932038833,-0.004854368932038833,-0.5,-0.5,102.5,103.0,102.5,103.0,2948.0,3512.0,24043.0,35564.0,True,True
2317,2022-10-25 11:28:37.129947,-0.004854368932038833,-0.004854368932038833,-0.5,-0.5,102.5,103.0,102.5,103.0,2948.0,3514.0,24043.0,35564.0,False,False
2317,2022-10-25 11:28:37.255607,-0.004854368932038833,-0.004854368932038833,-0.5,-0.5,102.5,103.0,102.5,103.0,2948.0,3516.0,24043.0,35564.0,False,False
2317,2022-10-25 11:28:37.633962,-0.004854368932038833,-0.004854368932038833,-0.5,-0.5,102.5,103.0,102.5,103.0,2948.0,3518.0,24043.0,35564.0,False,False
2317,2022-10-25 11:28:38.947494,-0.004854368932038833,-0.004854368932038833,-0.5,-0.5,102.5,103.0,102.5,103.0,2948.0,3518.0,24043.0,35564.0,False,False
2317,2022-10-25 11:28:40.079784,-0.004854368932038833,-0.004854368932038833,-0.5,-0.5,102.5,103.0,102.5,103.0,2948.0,3518.0,24043.0,35564.0,False,False
2317,2022-10-25 11:28:40.084683,-0.004854368932038833,-0.004854368932038833,-0.5,-0.5,102.5,103.0,102.5,103.0,2945.0,3518.0,24043.0,35564.0,False,False
2317,2022-10-25 11:28:42.032544,-0.004854368932038833,-0.004854368932038833,-0.5,-0.5,102.5,103.0,102.5,103.0,2945.0,3518.0,24043.0,36064.0,True,True
2317,2022-10-25 11:28:42.215482,-0.004854368932038833,-0.004854368932038833,-0.5,-0.5,102.5,103.0,102.5,103.0,2945.0,3518.0,24043.0,36064.0,False,False
2317,2022-10-25 11:28:42.243953,-0.004854368932038833,-0.004854368932038833,-0.5,-0.5,102.5,103.0,102.5,103.0,2945.0,3516.0,24043.0,36064.0,False,False
2317,2022-10-25 11:28:42.268608,-0.004854368932038833,-0.004854368932038833,-0.5,-0.5,102.5,103.0,102.5,103.0,2965.0,3516.0,24043.0,36064.0,False,False
2317,2022-10-25 11:28:43.873767,-0.004854368932038833,-0.004854368932038833,-0.5,-0.5,102.5,103.0,102.5,103.0,2965.0,3516.0,24043.0,36064.0,False,False
2317,2022-10-25 11:28:44.932981,-0.004854368932038833,-0.004854368932038833,-0.5,-0.5,102.5,103.0,102.5,103.0,2966.0,3516.0,24043.0,36064.0,False,False
2317,2022-10-25 11:28:49.237594,-0.004854368932038833,-0.004854368932038833,-0.5,-0.5,102.5,103.0,102.5,103.0,2966.0,3516.0,24043.0,36064.0,False,False
2317,2022-10-25 11:28:50.714021,-0.004854368932038833,-0.004854368932038833,-0.5,-0.5,102.5,103.0,102.5,103.0,2966.0,3516.0,24043.0,36064.0,False,False
2317,2022-10-25 11:28:52.061620,-0.004854368932038833,-0.004854368932038833,-0.5,-0.5,102.5,103.0,102.5,103.0,2966.0,3516.0,24043.0,36064.0,True,True
2317,2022-10-25 11:28:52.158502,-0.004854368932038833,-0.004854368932038833,-0.5,-0.5,102.5,103.0,102.5,103.0,2966.0,3514.0,24043.0,36064.0,False,False
2317,2022-10-25 11:28:52.595196,-0.004854368932038833,-0.004854368932038833,-0.5,-0.5,102.5,103.0,102.5,103.0,2966.0,3514.0,24043.0,36064.0,False,False
2317,2022-10-25 11:28:56.128329,-0.004854368932038833,-0.004854368932038833,-0.5,-0.5,102.5,103.0,102.5,103.0,2966.0,3514.0,24043.0,36064.0,False,False
2317,2022-10-25 11:28:58.395934,-0.004854368932038833,-0.004854368932038833,-0.5,-0.5,102.5,103.0,102.5,103.0,2966.0,3514.0,24043.0,36064.0,False,False
2317,2022-10-25 11:29:02.085655,-0.004854368932038833,-0.004854368932038833,-0.5,-0.5,102.5,103.0,102.5,103.0,2966.0,3514.0,23953.0,36064.0,True,True
2317,2022-10-25 11:29:02.431706,-0.004854368932038833,-0.004854368932038833,-0.5,-0.5,102.5,103.0,102.5,103.0,2966.0,3513.0,23953.0,36064.0,False,False
2317,2022-10-25 11:29:02.796271,-0.004854368932038833,-0.004854368932038833,-0.5,-0.5,102.5,103.0,102.5,103.0,2966.0,3513.0,23953.0,36064.0,False,False
2317,2022-10-25 11:29:02.827935,-0.004854368932038833,-0.004854368932038833,-0.5,-0.5,102.5,103.0,102.5,103.0,2966.0,3513.0,23953.0,36064.0,False,False
2317,2022-10-25 11:29:02.906915,-0.004854368932038833,-0.004854368932038833,-0.5,-0.5,102.5,103.0,102.5,103.0,2966.0,3509.0,23953.0,36064.0,False,False
2317,2022-10-25 11:29:02.900621,-0.004854368932038833,-0.004854368932038833,-0.5,-0.5,102.5,103.0,102.5,103.0,2966.0,3513.0,23953.0,36064.0,False,False
2317,2022-10-25 11:29:03.801449,-0.004854368932038833,-0.004854368932038833,-0.5,-0.5,102.5,103.0,102.5,103.0,2986.0,3509.0,23953.0,36064.0,False,False
2317,2022-10-25 11:29:08.296704,-0.004854368932038833,-0.004854368932038833,-0.5,-0.5,102.5,103.0,102.5,103.0,2986.0,3509.0,23953.0,36064.0,False,False
2317,2022-10-25 11:29:09.738786,-0.004854368932038833,-0.004854368932038833,-0.5,-0.5,102.5,103.0,102.5,103.0,2986.0,3509.0,23953.0,36064.0,False,False
2317,2022-10-25 11:29:09.773577,-0.004854368932038833,-0.004854368932038833,-0.5,-0.5,102.5,103.0,102.5,103.0,2986.0,3510.0,23953.0,36064.0,False,False
2317,2022-10-25 11:29:09.902033,-0.004854368932038833,-0.004854368932038833,-0.5,-0.5,102.5,103.0,102.5,103.0,2986.0,3510.0,23953.0,36064.0,False,False
2317,2022-10-25 11:29:10.824718,-0.004854368932038833,-0.004854368932038833,-0.5,-0.5,102.5,103.0,102.5,103.0,2986.0,3510.0,23953.0,36064.0,False,False
2317,2022-10-25 11:29:11.803747,-0.004854368932038833,-0.004854368932038833,-0.5,-0.5,102.5,103.0,102.5,103.0,2986.0,3515.0,23953.0,36064.0,False,False
2317,2022-10-25 11:29:12.111644,-0.004854368932038833,-0.004854368932038833,-0.5,-0.5,102.5,103.0,102.5,103.0,2986.0,3515.0,23993.0,36064.0,True,True
2317,2022-10-25 11:29:13.024986,-0.004854368932038833,-0.004854368932038833,-0.5,-0.5,102.5,103.0,102.5,103.0,2986.0,3515.0,23993.0,36064.0,False,False
2317,2022-10-25 11:29:14.148074,-0.004854368932038833,-0.004854368932038833,-0.5,-0.5,102.5,103.0,102.5,103.0,2968.0,3515.0,23993.0,36064.0,False,False
2317,2022-10-25 11:29:15.537620,-0.004854368932038833,-0.004854368932038833,-0.5,-0.5,102.5,103.0,102.5,103.0,2968.0,3516.0,23993.0,36064.0,False,False
2317,2022-10-25 11:29:19.220311,-0.004854368932038833,-0.004854368932038833,-0.5,-0.5,102.5,103.0,102.5,103.0,2968.0,3516.0,23993.0,36064.0,False,False
2317,2022-10-25 11:29:22.154199,-0.004854368932038833,-0.004854368932038833,-0.5,-0.5,102.5,103.0,102.5,103.0,2968.0,3516.0,23983.0,36064.0,True,True
2317,2022-10-25 11:29:22.248036,-0.004854368932038833,-0.004854368932038833,-0.5,-0.5,102.5,103.0,102.5,103.0,2968.0,3515.0,23983.0,36064.0,False,False
2317,2022-10-25 11:29:22.514974,-0.004854368932038833,-0.004854368932038833,-0.5,-0.5,102.5,103.0,102.5,103.0,2968.0,3515.0,23983.0,36064.0,False,False
2317,2022-10-25 11:29:22.539453,-0.004854368932038833,-0.004854368932038833,-0.5,-0.5,102.5,103.0,102.5,103.0,2968.0,3515.0,23983.0,36064.0,False,False
2317,2022-10-25 11:29:24.375031,-0.004854368932038833,-0.004854368932038833,-0.5,-0.5,102.5,103.0,102.5,103.0,2968.0,3515.0,23983.0,36064.0,False,False
2317,2022-10-25 11:29:24.687183,-0.004854368932038833,-0.004854368932038833,-0.5,-0.5,102.5,103.0,102.5,103.0,2970.0,3515.0,23983.0,36064.0,False,False
2317,2022-10-25 11:29:25.391371,-0.004854368932038833,-0.004854368932038833,-0.5,-0.5,102.5,103.0,102.5,103.0,2970.0,3515.0,23983.0,36064.0,False,False
2317,2022-10-25 11:29:25.667349,-0.004854368932038833,-0.004854368932038833,-0.5,-0.5,102.5,103.0,102.5,103.0,2970.0,3515.0,23983.0,36064.0,False,False
2317,2022-10-25 11:29:25.925560,-0.004854368932038833,-0.004854368932038833,-0.5,-0.5,102.5,103.0,102.5,103.0,2970.0,3514.0,23983.0,36064.0,False,False
2317,2022-10-25 11:29:27.354972,-0.004854368932038833,-0.004854368932038833,-0.5,-0.5,102.5,103.0,102.5,103.0,2970.0,3513.0,23983.0,36064.0,False,False
2317,2022-10-25 11:29:30.305186,-0.004854368932038833,-0.004854368932038833,-0.5,-0.5,102.5,103.0,102.5,103.0,2971.0,3513.0,23983.0,36064.0,False,False
2317,2022-10-25 11:29:31.164778,-0.004854368932038833,-0.004854368932038833,-0.5,-0.5,102.5,103.0,102.5,103.0,2971.0,3513.0,23983.0,36064.0,False,False
2317,2022-10-25 11:29:32.060886,-0.004854368932038833,-0.004854368932038833,-0.5,-0.5,102.5,103.0,102.5,103.0,2971.0,3514.0,23983.0,36064.0,False,False
2317,2022-10-25 11:29:32.182140,-0.004854368932038833,-0.004854368932038833,-0.5,-0.5,102.5,103.0,102.5,103.0,2971.0,3514.0,23983.0,36064.0,True,True
2317,2022-10-25 11:29:32.884799,-0.004854368932038833,-0.004854368932038833,-0.5,-0.5,102.5,103.0,102.5,103.0,2971.0,3514.0,23983.0,36064.0,False,False
2317,2022-10-25 11:29:33.494576,-0.004854368932038833,-0.004854368932038833,-0.5,-0.5,102.5,103.0,102.5,103.0,2971.0,3513.0,23983.0,36064.0,False,False
2317,2022-10-25 11:29:35.631056,-0.004854368932038833,-0.004854368932038833,-0.5,-0.5,102.5,103.0,102.5,103.0,2951.0,3513.0,23983.0,36064.0,False,False
2317,2022-10-25 11:29:35.672617,-0.004854368932038833,-0.004854368932038833,-0.5,-0.5,102.5,103.0,102.5,103.0,2951.0,3513.0,23983.0,36064.0,False,False
2317,2022-10-25 11:29:36.326888,-0.004854368932038833,-0.004854368932038833,-0.5,-0.5,102.5,103.0,102.5,103.0,2952.0,3513.0,23983.0,36064.0,False,False
2317,2022-10-25 11:29:37.845739,-0.004854368932038833,-0.004854368932038833,-0.5,-0.5,102.5,103.0,102.5,103.0,3002.0,3513.0,23983.0,36064.0,False,False
2317,2022-10-25 11:29:37.914598,-0.004854368932038833,-0.004854368932038833,-0.5,-0.5,102.5,103.0,102.5,103.0,3002.0,3513.0,23983.0,36064.0,False,False
2317,2022-10-25 11:29:38.815272,-0.004854368932038833,-0.004854368932038833,-0.5,-0.5,102.5,103.0,102.5,103.0,3002.0,3511.0,23983.0,36064.0,False,False
2317,2022-10-25 11:29:38.829964,-0.004854368932038833,-0.004854368932038833,-0.5,-0.5,102.5,103.0,102.5,103.0,3002.0,3509.0,23983.0,36064.0,False,False
2317,2022-10-25 11:29:39.291598,-0.004854368932038833,-0.004854368932038833,-0.5,-0.5,102.5,103.0,102.5,103.0,3003.0,3509.0,23983.0,36064.0,False,False
2317,2022-10-25 11:29:40.321543,-0.004854368932038833,-0.004854368932038833,-0.5,-0.5,102.5,103.0,102.5,103.0,3003.0,3508.0,23983.0,36064.0,False,False
2317,2022-10-25 11:29:40.921178,-0.004854368932038833,-0.004854368932038833,-0.5,-0.5,102.5,103.0,102.5,103.0,3003.0,3508.0,23983.0,36064.0,False,False
2317,2022-10-25 11:29:41.653549,-0.004854368932038833,-0.004854368932038833,-0.5,-0.5,102.5,103.0,102.5,103.0,3003.0,3508.0,23983.0,36064.0,False,False
2317,2022-10-25 11:29:41.682713,-0.004854368932038833,-0.004854368932038833,-0.5,-0.5,102.5,103.0,102.5,103.0,3023.0,3508.0,23983.0,36064.0,False,False
2317,2022-10-25 11:29:42.210228,-0.004854368932038833,-0.004854368932038833,-0.5,-0.5,102.5,103.0,102.5,103.0,3023.0,3508.0,24033.0,35814.0,True,True
2317,2022-10-25 11:29:42.268833,-0.004854368932038833,-0.004854368932038833,-0.5,-0.5,102.5,103.0,102.5,103.0,3023.0,3507.0,24033.0,35814.0,False,False
2317,2022-10-25 11:29:43.112968,-0.004854368932038833,-0.004854368932038833,-0.5,-0.5,102.5,103.0,102.5,103.0,3023.0,3507.0,24033.0,35814.0,False,False
2317,2022-10-25 11:29:46.655196,-0.004854368932038833,-0.004854368932038833,-0.5,-0.5,102.5,103.0,102.5,103.0,3023.0,3507.0,24033.0,35814.0,False,False
2317,2022-10-25 11:29:46.754802,-0.004854368932038833,-0.004854368932038833,-0.5,-0.5,102.5,103.0,102.5,103.0,3018.0,3507.0,24033.0,35814.0,False,False
2317,2022-10-25 11:29:46.762075,-0.004854368932038833,-0.004854368932038833,-0.5,-0.5,102.5,103.0,102.5,103.0,3013.0,3507.0,24033.0,35814.0,False,False
2317,2022-10-25 11:29:46.815623,-0.004854368932038833,-0.004854368932038833,-0.5,-0.5,102.5,103.0,102.5,103.0,3013.0,3507.0,24033.0,35814.0,False,False
2317,2022-10-25 11:29:46.913912,-0.004854368932038833,-0.004854368932038833,-0.5,-0.5,102.5,103.0,102.5,103.0,3013.0,3507.0,24033.0,35814.0,False,False
2317,2022-10-25 11:29:47.068206,-0.004854368932038833,-0.004854368932038833,-0.5,-0.5,102.5,103.0,102.5,103.0,3013.0,3508.0,24033.0,35814.0,False,False
2317,2022-10-25 11:29:47.968056,-0.004854368932038833,-0.004854368932038833,-0.5,-0.5,102.5,103.0,102.5,103.0,3011.0,3508.0,24033.0,35814.0,False,False
2317,2022-10-25 11:29:48.445097,-0.004854368932038833,-0.004854368932038833,-0.5,-0.5,102.5,103.0,102.5,103.0,3011.0,3508.0,24033.0,35814.0,False,False
2317,2022-10-25 11:29:49.764373,-0.004854368932038833,-0.004854368932038833,-0.5,-0.5,102.5,103.0,102.5,103.0,3011.0,3508.0,24033.0,35814.0,False,False
2317,2022-10-25 11:29:52.252040,-0.004854368932038833,-0.004854368932038833,-0.5,-0.5,102.5,103.0,102.5,103.0,3011.0,3508.0,24043.0,35814.0,True,True
2317,2022-10-25 11:29:52.923887,-0.004854368932038833,-0.004854368932038833,-0.5,-0.5,102.5,103.0,102.5,103.0,3011.0,3508.0,24043.0,35814.0,False,False
2317,2022-10-25 11:29:56.574052,-0.004854368932038833,-0.004854368932038833,-0.5,-0.5,102.5,103.0,102.5,103.0,3012.0,3508.0,24043.0,35814.0,False,False
2317,2022-10-25 11:29:57.126360,-0.004854368932038833,-0.004854368932038833,-0.5,-0.5,102.5,103.0,102.5,103.0,3012.0,3505.0,24043.0,35814.0,False,False
2317,2022-10-25 11:29:57.691693,-0.004854368932038833,-0.004854368932038833,-0.5,-0.5,102.5,103.0,102.5,103.0,3012.0,3500.0,24043.0,35814.0,False,False
2317,2022-10-25 11:29:57.982237,-0.004854368932038833,-0.004854368932038833,-0.5,-0.5,102.5,103.0,102.5,103.0,3011.0,3500.0,24043.0,35814.0,False,False
2317,2022-10-25 11:29:59.302401,-0.004854368932038833,-0.004854368932038833,-0.5,-0.5,102.5,103.0,102.5,103.0,3031.0,3500.0,24043.0,35814.0,False,False
2317,2022-10-25 11:29:59.316848,-0.004854368932038833,-0.004854368932038833,-0.5,-0.5,102.5,103.0,102.5,103.0,3031.0,3501.0,24043.0,35814.0,False,False
2317,2022-10-25 11:30:02.362370,-0.004854368932038833,-0.004854368932038833,-0.5,-0.5,102.5,103.0,102.5,103.0,3031.0,3501.0,24043.0,35314.0,True,True
2317,2022-10-25 11:30:06.080778,-0.004854368932038833,-0.004854368932038833,-0.5,-0.5,102.5,103.0,102.5,103.0,3031.0,3501.0,24043.0,35314.0,False,False
2317,2022-10-25 11:30:06.287278,-0.004854368932038833,-0.004854368932038833,-0.5,-0.5,102.5,103.0,102.5,103.0,3031.0,3501.0,24043.0,35314.0,False,False
2317,2022-10-25 11:30:09.650957,-0.004854368932038833,-0.004854368932038833,-0.5,-0.5,102.5,103.0,102.5,103.0,3032.0,3501.0,24043.0,35314.0,False,False
2317,2022-10-25 11:30:12.438091,-0.004854368932038833,-0.004854368932038833,-0.5,-0.5,102.5,103.0,102.5,103.0,3032.0,3501.0,24043.0,35294.0,True,True
2317,2022-10-25 11:30:12.493680,-0.004854368932038833,-0.004854368932038833,-0.5,-0.5,102.5,103.0,102.5,103.0,3032.0,3501.0,24043.0,35294.0,False,False
2317,2022-10-25 11:30:13.891691,-0.004854368932038833,-0.004854368932038833,-0.5,-0.5,102.5,103.0,102.5,103.0,3032.0,3501.0,24043.0,35294.0,False,False
2317,2022-10-25 11:30:15.395826,-0.004854368932038833,-0.004854368932038833,-0.5,-0.5,102.5,103.0,102.5,103.0,3032.0,3500.0,24043.0,35294.0,False,False
2317,2022-10-25 11:30:15.835142,-0.004854368932038833,-0.004854368932038833,-0.5,-0.5,102.5,103.0,102.5,103.0,3033.0,3500.0,24043.0,35294.0,False,False
2317,2022-10-25 11:30:16.024154,-0.004854368932038833,-0.004854368932038833,-0.5,-0.5,102.5,103.0,102.5,103.0,3033.0,3500.0,24043.0,35294.0,False,False
2317,2022-10-25 11:30:16.449960,-0.004854368932038833,-0.004854368932038833,-0.5,-0.5,102.5,103.0,102.5,103.0,3033.0,3499.0,24043.0,35294.0,False,False
2317,2022-10-25 11:30:17.597985,-0.004854368932038833,-0.004854368932038833,-0.5,-0.5,102.5,103.0,102.5,103.0,3033.0,3498.0,24043.0,35294.0,False,False
2317,2022-10-25 11:30:21.281864,-0.004854368932038833,-0.004854368932038833,-0.5,-0.5,102.5,103.0,102.5,103.0,3034.0,3498.0,24043.0,35294.0,False,False
2317,2022-10-25 11:30:22.239393,-0.004854368932038833,-0.004854368932038833,-0.5,-0.5,102.5,103.0,102.5,103.0,3035.0,3498.0,24043.0,35294.0,False,False
2317,2022-10-25 11:30:22.500882,-0.004854368932038833,-0.004854368932038833,-0.5,-0.5,102.5,103.0,102.5,103.0,3035.0,3498.0,24143.0,34536.0,True,True
2317,2022-10-25 11:30:22.754916,-0.004854368932038833,-0.004854368932038833,-0.5,-0.5,102.5,103.0,102.5,103.0,3035.0,3478.0,24143.0,34536.0,False,False
2317,2022-10-25 11:30:24.691849,-0.004854368932038833,-0.004854368932038833,-0.5,-0.5,102.5,103.0,102.5,103.0,3035.0,3478.0,24143.0,34536.0,False,False
2317,2022-10-25 11:30:24.702515,-0.004854368932038833,-0.004854368932038833,-0.5,-0.5,102.5,103.0,102.5,103.0,3035.0,3478.0,24143.0,34536.0,False,False
2317,2022-10-25 11:30:24.776081,-0.004854368932038833,-0.004854368932038833,-0.5,-0.5,102.5,103.0,102.5,103.0,3129.0,3478.0,24143.0,34536.0,False,False
2317,2022-10-25 11:30:25.373843,-0.004854368932038833,-0.004854368932038833,-0.5,-0.5,102.5,103.0,102.5,103.0,3130.0,3478.0,24143.0,34536.0,False,False
2317,2022-10-25 11:30:25.493096,-0.004854368932038833,-0.004854368932038833,-0.5,-0.5,102.5,103.0,102.5,103.0,3130.0,3469.0,24143.0,34536.0,False,False
2317,2022-10-25 11:30:25.632035,-0.004854368932038833,-0.004854368932038833,-0.5,-0.5,102.5,103.0,102.5,103.0,3130.0,3460.0,24143.0,34536.0,False,False
2317,2022-10-25 11:30:25.654475,-0.004854368932038833,-0.004854368932038833,-0.5,-0.5,102.5,103.0,102.5,103.0,3130.0,3459.0,24143.0,34536.0,False,False
2317,2022-10-25 11:30:26.155279,-0.004854368932038833,-0.004854368932038833,-0.5,-0.5,102.5,103.0,102.5,103.0,3130.0,3454.0,24143.0,34536.0,False,False
2317,2022-10-25 11:30:27.163876,-0.004854368932038833,-0.004854368932038833,-0.5,-0.5,102.5,103.0,102.5,103.0,3130.0,3445.0,24143.0,34536.0,False,False
2317,2022-10-25 11:30:27.268429,-0.004854368932038833,-0.004854368932038833,-0.5,-0.5,102.5,103.0,102.5,103.0,3130.0,3436.0,24143.0,34536.0,False,False
2317,2022-10-25 11:30:28.639729,-0.004854368932038833,-0.004854368932038833,-0.5,-0.5,102.5,103.0,102.5,103.0,3130.0,3436.0,24143.0,34536.0,False,False
2317,2022-10-25 11:30:28.730516,-0.004854368932038833,-0.004854368932038833,-0.5,-0.5,102.5,103.0,102.5,103.0,3125.0,3436.0,24143.0,34536.0,False,False
2317,2022-10-25 11:30:29.750867,-0.004854368932038833,-0.004854368932038833,-0.5,-0.5,102.5,103.0,102.5,103.0,3045.0,3436.0,24143.0,34536.0,False,False
2317,2022-10-25 11:30:29.777648,-0.004854368932038833,-0.004854368932038833,-0.5,-0.5,102.5,103.0,102.5,103.0,3085.0,3436.0,24143.0,34536.0,False,False
2317,2022-10-25 11:30:31.055960,-0.004854368932038833,-0.004854368932038833,-0.5,-0.5,102.5,103.0,102.5,103.0,3085.0,3435.0,24143.0,34536.0,False,False
2317,2022-10-25 11:30:31.057263,-0.004854368932038833,-0.004854368932038833,-0.5,-0.5,102.5,103.0,102.5,103.0,3085.0,3434.0,24143.0,34536.0,False,False
2317,2022-10-25 11:30:31.621795,-0.004854368932038833,-0.004854368932038833,-0.5,-0.5,102.5,103.0,102.5,103.0,3085.0,3433.0,24143.0,34536.0,False,False
2317,2022-10-25 11:30:31.627876,-0.004854368932038833,-0.004854368932038833,-0.5,-0.5,102.5,103.0,102.5,103.0,3085.0,3433.0,24143.0,34536.0,False,False
2317,2022-10-25 11:30:32.007199,-0.004854368932038833,-0.004854368932038833,-0.5,-0.5,102.5,103.0,102.5,103.0,3085.0,3433.0,24143.0,34536.0,False,False
2317,2022-10-25 11:30:32.007438,-0.004854368932038833,-0.004854368932038833,-0.5,-0.5,102.5,103.0,102.5,103.0,3085.0,3433.0,24143.0,34536.0,False,False
2317,2022-10-25 11:30:32.010196,-0.004854368932038833,-0.004854368932038833,-0.5,-0.5,102.5,103.0,102.5,103.0,3125.0,3433.0,24143.0,34536.0,False,False
2317,2022-10-25 11:30:32.527154,-0.004854368932038833,-0.004854368932038833,-0.5,-0.5,102.5,103.0,102.5,103.0,3125.0,3433.0,24143.0,34536.0,False,False
2317,2022-10-25 11:30:32.548734,-0.004854368932038833,-0.004854368932038833,-0.5,-0.5,102.5,103.0,102.5,103.0,3125.0,3433.0,24143.0,34036.0,True,True
2317,2022-10-25 11:30:32.625768,-0.004854368932038833,-0.004854368932038833,-0.5,-0.5,102.5,103.0,102.5,103.0,3125.0,3432.0,24143.0,34036.0,False,False
2317,2022-10-25 11:30:32.775509,-0.004854368932038833,-0.004854368932038833,-0.5,-0.5,102.5,103.0,102.5,103.0,3125.0,3432.0,24143.0,34036.0,False,False
2317,2022-10-25 11:30:32.958140,-0.004854368932038833,-0.004854368932038833,-0.5,-0.5,102.5,103.0,102.5,103.0,3126.0,3432.0,24143.0,34036.0,False,False
2317,2022-10-25 11:30:33.051835,-0.004854368932038833,-0.004854368932038833,-0.5,-0.5,102.5,103.0,102.5,103.0,3126.0,3433.0,24143.0,34036.0,False,False
2317,2022-10-25 11:30:33.093386,-0.004854368932038833,-0.004854368932038833,-0.5,-0.5,102.5,103.0,102.5,103.0,3127.0,3433.0,24143.0,34036.0,False,False
2317,2022-10-25 11:30:34.838693,-0.004854368932038833,-0.004854368932038833,-0.5,-0.5,102.5,103.0,102.5,103.0,3127.0,3433.0,24143.0,34036.0,False,False
2317,2022-10-25 11:30:35.412241,-0.004854368932038833,-0.004854368932038833,-0.5,-0.5,102.5,103.0,102.5,103.0,3127.0,3433.0,24143.0,34036.0,False,False
2317,2022-10-25 11:30:38.720015,-0.004854368932038833,-0.004854368932038833,-0.5,-0.5,102.5,103.0,102.5,103.0,3128.0,3433.0,24143.0,34036.0,False,False
2317,2022-10-25 11:30:41.608268,-0.004854368932038833,-0.004854368932038833,-0.5,-0.5,102.5,103.0,102.5,103.0,3128.0,3432.0,24143.0,34036.0,False,False
2317,2022-10-25 11:30:42.415501,-0.004854368932038833,-0.004854368932038833,-0.5,-0.5,102.5,103.0,102.5,103.0,3128.0,3432.0,24143.0,34036.0,False,False
2317,2022-10-25 11:30:42.589835,-0.004854368932038833,-0.004854368932038833,-0.5,-0.5,102.5,103.0,102.5,103.0,3128.0,3432.0,24143.0,34036.0,True,True
2317,2022-10-25 11:30:45.204975,-0.004854368932038833,-0.004854368932038833,-0.5,-0.5,102.5,103.0,102.5,103.0,3127.0,3432.0,24143.0,34036.0,False,False
2317,2022-10-25 11:30:49.735485,-0.004854368932038833,-0.004854368932038833,-0.5,-0.5,102.5,103.0,102.5,103.0,3127.0,3429.0,24143.0,34036.0,False,False
2317,2022-10-25 11:30:50.513466,-0.004854368932038833,-0.004854368932038833,-0.5,-0.5,102.5,103.0,102.5,103.0,3127.0,3430.0,24143.0,34036.0,False,False
2317,2022-10-25 11:30:50.674862,-0.004854368932038833,-0.004854368932038833,-0.5,-0.5,102.5,103.0,102.5,103.0,3127.0,3421.0,24143.0,34036.0,False,False
2317,2022-10-25 11:30:51.917863,-0.004854368932038833,-0.004854368932038833,-0.5,-0.5,102.5,103.0,102.5,103.0,3127.0,3421.0,24143.0,34036.0,False,False
2317,2022-10-25 11:30:51.973637,-0.004854368932038833,-0.004854368932038833,-0.5,-0.5,102.5,103.0,102.5,103.0,3127.0,3329.0,24143.0,34036.0,False,False
2317,2022-10-25 11:30:52.563329,-0.004854368932038833,-0.004854368932038833,-0.5,-0.5,102.5,103.0,102.5,103.0,3127.0,3329.0,24143.0,34036.0,False,False
