symbol,datetime,NaOb_r,NbOa_r,NaOb_s,NbOa_s,bid1,ask1,odd_bid1,odd_ask1,bidQty1,askQty1,odd_bidQty1,odd_askQty1,simulate,triggerbyOdd
2330,2022-10-25 11:21:26.269614,0.0,-0.0026560424966799445,0.0,-1.0,375.5,376.0,376.0,376.5,81.0,83.0,56959.0,50047.0,True,True
2330,2022-10-25 11:21:27.416744,0.0,-0.0026560424966799445,0.0,-1.0,375.5,376.0,376.0,376.5,80.0,83.0,56959.0,50047.0,False,False
2330,2022-10-25 11:21:27.450087,0.0,-0.0026560424966799445,0.0,-1.0,375.5,376.0,376.0,376.5,79.0,83.0,56959.0,50047.0,False,False
2330,2022-10-25 11:21:29.344170,0.0,-0.0026560424966799445,0.0,-1.0,375.5,376.0,376.0,376.5,80.0,83.0,56959.0,50047.0,False,False
2330,2022-10-25 11:21:29.418658,0.0,-0.0026560424966799445,0.0,-1.0,375.5,376.0,376.0,376.5,80.0,84.0,56959.0,50047.0,False,False
2330,2022-10-25 11:21:29.817635,0.0,-0.0026560424966799445,0.0,-1.0,375.5,376.0,376.0,376.5,80.0,84.0,56959.0,50047.0,False,False
2330,2022-10-25 11:21:29.858583,0.0,-0.0026560424966799445,0.0,-1.0,375.5,376.0,376.0,376.5,80.0,84.0,56959.0,50047.0,False,False
2330,2022-10-25 11:21:30.419238,0.0,-0.0026560424966799445,0.0,-1.0,375.5,376.0,376.0,376.5,79.0,84.0,56959.0,50047.0,False,False
2330,2022-10-25 11:21:30.435010,0.0,-0.0026560424966799445,0.0,-1.0,375.5,376.0,376.0,376.5,78.0,84.0,56959.0,50047.0,False,False
2330,2022-10-25 11:21:30.531068,0.0,-0.0026560424966799445,0.0,-1.0,375.5,376.0,376.0,376.5,80.0,84.0,56959.0,50047.0,False,False
2330,2022-10-25 11:21:30.889999,0.0,-0.0026560424966799445,0.0,-1.0,375.5,376.0,376.0,376.5,81.0,84.0,56959.0,50047.0,False,False
2330,2022-10-25 11:21:30.981290,0.0,-0.0026560424966799445,0.0,-1.0,375.5,376.0,376.0,376.5,81.0,82.0,56959.0,50047.0,False,False
2330,2022-10-25 11:21:31.444580,0.0,-0.0026560424966799445,0.0,-1.0,375.5,376.0,376.0,376.5,82.0,82.0,56959.0,50047.0,False,False
2330,2022-10-25 11:21:31.668379,0.0,-0.0026560424966799445,0.0,-1.0,375.5,376.0,376.0,376.5,82.0,84.0,56959.0,50047.0,False,False
2330,2022-10-25 11:21:31.812283,0.0,-0.0026560424966799445,0.0,-1.0,375.5,376.0,376.0,376.5,83.0,84.0,56959.0,50047.0,False,False
2330,2022-10-25 11:21:32.251586,0.0,-0.0026560424966799445,0.0,-1.0,375.5,376.0,376.0,376.5,83.0,85.0,56959.0,50047.0,False,False
2330,2022-10-25 11:21:32.272737,0.0,-0.0026560424966799445,0.0,-1.0,375.5,376.0,376.0,376.5,83.0,85.0,56959.0,50047.0,False,False
2330,2022-10-25 11:21:32.491448,0.0,-0.0026560424966799445,0.0,-1.0,375.5,376.0,376.0,376.5,83.0,85.0,56959.0,50047.0,False,False
2330,2022-10-25 11:21:33.352385,0.0,-0.0026560424966799445,0.0,-1.0,375.5,376.0,376.0,376.5,83.0,85.0,56959.0,50047.0,False,False
2330,2022-10-25 11:21:33.395218,0.0,-0.0026560424966799445,0.0,-1.0,375.5,376.0,376.0,376.5,83.0,86.0,56959.0,50047.0,False,False
2330,2022-10-25 11:21:34.294043,0.0,-0.0026560424966799445,0.0,-1.0,375.5,376.0,376.0,376.5,84.0,86.0,56959.0,50047.0,False,False
2330,2022-10-25 11:21:34.423861,0.0,-0.0026560424966799445,0.0,-1.0,375.5,376.0,376.0,376.5,84.0,85.0,56959.0,50047.0,False,False
2330,2022-10-25 11:21:34.501196,0.0,-0.0026560424966799445,0.0,-1.0,375.5,376.0,376.0,376.5,84.0,85.0,56959.0,50047.0,False,False
2330,2022-10-25 11:21:36.311979,0.0,-0.0026560424966799445,0.0,-1.0,375.5,376.0,376.0,376.5,84.0,85.0,57447.0,49670.0,True,True
2330,2022-10-25 11:21:37.156088,0.0,-0.0026560424966799445,0.0,-1.0,375.5,376.0,376.0,376.5,84.0,86.0,57447.0,49670.0,False,False
2330,2022-10-25 11:21:38.361895,0.0,-0.0026560424966799445,0.0,-1.0,375.5,376.0,376.0,376.5,85.0,86.0,57447.0,49670.0,False,False
2330,2022-10-25 11:21:39.014479,0.0,-0.0026560424966799445,0.0,-1.0,375.5,376.0,376.0,376.5,86.0,86.0,57447.0,49670.0,False,False
2330,2022-10-25 11:21:39.101226,0.0,-0.0026560424966799445,0.0,-1.0,375.5,376.0,376.0,376.5,86.0,86.0,57447.0,49670.0,False,False
2330,2022-10-25 11:21:39.349362,0.0,-0.0026560424966799445,0.0,-1.0,375.5,376.0,376.0,376.5,87.0,86.0,57447.0,49670.0,False,False
2330,2022-10-25 11:21:39.750582,0.0,-0.0026560424966799445,0.0,-1.0,375.5,376.0,376.0,376.5,88.0,86.0,57447.0,49670.0,False,False
2330,2022-10-25 11:21:40.119711,0.0,-0.0026560424966799445,0.0,-1.0,375.5,376.0,376.0,376.5,88.0,86.0,57447.0,49670.0,False,False
2330,2022-10-25 11:21:41.638419,0.0,-0.0026560424966799445,0.0,-1.0,375.5,376.0,376.0,376.5,88.0,86.0,57447.0,49670.0,False,False
2330,2022-10-25 11:21:42.079591,0.0,-0.0026560424966799445,0.0,-1.0,375.5,376.0,376.0,376.5,88.0,87.0,57447.0,49670.0,False,False
2330,2022-10-25 11:21:42.090918,0.0,-0.0026560424966799445,0.0,-1.0,375.5,376.0,376.0,376.5,88.0,87.0,57447.0,49670.0,False,False
2330,2022-10-25 11:21:42.525727,0.0,-0.0026560424966799445,0.0,-1.0,375.5,376.0,376.0,376.5,89.0,87.0,57447.0,49670.0,False,False
2330,2022-10-25 11:21:42.543313,0.0,-0.0026560424966799445,0.0,-1.0,375.5,376.0,376.0,376.5,89.0,87.0,57447.0,49670.0,False,False
2330,2022-10-25 11:21:43.165202,0.0,-0.0026560424966799445,0.0,-1.0,375.5,376.0,376.0,376.5,89.0,87.0,57447.0,49670.0,False,False
2330,2022-10-25 11:21:43.524359,0.0,-0.0026560424966799445,0.0,-1.0,375.5,376.0,376.0,376.5,89.0,86.0,57447.0,49670.0,False,False
2330,2022-10-25 11:21:44.375358,0.0,-0.0026560424966799445,0.0,-1.0,375.5,376.0,376.0,376.5,90.0,86.0,57447.0,49670.0,False,False
2330,2022-10-25 11:21:46.351356,0.0,-0.0026560424966799445,0.0,-1.0,375.5,376.0,376.0,376.5,90.0,86.0,58272.0,49166.0,True,True
2330,2022-10-25 11:21:46.456299,0.0,-0.0026560424966799445,0.0,-1.0,375.5,376.0,376.0,376.5,89.0,86.0,58272.0,49166.0,False,False
2330,2022-10-25 11:21:46.526089,0.0,-0.0026560424966799445,0.0,-1.0,375.5,376.0,376.0,376.5,89.0,86.0,58272.0,49166.0,False,False
2330,2022-10-25 11:21:46.987443,0.0,-0.0026560424966799445,0.0,-1.0,375.5,376.0,376.0,376.5,88.0,86.0,58272.0,49166.0,False,False
2330,2022-10-25 11:21:47.809412,0.0,-0.0026560424966799445,0.0,-1.0,375.5,376.0,376.0,376.5,88.0,87.0,58272.0,49166.0,False,False
2330,2022-10-25 11:21:47.892067,0.0,-0.0026560424966799445,0.0,-1.0,375.5,376.0,376.0,376.5,88.0,87.0,58272.0,49166.0,False,False
2330,2022-10-25 11:21:48.445972,0.0,-0.0026560424966799445,0.0,-1.0,375.5,376.0,376.0,376.5,91.0,87.0,58272.0,49166.0,False,False
2330,2022-10-25 11:21:48.534965,0.0,-0.0026560424966799445,0.0,-1.0,375.5,376.0,376.0,376.5,86.0,87.0,58272.0,49166.0,False,False
2330,2022-10-25 11:21:48.654957,0.0,-0.0026560424966799445,0.0,-1.0,375.5,376.0,376.0,376.5,86.0,87.0,58272.0,49166.0,False,False
2330,2022-10-25 11:21:49.027326,0.0,-0.0026560424966799445,0.0,-1.0,375.5,376.0,376.0,376.5,87.0,87.0,58272.0,49166.0,False,False
2330,2022-10-25 11:21:50.087433,0.0,-0.0026560424966799445,0.0,-1.0,375.5,376.0,376.0,376.5,86.0,87.0,58272.0,49166.0,False,False
2330,2022-10-25 11:21:50.575325,0.0,-0.0026560424966799445,0.0,-1.0,375.5,376.0,376.0,376.5,85.0,87.0,58272.0,49166.0,False,False
2330,2022-10-25 11:21:51.075559,0.0,-0.0026560424966799445,0.0,-1.0,375.5,376.0,376.0,376.5,85.0,87.0,58272.0,49166.0,False,False
2330,2022-10-25 11:21:51.520593,0.0,-0.0026560424966799445,0.0,-1.0,375.5,376.0,376.0,376.5,85.0,86.0,58272.0,49166.0,False,False
2330,2022-10-25 11:21:51.637562,0.0,-0.0026560424966799445,0.0,-1.0,375.5,376.0,376.0,376.5,85.0,86.0,58272.0,49166.0,False,False
2330,2022-10-25 11:21:51.905502,0.0,-0.0026560424966799445,0.0,-1.0,375.5,376.0,376.0,376.5,85.0,87.0,58272.0,49166.0,False,False
2330,2022-10-25 11:21:52.677319,0.0,-0.0026560424966799445,0.0,-1.0,375.5,376.0,376.0,376.5,86.0,87.0,58272.0,49166.0,False,False
2330,2022-10-25 11:21:52.884254,0.0,-0.0026560424966799445,0.0,-1.0,375.5,376.0,376.0,376.5,87.0,87.0,58272.0,49166.0,False,False
2330,2022-10-25 11:21:53.058767,0.0,-0.0026560424966799445,0.0,-1.0,375.5,376.0,376.0,376.5,87.0,94.0,58272.0,49166.0,False,False
2330,2022-10-25 11:21:53.771005,0.0,-0.0026560424966799445,0.0,-1.0,375.5,376.0,376.0,376.5,87.0,94.0,58272.0,49166.0,False,False
2330,2022-10-25 11:21:54.123831,0.0,-0.0026560424966799445,0.0,-1.0,375.5,376.0,376.0,376.5,87.0,94.0,58272.0,49166.0,False,False
2330,2022-10-25 11:21:54.844893,0.0,-0.0026560424966799445,0.0,-1.0,375.5,376.0,376.0,376.5,87.0,94.0,58272.0,49166.0,False,False
2330,2022-10-25 11:21:54.846124,0.0,-0.0026560424966799445,0.0,-1.0,375.5,376.0,376.0,376.5,86.0,94.0,58272.0,49166.0,False,False
2330,2022-10-25 11:21:54.976334,0.0,-0.0026560424966799445,0.0,-1.0,375.5,376.0,376.0,376.5,87.0,94.0,58272.0,49166.0,False,False
2330,2022-10-25 11:21:55.729781,0.0,-0.0026560424966799445,0.0,-1.0,375.5,376.0,376.0,376.5,88.0,94.0,58272.0,49166.0,False,False
2330,2022-10-25 11:21:56.391403,0.0,-0.0026560424966799445,0.0,-1.0,375.5,376.0,376.0,376.5,88.0,94.0,59520.0,49627.0,True,True
2330,2022-10-25 11:21:56.579593,0.0,-0.0026560424966799445,0.0,-1.0,375.5,376.0,376.0,376.5,89.0,94.0,59520.0,49627.0,False,False
2330,2022-10-25 11:21:56.826816,0.0,-0.0026560424966799445,0.0,-1.0,375.5,376.0,376.0,376.5,89.0,95.0,59520.0,49627.0,False,False
2330,2022-10-25 11:21:57.925572,0.0,-0.0026560424966799445,0.0,-1.0,375.5,376.0,376.0,376.5,89.0,94.0,59520.0,49627.0,False,False
2330,2022-10-25 11:21:57.928845,0.0,-0.0026560424966799445,0.0,-1.0,375.5,376.0,376.0,376.5,89.0,94.0,59520.0,49627.0,False,False
2330,2022-10-25 11:21:58.349183,0.0,-0.0026560424966799445,0.0,-1.0,375.5,376.0,376.0,376.5,89.0,94.0,59520.0,49627.0,False,False
2330,2022-10-25 11:21:58.354548,0.0,-0.0026560424966799445,0.0,-1.0,375.5,376.0,376.0,376.5,92.0,94.0,59520.0,49627.0,False,False
2330,2022-10-25 11:21:58.852715,0.0,-0.0026560424966799445,0.0,-1.0,375.5,376.0,376.0,376.5,92.0,94.0,59520.0,49627.0,False,False
2330,2022-10-25 11:21:59.666521,0.0,-0.0026560424966799445,0.0,-1.0,375.5,376.0,376.0,376.5,92.0,94.0,59520.0,49627.0,False,False
2330,2022-10-25 11:21:59.780290,0.0,-0.0026560424966799445,0.0,-1.0,375.5,376.0,376.0,376.5,92.0,94.0,59520.0,49627.0,False,False
2330,2022-10-25 11:22:00.026459,0.0,-0.0026560424966799445,0.0,-1.0,375.5,376.0,376.0,376.5,92.0,93.0,59520.0,49627.0,False,False
2330,2022-10-25 11:22:00.090438,0.0,-0.0026560424966799445,0.0,-1.0,375.5,376.0,376.0,376.5,92.0,94.0,59520.0,49627.0,False,False
2330,2022-10-25 11:22:00.311257,0.0,-0.0026560424966799445,0.0,-1.0,375.5,376.0,376.0,376.5,92.0,94.0,59520.0,49627.0,False,False
2330,2022-10-25 11:22:00.434574,0.0,-0.0026560424966799445,0.0,-1.0,375.5,376.0,376.0,376.5,92.0,94.0,59520.0,49627.0,False,False
2330,2022-10-25 11:22:00.525315,0.0,-0.0026560424966799445,0.0,-1.0,375.5,376.0,376.0,376.5,92.0,91.0,59520.0,49627.0,False,False
2330,2022-10-25 11:22:00.439422,0.0,-0.0026560424966799445,0.0,-1.0,375.5,376.0,376.0,376.5,92.0,94.0,59520.0,49627.0,False,False
2330,2022-10-25 11:22:00.555931,0.0,-0.0026560424966799445,0.0,-1.0,375.5,376.0,376.0,376.5,92.0,91.0,59520.0,49627.0,False,False
2330,2022-10-25 11:22:01.165313,0.0,-0.0026560424966799445,0.0,-1.0,375.5,376.0,376.0,376.5,92.0,91.0,59520.0,49627.0,False,False
2330,2022-10-25 11:22:01.635238,0.0,-0.0026560424966799445,0.0,-1.0,375.5,376.0,376.0,376.5,92.0,90.0,59520.0,49627.0,False,False
2330,2022-10-25 11:22:01.726289,0.0,-0.0026560424966799445,0.0,-1.0,375.5,376.0,376.0,376.5,92.0,91.0,59520.0,49627.0,False,False
2330,2022-10-25 11:22:01.881644,0.0,-0.0026560424966799445,0.0,-1.0,375.5,376.0,376.0,376.5,92.0,91.0,59520.0,49627.0,False,False
2330,2022-10-25 11:22:02.084808,0.0,-0.0026560424966799445,0.0,-1.0,375.5,376.0,376.0,376.5,92.0,90.0,59520.0,49627.0,False,False
2330,2022-10-25 11:22:02.177366,0.0,-0.0026560424966799445,0.0,-1.0,375.5,376.0,376.0,376.5,92.0,90.0,59520.0,49627.0,False,False
2330,2022-10-25 11:22:02.927858,0.0,-0.0026560424966799445,0.0,-1.0,375.5,376.0,376.0,376.5,92.0,90.0,59520.0,49627.0,False,False
2330,2022-10-25 11:22:03.021721,0.0,-0.0026560424966799445,0.0,-1.0,375.5,376.0,376.0,376.5,92.0,90.0,59520.0,49627.0,False,False
2330,2022-10-25 11:22:03.116719,0.0,-0.0026560424966799445,0.0,-1.0,375.5,376.0,376.0,376.5,91.0,89.0,59520.0,49627.0,False,False
2330,2022-10-25 11:22:03.532198,0.0,-0.0026560424966799445,0.0,-1.0,375.5,376.0,376.0,376.5,91.0,89.0,59520.0,49627.0,False,False
2330,2022-10-25 11:22:03.532401,0.0,-0.0026560424966799445,0.0,-1.0,375.5,376.0,376.0,376.5,91.0,89.0,59520.0,49627.0,False,False
2330,2022-10-25 11:22:03.663298,0.0,-0.0026560424966799445,0.0,-1.0,375.5,376.0,376.0,376.5,95.0,89.0,59520.0,49627.0,False,False
2330,2022-10-25 11:22:03.770422,0.0,-0.0026560424966799445,0.0,-1.0,375.5,376.0,376.0,376.5,97.0,89.0,59520.0,49627.0,False,False
2330,2022-10-25 11:22:03.919586,0.0,-0.0026560424966799445,0.0,-1.0,375.5,376.0,376.0,376.5,97.0,89.0,59520.0,49627.0,False,False
2330,2022-10-25 11:22:03.990779,0.0,-0.0026560424966799445,0.0,-1.0,375.5,376.0,376.0,376.5,97.0,88.0,59520.0,49627.0,False,False
2330,2022-10-25 11:22:04.800922,0.0,-0.0026560424966799445,0.0,-1.0,375.5,376.0,376.0,376.5,97.0,88.0,59520.0,49627.0,False,False
2330,2022-10-25 11:22:04.802781,0.0,-0.0026560424966799445,0.0,-1.0,375.5,376.0,376.0,376.5,127.0,88.0,59520.0,49627.0,False,False
2330,2022-10-25 11:22:04.825465,0.0,-0.0026560424966799445,0.0,-1.0,375.5,376.0,376.0,376.5,127.0,88.0,59520.0,49627.0,False,False
2330,2022-10-25 11:22:05.079439,0.0,-0.0026560424966799445,0.0,-1.0,375.5,376.0,376.0,376.5,126.0,88.0,59520.0,49627.0,False,False
2330,2022-10-25 11:22:05.208667,0.0,-0.0026560424966799445,0.0,-1.0,375.5,376.0,376.0,376.5,126.0,88.0,59520.0,49627.0,False,False
2330,2022-10-25 11:22:05.626335,0.0013297872340425343,-0.003978779840848823,0.5,-1.5,375.5,376.0,376.5,377.0,126.0,88.0,586.0,27364.0,False,True
2330,2022-10-25 11:22:05.685255,0.0013297872340425343,-0.003978779840848823,0.5,-1.5,375.5,376.0,376.5,377.0,123.0,88.0,586.0,27364.0,False,False
2330,2022-10-25 11:22:05.700700,0.0013297872340425343,-0.003978779840848823,0.5,-1.5,375.5,376.0,376.5,377.0,124.0,88.0,586.0,27364.0,False,False
2330,2022-10-25 11:22:06.655339,0.0013297872340425343,-0.003978779840848823,0.5,-1.5,375.5,376.0,376.5,377.0,123.0,88.0,586.0,27364.0,False,False
2330,2022-10-25 11:22:06.665835,0.0013297872340425343,-0.003978779840848823,0.5,-1.5,375.5,376.0,376.5,377.0,122.0,88.0,586.0,27364.0,False,False
2330,2022-10-25 11:22:06.795789,0.0013297872340425343,-0.003978779840848823,0.5,-1.5,375.5,376.0,376.5,377.0,122.0,85.0,586.0,27364.0,False,False
2330,2022-10-25 11:22:06.898800,0.0013297872340425343,-0.003978779840848823,0.5,-1.5,375.5,376.0,376.5,377.0,121.0,85.0,586.0,27364.0,False,False
2330,2022-10-25 11:22:07.465943,0.0013297872340425343,-0.003978779840848823,0.5,-1.5,375.5,376.0,376.5,377.0,121.0,84.0,586.0,27364.0,False,False
2330,2022-10-25 11:22:08.210818,0.0013297872340425343,-0.003978779840848823,0.5,-1.5,375.5,376.0,376.5,377.0,121.0,84.0,586.0,27364.0,False,False
2330,2022-10-25 11:22:08.286112,0.0013297872340425343,-0.003978779840848823,0.5,-1.5,375.5,376.0,376.5,377.0,91.0,85.0,586.0,27364.0,False,False
2330,2022-10-25 11:22:08.451714,0.0013297872340425343,-0.003978779840848823,0.5,-1.5,375.5,376.0,376.5,377.0,91.0,85.0,586.0,27364.0,False,False
2330,2022-10-25 11:22:08.473571,0.0013297872340425343,-0.003978779840848823,0.5,-1.5,375.5,376.0,376.5,377.0,92.0,85.0,586.0,27364.0,False,False
2330,2022-10-25 11:22:08.583653,0.0013297872340425343,-0.003978779840848823,0.5,-1.5,375.5,376.0,376.5,377.0,92.0,85.0,586.0,27364.0,False,False
2330,2022-10-25 11:22:08.753267,0.0013297872340425343,-0.003978779840848823,0.5,-1.5,375.5,376.0,376.5,377.0,92.0,82.0,586.0,27364.0,False,False
2330,2022-10-25 11:22:09.453131,0.0013297872340425343,-0.003978779840848823,0.5,-1.5,375.5,376.0,376.5,377.0,92.0,82.0,586.0,27364.0,False,False
2330,2022-10-25 11:22:09.556709,0.0013297872340425343,-0.003978779840848823,0.5,-1.5,375.5,376.0,376.5,377.0,92.0,81.0,586.0,27364.0,False,False
2330,2022-10-25 11:22:09.594351,0.0013297872340425343,-0.003978779840848823,0.5,-1.5,375.5,376.0,376.5,377.0,92.0,81.0,586.0,27364.0,False,False
2330,2022-10-25 11:22:09.643568,0.0013297872340425343,-0.003978779840848823,0.5,-1.5,375.5,376.0,376.5,377.0,92.0,78.0,586.0,27364.0,False,False
2330,2022-10-25 11:22:09.733166,0.0013297872340425343,-0.003978779840848823,0.5,-1.5,375.5,376.0,376.5,377.0,92.0,78.0,586.0,27364.0,False,False
2330,2022-10-25 11:22:09.974641,0.0013297872340425343,-0.003978779840848823,0.5,-1.5,375.5,376.0,376.5,377.0,97.0,78.0,586.0,27364.0,False,False
2330,2022-10-25 11:22:10.212403,0.0013297872340425343,-0.003978779840848823,0.5,-1.5,375.5,376.0,376.5,377.0,97.0,77.0,586.0,27364.0,False,False
2330,2022-10-25 11:22:10.266006,0.0013297872340425343,-0.003978779840848823,0.5,-1.5,375.5,376.0,376.5,377.0,98.0,77.0,586.0,27364.0,False,False
2330,2022-10-25 11:22:10.284648,0.0013297872340425343,-0.003978779840848823,0.5,-1.5,375.5,376.0,376.5,377.0,98.0,77.0,586.0,27364.0,False,False
2330,2022-10-25 11:22:10.463392,0.0013297872340425343,-0.003978779840848823,0.5,-1.5,375.5,376.0,376.5,377.0,98.0,74.0,586.0,27364.0,False,False
2330,2022-10-25 11:22:11.205175,0.0013297872340425343,-0.003978779840848823,0.5,-1.5,375.5,376.0,376.5,377.0,98.0,71.0,586.0,27364.0,False,False
2330,2022-10-25 11:22:11.313549,0.0013297872340425343,-0.003978779840848823,0.5,-1.5,375.5,376.0,376.5,377.0,97.0,71.0,586.0,27364.0,False,False
2330,2022-10-25 11:22:11.578821,0.0013297872340425343,-0.003978779840848823,0.5,-1.5,375.5,376.0,376.5,377.0,97.0,72.0,586.0,27364.0,False,False
2330,2022-10-25 11:22:11.855747,0.0013297872340425343,-0.003978779840848823,0.5,-1.5,375.5,376.0,376.5,377.0,97.0,69.0,586.0,27364.0,False,False
2330,2022-10-25 11:22:11.917090,0.0013297872340425343,-0.003978779840848823,0.5,-1.5,375.5,376.0,376.5,377.0,97.0,69.0,586.0,27364.0,False,False
2330,2022-10-25 11:22:12.156333,0.0013297872340425343,-0.003978779840848823,0.5,-1.5,375.5,376.0,376.5,377.0,97.0,67.0,586.0,27364.0,False,False
2330,2022-10-25 11:22:12.594286,0.0013297872340425343,-0.003978779840848823,0.5,-1.5,375.5,376.0,376.5,377.0,94.0,67.0,586.0,27364.0,False,False
2330,2022-10-25 11:22:12.634168,0.0013297872340425343,-0.003978779840848823,0.5,-1.5,375.5,376.0,376.5,377.0,94.0,64.0,586.0,27364.0,False,False
2330,2022-10-25 11:22:13.043821,0.0013297872340425343,-0.003978779840848823,0.5,-1.5,375.5,376.0,376.5,377.0,94.0,71.0,586.0,27364.0,False,False
2330,2022-10-25 11:22:13.283970,0.0013297872340425343,-0.003978779840848823,0.5,-1.5,375.5,376.0,376.5,377.0,94.0,68.0,586.0,27364.0,False,False
2330,2022-10-25 11:22:13.712686,0.0013297872340425343,-0.003978779840848823,0.5,-1.5,375.5,376.0,376.5,377.0,94.0,68.0,586.0,27364.0,False,False
2330,2022-10-25 11:22:14.085988,0.0013297872340425343,-0.003978779840848823,0.5,-1.5,375.5,376.0,376.5,377.0,94.0,65.0,586.0,27364.0,False,False
2330,2022-10-25 11:22:14.135120,0.0013297872340425343,-0.003978779840848823,0.5,-1.5,375.5,376.0,376.5,377.0,95.0,65.0,586.0,27364.0,False,False
2330,2022-10-25 11:22:14.733985,0.0013297872340425343,-0.003978779840848823,0.5,-1.5,375.5,376.0,376.5,377.0,96.0,65.0,586.0,27364.0,False,False
2330,2022-10-25 11:22:14.769070,0.0013297872340425343,-0.003978779840848823,0.5,-1.5,375.5,376.0,376.5,377.0,97.0,65.0,586.0,27364.0,False,False
2330,2022-10-25 11:22:14.809559,0.0013297872340425343,-0.003978779840848823,0.5,-1.5,375.5,376.0,376.5,377.0,97.0,62.0,586.0,27364.0,False,False
2330,2022-10-25 11:22:15.191276,0.0013297872340425343,-0.003978779840848823,0.5,-1.5,375.5,376.0,376.5,377.0,97.0,61.0,586.0,27364.0,False,False
2330,2022-10-25 11:22:15.377977,0.0013297872340425343,-0.003978779840848823,0.5,-1.5,375.5,376.0,376.5,377.0,97.0,61.0,586.0,27364.0,False,False
2330,2022-10-25 11:22:15.379159,0.0013297872340425343,-0.003978779840848823,0.5,-1.5,375.5,376.0,376.5,377.0,97.0,61.0,586.0,27364.0,False,False
2330,2022-10-25 11:22:15.664484,0.0,-0.0026560424966799445,0.0,-1.0,375.5,376.0,376.0,376.5,97.0,61.0,60760.0,49208.0,True,True
2330,2022-10-25 11:22:15.741899,0.0,-0.0026560424966799445,0.0,-1.0,375.5,376.0,376.0,376.5,99.0,61.0,60760.0,49208.0,False,False
2330,2022-10-25 11:22:15.778471,0.0,-0.0026560424966799445,0.0,-1.0,375.5,376.0,376.0,376.5,99.0,58.0,60760.0,49208.0,False,False
2330,2022-10-25 11:22:15.802704,0.0,-0.0026560424966799445,0.0,-1.0,375.5,376.0,376.0,376.5,99.0,59.0,60760.0,49208.0,False,False
2330,2022-10-25 11:22:15.903401,0.0,-0.0026560424966799445,0.0,-1.0,375.5,376.0,376.0,376.5,98.0,59.0,60760.0,49208.0,False,False
2330,2022-10-25 11:22:16.004136,0.0,-0.0026560424966799445,0.0,-1.0,375.5,376.0,376.0,376.5,98.0,59.0,60760.0,49208.0,False,False
2330,2022-10-25 11:22:16.364542,0.0,-0.0026560424966799445,0.0,-1.0,375.5,376.0,376.0,376.5,98.0,57.0,60760.0,49208.0,False,False
2330,2022-10-25 11:22:16.467988,0.0,-0.0026560424966799445,0.0,-1.0,375.5,376.0,376.0,376.5,98.0,58.0,60760.0,49208.0,False,False
2330,2022-10-25 11:22:16.800615,0.0,-0.0026560424966799445,0.0,-1.0,375.5,376.0,376.0,376.5,98.0,58.0,60760.0,49208.0,False,False
2330,2022-10-25 11:22:16.832007,0.0,-0.0026560424966799445,0.0,-1.0,375.5,376.0,376.0,376.5,98.0,58.0,60760.0,49208.0,False,False
2330,2022-10-25 11:22:17.102989,0.0,-0.0026560424966799445,0.0,-1.0,375.5,376.0,376.0,376.5,98.0,58.0,60760.0,49208.0,False,False
2330,2022-10-25 11:22:17.613124,0.0,-0.0026560424966799445,0.0,-1.0,375.5,376.0,376.0,376.5,128.0,58.0,60760.0,49208.0,False,False
2330,2022-10-25 11:22:17.643881,0.0,-0.0026560424966799445,0.0,-1.0,375.5,376.0,376.0,376.5,128.0,56.0,60760.0,49208.0,False,False
2330,2022-10-25 11:22:17.686966,0.0,-0.0026560424966799445,0.0,-1.0,375.5,376.0,376.0,376.5,183.0,56.0,60760.0,49208.0,False,False
2330,2022-10-25 11:22:17.739806,0.0,-0.0026560424966799445,0.0,-1.0,375.5,376.0,376.0,376.5,185.0,56.0,60760.0,49208.0,False,False
2330,2022-10-25 11:22:18.032847,0.0,-0.0026560424966799445,0.0,-1.0,375.5,376.0,376.0,376.5,185.0,56.0,60760.0,49208.0,False,False
2330,2022-10-25 11:22:18.130763,0.0,-0.0026560424966799445,0.0,-1.0,375.5,376.0,376.0,376.5,185.0,56.0,60760.0,49208.0,False,False
2330,2022-10-25 11:22:18.326722,0.0,-0.0026560424966799445,0.0,-1.0,375.5,376.0,376.0,376.5,185.0,36.0,60760.0,49208.0,False,False
2330,2022-10-25 11:22:18.358334,0.0,-0.0026560424966799445,0.0,-1.0,375.5,376.0,376.0,376.5,187.0,36.0,60760.0,49208.0,False,False
2330,2022-10-25 11:22:18.396830,0.0,-0.0026560424966799445,0.0,-1.0,375.5,376.0,376.0,376.5,187.0,44.0,60760.0,49208.0,False,False
2330,2022-10-25 11:22:18.545888,0.0,-0.0026560424966799445,0.0,-1.0,375.5,376.0,376.0,376.5,188.0,44.0,60760.0,49208.0,False,False
2330,2022-10-25 11:22:18.647150,0.0,-0.0026560424966799445,0.0,-1.0,375.5,376.0,376.0,376.5,188.0,44.0,60760.0,49208.0,False,False
2330,2022-10-25 11:22:19.364901,0.0,-0.0026560424966799445,0.0,-1.0,375.5,376.0,376.0,376.5,239.0,44.0,60760.0,49208.0,False,False
2330,2022-10-25 11:22:19.435636,0.0,-0.0026560424966799445,0.0,-1.0,375.5,376.0,376.0,376.5,239.0,43.0,60760.0,49208.0,False,False
2330,2022-10-25 11:22:19.531525,0.0,-0.0026560424966799445,0.0,-1.0,375.5,376.0,376.0,376.5,239.0,43.0,60760.0,49208.0,False,False
2330,2022-10-25 11:22:20.059761,0.0,-0.0026560424966799445,0.0,-1.0,375.5,376.0,376.0,376.5,239.0,40.0,60760.0,49208.0,False,False
2330,2022-10-25 11:22:20.070751,0.0,-0.0026560424966799445,0.0,-1.0,375.5,376.0,376.0,376.5,238.0,40.0,60760.0,49208.0,False,False
2330,2022-10-25 11:22:20.222985,0.0,-0.0026560424966799445,0.0,-1.0,375.5,376.0,376.0,376.5,238.0,39.0,60760.0,49208.0,False,False
2330,2022-10-25 11:22:20.399560,0.0,-0.0026560424966799445,0.0,-1.0,375.5,376.0,376.0,376.5,237.0,39.0,60760.0,49208.0,False,False
2330,2022-10-25 11:22:20.607056,0.0,-0.0026560424966799445,0.0,-1.0,375.5,376.0,376.0,376.5,237.0,36.0,60760.0,49208.0,False,False
2330,2022-10-25 11:22:21.147189,0.0,-0.0026560424966799445,0.0,-1.0,375.5,376.0,376.0,376.5,237.0,35.0,60760.0,49208.0,False,False
2330,2022-10-25 11:22:21.187961,0.0,-0.0026560424966799445,0.0,-1.0,375.5,376.0,376.0,376.5,237.0,33.0,60760.0,49208.0,False,False
2330,2022-10-25 11:22:21.240520,0.0,-0.0026560424966799445,0.0,-1.0,375.5,376.0,376.0,376.5,237.0,30.0,60760.0,49208.0,False,False
2330,2022-10-25 11:22:21.325064,0.0,-0.0026560424966799445,0.0,-1.0,375.5,376.0,376.0,376.5,237.0,13.0,60760.0,49208.0,False,False
2330,2022-10-25 11:22:21.332446,-0.0013280212483399723,-0.0026560424966799445,-0.5,-1.0,375.5,376.5,376.0,376.5,237.0,33.0,60760.0,49208.0,False,False
2330,2022-10-25 11:22:21.347768,-0.0013280212483399723,-0.0013280212483399723,-0.5,-0.5,376.0,376.5,376.0,376.5,8.0,33.0,60760.0,49208.0,False,False
2330,2022-10-25 11:22:21.360192,-0.0013280212483399723,-0.0013280212483399723,-0.5,-0.5,376.0,376.5,376.0,376.5,9.0,33.0,60760.0,49208.0,False,False
2330,2022-10-25 11:22:21.386498,-0.0013280212483399723,-0.0013280212483399723,-0.5,-0.5,376.0,376.5,376.0,376.5,8.0,33.0,60760.0,49208.0,False,False
2330,2022-10-25 11:22:21.470862,-0.0013280212483399723,-0.0013280212483399723,-0.5,-0.5,376.0,376.5,376.0,376.5,44.0,29.0,60760.0,49208.0,False,False
2330,2022-10-25 11:22:21.471609,-0.0013280212483399723,-0.0013280212483399723,-0.5,-0.5,376.0,376.5,376.0,376.5,44.0,26.0,60760.0,49208.0,False,False
2330,2022-10-25 11:22:21.521687,-0.0013280212483399723,-0.0013280212483399723,-0.5,-0.5,376.0,376.5,376.0,376.5,59.0,26.0,60760.0,49208.0,False,False
2330,2022-10-25 11:22:21.718784,-0.0013280212483399723,-0.0013280212483399723,-0.5,-0.5,376.0,376.5,376.0,376.5,59.0,26.0,60760.0,49208.0,False,False
2330,2022-10-25 11:22:21.867596,-0.0013280212483399723,-0.0013280212483399723,-0.5,-0.5,376.0,376.5,376.0,376.5,132.0,62.0,60760.0,49208.0,False,False
2330,2022-10-25 11:22:21.995269,-0.0013280212483399723,-0.0013280212483399723,-0.5,-0.5,376.0,376.5,376.0,376.5,132.0,62.0,60760.0,49208.0,False,False
2330,2022-10-25 11:22:22.441813,-0.0013280212483399723,-0.0013280212483399723,-0.5,-0.5,376.0,376.5,376.0,376.5,77.0,62.0,60760.0,49208.0,False,False
2330,2022-10-25 11:22:22.548496,-0.0013280212483399723,-0.0013280212483399723,-0.5,-0.5,376.0,376.5,376.0,376.5,77.0,62.0,60760.0,49208.0,False,False
2330,2022-10-25 11:22:22.553280,-0.0013280212483399723,-0.0013280212483399723,-0.5,-0.5,376.0,376.5,376.0,376.5,79.0,62.0,60760.0,49208.0,False,False
2330,2022-10-25 11:22:22.674162,-0.0013280212483399723,-0.0013280212483399723,-0.5,-0.5,376.0,376.5,376.0,376.5,79.0,62.0,60760.0,49208.0,False,False
2330,2022-10-25 11:22:22.823639,-0.0013280212483399723,-0.0013280212483399723,-0.5,-0.5,376.0,376.5,376.0,376.5,81.0,62.0,60760.0,49208.0,False,False
2330,2022-10-25 11:22:22.912386,-0.0013280212483399723,-0.0013280212483399723,-0.5,-0.5,376.0,376.5,376.0,376.5,81.0,62.0,60760.0,49208.0,False,False
2330,2022-10-25 11:22:23.012809,-0.0013280212483399723,-0.0013280212483399723,-0.5,-0.5,376.0,376.5,376.0,376.5,81.0,62.0,60760.0,49208.0,False,False
2330,2022-10-25 11:22:23.127748,-0.0013280212483399723,-0.0013280212483399723,-0.5,-0.5,376.0,376.5,376.0,376.5,82.0,62.0,60760.0,49208.0,False,False
2330,2022-10-25 11:22:23.353846,-0.0013280212483399723,-0.0013280212483399723,-0.5,-0.5,376.0,376.5,376.0,376.5,82.0,58.0,60760.0,49208.0,False,False
2330,2022-10-25 11:22:23.830998,-0.0013280212483399723,-0.0013280212483399723,-0.5,-0.5,376.0,376.5,376.0,376.5,87.0,58.0,60760.0,49208.0,False,False
2330,2022-10-25 11:22:24.211227,-0.0013280212483399723,-0.0013280212483399723,-0.5,-0.5,376.0,376.5,376.0,376.5,87.0,58.0,60760.0,49208.0,False,False
2330,2022-10-25 11:22:24.384139,-0.0013280212483399723,-0.0013280212483399723,-0.5,-0.5,376.0,376.5,376.0,376.5,88.0,58.0,60760.0,49208.0,False,False
2330,2022-10-25 11:22:24.509849,-0.0013280212483399723,-0.0013280212483399723,-0.5,-0.5,376.0,376.5,376.0,376.5,88.0,58.0,60760.0,49208.0,False,False
2330,2022-10-25 11:22:24.698068,-0.0013280212483399723,-0.0013280212483399723,-0.5,-0.5,376.0,376.5,376.0,376.5,89.0,58.0,60760.0,49208.0,False,False
2330,2022-10-25 11:22:24.845493,-0.0013280212483399723,-0.0013280212483399723,-0.5,-0.5,376.0,376.5,376.0,376.5,89.0,58.0,60760.0,49208.0,False,False
2330,2022-10-25 11:22:25.473758,-0.0013280212483399723,-0.0013280212483399723,-0.5,-0.5,376.0,376.5,376.0,376.5,90.0,58.0,60760.0,49208.0,False,False
2330,2022-10-25 11:22:25.540503,-0.0013280212483399723,-0.0013280212483399723,-0.5,-0.5,376.0,376.5,376.0,376.5,88.0,58.0,60760.0,49208.0,False,False
2330,2022-10-25 11:22:25.494306,-0.0013280212483399723,-0.0013280212483399723,-0.5,-0.5,376.0,376.5,376.0,376.5,90.0,58.0,60760.0,49208.0,False,False
2330,2022-10-25 11:22:25.705658,-0.0013280212483399723,-0.0013280212483399723,-0.5,-0.5,376.0,376.5,376.0,376.5,90.0,58.0,60935.0,48898.0,True,True
2330,2022-10-25 11:22:26.295958,-0.0013280212483399723,-0.0013280212483399723,-0.5,-0.5,376.0,376.5,376.0,376.5,87.0,58.0,60935.0,48898.0,False,False
2330,2022-10-25 11:22:26.589974,-0.0013280212483399723,-0.0013280212483399723,-0.5,-0.5,376.0,376.5,376.0,376.5,87.0,58.0,60935.0,48898.0,False,False
2330,2022-10-25 11:22:26.733871,-0.0013280212483399723,-0.0013280212483399723,-0.5,-0.5,376.0,376.5,376.0,376.5,87.0,58.0,60935.0,48898.0,False,False
2330,2022-10-25 11:22:27.179209,-0.0013280212483399723,-0.0013280212483399723,-0.5,-0.5,376.0,376.5,376.0,376.5,87.0,58.0,60935.0,48898.0,False,False
2330,2022-10-25 11:22:27.327590,-0.0013280212483399723,-0.0013280212483399723,-0.5,-0.5,376.0,376.5,376.0,376.5,87.0,59.0,60935.0,48898.0,False,False
2330,2022-10-25 11:22:27.338632,-0.0013280212483399723,-0.0013280212483399723,-0.5,-0.5,376.0,376.5,376.0,376.5,87.0,59.0,60935.0,48898.0,False,False
2330,2022-10-25 11:22:27.484273,-0.0013280212483399723,-0.0013280212483399723,-0.5,-0.5,376.0,376.5,376.0,376.5,87.0,59.0,60935.0,48898.0,False,False
2330,2022-10-25 11:22:27.869484,-0.0013280212483399723,-0.0013280212483399723,-0.5,-0.5,376.0,376.5,376.0,376.5,93.0,59.0,60935.0,48898.0,False,False
2330,2022-10-25 11:22:28.295166,-0.0013280212483399723,-0.0013280212483399723,-0.5,-0.5,376.0,376.5,376.0,376.5,83.0,59.0,60935.0,48898.0,False,False
2330,2022-10-25 11:22:28.582155,-0.0013280212483399723,-0.0013280212483399723,-0.5,-0.5,376.0,376.5,376.0,376.5,82.0,59.0,60935.0,48898.0,False,False
2330,2022-10-25 11:22:28.714754,-0.0013280212483399723,-0.0013280212483399723,-0.5,-0.5,376.0,376.5,376.0,376.5,82.0,59.0,60935.0,48898.0,False,False
2330,2022-10-25 11:22:29.001000,-0.0013280212483399723,-0.0013280212483399723,-0.5,-0.5,376.0,376.5,376.0,376.5,82.0,59.0,60935.0,48898.0,False,False
2330,2022-10-25 11:22:29.322352,-0.0013280212483399723,-0.0013280212483399723,-0.5,-0.5,376.0,376.5,376.0,376.5,85.0,59.0,60935.0,48898.0,False,False
2330,2022-10-25 11:22:29.514643,-0.0013280212483399723,-0.0013280212483399723,-0.5,-0.5,376.0,376.5,376.0,376.5,85.0,59.0,60935.0,48898.0,False,False
2330,2022-10-25 11:22:29.726089,-0.0013280212483399723,-0.0013280212483399723,-0.5,-0.5,376.0,376.5,376.0,376.5,84.0,59.0,60935.0,48898.0,False,False
2330,2022-10-25 11:22:29.791860,-0.0013280212483399723,-0.0013280212483399723,-0.5,-0.5,376.0,376.5,376.0,376.5,84.0,59.0,60935.0,48898.0,False,False
2330,2022-10-25 11:22:30.435198,-0.0013280212483399723,-0.0013280212483399723,-0.5,-0.5,376.0,376.5,376.0,376.5,83.0,59.0,60935.0,48898.0,False,False
2330,2022-10-25 11:22:30.449829,-0.0013280212483399723,-0.0013280212483399723,-0.5,-0.5,376.0,376.5,376.0,376.5,82.0,59.0,60935.0,48898.0,False,False
2330,2022-10-25 11:22:30.864963,-0.0013280212483399723,-0.0013280212483399723,-0.5,-0.5,376.0,376.5,376.0,376.5,82.0,58.0,60935.0,48898.0,False,False
2330,2022-10-25 11:22:30.890948,-0.0013280212483399723,-0.0013280212483399723,-0.5,-0.5,376.0,376.5,376.0,376.5,82.0,58.0,60935.0,48898.0,False,False
2330,2022-10-25 11:22:31.213227,-0.0013280212483399723,-0.0013280212483399723,-0.5,-0.5,376.0,376.5,376.0,376.5,82.0,59.0,60935.0,48898.0,False,False
2330,2022-10-25 11:22:31.427318,-0.0013280212483399723,-0.0013280212483399723,-0.5,-0.5,376.0,376.5,376.0,376.5,82.0,59.0,60935.0,48898.0,False,False
2330,2022-10-25 11:22:31.922375,-0.0013280212483399723,-0.0013280212483399723,-0.5,-0.5,376.0,376.5,376.0,376.5,82.0,54.0,60935.0,48898.0,False,False
2330,2022-10-25 11:22:32.169601,-0.0013280212483399723,-0.0013280212483399723,-0.5,-0.5,376.0,376.5,376.0,376.5,82.0,54.0,60935.0,48898.0,False,False
2330,2022-10-25 11:22:32.967757,-0.0013280212483399723,-0.0013280212483399723,-0.5,-0.5,376.0,376.5,376.0,376.5,82.0,54.0,60935.0,48898.0,False,False
2330,2022-10-25 11:22:33.305956,-0.0013280212483399723,-0.0013280212483399723,-0.5,-0.5,376.0,376.5,376.0,376.5,82.0,54.0,60935.0,48898.0,False,False
2330,2022-10-25 11:22:33.308422,-0.0013280212483399723,-0.0013280212483399723,-0.5,-0.5,376.0,376.5,376.0,376.5,82.0,54.0,60935.0,48898.0,False,False
2330,2022-10-25 11:22:33.324873,-0.0013280212483399723,-0.0013280212483399723,-0.5,-0.5,376.0,376.5,376.0,376.5,82.0,54.0,60935.0,48898.0,False,False
2330,2022-10-25 11:22:34.437892,-0.0013280212483399723,-0.0013280212483399723,-0.5,-0.5,376.0,376.5,376.0,376.5,82.0,51.0,60935.0,48898.0,False,False
2330,2022-10-25 11:22:34.564869,-0.0013280212483399723,-0.0013280212483399723,-0.5,-0.5,376.0,376.5,376.0,376.5,82.0,51.0,60935.0,48898.0,False,False
2330,2022-10-25 11:22:35.181754,-0.0013280212483399723,-0.0013280212483399723,-0.5,-0.5,376.0,376.5,376.0,376.5,83.0,51.0,60935.0,48898.0,False,False
2330,2022-10-25 11:22:35.192412,-0.0013280212483399723,-0.0013280212483399723,-0.5,-0.5,376.0,376.5,376.0,376.5,82.0,50.0,60935.0,48898.0,False,False
2330,2022-10-25 11:22:35.743802,-0.0013280212483399723,-0.0013280212483399723,-0.5,-0.5,376.0,376.5,376.0,376.5,82.0,50.0,61523.0,48653.0,True,True
2330,2022-10-25 11:22:35.851093,-0.0013280212483399723,-0.0013280212483399723,-0.5,-0.5,376.0,376.5,376.0,376.5,83.0,50.0,61523.0,48653.0,False,False
2330,2022-10-25 11:22:36.127962,-0.0013280212483399723,-0.0013280212483399723,-0.5,-0.5,376.0,376.5,376.0,376.5,83.0,51.0,61523.0,48653.0,False,False
2330,2022-10-25 11:22:37.027346,-0.0013280212483399723,-0.0013280212483399723,-0.5,-0.5,376.0,376.5,376.0,376.5,83.0,50.0,61523.0,48653.0,False,False
2330,2022-10-25 11:22:37.149096,-0.0013280212483399723,-0.0013280212483399723,-0.5,-0.5,376.0,376.5,376.0,376.5,83.0,49.0,61523.0,48653.0,False,False
2330,2022-10-25 11:22:37.648455,-0.0013280212483399723,-0.0013280212483399723,-0.5,-0.5,376.0,376.5,376.0,376.5,83.0,51.0,61523.0,48653.0,False,False
2330,2022-10-25 11:22:38.237398,-0.0013280212483399723,-0.0013280212483399723,-0.5,-0.5,376.0,376.5,376.0,376.5,83.0,51.0,61523.0,48653.0,False,False
2330,2022-10-25 11:22:38.726238,-0.0013280212483399723,-0.0013280212483399723,-0.5,-0.5,376.0,376.5,376.0,376.5,83.0,56.0,61523.0,48653.0,False,False
2330,2022-10-25 11:22:38.761642,-0.0013280212483399723,-0.0013280212483399723,-0.5,-0.5,376.0,376.5,376.0,376.5,83.0,56.0,61523.0,48653.0,False,False
2330,2022-10-25 11:22:38.908270,-0.0013280212483399723,-0.0013280212483399723,-0.5,-0.5,376.0,376.5,376.0,376.5,83.0,58.0,61523.0,48653.0,False,False
2330,2022-10-25 11:22:39.419220,-0.0013280212483399723,-0.0013280212483399723,-0.5,-0.5,376.0,376.5,376.0,376.5,83.0,58.0,61523.0,48653.0,False,False
2330,2022-10-25 11:22:39.592947,-0.0013280212483399723,-0.0013280212483399723,-0.5,-0.5,376.0,376.5,376.0,376.5,83.0,58.0,61523.0,48653.0,False,False
2330,2022-10-25 11:22:40.068242,-0.0013280212483399723,-0.0013280212483399723,-0.5,-0.5,376.0,376.5,376.0,376.5,91.0,58.0,61523.0,48653.0,False,False
2330,2022-10-25 11:22:40.776903,-0.0013280212483399723,-0.0013280212483399723,-0.5,-0.5,376.0,376.5,376.0,376.5,91.0,57.0,61523.0,48653.0,False,False
2330,2022-10-25 11:22:41.040170,-0.0013280212483399723,-0.0013280212483399723,-0.5,-0.5,376.0,376.5,376.0,376.5,91.0,58.0,61523.0,48653.0,False,False
2330,2022-10-25 11:22:41.060309,-0.0013280212483399723,-0.0013280212483399723,-0.5,-0.5,376.0,376.5,376.0,376.5,91.0,58.0,61523.0,48653.0,False,False
2330,2022-10-25 11:22:41.736042,-0.0013280212483399723,-0.0013280212483399723,-0.5,-0.5,376.0,376.5,376.0,376.5,92.0,58.0,61523.0,48653.0,False,False
2330,2022-10-25 11:22:42.981194,-0.0013280212483399723,-0.0013280212483399723,-0.5,-0.5,376.0,376.5,376.0,376.5,92.0,58.0,61523.0,48653.0,False,False
2330,2022-10-25 11:22:43.315491,-0.0013280212483399723,-0.0013280212483399723,-0.5,-0.5,376.0,376.5,376.0,376.5,93.0,58.0,61523.0,48653.0,False,False
2330,2022-10-25 11:22:45.784964,-0.0013280212483399723,-0.0013280212483399723,-0.5,-0.5,376.0,376.5,376.0,376.5,93.0,58.0,61646.0,48278.0,True,True
2330,2022-10-25 11:22:45.883193,-0.0013280212483399723,-0.0013280212483399723,-0.5,-0.5,376.0,376.5,376.0,376.5,93.0,58.0,61646.0,48278.0,False,False
2330,2022-10-25 11:22:45.940862,-0.0013280212483399723,-0.0013280212483399723,-0.5,-0.5,376.0,376.5,376.0,376.5,93.0,59.0,61646.0,48278.0,False,False
2330,2022-10-25 11:22:46.754264,-0.0013280212483399723,-0.0013280212483399723,-0.5,-0.5,376.0,376.5,376.0,376.5,93.0,59.0,61646.0,48278.0,False,False
2330,2022-10-25 11:22:47.733943,-0.0013280212483399723,-0.0013280212483399723,-0.5,-0.5,376.0,376.5,376.0,376.5,93.0,59.0,61646.0,48278.0,False,False
2330,2022-10-25 11:22:48.183349,-0.0013280212483399723,-0.0013280212483399723,-0.5,-0.5,376.0,376.5,376.0,376.5,93.0,59.0,61646.0,48278.0,False,False
2330,2022-10-25 11:22:48.359653,-0.0013280212483399723,-0.0013280212483399723,-0.5,-0.5,376.0,376.5,376.0,376.5,93.0,59.0,61646.0,48278.0,False,False
2330,2022-10-25 11:22:48.533232,-0.0013280212483399723,-0.0013280212483399723,-0.5,-0.5,376.0,376.5,376.0,376.5,93.0,59.0,61646.0,48278.0,False,False
2330,2022-10-25 11:22:48.897645,-0.0013280212483399723,-0.0013280212483399723,-0.5,-0.5,376.0,376.5,376.0,376.5,93.0,60.0,61646.0,48278.0,False,False
2330,2022-10-25 11:22:49.125994,-0.0013280212483399723,-0.0013280212483399723,-0.5,-0.5,376.0,376.5,376.0,376.5,93.0,60.0,61646.0,48278.0,False,False
2330,2022-10-25 11:22:49.887357,-0.0013280212483399723,-0.0013280212483399723,-0.5,-0.5,376.0,376.5,376.0,376.5,93.0,60.0,61646.0,48278.0,False,False
2330,2022-10-25 11:22:50.304840,-0.0013280212483399723,-0.0013280212483399723,-0.5,-0.5,376.0,376.5,376.0,376.5,93.0,60.0,61646.0,48278.0,False,False
2330,2022-10-25 11:22:50.467581,-0.0013280212483399723,-0.0013280212483399723,-0.5,-0.5,376.0,376.5,376.0,376.5,92.0,60.0,61646.0,48278.0,False,False
2330,2022-10-25 11:22:50.666381,-0.0013280212483399723,-0.0013280212483399723,-0.5,-0.5,376.0,376.5,376.0,376.5,92.0,67.0,61646.0,48278.0,False,False
2330,2022-10-25 11:22:50.821033,-0.0013280212483399723,-0.0013280212483399723,-0.5,-0.5,376.0,376.5,376.0,376.5,92.0,67.0,61646.0,48278.0,False,False
2330,2022-10-25 11:22:50.869833,-0.0013280212483399723,-0.0013280212483399723,-0.5,-0.5,376.0,376.5,376.0,376.5,92.0,68.0,61646.0,48278.0,False,False
2330,2022-10-25 11:22:50.918548,-0.0013280212483399723,-0.0013280212483399723,-0.5,-0.5,376.0,376.5,376.0,376.5,90.0,68.0,61646.0,48278.0,False,False
2330,2022-10-25 11:22:50.954552,-0.0013280212483399723,-0.0013280212483399723,-0.5,-0.5,376.0,376.5,376.0,376.5,90.0,67.0,61646.0,48278.0,False,False
2330,2022-10-25 11:22:51.816732,-0.0013280212483399723,-0.0013280212483399723,-0.5,-0.5,376.0,376.5,376.0,376.5,91.0,67.0,61646.0,48278.0,False,False
2330,2022-10-25 11:22:52.103440,-0.0013280212483399723,-0.0013280212483399723,-0.5,-0.5,376.0,376.5,376.0,376.5,90.0,67.0,61646.0,48278.0,False,False
2330,2022-10-25 11:22:52.352882,-0.0013280212483399723,-0.0013280212483399723,-0.5,-0.5,376.0,376.5,376.0,376.5,90.0,67.0,61646.0,48278.0,False,False
2330,2022-10-25 11:22:53.303506,-0.0013280212483399723,-0.0013280212483399723,-0.5,-0.5,376.0,376.5,376.0,376.5,91.0,67.0,61646.0,48278.0,False,False
2330,2022-10-25 11:22:53.378374,-0.0013280212483399723,-0.0013280212483399723,-0.5,-0.5,376.0,376.5,376.0,376.5,91.0,69.0,61646.0,48278.0,False,False
2330,2022-10-25 11:22:53.736049,-0.0013280212483399723,-0.0013280212483399723,-0.5,-0.5,376.0,376.5,376.0,376.5,91.0,69.0,61646.0,48278.0,False,False
2330,2022-10-25 11:22:54.128080,-0.0013280212483399723,-0.0013280212483399723,-0.5,-0.5,376.0,376.5,376.0,376.5,91.0,69.0,61646.0,48278.0,False,False
2330,2022-10-25 11:22:54.292915,-0.0013280212483399723,-0.0013280212483399723,-0.5,-0.5,376.0,376.5,376.0,376.5,91.0,70.0,61646.0,48278.0,False,False
2330,2022-10-25 11:22:54.673641,-0.0013280212483399723,-0.0013280212483399723,-0.5,-0.5,376.0,376.5,376.0,376.5,88.0,70.0,61646.0,48278.0,False,False
2330,2022-10-25 11:22:54.759474,-0.0013280212483399723,-0.0013280212483399723,-0.5,-0.5,376.0,376.5,376.0,376.5,88.0,70.0,61646.0,48278.0,False,False
2330,2022-10-25 11:22:55.004400,-0.0013280212483399723,-0.0013280212483399723,-0.5,-0.5,376.0,376.5,376.0,376.5,89.0,70.0,61646.0,48278.0,False,False
2330,2022-10-25 11:22:55.349358,-0.0013280212483399723,-0.0013280212483399723,-0.5,-0.5,376.0,376.5,376.0,376.5,89.0,73.0,61646.0,48278.0,False,False
2330,2022-10-25 11:22:55.778014,-0.0013280212483399723,-0.0013280212483399723,-0.5,-0.5,376.0,376.5,376.0,376.5,88.0,73.0,61646.0,48278.0,False,False
2330,2022-10-25 11:22:55.824109,-0.0013280212483399723,-0.0013280212483399723,-0.5,-0.5,376.0,376.5,376.0,376.5,88.0,73.0,61939.0,47438.0,True,True
2330,2022-10-25 11:22:56.783112,-0.0013280212483399723,-0.0013280212483399723,-0.5,-0.5,376.0,376.5,376.0,376.5,88.0,73.0,61939.0,47438.0,False,False
2330,2022-10-25 11:22:56.940931,-0.0013280212483399723,-0.0013280212483399723,-0.5,-0.5,376.0,376.5,376.0,376.5,88.0,73.0,61939.0,47438.0,False,False
2330,2022-10-25 11:22:57.152704,-0.0013280212483399723,-0.0013280212483399723,-0.5,-0.5,376.0,376.5,376.0,376.5,88.0,73.0,61939.0,47438.0,False,False
2330,2022-10-25 11:22:57.397544,-0.0013280212483399723,-0.0013280212483399723,-0.5,-0.5,376.0,376.5,376.0,376.5,88.0,73.0,61939.0,47438.0,False,False
2330,2022-10-25 11:22:57.669103,-0.0013280212483399723,-0.0013280212483399723,-0.5,-0.5,376.0,376.5,376.0,376.5,83.0,73.0,61939.0,47438.0,False,False
2330,2022-10-25 11:22:57.680901,-0.0013280212483399723,-0.0013280212483399723,-0.5,-0.5,376.0,376.5,376.0,376.5,83.0,73.0,61939.0,47438.0,False,False
2330,2022-10-25 11:22:57.729067,-0.0013280212483399723,-0.0013280212483399723,-0.5,-0.5,376.0,376.5,376.0,376.5,83.0,73.0,61939.0,47438.0,False,False
2330,2022-10-25 11:22:57.729575,-0.0013280212483399723,-0.0013280212483399723,-0.5,-0.5,376.0,376.5,376.0,376.5,84.0,73.0,61939.0,47438.0,False,False
2330,2022-10-25 11:22:58.856116,-0.0013280212483399723,-0.0013280212483399723,-0.5,-0.5,376.0,376.5,376.0,376.5,83.0,73.0,61939.0,47438.0,False,False
2330,2022-10-25 11:22:59.148503,-0.0013280212483399723,-0.0013280212483399723,-0.5,-0.5,376.0,376.5,376.0,376.5,83.0,73.0,61939.0,47438.0,False,False
2330,2022-10-25 11:22:59.184595,-0.0013280212483399723,-0.0013280212483399723,-0.5,-0.5,376.0,376.5,376.0,376.5,83.0,74.0,61939.0,47438.0,False,False
2330,2022-10-25 11:22:59.225677,-0.0013280212483399723,-0.0013280212483399723,-0.5,-0.5,376.0,376.5,376.0,376.5,82.0,74.0,61939.0,47438.0,False,False
2330,2022-10-25 11:22:59.426025,-0.0013280212483399723,-0.0013280212483399723,-0.5,-0.5,376.0,376.5,376.0,376.5,82.0,74.0,61939.0,47438.0,False,False
2330,2022-10-25 11:22:59.570056,-0.0013280212483399723,-0.0013280212483399723,-0.5,-0.5,376.0,376.5,376.0,376.5,82.0,76.0,61939.0,47438.0,False,False
2330,2022-10-25 11:23:00.074700,-0.0013280212483399723,-0.0013280212483399723,-0.5,-0.5,376.0,376.5,376.0,376.5,82.0,76.0,61939.0,47438.0,False,False
2330,2022-10-25 11:23:00.340131,-0.0013280212483399723,-0.0013280212483399723,-0.5,-0.5,376.0,376.5,376.0,376.5,82.0,75.0,61939.0,47438.0,False,False
2330,2022-10-25 11:23:00.686979,-0.0013280212483399723,-0.0013280212483399723,-0.5,-0.5,376.0,376.5,376.0,376.5,82.0,76.0,61939.0,47438.0,False,False
2330,2022-10-25 11:23:02.433636,-0.0013280212483399723,-0.0013280212483399723,-0.5,-0.5,376.0,376.5,376.0,376.5,82.0,76.0,61939.0,47438.0,False,False
2330,2022-10-25 11:23:02.683679,-0.0013280212483399723,-0.0013280212483399723,-0.5,-0.5,376.0,376.5,376.0,376.5,82.0,76.0,61939.0,47438.0,False,False
2330,2022-10-25 11:23:04.405794,-0.0013280212483399723,-0.0013280212483399723,-0.5,-0.5,376.0,376.5,376.0,376.5,82.0,75.0,61939.0,47438.0,False,False
2330,2022-10-25 11:23:04.473679,-0.0013280212483399723,-0.0013280212483399723,-0.5,-0.5,376.0,376.5,376.0,376.5,83.0,75.0,61939.0,47438.0,False,False
2330,2022-10-25 11:23:05.598586,-0.0013280212483399723,-0.0013280212483399723,-0.5,-0.5,376.0,376.5,376.0,376.5,83.0,76.0,61939.0,47438.0,False,False
2330,2022-10-25 11:23:05.863424,-0.0013280212483399723,-0.0013280212483399723,-0.5,-0.5,376.0,376.5,376.0,376.5,83.0,76.0,62833.0,46805.0,True,True
2330,2022-10-25 11:23:06.012740,-0.0013280212483399723,-0.0013280212483399723,-0.5,-0.5,376.0,376.5,376.0,376.5,83.0,76.0,62833.0,46805.0,False,False
2330,2022-10-25 11:23:06.355971,-0.0013280212483399723,-0.0013280212483399723,-0.5,-0.5,376.0,376.5,376.0,376.5,83.0,76.0,62833.0,46805.0,False,False
2330,2022-10-25 11:23:06.908816,-0.0013280212483399723,-0.0013280212483399723,-0.5,-0.5,376.0,376.5,376.0,376.5,83.0,76.0,62833.0,46805.0,False,False
2330,2022-10-25 11:23:07.222468,-0.0013280212483399723,-0.0013280212483399723,-0.5,-0.5,376.0,376.5,376.0,376.5,83.0,76.0,62833.0,46805.0,False,False
2330,2022-10-25 11:23:07.389660,-0.0013280212483399723,-0.0013280212483399723,-0.5,-0.5,376.0,376.5,376.0,376.5,83.0,77.0,62833.0,46805.0,False,False
2330,2022-10-25 11:23:07.839211,-0.0013280212483399723,-0.0013280212483399723,-0.5,-0.5,376.0,376.5,376.0,376.5,83.0,72.0,62833.0,46805.0,False,False
2330,2022-10-25 11:23:08.176317,-0.0013280212483399723,-0.0013280212483399723,-0.5,-0.5,376.0,376.5,376.0,376.5,88.0,72.0,62833.0,46805.0,False,False
2330,2022-10-25 11:23:08.373971,-0.0013280212483399723,-0.0013280212483399723,-0.5,-0.5,376.0,376.5,376.0,376.5,89.0,72.0,62833.0,46805.0,False,False
2330,2022-10-25 11:23:08.539587,-0.0013280212483399723,-0.0013280212483399723,-0.5,-0.5,376.0,376.5,376.0,376.5,89.0,71.0,62833.0,46805.0,False,False
2330,2022-10-25 11:23:08.916887,-0.0013280212483399723,-0.0013280212483399723,-0.5,-0.5,376.0,376.5,376.0,376.5,89.0,71.0,62833.0,46805.0,False,False
2330,2022-10-25 11:23:09.128345,-0.0013280212483399723,-0.0013280212483399723,-0.5,-0.5,376.0,376.5,376.0,376.5,88.0,71.0,62833.0,46805.0,False,False
2330,2022-10-25 11:23:09.904342,-0.0013280212483399723,-0.0013280212483399723,-0.5,-0.5,376.0,376.5,376.0,376.5,88.0,71.0,62833.0,46805.0,False,False
2330,2022-10-25 11:23:10.111516,-0.0013280212483399723,-0.0013280212483399723,-0.5,-0.5,376.0,376.5,376.0,376.5,88.0,70.0,62833.0,46805.0,False,False
2330,2022-10-25 11:23:10.511207,-0.0013280212483399723,-0.0013280212483399723,-0.5,-0.5,376.0,376.5,376.0,376.5,88.0,71.0,62833.0,46805.0,False,False
2330,2022-10-25 11:23:10.638126,-0.0013280212483399723,-0.0013280212483399723,-0.5,-0.5,376.0,376.5,376.0,376.5,88.0,71.0,62833.0,46805.0,False,False
2330,2022-10-25 11:23:10.696548,-0.0013280212483399723,-0.0013280212483399723,-0.5,-0.5,376.0,376.5,376.0,376.5,87.0,71.0,62833.0,46805.0,False,False
2330,2022-10-25 11:23:11.596146,-0.0013280212483399723,-0.0013280212483399723,-0.5,-0.5,376.0,376.5,376.0,376.5,87.0,71.0,62833.0,46805.0,False,False
2330,2022-10-25 11:23:12.642472,-0.0013280212483399723,-0.0013280212483399723,-0.5,-0.5,376.0,376.5,376.0,376.5,87.0,71.0,62833.0,46805.0,False,False
2330,2022-10-25 11:23:13.077584,-0.0013280212483399723,-0.0013280212483399723,-0.5,-0.5,376.0,376.5,376.0,376.5,87.0,76.0,62833.0,46805.0,False,False
2330,2022-10-25 11:23:13.114738,-0.0013280212483399723,-0.0013280212483399723,-0.5,-0.5,376.0,376.5,376.0,376.5,88.0,76.0,62833.0,46805.0,False,False
2330,2022-10-25 11:23:13.207359,-0.0013280212483399723,-0.0013280212483399723,-0.5,-0.5,376.0,376.5,376.0,376.5,88.0,76.0,62833.0,46805.0,False,False
2330,2022-10-25 11:23:13.457508,-0.0013280212483399723,-0.0013280212483399723,-0.5,-0.5,376.0,376.5,376.0,376.5,88.0,80.0,62833.0,46805.0,False,False
2330,2022-10-25 11:23:13.541734,-0.0013280212483399723,-0.0013280212483399723,-0.5,-0.5,376.0,376.5,376.0,376.5,90.0,80.0,62833.0,46805.0,False,False
2330,2022-10-25 11:23:13.776807,-0.0013280212483399723,-0.0013280212483399723,-0.5,-0.5,376.0,376.5,376.0,376.5,91.0,80.0,62833.0,46805.0,False,False
2330,2022-10-25 11:23:13.936061,-0.0013280212483399723,-0.0013280212483399723,-0.5,-0.5,376.0,376.5,376.0,376.5,92.0,80.0,62833.0,46805.0,False,False
2330,2022-10-25 11:23:14.034643,-0.0013280212483399723,-0.0013280212483399723,-0.5,-0.5,376.0,376.5,376.0,376.5,92.0,80.0,62833.0,46805.0,False,False
2330,2022-10-25 11:23:14.274813,-0.0013280212483399723,-0.0013280212483399723,-0.5,-0.5,376.0,376.5,376.0,376.5,92.0,80.0,62833.0,46805.0,False,False
2330,2022-10-25 11:23:14.899626,-0.0013280212483399723,-0.0013280212483399723,-0.5,-0.5,376.0,376.5,376.0,376.5,92.0,80.0,62833.0,46805.0,False,False
2330,2022-10-25 11:23:15.422813,-0.0013280212483399723,-0.0013280212483399723,-0.5,-0.5,376.0,376.5,376.0,376.5,92.0,81.0,62833.0,46805.0,False,False
2330,2022-10-25 11:23:15.901366,-0.0013280212483399723,-0.0013280212483399723,-0.5,-0.5,376.0,376.5,376.0,376.5,92.0,81.0,63176.0,46344.0,True,True
2330,2022-10-25 11:23:16.107791,-0.0013280212483399723,-0.0013280212483399723,-0.5,-0.5,376.0,376.5,376.0,376.5,92.0,81.0,63176.0,46344.0,False,False
2330,2022-10-25 11:23:17.198977,-0.0013280212483399723,-0.0013280212483399723,-0.5,-0.5,376.0,376.5,376.0,376.5,92.0,81.0,63176.0,46344.0,False,False
2330,2022-10-25 11:23:17.201883,-0.0013280212483399723,-0.0013280212483399723,-0.5,-0.5,376.0,376.5,376.0,376.5,92.0,81.0,63176.0,46344.0,False,False
2330,2022-10-25 11:23:17.563235,-0.0013280212483399723,-0.0013280212483399723,-0.5,-0.5,376.0,376.5,376.0,376.5,92.0,81.0,63176.0,46344.0,False,False
2330,2022-10-25 11:23:17.582246,-0.0013280212483399723,-0.0013280212483399723,-0.5,-0.5,376.0,376.5,376.0,376.5,92.0,80.0,63176.0,46344.0,False,False
2330,2022-10-25 11:23:17.581887,-0.0013280212483399723,-0.0013280212483399723,-0.5,-0.5,376.0,376.5,376.0,376.5,92.0,81.0,63176.0,46344.0,False,False
2330,2022-10-25 11:23:17.962280,-0.0013280212483399723,-0.0013280212483399723,-0.5,-0.5,376.0,376.5,376.0,376.5,92.0,80.0,63176.0,46344.0,False,False
2330,2022-10-25 11:23:17.974165,-0.0013280212483399723,-0.0013280212483399723,-0.5,-0.5,376.0,376.5,376.0,376.5,92.0,80.0,63176.0,46344.0,False,False
2330,2022-10-25 11:23:18.143031,-0.0013280212483399723,-0.0013280212483399723,-0.5,-0.5,376.0,376.5,376.0,376.5,92.0,80.0,63176.0,46344.0,False,False
2330,2022-10-25 11:23:18.256064,-0.0013280212483399723,-0.0013280212483399723,-0.5,-0.5,376.0,376.5,376.0,376.5,90.0,80.0,63176.0,46344.0,False,False
2330,2022-10-25 11:23:18.955559,-0.0013280212483399723,-0.0013280212483399723,-0.5,-0.5,376.0,376.5,376.0,376.5,90.0,80.0,63176.0,46344.0,False,False
2330,2022-10-25 11:23:18.988804,-0.0013280212483399723,-0.0013280212483399723,-0.5,-0.5,376.0,376.5,376.0,376.5,90.0,80.0,63176.0,46344.0,False,False
2330,2022-10-25 11:23:19.098331,-0.0013280212483399723,-0.0013280212483399723,-0.5,-0.5,376.0,376.5,376.0,376.5,87.0,80.0,63176.0,46344.0,False,False
2330,2022-10-25 11:23:19.133310,-0.0013280212483399723,-0.0013280212483399723,-0.5,-0.5,376.0,376.5,376.0,376.5,87.0,80.0,63176.0,46344.0,False,False
2330,2022-10-25 11:23:19.162215,-0.0013280212483399723,-0.0013280212483399723,-0.5,-0.5,376.0,376.5,376.0,376.5,87.0,80.0,63176.0,46344.0,False,False
2330,2022-10-25 11:23:19.934295,-0.0013280212483399723,-0.0013280212483399723,-0.5,-0.5,376.0,376.5,376.0,376.5,87.0,80.0,63176.0,46344.0,False,False
2330,2022-10-25 11:23:20.112111,-0.0013280212483399723,-0.0013280212483399723,-0.5,-0.5,376.0,376.5,376.0,376.5,87.0,80.0,63176.0,46344.0,False,False
2330,2022-10-25 11:23:20.115498,-0.0013280212483399723,-0.0013280212483399723,-0.5,-0.5,376.0,376.5,376.0,376.5,87.0,80.0,63176.0,46344.0,False,False
2330,2022-10-25 11:23:20.337259,-0.0013280212483399723,-0.0013280212483399723,-0.5,-0.5,376.0,376.5,376.0,376.5,86.0,80.0,63176.0,46344.0,False,False
2330,2022-10-25 11:23:20.403368,-0.0013280212483399723,-0.0013280212483399723,-0.5,-0.5,376.0,376.5,376.0,376.5,86.0,80.0,63176.0,46344.0,False,False
2330,2022-10-25 11:23:20.806914,-0.0013280212483399723,-0.0013280212483399723,-0.5,-0.5,376.0,376.5,376.0,376.5,86.0,82.0,63176.0,46344.0,False,False
2330,2022-10-25 11:23:20.934775,-0.0013280212483399723,-0.0013280212483399723,-0.5,-0.5,376.0,376.5,376.0,376.5,86.0,82.0,63176.0,46344.0,False,False
2330,2022-10-25 11:23:21.239064,-0.0013280212483399723,-0.0013280212483399723,-0.5,-0.5,376.0,376.5,376.0,376.5,86.0,82.0,63176.0,46344.0,False,False
2330,2022-10-25 11:23:21.244484,-0.0013280212483399723,-0.0013280212483399723,-0.5,-0.5,376.0,376.5,376.0,376.5,86.0,82.0,63176.0,46344.0,False,False
2330,2022-10-25 11:23:21.511777,-0.0013280212483399723,-0.0013280212483399723,-0.5,-0.5,376.0,376.5,376.0,376.5,86.0,82.0,63176.0,46344.0,False,False
2330,2022-10-25 11:23:21.585321,-0.0013280212483399723,-0.0013280212483399723,-0.5,-0.5,376.0,376.5,376.0,376.5,86.0,82.0,63176.0,46344.0,False,False
2330,2022-10-25 11:23:21.713301,-0.0013280212483399723,-0.0013280212483399723,-0.5,-0.5,376.0,376.5,376.0,376.5,86.0,84.0,63176.0,46344.0,False,False
2330,2022-10-25 11:23:21.758851,-0.0013280212483399723,-0.0013280212483399723,-0.5,-0.5,376.0,376.5,376.0,376.5,86.0,84.0,63176.0,46344.0,False,False
2330,2022-10-25 11:23:21.966786,-0.0013280212483399723,-0.0013280212483399723,-0.5,-0.5,376.0,376.5,376.0,376.5,87.0,84.0,63176.0,46344.0,False,False
2330,2022-10-25 11:23:22.059491,-0.0013280212483399723,-0.0013280212483399723,-0.5,-0.5,376.0,376.5,376.0,376.5,87.0,87.0,63176.0,46344.0,False,False
2330,2022-10-25 11:23:22.146824,-0.0013280212483399723,-0.0013280212483399723,-0.5,-0.5,376.0,376.5,376.0,376.5,87.0,87.0,63176.0,46344.0,False,False
2330,2022-10-25 11:23:22.323060,-0.0013280212483399723,-0.0013280212483399723,-0.5,-0.5,376.0,376.5,376.0,376.5,87.0,89.0,63176.0,46344.0,False,False
2330,2022-10-25 11:23:22.551942,-0.0013280212483399723,-0.0013280212483399723,-0.5,-0.5,376.0,376.5,376.0,376.5,87.0,89.0,63176.0,46344.0,False,False
2330,2022-10-25 11:23:22.561071,-0.0013280212483399723,-0.0013280212483399723,-0.5,-0.5,376.0,376.5,376.0,376.5,87.0,89.0,63176.0,46344.0,False,False
2330,2022-10-25 11:23:22.696571,-0.0013280212483399723,-0.0013280212483399723,-0.5,-0.5,376.0,376.5,376.0,376.5,87.0,89.0,63176.0,46344.0,False,False
2330,2022-10-25 11:23:22.822757,-0.0013280212483399723,-0.0013280212483399723,-0.5,-0.5,376.0,376.5,376.0,376.5,87.0,85.0,63176.0,46344.0,False,False
2330,2022-10-25 11:23:22.929535,-0.0013280212483399723,-0.0013280212483399723,-0.5,-0.5,376.0,376.5,376.0,376.5,87.0,85.0,63176.0,46344.0,False,False
2330,2022-10-25 11:23:23.899293,-0.0013280212483399723,-0.0013280212483399723,-0.5,-0.5,376.0,376.5,376.0,376.5,87.0,85.0,63176.0,46344.0,False,False
2330,2022-10-25 11:23:23.913642,-0.0013280212483399723,-0.0013280212483399723,-0.5,-0.5,376.0,376.5,376.0,376.5,87.0,85.0,63176.0,46344.0,False,False
2330,2022-10-25 11:23:24.050699,-0.0013280212483399723,-0.0013280212483399723,-0.5,-0.5,376.0,376.5,376.0,376.5,88.0,85.0,63176.0,46344.0,False,False
2330,2022-10-25 11:23:24.135654,-0.0013280212483399723,-0.0013280212483399723,-0.5,-0.5,376.0,376.5,376.0,376.5,88.0,85.0,63176.0,46344.0,False,False
2330,2022-10-25 11:23:24.361834,-0.0013280212483399723,-0.0013280212483399723,-0.5,-0.5,376.0,376.5,376.0,376.5,88.0,85.0,63176.0,46344.0,False,False
2330,2022-10-25 11:23:24.568802,-0.0013280212483399723,-0.0013280212483399723,-0.5,-0.5,376.0,376.5,376.0,376.5,88.0,86.0,63176.0,46344.0,False,False
2330,2022-10-25 11:23:24.582218,-0.0013280212483399723,-0.0013280212483399723,-0.5,-0.5,376.0,376.5,376.0,376.5,88.0,86.0,63176.0,46344.0,False,False
2330,2022-10-25 11:23:24.623712,-0.0013280212483399723,-0.0013280212483399723,-0.5,-0.5,376.0,376.5,376.0,376.5,88.0,86.0,63176.0,46344.0,False,False
2330,2022-10-25 11:23:24.920591,-0.0013280212483399723,-0.0013280212483399723,-0.5,-0.5,376.0,376.5,376.0,376.5,88.0,86.0,63176.0,46344.0,False,False
2330,2022-10-25 11:23:24.941493,-0.0013280212483399723,-0.0013280212483399723,-0.5,-0.5,376.0,376.5,376.0,376.5,88.0,86.0,63176.0,46344.0,False,False
2330,2022-10-25 11:23:25.048926,-0.0013280212483399723,-0.0013280212483399723,-0.5,-0.5,376.0,376.5,376.0,376.5,87.0,86.0,63176.0,46344.0,False,False
2330,2022-10-25 11:23:25.201737,-0.0013280212483399723,-0.0013280212483399723,-0.5,-0.5,376.0,376.5,376.0,376.5,87.0,88.0,63176.0,46344.0,False,False
2330,2022-10-25 11:23:25.390517,-0.0013280212483399723,-0.0013280212483399723,-0.5,-0.5,376.0,376.5,376.0,376.5,86.0,88.0,63176.0,46344.0,False,False
2330,2022-10-25 11:23:25.604944,-0.0013280212483399723,-0.0013280212483399723,-0.5,-0.5,376.0,376.5,376.0,376.5,86.0,88.0,63176.0,46344.0,False,False
2330,2022-10-25 11:23:25.732300,-0.0013280212483399723,-0.0013280212483399723,-0.5,-0.5,376.0,376.5,376.0,376.5,87.0,88.0,63176.0,46344.0,False,False
2330,2022-10-25 11:23:25.838962,-0.0013280212483399723,-0.0013280212483399723,-0.5,-0.5,376.0,376.5,376.0,376.5,87.0,88.0,63176.0,46344.0,False,False
2330,2022-10-25 11:23:25.937440,-0.0013280212483399723,-0.0013280212483399723,-0.5,-0.5,376.0,376.5,376.0,376.5,87.0,88.0,63661.0,45773.0,True,True
2330,2022-10-25 11:23:26.132886,-0.0013280212483399723,-0.0013280212483399723,-0.5,-0.5,376.0,376.5,376.0,376.5,87.0,90.0,63661.0,45773.0,False,False
2330,2022-10-25 11:23:26.264893,-0.0013280212483399723,-0.0013280212483399723,-0.5,-0.5,376.0,376.5,376.0,376.5,87.0,91.0,63661.0,45773.0,False,False
2330,2022-10-25 11:23:26.426303,-0.0013280212483399723,-0.0013280212483399723,-0.5,-0.5,376.0,376.5,376.0,376.5,89.0,91.0,63661.0,45773.0,False,False
2330,2022-10-25 11:23:27.269527,-0.0013280212483399723,-0.0013280212483399723,-0.5,-0.5,376.0,376.5,376.0,376.5,90.0,91.0,63661.0,45773.0,False,False
2330,2022-10-25 11:23:27.528647,-0.0013280212483399723,-0.0013280212483399723,-0.5,-0.5,376.0,376.5,376.0,376.5,90.0,91.0,63661.0,45773.0,False,False
2330,2022-10-25 11:23:27.541172,-0.0013280212483399723,-0.0013280212483399723,-0.5,-0.5,376.0,376.5,376.0,376.5,90.0,91.0,63661.0,45773.0,False,False
2330,2022-10-25 11:23:27.690614,-0.0013280212483399723,-0.0013280212483399723,-0.5,-0.5,376.0,376.5,376.0,376.5,90.0,91.0,63661.0,45773.0,False,False
2330,2022-10-25 11:23:27.855727,-0.0013280212483399723,-0.0013280212483399723,-0.5,-0.5,376.0,376.5,376.0,376.5,90.0,91.0,63661.0,45773.0,False,False
2330,2022-10-25 11:23:27.868722,-0.0013280212483399723,-0.0013280212483399723,-0.5,-0.5,376.0,376.5,376.0,376.5,90.0,91.0,63661.0,45773.0,False,False
2330,2022-10-25 11:23:28.351637,-0.0013280212483399723,-0.0013280212483399723,-0.5,-0.5,376.0,376.5,376.0,376.5,90.0,91.0,63661.0,45773.0,False,False
2330,2022-10-25 11:23:28.641291,-0.0013280212483399723,-0.0013280212483399723,-0.5,-0.5,376.0,376.5,376.0,376.5,90.0,91.0,63661.0,45773.0,False,False
2330,2022-10-25 11:23:28.725125,-0.0013280212483399723,-0.0013280212483399723,-0.5,-0.5,376.0,376.5,376.0,376.5,90.0,91.0,63661.0,45773.0,False,False
2330,2022-10-25 11:23:29.034218,-0.0013280212483399723,-0.0013280212483399723,-0.5,-0.5,376.0,376.5,376.0,376.5,90.0,91.0,63661.0,45773.0,False,False
2330,2022-10-25 11:23:29.277368,-0.0013280212483399723,-0.0013280212483399723,-0.5,-0.5,376.0,376.5,376.0,376.5,90.0,92.0,63661.0,45773.0,False,False
2330,2022-10-25 11:23:29.306974,-0.0013280212483399723,-0.0013280212483399723,-0.5,-0.5,376.0,376.5,376.0,376.5,90.0,89.0,63661.0,45773.0,False,False
2330,2022-10-25 11:23:29.373771,-0.0013280212483399723,-0.0013280212483399723,-0.5,-0.5,376.0,376.5,376.0,376.5,90.0,89.0,63661.0,45773.0,False,False
2330,2022-10-25 11:23:29.403546,-0.0013280212483399723,-0.0013280212483399723,-0.5,-0.5,376.0,376.5,376.0,376.5,95.0,89.0,63661.0,45773.0,False,False
2330,2022-10-25 11:23:29.979904,-0.0013280212483399723,-0.0013280212483399723,-0.5,-0.5,376.0,376.5,376.0,376.5,95.0,89.0,63661.0,45773.0,False,False
2330,2022-10-25 11:23:30.177989,-0.0013280212483399723,-0.0013280212483399723,-0.5,-0.5,376.0,376.5,376.0,376.5,95.0,90.0,63661.0,45773.0,False,False
2330,2022-10-25 11:23:30.464676,-0.0013280212483399723,-0.0013280212483399723,-0.5,-0.5,376.0,376.5,376.0,376.5,94.0,90.0,63661.0,45773.0,False,False
2330,2022-10-25 11:23:30.479999,-0.0013280212483399723,-0.0013280212483399723,-0.5,-0.5,376.0,376.5,376.0,376.5,93.0,90.0,63661.0,45773.0,False,False
2330,2022-10-25 11:23:31.397210,-0.0013280212483399723,-0.0013280212483399723,-0.5,-0.5,376.0,376.5,376.0,376.5,93.0,90.0,63661.0,45773.0,False,False
2330,2022-10-25 11:23:32.829134,-0.0013280212483399723,-0.0013280212483399723,-0.5,-0.5,376.0,376.5,376.0,376.5,93.0,86.0,63661.0,45773.0,False,False
2330,2022-10-25 11:23:33.098393,-0.0013280212483399723,-0.0013280212483399723,-0.5,-0.5,376.0,376.5,376.0,376.5,93.0,86.0,63661.0,45773.0,False,False
2330,2022-10-25 11:23:33.548190,-0.0013280212483399723,-0.0013280212483399723,-0.5,-0.5,376.0,376.5,376.0,376.5,93.0,86.0,63661.0,45773.0,False,False
2330,2022-10-25 11:23:33.698587,-0.0013280212483399723,-0.0013280212483399723,-0.5,-0.5,376.0,376.5,376.0,376.5,93.0,86.0,63661.0,45773.0,False,False
2330,2022-10-25 11:23:34.288047,-0.0013280212483399723,-0.0013280212483399723,-0.5,-0.5,376.0,376.5,376.0,376.5,91.0,86.0,63661.0,45773.0,False,False
2330,2022-10-25 11:23:34.318128,-0.0013280212483399723,-0.0013280212483399723,-0.5,-0.5,376.0,376.5,376.0,376.5,91.0,86.0,63661.0,45773.0,False,False
2330,2022-10-25 11:23:35.079090,-0.0013280212483399723,-0.0013280212483399723,-0.5,-0.5,376.0,376.5,376.0,376.5,91.0,87.0,63661.0,45773.0,False,False
2330,2022-10-25 11:23:35.115212,-0.0013280212483399723,-0.0013280212483399723,-0.5,-0.5,376.0,376.5,376.0,376.5,90.0,87.0,63661.0,45773.0,False,False
2330,2022-10-25 11:23:35.142081,-0.0013280212483399723,-0.0013280212483399723,-0.5,-0.5,376.0,376.5,376.0,376.5,89.0,87.0,63661.0,45773.0,False,False
2330,2022-10-25 11:23:35.618037,-0.0013280212483399723,-0.0013280212483399723,-0.5,-0.5,376.0,376.5,376.0,376.5,89.0,87.0,63661.0,45773.0,False,False
2330,2022-10-25 11:23:35.975551,-0.0013280212483399723,-0.0013280212483399723,-0.5,-0.5,376.0,376.5,376.0,376.5,89.0,87.0,64134.0,44836.0,True,True
2330,2022-10-25 11:23:36.804250,-0.0013280212483399723,-0.0013280212483399723,-0.5,-0.5,376.0,376.5,376.0,376.5,89.0,87.0,64134.0,44836.0,False,False
2330,2022-10-25 11:23:37.527389,-0.0013280212483399723,-0.0013280212483399723,-0.5,-0.5,376.0,376.5,376.0,376.5,89.0,87.0,64134.0,44836.0,False,False
2330,2022-10-25 11:23:37.528134,-0.0013280212483399723,-0.0013280212483399723,-0.5,-0.5,376.0,376.5,376.0,376.5,81.0,87.0,64134.0,44836.0,False,False
2330,2022-10-25 11:23:38.526684,-0.0013280212483399723,-0.0013280212483399723,-0.5,-0.5,376.0,376.5,376.0,376.5,82.0,87.0,64134.0,44836.0,False,False
2330,2022-10-25 11:23:38.689370,-0.0013280212483399723,-0.0013280212483399723,-0.5,-0.5,376.0,376.5,376.0,376.5,82.0,87.0,64134.0,44836.0,False,False
2330,2022-10-25 11:23:39.263805,-0.0013280212483399723,-0.0013280212483399723,-0.5,-0.5,376.0,376.5,376.0,376.5,82.0,90.0,64134.0,44836.0,False,False
2330,2022-10-25 11:23:39.411556,-0.0013280212483399723,-0.0013280212483399723,-0.5,-0.5,376.0,376.5,376.0,376.5,85.0,90.0,64134.0,44836.0,False,False
2330,2022-10-25 11:23:40.000801,-0.0013280212483399723,-0.0013280212483399723,-0.5,-0.5,376.0,376.5,376.0,376.5,84.0,90.0,64134.0,44836.0,False,False
2330,2022-10-25 11:23:40.130055,-0.0013280212483399723,-0.0013280212483399723,-0.5,-0.5,376.0,376.5,376.0,376.5,83.0,90.0,64134.0,44836.0,False,False
2330,2022-10-25 11:23:40.232007,-0.0013280212483399723,-0.0013280212483399723,-0.5,-0.5,376.0,376.5,376.0,376.5,84.0,90.0,64134.0,44836.0,False,False
2330,2022-10-25 11:23:41.187239,-0.0013280212483399723,-0.0013280212483399723,-0.5,-0.5,376.0,376.5,376.0,376.5,85.0,90.0,64134.0,44836.0,False,False
2330,2022-10-25 11:23:41.366753,-0.0013280212483399723,-0.0013280212483399723,-0.5,-0.5,376.0,376.5,376.0,376.5,85.0,91.0,64134.0,44836.0,False,False
2330,2022-10-25 11:23:42.468972,-0.0013280212483399723,-0.0013280212483399723,-0.5,-0.5,376.0,376.5,376.0,376.5,85.0,91.0,64134.0,44836.0,False,False
2330,2022-10-25 11:23:42.654921,-0.0013280212483399723,-0.0013280212483399723,-0.5,-0.5,376.0,376.5,376.0,376.5,88.0,91.0,64134.0,44836.0,False,False
2330,2022-10-25 11:23:42.735859,-0.0013280212483399723,-0.0013280212483399723,-0.5,-0.5,376.0,376.5,376.0,376.5,88.0,92.0,64134.0,44836.0,False,False
2330,2022-10-25 11:23:42.759660,-0.0013280212483399723,-0.0013280212483399723,-0.5,-0.5,376.0,376.5,376.0,376.5,88.0,92.0,64134.0,44836.0,False,False
2330,2022-10-25 11:23:44.905455,-0.0013280212483399723,-0.0013280212483399723,-0.5,-0.5,376.0,376.5,376.0,376.5,87.0,92.0,64134.0,44836.0,False,False
2330,2022-10-25 11:23:45.087968,-0.0013280212483399723,-0.0013280212483399723,-0.5,-0.5,376.0,376.5,376.0,376.5,87.0,90.0,64134.0,44836.0,False,False
2330,2022-10-25 11:23:45.538251,-0.0013280212483399723,-0.0013280212483399723,-0.5,-0.5,376.0,376.5,376.0,376.5,88.0,90.0,64134.0,44836.0,False,False
2330,2022-10-25 11:23:46.033165,-0.0013280212483399723,-0.0013280212483399723,-0.5,-0.5,376.0,376.5,376.0,376.5,88.0,90.0,64627.0,44030.0,True,True
2330,2022-10-25 11:23:49.065802,-0.0013280212483399723,-0.0013280212483399723,-0.5,-0.5,376.0,376.5,376.0,376.5,89.0,90.0,64627.0,44030.0,False,False
2330,2022-10-25 11:23:49.125246,-0.0013280212483399723,-0.0013280212483399723,-0.5,-0.5,376.0,376.5,376.0,376.5,90.0,90.0,64627.0,44030.0,False,False
2330,2022-10-25 11:23:49.580631,-0.0013280212483399723,-0.0013280212483399723,-0.5,-0.5,376.0,376.5,376.0,376.5,90.0,88.0,64627.0,44030.0,False,False
2330,2022-10-25 11:23:49.824347,-0.0013280212483399723,-0.0013280212483399723,-0.5,-0.5,376.0,376.5,376.0,376.5,90.0,89.0,64627.0,44030.0,False,False
2330,2022-10-25 11:23:50.227001,-0.0013280212483399723,-0.0013280212483399723,-0.5,-0.5,376.0,376.5,376.0,376.5,90.0,89.0,64627.0,44030.0,False,False
2330,2022-10-25 11:23:51.563763,-0.0013280212483399723,-0.0013280212483399723,-0.5,-0.5,376.0,376.5,376.0,376.5,90.0,95.0,64627.0,44030.0,False,False
2330,2022-10-25 11:23:52.745407,-0.0013280212483399723,-0.0013280212483399723,-0.5,-0.5,376.0,376.5,376.0,376.5,89.0,95.0,64627.0,44030.0,False,False
2330,2022-10-25 11:23:52.769936,-0.0013280212483399723,-0.0013280212483399723,-0.5,-0.5,376.0,376.5,376.0,376.5,89.0,95.0,64627.0,44030.0,False,False
2330,2022-10-25 11:23:54.806354,-0.0013280212483399723,-0.0013280212483399723,-0.5,-0.5,376.0,376.5,376.0,376.5,88.0,95.0,64627.0,44030.0,False,False
2330,2022-10-25 11:23:55.034132,-0.0013280212483399723,-0.0013280212483399723,-0.5,-0.5,376.0,376.5,376.0,376.5,87.0,95.0,64627.0,44030.0,False,False
2330,2022-10-25 11:23:55.387679,-0.0013280212483399723,-0.0013280212483399723,-0.5,-0.5,376.0,376.5,376.0,376.5,87.0,97.0,64627.0,44030.0,False,False
2330,2022-10-25 11:23:56.071253,-0.0013280212483399723,-0.0013280212483399723,-0.5,-0.5,376.0,376.5,376.0,376.5,87.0,97.0,64659.0,43647.0,True,True
2330,2022-10-25 11:23:56.901570,-0.0013280212483399723,-0.0013280212483399723,-0.5,-0.5,376.0,376.5,376.0,376.5,88.0,97.0,64659.0,43647.0,False,False
2330,2022-10-25 11:23:57.644808,-0.0013280212483399723,-0.0013280212483399723,-0.5,-0.5,376.0,376.5,376.0,376.5,89.0,97.0,64659.0,43647.0,False,False
2330,2022-10-25 11:23:57.820548,-0.0013280212483399723,-0.0013280212483399723,-0.5,-0.5,376.0,376.5,376.0,376.5,89.0,97.0,64659.0,43647.0,False,False
2330,2022-10-25 11:23:58.167771,-0.0013280212483399723,-0.0013280212483399723,-0.5,-0.5,376.0,376.5,376.0,376.5,89.0,97.0,64659.0,43647.0,False,False
2330,2022-10-25 11:23:58.522497,-0.0013280212483399723,-0.0013280212483399723,-0.5,-0.5,376.0,376.5,376.0,376.5,90.0,97.0,64659.0,43647.0,False,False
2330,2022-10-25 11:23:59.375300,-0.0013280212483399723,-0.0013280212483399723,-0.5,-0.5,376.0,376.5,376.0,376.5,90.0,97.0,64659.0,43647.0,False,False
2330,2022-10-25 11:23:59.645145,-0.0013280212483399723,-0.0013280212483399723,-0.5,-0.5,376.0,376.5,376.0,376.5,89.0,97.0,64659.0,43647.0,False,False
2330,2022-10-25 11:24:00.630892,-0.0013280212483399723,-0.0013280212483399723,-0.5,-0.5,376.0,376.5,376.0,376.5,89.0,96.0,64659.0,43647.0,False,False
2330,2022-10-25 11:24:03.750822,-0.0013280212483399723,-0.0013280212483399723,-0.5,-0.5,376.0,376.5,376.0,376.5,89.0,97.0,64659.0,43647.0,False,False
2330,2022-10-25 11:24:04.562116,-0.0013280212483399723,-0.0013280212483399723,-0.5,-0.5,376.0,376.5,376.0,376.5,89.0,98.0,64659.0,43647.0,False,False
2330,2022-10-25 11:24:04.686411,-0.0013280212483399723,-0.0013280212483399723,-0.5,-0.5,376.0,376.5,376.0,376.5,89.0,92.0,64659.0,43647.0,False,False
2330,2022-10-25 11:24:05.721185,-0.0013280212483399723,-0.0013280212483399723,-0.5,-0.5,376.0,376.5,376.0,376.5,90.0,92.0,64659.0,43647.0,False,False
2330,2022-10-25 11:24:06.111028,-0.0013280212483399723,-0.0013280212483399723,-0.5,-0.5,376.0,376.5,376.0,376.5,90.0,92.0,65167.0,43253.0,True,True
2330,2022-10-25 11:24:06.685829,-0.0013280212483399723,-0.0013280212483399723,-0.5,-0.5,376.0,376.5,376.0,376.5,85.0,92.0,65167.0,43253.0,False,False
2330,2022-10-25 11:24:07.990850,-0.0013280212483399723,-0.0013280212483399723,-0.5,-0.5,376.0,376.5,376.0,376.5,85.0,92.0,65167.0,43253.0,False,False
2330,2022-10-25 11:24:08.169144,-0.0013280212483399723,-0.0013280212483399723,-0.5,-0.5,376.0,376.5,376.0,376.5,85.0,92.0,65167.0,43253.0,False,False
2330,2022-10-25 11:24:08.716124,-0.0013280212483399723,-0.0013280212483399723,-0.5,-0.5,376.0,376.5,376.0,376.5,85.0,93.0,65167.0,43253.0,False,False
2330,2022-10-25 11:24:08.973916,-0.0013280212483399723,-0.0013280212483399723,-0.5,-0.5,376.0,376.5,376.0,376.5,85.0,93.0,65167.0,43253.0,False,False
2330,2022-10-25 11:24:09.482438,-0.0013280212483399723,-0.0013280212483399723,-0.5,-0.5,376.0,376.5,376.0,376.5,84.0,93.0,65167.0,43253.0,False,False
2330,2022-10-25 11:24:09.732736,-0.0013280212483399723,-0.0013280212483399723,-0.5,-0.5,376.0,376.5,376.0,376.5,85.0,93.0,65167.0,43253.0,False,False
2330,2022-10-25 11:24:10.311278,-0.0013280212483399723,-0.0013280212483399723,-0.5,-0.5,376.0,376.5,376.0,376.5,85.0,93.0,65167.0,43253.0,False,False
2330,2022-10-25 11:24:11.132858,-0.0013280212483399723,-0.0013280212483399723,-0.5,-0.5,376.0,376.5,376.0,376.5,85.0,93.0,65167.0,43253.0,False,False
2330,2022-10-25 11:24:11.226324,-0.0013280212483399723,-0.0013280212483399723,-0.5,-0.5,376.0,376.5,376.0,376.5,86.0,93.0,65167.0,43253.0,False,False
2330,2022-10-25 11:24:12.911198,-0.0013280212483399723,-0.0013280212483399723,-0.5,-0.5,376.0,376.5,376.0,376.5,86.0,98.0,65167.0,43253.0,False,False
2330,2022-10-25 11:24:13.228880,-0.0013280212483399723,-0.0013280212483399723,-0.5,-0.5,376.0,376.5,376.0,376.5,86.0,93.0,65167.0,43253.0,False,False
2330,2022-10-25 11:24:14.395740,-0.0013280212483399723,-0.0013280212483399723,-0.5,-0.5,376.0,376.5,376.0,376.5,86.0,94.0,65167.0,43253.0,False,False
2330,2022-10-25 11:24:14.523210,-0.0013280212483399723,-0.0013280212483399723,-0.5,-0.5,376.0,376.5,376.0,376.5,85.0,94.0,65167.0,43253.0,False,False
2330,2022-10-25 11:24:14.996522,-0.0013280212483399723,-0.0013280212483399723,-0.5,-0.5,376.0,376.5,376.0,376.5,85.0,94.0,65167.0,43253.0,False,False
2330,2022-10-25 11:24:15.969781,-0.0013280212483399723,-0.0013280212483399723,-0.5,-0.5,376.0,376.5,376.0,376.5,85.0,100.0,65167.0,43253.0,False,False
2330,2022-10-25 11:24:16.125168,-0.0013280212483399723,-0.0013280212483399723,-0.5,-0.5,376.0,376.5,376.0,376.5,85.0,99.0,65167.0,43253.0,False,False
2330,2022-10-25 11:24:16.148377,-0.0013280212483399723,-0.0013280212483399723,-0.5,-0.5,376.0,376.5,376.0,376.5,85.0,99.0,65712.0,42677.0,True,True
2330,2022-10-25 11:24:16.925497,-0.0013280212483399723,-0.0013280212483399723,-0.5,-0.5,376.0,376.5,376.0,376.5,85.0,106.0,65712.0,42677.0,False,False
2330,2022-10-25 11:24:16.931084,-0.0013280212483399723,-0.0013280212483399723,-0.5,-0.5,376.0,376.5,376.0,376.5,85.0,106.0,65712.0,42677.0,False,False
2330,2022-10-25 11:24:17.119008,-0.0013280212483399723,-0.0013280212483399723,-0.5,-0.5,376.0,376.5,376.0,376.5,85.0,106.0,65712.0,42677.0,False,False
2330,2022-10-25 11:24:17.794460,-0.0013280212483399723,-0.0013280212483399723,-0.5,-0.5,376.0,376.5,376.0,376.5,86.0,106.0,65712.0,42677.0,False,False
2330,2022-10-25 11:24:18.224899,-0.0013280212483399723,-0.0013280212483399723,-0.5,-0.5,376.0,376.5,376.0,376.5,86.0,106.0,65712.0,42677.0,False,False
2330,2022-10-25 11:24:18.830007,-0.0013280212483399723,-0.0013280212483399723,-0.5,-0.5,376.0,376.5,376.0,376.5,86.0,105.0,65712.0,42677.0,False,False
2330,2022-10-25 11:24:19.850025,-0.0013280212483399723,-0.0013280212483399723,-0.5,-0.5,376.0,376.5,376.0,376.5,86.0,104.0,65712.0,42677.0,False,False
2330,2022-10-25 11:24:19.920480,-0.0013280212483399723,-0.0013280212483399723,-0.5,-0.5,376.0,376.5,376.0,376.5,86.0,104.0,65712.0,42677.0,False,False
2330,2022-10-25 11:24:21.236603,-0.0013280212483399723,-0.0013280212483399723,-0.5,-0.5,376.0,376.5,376.0,376.5,86.0,104.0,65712.0,42677.0,False,False
2330,2022-10-25 11:24:21.612809,-0.0013280212483399723,-0.0013280212483399723,-0.5,-0.5,376.0,376.5,376.0,376.5,87.0,104.0,65712.0,42677.0,False,False
2330,2022-10-25 11:24:22.009349,-0.0013280212483399723,-0.0013280212483399723,-0.5,-0.5,376.0,376.5,376.0,376.5,88.0,104.0,65712.0,42677.0,False,False
2330,2022-10-25 11:24:22.740759,-0.0013280212483399723,-0.0013280212483399723,-0.5,-0.5,376.0,376.5,376.0,376.5,88.0,104.0,65712.0,42677.0,False,False
2330,2022-10-25 11:24:23.236656,-0.0013280212483399723,-0.0013280212483399723,-0.5,-0.5,376.0,376.5,376.0,376.5,88.0,103.0,65712.0,42677.0,False,False
2330,2022-10-25 11:24:24.503637,-0.0013280212483399723,-0.0013280212483399723,-0.5,-0.5,376.0,376.5,376.0,376.5,89.0,103.0,65712.0,42677.0,False,False
2330,2022-10-25 11:24:24.964606,-0.0013280212483399723,-0.0013280212483399723,-0.5,-0.5,376.0,376.5,376.0,376.5,90.0,103.0,65712.0,42677.0,False,False
2330,2022-10-25 11:24:26.186627,-0.0013280212483399723,-0.0013280212483399723,-0.5,-0.5,376.0,376.5,376.0,376.5,90.0,103.0,67020.0,41120.0,True,True
2330,2022-10-25 11:24:26.344019,-0.0013280212483399723,-0.0013280212483399723,-0.5,-0.5,376.0,376.5,376.0,376.5,90.0,103.0,67020.0,41120.0,False,False
2330,2022-10-25 11:24:26.445906,-0.0013280212483399723,-0.0013280212483399723,-0.5,-0.5,376.0,376.5,376.0,376.5,90.0,102.0,67020.0,41120.0,False,False
2330,2022-10-25 11:24:26.603212,-0.0013280212483399723,-0.0013280212483399723,-0.5,-0.5,376.0,376.5,376.0,376.5,90.0,102.0,67020.0,41120.0,False,False
2330,2022-10-25 11:24:26.678574,-0.0013280212483399723,-0.0013280212483399723,-0.5,-0.5,376.0,376.5,376.0,376.5,90.0,102.0,67020.0,41120.0,False,False
2330,2022-10-25 11:24:27.151064,-0.0013280212483399723,-0.0013280212483399723,-0.5,-0.5,376.0,376.5,376.0,376.5,89.0,102.0,67020.0,41120.0,False,False
2330,2022-10-25 11:24:28.076534,-0.0013280212483399723,-0.0013280212483399723,-0.5,-0.5,376.0,376.5,376.0,376.5,89.0,102.0,67020.0,41120.0,False,False
2330,2022-10-25 11:24:28.170348,-0.0013280212483399723,-0.0013280212483399723,-0.5,-0.5,376.0,376.5,376.0,376.5,88.0,102.0,67020.0,41120.0,False,False
2330,2022-10-25 11:24:28.201608,-0.0013280212483399723,-0.0013280212483399723,-0.5,-0.5,376.0,376.5,376.0,376.5,88.0,103.0,67020.0,41120.0,False,False
2330,2022-10-25 11:24:28.286937,-0.0013280212483399723,-0.0013280212483399723,-0.5,-0.5,376.0,376.5,376.0,376.5,89.0,103.0,67020.0,41120.0,False,False
2330,2022-10-25 11:24:29.377282,-0.0013280212483399723,-0.0013280212483399723,-0.5,-0.5,376.0,376.5,376.0,376.5,89.0,103.0,67020.0,41120.0,False,False
2330,2022-10-25 11:24:29.967927,-0.0013280212483399723,-0.0013280212483399723,-0.5,-0.5,376.0,376.5,376.0,376.5,89.0,104.0,67020.0,41120.0,False,False
2330,2022-10-25 11:24:30.510466,-0.0013280212483399723,-0.0013280212483399723,-0.5,-0.5,376.0,376.5,376.0,376.5,88.0,104.0,67020.0,41120.0,False,False
2330,2022-10-25 11:24:30.951559,-0.0013280212483399723,-0.0013280212483399723,-0.5,-0.5,376.0,376.5,376.0,376.5,88.0,101.0,67020.0,41120.0,False,False
2330,2022-10-25 11:24:31.656496,-0.0013280212483399723,-0.0013280212483399723,-0.5,-0.5,376.0,376.5,376.0,376.5,85.0,101.0,67020.0,41120.0,False,False
2330,2022-10-25 11:24:31.808608,-0.0013280212483399723,-0.0013280212483399723,-0.5,-0.5,376.0,376.5,376.0,376.5,85.0,101.0,67020.0,41120.0,False,False
2330,2022-10-25 11:24:31.968881,-0.0013280212483399723,-0.0013280212483399723,-0.5,-0.5,376.0,376.5,376.0,376.5,83.0,101.0,67020.0,41120.0,False,False
2330,2022-10-25 11:24:32.912713,-0.0013280212483399723,-0.0013280212483399723,-0.5,-0.5,376.0,376.5,376.0,376.5,83.0,101.0,67020.0,41120.0,False,False
2330,2022-10-25 11:24:34.125234,-0.0013280212483399723,-0.0013280212483399723,-0.5,-0.5,376.0,376.5,376.0,376.5,83.0,101.0,67020.0,41120.0,False,False
2330,2022-10-25 11:24:34.860603,-0.0013280212483399723,-0.0013280212483399723,-0.5,-0.5,376.0,376.5,376.0,376.5,83.0,101.0,67020.0,41120.0,False,False
2330,2022-10-25 11:24:35.422289,-0.0013280212483399723,-0.0013280212483399723,-0.5,-0.5,376.0,376.5,376.0,376.5,83.0,101.0,67020.0,41120.0,False,False
2330,2022-10-25 11:24:35.647395,-0.0013280212483399723,-0.0013280212483399723,-0.5,-0.5,376.0,376.5,376.0,376.5,83.0,101.0,67020.0,41120.0,False,False
2330,2022-10-25 11:24:35.825947,-0.0013280212483399723,-0.0013280212483399723,-0.5,-0.5,376.0,376.5,376.0,376.5,84.0,101.0,67020.0,41120.0,False,False
2330,2022-10-25 11:24:36.145537,-0.0013280212483399723,-0.0013280212483399723,-0.5,-0.5,376.0,376.5,376.0,376.5,84.0,101.0,67020.0,41120.0,False,False
2330,2022-10-25 11:24:36.229855,-0.0013280212483399723,-0.0013280212483399723,-0.5,-0.5,376.0,376.5,376.0,376.5,84.0,101.0,67706.0,40556.0,True,True
2330,2022-10-25 11:24:36.394541,-0.0013280212483399723,-0.0013280212483399723,-0.5,-0.5,376.0,376.5,376.0,376.5,84.0,101.0,67706.0,40556.0,False,False
2330,2022-10-25 11:24:36.396098,-0.0013280212483399723,-0.0013280212483399723,-0.5,-0.5,376.0,376.5,376.0,376.5,84.0,108.0,67706.0,40556.0,False,False
2330,2022-10-25 11:24:36.552529,-0.0013280212483399723,-0.0013280212483399723,-0.5,-0.5,376.0,376.5,376.0,376.5,75.0,108.0,67706.0,40556.0,False,False
2330,2022-10-25 11:24:36.606753,-0.0013280212483399723,-0.0013280212483399723,-0.5,-0.5,376.0,376.5,376.0,376.5,75.0,108.0,67706.0,40556.0,False,False
2330,2022-10-25 11:24:36.962275,-0.0013280212483399723,-0.0013280212483399723,-0.5,-0.5,376.0,376.5,376.0,376.5,75.0,108.0,67706.0,40556.0,False,False
2330,2022-10-25 11:24:37.763253,-0.0013280212483399723,-0.0013280212483399723,-0.5,-0.5,376.0,376.5,376.0,376.5,75.0,108.0,67706.0,40556.0,False,False
2330,2022-10-25 11:24:38.142571,-0.0013280212483399723,-0.0013280212483399723,-0.5,-0.5,376.0,376.5,376.0,376.5,77.0,108.0,67706.0,40556.0,False,False
2330,2022-10-25 11:24:38.534060,-0.0013280212483399723,-0.0013280212483399723,-0.5,-0.5,376.0,376.5,376.0,376.5,77.0,108.0,67706.0,40556.0,False,False
2330,2022-10-25 11:24:38.967657,-0.0013280212483399723,-0.0013280212483399723,-0.5,-0.5,376.0,376.5,376.0,376.5,77.0,108.0,67706.0,40556.0,False,False
2330,2022-10-25 11:24:39.122242,-0.0013280212483399723,-0.0013280212483399723,-0.5,-0.5,376.0,376.5,376.0,376.5,77.0,108.0,67706.0,40556.0,False,False
2330,2022-10-25 11:24:39.351175,-0.0013280212483399723,-0.0013280212483399723,-0.5,-0.5,376.0,376.5,376.0,376.5,77.0,109.0,67706.0,40556.0,False,False
2330,2022-10-25 11:24:39.362999,-0.0013280212483399723,-0.0013280212483399723,-0.5,-0.5,376.0,376.5,376.0,376.5,77.0,109.0,67706.0,40556.0,False,False
2330,2022-10-25 11:24:39.542472,-0.0013280212483399723,-0.0013280212483399723,-0.5,-0.5,376.0,376.5,376.0,376.5,77.0,112.0,67706.0,40556.0,False,False
2330,2022-10-25 11:24:39.873786,-0.0013280212483399723,-0.0013280212483399723,-0.5,-0.5,376.0,376.5,376.0,376.5,77.0,119.0,67706.0,40556.0,False,False
2330,2022-10-25 11:24:40.131464,-0.0013280212483399723,-0.0013280212483399723,-0.5,-0.5,376.0,376.5,376.0,376.5,77.0,119.0,67706.0,40556.0,False,False
2330,2022-10-25 11:24:40.286403,-0.0013280212483399723,-0.0013280212483399723,-0.5,-0.5,376.0,376.5,376.0,376.5,77.0,119.0,67706.0,40556.0,False,False
2330,2022-10-25 11:24:40.469592,-0.0013280212483399723,-0.0013280212483399723,-0.5,-0.5,376.0,376.5,376.0,376.5,77.0,119.0,67706.0,40556.0,False,False
2330,2022-10-25 11:24:40.599789,-0.0013280212483399723,-0.0013280212483399723,-0.5,-0.5,376.0,376.5,376.0,376.5,77.0,120.0,67706.0,40556.0,False,False
2330,2022-10-25 11:24:40.966377,-0.0013280212483399723,-0.0013280212483399723,-0.5,-0.5,376.0,376.5,376.0,376.5,78.0,120.0,67706.0,40556.0,False,False
2330,2022-10-25 11:24:41.147649,-0.0013280212483399723,-0.0013280212483399723,-0.5,-0.5,376.0,376.5,376.0,376.5,78.0,120.0,67706.0,40556.0,False,False
2330,2022-10-25 11:24:41.294410,-0.0013280212483399723,-0.0013280212483399723,-0.5,-0.5,376.0,376.5,376.0,376.5,79.0,120.0,67706.0,40556.0,False,False
2330,2022-10-25 11:24:43.650654,-0.0013280212483399723,-0.0013280212483399723,-0.5,-0.5,376.0,376.5,376.0,376.5,80.0,120.0,67706.0,40556.0,False,False
2330,2022-10-25 11:24:43.871538,-0.0013280212483399723,-0.0013280212483399723,-0.5,-0.5,376.0,376.5,376.0,376.5,80.0,119.0,67706.0,40556.0,False,False
2330,2022-10-25 11:24:43.958440,-0.0013280212483399723,-0.0013280212483399723,-0.5,-0.5,376.0,376.5,376.0,376.5,80.0,119.0,67706.0,40556.0,False,False
2330,2022-10-25 11:24:44.776323,-0.0013280212483399723,-0.0013280212483399723,-0.5,-0.5,376.0,376.5,376.0,376.5,90.0,119.0,67706.0,40556.0,False,False
2330,2022-10-25 11:24:45.083444,-0.0013280212483399723,-0.0013280212483399723,-0.5,-0.5,376.0,376.5,376.0,376.5,91.0,119.0,67706.0,40556.0,False,False
2330,2022-10-25 11:24:45.334695,-0.0013280212483399723,-0.0013280212483399723,-0.5,-0.5,376.0,376.5,376.0,376.5,91.0,119.0,67706.0,40556.0,False,False
2330,2022-10-25 11:24:45.419704,-0.0013280212483399723,-0.0013280212483399723,-0.5,-0.5,376.0,376.5,376.0,376.5,91.0,119.0,67706.0,40556.0,False,False
2330,2022-10-25 11:24:46.266961,-0.0013280212483399723,-0.0013280212483399723,-0.5,-0.5,376.0,376.5,376.0,376.5,91.0,119.0,68612.0,40457.0,True,True
2330,2022-10-25 11:24:46.407549,-0.0013280212483399723,-0.0013280212483399723,-0.5,-0.5,376.0,376.5,376.0,376.5,92.0,119.0,68612.0,40457.0,False,False
2330,2022-10-25 11:24:46.574048,-0.0013280212483399723,-0.0013280212483399723,-0.5,-0.5,376.0,376.5,376.0,376.5,91.0,119.0,68612.0,40457.0,False,False
2330,2022-10-25 11:24:47.090376,-0.0013280212483399723,-0.0013280212483399723,-0.5,-0.5,376.0,376.5,376.0,376.5,91.0,119.0,68612.0,40457.0,False,False
2330,2022-10-25 11:24:47.724959,-0.0013280212483399723,-0.0013280212483399723,-0.5,-0.5,376.0,376.5,376.0,376.5,91.0,119.0,68612.0,40457.0,False,False
2330,2022-10-25 11:24:47.789259,-0.0013280212483399723,-0.0013280212483399723,-0.5,-0.5,376.0,376.5,376.0,376.5,91.0,119.0,68612.0,40457.0,False,False
2330,2022-10-25 11:24:49.450904,-0.0013280212483399723,-0.0013280212483399723,-0.5,-0.5,376.0,376.5,376.0,376.5,91.0,125.0,68612.0,40457.0,False,False
2330,2022-10-25 11:24:49.799795,-0.0013280212483399723,-0.0013280212483399723,-0.5,-0.5,376.0,376.5,376.0,376.5,91.0,125.0,68612.0,40457.0,False,False
2330,2022-10-25 11:24:49.873317,-0.0013280212483399723,-0.0013280212483399723,-0.5,-0.5,376.0,376.5,376.0,376.5,90.0,125.0,68612.0,40457.0,False,False
2330,2022-10-25 11:24:51.283261,-0.0013280212483399723,-0.0013280212483399723,-0.5,-0.5,376.0,376.5,376.0,376.5,90.0,125.0,68612.0,40457.0,False,False
2330,2022-10-25 11:24:53.462955,-0.0013280212483399723,-0.0013280212483399723,-0.5,-0.5,376.0,376.5,376.0,376.5,91.0,125.0,68612.0,40457.0,False,False
2330,2022-10-25 11:24:55.200851,-0.0013280212483399723,-0.0013280212483399723,-0.5,-0.5,376.0,376.5,376.0,376.5,91.0,125.0,68612.0,40457.0,False,False
2330,2022-10-25 11:24:56.189836,-0.0013280212483399723,-0.0013280212483399723,-0.5,-0.5,376.0,376.5,376.0,376.5,91.0,128.0,68612.0,40457.0,False,False
2330,2022-10-25 11:24:56.320045,-0.0013280212483399723,-0.0013280212483399723,-0.5,-0.5,376.0,376.5,376.0,376.5,91.0,130.0,68612.0,40457.0,False,False
2330,2022-10-25 11:24:56.423014,-0.0013280212483399723,-0.0013280212483399723,-0.5,-0.5,376.0,376.5,376.0,376.5,92.0,130.0,68612.0,40457.0,False,False
2330,2022-10-25 11:24:56.456798,-0.0013280212483399723,-0.0013280212483399723,-0.5,-0.5,376.0,376.5,376.0,376.5,92.0,130.0,68812.0,39199.0,True,True
2330,2022-10-25 11:24:56.847711,-0.0013280212483399723,-0.0013280212483399723,-0.5,-0.5,376.0,376.5,376.0,376.5,92.0,130.0,68812.0,39199.0,False,False
2330,2022-10-25 11:24:56.965322,-0.0013280212483399723,-0.0013280212483399723,-0.5,-0.5,376.0,376.5,376.0,376.5,90.0,130.0,68812.0,39199.0,False,False
2330,2022-10-25 11:24:57.043795,-0.0013280212483399723,-0.0013280212483399723,-0.5,-0.5,376.0,376.5,376.0,376.5,90.0,130.0,68812.0,39199.0,False,False
2330,2022-10-25 11:24:57.615879,-0.0013280212483399723,-0.0013280212483399723,-0.5,-0.5,376.0,376.5,376.0,376.5,90.0,130.0,68812.0,39199.0,False,False
2330,2022-10-25 11:24:57.937687,-0.0013280212483399723,-0.0013280212483399723,-0.5,-0.5,376.0,376.5,376.0,376.5,90.0,130.0,68812.0,39199.0,False,False
2330,2022-10-25 11:24:58.195256,-0.0013280212483399723,-0.0013280212483399723,-0.5,-0.5,376.0,376.5,376.0,376.5,92.0,130.0,68812.0,39199.0,False,False
2330,2022-10-25 11:24:58.901428,-0.0013280212483399723,-0.0013280212483399723,-0.5,-0.5,376.0,376.5,376.0,376.5,102.0,130.0,68812.0,39199.0,False,False
2330,2022-10-25 11:24:58.989239,-0.0013280212483399723,-0.0013280212483399723,-0.5,-0.5,376.0,376.5,376.0,376.5,102.0,130.0,68812.0,39199.0,False,False
2330,2022-10-25 11:24:59.020313,-0.0013280212483399723,-0.0013280212483399723,-0.5,-0.5,376.0,376.5,376.0,376.5,104.0,130.0,68812.0,39199.0,False,False
2330,2022-10-25 11:24:59.241580,-0.0013280212483399723,-0.0013280212483399723,-0.5,-0.5,376.0,376.5,376.0,376.5,104.0,130.0,68812.0,39199.0,False,False
2330,2022-10-25 11:24:59.419521,-0.0013280212483399723,-0.0013280212483399723,-0.5,-0.5,376.0,376.5,376.0,376.5,105.0,130.0,68812.0,39199.0,False,False
2330,2022-10-25 11:24:59.692037,-0.0013280212483399723,-0.0013280212483399723,-0.5,-0.5,376.0,376.5,376.0,376.5,106.0,130.0,68812.0,39199.0,False,False
2330,2022-10-25 11:25:01.615739,-0.0013280212483399723,-0.0013280212483399723,-0.5,-0.5,376.0,376.5,376.0,376.5,107.0,130.0,68812.0,39199.0,False,False
2330,2022-10-25 11:25:01.843335,-0.0013280212483399723,-0.0013280212483399723,-0.5,-0.5,376.0,376.5,376.0,376.5,107.0,130.0,68812.0,39199.0,False,False
2330,2022-10-25 11:25:02.831352,-0.0013280212483399723,-0.0013280212483399723,-0.5,-0.5,376.0,376.5,376.0,376.5,108.0,130.0,68812.0,39199.0,False,False
2330,2022-10-25 11:25:03.064762,-0.0013280212483399723,-0.0013280212483399723,-0.5,-0.5,376.0,376.5,376.0,376.5,107.0,129.0,68812.0,39199.0,False,False
2330,2022-10-25 11:25:04.343403,-0.0013280212483399723,-0.0013280212483399723,-0.5,-0.5,376.0,376.5,376.0,376.5,108.0,129.0,68812.0,39199.0,False,False
2330,2022-10-25 11:25:04.347807,-0.0013280212483399723,-0.0013280212483399723,-0.5,-0.5,376.0,376.5,376.0,376.5,108.0,130.0,68812.0,39199.0,False,False
2330,2022-10-25 11:25:05.484470,-0.0013280212483399723,-0.0013280212483399723,-0.5,-0.5,376.0,376.5,376.0,376.5,108.0,130.0,68812.0,39199.0,False,False
2330,2022-10-25 11:25:05.614071,-0.0013280212483399723,-0.0013280212483399723,-0.5,-0.5,376.0,376.5,376.0,376.5,108.0,131.0,68812.0,39199.0,False,False
2330,2022-10-25 11:25:05.638739,0.0,-0.0026525198938992522,0.0,-1.0,376.0,376.5,376.5,377.0,108.0,131.0,11122.0,27449.0,False,True
2330,2022-10-25 11:25:05.962831,0.0,-0.0026525198938992522,0.0,-1.0,376.0,376.5,376.5,377.0,108.0,130.0,11122.0,27449.0,False,False
2330,2022-10-25 11:25:06.125008,0.0,-0.0026525198938992522,0.0,-1.0,376.0,376.5,376.5,377.0,118.0,130.0,11122.0,27449.0,False,False
2330,2022-10-25 11:25:06.215643,0.0,-0.0026525198938992522,0.0,-1.0,376.0,376.5,376.5,377.0,118.0,130.0,11122.0,27449.0,False,False
2330,2022-10-25 11:25:06.925262,0.0,-0.0026525198938992522,0.0,-1.0,376.0,376.5,376.5,377.0,118.0,130.0,11122.0,27449.0,False,False
2330,2022-10-25 11:25:07.004039,0.0,-0.0026525198938992522,0.0,-1.0,376.0,376.5,376.5,377.0,116.0,130.0,11122.0,27449.0,False,False
2330,2022-10-25 11:25:07.287004,0.0,-0.0026525198938992522,0.0,-1.0,376.0,376.5,376.5,377.0,117.0,130.0,11122.0,27449.0,False,False
2330,2022-10-25 11:25:08.333220,0.0,-0.0026525198938992522,0.0,-1.0,376.0,376.5,376.5,377.0,116.0,130.0,11122.0,27449.0,False,False
2330,2022-10-25 11:25:09.125719,0.0,-0.0026525198938992522,0.0,-1.0,376.0,376.5,376.5,377.0,116.0,130.0,11122.0,27449.0,False,False
2330,2022-10-25 11:25:10.801403,0.0,-0.0026525198938992522,0.0,-1.0,376.0,376.5,376.5,377.0,117.0,130.0,11122.0,27449.0,False,False
2330,2022-10-25 11:25:11.507582,0.0,-0.0026525198938992522,0.0,-1.0,376.0,376.5,376.5,377.0,117.0,130.0,11122.0,27449.0,False,False
2330,2022-10-25 11:25:11.853853,0.0,-0.0026525198938992522,0.0,-1.0,376.0,376.5,376.5,377.0,118.0,130.0,11122.0,27449.0,False,False
2330,2022-10-25 11:25:13.117932,0.0,-0.0026525198938992522,0.0,-1.0,376.0,376.5,376.5,377.0,118.0,129.0,11122.0,27449.0,False,False
2330,2022-10-25 11:25:13.423101,0.0,-0.0026525198938992522,0.0,-1.0,376.0,376.5,376.5,377.0,118.0,134.0,11122.0,27449.0,False,False
2330,2022-10-25 11:25:13.524882,0.0,-0.0026525198938992522,0.0,-1.0,376.0,376.5,376.5,377.0,118.0,134.0,11122.0,27449.0,False,False
2330,2022-10-25 11:25:13.857332,0.0,-0.0026525198938992522,0.0,-1.0,376.0,376.5,376.5,377.0,118.0,134.0,11122.0,27449.0,False,False
2330,2022-10-25 11:25:14.054468,0.0,-0.0026525198938992522,0.0,-1.0,376.0,376.5,376.5,377.0,120.0,134.0,11122.0,27449.0,False,False
2330,2022-10-25 11:25:15.030416,0.0,-0.0026525198938992522,0.0,-1.0,376.0,376.5,376.5,377.0,119.0,134.0,11122.0,27449.0,False,False
2330,2022-10-25 11:25:15.230469,0.0,-0.0026525198938992522,0.0,-1.0,376.0,376.5,376.5,377.0,119.0,139.0,11122.0,27449.0,False,False
2330,2022-10-25 11:25:15.465048,0.0,-0.0026525198938992522,0.0,-1.0,376.0,376.5,376.5,377.0,114.0,139.0,11122.0,27449.0,False,False
2330,2022-10-25 11:25:15.836087,0.0,-0.0026525198938992522,0.0,-1.0,376.0,376.5,376.5,377.0,114.0,139.0,11437.0,77399.0,True,True
2330,2022-10-25 11:25:16.600566,0.0,-0.0026525198938992522,0.0,-1.0,376.0,376.5,376.5,377.0,111.0,139.0,11437.0,77399.0,False,False
2330,2022-10-25 11:25:16.872493,0.0,-0.0026525198938992522,0.0,-1.0,376.0,376.5,376.5,377.0,113.0,139.0,11437.0,77399.0,False,False
2330,2022-10-25 11:25:17.493754,0.0,-0.0026525198938992522,0.0,-1.0,376.0,376.5,376.5,377.0,113.0,139.0,11437.0,77399.0,False,False
2330,2022-10-25 11:25:17.820348,0.0,-0.0026525198938992522,0.0,-1.0,376.0,376.5,376.5,377.0,114.0,139.0,11437.0,77399.0,False,False
2330,2022-10-25 11:25:18.130210,0.0,-0.0026525198938992522,0.0,-1.0,376.0,376.5,376.5,377.0,115.0,139.0,11437.0,77399.0,False,False
2330,2022-10-25 11:25:19.595254,0.0,-0.0026525198938992522,0.0,-1.0,376.0,376.5,376.5,377.0,105.0,129.0,11437.0,77399.0,False,False
2330,2022-10-25 11:25:19.990445,0.0,-0.0026525198938992522,0.0,-1.0,376.0,376.5,376.5,377.0,105.0,128.0,11437.0,77399.0,False,False
2330,2022-10-25 11:25:20.009376,0.0,-0.0026525198938992522,0.0,-1.0,376.0,376.5,376.5,377.0,135.0,128.0,11437.0,77399.0,False,False
2330,2022-10-25 11:25:20.118729,0.0,-0.0026525198938992522,0.0,-1.0,376.0,376.5,376.5,377.0,135.0,128.0,11437.0,77399.0,False,False
2330,2022-10-25 11:25:20.193029,0.0,-0.0026525198938992522,0.0,-1.0,376.0,376.5,376.5,377.0,135.0,128.0,11437.0,77399.0,False,False
2330,2022-10-25 11:25:20.996875,0.0,-0.0026525198938992522,0.0,-1.0,376.0,376.5,376.5,377.0,135.0,128.0,11437.0,77399.0,False,False
2330,2022-10-25 11:25:20.997404,0.0,-0.0026525198938992522,0.0,-1.0,376.0,376.5,376.5,377.0,135.0,126.0,11437.0,77399.0,False,False
2330,2022-10-25 11:25:20.998769,0.0,-0.0026525198938992522,0.0,-1.0,376.0,376.5,376.5,377.0,135.0,126.0,11437.0,77399.0,False,False
2330,2022-10-25 11:25:21.069929,0.0,-0.0026525198938992522,0.0,-1.0,376.0,376.5,376.5,377.0,135.0,126.0,11437.0,77399.0,False,False
2330,2022-10-25 11:25:22.456999,0.0,-0.0026525198938992522,0.0,-1.0,376.0,376.5,376.5,377.0,135.0,127.0,11437.0,77399.0,False,False
2330,2022-10-25 11:25:23.385422,0.0,-0.0026525198938992522,0.0,-1.0,376.0,376.5,376.5,377.0,135.0,127.0,11437.0,77399.0,False,False
2330,2022-10-25 11:25:23.510850,0.0,-0.0026525198938992522,0.0,-1.0,376.0,376.5,376.5,377.0,136.0,127.0,11437.0,77399.0,False,False
2330,2022-10-25 11:25:23.652954,0.0,-0.0026525198938992522,0.0,-1.0,376.0,376.5,376.5,377.0,137.0,127.0,11437.0,77399.0,False,False
2330,2022-10-25 11:25:24.026993,0.0,-0.0026525198938992522,0.0,-1.0,376.0,376.5,376.5,377.0,137.0,127.0,11437.0,77399.0,False,False
2330,2022-10-25 11:25:24.290856,0.0,-0.0026525198938992522,0.0,-1.0,376.0,376.5,376.5,377.0,187.0,127.0,11437.0,77399.0,False,False
2330,2022-10-25 11:25:24.813518,0.0,-0.0026525198938992522,0.0,-1.0,376.0,376.5,376.5,377.0,188.0,127.0,11437.0,77399.0,False,False
2330,2022-10-25 11:25:25.288174,0.0,-0.0026525198938992522,0.0,-1.0,376.0,376.5,376.5,377.0,188.0,127.0,11437.0,77399.0,False,False
2330,2022-10-25 11:25:25.319078,0.0,-0.0026525198938992522,0.0,-1.0,376.0,376.5,376.5,377.0,188.0,127.0,11437.0,77399.0,False,False
2330,2022-10-25 11:25:25.331235,0.0,-0.0026525198938992522,0.0,-1.0,376.0,376.5,376.5,377.0,188.0,110.0,11437.0,77399.0,False,False
2330,2022-10-25 11:25:25.454529,0.0,-0.0026525198938992522,0.0,-1.0,376.0,376.5,376.5,377.0,188.0,94.0,11437.0,77399.0,False,False
2330,2022-10-25 11:25:25.457011,0.0,-0.0026525198938992522,0.0,-1.0,376.0,376.5,376.5,377.0,188.0,93.0,11437.0,77399.0,False,False
2330,2022-10-25 11:25:25.503106,0.0,-0.0026525198938992522,0.0,-1.0,376.0,376.5,376.5,377.0,188.0,93.0,11437.0,77399.0,False,False
2330,2022-10-25 11:25:25.551766,0.0,-0.0026525198938992522,0.0,-1.0,376.0,376.5,376.5,377.0,248.0,91.0,11437.0,77399.0,False,False
2330,2022-10-25 11:25:25.551224,0.0,-0.0026525198938992522,0.0,-1.0,376.0,376.5,376.5,377.0,248.0,93.0,11437.0,77399.0,False,False
2330,2022-10-25 11:25:25.712660,0.0,-0.0026525198938992522,0.0,-1.0,376.0,376.5,376.5,377.0,254.0,91.0,11437.0,77399.0,False,False
2330,2022-10-25 11:25:25.751074,0.0,-0.0026525198938992522,0.0,-1.0,376.0,376.5,376.5,377.0,254.0,91.0,11437.0,77399.0,False,False
2330,2022-10-25 11:25:25.848556,0.0,-0.0026525198938992522,0.0,-1.0,376.0,376.5,376.5,377.0,254.0,91.0,12263.0,77287.0,True,True
2330,2022-10-25 11:25:25.862310,0.0,-0.0026525198938992522,0.0,-1.0,376.0,376.5,376.5,377.0,255.0,91.0,12263.0,77287.0,False,False
2330,2022-10-25 11:25:25.911668,0.0,-0.0026525198938992522,0.0,-1.0,376.0,376.5,376.5,377.0,287.0,91.0,12263.0,77287.0,False,False
2330,2022-10-25 11:25:26.208647,0.0,-0.0026525198938992522,0.0,-1.0,376.0,376.5,376.5,377.0,287.0,91.0,12263.0,77287.0,False,False
2330,2022-10-25 11:25:26.268193,0.0,-0.0026525198938992522,0.0,-1.0,376.0,376.5,376.5,377.0,237.0,91.0,12263.0,77287.0,False,False
2330,2022-10-25 11:25:26.370240,0.0,-0.0026525198938992522,0.0,-1.0,376.0,376.5,376.5,377.0,236.0,91.0,12263.0,77287.0,False,False
2330,2022-10-25 11:25:26.394456,0.0,-0.0026525198938992522,0.0,-1.0,376.0,376.5,376.5,377.0,236.0,87.0,12263.0,77287.0,False,False
2330,2022-10-25 11:25:26.416814,0.0,-0.0026525198938992522,0.0,-1.0,376.0,376.5,376.5,377.0,236.0,86.0,12263.0,77287.0,False,False
2330,2022-10-25 11:25:26.583511,0.0,-0.0026525198938992522,0.0,-1.0,376.0,376.5,376.5,377.0,236.0,87.0,12263.0,77287.0,False,False
2330,2022-10-25 11:25:26.689807,0.0,-0.0026525198938992522,0.0,-1.0,376.0,376.5,376.5,377.0,236.0,70.0,12263.0,77287.0,False,False
2330,2022-10-25 11:25:26.749465,0.0,-0.0026525198938992522,0.0,-1.0,376.0,376.5,376.5,377.0,238.0,70.0,12263.0,77287.0,False,False
2330,2022-10-25 11:25:26.801494,0.0,-0.0026525198938992522,0.0,-1.0,376.0,376.5,376.5,377.0,238.0,69.0,12263.0,77287.0,False,False
2330,2022-10-25 11:25:26.817733,0.0,-0.0026525198938992522,0.0,-1.0,376.0,376.5,376.5,377.0,238.0,67.0,12263.0,77287.0,False,False
2330,2022-10-25 11:25:27.605669,0.0,-0.0026525198938992522,0.0,-1.0,376.0,376.5,376.5,377.0,238.0,66.0,12263.0,77287.0,False,False
2330,2022-10-25 11:25:27.670865,0.0,-0.0026525198938992522,0.0,-1.0,376.0,376.5,376.5,377.0,239.0,66.0,12263.0,77287.0,False,False
2330,2022-10-25 11:25:28.019390,0.0,-0.0026525198938992522,0.0,-1.0,376.0,376.5,376.5,377.0,239.0,66.0,12263.0,77287.0,False,False
2330,2022-10-25 11:25:28.532972,0.0,-0.0026525198938992522,0.0,-1.0,376.0,376.5,376.5,377.0,239.0,64.0,12263.0,77287.0,False,False
2330,2022-10-25 11:25:28.644368,0.0,-0.0026525198938992522,0.0,-1.0,376.0,376.5,376.5,377.0,256.0,64.0,12263.0,77287.0,False,False
2330,2022-10-25 11:25:28.852423,0.0,-0.0026525198938992522,0.0,-1.0,376.0,376.5,376.5,377.0,257.0,64.0,12263.0,77287.0,False,False
2330,2022-10-25 11:25:29.010982,0.0,-0.0026525198938992522,0.0,-1.0,376.0,376.5,376.5,377.0,257.0,64.0,12263.0,77287.0,False,False
2330,2022-10-25 11:25:29.013357,0.0,-0.0026525198938992522,0.0,-1.0,376.0,376.5,376.5,377.0,257.0,64.0,12263.0,77287.0,False,False
2330,2022-10-25 11:25:29.115252,0.0,-0.0026525198938992522,0.0,-1.0,376.0,376.5,376.5,377.0,257.0,62.0,12263.0,77287.0,False,False
2330,2022-10-25 11:25:29.183603,0.0,-0.0026525198938992522,0.0,-1.0,376.0,376.5,376.5,377.0,257.0,60.0,12263.0,77287.0,False,False
2330,2022-10-25 11:25:29.236168,0.0,-0.0026525198938992522,0.0,-1.0,376.0,376.5,376.5,377.0,254.0,57.0,12263.0,77287.0,False,False
2330,2022-10-25 11:25:29.317487,0.0,-0.0026525198938992522,0.0,-1.0,376.0,376.5,376.5,377.0,255.0,57.0,12263.0,77287.0,False,False
2330,2022-10-25 11:25:29.432993,0.0,-0.0026525198938992522,0.0,-1.0,376.0,376.5,376.5,377.0,255.0,57.0,12263.0,77287.0,False,False
2330,2022-10-25 11:25:29.443562,0.0,-0.0026525198938992522,0.0,-1.0,376.0,376.5,376.5,377.0,255.0,46.0,12263.0,77287.0,False,False
2330,2022-10-25 11:25:29.542853,0.0,-0.0026525198938992522,0.0,-1.0,376.0,376.5,376.5,377.0,254.0,46.0,12263.0,77287.0,False,False
2330,2022-10-25 11:25:29.599761,0.0,-0.0026525198938992522,0.0,-1.0,376.0,376.5,376.5,377.0,254.0,45.0,12263.0,77287.0,False,False
2330,2022-10-25 11:25:29.621471,0.0,-0.0026525198938992522,0.0,-1.0,376.0,376.5,376.5,377.0,254.0,44.0,12263.0,77287.0,False,False
2330,2022-10-25 11:25:30.279889,0.0,-0.0026525198938992522,0.0,-1.0,376.0,376.5,376.5,377.0,305.0,44.0,12263.0,77287.0,False,False
2330,2022-10-25 11:25:30.361498,0.0,-0.0026525198938992522,0.0,-1.0,376.0,376.5,376.5,377.0,304.0,44.0,12263.0,77287.0,False,False
2330,2022-10-25 11:25:30.377127,0.0,-0.0026525198938992522,0.0,-1.0,376.0,376.5,376.5,377.0,302.0,44.0,12263.0,77287.0,False,False
2330,2022-10-25 11:25:30.406843,0.0,-0.0026525198938992522,0.0,-1.0,376.0,376.5,376.5,377.0,302.0,27.0,12263.0,77287.0,False,False
2330,2022-10-25 11:25:30.495331,0.0,-0.0026525198938992522,0.0,-1.0,376.0,376.5,376.5,377.0,302.0,10.0,12263.0,77287.0,False,False
2330,2022-10-25 11:25:30.510391,0.0,-0.0026525198938992522,0.0,-1.0,376.0,376.5,376.5,377.0,302.0,6.0,12263.0,77287.0,False,False
2330,2022-10-25 11:25:30.615816,0.0,-0.0026525198938992522,0.0,-1.0,376.0,376.5,376.5,377.0,302.0,1.0,12263.0,77287.0,False,False
2330,2022-10-25 11:25:30.717506,-0.0013262599469495706,-0.0026525198938992522,-0.5,-1.0,376.0,377.0,376.5,377.0,302.0,194.0,12263.0,77287.0,False,False
2330,2022-10-25 11:25:30.722523,-0.0013262599469495706,-0.0013262599469495706,-0.5,-0.5,376.5,377.0,376.5,377.0,1.0,194.0,12263.0,77287.0,False,False
2330,2022-10-25 11:25:30.846453,-0.0013262599469495706,-0.0013262599469495706,-0.5,-0.5,376.5,377.0,376.5,377.0,2.0,194.0,12263.0,77287.0,False,False
2330,2022-10-25 11:25:30.928099,-0.0013262599469495706,-0.0013262599469495706,-0.5,-0.5,376.5,377.0,376.5,377.0,2.0,194.0,12263.0,77287.0,False,False
2330,2022-10-25 11:25:31.219610,-0.0013262599469495706,-0.0013262599469495706,-0.5,-0.5,376.5,377.0,376.5,377.0,2.0,174.0,12263.0,77287.0,False,False
2330,2022-10-25 11:25:31.262869,-0.0013262599469495706,-0.0013262599469495706,-0.5,-0.5,376.5,377.0,376.5,377.0,2.0,174.0,12263.0,77287.0,False,False
2330,2022-10-25 11:25:31.345494,-0.0013262599469495706,-0.0013262599469495706,-0.5,-0.5,376.5,377.0,376.5,377.0,2.0,174.0,12263.0,77287.0,False,False
2330,2022-10-25 11:25:31.445851,-0.0013262599469495706,-0.0013262599469495706,-0.5,-0.5,376.5,377.0,376.5,377.0,2.0,174.0,12263.0,77287.0,False,False
2330,2022-10-25 11:25:31.487105,-0.0013262599469495706,-0.0013262599469495706,-0.5,-0.5,376.5,377.0,376.5,377.0,2.0,158.0,12263.0,77287.0,False,False
