symbol,datetime,NaOb_r,NbOa_r,NaOb_s,NbOa_s,bid1,ask1,odd_bid1,odd_ask1,bidQty1,askQty1,odd_bidQty1,odd_askQty1,simulate,triggerbyOdd
2409,2022-10-25 11:21:21.448249,-0.005830903790087327,0.0,-0.09999999999999787,0.0,17.1,17.15,17.05,17.1,416.0,137.0,2076.0,3093.0,True,True
2409,2022-10-25 11:21:23.240959,-0.005830903790087327,0.0,-0.09999999999999787,0.0,17.1,17.15,17.05,17.1,426.0,137.0,2076.0,3093.0,False,False
2409,2022-10-25 11:21:23.383124,-0.005830903790087327,0.0,-0.09999999999999787,0.0,17.1,17.15,17.05,17.1,425.0,137.0,2076.0,3093.0,False,False
2409,2022-10-25 11:21:23.384688,-0.005830903790087327,0.0,-0.09999999999999787,0.0,17.1,17.15,17.05,17.1,424.0,137.0,2076.0,3093.0,False,False
2409,2022-10-25 11:21:24.116886,-0.005830903790087327,0.0,-0.09999999999999787,0.0,17.1,17.15,17.05,17.1,424.0,117.0,2076.0,3093.0,False,False
2409,2022-10-25 11:21:24.118047,-0.005830903790087327,0.0,-0.09999999999999787,0.0,17.1,17.15,17.05,17.1,424.0,111.0,2076.0,3093.0,False,False
2409,2022-10-25 11:21:24.158325,-0.005830903790087327,0.0,-0.09999999999999787,0.0,17.1,17.15,17.05,17.1,442.0,111.0,2076.0,3093.0,False,False
2409,2022-10-25 11:21:24.163688,-0.005830903790087327,0.0,-0.09999999999999787,0.0,17.1,17.15,17.05,17.1,442.0,111.0,2076.0,3093.0,False,False
2409,2022-10-25 11:21:24.230187,-0.005830903790087327,0.0,-0.09999999999999787,0.0,17.1,17.15,17.05,17.1,442.0,112.0,2076.0,3093.0,False,False
2409,2022-10-25 11:21:29.183833,-0.005830903790087327,0.0,-0.09999999999999787,0.0,17.1,17.15,17.05,17.1,442.0,113.0,2076.0,3093.0,False,False
2409,2022-10-25 11:21:31.491608,-0.005830903790087327,0.0,-0.09999999999999787,0.0,17.1,17.15,17.05,17.1,442.0,113.0,2076.0,2893.0,True,True
2409,2022-10-25 11:21:32.285680,-0.005830903790087327,0.0,-0.09999999999999787,0.0,17.1,17.15,17.05,17.1,442.0,113.0,2076.0,2893.0,False,False
2409,2022-10-25 11:21:37.703927,-0.005830903790087327,0.0,-0.09999999999999787,0.0,17.1,17.15,17.05,17.1,452.0,113.0,2076.0,2893.0,False,False
2409,2022-10-25 11:21:38.462972,-0.005830903790087327,0.0,-0.09999999999999787,0.0,17.1,17.15,17.05,17.1,452.0,113.0,2076.0,2893.0,False,False
2409,2022-10-25 11:21:40.096140,-0.005830903790087327,0.0,-0.09999999999999787,0.0,17.1,17.15,17.05,17.1,452.0,112.0,2076.0,2893.0,False,False
2409,2022-10-25 11:21:40.111816,-0.005830903790087327,0.0,-0.09999999999999787,0.0,17.1,17.15,17.05,17.1,452.0,109.0,2076.0,2893.0,False,False
2409,2022-10-25 11:21:40.153244,-0.005830903790087327,0.0,-0.09999999999999787,0.0,17.1,17.15,17.05,17.1,452.0,109.0,2076.0,2893.0,False,False
2409,2022-10-25 11:21:40.241894,-0.005830903790087327,0.0,-0.09999999999999787,0.0,17.1,17.15,17.05,17.1,452.0,110.0,2076.0,2893.0,False,False
2409,2022-10-25 11:21:41.262802,-0.005830903790087327,0.0,-0.09999999999999787,0.0,17.1,17.15,17.05,17.1,453.0,110.0,2076.0,2893.0,False,False
2409,2022-10-25 11:21:41.910664,-0.005830903790087327,0.0,-0.09999999999999787,0.0,17.1,17.15,17.05,17.1,452.0,110.0,2076.0,2893.0,False,False
2409,2022-10-25 11:21:41.920674,-0.005830903790087327,0.0,-0.09999999999999787,0.0,17.1,17.15,17.05,17.1,451.0,110.0,2076.0,2893.0,False,False
2409,2022-10-25 11:21:44.758838,-0.005830903790087327,0.0,-0.09999999999999787,0.0,17.1,17.15,17.05,17.1,459.0,110.0,2076.0,2893.0,False,False
2409,2022-10-25 11:21:44.760441,-0.005830903790087327,0.0,-0.09999999999999787,0.0,17.1,17.15,17.05,17.1,459.0,110.0,2076.0,2893.0,False,False
2409,2022-10-25 11:21:45.751888,-0.005830903790087327,0.0,-0.09999999999999787,0.0,17.1,17.15,17.05,17.1,459.0,110.0,2076.0,2893.0,False,False
2409,2022-10-25 11:21:49.762890,-0.005830903790087327,0.0,-0.09999999999999787,0.0,17.1,17.15,17.05,17.1,451.0,110.0,2076.0,2893.0,False,False
2409,2022-10-25 11:21:51.572109,-0.005830903790087327,0.0,-0.09999999999999787,0.0,17.1,17.15,17.05,17.1,451.0,110.0,2076.0,2987.0,True,True
2409,2022-10-25 11:21:52.369178,-0.005830903790087327,0.0,-0.09999999999999787,0.0,17.1,17.15,17.05,17.1,451.0,115.0,2076.0,2987.0,False,False
2409,2022-10-25 11:21:53.534527,-0.005830903790087327,0.0,-0.09999999999999787,0.0,17.1,17.15,17.05,17.1,451.0,116.0,2076.0,2987.0,False,False
2409,2022-10-25 11:21:57.266681,-0.005830903790087327,0.0,-0.09999999999999787,0.0,17.1,17.15,17.05,17.1,451.0,116.0,2076.0,2987.0,False,False
2409,2022-10-25 11:21:57.823867,-0.005830903790087327,0.0,-0.09999999999999787,0.0,17.1,17.15,17.05,17.1,451.0,126.0,2076.0,2987.0,False,False
2409,2022-10-25 11:22:00.455553,-0.005830903790087327,0.0,-0.09999999999999787,0.0,17.1,17.15,17.05,17.1,450.0,126.0,2076.0,2987.0,False,False
2409,2022-10-25 11:22:00.457282,-0.005830903790087327,0.0,-0.09999999999999787,0.0,17.1,17.15,17.05,17.1,449.0,126.0,2076.0,2987.0,False,False
2409,2022-10-25 11:22:01.291254,-0.005830903790087327,0.0,-0.09999999999999787,0.0,17.1,17.15,17.05,17.1,431.0,126.0,2076.0,2987.0,False,False
2409,2022-10-25 11:22:01.611279,-0.005830903790087327,0.0,-0.09999999999999787,0.0,17.1,17.15,17.05,17.1,431.0,126.0,2076.0,2887.0,True,True
2409,2022-10-25 11:22:02.995640,-0.005830903790087327,0.0,-0.09999999999999787,0.0,17.1,17.15,17.05,17.1,431.0,126.0,2076.0,2887.0,False,False
2409,2022-10-25 11:22:03.196835,-0.005830903790087327,0.0,-0.09999999999999787,0.0,17.1,17.15,17.05,17.1,431.0,128.0,2076.0,2887.0,False,False
2409,2022-10-25 11:22:08.853194,-0.005830903790087327,0.0,-0.09999999999999787,0.0,17.1,17.15,17.05,17.1,430.0,128.0,2076.0,2887.0,False,False
2409,2022-10-25 11:22:08.889037,-0.005830903790087327,0.0,-0.09999999999999787,0.0,17.1,17.15,17.05,17.1,430.0,307.0,2076.0,2887.0,False,False
2409,2022-10-25 11:22:08.981286,-0.005830903790087327,0.0,-0.09999999999999787,0.0,17.1,17.15,17.05,17.1,430.0,313.0,2076.0,2887.0,False,False
2409,2022-10-25 11:22:09.059454,-0.005830903790087327,0.0,-0.09999999999999787,0.0,17.1,17.15,17.05,17.1,378.0,313.0,2076.0,2887.0,False,False
2409,2022-10-25 11:22:09.193805,-0.005830903790087327,0.0,-0.09999999999999787,0.0,17.1,17.15,17.05,17.1,378.0,313.0,2076.0,2887.0,False,False
2409,2022-10-25 11:22:10.095920,-0.005830903790087327,0.0,-0.09999999999999787,0.0,17.1,17.15,17.05,17.1,378.0,311.0,2076.0,2887.0,False,False
2409,2022-10-25 11:22:10.144458,-0.005830903790087327,0.0,-0.09999999999999787,0.0,17.1,17.15,17.05,17.1,378.0,311.0,2076.0,2887.0,False,False
2409,2022-10-25 11:22:10.279844,-0.005830903790087327,0.0,-0.09999999999999787,0.0,17.1,17.15,17.05,17.1,431.0,311.0,2076.0,2887.0,False,False
2409,2022-10-25 11:22:10.280107,-0.005830903790087327,0.0,-0.09999999999999787,0.0,17.1,17.15,17.05,17.1,431.0,311.0,2076.0,2887.0,False,False
2409,2022-10-25 11:22:10.845177,-0.005830903790087327,0.0,-0.09999999999999787,0.0,17.1,17.15,17.05,17.1,431.0,311.0,2076.0,2887.0,False,True
2409,2022-10-25 11:22:12.161835,-0.005830903790087327,0.0,-0.09999999999999787,0.0,17.1,17.15,17.05,17.1,431.0,310.0,2076.0,2887.0,False,False
2409,2022-10-25 11:22:12.195010,-0.005830903790087327,0.0,-0.09999999999999787,0.0,17.1,17.15,17.05,17.1,431.0,131.0,2076.0,2887.0,False,False
2409,2022-10-25 11:22:12.237770,-0.005830903790087327,0.0,-0.09999999999999787,0.0,17.1,17.15,17.05,17.1,449.0,131.0,2076.0,2887.0,False,False
2409,2022-10-25 11:22:12.319050,-0.005830903790087327,0.0,-0.09999999999999787,0.0,17.1,17.15,17.05,17.1,445.0,131.0,2076.0,2887.0,False,False
2409,2022-10-25 11:22:12.388919,-0.005830903790087327,0.0,-0.09999999999999787,0.0,17.1,17.15,17.05,17.1,427.0,310.0,2076.0,2887.0,False,False
2409,2022-10-25 11:22:15.180657,-0.005830903790087327,0.0,-0.09999999999999787,0.0,17.1,17.15,17.05,17.1,427.0,309.0,2076.0,2887.0,False,False
2409,2022-10-25 11:22:19.002942,-0.005830903790087327,0.0,-0.09999999999999787,0.0,17.1,17.15,17.05,17.1,426.0,309.0,2076.0,2887.0,False,False
2409,2022-10-25 11:22:19.006007,-0.005830903790087327,0.0,-0.09999999999999787,0.0,17.1,17.15,17.05,17.1,425.0,309.0,2076.0,2887.0,False,False
2409,2022-10-25 11:22:19.390178,-0.005830903790087327,0.0,-0.09999999999999787,0.0,17.1,17.15,17.05,17.1,491.0,309.0,2076.0,2887.0,False,False
2409,2022-10-25 11:22:19.425129,-0.005830903790087327,0.0,-0.09999999999999787,0.0,17.1,17.15,17.05,17.1,491.0,130.0,2076.0,2887.0,False,False
2409,2022-10-25 11:22:21.135521,-0.005830903790087327,0.0,-0.09999999999999787,0.0,17.1,17.15,17.05,17.1,491.0,127.0,2076.0,2887.0,False,False
2409,2022-10-25 11:22:21.187570,-0.005830903790087327,0.0,-0.09999999999999787,0.0,17.1,17.15,17.05,17.1,491.0,127.0,2076.0,2887.0,False,False
2409,2022-10-25 11:22:21.336252,-0.005830903790087327,0.0,-0.09999999999999787,0.0,17.1,17.15,17.05,17.1,491.0,97.0,2076.0,2887.0,False,False
2409,2022-10-25 11:22:21.351368,-0.005830903790087327,0.0,-0.09999999999999787,0.0,17.1,17.15,17.05,17.1,491.0,91.0,2076.0,2887.0,False,False
2409,2022-10-25 11:22:21.447531,-0.005830903790087327,0.0,-0.09999999999999787,0.0,17.1,17.15,17.05,17.1,520.0,91.0,2076.0,2887.0,False,False
2409,2022-10-25 11:22:21.556551,-0.005830903790087327,0.0,-0.09999999999999787,0.0,17.1,17.15,17.05,17.1,520.0,91.0,2076.0,2887.0,False,False
2409,2022-10-25 11:22:21.765828,-0.005830903790087327,0.0,-0.09999999999999787,0.0,17.1,17.15,17.05,17.1,520.0,88.0,2076.0,2887.0,False,False
2409,2022-10-25 11:22:21.778339,-0.005830903790087327,0.0,-0.09999999999999787,0.0,17.1,17.15,17.05,17.1,520.0,1.0,2076.0,2887.0,False,False
2409,2022-10-25 11:22:21.929212,-0.005830903790087327,0.0,-0.09999999999999787,0.0,17.1,17.15,17.05,17.1,520.0,1.0,2076.0,2887.0,False,False
2409,2022-10-25 11:22:21.992058,-0.005830903790087327,0.0,-0.09999999999999787,0.0,17.1,17.15,17.05,17.1,540.0,1.0,2076.0,2887.0,False,False
2409,2022-10-25 11:22:22.363428,-0.005830903790087327,0.0,-0.09999999999999787,0.0,17.1,17.15,17.05,17.1,474.0,1.0,2076.0,2887.0,False,False
2409,2022-10-25 11:22:25.398480,-0.005830903790087327,0.0,-0.09999999999999787,0.0,17.1,17.15,17.05,17.1,540.0,1.0,2076.0,2887.0,False,False
2409,2022-10-25 11:22:26.926613,-0.005830903790087327,0.0,-0.09999999999999787,0.0,17.1,17.15,17.05,17.1,540.0,1.0,2076.0,2887.0,False,False
2409,2022-10-25 11:22:26.926636,-0.005830903790087327,0.0,-0.09999999999999787,0.0,17.1,17.15,17.05,17.1,540.0,1.0,2076.0,2887.0,False,False
2409,2022-10-25 11:22:30.809533,-0.005830903790087327,0.0,-0.09999999999999787,0.0,17.1,17.15,17.05,17.1,540.0,1.0,2076.0,2887.0,False,False
2409,2022-10-25 11:22:32.756936,-0.005830903790087327,0.0,-0.09999999999999787,0.0,17.1,17.15,17.05,17.1,540.0,3.0,2076.0,2887.0,False,False
2409,2022-10-25 11:22:32.886248,-0.005830903790087327,0.0,-0.09999999999999787,0.0,17.1,17.15,17.05,17.1,540.0,3.0,2076.0,2887.0,False,False
2409,2022-10-25 11:22:32.911007,-0.005830903790087327,0.0,-0.09999999999999787,0.0,17.1,17.15,17.05,17.1,540.0,3.0,2076.0,2887.0,False,False
2409,2022-10-25 11:22:33.445732,-0.005830903790087327,0.0,-0.09999999999999787,0.0,17.1,17.15,17.05,17.1,541.0,3.0,2076.0,2887.0,False,False
2409,2022-10-25 11:22:34.591974,-0.005830903790087327,0.0,-0.09999999999999787,0.0,17.1,17.15,17.05,17.1,541.0,3.0,2076.0,2887.0,False,False
2409,2022-10-25 11:22:36.113680,-0.005830903790087327,0.0,-0.09999999999999787,0.0,17.1,17.15,17.05,17.1,541.0,3.0,2076.0,2887.0,False,False
2409,2022-10-25 11:22:36.490224,-0.005830903790087327,0.0,-0.09999999999999787,0.0,17.1,17.15,17.05,17.1,541.0,3.0,2076.0,2887.0,False,False
2409,2022-10-25 11:22:37.125040,-0.005830903790087327,0.0,-0.09999999999999787,0.0,17.1,17.15,17.05,17.1,541.0,3.0,2076.0,2887.0,False,False
2409,2022-10-25 11:22:37.545629,-0.005830903790087327,0.0,-0.09999999999999787,0.0,17.1,17.15,17.05,17.1,540.0,3.0,2076.0,2887.0,False,False
2409,2022-10-25 11:22:37.547104,-0.005830903790087327,0.0,-0.09999999999999787,0.0,17.1,17.15,17.05,17.1,539.0,3.0,2076.0,2887.0,False,False
2409,2022-10-25 11:22:37.602736,-0.005830903790087327,0.0,-0.09999999999999787,0.0,17.1,17.15,17.05,17.1,539.0,3.0,2076.0,2887.0,False,False
2409,2022-10-25 11:22:38.153140,-0.008720930232558044,0.0029239766081869956,-0.14999999999999858,0.04999999999999716,17.15,17.2,17.05,17.1,7.0,952.0,2076.0,2887.0,False,False
2409,2022-10-25 11:22:38.183959,-0.008720930232558044,0.0029239766081869956,-0.14999999999999858,0.04999999999999716,17.15,17.2,17.05,17.1,7.0,952.0,2076.0,2887.0,False,False
2409,2022-10-25 11:22:38.196052,-0.008720930232558044,0.0029239766081869956,-0.14999999999999858,0.04999999999999716,17.15,17.2,17.05,17.1,7.0,1403.0,2076.0,2887.0,False,False
2409,2022-10-25 11:22:38.318893,-0.008720930232558044,0.0,-0.14999999999999858,0.0,17.1,17.2,17.05,17.1,448.0,1456.0,2076.0,2887.0,False,False
2409,2022-10-25 11:22:38.287536,-0.008720930232558044,0.0029239766081869956,-0.14999999999999858,0.04999999999999716,17.15,17.2,17.05,17.1,8.0,1456.0,2076.0,2887.0,False,False
2409,2022-10-25 11:22:38.441863,-0.008720930232558044,0.0029239766081869956,-0.14999999999999858,0.04999999999999716,17.15,17.2,17.05,17.1,1.0,1404.0,2076.0,2887.0,False,False
2409,2022-10-25 11:22:38.549939,-0.008720930232558044,0.0029239766081869956,-0.14999999999999858,0.04999999999999716,17.15,17.2,17.05,17.1,1.0,1404.0,2076.0,2887.0,False,False
2409,2022-10-25 11:22:38.653427,-0.008720930232558044,0.0029239766081869956,-0.14999999999999858,0.04999999999999716,17.15,17.2,17.05,17.1,1.0,1404.0,2076.0,2887.0,False,False
2409,2022-10-25 11:22:38.926788,-0.008720930232558044,0.0029239766081869956,-0.14999999999999858,0.04999999999999716,17.15,17.2,17.05,17.1,1.0,1404.0,2076.0,2887.0,False,False
2409,2022-10-25 11:22:39.144731,-0.008720930232558044,0.0029239766081869956,-0.14999999999999858,0.04999999999999716,17.15,17.2,17.05,17.1,1.0,1404.0,2076.0,2887.0,False,False
2409,2022-10-25 11:22:39.182049,-0.008720930232558044,0.0029239766081869956,-0.14999999999999858,0.04999999999999716,17.15,17.2,17.05,17.1,63.0,1264.0,2076.0,2887.0,False,False
2409,2022-10-25 11:22:39.702069,-0.008720930232558044,0.0029239766081869956,-0.14999999999999858,0.04999999999999716,17.15,17.2,17.05,17.1,67.0,1264.0,2076.0,2887.0,False,False
2409,2022-10-25 11:22:40.110895,-0.008720930232558044,0.0029239766081869956,-0.14999999999999858,0.04999999999999716,17.15,17.2,17.05,17.1,67.0,1263.0,2076.0,2887.0,False,False
2409,2022-10-25 11:22:40.126674,-0.008720930232558044,0.0029239766081869956,-0.14999999999999858,0.04999999999999716,17.15,17.2,17.05,17.1,67.0,1260.0,2076.0,2887.0,False,False
2409,2022-10-25 11:22:40.147694,-0.008720930232558044,0.0029239766081869956,-0.14999999999999858,0.04999999999999716,17.15,17.2,17.05,17.1,67.0,949.0,2076.0,2887.0,False,False
2409,2022-10-25 11:22:40.159599,-0.008720930232558044,0.0029239766081869956,-0.14999999999999858,0.04999999999999716,17.15,17.2,17.05,17.1,67.0,950.0,2076.0,2887.0,False,False
2409,2022-10-25 11:22:40.628314,-0.008720930232558044,0.0029239766081869956,-0.14999999999999858,0.04999999999999716,17.15,17.2,17.05,17.1,67.0,950.0,2076.0,2887.0,False,False
2409,2022-10-25 11:22:40.630763,-0.008720930232558044,0.0029239766081869956,-0.14999999999999858,0.04999999999999716,17.15,17.2,17.05,17.1,83.0,950.0,2076.0,2887.0,False,False
2409,2022-10-25 11:22:40.795793,-0.008720930232558044,0.0029239766081869956,-0.14999999999999858,0.04999999999999716,17.15,17.2,17.05,17.1,152.0,950.0,2076.0,2887.0,False,False
2409,2022-10-25 11:22:40.963634,-0.008720930232558044,0.0029239766081869956,-0.14999999999999858,0.04999999999999716,17.15,17.2,17.05,17.1,152.0,950.0,72006.0,2887.0,True,True
2409,2022-10-25 11:22:41.661690,-0.008720930232558044,0.0029239766081869956,-0.14999999999999858,0.04999999999999716,17.15,17.2,17.05,17.1,152.0,950.0,72006.0,2887.0,False,False
2409,2022-10-25 11:22:42.222919,-0.008720930232558044,0.0029239766081869956,-0.14999999999999858,0.04999999999999716,17.15,17.2,17.05,17.1,152.0,950.0,72006.0,2887.0,False,False
2409,2022-10-25 11:22:42.300434,-0.008720930232558044,0.0029239766081869956,-0.14999999999999858,0.04999999999999716,17.15,17.2,17.05,17.1,162.0,950.0,72006.0,2887.0,False,False
2409,2022-10-25 11:22:44.413999,-0.008720930232558044,0.0029239766081869956,-0.14999999999999858,0.04999999999999716,17.15,17.2,17.05,17.1,162.0,950.0,72006.0,2887.0,False,False
2409,2022-10-25 11:22:44.561901,-0.008720930232558044,0.0029239766081869956,-0.14999999999999858,0.04999999999999716,17.15,17.2,17.05,17.1,163.0,950.0,72006.0,2887.0,False,False
2409,2022-10-25 11:22:45.314890,-0.008720930232558044,0.0029239766081869956,-0.14999999999999858,0.04999999999999716,17.15,17.2,17.05,17.1,163.0,950.0,72006.0,2887.0,False,False
2409,2022-10-25 11:22:47.481128,-0.008720930232558044,0.0029239766081869956,-0.14999999999999858,0.04999999999999716,17.15,17.2,17.05,17.1,163.0,948.0,72006.0,2887.0,False,False
2409,2022-10-25 11:22:48.567029,-0.008720930232558044,0.0029239766081869956,-0.14999999999999858,0.04999999999999716,17.15,17.2,17.05,17.1,163.0,948.0,72006.0,2887.0,False,False
2409,2022-10-25 11:22:48.574048,-0.008720930232558044,0.0029239766081869956,-0.14999999999999858,0.04999999999999716,17.15,17.2,17.05,17.1,163.0,948.0,72006.0,2887.0,False,False
2409,2022-10-25 11:22:49.361507,-0.008720930232558044,0.0029239766081869956,-0.14999999999999858,0.04999999999999716,17.15,17.2,17.05,17.1,165.0,948.0,72006.0,2887.0,False,False
2409,2022-10-25 11:22:53.472336,-0.008720930232558044,0.0029239766081869956,-0.14999999999999858,0.04999999999999716,17.15,17.2,17.05,17.1,165.0,948.0,72006.0,2887.0,False,False
2409,2022-10-25 11:22:53.644312,-0.008720930232558044,0.0029239766081869956,-0.14999999999999858,0.04999999999999716,17.15,17.2,17.05,17.1,165.0,947.0,72006.0,2887.0,False,False
2409,2022-10-25 11:22:53.857230,-0.008720930232558044,0.0029239766081869956,-0.14999999999999858,0.04999999999999716,17.15,17.2,17.05,17.1,165.0,947.0,72006.0,2887.0,False,False
2409,2022-10-25 11:22:54.930456,-0.008720930232558044,0.0029239766081869956,-0.14999999999999858,0.04999999999999716,17.15,17.2,17.05,17.1,165.0,947.0,72006.0,2887.0,False,False
2409,2022-10-25 11:22:55.360956,-0.008720930232558044,0.0029239766081869956,-0.14999999999999858,0.04999999999999716,17.15,17.2,17.05,17.1,165.0,947.0,72006.0,2887.0,False,False
2409,2022-10-25 11:22:56.065637,-0.008720930232558044,0.0029239766081869956,-0.14999999999999858,0.04999999999999716,17.15,17.2,17.05,17.1,164.0,947.0,72006.0,2887.0,False,False
2409,2022-10-25 11:22:56.085303,-0.008720930232558044,0.0029239766081869956,-0.14999999999999858,0.04999999999999716,17.15,17.2,17.05,17.1,163.0,947.0,72006.0,2887.0,False,False
2409,2022-10-25 11:22:56.126973,-0.008720930232558044,0.0029239766081869956,-0.14999999999999858,0.04999999999999716,17.15,17.2,17.05,17.1,163.0,948.0,72006.0,2887.0,False,False
2409,2022-10-25 11:22:56.780406,-0.008720930232558044,0.0029239766081869956,-0.14999999999999858,0.04999999999999716,17.15,17.2,17.05,17.1,164.0,948.0,72006.0,2887.0,False,False
2409,2022-10-25 11:22:58.086142,-0.008720930232558044,0.0029239766081869956,-0.14999999999999858,0.04999999999999716,17.15,17.2,17.05,17.1,164.0,948.0,72006.0,2887.0,False,False
2409,2022-10-25 11:22:58.251347,-0.008720930232558044,0.0029239766081869956,-0.14999999999999858,0.04999999999999716,17.15,17.2,17.05,17.1,164.0,948.0,72006.0,2887.0,False,False
2409,2022-10-25 11:22:58.281429,-0.008720930232558044,0.0029239766081869956,-0.14999999999999858,0.04999999999999716,17.15,17.2,17.05,17.1,159.0,948.0,72006.0,2887.0,False,False
2409,2022-10-25 11:22:58.502342,-0.008720930232558044,0.0029239766081869956,-0.14999999999999858,0.04999999999999716,17.15,17.2,17.05,17.1,161.0,948.0,72006.0,2887.0,False,False
2409,2022-10-25 11:22:59.793378,-0.008720930232558044,0.0029239766081869956,-0.14999999999999858,0.04999999999999716,17.15,17.2,17.05,17.1,161.0,948.0,72006.0,2887.0,False,False
2409,2022-10-25 11:23:00.284871,-0.008720930232558044,0.0029239766081869956,-0.14999999999999858,0.04999999999999716,17.15,17.2,17.05,17.1,159.0,948.0,72006.0,2887.0,False,False
2409,2022-10-25 11:23:00.285381,-0.008720930232558044,0.0029239766081869956,-0.14999999999999858,0.04999999999999716,17.15,17.2,17.05,17.1,159.0,948.0,72006.0,2887.0,False,False
2409,2022-10-25 11:23:00.416487,-0.008720930232558044,0.0029239766081869956,-0.14999999999999858,0.04999999999999716,17.15,17.2,17.05,17.1,159.0,1000.0,72006.0,2887.0,False,False
2409,2022-10-25 11:23:00.601715,-0.008720930232558044,0.0029239766081869956,-0.14999999999999858,0.04999999999999716,17.15,17.2,17.05,17.1,159.0,1000.0,72006.0,2887.0,False,False
2409,2022-10-25 11:23:00.611569,-0.008720930232558044,0.0029239766081869956,-0.14999999999999858,0.04999999999999716,17.15,17.2,17.05,17.1,162.0,1000.0,72006.0,2887.0,False,False
2409,2022-10-25 11:23:01.042743,-0.008720930232558044,0.0029239766081869956,-0.14999999999999858,0.04999999999999716,17.15,17.2,17.05,17.1,162.0,1000.0,72006.0,2587.0,True,True
2409,2022-10-25 11:23:01.740143,-0.008720930232558044,0.0029239766081869956,-0.14999999999999858,0.04999999999999716,17.15,17.2,17.05,17.1,162.0,1000.0,72006.0,2587.0,False,False
2409,2022-10-25 11:23:03.233928,-0.008720930232558044,0.0029239766081869956,-0.14999999999999858,0.04999999999999716,17.15,17.2,17.05,17.1,162.0,1000.0,72006.0,2587.0,False,False
2409,2022-10-25 11:23:03.334011,-0.008720930232558044,0.0029239766081869956,-0.14999999999999858,0.04999999999999716,17.15,17.2,17.05,17.1,160.0,1000.0,72006.0,2587.0,False,False
2409,2022-10-25 11:23:03.465732,-0.008720930232558044,0.0029239766081869956,-0.14999999999999858,0.04999999999999716,17.15,17.2,17.05,17.1,160.0,1005.0,72006.0,2587.0,False,False
2409,2022-10-25 11:23:03.560255,-0.008720930232558044,0.0029239766081869956,-0.14999999999999858,0.04999999999999716,17.15,17.2,17.05,17.1,160.0,953.0,72006.0,2587.0,False,False
2409,2022-10-25 11:23:03.650709,-0.008720930232558044,0.0029239766081869956,-0.14999999999999858,0.04999999999999716,17.15,17.2,17.05,17.1,160.0,953.0,72006.0,2587.0,False,False
2409,2022-10-25 11:23:03.709961,-0.008720930232558044,0.0029239766081869956,-0.14999999999999858,0.04999999999999716,17.15,17.2,17.05,17.1,160.0,953.0,72006.0,2587.0,False,False
2409,2022-10-25 11:23:03.898466,-0.008720930232558044,0.0029239766081869956,-0.14999999999999858,0.04999999999999716,17.15,17.2,17.05,17.1,160.0,953.0,72006.0,2587.0,False,False
2409,2022-10-25 11:23:04.036441,-0.008720930232558044,0.0029239766081869956,-0.14999999999999858,0.04999999999999716,17.15,17.2,17.05,17.1,160.0,956.0,72006.0,2587.0,False,False
2409,2022-10-25 11:23:04.103680,-0.008720930232558044,0.0029239766081869956,-0.14999999999999858,0.04999999999999716,17.15,17.2,17.05,17.1,160.0,956.0,72006.0,2587.0,False,False
2409,2022-10-25 11:23:05.055790,-0.008720930232558044,0.0029239766081869956,-0.14999999999999858,0.04999999999999716,17.15,17.2,17.05,17.1,140.0,956.0,72006.0,2587.0,False,False
2409,2022-10-25 11:23:05.094362,-0.008720930232558044,0.0029239766081869956,-0.14999999999999858,0.04999999999999716,17.15,17.2,17.05,17.1,140.0,960.0,72006.0,2587.0,False,False
2409,2022-10-25 11:23:07.824058,-0.008720930232558044,0.0029239766081869956,-0.14999999999999858,0.04999999999999716,17.15,17.2,17.05,17.1,140.0,960.0,72006.0,2587.0,False,False
2409,2022-10-25 11:23:07.849790,-0.008720930232558044,0.0029239766081869956,-0.14999999999999858,0.04999999999999716,17.15,17.2,17.05,17.1,140.0,1166.0,72006.0,2587.0,False,False
2409,2022-10-25 11:23:07.878753,-0.008720930232558044,0.0,-0.14999999999999858,0.0,17.1,17.2,17.05,17.1,377.0,1166.0,72006.0,2587.0,False,False
2409,2022-10-25 11:23:07.940289,-0.008720930232558044,0.0,-0.14999999999999858,0.0,17.1,17.2,17.05,17.1,377.0,1190.0,72006.0,2587.0,False,False
2409,2022-10-25 11:23:08.074549,-0.005830903790087327,0.0,-0.09999999999999787,0.0,17.1,17.15,17.05,17.1,325.0,3.0,72006.0,2587.0,False,False
2409,2022-10-25 11:23:08.155492,-0.005830903790087327,0.0,-0.09999999999999787,0.0,17.1,17.15,17.05,17.1,325.0,3.0,72006.0,2587.0,False,False
2409,2022-10-25 11:23:08.324833,-0.005830903790087327,0.0,-0.09999999999999787,0.0,17.1,17.15,17.05,17.1,397.0,3.0,72006.0,2587.0,False,False
2409,2022-10-25 11:23:10.005018,-0.005830903790087327,0.0,-0.09999999999999787,0.0,17.1,17.15,17.05,17.1,397.0,5.0,72006.0,2587.0,False,False
2409,2022-10-25 11:23:10.044725,-0.005830903790087327,0.0,-0.09999999999999787,0.0,17.1,17.15,17.05,17.1,397.0,9.0,72006.0,2587.0,False,False
2409,2022-10-25 11:23:10.110586,-0.005830903790087327,0.0,-0.09999999999999787,0.0,17.1,17.15,17.05,17.1,397.0,6.0,72006.0,2587.0,False,False
2409,2022-10-25 11:23:10.157324,-0.005830903790087327,0.0,-0.09999999999999787,0.0,17.1,17.15,17.05,17.1,426.0,6.0,72006.0,2587.0,False,False
2409,2022-10-25 11:23:10.356874,-0.005830903790087327,0.0,-0.09999999999999787,0.0,17.1,17.15,17.05,17.1,426.0,6.0,72006.0,2587.0,False,False
2409,2022-10-25 11:23:10.360774,-0.005830903790087327,0.0,-0.09999999999999787,0.0,17.1,17.15,17.05,17.1,426.0,6.0,72006.0,2587.0,False,False
2409,2022-10-25 11:23:10.624772,-0.005830903790087327,0.0,-0.09999999999999787,0.0,17.1,17.15,17.05,17.1,426.0,5.0,72006.0,2587.0,False,False
2409,2022-10-25 11:23:10.676085,-0.005830903790087327,0.0,-0.09999999999999787,0.0,17.1,17.15,17.05,17.1,426.0,5.0,72006.0,2587.0,False,False
2409,2022-10-25 11:23:11.083112,-0.005830903790087327,0.0,-0.09999999999999787,0.0,17.1,17.15,17.05,17.1,426.0,5.0,72006.0,2587.0,True,True
2409,2022-10-25 11:23:11.980870,-0.005830903790087327,0.0,-0.09999999999999787,0.0,17.1,17.15,17.05,17.1,426.0,5.0,72006.0,2587.0,False,False
2409,2022-10-25 11:23:11.980874,-0.005830903790087327,0.0,-0.09999999999999787,0.0,17.1,17.15,17.05,17.1,426.0,5.0,72006.0,2587.0,False,False
2409,2022-10-25 11:23:12.722899,-0.005830903790087327,0.0,-0.09999999999999787,0.0,17.1,17.15,17.05,17.1,426.0,5.0,72006.0,2587.0,False,False
2409,2022-10-25 11:23:12.922367,-0.005830903790087327,0.0,-0.09999999999999787,0.0,17.1,17.15,17.05,17.1,426.0,7.0,72006.0,2587.0,False,False
2409,2022-10-25 11:23:12.938329,-0.005830903790087327,0.0,-0.09999999999999787,0.0,17.1,17.15,17.05,17.1,415.0,7.0,72006.0,2587.0,False,False
2409,2022-10-25 11:23:14.090516,-0.005830903790087327,0.0,-0.09999999999999787,0.0,17.1,17.15,17.05,17.1,415.0,7.0,72006.0,2587.0,False,False
2409,2022-10-25 11:23:14.093259,-0.005830903790087327,0.0,-0.09999999999999787,0.0,17.1,17.15,17.05,17.1,418.0,7.0,72006.0,2587.0,False,False
2409,2022-10-25 11:23:14.624903,-0.005830903790087327,0.0,-0.09999999999999787,0.0,17.1,17.15,17.05,17.1,417.0,7.0,72006.0,2587.0,False,False
2409,2022-10-25 11:23:14.625828,-0.005830903790087327,0.0,-0.09999999999999787,0.0,17.1,17.15,17.05,17.1,416.0,7.0,72006.0,2587.0,False,False
2409,2022-10-25 11:23:14.685239,-0.005830903790087327,0.0,-0.09999999999999787,0.0,17.1,17.15,17.05,17.1,416.0,7.0,72006.0,2587.0,False,False
2409,2022-10-25 11:23:15.771252,-0.005830903790087327,0.0,-0.09999999999999787,0.0,17.1,17.15,17.05,17.1,416.0,6.0,72006.0,2587.0,False,False
2409,2022-10-25 11:23:19.095086,-0.005830903790087327,0.0,-0.09999999999999787,0.0,17.1,17.15,17.05,17.1,413.0,6.0,72006.0,2587.0,False,False
2409,2022-10-25 11:23:20.834546,-0.005830903790087327,0.0,-0.09999999999999787,0.0,17.1,17.15,17.05,17.1,413.0,6.0,72006.0,2587.0,False,False
2409,2022-10-25 11:23:20.847868,-0.005830903790087327,0.0,-0.09999999999999787,0.0,17.1,17.15,17.05,17.1,393.0,6.0,72006.0,2587.0,False,False
2409,2022-10-25 11:23:20.868297,-0.005830903790087327,0.0,-0.09999999999999787,0.0,17.1,17.15,17.05,17.1,393.0,51.0,72006.0,2587.0,False,False
2409,2022-10-25 11:23:21.120148,-0.005830903790087327,0.0,-0.09999999999999787,0.0,17.1,17.15,17.05,17.1,393.0,51.0,73005.0,2189.0,True,True
2409,2022-10-25 11:23:21.798731,-0.005830903790087327,0.0,-0.09999999999999787,0.0,17.1,17.15,17.05,17.1,394.0,51.0,73005.0,2189.0,False,False
2409,2022-10-25 11:23:22.967888,-0.005830903790087327,0.0,-0.09999999999999787,0.0,17.1,17.15,17.05,17.1,395.0,51.0,73005.0,2189.0,False,False
2409,2022-10-25 11:23:24.325813,-0.005830903790087327,0.0,-0.09999999999999787,0.0,17.1,17.15,17.05,17.1,395.0,52.0,73005.0,2189.0,False,False
2409,2022-10-25 11:23:26.991818,-0.005830903790087327,0.0,-0.09999999999999787,0.0,17.1,17.15,17.05,17.1,395.0,62.0,73005.0,2189.0,False,False
2409,2022-10-25 11:23:28.479734,-0.005830903790087327,0.0,-0.09999999999999787,0.0,17.1,17.15,17.05,17.1,395.0,62.0,73005.0,2189.0,False,False
2409,2022-10-25 11:23:28.483583,-0.005830903790087327,0.0,-0.09999999999999787,0.0,17.1,17.15,17.05,17.1,395.0,62.0,73005.0,2189.0,False,False
2409,2022-10-25 11:23:31.155260,-0.005830903790087327,0.0,-0.09999999999999787,0.0,17.1,17.15,17.05,17.1,395.0,62.0,73005.0,2189.0,True,True
2409,2022-10-25 11:23:31.734851,-0.005830903790087327,0.0,-0.09999999999999787,0.0,17.1,17.15,17.05,17.1,395.0,62.0,73005.0,2189.0,False,False
2409,2022-10-25 11:23:32.772911,-0.005830903790087327,0.0,-0.09999999999999787,0.0,17.1,17.15,17.05,17.1,396.0,62.0,73005.0,2189.0,False,False
2409,2022-10-25 11:23:33.163247,-0.005830903790087327,0.0,-0.09999999999999787,0.0,17.1,17.15,17.05,17.1,395.0,62.0,73005.0,2189.0,False,False
2409,2022-10-25 11:23:33.164079,-0.005830903790087327,0.0,-0.09999999999999787,0.0,17.1,17.15,17.05,17.1,394.0,62.0,73005.0,2189.0,False,False
2409,2022-10-25 11:23:33.972903,-0.005830903790087327,0.0,-0.09999999999999787,0.0,17.1,17.15,17.05,17.1,394.0,62.0,73005.0,2189.0,False,False
2409,2022-10-25 11:23:36.512712,-0.005830903790087327,0.0,-0.09999999999999787,0.0,17.1,17.15,17.05,17.1,394.0,72.0,73005.0,2189.0,False,False
2409,2022-10-25 11:23:36.552270,-0.005830903790087327,0.0,-0.09999999999999787,0.0,17.1,17.15,17.05,17.1,394.0,72.0,73005.0,2189.0,False,False
2409,2022-10-25 11:23:38.289068,-0.005830903790087327,0.0,-0.09999999999999787,0.0,17.1,17.15,17.05,17.1,394.0,72.0,73005.0,2189.0,False,False
2409,2022-10-25 11:23:38.293100,-0.005830903790087327,0.0,-0.09999999999999787,0.0,17.1,17.15,17.05,17.1,394.0,75.0,73005.0,2189.0,False,False
2409,2022-10-25 11:23:40.125764,-0.005830903790087327,0.0,-0.09999999999999787,0.0,17.1,17.15,17.05,17.1,394.0,74.0,73005.0,2189.0,False,False
2409,2022-10-25 11:23:40.141265,-0.005830903790087327,0.0,-0.09999999999999787,0.0,17.1,17.15,17.05,17.1,394.0,71.0,73005.0,2189.0,False,False
2409,2022-10-25 11:23:40.196252,-0.005830903790087327,0.0,-0.09999999999999787,0.0,17.1,17.15,17.05,17.1,394.0,71.0,73005.0,2189.0,False,False
2409,2022-10-25 11:23:41.241695,-0.005830903790087327,0.0,-0.09999999999999787,0.0,17.1,17.15,17.05,17.1,394.0,71.0,73005.0,2189.0,False,False
2409,2022-10-25 11:23:42.172302,-0.005830903790087327,0.0,-0.09999999999999787,0.0,17.1,17.15,17.05,17.1,389.0,71.0,73005.0,2189.0,False,False
2409,2022-10-25 11:23:43.142836,-0.005830903790087327,0.0,-0.09999999999999787,0.0,17.1,17.15,17.05,17.1,389.0,71.0,73005.0,2189.0,False,False
2409,2022-10-25 11:23:45.067638,-0.005830903790087327,0.0,-0.09999999999999787,0.0,17.1,17.15,17.05,17.1,389.0,72.0,73005.0,2189.0,False,False
2409,2022-10-25 11:23:45.119429,-0.005830903790087327,0.0,-0.09999999999999787,0.0,17.1,17.15,17.05,17.1,389.0,72.0,73005.0,2189.0,False,False
2409,2022-10-25 11:23:51.034821,-0.005830903790087327,0.0,-0.09999999999999787,0.0,17.1,17.15,17.05,17.1,389.0,72.0,73005.0,2189.0,False,False
2409,2022-10-25 11:23:51.569734,-0.005830903790087327,0.0,-0.09999999999999787,0.0,17.1,17.15,17.05,17.1,389.0,75.0,73005.0,2189.0,False,False
2409,2022-10-25 11:23:51.690083,-0.005830903790087327,0.0,-0.09999999999999787,0.0,17.1,17.15,17.05,17.1,388.0,75.0,73005.0,2189.0,False,False
2409,2022-10-25 11:23:51.690759,-0.005830903790087327,0.0,-0.09999999999999787,0.0,17.1,17.15,17.05,17.1,387.0,75.0,73005.0,2189.0,False,False
2409,2022-10-25 11:23:52.141575,-0.005830903790087327,0.0,-0.09999999999999787,0.0,17.1,17.15,17.05,17.1,387.0,76.0,73005.0,2189.0,False,False
2409,2022-10-25 11:23:53.567115,-0.005830903790087327,0.0,-0.09999999999999787,0.0,17.1,17.15,17.05,17.1,387.0,76.0,73005.0,2189.0,False,False
2409,2022-10-25 11:23:53.666054,-0.005830903790087327,0.0,-0.09999999999999787,0.0,17.1,17.15,17.05,17.1,387.0,79.0,73005.0,2189.0,False,False
2409,2022-10-25 11:23:53.784509,-0.005830903790087327,0.0,-0.09999999999999787,0.0,17.1,17.15,17.05,17.1,388.0,79.0,73005.0,2189.0,False,False
2409,2022-10-25 11:23:56.179320,-0.005830903790087327,0.0,-0.09999999999999787,0.0,17.1,17.15,17.05,17.1,388.0,83.0,73005.0,2189.0,False,False
2409,2022-10-25 11:23:56.634304,-0.005830903790087327,0.0,-0.09999999999999787,0.0,17.1,17.15,17.05,17.1,388.0,83.0,73005.0,2189.0,False,False
2409,2022-10-25 11:23:58.167146,-0.005830903790087327,0.0,-0.09999999999999787,0.0,17.1,17.15,17.05,17.1,388.0,83.0,73005.0,2189.0,False,False
2409,2022-10-25 11:24:00.305968,-0.005830903790087327,0.0,-0.09999999999999787,0.0,17.1,17.15,17.05,17.1,388.0,83.0,73005.0,2189.0,False,False
2409,2022-10-25 11:24:00.445298,-0.005830903790087327,0.0,-0.09999999999999787,0.0,17.1,17.15,17.05,17.1,388.0,84.0,73005.0,2189.0,False,False
2409,2022-10-25 11:24:01.962879,-0.005830903790087327,0.0,-0.09999999999999787,0.0,17.1,17.15,17.05,17.1,389.0,84.0,73005.0,2189.0,False,False
2409,2022-10-25 11:24:04.001246,-0.005830903790087327,0.0,-0.09999999999999787,0.0,17.1,17.15,17.05,17.1,389.0,85.0,73005.0,2189.0,False,False
2409,2022-10-25 11:24:07.966286,-0.005830903790087327,0.0,-0.09999999999999787,0.0,17.1,17.15,17.05,17.1,389.0,80.0,73005.0,2189.0,False,False
2409,2022-10-25 11:24:08.019937,-0.005830903790087327,0.0,-0.09999999999999787,0.0,17.1,17.15,17.05,17.1,389.0,80.0,73005.0,2189.0,False,False
2409,2022-10-25 11:24:08.024632,-0.005830903790087327,0.0,-0.09999999999999787,0.0,17.1,17.15,17.05,17.1,389.0,81.0,73005.0,2189.0,False,False
2409,2022-10-25 11:24:08.138982,-0.005830903790087327,0.0,-0.09999999999999787,0.0,17.1,17.15,17.05,17.1,389.0,81.0,73005.0,2189.0,False,False
2409,2022-10-25 11:24:10.140850,-0.005830903790087327,0.0,-0.09999999999999787,0.0,17.1,17.15,17.05,17.1,389.0,78.0,73005.0,2189.0,False,False
2409,2022-10-25 11:24:10.243485,-0.005830903790087327,0.0,-0.09999999999999787,0.0,17.1,17.15,17.05,17.1,388.0,78.0,73005.0,2189.0,False,False
2409,2022-10-25 11:24:10.245035,-0.005830903790087327,0.0,-0.09999999999999787,0.0,17.1,17.15,17.05,17.1,387.0,78.0,73005.0,2189.0,False,False
2409,2022-10-25 11:24:10.327594,-0.005830903790087327,0.0,-0.09999999999999787,0.0,17.1,17.15,17.05,17.1,387.0,78.0,73005.0,2189.0,False,False
2409,2022-10-25 11:24:11.331285,-0.005830903790087327,0.0,-0.09999999999999787,0.0,17.1,17.15,17.05,17.1,387.0,78.0,73005.0,2489.0,True,True
2409,2022-10-25 11:24:15.095736,-0.005830903790087327,0.0,-0.09999999999999787,0.0,17.1,17.15,17.05,17.1,387.0,78.0,73005.0,2489.0,False,False
2409,2022-10-25 11:24:16.022532,-0.005830903790087327,0.0,-0.09999999999999787,0.0,17.1,17.15,17.05,17.1,387.0,78.0,73005.0,2489.0,False,False
2409,2022-10-25 11:24:20.240158,-0.005830903790087327,0.0,-0.09999999999999787,0.0,17.1,17.15,17.05,17.1,387.0,78.0,73005.0,2489.0,False,False
2409,2022-10-25 11:24:21.691205,-0.005830903790087327,0.0,-0.09999999999999787,0.0,17.1,17.15,17.05,17.1,387.0,225.0,73005.0,2489.0,False,False
2409,2022-10-25 11:24:21.737642,-0.005830903790087327,0.0,-0.09999999999999787,0.0,17.1,17.15,17.05,17.1,387.0,225.0,73005.0,2489.0,False,False
2409,2022-10-25 11:24:21.765165,-0.005830903790087327,0.0,-0.09999999999999787,0.0,17.1,17.15,17.05,17.1,387.0,230.0,73005.0,2489.0,False,False
2409,2022-10-25 11:24:25.892043,-0.005830903790087327,0.0,-0.09999999999999787,0.0,17.1,17.15,17.05,17.1,387.0,230.0,73005.0,2489.0,False,False
2409,2022-10-25 11:24:28.767875,-0.005830903790087327,0.0,-0.09999999999999787,0.0,17.1,17.15,17.05,17.1,386.0,230.0,73005.0,2489.0,False,False
2409,2022-10-25 11:24:28.768384,-0.005830903790087327,0.0,-0.09999999999999787,0.0,17.1,17.15,17.05,17.1,385.0,230.0,73005.0,2489.0,False,False
2409,2022-10-25 11:24:31.073154,-0.005830903790087327,0.0,-0.09999999999999787,0.0,17.1,17.15,17.05,17.1,387.0,230.0,73005.0,2489.0,False,False
2409,2022-10-25 11:24:31.102828,-0.005830903790087327,0.0,-0.09999999999999787,0.0,17.1,17.15,17.05,17.1,387.0,83.0,73005.0,2489.0,False,False
2409,2022-10-25 11:24:31.238909,-0.005830903790087327,0.0,-0.09999999999999787,0.0,17.1,17.15,17.05,17.1,387.0,83.0,73005.0,2489.0,False,False
2409,2022-10-25 11:24:31.626061,-0.005830903790087327,0.0,-0.09999999999999787,0.0,17.1,17.15,17.05,17.1,387.0,83.0,73005.0,2489.0,False,False
2409,2022-10-25 11:24:31.662537,-0.005830903790087327,0.0,-0.09999999999999787,0.0,17.1,17.15,17.05,17.1,387.0,230.0,73005.0,2489.0,False,False
2409,2022-10-25 11:24:31.675088,-0.005830903790087327,0.0,-0.09999999999999787,0.0,17.1,17.15,17.05,17.1,387.0,83.0,73005.0,2489.0,False,False
2409,2022-10-25 11:24:35.970959,-0.005830903790087327,0.0,-0.09999999999999787,0.0,17.1,17.15,17.05,17.1,388.0,83.0,73005.0,2489.0,False,False
2409,2022-10-25 11:24:36.956924,-0.005830903790087327,0.0,-0.09999999999999787,0.0,17.1,17.15,17.05,17.1,388.0,83.0,73005.0,2489.0,False,False
2409,2022-10-25 11:24:39.137187,-0.005830903790087327,0.0,-0.09999999999999787,0.0,17.1,17.15,17.05,17.1,388.0,83.0,73005.0,2489.0,False,False
2409,2022-10-25 11:24:39.162938,-0.005830903790087327,0.0,-0.09999999999999787,0.0,17.1,17.15,17.05,17.1,388.0,230.0,73005.0,2489.0,False,False
2409,2022-10-25 11:24:40.014985,-0.005830903790087327,0.0,-0.09999999999999787,0.0,17.1,17.15,17.05,17.1,388.0,231.0,73005.0,2489.0,False,False
2409,2022-10-25 11:24:40.171791,-0.005830903790087327,0.0,-0.09999999999999787,0.0,17.1,17.15,17.05,17.1,388.0,230.0,73005.0,2489.0,False,False
2409,2022-10-25 11:24:40.187300,-0.005830903790087327,0.0,-0.09999999999999787,0.0,17.1,17.15,17.05,17.1,388.0,227.0,73005.0,2489.0,False,False
2409,2022-10-25 11:24:40.194846,-0.005830903790087327,0.0,-0.09999999999999787,0.0,17.1,17.15,17.05,17.1,388.0,80.0,73005.0,2489.0,False,False
2409,2022-10-25 11:24:40.227778,-0.005830903790087327,0.0,-0.09999999999999787,0.0,17.1,17.15,17.05,17.1,388.0,80.0,73005.0,2489.0,False,False
2409,2022-10-25 11:24:41.448704,-0.005830903790087327,0.0,-0.09999999999999787,0.0,17.1,17.15,17.05,17.1,388.0,80.0,73005.0,2289.0,True,True
2409,2022-10-25 11:24:45.799964,-0.005830903790087327,0.0,-0.09999999999999787,0.0,17.1,17.15,17.05,17.1,388.0,61.0,73005.0,2289.0,False,False
2409,2022-10-25 11:24:45.829594,-0.005830903790087327,0.0,-0.09999999999999787,0.0,17.1,17.15,17.05,17.1,388.0,45.0,73005.0,2289.0,False,False
2409,2022-10-25 11:24:45.849245,-0.005830903790087327,0.0,-0.09999999999999787,0.0,17.1,17.15,17.05,17.1,388.0,45.0,73005.0,2289.0,False,False
2409,2022-10-25 11:24:47.320942,-0.005830903790087327,0.0,-0.09999999999999787,0.0,17.1,17.15,17.05,17.1,387.0,45.0,73005.0,2289.0,False,False
2409,2022-10-25 11:24:47.322778,-0.005830903790087327,0.0,-0.09999999999999787,0.0,17.1,17.15,17.05,17.1,386.0,45.0,73005.0,2289.0,False,False
2409,2022-10-25 11:24:47.386054,-0.005830903790087327,0.0,-0.09999999999999787,0.0,17.1,17.15,17.05,17.1,386.0,43.0,73005.0,2289.0,False,False
2409,2022-10-25 11:24:47.430471,-0.005830903790087327,0.0,-0.09999999999999787,0.0,17.1,17.15,17.05,17.1,386.0,43.0,73005.0,2289.0,False,False
2409,2022-10-25 11:24:49.008287,-0.008720930232558044,0.0029239766081869956,-0.14999999999999858,0.04999999999999716,17.15,17.2,17.05,17.1,17.0,1222.0,73005.0,2289.0,False,False
2409,2022-10-25 11:24:49.023838,-0.008720930232558044,0.0029239766081869956,-0.14999999999999858,0.04999999999999716,17.15,17.2,17.05,17.1,17.0,1222.0,73005.0,2289.0,False,False
2409,2022-10-25 11:24:49.024319,-0.008720930232558044,0.0029239766081869956,-0.14999999999999858,0.04999999999999716,17.15,17.2,17.05,17.1,17.0,1222.0,73005.0,2289.0,False,False
2409,2022-10-25 11:24:49.130840,-0.008720930232558044,0.0029239766081869956,-0.14999999999999858,0.04999999999999716,17.15,17.2,17.05,17.1,17.0,1229.0,73005.0,2289.0,False,False
2409,2022-10-25 11:24:49.255423,-0.008720930232558044,0.0029239766081869956,-0.14999999999999858,0.04999999999999716,17.15,17.2,17.05,17.1,16.0,1281.0,73005.0,2289.0,False,False
2409,2022-10-25 11:24:49.150798,-0.008720930232558044,0.0029239766081869956,-0.14999999999999858,0.04999999999999716,17.15,17.2,17.05,17.1,17.0,1281.0,73005.0,2289.0,False,False
2409,2022-10-25 11:24:51.482624,-0.008720930232558044,0.0029239766081869956,-0.14999999999999858,0.04999999999999716,17.15,17.2,17.05,17.1,17.0,1281.0,73005.0,2369.0,True,True
2409,2022-10-25 11:24:54.039792,-0.008720930232558044,0.0029239766081869956,-0.14999999999999858,0.04999999999999716,17.15,17.2,17.05,17.1,16.0,1281.0,73005.0,2369.0,False,False
2409,2022-10-25 11:24:54.145782,-0.008720930232558044,0.0029239766081869956,-0.14999999999999858,0.04999999999999716,17.15,17.2,17.05,17.1,16.0,1281.0,73005.0,2369.0,False,False
2409,2022-10-25 11:24:54.214851,-0.008720930232558044,0.0029239766081869956,-0.14999999999999858,0.04999999999999716,17.15,17.2,17.05,17.1,16.0,1229.0,73005.0,2369.0,False,False
2409,2022-10-25 11:24:54.391847,-0.008720930232558044,0.0029239766081869956,-0.14999999999999858,0.04999999999999716,17.15,17.2,17.05,17.1,16.0,1229.0,73005.0,2369.0,False,False
2409,2022-10-25 11:24:54.392231,-0.008720930232558044,0.0029239766081869956,-0.14999999999999858,0.04999999999999716,17.15,17.2,17.05,17.1,16.0,1229.0,73005.0,2369.0,False,False
2409,2022-10-25 11:24:54.588986,-0.008720930232558044,0.0029239766081869956,-0.14999999999999858,0.04999999999999716,17.15,17.2,17.05,17.1,26.0,1229.0,73005.0,2369.0,False,False
2409,2022-10-25 11:24:54.776741,-0.008720930232558044,0.0029239766081869956,-0.14999999999999858,0.04999999999999716,17.15,17.2,17.05,17.1,31.0,1229.0,73005.0,2369.0,False,False
2409,2022-10-25 11:24:55.212531,-0.008720930232558044,0.0029239766081869956,-0.14999999999999858,0.04999999999999716,17.15,17.2,17.05,17.1,31.0,1229.0,73005.0,2369.0,False,False
2409,2022-10-25 11:24:58.841821,-0.008720930232558044,0.0029239766081869956,-0.14999999999999858,0.04999999999999716,17.15,17.2,17.05,17.1,31.0,1229.0,73005.0,2369.0,False,False
2409,2022-10-25 11:24:59.439810,-0.008720930232558044,0.0029239766081869956,-0.14999999999999858,0.04999999999999716,17.15,17.2,17.05,17.1,32.0,1229.0,73005.0,2369.0,False,False
2409,2022-10-25 11:25:00.630753,-0.008720930232558044,0.0029239766081869956,-0.14999999999999858,0.04999999999999716,17.15,17.2,17.05,17.1,27.0,1229.0,73005.0,2369.0,False,False
2409,2022-10-25 11:25:00.672676,-0.008720930232558044,0.0029239766081869956,-0.14999999999999858,0.04999999999999716,17.15,17.2,17.05,17.1,27.0,1230.0,73005.0,2369.0,False,False
2409,2022-10-25 11:25:00.722867,-0.008720930232558044,0.0029239766081869956,-0.14999999999999858,0.04999999999999716,17.15,17.2,17.05,17.1,27.0,1230.0,73005.0,2369.0,False,False
2409,2022-10-25 11:25:02.715419,-0.008720930232558044,0.0029239766081869956,-0.14999999999999858,0.04999999999999716,17.15,17.2,17.05,17.1,32.0,1230.0,73005.0,2369.0,False,False
2409,2022-10-25 11:25:05.445701,-0.008720930232558044,0.0029239766081869956,-0.14999999999999858,0.04999999999999716,17.15,17.2,17.05,17.1,32.0,1225.0,73005.0,2369.0,False,False
2409,2022-10-25 11:25:05.751620,-0.008720930232558044,0.0029239766081869956,-0.14999999999999858,0.04999999999999716,17.15,17.2,17.05,17.1,31.0,1225.0,73005.0,2369.0,False,False
2409,2022-10-25 11:25:05.753165,-0.008720930232558044,0.0029239766081869956,-0.14999999999999858,0.04999999999999716,17.15,17.2,17.05,17.1,30.0,1225.0,73005.0,2369.0,False,False
2409,2022-10-25 11:25:06.011912,-0.008720930232558044,0.0029239766081869956,-0.14999999999999858,0.04999999999999716,17.15,17.2,17.05,17.1,29.0,1225.0,73005.0,2369.0,False,False
2409,2022-10-25 11:25:06.056733,-0.008720930232558044,0.0029239766081869956,-0.14999999999999858,0.04999999999999716,17.15,17.2,17.05,17.1,29.0,1226.0,73005.0,2369.0,False,False
2409,2022-10-25 11:25:06.845829,-0.008720930232558044,0.0029239766081869956,-0.14999999999999858,0.04999999999999716,17.15,17.2,17.05,17.1,29.0,1234.0,73005.0,2369.0,False,False
2409,2022-10-25 11:25:07.900103,-0.008720930232558044,0.0029239766081869956,-0.14999999999999858,0.04999999999999716,17.15,17.2,17.05,17.1,29.0,1234.0,73005.0,2369.0,False,False
2409,2022-10-25 11:25:08.124892,-0.008720930232558044,0.0029239766081869956,-0.14999999999999858,0.04999999999999716,17.15,17.2,17.05,17.1,29.0,1234.0,73005.0,2369.0,False,False
2409,2022-10-25 11:25:09.004089,-0.008720930232558044,0.0029239766081869956,-0.14999999999999858,0.04999999999999716,17.15,17.2,17.05,17.1,29.0,1234.0,73005.0,2369.0,False,False
2409,2022-10-25 11:25:09.116685,-0.008720930232558044,0.0029239766081869956,-0.14999999999999858,0.04999999999999716,17.15,17.2,17.05,17.1,29.0,1233.0,73005.0,2369.0,False,False
2409,2022-10-25 11:25:09.147970,-0.008720930232558044,0.0029239766081869956,-0.14999999999999858,0.04999999999999716,17.15,17.2,17.05,17.1,39.0,1233.0,73005.0,2369.0,False,False
2409,2022-10-25 11:25:09.268639,-0.008720930232558044,0.0029239766081869956,-0.14999999999999858,0.04999999999999716,17.15,17.2,17.05,17.1,39.0,1235.0,73005.0,2369.0,False,False
2409,2022-10-25 11:25:09.514499,-0.008720930232558044,0.0029239766081869956,-0.14999999999999858,0.04999999999999716,17.15,17.2,17.05,17.1,39.0,1235.0,73005.0,2369.0,False,False
2409,2022-10-25 11:25:10.060032,-0.008720930232558044,0.0029239766081869956,-0.14999999999999858,0.04999999999999716,17.15,17.2,17.05,17.1,39.0,1233.0,73005.0,2369.0,False,False
2409,2022-10-25 11:25:11.035298,-0.008720930232558044,0.0029239766081869956,-0.14999999999999858,0.04999999999999716,17.15,17.2,17.05,17.1,39.0,1233.0,73055.0,2369.0,False,True
2409,2022-10-25 11:25:17.483406,-0.008720930232558044,0.0029239766081869956,-0.14999999999999858,0.04999999999999716,17.15,17.2,17.05,17.1,39.0,1233.0,73055.0,2369.0,False,False
2409,2022-10-25 11:25:18.517074,-0.008720930232558044,0.0029239766081869956,-0.14999999999999858,0.04999999999999716,17.15,17.2,17.05,17.1,39.0,1233.0,73055.0,2369.0,False,False
2409,2022-10-25 11:25:19.597262,-0.008720930232558044,0.0029239766081869956,-0.14999999999999858,0.04999999999999716,17.15,17.2,17.05,17.1,40.0,1233.0,73055.0,2369.0,False,False
2409,2022-10-25 11:25:20.791893,-0.008720930232558044,0.0029239766081869956,-0.14999999999999858,0.04999999999999716,17.15,17.2,17.05,17.1,40.0,1234.0,73055.0,2369.0,False,False
2409,2022-10-25 11:25:20.793216,-0.008720930232558044,0.0029239766081869956,-0.14999999999999858,0.04999999999999716,17.15,17.2,17.05,17.1,40.0,1234.0,73055.0,2369.0,False,False
2409,2022-10-25 11:25:22.373364,-0.008720930232558044,0.0029239766081869956,-0.14999999999999858,0.04999999999999716,17.15,17.2,17.05,17.1,41.0,1234.0,73055.0,2369.0,False,False
2409,2022-10-25 11:25:22.816072,-0.008720930232558044,0.0029239766081869956,-0.14999999999999858,0.04999999999999716,17.15,17.2,17.05,17.1,41.0,1224.0,73055.0,2369.0,False,False
2409,2022-10-25 11:25:23.299966,-0.008720930232558044,0.0029239766081869956,-0.14999999999999858,0.04999999999999716,17.15,17.2,17.05,17.1,41.0,1226.0,73055.0,2369.0,False,False
2409,2022-10-25 11:25:24.236614,-0.008720930232558044,0.0029239766081869956,-0.14999999999999858,0.04999999999999716,17.15,17.2,17.05,17.1,40.0,1226.0,73055.0,2369.0,False,False
2409,2022-10-25 11:25:24.237194,-0.008720930232558044,0.0029239766081869956,-0.14999999999999858,0.04999999999999716,17.15,17.2,17.05,17.1,39.0,1226.0,73055.0,2369.0,False,False
2409,2022-10-25 11:25:24.315455,-0.008720930232558044,0.0029239766081869956,-0.14999999999999858,0.04999999999999716,17.15,17.2,17.05,17.1,104.0,1226.0,73055.0,2369.0,False,False
2409,2022-10-25 11:25:24.776336,-0.008720930232558044,0.0029239766081869956,-0.14999999999999858,0.04999999999999716,17.15,17.2,17.05,17.1,108.0,1226.0,73055.0,2369.0,False,False
2409,2022-10-25 11:25:25.331040,-0.008720930232558044,0.0029239766081869956,-0.14999999999999858,0.04999999999999716,17.15,17.2,17.05,17.1,108.0,1220.0,73055.0,2369.0,False,False
2409,2022-10-25 11:25:25.459156,-0.008720930232558044,0.0029239766081869956,-0.14999999999999858,0.04999999999999716,17.15,17.2,17.05,17.1,108.0,1014.0,73055.0,2369.0,False,False
2409,2022-10-25 11:25:25.468169,-0.008720930232558044,0.0029239766081869956,-0.14999999999999858,0.04999999999999716,17.15,17.2,17.05,17.1,108.0,1008.0,73055.0,2369.0,False,False
2409,2022-10-25 11:25:25.548183,-0.008720930232558044,0.0029239766081869956,-0.14999999999999858,0.04999999999999716,17.15,17.2,17.05,17.1,109.0,1009.0,73055.0,2369.0,False,False
2409,2022-10-25 11:25:25.668307,-0.008720930232558044,0.0029239766081869956,-0.14999999999999858,0.04999999999999716,17.15,17.2,17.05,17.1,109.0,1010.0,73055.0,2369.0,False,False
2409,2022-10-25 11:25:25.782306,-0.008720930232558044,0.0029239766081869956,-0.14999999999999858,0.04999999999999716,17.15,17.2,17.05,17.1,109.0,1010.0,73055.0,2369.0,False,False
2409,2022-10-25 11:25:25.782925,-0.008720930232558044,0.0029239766081869956,-0.14999999999999858,0.04999999999999716,17.15,17.2,17.05,17.1,109.0,1010.0,73055.0,2369.0,False,False
2409,2022-10-25 11:25:25.981706,-0.008720930232558044,0.0029239766081869956,-0.14999999999999858,0.04999999999999716,17.15,17.2,17.05,17.1,129.0,1010.0,73055.0,2369.0,False,False
2409,2022-10-25 11:25:26.061371,-0.008720930232558044,0.0029239766081869956,-0.14999999999999858,0.04999999999999716,17.15,17.2,17.05,17.1,129.0,1010.0,73055.0,2369.0,False,False
2409,2022-10-25 11:25:26.141892,-0.008720930232558044,0.0029239766081869956,-0.14999999999999858,0.04999999999999716,17.15,17.2,17.05,17.1,129.0,1010.0,73055.0,2369.0,False,False
2409,2022-10-25 11:25:26.309300,-0.008720930232558044,0.0029239766081869956,-0.14999999999999858,0.04999999999999716,17.15,17.2,17.05,17.1,64.0,1010.0,73055.0,2369.0,False,False
2409,2022-10-25 11:25:26.702308,-0.008720930232558044,0.0029239766081869956,-0.14999999999999858,0.04999999999999716,17.15,17.2,17.05,17.1,64.0,1004.0,73055.0,2369.0,False,False
2409,2022-10-25 11:25:26.821072,-0.008720930232558044,0.0029239766081869956,-0.14999999999999858,0.04999999999999716,17.15,17.2,17.05,17.1,64.0,1005.0,73055.0,2369.0,False,False
2409,2022-10-25 11:25:27.421894,-0.008720930232558044,0.0029239766081869956,-0.14999999999999858,0.04999999999999716,17.15,17.2,17.05,17.1,72.0,1005.0,73055.0,2369.0,False,False
2409,2022-10-25 11:25:27.853329,-0.008720930232558044,0.0029239766081869956,-0.14999999999999858,0.04999999999999716,17.15,17.2,17.05,17.1,72.0,1005.0,73055.0,2369.0,False,False
2409,2022-10-25 11:25:28.409393,-0.008720930232558044,0.0029239766081869956,-0.14999999999999858,0.04999999999999716,17.15,17.2,17.05,17.1,64.0,1005.0,73055.0,2369.0,False,False
2409,2022-10-25 11:25:28.412586,-0.008720930232558044,0.0029239766081869956,-0.14999999999999858,0.04999999999999716,17.15,17.2,17.05,17.1,74.0,1005.0,73055.0,2369.0,False,False
2409,2022-10-25 11:25:30.300168,-0.008720930232558044,0.0029239766081869956,-0.14999999999999858,0.04999999999999716,17.15,17.2,17.05,17.1,140.0,1005.0,73055.0,2369.0,False,False
2409,2022-10-25 11:25:30.404278,-0.008720930232558044,0.0029239766081869956,-0.14999999999999858,0.04999999999999716,17.15,17.2,17.05,17.1,140.0,1000.0,73055.0,2369.0,False,False
2409,2022-10-25 11:25:30.488113,-0.008720930232558044,0.0029239766081869956,-0.14999999999999858,0.04999999999999716,17.15,17.2,17.05,17.1,140.0,1001.0,73055.0,2369.0,False,False
2409,2022-10-25 11:25:30.516909,-0.008720930232558044,0.0029239766081869956,-0.14999999999999858,0.04999999999999716,17.15,17.2,17.05,17.1,140.0,995.0,73055.0,2369.0,False,False
2409,2022-10-25 11:25:30.518752,-0.008720930232558044,0.0029239766081869956,-0.14999999999999858,0.04999999999999716,17.15,17.2,17.05,17.1,140.0,995.0,73055.0,2369.0,False,False
2409,2022-10-25 11:25:30.678960,-0.008720930232558044,0.0029239766081869956,-0.14999999999999858,0.04999999999999716,17.15,17.2,17.05,17.1,140.0,996.0,73055.0,2369.0,False,False
2409,2022-10-25 11:25:31.059766,-0.008720930232558044,0.0029239766081869956,-0.14999999999999858,0.04999999999999716,17.15,17.2,17.05,17.1,140.0,996.0,73055.0,1689.0,True,True
2409,2022-10-25 11:25:31.276632,-0.008720930232558044,0.0029239766081869956,-0.14999999999999858,0.04999999999999716,17.15,17.2,17.05,17.1,74.0,996.0,73055.0,1689.0,False,False
2409,2022-10-25 11:25:31.309051,-0.008720930232558044,0.0029239766081869956,-0.14999999999999858,0.04999999999999716,17.15,17.2,17.05,17.1,74.0,991.0,73055.0,1689.0,False,False
2409,2022-10-25 11:25:31.485084,-0.008720930232558044,0.0029239766081869956,-0.14999999999999858,0.04999999999999716,17.15,17.2,17.05,17.1,74.0,985.0,73055.0,1689.0,False,False
2409,2022-10-25 11:25:31.563780,-0.008720930232558044,0.0029239766081869956,-0.14999999999999858,0.04999999999999716,17.15,17.2,17.05,17.1,74.0,986.0,73055.0,1689.0,False,False
2409,2022-10-25 11:25:32.540509,-0.008720930232558044,0.0029239766081869956,-0.14999999999999858,0.04999999999999716,17.15,17.2,17.05,17.1,74.0,986.0,73055.0,1689.0,False,False
2409,2022-10-25 11:25:36.576388,-0.008720930232558044,0.0029239766081869956,-0.14999999999999858,0.04999999999999716,17.15,17.2,17.05,17.1,74.0,986.0,73055.0,1689.0,False,False
2409,2022-10-25 11:25:37.364923,-0.008720930232558044,0.0029239766081869956,-0.14999999999999858,0.04999999999999716,17.15,17.2,17.05,17.1,74.0,986.0,73055.0,1689.0,False,False
2409,2022-10-25 11:25:38.076581,-0.008720930232558044,0.0029239766081869956,-0.14999999999999858,0.04999999999999716,17.15,17.2,17.05,17.1,74.0,986.0,73055.0,1689.0,False,False
2409,2022-10-25 11:25:38.535492,-0.008720930232558044,0.0029239766081869956,-0.14999999999999858,0.04999999999999716,17.15,17.2,17.05,17.1,74.0,986.0,73055.0,1689.0,False,False
2409,2022-10-25 11:25:39.943410,-0.008720930232558044,0.0029239766081869956,-0.14999999999999858,0.04999999999999716,17.15,17.2,17.05,17.1,74.0,986.0,73055.0,1689.0,False,False
2409,2022-10-25 11:25:39.992343,-0.008720930232558044,0.0029239766081869956,-0.14999999999999858,0.04999999999999716,17.15,17.2,17.05,17.1,74.0,985.0,73055.0,1689.0,False,False
2409,2022-10-25 11:25:40.007490,-0.008720930232558044,0.0029239766081869956,-0.14999999999999858,0.04999999999999716,17.15,17.2,17.05,17.1,74.0,982.0,73055.0,1689.0,False,False
2409,2022-10-25 11:25:40.039657,-0.008720930232558044,0.0029239766081869956,-0.14999999999999858,0.04999999999999716,17.15,17.2,17.05,17.1,74.0,983.0,73055.0,1689.0,False,False
2409,2022-10-25 11:25:40.164067,-0.008720930232558044,0.0029239766081869956,-0.14999999999999858,0.04999999999999716,17.15,17.2,17.05,17.1,74.0,983.0,73055.0,1689.0,False,False
2409,2022-10-25 11:25:40.165855,-0.008720930232558044,0.0029239766081869956,-0.14999999999999858,0.04999999999999716,17.15,17.2,17.05,17.1,126.0,983.0,73055.0,1689.0,False,False
2409,2022-10-25 11:25:40.541342,-0.008720930232558044,0.0029239766081869956,-0.14999999999999858,0.04999999999999716,17.15,17.2,17.05,17.1,126.0,977.0,73055.0,1689.0,False,False
2409,2022-10-25 11:25:40.656417,-0.008720930232558044,0.0029239766081869956,-0.14999999999999858,0.04999999999999716,17.15,17.2,17.05,17.1,126.0,978.0,73055.0,1689.0,False,False
2409,2022-10-25 11:25:40.765206,-0.008720930232558044,0.0029239766081869956,-0.14999999999999858,0.04999999999999716,17.15,17.2,17.05,17.1,126.0,972.0,73055.0,1689.0,False,False
2409,2022-10-25 11:25:40.913743,-0.008720930232558044,0.0029239766081869956,-0.14999999999999858,0.04999999999999716,17.15,17.2,17.05,17.1,126.0,973.0,73055.0,1689.0,False,False
2409,2022-10-25 11:25:41.090599,-0.008720930232558044,0.0029239766081869956,-0.14999999999999858,0.04999999999999716,17.15,17.2,17.05,17.1,126.0,973.0,73055.0,1489.0,True,True
2409,2022-10-25 11:25:42.742871,-0.008720930232558044,0.0029239766081869956,-0.14999999999999858,0.04999999999999716,17.15,17.2,17.05,17.1,125.0,973.0,73055.0,1489.0,False,False
2409,2022-10-25 11:25:42.743675,-0.008720930232558044,0.0029239766081869956,-0.14999999999999858,0.04999999999999716,17.15,17.2,17.05,17.1,124.0,973.0,73055.0,1489.0,False,False
2409,2022-10-25 11:25:44.457798,-0.008720930232558044,0.0029239766081869956,-0.14999999999999858,0.04999999999999716,17.15,17.2,17.05,17.1,124.0,973.0,73055.0,1489.0,False,False
2409,2022-10-25 11:25:44.520169,-0.008720930232558044,0.0029239766081869956,-0.14999999999999858,0.04999999999999716,17.15,17.2,17.05,17.1,126.0,973.0,73055.0,1489.0,False,False
2409,2022-10-25 11:25:44.701658,-0.008720930232558044,0.0029239766081869956,-0.14999999999999858,0.04999999999999716,17.15,17.2,17.05,17.1,126.0,973.0,73055.0,1489.0,False,False
2409,2022-10-25 11:25:46.210813,-0.008720930232558044,0.0029239766081869956,-0.14999999999999858,0.04999999999999716,17.15,17.2,17.05,17.1,126.0,973.0,73055.0,1489.0,False,False
2409,2022-10-25 11:25:47.017487,-0.008720930232558044,0.0029239766081869956,-0.14999999999999858,0.04999999999999716,17.15,17.2,17.05,17.1,126.0,973.0,73055.0,1489.0,False,False
2409,2022-10-25 11:25:48.078231,-0.008720930232558044,0.0029239766081869956,-0.14999999999999858,0.04999999999999716,17.15,17.2,17.05,17.1,125.0,973.0,73055.0,1489.0,False,False
2409,2022-10-25 11:25:48.117551,-0.008720930232558044,0.0029239766081869956,-0.14999999999999858,0.04999999999999716,17.15,17.2,17.05,17.1,125.0,974.0,73055.0,1489.0,False,False
2409,2022-10-25 11:25:48.349307,-0.008720930232558044,0.0029239766081869956,-0.14999999999999858,0.04999999999999716,17.15,17.2,17.05,17.1,73.0,974.0,73055.0,1489.0,False,False
2409,2022-10-25 11:25:48.477746,-0.008720930232558044,0.0029239766081869956,-0.14999999999999858,0.04999999999999716,17.15,17.2,17.05,17.1,73.0,974.0,73055.0,1489.0,False,False
2409,2022-10-25 11:25:49.201691,-0.008720930232558044,0.0029239766081869956,-0.14999999999999858,0.04999999999999716,17.15,17.2,17.05,17.1,73.0,974.0,73055.0,1489.0,False,False
2409,2022-10-25 11:25:50.966471,-0.008720930232558044,0.0029239766081869956,-0.14999999999999858,0.04999999999999716,17.15,17.2,17.05,17.1,74.0,974.0,73055.0,1489.0,False,False
2409,2022-10-25 11:25:51.117107,-0.008720930232558044,0.0029239766081869956,-0.14999999999999858,0.04999999999999716,17.15,17.2,17.05,17.1,74.0,974.0,73055.0,1189.0,True,True
2409,2022-10-25 11:25:51.370250,-0.008720930232558044,0.0029239766081869956,-0.14999999999999858,0.04999999999999716,17.15,17.2,17.05,17.1,74.0,975.0,73055.0,1189.0,False,False
2409,2022-10-25 11:25:51.930101,-0.008720930232558044,0.0029239766081869956,-0.14999999999999858,0.04999999999999716,17.15,17.2,17.05,17.1,74.0,969.0,73055.0,1189.0,False,False
2409,2022-10-25 11:25:52.042118,-0.008720930232558044,0.0029239766081869956,-0.14999999999999858,0.04999999999999716,17.15,17.2,17.05,17.1,74.0,970.0,73055.0,1189.0,False,False
2409,2022-10-25 11:25:52.262835,-0.008720930232558044,0.0029239766081869956,-0.14999999999999858,0.04999999999999716,17.15,17.2,17.05,17.1,74.0,970.0,73055.0,1189.0,False,False
2409,2022-10-25 11:25:53.385237,-0.008720930232558044,0.0029239766081869956,-0.14999999999999858,0.04999999999999716,17.15,17.2,17.05,17.1,74.0,970.0,73055.0,1189.0,False,False
2409,2022-10-25 11:25:53.580885,-0.008720930232558044,0.0029239766081869956,-0.14999999999999858,0.04999999999999716,17.15,17.2,17.05,17.1,74.0,969.0,73055.0,1189.0,False,False
2409,2022-10-25 11:25:54.129939,-0.008720930232558044,0.0029239766081869956,-0.14999999999999858,0.04999999999999716,17.15,17.2,17.05,17.1,74.0,972.0,73055.0,1189.0,False,False
2409,2022-10-25 11:25:55.139134,-0.008720930232558044,0.0029239766081869956,-0.14999999999999858,0.04999999999999716,17.15,17.2,17.05,17.1,75.0,972.0,73055.0,1189.0,False,False
2409,2022-10-25 11:25:55.290063,-0.008720930232558044,0.0029239766081869956,-0.14999999999999858,0.04999999999999716,17.15,17.2,17.05,17.1,75.0,967.0,73055.0,1189.0,False,False
2409,2022-10-25 11:25:58.589046,-0.008720930232558044,0.0029239766081869956,-0.14999999999999858,0.04999999999999716,17.15,17.2,17.05,17.1,75.0,967.0,73055.0,1189.0,False,False
2409,2022-10-25 11:26:01.262185,-0.008720930232558044,0.0029239766081869956,-0.14999999999999858,0.04999999999999716,17.15,17.2,17.05,17.1,74.0,967.0,73055.0,1189.0,False,False
2409,2022-10-25 11:26:01.263541,-0.008720930232558044,0.0029239766081869956,-0.14999999999999858,0.04999999999999716,17.15,17.2,17.05,17.1,73.0,967.0,73055.0,1189.0,False,False
2409,2022-10-25 11:26:01.429432,-0.008720930232558044,0.0029239766081869956,-0.14999999999999858,0.04999999999999716,17.15,17.2,17.05,17.1,73.0,967.0,73055.0,1189.0,False,False
2409,2022-10-25 11:26:01.831152,-0.008720930232558044,0.0029239766081869956,-0.14999999999999858,0.04999999999999716,17.15,17.2,17.05,17.1,73.0,967.0,73055.0,1189.0,False,False
2409,2022-10-25 11:26:03.575208,-0.008720930232558044,0.0029239766081869956,-0.14999999999999858,0.04999999999999716,17.15,17.2,17.05,17.1,73.0,967.0,73055.0,1189.0,False,False
2409,2022-10-25 11:26:04.661114,-0.008720930232558044,0.0029239766081869956,-0.14999999999999858,0.04999999999999716,17.15,17.2,17.05,17.1,73.0,967.0,73055.0,1189.0,False,False
2409,2022-10-25 11:26:05.394839,-0.008720930232558044,0.0029239766081869956,-0.14999999999999858,0.04999999999999716,17.15,17.2,17.05,17.1,73.0,967.0,73055.0,1189.0,False,False
2409,2022-10-25 11:26:06.205837,-0.008720930232558044,0.0029239766081869956,-0.14999999999999858,0.04999999999999716,17.15,17.2,17.05,17.1,73.0,967.0,73055.0,1189.0,False,False
2409,2022-10-25 11:26:06.257466,-0.008720930232558044,0.0029239766081869956,-0.14999999999999858,0.04999999999999716,17.15,17.2,17.05,17.1,73.0,967.0,73055.0,1189.0,False,False
2409,2022-10-25 11:26:08.669068,-0.008720930232558044,0.0029239766081869956,-0.14999999999999858,0.04999999999999716,17.15,17.2,17.05,17.1,73.0,967.0,73055.0,1189.0,False,False
2409,2022-10-25 11:26:08.950670,-0.008720930232558044,0.0029239766081869956,-0.14999999999999858,0.04999999999999716,17.15,17.2,17.05,17.1,83.0,967.0,73055.0,1189.0,False,False
2409,2022-10-25 11:26:09.137582,-0.008720930232558044,0.0029239766081869956,-0.14999999999999858,0.04999999999999716,17.15,17.2,17.05,17.1,83.0,966.0,73055.0,1189.0,False,False
2409,2022-10-25 11:26:09.242246,-0.008720930232558044,0.0029239766081869956,-0.14999999999999858,0.04999999999999716,17.15,17.2,17.05,17.1,56.0,966.0,73055.0,1189.0,False,False
2409,2022-10-25 11:26:09.293109,-0.008720930232558044,0.0029239766081869956,-0.14999999999999858,0.04999999999999716,17.15,17.2,17.05,17.1,56.0,971.0,73055.0,1189.0,False,False
2409,2022-10-25 11:26:09.329331,-0.008720930232558044,0.0029239766081869956,-0.14999999999999858,0.04999999999999716,17.15,17.2,17.05,17.1,57.0,971.0,73055.0,1189.0,False,False
2409,2022-10-25 11:26:09.937803,-0.008720930232558044,0.0029239766081869956,-0.14999999999999858,0.04999999999999716,17.15,17.2,17.05,17.1,57.0,971.0,73055.0,1189.0,False,False
2409,2022-10-25 11:26:09.987084,-0.008720930232558044,0.0029239766081869956,-0.14999999999999858,0.04999999999999716,17.15,17.2,17.05,17.1,57.0,968.0,73055.0,1189.0,False,False
2409,2022-10-25 11:26:11.167907,-0.008720930232558044,0.0029239766081869956,-0.14999999999999858,0.04999999999999716,17.15,17.2,17.05,17.1,57.0,968.0,73055.0,1184.0,True,True
2409,2022-10-25 11:26:11.938967,-0.008720930232558044,0.0029239766081869956,-0.14999999999999858,0.04999999999999716,17.15,17.2,17.05,17.1,58.0,968.0,73055.0,1184.0,False,False
2409,2022-10-25 11:26:13.278511,-0.008720930232558044,0.0029239766081869956,-0.14999999999999858,0.04999999999999716,17.15,17.2,17.05,17.1,124.0,968.0,73055.0,1184.0,False,False
2409,2022-10-25 11:26:13.420781,-0.008720930232558044,0.0029239766081869956,-0.14999999999999858,0.04999999999999716,17.15,17.2,17.05,17.1,124.0,968.0,73055.0,1184.0,False,False
2409,2022-10-25 11:26:13.689513,-0.008720930232558044,0.0029239766081869956,-0.14999999999999858,0.04999999999999716,17.15,17.2,17.05,17.1,176.0,968.0,73055.0,1184.0,False,False
2409,2022-10-25 11:26:13.690171,-0.008720930232558044,0.0029239766081869956,-0.14999999999999858,0.04999999999999716,17.15,17.2,17.05,17.1,176.0,968.0,73055.0,1184.0,False,False
2409,2022-10-25 11:26:14.242152,-0.008720930232558044,0.0029239766081869956,-0.14999999999999858,0.04999999999999716,17.15,17.2,17.05,17.1,110.0,968.0,73055.0,1184.0,False,False
2409,2022-10-25 11:26:14.247999,-0.008720930232558044,0.0029239766081869956,-0.14999999999999858,0.04999999999999716,17.15,17.2,17.05,17.1,110.0,961.0,73055.0,1184.0,False,False
2409,2022-10-25 11:26:14.289774,-0.008720930232558044,0.0029239766081869956,-0.14999999999999858,0.04999999999999716,17.15,17.2,17.05,17.1,110.0,963.0,73055.0,1184.0,False,False
2409,2022-10-25 11:26:14.943227,-0.008720930232558044,0.0029239766081869956,-0.14999999999999858,0.04999999999999716,17.15,17.2,17.05,17.1,110.0,963.0,73055.0,1184.0,False,False
2409,2022-10-25 11:26:15.089941,-0.008720930232558044,0.0029239766081869956,-0.14999999999999858,0.04999999999999716,17.15,17.2,17.05,17.1,110.0,962.0,73055.0,1184.0,False,False
2409,2022-10-25 11:26:18.080042,-0.008720930232558044,0.0029239766081869956,-0.14999999999999858,0.04999999999999716,17.15,17.2,17.05,17.1,110.0,962.0,73055.0,1184.0,False,False
2409,2022-10-25 11:26:19.765952,-0.008720930232558044,0.0029239766081869956,-0.14999999999999858,0.04999999999999716,17.15,17.2,17.05,17.1,109.0,962.0,73055.0,1184.0,False,False
2409,2022-10-25 11:26:19.769617,-0.008720930232558044,0.0029239766081869956,-0.14999999999999858,0.04999999999999716,17.15,17.2,17.05,17.1,108.0,962.0,73055.0,1184.0,False,False
2409,2022-10-25 11:26:19.849105,-0.008720930232558044,0.0029239766081869956,-0.14999999999999858,0.04999999999999716,17.15,17.2,17.05,17.1,56.0,962.0,73055.0,1184.0,False,False
2409,2022-10-25 11:26:19.984689,-0.008720930232558044,0.0029239766081869956,-0.14999999999999858,0.04999999999999716,17.15,17.2,17.05,17.1,56.0,962.0,73055.0,1184.0,False,False
2409,2022-10-25 11:26:20.069564,-0.008720930232558044,0.0029239766081869956,-0.14999999999999858,0.04999999999999716,17.15,17.2,17.05,17.1,57.0,962.0,73055.0,1184.0,False,False
2409,2022-10-25 11:26:20.160432,-0.008720930232558044,0.0029239766081869956,-0.14999999999999858,0.04999999999999716,17.15,17.2,17.05,17.1,57.0,961.0,73055.0,1184.0,False,False
2409,2022-10-25 11:26:20.779277,-0.008720930232558044,0.0029239766081869956,-0.14999999999999858,0.04999999999999716,17.15,17.2,17.05,17.1,57.0,962.0,73055.0,1184.0,False,False
2409,2022-10-25 11:26:21.197738,-0.008720930232558044,0.0029239766081869956,-0.14999999999999858,0.04999999999999716,17.15,17.2,17.05,17.1,57.0,962.0,73055.0,1184.0,True,True
2409,2022-10-25 11:26:22.371662,-0.008720930232558044,0.0029239766081869956,-0.14999999999999858,0.04999999999999716,17.15,17.2,17.05,17.1,57.0,962.0,73055.0,1184.0,False,False
2409,2022-10-25 11:26:24.915354,-0.008720930232558044,0.0029239766081869956,-0.14999999999999858,0.04999999999999716,17.15,17.2,17.05,17.1,87.0,962.0,73055.0,1184.0,False,False
2409,2022-10-25 11:26:25.188015,-0.008720930232558044,0.0029239766081869956,-0.14999999999999858,0.04999999999999716,17.15,17.2,17.05,17.1,87.0,962.0,73055.0,1184.0,False,False
2409,2022-10-25 11:26:25.340991,-0.008720930232558044,0.0029239766081869956,-0.14999999999999858,0.04999999999999716,17.15,17.2,17.05,17.1,137.0,962.0,73055.0,1184.0,False,False
2409,2022-10-25 11:26:25.763319,-0.008720930232558044,0.0029239766081869956,-0.14999999999999858,0.04999999999999716,17.15,17.2,17.05,17.1,137.0,962.0,73055.0,1184.0,False,False
2409,2022-10-25 11:26:25.892400,-0.008720930232558044,0.0029239766081869956,-0.14999999999999858,0.04999999999999716,17.15,17.2,17.05,17.1,137.0,962.0,73055.0,1184.0,False,False
2409,2022-10-25 11:26:26.090749,-0.008720930232558044,0.0029239766081869956,-0.14999999999999858,0.04999999999999716,17.15,17.2,17.05,17.1,189.0,962.0,73055.0,1184.0,False,False
2409,2022-10-25 11:26:26.614897,-0.008720930232558044,0.0029239766081869956,-0.14999999999999858,0.04999999999999716,17.15,17.2,17.05,17.1,189.0,963.0,73055.0,1184.0,False,False
2409,2022-10-25 11:26:26.693335,-0.008720930232558044,0.0029239766081869956,-0.14999999999999858,0.04999999999999716,17.15,17.2,17.05,17.1,189.0,964.0,73055.0,1184.0,False,False
2409,2022-10-25 11:26:30.761720,-0.008720930232558044,0.0029239766081869956,-0.14999999999999858,0.04999999999999716,17.15,17.2,17.05,17.1,219.0,964.0,73055.0,1184.0,False,False
2409,2022-10-25 11:26:31.225562,-0.008720930232558044,0.0029239766081869956,-0.14999999999999858,0.04999999999999716,17.15,17.2,17.05,17.1,219.0,964.0,73055.0,283.0,True,True
2409,2022-10-25 11:26:32.088767,-0.008720930232558044,0.0029239766081869956,-0.14999999999999858,0.04999999999999716,17.15,17.2,17.05,17.1,219.0,964.0,73055.0,283.0,False,False
2409,2022-10-25 11:26:32.524469,-0.008720930232558044,0.0029239766081869956,-0.14999999999999858,0.04999999999999716,17.15,17.2,17.05,17.1,220.0,964.0,73055.0,283.0,False,False
2409,2022-10-25 11:26:32.543779,-0.008720930232558044,0.0029239766081869956,-0.14999999999999858,0.04999999999999716,17.15,17.2,17.05,17.1,220.0,954.0,73055.0,283.0,False,False
2409,2022-10-25 11:26:32.591115,-0.008720930232558044,0.0029239766081869956,-0.14999999999999858,0.04999999999999716,17.15,17.2,17.05,17.1,220.0,956.0,73055.0,283.0,False,False
2409,2022-10-25 11:26:32.626614,-0.008720930232558044,0.0029239766081869956,-0.14999999999999858,0.04999999999999716,17.15,17.2,17.05,17.1,222.0,956.0,73055.0,283.0,False,False
2409,2022-10-25 11:26:32.998739,-0.008720930232558044,0.0029239766081869956,-0.14999999999999858,0.04999999999999716,17.15,17.2,17.05,17.1,222.0,969.0,73055.0,283.0,False,False
2409,2022-10-25 11:26:32.999024,-0.008720930232558044,0.0029239766081869956,-0.14999999999999858,0.04999999999999716,17.15,17.2,17.05,17.1,223.0,969.0,73055.0,283.0,False,False
2409,2022-10-25 11:26:35.847016,-0.008720930232558044,0.0029239766081869956,-0.14999999999999858,0.04999999999999716,17.15,17.2,17.05,17.1,223.0,969.0,73055.0,283.0,False,False
2409,2022-10-25 11:26:36.078218,-0.008720930232558044,0.0029239766081869956,-0.14999999999999858,0.04999999999999716,17.15,17.2,17.05,17.1,223.0,969.0,73055.0,283.0,False,False
2409,2022-10-25 11:26:36.754512,-0.008720930232558044,0.0029239766081869956,-0.14999999999999858,0.04999999999999716,17.15,17.2,17.05,17.1,273.0,969.0,73055.0,283.0,False,False
2409,2022-10-25 11:26:37.626061,-0.008720930232558044,0.0029239766081869956,-0.14999999999999858,0.04999999999999716,17.15,17.2,17.05,17.1,271.0,969.0,73055.0,283.0,False,False
2409,2022-10-25 11:26:38.298306,-0.008720930232558044,0.0029239766081869956,-0.14999999999999858,0.04999999999999716,17.15,17.2,17.05,17.1,270.0,969.0,73055.0,283.0,False,False
2409,2022-10-25 11:26:38.299784,-0.008720930232558044,0.0029239766081869956,-0.14999999999999858,0.04999999999999716,17.15,17.2,17.05,17.1,269.0,969.0,73055.0,283.0,False,False
2409,2022-10-25 11:26:39.918285,-0.008720930232558044,0.0029239766081869956,-0.14999999999999858,0.04999999999999716,17.15,17.2,17.05,17.1,269.0,968.0,73055.0,283.0,False,False
2409,2022-10-25 11:26:39.971564,-0.008720930232558044,0.0029239766081869956,-0.14999999999999858,0.04999999999999716,17.15,17.2,17.05,17.1,269.0,967.0,73055.0,283.0,False,False
2409,2022-10-25 11:26:39.987202,-0.008720930232558044,0.0029239766081869956,-0.14999999999999858,0.04999999999999716,17.15,17.2,17.05,17.1,269.0,964.0,73055.0,283.0,False,False
2409,2022-10-25 11:26:40.017016,-0.008720930232558044,0.0029239766081869956,-0.14999999999999858,0.04999999999999716,17.15,17.2,17.05,17.1,269.0,965.0,73055.0,283.0,False,False
2409,2022-10-25 11:26:43.515664,-0.008720930232558044,0.0029239766081869956,-0.14999999999999858,0.04999999999999716,17.15,17.2,17.05,17.1,265.0,965.0,73055.0,283.0,False,False
2409,2022-10-25 11:26:43.564999,-0.008720930232558044,0.0029239766081869956,-0.14999999999999858,0.04999999999999716,17.15,17.2,17.05,17.1,265.0,966.0,73055.0,283.0,False,False
2409,2022-10-25 11:26:43.581619,-0.008720930232558044,0.0029239766081869956,-0.14999999999999858,0.04999999999999716,17.15,17.2,17.05,17.1,266.0,966.0,73055.0,283.0,False,False
2409,2022-10-25 11:26:45.979044,-0.008720930232558044,0.0029239766081869956,-0.14999999999999858,0.04999999999999716,17.15,17.2,17.05,17.1,266.0,966.0,73055.0,283.0,False,False
2409,2022-10-25 11:26:46.177907,-0.008720930232558044,0.0029239766081869956,-0.14999999999999858,0.04999999999999716,17.15,17.2,17.05,17.1,266.0,966.0,73055.0,283.0,False,False
2409,2022-10-25 11:26:48.525874,-0.008720930232558044,0.0029239766081869956,-0.14999999999999858,0.04999999999999716,17.15,17.2,17.05,17.1,266.0,968.0,73055.0,283.0,False,False
2409,2022-10-25 11:26:48.560200,-0.008720930232558044,0.0029239766081869956,-0.14999999999999858,0.04999999999999716,17.15,17.2,17.05,17.1,266.0,967.0,73055.0,283.0,False,False
2409,2022-10-25 11:26:48.628535,-0.008720930232558044,0.0029239766081869956,-0.14999999999999858,0.04999999999999716,17.15,17.2,17.05,17.1,266.0,967.0,73055.0,283.0,False,False
2409,2022-10-25 11:26:49.812832,-0.008720930232558044,0.0029239766081869956,-0.14999999999999858,0.04999999999999716,17.15,17.2,17.05,17.1,266.0,967.0,73055.0,283.0,False,False
2409,2022-10-25 11:26:49.880962,-0.008720930232558044,0.0029239766081869956,-0.14999999999999858,0.04999999999999716,17.15,17.2,17.05,17.1,266.0,967.0,73055.0,283.0,False,False
2409,2022-10-25 11:26:51.285615,-0.008720930232558044,0.0029239766081869956,-0.14999999999999858,0.04999999999999716,17.15,17.2,17.05,17.1,266.0,967.0,73055.0,863.0,True,True
2409,2022-10-25 11:26:51.486784,-0.008720930232558044,0.0029239766081869956,-0.14999999999999858,0.04999999999999716,17.15,17.2,17.05,17.1,266.0,966.0,73055.0,863.0,False,False
2409,2022-10-25 11:26:51.513376,-0.008720930232558044,0.0029239766081869956,-0.14999999999999858,0.04999999999999716,17.15,17.2,17.05,17.1,266.0,965.0,73055.0,863.0,False,False
2409,2022-10-25 11:26:51.544122,-0.008720930232558044,0.0029239766081869956,-0.14999999999999858,0.04999999999999716,17.15,17.2,17.05,17.1,266.0,965.0,73055.0,863.0,False,False
2409,2022-10-25 11:26:52.777860,-0.008720930232558044,0.0029239766081869956,-0.14999999999999858,0.04999999999999716,17.15,17.2,17.05,17.1,266.0,965.0,73055.0,863.0,False,False
2409,2022-10-25 11:26:52.793356,-0.008720930232558044,0.0029239766081869956,-0.14999999999999858,0.04999999999999716,17.15,17.2,17.05,17.1,266.0,965.0,73055.0,863.0,False,False
2409,2022-10-25 11:26:53.389522,-0.008720930232558044,0.0029239766081869956,-0.14999999999999858,0.04999999999999716,17.15,17.2,17.05,17.1,266.0,966.0,73055.0,863.0,False,False
2409,2022-10-25 11:26:54.623078,-0.008720930232558044,0.0029239766081869956,-0.14999999999999858,0.04999999999999716,17.15,17.2,17.05,17.1,266.0,966.0,73055.0,863.0,False,False
2409,2022-10-25 11:26:55.276421,-0.008720930232558044,0.0029239766081869956,-0.14999999999999858,0.04999999999999716,17.15,17.2,17.05,17.1,266.0,966.0,73055.0,863.0,False,False
2409,2022-10-25 11:26:55.296496,-0.008720930232558044,0.0029239766081869956,-0.14999999999999858,0.04999999999999716,17.15,17.2,17.05,17.1,276.0,966.0,73055.0,863.0,False,False
2409,2022-10-25 11:26:55.316960,-0.008720930232558044,0.0029239766081869956,-0.14999999999999858,0.04999999999999716,17.15,17.2,17.05,17.1,266.0,966.0,73055.0,863.0,False,False
2409,2022-10-25 11:26:56.454894,-0.008720930232558044,0.0029239766081869956,-0.14999999999999858,0.04999999999999716,17.15,17.2,17.05,17.1,116.0,966.0,73055.0,863.0,False,False
2409,2022-10-25 11:26:56.479479,-0.008720930232558044,0.0029239766081869956,-0.14999999999999858,0.04999999999999716,17.15,17.2,17.05,17.1,116.0,966.0,73055.0,863.0,False,False
2409,2022-10-25 11:26:56.496877,-0.008720930232558044,0.0029239766081869956,-0.14999999999999858,0.04999999999999716,17.15,17.2,17.05,17.1,116.0,992.0,73055.0,863.0,False,False
2409,2022-10-25 11:26:56.659282,-0.008720930232558044,0.0029239766081869956,-0.14999999999999858,0.04999999999999716,17.15,17.2,17.05,17.1,83.0,992.0,73055.0,863.0,False,False
2409,2022-10-25 11:26:56.766505,-0.008720930232558044,0.0029239766081869956,-0.14999999999999858,0.04999999999999716,17.15,17.2,17.05,17.1,83.0,992.0,73055.0,863.0,False,False
2409,2022-10-25 11:26:56.825540,-0.008720930232558044,0.0029239766081869956,-0.14999999999999858,0.04999999999999716,17.15,17.2,17.05,17.1,82.0,992.0,73055.0,863.0,False,False
2409,2022-10-25 11:26:56.825642,-0.008720930232558044,0.0029239766081869956,-0.14999999999999858,0.04999999999999716,17.15,17.2,17.05,17.1,81.0,992.0,73055.0,863.0,False,False
2409,2022-10-25 11:26:56.899125,-0.008720930232558044,0.0029239766081869956,-0.14999999999999858,0.04999999999999716,17.15,17.2,17.05,17.1,81.0,992.0,73055.0,863.0,False,False
2409,2022-10-25 11:26:56.983372,-0.008720930232558044,0.0029239766081869956,-0.14999999999999858,0.04999999999999716,17.15,17.2,17.05,17.1,81.0,992.0,73055.0,863.0,False,False
2409,2022-10-25 11:26:57.083731,-0.008720930232558044,0.0029239766081869956,-0.14999999999999858,0.04999999999999716,17.15,17.2,17.05,17.1,81.0,992.0,73055.0,863.0,False,False
2409,2022-10-25 11:26:57.286671,-0.008720930232558044,0.0029239766081869956,-0.14999999999999858,0.04999999999999716,17.15,17.2,17.05,17.1,81.0,992.0,73055.0,863.0,False,False
2409,2022-10-25 11:26:58.017219,-0.008720930232558044,0.0029239766081869956,-0.14999999999999858,0.04999999999999716,17.15,17.2,17.05,17.1,81.0,792.0,73055.0,863.0,False,False
2409,2022-10-25 11:26:58.058364,-0.008720930232558044,0.0029239766081869956,-0.14999999999999858,0.04999999999999716,17.15,17.2,17.05,17.1,91.0,792.0,73055.0,863.0,False,False
2409,2022-10-25 11:26:58.104699,-0.008720930232558044,0.0029239766081869956,-0.14999999999999858,0.04999999999999716,17.15,17.2,17.05,17.1,115.0,826.0,73055.0,863.0,False,False
2409,2022-10-25 11:26:58.301619,-0.008720930232558044,0.0029239766081869956,-0.14999999999999858,0.04999999999999716,17.15,17.2,17.05,17.1,141.0,826.0,73055.0,863.0,False,False
2409,2022-10-25 11:26:58.829119,-0.008720930232558044,0.0029239766081869956,-0.14999999999999858,0.04999999999999716,17.15,17.2,17.05,17.1,141.0,828.0,73055.0,863.0,False,False
2409,2022-10-25 11:26:59.198271,-0.008720930232558044,0.0029239766081869956,-0.14999999999999858,0.04999999999999716,17.15,17.2,17.05,17.1,141.0,831.0,73055.0,863.0,False,False
2409,2022-10-25 11:26:59.431971,-0.008720930232558044,0.0029239766081869956,-0.14999999999999858,0.04999999999999716,17.15,17.2,17.05,17.1,141.0,831.0,73055.0,863.0,False,False
2409,2022-10-25 11:26:59.725374,-0.008720930232558044,0.0029239766081869956,-0.14999999999999858,0.04999999999999716,17.15,17.2,17.05,17.1,141.0,831.0,73055.0,863.0,False,False
2409,2022-10-25 11:27:00.964833,-0.008720930232558044,0.0029239766081869956,-0.14999999999999858,0.04999999999999716,17.15,17.2,17.05,17.1,141.0,831.0,73055.0,863.0,False,False
2409,2022-10-25 11:27:00.964837,-0.008720930232558044,0.0029239766081869956,-0.14999999999999858,0.04999999999999716,17.15,17.2,17.05,17.1,141.0,831.0,73055.0,863.0,False,False
2409,2022-10-25 11:27:01.312643,-0.008720930232558044,0.0029239766081869956,-0.14999999999999858,0.04999999999999716,17.15,17.2,17.05,17.1,141.0,831.0,73055.0,833.0,True,True
2409,2022-10-25 11:27:01.406118,-0.008720930232558044,0.0029239766081869956,-0.14999999999999858,0.04999999999999716,17.15,17.2,17.05,17.1,141.0,831.0,73055.0,833.0,False,False
2409,2022-10-25 11:27:01.428432,-0.008720930232558044,0.0029239766081869956,-0.14999999999999858,0.04999999999999716,17.15,17.2,17.05,17.1,121.0,831.0,73055.0,833.0,False,False
2409,2022-10-25 11:27:01.835441,-0.008720930232558044,0.0029239766081869956,-0.14999999999999858,0.04999999999999716,17.15,17.2,17.05,17.1,121.0,831.0,73055.0,833.0,False,False
2409,2022-10-25 11:27:03.134408,-0.008720930232558044,0.0029239766081869956,-0.14999999999999858,0.04999999999999716,17.15,17.2,17.05,17.1,121.0,831.0,73055.0,833.0,False,False
2409,2022-10-25 11:27:05.129431,-0.008720930232558044,0.0029239766081869956,-0.14999999999999858,0.04999999999999716,17.15,17.2,17.05,17.1,123.0,831.0,73055.0,833.0,False,False
2409,2022-10-25 11:27:05.304850,-0.008720930232558044,0.0029239766081869956,-0.14999999999999858,0.04999999999999716,17.15,17.2,17.05,17.1,123.0,831.0,73055.0,833.0,False,False
2409,2022-10-25 11:27:05.371769,-0.008720930232558044,0.0029239766081869956,-0.14999999999999858,0.04999999999999716,17.15,17.2,17.05,17.1,143.0,831.0,73055.0,833.0,False,False
2409,2022-10-25 11:27:05.790123,-0.008720930232558044,0.0029239766081869956,-0.14999999999999858,0.04999999999999716,17.15,17.2,17.05,17.1,143.0,830.0,73055.0,833.0,False,False
2409,2022-10-25 11:27:06.831116,-0.008720930232558044,0.0029239766081869956,-0.14999999999999858,0.04999999999999716,17.15,17.2,17.05,17.1,143.0,830.0,73055.0,833.0,False,False
2409,2022-10-25 11:27:07.129263,-0.008720930232558044,0.0029239766081869956,-0.14999999999999858,0.04999999999999716,17.15,17.2,17.05,17.1,143.0,830.0,73055.0,833.0,False,False
2409,2022-10-25 11:27:08.378929,-0.008720930232558044,0.0029239766081869956,-0.14999999999999858,0.04999999999999716,17.15,17.2,17.05,17.1,143.0,830.0,73055.0,833.0,False,False
2409,2022-10-25 11:27:08.931320,-0.008720930232558044,0.0029239766081869956,-0.14999999999999858,0.04999999999999716,17.15,17.2,17.05,17.1,143.0,829.0,73055.0,833.0,False,False
2409,2022-10-25 11:27:09.797547,-0.008720930232558044,0.0029239766081869956,-0.14999999999999858,0.04999999999999716,17.15,17.2,17.05,17.1,143.0,829.0,73055.0,833.0,False,False
2409,2022-10-25 11:27:09.941116,-0.008720930232558044,0.0029239766081869956,-0.14999999999999858,0.04999999999999716,17.15,17.2,17.05,17.1,143.0,826.0,73055.0,833.0,False,False
2409,2022-10-25 11:27:09.986139,-0.008720930232558044,0.0029239766081869956,-0.14999999999999858,0.04999999999999716,17.15,17.2,17.05,17.1,143.0,827.0,73055.0,833.0,False,False
2409,2022-10-25 11:27:10.225344,-0.008720930232558044,0.0029239766081869956,-0.14999999999999858,0.04999999999999716,17.15,17.2,17.05,17.1,143.0,827.0,73055.0,833.0,False,False
2409,2022-10-25 11:27:11.627507,-0.008720930232558044,0.0029239766081869956,-0.14999999999999858,0.04999999999999716,17.15,17.2,17.05,17.1,143.0,827.0,73055.0,833.0,False,False
2409,2022-10-25 11:27:13.386147,-0.008720930232558044,0.0029239766081869956,-0.14999999999999858,0.04999999999999716,17.15,17.2,17.05,17.1,143.0,827.0,73055.0,833.0,False,False
2409,2022-10-25 11:27:13.462558,-0.008720930232558044,0.0029239766081869956,-0.14999999999999858,0.04999999999999716,17.15,17.2,17.05,17.1,143.0,825.0,73055.0,833.0,False,False
2409,2022-10-25 11:27:14.732756,-0.008720930232558044,0.0029239766081869956,-0.14999999999999858,0.04999999999999716,17.15,17.2,17.05,17.1,143.0,825.0,73055.0,833.0,False,False
2409,2022-10-25 11:27:14.990379,-0.008720930232558044,0.0029239766081869956,-0.14999999999999858,0.04999999999999716,17.15,17.2,17.05,17.1,143.0,825.0,73055.0,833.0,False,False
2409,2022-10-25 11:27:15.343405,-0.008720930232558044,0.0029239766081869956,-0.14999999999999858,0.04999999999999716,17.15,17.2,17.05,17.1,142.0,825.0,73055.0,833.0,False,False
2409,2022-10-25 11:27:15.345570,-0.008720930232558044,0.0029239766081869956,-0.14999999999999858,0.04999999999999716,17.15,17.2,17.05,17.1,141.0,825.0,73055.0,833.0,False,False
2409,2022-10-25 11:27:16.174563,-0.008720930232558044,0.0029239766081869956,-0.14999999999999858,0.04999999999999716,17.15,17.2,17.05,17.1,141.0,825.0,73055.0,833.0,False,False
2409,2022-10-25 11:27:17.221826,-0.008720930232558044,0.0029239766081869956,-0.14999999999999858,0.04999999999999716,17.15,17.2,17.05,17.1,171.0,825.0,73055.0,833.0,False,False
2409,2022-10-25 11:27:17.897695,-0.008720930232558044,0.0029239766081869956,-0.14999999999999858,0.04999999999999716,17.15,17.2,17.05,17.1,171.0,826.0,73055.0,833.0,False,False
2409,2022-10-25 11:27:18.489393,-0.008720930232558044,0.0029239766081869956,-0.14999999999999858,0.04999999999999716,17.15,17.2,17.05,17.1,171.0,826.0,73055.0,833.0,False,False
2409,2022-10-25 11:27:18.963256,-0.008720930232558044,0.0029239766081869956,-0.14999999999999858,0.04999999999999716,17.15,17.2,17.05,17.1,171.0,829.0,73055.0,833.0,False,False
2409,2022-10-25 11:27:19.075581,-0.008720930232558044,0.0029239766081869956,-0.14999999999999858,0.04999999999999716,17.15,17.2,17.05,17.1,201.0,829.0,73055.0,833.0,False,False
2409,2022-10-25 11:27:19.928223,-0.008720930232558044,0.0029239766081869956,-0.14999999999999858,0.04999999999999716,17.15,17.2,17.05,17.1,201.0,828.0,73055.0,833.0,False,False
2409,2022-10-25 11:27:20.643438,-0.008720930232558044,0.0029239766081869956,-0.14999999999999858,0.04999999999999716,17.15,17.2,17.05,17.1,201.0,828.0,73055.0,833.0,False,False
2409,2022-10-25 11:27:20.817945,-0.008720930232558044,0.0029239766081869956,-0.14999999999999858,0.04999999999999716,17.15,17.2,17.05,17.1,201.0,828.0,73055.0,833.0,False,False
2409,2022-10-25 11:27:20.897350,-0.008720930232558044,0.0029239766081869956,-0.14999999999999858,0.04999999999999716,17.15,17.2,17.05,17.1,201.0,828.0,73055.0,833.0,False,False
2409,2022-10-25 11:27:21.180092,-0.008720930232558044,0.0029239766081869956,-0.14999999999999858,0.04999999999999716,17.15,17.2,17.05,17.1,201.0,827.0,73055.0,833.0,False,False
2409,2022-10-25 11:27:21.372888,-0.008720930232558044,0.0029239766081869956,-0.14999999999999858,0.04999999999999716,17.15,17.2,17.05,17.1,201.0,827.0,73055.0,633.0,True,True
2409,2022-10-25 11:27:21.462287,-0.008720930232558044,0.0029239766081869956,-0.14999999999999858,0.04999999999999716,17.15,17.2,17.05,17.1,201.0,825.0,73055.0,633.0,False,False
2409,2022-10-25 11:27:21.940968,-0.008720930232558044,0.0029239766081869956,-0.14999999999999858,0.04999999999999716,17.15,17.2,17.05,17.1,201.0,826.0,73055.0,633.0,False,False
2409,2022-10-25 11:27:22.926981,-0.008720930232558044,0.0029239766081869956,-0.14999999999999858,0.04999999999999716,17.15,17.2,17.05,17.1,201.0,827.0,73055.0,633.0,False,False
2409,2022-10-25 11:27:23.533080,-0.008720930232558044,0.0029239766081869956,-0.14999999999999858,0.04999999999999716,17.15,17.2,17.05,17.1,201.0,827.0,73055.0,633.0,False,False
2409,2022-10-25 11:27:24.297336,-0.008720930232558044,0.0029239766081869956,-0.14999999999999858,0.04999999999999716,17.15,17.2,17.05,17.1,202.0,827.0,73055.0,633.0,False,False
2409,2022-10-25 11:27:24.385414,-0.008720930232558044,0.0029239766081869956,-0.14999999999999858,0.04999999999999716,17.15,17.2,17.05,17.1,214.0,827.0,73055.0,633.0,False,False
2409,2022-10-25 11:27:25.026253,-0.008720930232558044,0.0029239766081869956,-0.14999999999999858,0.04999999999999716,17.15,17.2,17.05,17.1,217.0,827.0,73055.0,633.0,False,False
2409,2022-10-25 11:27:27.563141,-0.008720930232558044,0.0029239766081869956,-0.14999999999999858,0.04999999999999716,17.15,17.2,17.05,17.1,217.0,827.0,73055.0,633.0,False,False
2409,2022-10-25 11:27:27.683286,-0.008720930232558044,0.0029239766081869956,-0.14999999999999858,0.04999999999999716,17.15,17.2,17.05,17.1,218.0,827.0,73055.0,633.0,False,False
2409,2022-10-25 11:27:28.450394,-0.008720930232558044,0.0029239766081869956,-0.14999999999999858,0.04999999999999716,17.15,17.2,17.05,17.1,218.0,827.0,73055.0,633.0,False,False
2409,2022-10-25 11:27:29.384103,-0.008720930232558044,0.0029239766081869956,-0.14999999999999858,0.04999999999999716,17.15,17.2,17.05,17.1,206.0,827.0,73055.0,633.0,False,False
2409,2022-10-25 11:27:30.089325,-0.008720930232558044,0.0029239766081869956,-0.14999999999999858,0.04999999999999716,17.15,17.2,17.05,17.1,206.0,827.0,73055.0,633.0,False,False
2409,2022-10-25 11:27:31.187065,-0.008720930232558044,0.0029239766081869956,-0.14999999999999858,0.04999999999999716,17.15,17.2,17.05,17.1,206.0,827.0,73055.0,633.0,False,False
2409,2022-10-25 11:27:31.406139,-0.008720930232558044,0.0029239766081869956,-0.14999999999999858,0.04999999999999716,17.15,17.2,17.05,17.1,206.0,827.0,73055.0,633.0,False,False
2409,2022-10-25 11:27:33.239703,-0.008720930232558044,0.0029239766081869956,-0.14999999999999858,0.04999999999999716,17.15,17.2,17.05,17.1,206.0,827.0,73055.0,633.0,False,False
2409,2022-10-25 11:27:33.434146,-0.008720930232558044,0.0029239766081869956,-0.14999999999999858,0.04999999999999716,17.15,17.2,17.05,17.1,207.0,827.0,73055.0,633.0,False,False
2409,2022-10-25 11:27:33.703516,-0.008720930232558044,0.0029239766081869956,-0.14999999999999858,0.04999999999999716,17.15,17.2,17.05,17.1,207.0,827.0,73055.0,633.0,False,False
2409,2022-10-25 11:27:33.856405,-0.008720930232558044,0.0029239766081869956,-0.14999999999999858,0.04999999999999716,17.15,17.2,17.05,17.1,206.0,827.0,73055.0,633.0,False,False
2409,2022-10-25 11:27:33.858832,-0.008720930232558044,0.0029239766081869956,-0.14999999999999858,0.04999999999999716,17.15,17.2,17.05,17.1,205.0,827.0,73055.0,633.0,False,False
2409,2022-10-25 11:27:33.898778,-0.008720930232558044,0.0029239766081869956,-0.14999999999999858,0.04999999999999716,17.15,17.2,17.05,17.1,205.0,828.0,73055.0,633.0,False,False
2409,2022-10-25 11:27:34.608945,-0.008720930232558044,0.0029239766081869956,-0.14999999999999858,0.04999999999999716,17.15,17.2,17.05,17.1,205.0,828.0,73055.0,633.0,False,False
2409,2022-10-25 11:27:34.799225,-0.008720930232558044,0.0029239766081869956,-0.14999999999999858,0.04999999999999716,17.15,17.2,17.05,17.1,205.0,828.0,73055.0,633.0,False,False
2409,2022-10-25 11:27:36.445150,-0.008720930232558044,0.0029239766081869956,-0.14999999999999858,0.04999999999999716,17.15,17.2,17.05,17.1,205.0,828.0,73055.0,633.0,False,False
2409,2022-10-25 11:27:36.524454,-0.008720930232558044,0.0029239766081869956,-0.14999999999999858,0.04999999999999716,17.15,17.2,17.05,17.1,205.0,828.0,73055.0,633.0,False,False
2409,2022-10-25 11:27:38.015082,-0.008720930232558044,0.0029239766081869956,-0.14999999999999858,0.04999999999999716,17.15,17.2,17.05,17.1,185.0,828.0,73055.0,633.0,False,False
2409,2022-10-25 11:27:38.750922,-0.008720930232558044,0.0029239766081869956,-0.14999999999999858,0.04999999999999716,17.15,17.2,17.05,17.1,185.0,848.0,73055.0,633.0,False,False
2409,2022-10-25 11:27:38.950119,-0.008720930232558044,0.0029239766081869956,-0.14999999999999858,0.04999999999999716,17.15,17.2,17.05,17.1,185.0,848.0,73055.0,633.0,False,False
2409,2022-10-25 11:27:39.941873,-0.008720930232558044,0.0029239766081869956,-0.14999999999999858,0.04999999999999716,17.15,17.2,17.05,17.1,185.0,847.0,73055.0,633.0,False,False
2409,2022-10-25 11:27:39.957336,-0.008720930232558044,0.0029239766081869956,-0.14999999999999858,0.04999999999999716,17.15,17.2,17.05,17.1,185.0,844.0,73055.0,633.0,False,False
2409,2022-10-25 11:27:41.177789,-0.008720930232558044,0.0029239766081869956,-0.14999999999999858,0.04999999999999716,17.15,17.2,17.05,17.1,185.0,846.0,73055.0,633.0,False,False
2409,2022-10-25 11:27:41.445573,-0.008720930232558044,0.0029239766081869956,-0.14999999999999858,0.04999999999999716,17.15,17.2,17.05,17.1,185.0,846.0,73055.0,633.0,True,True
2409,2022-10-25 11:27:43.051088,-0.008720930232558044,0.0029239766081869956,-0.14999999999999858,0.04999999999999716,17.15,17.2,17.05,17.1,184.0,846.0,73055.0,633.0,False,False
2409,2022-10-25 11:27:43.091691,-0.008720930232558044,0.0029239766081869956,-0.14999999999999858,0.04999999999999716,17.15,17.2,17.05,17.1,184.0,846.0,73055.0,633.0,False,False
2409,2022-10-25 11:27:43.581118,-0.008720930232558044,0.0029239766081869956,-0.14999999999999858,0.04999999999999716,17.15,17.2,17.05,17.1,184.0,846.0,73055.0,633.0,False,False
2409,2022-10-25 11:27:43.653847,-0.008720930232558044,0.0029239766081869956,-0.14999999999999858,0.04999999999999716,17.15,17.2,17.05,17.1,184.0,846.0,73055.0,633.0,False,False
2409,2022-10-25 11:27:44.528196,-0.008720930232558044,0.0029239766081869956,-0.14999999999999858,0.04999999999999716,17.15,17.2,17.05,17.1,183.0,846.0,73055.0,633.0,False,False
2409,2022-10-25 11:27:44.577435,-0.008720930232558044,0.0029239766081869956,-0.14999999999999858,0.04999999999999716,17.15,17.2,17.05,17.1,183.0,847.0,73055.0,633.0,False,False
2409,2022-10-25 11:27:45.734957,-0.008720930232558044,0.0029239766081869956,-0.14999999999999858,0.04999999999999716,17.15,17.2,17.05,17.1,183.0,847.0,73055.0,633.0,False,False
2409,2022-10-25 11:27:51.058219,-0.008720930232558044,0.0029239766081869956,-0.14999999999999858,0.04999999999999716,17.15,17.2,17.05,17.1,183.0,847.0,73055.0,633.0,False,False
2409,2022-10-25 11:27:51.473505,-0.008720930232558044,0.0029239766081869956,-0.14999999999999858,0.04999999999999716,17.15,17.2,17.05,17.1,183.0,847.0,73055.0,532.0,True,True
2409,2022-10-25 11:27:51.855514,-0.008720930232558044,0.0029239766081869956,-0.14999999999999858,0.04999999999999716,17.15,17.2,17.05,17.1,183.0,847.0,73055.0,532.0,False,False
2409,2022-10-25 11:27:52.378614,-0.008720930232558044,0.0029239766081869956,-0.14999999999999858,0.04999999999999716,17.15,17.2,17.05,17.1,182.0,847.0,73055.0,532.0,False,False
2409,2022-10-25 11:27:52.380305,-0.008720930232558044,0.0029239766081869956,-0.14999999999999858,0.04999999999999716,17.15,17.2,17.05,17.1,181.0,847.0,73055.0,532.0,False,False
2409,2022-10-25 11:27:53.085005,-0.008720930232558044,0.0029239766081869956,-0.14999999999999858,0.04999999999999716,17.15,17.2,17.05,17.1,186.0,847.0,73055.0,532.0,False,False
2409,2022-10-25 11:27:55.311711,-0.008720930232558044,0.0029239766081869956,-0.14999999999999858,0.04999999999999716,17.15,17.2,17.05,17.1,186.0,847.0,73055.0,532.0,False,False
2409,2022-10-25 11:27:55.356053,-0.008720930232558044,0.0029239766081869956,-0.14999999999999858,0.04999999999999716,17.15,17.2,17.05,17.1,186.0,847.0,73055.0,532.0,False,False
2409,2022-10-25 11:27:55.489636,-0.008720930232558044,0.0029239766081869956,-0.14999999999999858,0.04999999999999716,17.15,17.2,17.05,17.1,186.0,848.0,73055.0,532.0,False,False
2409,2022-10-25 11:27:56.380523,-0.008720930232558044,0.0029239766081869956,-0.14999999999999858,0.04999999999999716,17.15,17.2,17.05,17.1,186.0,848.0,73055.0,532.0,False,False
2409,2022-10-25 11:27:56.732473,-0.008720930232558044,0.0029239766081869956,-0.14999999999999858,0.04999999999999716,17.15,17.2,17.05,17.1,186.0,849.0,73055.0,532.0,False,False
2409,2022-10-25 11:27:59.251884,-0.008720930232558044,0.0029239766081869956,-0.14999999999999858,0.04999999999999716,17.15,17.2,17.05,17.1,186.0,849.0,73055.0,532.0,False,False
2409,2022-10-25 11:28:00.618657,-0.008720930232558044,0.0029239766081869956,-0.14999999999999858,0.04999999999999716,17.15,17.2,17.05,17.1,186.0,849.0,73055.0,532.0,False,False
2409,2022-10-25 11:28:01.501577,-0.005813953488371992,0.0,-0.09999999999999787,0.0,17.15,17.2,17.1,17.15,186.0,849.0,68.0,7331.0,True,True
2409,2022-10-25 11:28:03.068497,-0.005813953488371992,0.0,-0.09999999999999787,0.0,17.15,17.2,17.1,17.15,186.0,849.0,68.0,7331.0,False,False
2409,2022-10-25 11:28:04.821481,-0.005813953488371992,0.0,-0.09999999999999787,0.0,17.15,17.2,17.1,17.15,186.0,849.0,68.0,7331.0,False,False
2409,2022-10-25 11:28:05.208826,-0.005813953488371992,0.0,-0.09999999999999787,0.0,17.15,17.2,17.1,17.15,186.0,849.0,68.0,7331.0,False,False
2409,2022-10-25 11:28:08.860869,-0.005813953488371992,0.0,-0.09999999999999787,0.0,17.15,17.2,17.1,17.15,186.0,849.0,68.0,7331.0,False,False
2409,2022-10-25 11:28:09.130375,-0.005813953488371992,0.0,-0.09999999999999787,0.0,17.15,17.2,17.1,17.15,186.0,848.0,68.0,7331.0,False,False
2409,2022-10-25 11:28:09.911396,-0.005813953488371992,0.0,-0.09999999999999787,0.0,17.15,17.2,17.1,17.15,186.0,845.0,68.0,7331.0,False,False
2409,2022-10-25 11:28:10.041266,-0.005813953488371992,0.0,-0.09999999999999787,0.0,17.15,17.2,17.1,17.15,186.0,846.0,68.0,7331.0,False,False
2409,2022-10-25 11:28:10.905604,-0.005813953488371992,0.0,-0.09999999999999787,0.0,17.15,17.2,17.1,17.15,185.0,846.0,68.0,7331.0,False,False
2409,2022-10-25 11:28:10.907421,-0.005813953488371992,0.0,-0.09999999999999787,0.0,17.15,17.2,17.1,17.15,184.0,846.0,68.0,7331.0,False,False
2409,2022-10-25 11:28:11.127484,-0.005813953488371992,0.0,-0.09999999999999787,0.0,17.15,17.2,17.1,17.15,184.0,846.0,68.0,7331.0,False,True
2409,2022-10-25 11:28:12.651923,-0.005813953488371992,0.0,-0.09999999999999787,0.0,17.15,17.2,17.1,17.15,184.0,846.0,68.0,7331.0,False,False
2409,2022-10-25 11:28:12.811733,-0.005813953488371992,0.0,-0.09999999999999787,0.0,17.15,17.2,17.1,17.15,184.0,840.0,68.0,7331.0,False,False
2409,2022-10-25 11:28:12.933505,-0.005813953488371992,0.0,-0.09999999999999787,0.0,17.15,17.2,17.1,17.15,184.0,835.0,68.0,7331.0,False,False
2409,2022-10-25 11:28:12.965841,-0.005813953488371992,0.0,-0.09999999999999787,0.0,17.15,17.2,17.1,17.15,184.0,836.0,68.0,7331.0,False,False
2409,2022-10-25 11:28:13.071017,-0.005813953488371992,0.0,-0.09999999999999787,0.0,17.15,17.2,17.1,17.15,184.0,837.0,68.0,7331.0,False,False
2409,2022-10-25 11:28:15.200671,-0.005813953488371992,0.0,-0.09999999999999787,0.0,17.15,17.2,17.1,17.15,185.0,837.0,68.0,7331.0,False,False
2409,2022-10-25 11:28:16.769676,-0.005813953488371992,0.0,-0.09999999999999787,0.0,17.15,17.2,17.1,17.15,186.0,837.0,68.0,7331.0,False,False
2409,2022-10-25 11:28:17.857914,-0.005813953488371992,0.0,-0.09999999999999787,0.0,17.15,17.2,17.1,17.15,186.0,837.0,68.0,7331.0,False,False
2409,2022-10-25 11:28:17.861567,-0.005813953488371992,0.0,-0.09999999999999787,0.0,17.15,17.2,17.1,17.15,190.0,837.0,68.0,7331.0,False,False
2409,2022-10-25 11:28:18.297367,-0.005813953488371992,0.0,-0.09999999999999787,0.0,17.15,17.2,17.1,17.15,190.0,837.0,68.0,7331.0,False,False
2409,2022-10-25 11:28:18.441824,-0.005813953488371992,0.0,-0.09999999999999787,0.0,17.15,17.2,17.1,17.15,190.0,837.0,68.0,7331.0,False,False
2409,2022-10-25 11:28:18.449165,-0.005813953488371992,0.0,-0.09999999999999787,0.0,17.15,17.2,17.1,17.15,190.0,831.0,68.0,7331.0,False,False
2409,2022-10-25 11:28:18.556595,-0.005813953488371992,0.0,-0.09999999999999787,0.0,17.15,17.2,17.1,17.15,190.0,825.0,68.0,7331.0,False,False
2409,2022-10-25 11:28:18.568895,-0.005813953488371992,0.0,-0.09999999999999787,0.0,17.15,17.2,17.1,17.15,190.0,826.0,68.0,7331.0,False,False
2409,2022-10-25 11:28:18.687795,-0.005813953488371992,0.0,-0.09999999999999787,0.0,17.15,17.2,17.1,17.15,190.0,827.0,68.0,7331.0,False,False
2409,2022-10-25 11:28:18.729390,-0.005813953488371992,0.0,-0.09999999999999787,0.0,17.15,17.2,17.1,17.15,190.0,827.0,68.0,7331.0,False,False
2409,2022-10-25 11:28:18.786637,-0.005813953488371992,0.0,-0.09999999999999787,0.0,17.15,17.2,17.1,17.15,190.0,826.0,68.0,7331.0,False,False
2409,2022-10-25 11:28:18.878772,-0.005813953488371992,0.0,-0.09999999999999787,0.0,17.15,17.2,17.1,17.15,242.0,826.0,68.0,7331.0,False,False
2409,2022-10-25 11:28:18.879196,-0.005813953488371992,0.0,-0.09999999999999787,0.0,17.15,17.2,17.1,17.15,242.0,826.0,68.0,7331.0,False,False
2409,2022-10-25 11:28:18.963090,-0.005813953488371992,0.0,-0.09999999999999787,0.0,17.15,17.2,17.1,17.15,236.0,833.0,68.0,7331.0,False,False
2409,2022-10-25 11:28:18.952030,-0.005813953488371992,0.0,-0.09999999999999787,0.0,17.15,17.2,17.1,17.15,238.0,833.0,68.0,7331.0,False,False
2409,2022-10-25 11:28:21.154491,-0.005813953488371992,0.0,-0.09999999999999787,0.0,17.15,17.2,17.1,17.15,238.0,833.0,168.0,7331.0,True,True
2409,2022-10-25 11:28:21.703226,-0.005813953488371992,0.0,-0.09999999999999787,0.0,17.15,17.2,17.1,17.15,236.0,833.0,168.0,7331.0,False,False
2409,2022-10-25 11:28:25.154940,-0.005813953488371992,0.0,-0.09999999999999787,0.0,17.15,17.2,17.1,17.15,184.0,833.0,168.0,7331.0,False,False
2409,2022-10-25 11:28:25.283136,-0.005813953488371992,0.0,-0.09999999999999787,0.0,17.15,17.2,17.1,17.15,184.0,833.0,168.0,7331.0,False,False
2409,2022-10-25 11:28:25.814634,-0.005813953488371992,0.0,-0.09999999999999787,0.0,17.15,17.2,17.1,17.15,184.0,833.0,168.0,7331.0,False,False
2409,2022-10-25 11:28:26.054128,-0.005813953488371992,0.0,-0.09999999999999787,0.0,17.15,17.2,17.1,17.15,189.0,833.0,168.0,7331.0,False,False
2409,2022-10-25 11:28:26.368029,-0.005813953488371992,0.0,-0.09999999999999787,0.0,17.15,17.2,17.1,17.15,189.0,833.0,168.0,7331.0,False,False
2409,2022-10-25 11:28:28.581756,-0.005813953488371992,0.0,-0.09999999999999787,0.0,17.15,17.2,17.1,17.15,189.0,833.0,168.0,7331.0,False,False
2409,2022-10-25 11:28:29.421857,-0.005813953488371992,0.0,-0.09999999999999787,0.0,17.15,17.2,17.1,17.15,188.0,833.0,168.0,7331.0,False,False
2409,2022-10-25 11:28:29.423463,-0.005813953488371992,0.0,-0.09999999999999787,0.0,17.15,17.2,17.1,17.15,187.0,833.0,168.0,7331.0,False,False
2409,2022-10-25 11:28:29.470574,-0.005813953488371992,0.0,-0.09999999999999787,0.0,17.15,17.2,17.1,17.15,187.0,834.0,168.0,7331.0,False,False
