symbol,datetime,NaOb_r,NbOa_r,NaOb_s,NbOa_s,bid1,ask1,odd_bid1,odd_ask1,bidQty1,askQty1,odd_bidQty1,odd_askQty1,simulate,triggerbyOdd
2603,2022-10-25 11:21:38.809218,-0.007194244604316502,0.0,-1.0,0.0,138.5,139.0,138.0,138.5,97.0,885.0,30177.0,12763.0,True,True
2603,2022-10-25 11:21:39.230786,-0.007194244604316502,0.0,-1.0,0.0,138.5,139.0,138.0,138.5,97.0,885.0,30177.0,12763.0,False,False
2603,2022-10-25 11:21:39.746606,-0.007194244604316502,0.0,-1.0,0.0,138.5,139.0,138.0,138.5,97.0,885.0,30177.0,12763.0,False,False
2603,2022-10-25 11:21:39.748109,-0.007194244604316502,0.0,-1.0,0.0,138.5,139.0,138.0,138.5,97.0,885.0,30177.0,12763.0,False,False
2603,2022-10-25 11:21:40.639294,-0.007194244604316502,0.0,-1.0,0.0,138.5,139.0,138.0,138.5,97.0,885.0,30177.0,12763.0,False,False
2603,2022-10-25 11:21:40.744888,-0.007194244604316502,0.0,-1.0,0.0,138.5,139.0,138.0,138.5,97.0,885.0,30177.0,12763.0,False,False
2603,2022-10-25 11:21:40.906578,-0.007194244604316502,0.0,-1.0,0.0,138.5,139.0,138.0,138.5,97.0,885.0,30177.0,12763.0,False,False
2603,2022-10-25 11:21:40.908310,-0.007194244604316502,0.0,-1.0,0.0,138.5,139.0,138.0,138.5,97.0,885.0,30177.0,12763.0,False,False
2603,2022-10-25 11:21:41.585076,-0.007194244604316502,0.0,-1.0,0.0,138.5,139.0,138.0,138.5,97.0,885.0,30177.0,12763.0,False,False
2603,2022-10-25 11:21:42.513140,-0.007194244604316502,0.0,-1.0,0.0,138.5,139.0,138.0,138.5,97.0,885.0,30177.0,12763.0,False,False
2603,2022-10-25 11:21:42.591671,-0.007194244604316502,0.0,-1.0,0.0,138.5,139.0,138.0,138.5,97.0,885.0,30177.0,12763.0,False,False
2603,2022-10-25 11:21:42.782994,-0.007194244604316502,0.0,-1.0,0.0,138.5,139.0,138.0,138.5,97.0,885.0,30177.0,12763.0,False,False
2603,2022-10-25 11:21:42.951388,-0.007194244604316502,0.0,-1.0,0.0,138.5,139.0,138.0,138.5,97.0,885.0,30177.0,12763.0,False,False
2603,2022-10-25 11:21:43.132287,-0.007194244604316502,0.0,-1.0,0.0,138.5,139.0,138.0,138.5,97.0,885.0,30177.0,12763.0,False,False
2603,2022-10-25 11:21:44.987721,-0.007194244604316502,0.0,-1.0,0.0,138.5,139.0,138.0,138.5,97.0,885.0,30177.0,12763.0,False,False
2603,2022-10-25 11:21:45.576332,-0.007194244604316502,0.0,-1.0,0.0,138.5,139.0,138.0,138.5,97.0,885.0,30177.0,12763.0,False,False
2603,2022-10-25 11:21:45.761606,-0.007194244604316502,0.0,-1.0,0.0,138.5,139.0,138.0,138.5,97.0,885.0,30177.0,12763.0,False,False
2603,2022-10-25 11:21:45.931145,-0.007194244604316502,0.0,-1.0,0.0,138.5,139.0,138.0,138.5,97.0,885.0,30177.0,12763.0,False,False
2603,2022-10-25 11:21:46.258874,-0.007194244604316502,0.0,-1.0,0.0,138.5,139.0,138.0,138.5,97.0,885.0,30177.0,12763.0,False,False
2603,2022-10-25 11:21:46.516073,-0.007194244604316502,0.0,-1.0,0.0,138.5,139.0,138.0,138.5,97.0,885.0,30177.0,12763.0,False,False
2603,2022-10-25 11:21:47.471863,-0.007194244604316502,0.0,-1.0,0.0,138.5,139.0,138.0,138.5,97.0,885.0,30177.0,12763.0,False,False
2603,2022-10-25 11:21:47.603305,-0.007194244604316502,0.0,-1.0,0.0,138.5,139.0,138.0,138.5,97.0,885.0,30177.0,12763.0,False,False
2603,2022-10-25 11:21:47.751295,-0.007194244604316502,0.0,-1.0,0.0,138.5,139.0,138.0,138.5,97.0,885.0,30177.0,12763.0,False,False
2603,2022-10-25 11:21:48.189878,-0.007194244604316502,0.0,-1.0,0.0,138.5,139.0,138.0,138.5,97.0,885.0,30177.0,12763.0,False,False
2603,2022-10-25 11:21:48.369687,-0.007194244604316502,0.0,-1.0,0.0,138.5,139.0,138.0,138.5,97.0,885.0,30177.0,12763.0,False,False
2603,2022-10-25 11:21:48.821278,-0.007194244604316502,0.0,-1.0,0.0,138.5,139.0,138.0,138.5,97.0,885.0,30177.0,12763.0,False,False
2603,2022-10-25 11:21:48.874249,-0.007194244604316502,0.0,-1.0,0.0,138.5,139.0,138.0,138.5,97.0,885.0,30180.0,12763.0,True,True
2603,2022-10-25 11:21:49.432264,-0.007194244604316502,0.0,-1.0,0.0,138.5,139.0,138.0,138.5,97.0,886.0,30180.0,12763.0,False,False
2603,2022-10-25 11:21:49.498649,-0.007194244604316502,0.0,-1.0,0.0,138.5,139.0,138.0,138.5,97.0,886.0,30180.0,12763.0,False,False
2603,2022-10-25 11:21:49.849176,-0.007194244604316502,0.0,-1.0,0.0,138.5,139.0,138.0,138.5,97.0,886.0,30180.0,12763.0,False,False
2603,2022-10-25 11:21:50.220953,-0.007194244604316502,0.0,-1.0,0.0,138.5,139.0,138.0,138.5,97.0,886.0,30180.0,12763.0,False,False
2603,2022-10-25 11:21:50.261063,-0.007194244604316502,0.0,-1.0,0.0,138.5,139.0,138.0,138.5,97.0,886.0,30180.0,12763.0,False,False
2603,2022-10-25 11:21:51.052185,-0.007194244604316502,0.0,-1.0,0.0,138.5,139.0,138.0,138.5,97.0,886.0,30180.0,12763.0,False,False
2603,2022-10-25 11:21:51.468151,-0.007194244604316502,0.0,-1.0,0.0,138.5,139.0,138.0,138.5,97.0,886.0,30180.0,12763.0,False,False
2603,2022-10-25 11:21:51.469936,-0.007194244604316502,0.0,-1.0,0.0,138.5,139.0,138.0,138.5,97.0,886.0,30180.0,12763.0,False,False
2603,2022-10-25 11:21:52.526718,-0.007194244604316502,0.0,-1.0,0.0,138.5,139.0,138.0,138.5,97.0,886.0,30180.0,12763.0,False,False
2603,2022-10-25 11:21:52.598990,-0.007194244604316502,0.0,-1.0,0.0,138.5,139.0,138.0,138.5,97.0,885.0,30180.0,12763.0,False,False
2603,2022-10-25 11:21:52.631516,-0.007194244604316502,0.0,-1.0,0.0,138.5,139.0,138.0,138.5,97.0,885.0,30180.0,12763.0,False,False
2603,2022-10-25 11:21:52.908834,-0.007194244604316502,0.0,-1.0,0.0,138.5,139.0,138.0,138.5,129.0,885.0,30180.0,12763.0,False,False
2603,2022-10-25 11:21:53.179002,-0.007194244604316502,0.0,-1.0,0.0,138.5,139.0,138.0,138.5,129.0,885.0,30180.0,12763.0,False,False
2603,2022-10-25 11:21:53.207386,-0.007194244604316502,0.0,-1.0,0.0,138.5,139.0,138.0,138.5,133.0,885.0,30180.0,12763.0,False,False
2603,2022-10-25 11:21:53.309938,-0.007194244604316502,0.0,-1.0,0.0,138.5,139.0,138.0,138.5,133.0,885.0,30180.0,12763.0,False,False
2603,2022-10-25 11:21:53.518014,-0.007194244604316502,0.0,-1.0,0.0,138.5,139.0,138.0,138.5,133.0,885.0,30180.0,12763.0,False,False
2603,2022-10-25 11:21:53.887235,-0.007194244604316502,0.0,-1.0,0.0,138.5,139.0,138.0,138.5,133.0,885.0,30180.0,12763.0,False,False
2603,2022-10-25 11:21:53.887844,-0.007194244604316502,0.0,-1.0,0.0,138.5,139.0,138.0,138.5,131.0,885.0,30180.0,12763.0,False,False
2603,2022-10-25 11:21:53.959635,-0.007194244604316502,0.0,-1.0,0.0,138.5,139.0,138.0,138.5,131.0,885.0,30180.0,12763.0,False,False
2603,2022-10-25 11:21:54.123788,-0.007194244604316502,0.0,-1.0,0.0,138.5,139.0,138.0,138.5,131.0,885.0,30180.0,12763.0,False,False
2603,2022-10-25 11:21:54.336842,-0.007194244604316502,0.0,-1.0,0.0,138.5,139.0,138.0,138.5,131.0,885.0,30180.0,12763.0,False,False
2603,2022-10-25 11:21:54.616368,-0.007194244604316502,0.0,-1.0,0.0,138.5,139.0,138.0,138.5,131.0,885.0,30180.0,12763.0,False,False
2603,2022-10-25 11:21:54.757894,-0.007194244604316502,0.0,-1.0,0.0,138.5,139.0,138.0,138.5,131.0,885.0,30180.0,12763.0,False,False
2603,2022-10-25 11:21:54.788705,-0.007194244604316502,0.0,-1.0,0.0,138.5,139.0,138.0,138.5,134.0,885.0,30180.0,12763.0,False,False
2603,2022-10-25 11:21:54.896717,-0.007194244604316502,0.0,-1.0,0.0,138.5,139.0,138.0,138.5,134.0,885.0,30180.0,12763.0,False,False
2603,2022-10-25 11:21:55.017306,-0.007194244604316502,0.0,-1.0,0.0,138.5,139.0,138.0,138.5,134.0,885.0,30180.0,12763.0,False,False
2603,2022-10-25 11:21:55.165105,-0.007194244604316502,0.0,-1.0,0.0,138.5,139.0,138.0,138.5,131.0,885.0,30180.0,12763.0,False,False
2603,2022-10-25 11:21:55.302004,-0.007194244604316502,0.0,-1.0,0.0,138.5,139.0,138.0,138.5,131.0,885.0,30180.0,12763.0,False,False
2603,2022-10-25 11:21:56.419587,-0.007194244604316502,0.0,-1.0,0.0,138.5,139.0,138.0,138.5,131.0,885.0,30180.0,12763.0,False,False
2603,2022-10-25 11:21:57.579298,-0.007194244604316502,0.0,-1.0,0.0,138.5,139.0,138.0,138.5,131.0,902.0,30180.0,12763.0,False,False
2603,2022-10-25 11:21:57.678739,-0.007194244604316502,0.0,-1.0,0.0,138.5,139.0,138.0,138.5,131.0,902.0,30180.0,12763.0,False,False
2603,2022-10-25 11:21:57.967187,-0.007194244604316502,0.0,-1.0,0.0,138.5,139.0,138.0,138.5,131.0,902.0,30180.0,12763.0,False,False
2603,2022-10-25 11:21:58.195784,-0.007194244604316502,0.0,-1.0,0.0,138.5,139.0,138.0,138.5,131.0,902.0,30180.0,12763.0,False,False
2603,2022-10-25 11:21:58.276807,-0.007194244604316502,0.0,-1.0,0.0,138.5,139.0,138.0,138.5,131.0,902.0,30180.0,12763.0,False,False
2603,2022-10-25 11:21:58.340374,-0.007194244604316502,0.0,-1.0,0.0,138.5,139.0,138.0,138.5,131.0,902.0,30180.0,12763.0,False,False
2603,2022-10-25 11:21:58.485158,-0.007194244604316502,0.0,-1.0,0.0,138.5,139.0,138.0,138.5,131.0,902.0,30180.0,12763.0,False,False
2603,2022-10-25 11:21:58.669301,-0.007194244604316502,0.0,-1.0,0.0,138.5,139.0,138.0,138.5,131.0,902.0,30180.0,12763.0,False,False
2603,2022-10-25 11:21:58.912178,-0.007194244604316502,0.0,-1.0,0.0,138.5,139.0,138.0,138.5,131.0,902.0,30180.0,12763.0,True,True
2603,2022-10-25 11:21:59.317405,-0.007194244604316502,0.0,-1.0,0.0,138.5,139.0,138.0,138.5,131.0,902.0,30180.0,12763.0,False,False
2603,2022-10-25 11:21:59.409407,-0.007194244604316502,0.0,-1.0,0.0,138.5,139.0,138.0,138.5,130.0,902.0,30180.0,12763.0,False,False
2603,2022-10-25 11:21:59.375214,-0.007194244604316502,0.0,-1.0,0.0,138.5,139.0,138.0,138.5,131.0,902.0,30180.0,12763.0,False,False
2603,2022-10-25 11:21:59.484295,-0.007194244604316502,0.0,-1.0,0.0,138.5,139.0,138.0,138.5,130.0,902.0,30180.0,12763.0,False,False
2603,2022-10-25 11:21:59.585994,-0.007194244604316502,0.0,-1.0,0.0,138.5,139.0,138.0,138.5,130.0,902.0,30180.0,12763.0,False,False
2603,2022-10-25 11:21:59.727484,-0.007194244604316502,0.0,-1.0,0.0,138.5,139.0,138.0,138.5,130.0,902.0,30180.0,12763.0,False,False
2603,2022-10-25 11:21:59.938757,-0.007194244604316502,0.0,-1.0,0.0,138.5,139.0,138.0,138.5,130.0,902.0,30180.0,12763.0,False,False
2603,2022-10-25 11:22:00.450416,-0.007194244604316502,0.0,-1.0,0.0,138.5,139.0,138.0,138.5,130.0,902.0,30180.0,12763.0,False,False
2603,2022-10-25 11:22:01.107368,-0.007194244604316502,0.0,-1.0,0.0,138.5,139.0,138.0,138.5,129.0,901.0,30180.0,12763.0,False,False
2603,2022-10-25 11:22:01.419901,-0.007194244604316502,0.0,-1.0,0.0,138.5,139.0,138.0,138.5,129.0,901.0,30180.0,12763.0,False,False
2603,2022-10-25 11:22:02.281959,-0.007194244604316502,0.0,-1.0,0.0,138.5,139.0,138.0,138.5,129.0,901.0,30180.0,12763.0,False,False
2603,2022-10-25 11:22:02.540856,-0.007194244604316502,0.0,-1.0,0.0,138.5,139.0,138.0,138.5,129.0,901.0,30180.0,12763.0,False,False
2603,2022-10-25 11:22:02.542398,-0.007194244604316502,0.0,-1.0,0.0,138.5,139.0,138.0,138.5,128.0,900.0,30180.0,12763.0,False,False
2603,2022-10-25 11:22:02.645668,-0.007194244604316502,0.0,-1.0,0.0,138.5,139.0,138.0,138.5,128.0,900.0,30180.0,12763.0,False,False
2603,2022-10-25 11:22:02.711207,-0.007194244604316502,0.0,-1.0,0.0,138.5,139.0,138.0,138.5,128.0,900.0,30180.0,12763.0,False,False
2603,2022-10-25 11:22:02.781719,-0.007194244604316502,0.0,-1.0,0.0,138.5,139.0,138.0,138.5,128.0,900.0,30180.0,12763.0,False,False
2603,2022-10-25 11:22:02.851123,-0.007194244604316502,0.0,-1.0,0.0,138.5,139.0,138.0,138.5,128.0,900.0,30180.0,12763.0,False,False
2603,2022-10-25 11:22:03.556931,-0.007194244604316502,0.0,-1.0,0.0,138.5,139.0,138.0,138.5,128.0,900.0,30180.0,12763.0,False,False
2603,2022-10-25 11:22:03.584496,-0.007194244604316502,0.0,-1.0,0.0,138.5,139.0,138.0,138.5,131.0,900.0,30180.0,12763.0,False,False
2603,2022-10-25 11:22:04.171870,-0.007194244604316502,0.0,-1.0,0.0,138.5,139.0,138.0,138.5,131.0,900.0,30180.0,12763.0,False,False
2603,2022-10-25 11:22:05.046623,-0.007194244604316502,0.0,-1.0,0.0,138.5,139.0,138.0,138.5,131.0,899.0,30180.0,12763.0,False,False
2603,2022-10-25 11:22:05.509327,-0.007194244604316502,0.0,-1.0,0.0,138.5,139.0,138.0,138.5,131.0,899.0,30180.0,12763.0,False,False
2603,2022-10-25 11:22:05.797175,-0.007194244604316502,0.0,-1.0,0.0,138.5,139.0,138.0,138.5,131.0,900.0,30180.0,12763.0,False,False
2603,2022-10-25 11:22:07.035932,-0.007194244604316502,0.0,-1.0,0.0,138.5,139.0,138.0,138.5,131.0,900.0,30180.0,12763.0,False,False
2603,2022-10-25 11:22:07.880691,-0.007194244604316502,0.0,-1.0,0.0,138.5,139.0,138.0,138.5,131.0,900.0,30180.0,12763.0,False,False
2603,2022-10-25 11:22:08.153276,-0.007194244604316502,0.0,-1.0,0.0,138.5,139.0,138.0,138.5,131.0,900.0,30180.0,13163.0,False,True
2603,2022-10-25 11:22:09.744729,-0.007194244604316502,0.0,-1.0,0.0,138.5,139.0,138.0,138.5,131.0,900.0,30180.0,13163.0,False,False
2603,2022-10-25 11:22:10.121079,-0.007194244604316502,0.0,-1.0,0.0,138.5,139.0,138.0,138.5,131.0,900.0,30180.0,13163.0,False,False
2603,2022-10-25 11:22:13.053097,-0.007194244604316502,0.0,-1.0,0.0,138.5,139.0,138.0,138.5,136.0,900.0,30180.0,13163.0,False,False
2603,2022-10-25 11:22:14.333435,-0.007194244604316502,0.0,-1.0,0.0,138.5,139.0,138.0,138.5,156.0,900.0,30180.0,13163.0,False,False
2603,2022-10-25 11:22:14.366419,-0.007194244604316502,0.0,-1.0,0.0,138.5,139.0,138.0,138.5,156.0,900.0,30180.0,13163.0,False,False
2603,2022-10-25 11:22:14.802326,-0.007194244604316502,0.0,-1.0,0.0,138.5,139.0,138.0,138.5,156.0,904.0,30180.0,13163.0,False,False
2603,2022-10-25 11:22:16.235820,-0.007194244604316502,0.0,-1.0,0.0,138.5,139.0,138.0,138.5,156.0,906.0,30180.0,13163.0,False,False
2603,2022-10-25 11:22:16.535517,-0.007194244604316502,0.0,-1.0,0.0,138.5,139.0,138.0,138.5,156.0,908.0,30180.0,13163.0,False,False
2603,2022-10-25 11:22:16.712943,-0.007194244604316502,0.0,-1.0,0.0,138.5,139.0,138.0,138.5,156.0,908.0,30180.0,13163.0,False,False
2603,2022-10-25 11:22:17.418485,-0.007194244604316502,0.0,-1.0,0.0,138.5,139.0,138.0,138.5,156.0,908.0,30180.0,13163.0,False,False
2603,2022-10-25 11:22:17.631599,-0.007194244604316502,0.0,-1.0,0.0,138.5,139.0,138.0,138.5,158.0,908.0,30180.0,13163.0,False,False
2603,2022-10-25 11:22:17.637540,-0.007194244604316502,0.0,-1.0,0.0,138.5,139.0,138.0,138.5,155.0,908.0,30180.0,13163.0,False,False
2603,2022-10-25 11:22:17.767462,-0.007194244604316502,0.0,-1.0,0.0,138.5,139.0,138.0,138.5,158.0,908.0,30180.0,13163.0,False,False
2603,2022-10-25 11:22:18.192407,-0.007194244604316502,0.0,-1.0,0.0,138.5,139.0,138.0,138.5,158.0,908.0,28180.0,11563.0,True,True
2603,2022-10-25 11:22:19.400172,-0.007194244604316502,0.0,-1.0,0.0,138.5,139.0,138.0,138.5,168.0,908.0,28180.0,11563.0,False,False
2603,2022-10-25 11:22:20.007839,-0.007194244604316502,0.0,-1.0,0.0,138.5,139.0,138.0,138.5,165.0,908.0,28180.0,11563.0,False,False
2603,2022-10-25 11:22:20.008740,-0.007194244604316502,0.0,-1.0,0.0,138.5,139.0,138.0,138.5,163.0,908.0,28180.0,11563.0,False,False
2603,2022-10-25 11:22:20.090870,-0.007194244604316502,0.0,-1.0,0.0,138.5,139.0,138.0,138.5,163.0,908.0,28180.0,11563.0,False,False
2603,2022-10-25 11:22:20.235776,-0.007194244604316502,0.0,-1.0,0.0,138.5,139.0,138.0,138.5,163.0,908.0,28180.0,11563.0,False,False
2603,2022-10-25 11:22:20.449645,-0.007194244604316502,0.0,-1.0,0.0,138.5,139.0,138.0,138.5,163.0,908.0,28180.0,11563.0,False,False
2603,2022-10-25 11:22:20.988856,-0.007194244604316502,0.0,-1.0,0.0,138.5,139.0,138.0,138.5,163.0,908.0,28180.0,11563.0,False,False
2603,2022-10-25 11:22:21.147261,-0.007194244604316502,0.0,-1.0,0.0,138.5,139.0,138.0,138.5,163.0,908.0,28180.0,11563.0,False,False
2603,2022-10-25 11:22:21.149403,-0.007194244604316502,0.0,-1.0,0.0,138.5,139.0,138.0,138.5,165.0,908.0,28180.0,11563.0,False,False
2603,2022-10-25 11:22:21.311467,-0.007194244604316502,0.0,-1.0,0.0,138.5,139.0,138.0,138.5,165.0,908.0,28180.0,11563.0,False,False
2603,2022-10-25 11:22:21.321921,-0.007194244604316502,0.0,-1.0,0.0,138.5,139.0,138.0,138.5,165.0,907.0,28180.0,11563.0,False,False
2603,2022-10-25 11:22:21.315588,-0.007194244604316502,0.0,-1.0,0.0,138.5,139.0,138.0,138.5,165.0,908.0,28180.0,11563.0,False,False
2603,2022-10-25 11:22:21.338770,-0.007194244604316502,0.0,-1.0,0.0,138.5,139.0,138.0,138.5,165.0,899.0,28180.0,11563.0,False,False
2603,2022-10-25 11:22:21.338443,-0.007194244604316502,0.0,-1.0,0.0,138.5,139.0,138.0,138.5,165.0,907.0,28180.0,11563.0,False,False
2603,2022-10-25 11:22:21.450914,-0.007194244604316502,0.0,-1.0,0.0,138.5,139.0,138.0,138.5,166.0,899.0,28180.0,11563.0,False,False
2603,2022-10-25 11:22:21.545198,-0.007194244604316502,0.0,-1.0,0.0,138.5,139.0,138.0,138.5,166.0,899.0,28180.0,11563.0,False,False
2603,2022-10-25 11:22:21.560511,-0.007194244604316502,0.0,-1.0,0.0,138.5,139.0,138.0,138.5,168.0,899.0,28180.0,11563.0,False,False
2603,2022-10-25 11:22:21.690438,-0.007194244604316502,0.0,-1.0,0.0,138.5,139.0,138.0,138.5,170.0,899.0,28180.0,11563.0,False,False
2603,2022-10-25 11:22:21.748368,-0.007194244604316502,0.0,-1.0,0.0,138.5,139.0,138.0,138.5,176.0,899.0,28180.0,11563.0,False,False
2603,2022-10-25 11:22:21.975493,-0.007194244604316502,0.0,-1.0,0.0,138.5,139.0,138.0,138.5,265.0,899.0,28180.0,11563.0,False,False
2603,2022-10-25 11:22:22.368812,-0.007194244604316502,0.0,-1.0,0.0,138.5,139.0,138.0,138.5,259.0,899.0,28180.0,11563.0,False,False
2603,2022-10-25 11:22:22.517727,-0.007194244604316502,0.0,-1.0,0.0,138.5,139.0,138.0,138.5,261.0,899.0,28180.0,11563.0,False,False
2603,2022-10-25 11:22:24.162838,-0.007194244604316502,0.0,-1.0,0.0,138.5,139.0,138.0,138.5,261.0,899.0,28180.0,11563.0,False,False
2603,2022-10-25 11:22:25.070763,-0.007194244604316502,0.0,-1.0,0.0,138.5,139.0,138.0,138.5,261.0,899.0,28180.0,11563.0,False,False
2603,2022-10-25 11:22:26.988185,-0.007194244604316502,0.0,-1.0,0.0,138.5,139.0,138.0,138.5,261.0,899.0,28180.0,11563.0,False,False
2603,2022-10-25 11:22:27.166860,-0.007194244604316502,0.0,-1.0,0.0,138.5,139.0,138.0,138.5,261.0,899.0,28180.0,11563.0,False,False
2603,2022-10-25 11:22:28.233576,-0.007194244604316502,0.0,-1.0,0.0,138.5,139.0,138.0,138.5,261.0,899.0,28180.0,11563.0,True,True
2603,2022-10-25 11:22:28.556781,-0.007194244604316502,0.0,-1.0,0.0,138.5,139.0,138.0,138.5,261.0,899.0,28180.0,11563.0,False,False
2603,2022-10-25 11:22:29.134332,-0.007194244604316502,0.0,-1.0,0.0,138.5,139.0,138.0,138.5,258.0,899.0,28180.0,11563.0,False,False
2603,2022-10-25 11:22:29.168625,-0.007194244604316502,0.0,-1.0,0.0,138.5,139.0,138.0,138.5,256.0,899.0,28180.0,11563.0,False,False
2603,2022-10-25 11:22:29.289492,-0.007194244604316502,0.0,-1.0,0.0,138.5,139.0,138.0,138.5,248.0,899.0,28180.0,11563.0,False,False
2603,2022-10-25 11:22:29.348526,-0.007194244604316502,0.0,-1.0,0.0,138.5,139.0,138.0,138.5,244.0,899.0,28180.0,11563.0,False,False
2603,2022-10-25 11:22:29.548941,-0.007194244604316502,0.0,-1.0,0.0,138.5,139.0,138.0,138.5,244.0,899.0,28180.0,11563.0,False,False
2603,2022-10-25 11:22:29.621076,-0.007194244604316502,0.0,-1.0,0.0,138.5,139.0,138.0,138.5,244.0,899.0,28180.0,11563.0,False,False
2603,2022-10-25 11:22:31.335533,-0.007194244604316502,0.0,-1.0,0.0,138.5,139.0,138.0,138.5,244.0,899.0,28180.0,11563.0,False,False
2603,2022-10-25 11:22:32.343830,-0.007194244604316502,0.0,-1.0,0.0,138.5,139.0,138.0,138.5,244.0,899.0,28180.0,11563.0,False,False
2603,2022-10-25 11:22:32.999034,-0.007194244604316502,0.0,-1.0,0.0,138.5,139.0,138.0,138.5,244.0,899.0,28180.0,11563.0,False,False
2603,2022-10-25 11:22:35.839364,-0.007194244604316502,0.0,-1.0,0.0,138.5,139.0,138.0,138.5,244.0,898.0,28180.0,11563.0,False,False
2603,2022-10-25 11:22:35.886755,-0.007194244604316502,0.0,-1.0,0.0,138.5,139.0,138.0,138.5,244.0,898.0,28180.0,11563.0,False,False
2603,2022-10-25 11:22:35.984651,-0.007194244604316502,0.0,-1.0,0.0,138.5,139.0,138.0,138.5,244.0,898.0,28180.0,11563.0,False,False
2603,2022-10-25 11:22:36.422492,-0.007194244604316502,0.0,-1.0,0.0,138.5,139.0,138.0,138.5,244.0,898.0,28180.0,11563.0,False,False
2603,2022-10-25 11:22:37.001816,-0.007194244604316502,0.0,-1.0,0.0,138.5,139.0,138.0,138.5,244.0,900.0,28180.0,11563.0,False,False
2603,2022-10-25 11:22:37.293597,-0.007194244604316502,0.0,-1.0,0.0,138.5,139.0,138.0,138.5,244.0,900.0,28180.0,11563.0,False,False
2603,2022-10-25 11:22:37.579048,-0.007194244604316502,0.0,-1.0,0.0,138.5,139.0,138.0,138.5,244.0,900.0,28180.0,11563.0,False,False
2603,2022-10-25 11:22:38.261830,-0.007194244604316502,0.0,-1.0,0.0,138.5,139.0,138.0,138.5,245.0,900.0,28180.0,11563.0,False,False
2603,2022-10-25 11:22:38.277830,-0.007194244604316502,0.0,-1.0,0.0,138.5,139.0,138.0,138.5,245.0,900.0,29775.0,13113.0,True,True
2603,2022-10-25 11:22:38.352613,-0.007194244604316502,0.0,-1.0,0.0,138.5,139.0,138.0,138.5,245.0,901.0,29775.0,13113.0,False,False
2603,2022-10-25 11:22:41.069417,-0.007194244604316502,0.0,-1.0,0.0,138.5,139.0,138.0,138.5,245.0,901.0,29775.0,13113.0,False,False
2603,2022-10-25 11:22:41.620455,-0.007194244604316502,0.0,-1.0,0.0,138.5,139.0,138.0,138.5,247.0,901.0,29775.0,13113.0,False,False
2603,2022-10-25 11:22:41.657124,-0.007194244604316502,0.0,-1.0,0.0,138.5,139.0,138.0,138.5,256.0,901.0,29775.0,13113.0,False,False
2603,2022-10-25 11:22:41.752315,-0.007194244604316502,0.0,-1.0,0.0,138.5,139.0,138.0,138.5,256.0,901.0,29775.0,13113.0,False,False
2603,2022-10-25 11:22:41.944251,-0.007194244604316502,0.0,-1.0,0.0,138.5,139.0,138.0,138.5,261.0,901.0,29775.0,13113.0,False,False
2603,2022-10-25 11:22:42.140327,-0.007194244604316502,0.0,-1.0,0.0,138.5,139.0,138.0,138.5,261.0,902.0,29775.0,13113.0,False,False
2603,2022-10-25 11:22:42.153745,-0.007194244604316502,0.0,-1.0,0.0,138.5,139.0,138.0,138.5,265.0,902.0,29775.0,13113.0,False,False
2603,2022-10-25 11:22:42.377168,-0.007194244604316502,0.0,-1.0,0.0,138.5,139.0,138.0,138.5,265.0,902.0,29775.0,13113.0,False,False
2603,2022-10-25 11:22:44.540985,-0.007194244604316502,0.0,-1.0,0.0,138.5,139.0,138.0,138.5,265.0,899.0,29775.0,13113.0,False,False
2603,2022-10-25 11:22:44.866844,-0.007194244604316502,0.0,-1.0,0.0,138.5,139.0,138.0,138.5,265.0,899.0,29775.0,13113.0,False,False
2603,2022-10-25 11:22:45.209757,-0.007194244604316502,0.0,-1.0,0.0,138.5,139.0,138.0,138.5,265.0,899.0,29775.0,13113.0,False,False
2603,2022-10-25 11:22:46.669680,-0.007194244604316502,0.0,-1.0,0.0,138.5,139.0,138.0,138.5,265.0,897.0,29775.0,13113.0,False,False
2603,2022-10-25 11:22:46.806946,-0.007194244604316502,0.0,-1.0,0.0,138.5,139.0,138.0,138.5,266.0,897.0,29775.0,13113.0,False,False
2603,2022-10-25 11:22:48.105925,-0.007194244604316502,0.0,-1.0,0.0,138.5,139.0,138.0,138.5,266.0,897.0,29775.0,13113.0,False,False
2603,2022-10-25 11:22:48.328236,-0.007194244604316502,0.0,-1.0,0.0,138.5,139.0,138.0,138.5,266.0,897.0,28180.0,11518.0,True,True
2603,2022-10-25 11:22:48.945158,-0.007194244604316502,0.0,-1.0,0.0,138.5,139.0,138.0,138.5,266.0,897.0,28180.0,11518.0,False,False
2603,2022-10-25 11:22:51.363505,-0.007194244604316502,0.0,-1.0,0.0,138.5,139.0,138.0,138.5,266.0,897.0,28180.0,11518.0,False,False
2603,2022-10-25 11:22:52.804048,-0.007194244604316502,0.0,-1.0,0.0,138.5,139.0,138.0,138.5,266.0,898.0,28180.0,11518.0,False,False
2603,2022-10-25 11:22:52.935274,-0.007194244604316502,0.0,-1.0,0.0,138.5,139.0,138.0,138.5,270.0,898.0,28180.0,11518.0,False,False
2603,2022-10-25 11:22:53.388919,-0.007194244604316502,0.0,-1.0,0.0,138.5,139.0,138.0,138.5,270.0,888.0,28180.0,11518.0,False,False
2603,2022-10-25 11:22:53.416377,-0.007194244604316502,0.0,-1.0,0.0,138.5,139.0,138.0,138.5,270.0,888.0,28180.0,11518.0,False,False
2603,2022-10-25 11:22:54.871344,-0.007194244604316502,0.0,-1.0,0.0,138.5,139.0,138.0,138.5,270.0,888.0,28180.0,11518.0,False,False
2603,2022-10-25 11:22:55.174103,-0.007194244604316502,0.0,-1.0,0.0,138.5,139.0,138.0,138.5,270.0,871.0,28180.0,11518.0,False,False
2603,2022-10-25 11:22:56.164871,-0.007194244604316502,0.0,-1.0,0.0,138.5,139.0,138.0,138.5,270.0,871.0,28180.0,11518.0,False,False
2603,2022-10-25 11:22:56.726672,-0.007194244604316502,0.0,-1.0,0.0,138.5,139.0,138.0,138.5,270.0,870.0,28180.0,11518.0,False,False
2603,2022-10-25 11:22:58.126408,-0.007194244604316502,0.0,-1.0,0.0,138.5,139.0,138.0,138.5,270.0,870.0,28180.0,11518.0,False,False
2603,2022-10-25 11:22:58.371584,-0.007194244604316502,0.0,-1.0,0.0,138.5,139.0,138.0,138.5,270.0,870.0,28180.0,11515.0,True,True
2603,2022-10-25 11:22:59.774714,-0.007194244604316502,0.0,-1.0,0.0,138.5,139.0,138.0,138.5,270.0,870.0,28180.0,11515.0,False,False
2603,2022-10-25 11:22:59.870198,-0.007194244604316502,0.0,-1.0,0.0,138.5,139.0,138.0,138.5,270.0,872.0,28180.0,11515.0,False,False
2603,2022-10-25 11:23:00.392232,-0.007194244604316502,0.0,-1.0,0.0,138.5,139.0,138.0,138.5,270.0,872.0,28180.0,11515.0,False,False
2603,2022-10-25 11:23:00.823667,-0.007194244604316502,0.0,-1.0,0.0,138.5,139.0,138.0,138.5,270.0,872.0,28180.0,11515.0,False,False
2603,2022-10-25 11:23:00.878328,-0.007194244604316502,0.0,-1.0,0.0,138.5,139.0,138.0,138.5,270.0,872.0,28180.0,11515.0,False,False
2603,2022-10-25 11:23:01.890242,-0.007194244604316502,0.0,-1.0,0.0,138.5,139.0,138.0,138.5,270.0,872.0,28180.0,11515.0,False,False
2603,2022-10-25 11:23:02.189558,-0.007194244604316502,0.0,-1.0,0.0,138.5,139.0,138.0,138.5,270.0,872.0,28180.0,11515.0,False,False
2603,2022-10-25 11:23:02.371016,-0.007194244604316502,0.0,-1.0,0.0,138.5,139.0,138.0,138.5,270.0,872.0,28180.0,11515.0,False,False
2603,2022-10-25 11:23:04.447692,-0.007194244604316502,0.0,-1.0,0.0,138.5,139.0,138.0,138.5,270.0,872.0,28180.0,11515.0,False,False
2603,2022-10-25 11:23:05.676470,-0.007194244604316502,0.0,-1.0,0.0,138.5,139.0,138.0,138.5,270.0,872.0,28180.0,11515.0,False,False
2603,2022-10-25 11:23:05.945025,-0.007194244604316502,0.0,-1.0,0.0,138.5,139.0,138.0,138.5,270.0,872.0,28180.0,11515.0,False,False
2603,2022-10-25 11:23:07.312632,-0.007194244604316502,0.0,-1.0,0.0,138.5,139.0,138.0,138.5,270.0,872.0,28180.0,11515.0,False,False
2603,2022-10-25 11:23:07.441958,-0.007194244604316502,0.0,-1.0,0.0,138.5,139.0,138.0,138.5,270.0,872.0,28180.0,11515.0,False,False
2603,2022-10-25 11:23:07.653818,-0.007194244604316502,0.0,-1.0,0.0,138.5,139.0,138.0,138.5,270.0,872.0,28180.0,11515.0,False,False
2603,2022-10-25 11:23:07.792707,-0.007194244604316502,0.0,-1.0,0.0,138.5,139.0,138.0,138.5,269.0,872.0,28180.0,11515.0,False,False
2603,2022-10-25 11:23:08.413736,-0.007194244604316502,0.0,-1.0,0.0,138.5,139.0,138.0,138.5,269.0,872.0,28180.0,11915.0,True,True
2603,2022-10-25 11:23:08.829954,-0.007194244604316502,0.0,-1.0,0.0,138.5,139.0,138.0,138.5,269.0,872.0,28180.0,11915.0,False,False
2603,2022-10-25 11:23:08.887227,-0.007194244604316502,0.0,-1.0,0.0,138.5,139.0,138.0,138.5,269.0,872.0,28180.0,11915.0,False,False
2603,2022-10-25 11:23:08.989229,-0.007194244604316502,0.0,-1.0,0.0,138.5,139.0,138.0,138.5,269.0,857.0,28180.0,11915.0,False,False
2603,2022-10-25 11:23:11.117862,-0.007194244604316502,0.0,-1.0,0.0,138.5,139.0,138.0,138.5,272.0,857.0,28180.0,11915.0,False,False
2603,2022-10-25 11:23:11.189837,-0.007194244604316502,0.0,-1.0,0.0,138.5,139.0,138.0,138.5,274.0,857.0,28180.0,11915.0,False,False
2603,2022-10-25 11:23:11.850347,-0.007194244604316502,0.0,-1.0,0.0,138.5,139.0,138.0,138.5,274.0,857.0,28180.0,11915.0,False,False
2603,2022-10-25 11:23:11.976533,-0.007194244604316502,0.0,-1.0,0.0,138.5,139.0,138.0,138.5,274.0,857.0,28180.0,11915.0,False,False
2603,2022-10-25 11:23:12.125764,-0.007194244604316502,0.0,-1.0,0.0,138.5,139.0,138.0,138.5,274.0,857.0,28180.0,11915.0,False,False
2603,2022-10-25 11:23:12.186632,-0.007194244604316502,0.0,-1.0,0.0,138.5,139.0,138.0,138.5,274.0,857.0,28180.0,11915.0,False,False
2603,2022-10-25 11:23:12.221955,-0.007194244604316502,0.0,-1.0,0.0,138.5,139.0,138.0,138.5,273.0,857.0,28180.0,11915.0,False,False
2603,2022-10-25 11:23:13.650437,-0.007194244604316502,0.0,-1.0,0.0,138.5,139.0,138.0,138.5,273.0,857.0,28180.0,11915.0,False,False
2603,2022-10-25 11:23:13.851787,-0.007194244604316502,0.0,-1.0,0.0,138.5,139.0,138.0,138.5,273.0,857.0,28180.0,11915.0,False,False
2603,2022-10-25 11:23:14.046259,-0.007194244604316502,0.0,-1.0,0.0,138.5,139.0,138.0,138.5,273.0,857.0,28180.0,11915.0,False,False
2603,2022-10-25 11:23:14.349633,-0.007194244604316502,0.0,-1.0,0.0,138.5,139.0,138.0,138.5,273.0,856.0,28180.0,11915.0,False,False
2603,2022-10-25 11:23:15.119954,-0.007194244604316502,0.0,-1.0,0.0,138.5,139.0,138.0,138.5,274.0,856.0,28180.0,11915.0,False,False
2603,2022-10-25 11:23:15.239835,-0.007194244604316502,0.0,-1.0,0.0,138.5,139.0,138.0,138.5,274.0,856.0,28180.0,11915.0,False,False
2603,2022-10-25 11:23:15.282460,-0.007194244604316502,0.0,-1.0,0.0,138.5,139.0,138.0,138.5,274.0,856.0,28180.0,11915.0,False,False
2603,2022-10-25 11:23:15.497985,-0.007194244604316502,0.0,-1.0,0.0,138.5,139.0,138.0,138.5,274.0,856.0,28180.0,11915.0,False,False
2603,2022-10-25 11:23:15.593064,-0.007194244604316502,0.0,-1.0,0.0,138.5,139.0,138.0,138.5,271.0,856.0,28180.0,11915.0,False,False
2603,2022-10-25 11:23:15.698995,-0.007194244604316502,0.0,-1.0,0.0,138.5,139.0,138.0,138.5,271.0,856.0,28180.0,11915.0,False,False
2603,2022-10-25 11:23:15.900140,-0.007194244604316502,0.0,-1.0,0.0,138.5,139.0,138.0,138.5,271.0,856.0,28180.0,11915.0,False,False
2603,2022-10-25 11:23:15.943378,-0.007194244604316502,0.0,-1.0,0.0,138.5,139.0,138.0,138.5,271.0,856.0,28180.0,11915.0,False,False
2603,2022-10-25 11:23:18.461134,-0.007194244604316502,0.0,-1.0,0.0,138.5,139.0,138.0,138.5,271.0,856.0,28180.0,12110.0,True,True
2603,2022-10-25 11:23:18.970699,-0.007194244604316502,0.0,-1.0,0.0,138.5,139.0,138.0,138.5,271.0,856.0,28180.0,12110.0,False,False
2603,2022-10-25 11:23:19.640408,-0.007194244604316502,0.0,-1.0,0.0,138.5,139.0,138.0,138.5,272.0,856.0,28180.0,12110.0,False,False
2603,2022-10-25 11:23:19.696284,-0.007194244604316502,0.0,-1.0,0.0,138.5,139.0,138.0,138.5,272.0,856.0,28180.0,12110.0,False,False
2603,2022-10-25 11:23:22.174169,-0.007194244604316502,0.0,-1.0,0.0,138.5,139.0,138.0,138.5,272.0,786.0,28180.0,12110.0,False,False
2603,2022-10-25 11:23:22.206730,-0.007194244604316502,0.0,-1.0,0.0,138.5,139.0,138.0,138.5,275.0,786.0,28180.0,12110.0,False,False
2603,2022-10-25 11:23:22.257925,-0.007194244604316502,0.0,-1.0,0.0,138.5,139.0,138.0,138.5,275.0,785.0,28180.0,12110.0,False,False
2603,2022-10-25 11:23:22.264607,-0.007194244604316502,0.0,-1.0,0.0,138.5,139.0,138.0,138.5,275.0,786.0,28180.0,12110.0,False,False
2603,2022-10-25 11:23:22.567455,-0.007194244604316502,0.0,-1.0,0.0,138.5,139.0,138.0,138.5,273.0,786.0,28180.0,12110.0,False,False
2603,2022-10-25 11:23:23.022744,-0.007194244604316502,0.0,-1.0,0.0,138.5,139.0,138.0,138.5,273.0,785.0,28180.0,12110.0,False,False
2603,2022-10-25 11:23:24.740277,-0.007194244604316502,0.0,-1.0,0.0,138.5,139.0,138.0,138.5,273.0,785.0,28180.0,12110.0,False,False
2603,2022-10-25 11:23:24.765345,-0.007194244604316502,0.0,-1.0,0.0,138.5,139.0,138.0,138.5,273.0,785.0,28180.0,12110.0,False,False
2603,2022-10-25 11:23:24.973807,-0.007194244604316502,0.0,-1.0,0.0,138.5,139.0,138.0,138.5,273.0,785.0,28180.0,12110.0,False,False
2603,2022-10-25 11:23:25.137823,-0.007194244604316502,0.0,-1.0,0.0,138.5,139.0,138.0,138.5,273.0,785.0,28180.0,12110.0,False,False
2603,2022-10-25 11:23:25.167115,-0.007194244604316502,0.0,-1.0,0.0,138.5,139.0,138.0,138.5,270.0,785.0,28180.0,12110.0,False,False
2603,2022-10-25 11:23:25.530712,-0.007194244604316502,0.0,-1.0,0.0,138.5,139.0,138.0,138.5,264.0,785.0,28180.0,12110.0,False,False
2603,2022-10-25 11:23:25.699334,-0.007194244604316502,0.0,-1.0,0.0,138.5,139.0,138.0,138.5,265.0,785.0,28180.0,12110.0,False,False
2603,2022-10-25 11:23:25.727118,-0.007194244604316502,0.0,-1.0,0.0,138.5,139.0,138.0,138.5,268.0,785.0,28180.0,12110.0,False,False
2603,2022-10-25 11:23:25.747068,-0.007194244604316502,0.0,-1.0,0.0,138.5,139.0,138.0,138.5,265.0,785.0,28180.0,12110.0,False,False
2603,2022-10-25 11:23:27.781682,-0.007194244604316502,0.0,-1.0,0.0,138.5,139.0,138.0,138.5,265.0,790.0,28180.0,12110.0,False,False
2603,2022-10-25 11:23:28.056898,-0.007194244604316502,0.0,-1.0,0.0,138.5,139.0,138.0,138.5,265.0,790.0,28180.0,12110.0,False,False
2603,2022-10-25 11:23:28.087764,-0.007194244604316502,0.0,-1.0,0.0,138.5,139.0,138.0,138.5,268.0,790.0,28180.0,12110.0,False,False
2603,2022-10-25 11:23:28.513455,-0.007194244604316502,0.0,-1.0,0.0,138.5,139.0,138.0,138.5,268.0,790.0,28280.0,12510.0,True,True
2603,2022-10-25 11:23:28.589352,-0.007194244604316502,0.0,-1.0,0.0,138.5,139.0,138.0,138.5,368.0,790.0,28280.0,12510.0,False,False
2603,2022-10-25 11:23:29.602584,-0.007194244604316502,0.0,-1.0,0.0,138.5,139.0,138.0,138.5,368.0,790.0,28280.0,12510.0,False,False
2603,2022-10-25 11:23:29.634290,-0.007194244604316502,0.0,-1.0,0.0,138.5,139.0,138.0,138.5,368.0,790.0,28280.0,12510.0,False,False
2603,2022-10-25 11:23:31.701043,-0.007194244604316502,0.0,-1.0,0.0,138.5,139.0,138.0,138.5,368.0,791.0,28280.0,12510.0,False,False
2603,2022-10-25 11:23:32.360830,-0.007194244604316502,0.0,-1.0,0.0,138.5,139.0,138.0,138.5,368.0,791.0,28280.0,12510.0,False,False
2603,2022-10-25 11:23:33.043690,-0.007194244604316502,0.0,-1.0,0.0,138.5,139.0,138.0,138.5,368.0,790.0,28280.0,12510.0,False,False
2603,2022-10-25 11:23:33.223996,-0.007194244604316502,0.0,-1.0,0.0,138.5,139.0,138.0,138.5,368.0,790.0,28280.0,12510.0,False,False
2603,2022-10-25 11:23:33.528019,-0.007194244604316502,0.0,-1.0,0.0,138.5,139.0,138.0,138.5,371.0,790.0,28280.0,12510.0,False,False
2603,2022-10-25 11:23:33.741140,-0.007194244604316502,0.0,-1.0,0.0,138.5,139.0,138.0,138.5,371.0,790.0,28280.0,12510.0,False,False
2603,2022-10-25 11:23:34.717533,-0.007194244604316502,0.0,-1.0,0.0,138.5,139.0,138.0,138.5,371.0,790.0,28280.0,12510.0,False,False
2603,2022-10-25 11:23:35.015103,-0.007194244604316502,0.0,-1.0,0.0,138.5,139.0,138.0,138.5,371.0,790.0,28280.0,12510.0,False,False
2603,2022-10-25 11:23:35.283136,-0.007194244604316502,0.0,-1.0,0.0,138.5,139.0,138.0,138.5,371.0,788.0,28280.0,12510.0,False,False
2603,2022-10-25 11:23:35.430480,-0.007194244604316502,0.0,-1.0,0.0,138.5,139.0,138.0,138.5,411.0,788.0,28280.0,12510.0,False,False
2603,2022-10-25 11:23:35.538799,-0.007194244604316502,0.0,-1.0,0.0,138.5,139.0,138.0,138.5,451.0,788.0,28280.0,12510.0,False,False
2603,2022-10-25 11:23:35.560627,-0.007194244604316502,0.0,-1.0,0.0,138.5,139.0,138.0,138.5,451.0,788.0,28280.0,12510.0,False,False
2603,2022-10-25 11:23:35.932789,-0.007194244604316502,0.0,-1.0,0.0,138.5,139.0,138.0,138.5,411.0,788.0,28280.0,12510.0,False,False
2603,2022-10-25 11:23:35.932805,-0.007194244604316502,0.0,-1.0,0.0,138.5,139.0,138.0,138.5,371.0,788.0,28280.0,12510.0,False,False
2603,2022-10-25 11:23:37.311468,-0.007194244604316502,0.0,-1.0,0.0,138.5,139.0,138.0,138.5,371.0,788.0,28280.0,12510.0,False,False
2603,2022-10-25 11:23:37.341587,-0.007194244604316502,0.0,-1.0,0.0,138.5,139.0,138.0,138.5,371.0,788.0,28280.0,12510.0,False,False
2603,2022-10-25 11:23:37.439110,-0.007194244604316502,0.0,-1.0,0.0,138.5,139.0,138.0,138.5,371.0,788.0,28280.0,12510.0,False,False
2603,2022-10-25 11:23:37.521217,-0.007194244604316502,0.0,-1.0,0.0,138.5,139.0,138.0,138.5,371.0,787.0,28280.0,12510.0,False,False
2603,2022-10-25 11:23:37.572329,-0.007194244604316502,0.0,-1.0,0.0,138.5,139.0,138.0,138.5,377.0,787.0,28280.0,12510.0,False,False
2603,2022-10-25 11:23:38.422721,-0.007194244604316502,0.0,-1.0,0.0,138.5,139.0,138.0,138.5,379.0,787.0,28280.0,12510.0,False,False
2603,2022-10-25 11:23:38.564877,-0.007194244604316502,0.0,-1.0,0.0,138.5,139.0,138.0,138.5,379.0,787.0,28280.0,12540.0,True,True
2603,2022-10-25 11:23:38.571750,-0.007194244604316502,0.0,-1.0,0.0,138.5,139.0,138.0,138.5,379.0,787.0,28280.0,12540.0,False,False
2603,2022-10-25 11:23:38.762852,-0.007194244604316502,0.0,-1.0,0.0,138.5,139.0,138.0,138.5,381.0,787.0,28280.0,12540.0,False,False
2603,2022-10-25 11:23:38.888537,-0.007194244604316502,0.0,-1.0,0.0,138.5,139.0,138.0,138.5,381.0,787.0,28280.0,12540.0,False,False
2603,2022-10-25 11:23:39.744049,-0.007194244604316502,0.0,-1.0,0.0,138.5,139.0,138.0,138.5,383.0,787.0,28280.0,12540.0,False,False
2603,2022-10-25 11:23:40.321367,-0.007194244604316502,0.0,-1.0,0.0,138.5,139.0,138.0,138.5,383.0,787.0,28280.0,12540.0,False,False
2603,2022-10-25 11:23:40.536415,-0.007194244604316502,0.0,-1.0,0.0,138.5,139.0,138.0,138.5,383.0,787.0,28280.0,12540.0,False,False
2603,2022-10-25 11:23:40.734795,-0.007194244604316502,0.0,-1.0,0.0,138.5,139.0,138.0,138.5,385.0,787.0,28280.0,12540.0,False,False
2603,2022-10-25 11:23:40.853278,-0.007194244604316502,0.0,-1.0,0.0,138.5,139.0,138.0,138.5,385.0,787.0,28280.0,12540.0,False,False
2603,2022-10-25 11:23:41.466060,-0.007194244604316502,0.0,-1.0,0.0,138.5,139.0,138.0,138.5,387.0,787.0,28280.0,12540.0,False,False
2603,2022-10-25 11:23:42.093340,-0.007194244604316502,0.0,-1.0,0.0,138.5,139.0,138.0,138.5,389.0,787.0,28280.0,12540.0,False,False
2603,2022-10-25 11:23:42.201329,-0.007194244604316502,0.0,-1.0,0.0,138.5,139.0,138.0,138.5,390.0,787.0,28280.0,12540.0,False,False
2603,2022-10-25 11:23:43.025823,-0.007194244604316502,0.0,-1.0,0.0,138.5,139.0,138.0,138.5,392.0,787.0,28280.0,12540.0,False,False
2603,2022-10-25 11:23:44.023109,-0.007194244604316502,0.0,-1.0,0.0,138.5,139.0,138.0,138.5,394.0,787.0,28280.0,12540.0,False,False
2603,2022-10-25 11:23:44.077782,-0.007194244604316502,0.0,-1.0,0.0,138.5,139.0,138.0,138.5,395.0,787.0,28280.0,12540.0,False,False
2603,2022-10-25 11:23:44.862317,-0.007194244604316502,0.0,-1.0,0.0,138.5,139.0,138.0,138.5,397.0,787.0,28280.0,12540.0,False,False
2603,2022-10-25 11:23:45.710150,-0.007194244604316502,0.0,-1.0,0.0,138.5,139.0,138.0,138.5,397.0,787.0,28280.0,12540.0,False,False
2603,2022-10-25 11:23:46.029137,-0.007194244604316502,0.0,-1.0,0.0,138.5,139.0,138.0,138.5,399.0,787.0,28280.0,12540.0,False,False
2603,2022-10-25 11:23:46.708690,-0.007194244604316502,0.0,-1.0,0.0,138.5,139.0,138.0,138.5,401.0,787.0,28280.0,12540.0,False,False
2603,2022-10-25 11:23:47.129221,-0.007194244604316502,0.0,-1.0,0.0,138.5,139.0,138.0,138.5,401.0,786.0,28280.0,12540.0,False,False
2603,2022-10-25 11:23:47.170776,-0.007194244604316502,0.0,-1.0,0.0,138.5,139.0,138.0,138.5,401.0,785.0,28280.0,12540.0,False,False
2603,2022-10-25 11:23:47.546728,-0.007194244604316502,0.0,-1.0,0.0,138.5,139.0,138.0,138.5,401.0,785.0,28280.0,12540.0,False,False
2603,2022-10-25 11:23:48.488701,-0.007194244604316502,0.0,-1.0,0.0,138.5,139.0,138.0,138.5,401.0,785.0,28280.0,12540.0,False,False
2603,2022-10-25 11:23:48.502029,-0.007194244604316502,0.0,-1.0,0.0,138.5,139.0,138.0,138.5,401.0,785.0,28280.0,12540.0,False,False
2603,2022-10-25 11:23:48.606065,-0.007194244604316502,0.0,-1.0,0.0,138.5,139.0,138.0,138.5,401.0,785.0,28280.0,12590.0,True,True
2603,2022-10-25 11:23:49.234133,-0.007194244604316502,0.0,-1.0,0.0,138.5,139.0,138.0,138.5,401.0,785.0,28280.0,12590.0,False,False
2603,2022-10-25 11:23:49.476750,-0.007194244604316502,0.0,-1.0,0.0,138.5,139.0,138.0,138.5,403.0,785.0,28280.0,12590.0,False,False
2603,2022-10-25 11:23:50.291155,-0.007194244604316502,0.0,-1.0,0.0,138.5,139.0,138.0,138.5,403.0,786.0,28280.0,12590.0,False,False
2603,2022-10-25 11:23:50.721648,-0.007194244604316502,0.0,-1.0,0.0,138.5,139.0,138.0,138.5,405.0,786.0,28280.0,12590.0,False,False
2603,2022-10-25 11:23:51.151136,-0.007194244604316502,0.0,-1.0,0.0,138.5,139.0,138.0,138.5,405.0,786.0,28280.0,12590.0,False,False
2603,2022-10-25 11:23:51.560233,-0.007194244604316502,0.0,-1.0,0.0,138.5,139.0,138.0,138.5,405.0,786.0,28280.0,12590.0,False,False
2603,2022-10-25 11:23:51.645779,-0.007194244604316502,0.0,-1.0,0.0,138.5,139.0,138.0,138.5,407.0,786.0,28280.0,12590.0,False,False
2603,2022-10-25 11:23:52.067436,-0.007194244604316502,0.0,-1.0,0.0,138.5,139.0,138.0,138.5,407.0,786.0,28280.0,12590.0,False,False
2603,2022-10-25 11:23:53.753219,-0.007194244604316502,0.0,-1.0,0.0,138.5,139.0,138.0,138.5,407.0,787.0,28280.0,12590.0,False,False
2603,2022-10-25 11:23:55.301870,-0.007194244604316502,0.0,-1.0,0.0,138.5,139.0,138.0,138.5,407.0,787.0,28280.0,12590.0,False,False
2603,2022-10-25 11:23:56.455671,-0.007194244604316502,0.0,-1.0,0.0,138.5,139.0,138.0,138.5,407.0,787.0,28280.0,12590.0,False,False
2603,2022-10-25 11:23:57.268475,-0.007194244604316502,0.0,-1.0,0.0,138.5,139.0,138.0,138.5,407.0,787.0,28280.0,12590.0,False,False
2603,2022-10-25 11:23:57.501084,-0.007194244604316502,0.0,-1.0,0.0,138.5,139.0,138.0,138.5,407.0,687.0,28280.0,12590.0,False,False
2603,2022-10-25 11:23:58.375072,-0.007194244604316502,0.0,-1.0,0.0,138.5,139.0,138.0,138.5,447.0,687.0,28280.0,12590.0,False,False
2603,2022-10-25 11:23:58.645198,-0.007194244604316502,0.0,-1.0,0.0,138.5,139.0,138.0,138.5,447.0,687.0,28280.0,12290.0,True,True
2603,2022-10-25 11:23:58.690530,-0.007194244604316502,0.0,-1.0,0.0,138.5,139.0,138.0,138.5,407.0,687.0,28280.0,12290.0,False,False
2603,2022-10-25 11:23:58.725723,-0.007194244604316502,0.0,-1.0,0.0,138.5,139.0,138.0,138.5,407.0,687.0,28280.0,12290.0,False,False
2603,2022-10-25 11:23:59.632350,-0.007194244604316502,0.0,-1.0,0.0,138.5,139.0,138.0,138.5,407.0,686.0,28280.0,12290.0,False,False
2603,2022-10-25 11:24:00.733690,-0.007194244604316502,0.0,-1.0,0.0,138.5,139.0,138.0,138.5,407.0,686.0,28280.0,12290.0,False,False
2603,2022-10-25 11:24:00.803334,-0.007194244604316502,0.0,-1.0,0.0,138.5,139.0,138.0,138.5,407.0,686.0,28280.0,12290.0,False,False
2603,2022-10-25 11:24:01.402238,-0.007194244604316502,0.0,-1.0,0.0,138.5,139.0,138.0,138.5,408.0,686.0,28280.0,12290.0,False,False
2603,2022-10-25 11:24:02.192467,-0.007194244604316502,0.0,-1.0,0.0,138.5,139.0,138.0,138.5,408.0,684.0,28280.0,12290.0,False,False
2603,2022-10-25 11:24:02.485148,-0.007194244604316502,0.0,-1.0,0.0,138.5,139.0,138.0,138.5,408.0,684.0,28280.0,12290.0,False,False
2603,2022-10-25 11:24:02.586071,-0.007194244604316502,0.0,-1.0,0.0,138.5,139.0,138.0,138.5,408.0,684.0,28280.0,12290.0,False,False
2603,2022-10-25 11:24:02.895267,-0.007194244604316502,0.0,-1.0,0.0,138.5,139.0,138.0,138.5,408.0,684.0,28280.0,12290.0,False,False
2603,2022-10-25 11:24:03.184098,-0.007194244604316502,0.0,-1.0,0.0,138.5,139.0,138.0,138.5,408.0,683.0,28280.0,12290.0,False,False
2603,2022-10-25 11:24:03.255540,-0.007194244604316502,0.0,-1.0,0.0,138.5,139.0,138.0,138.5,448.0,683.0,28280.0,12290.0,False,False
2603,2022-10-25 11:24:03.377161,-0.007194244604316502,0.0,-1.0,0.0,138.5,139.0,138.0,138.5,543.0,683.0,28280.0,12290.0,False,False
2603,2022-10-25 11:24:03.573984,-0.007194244604316502,0.0,-1.0,0.0,138.5,139.0,138.0,138.5,503.0,683.0,28280.0,12290.0,False,False
2603,2022-10-25 11:24:04.340881,-0.007194244604316502,0.0,-1.0,0.0,138.5,139.0,138.0,138.5,503.0,683.0,28280.0,12290.0,False,False
2603,2022-10-25 11:24:06.076661,-0.007194244604316502,0.0,-1.0,0.0,138.5,139.0,138.0,138.5,503.0,682.0,28280.0,12290.0,False,False
2603,2022-10-25 11:24:06.410903,-0.007194244604316502,0.0,-1.0,0.0,138.5,139.0,138.0,138.5,503.0,681.0,28280.0,12290.0,False,False
2603,2022-10-25 11:24:07.061466,-0.007194244604316502,0.0,-1.0,0.0,138.5,139.0,138.0,138.5,505.0,681.0,28280.0,12290.0,False,False
2603,2022-10-25 11:24:07.999923,-0.007194244604316502,0.0,-1.0,0.0,138.5,139.0,138.0,138.5,505.0,679.0,28280.0,12290.0,False,False
2603,2022-10-25 11:24:08.208924,-0.007194244604316502,0.0,-1.0,0.0,138.5,139.0,138.0,138.5,505.0,679.0,28280.0,12290.0,False,False
2603,2022-10-25 11:24:08.228213,-0.007194244604316502,0.0,-1.0,0.0,138.5,139.0,138.0,138.5,505.0,684.0,28280.0,12290.0,False,False
2603,2022-10-25 11:24:08.685366,-0.007194244604316502,0.0,-1.0,0.0,138.5,139.0,138.0,138.5,505.0,684.0,28280.0,12290.0,True,True
2603,2022-10-25 11:24:09.332952,-0.007194244604316502,0.0,-1.0,0.0,138.5,139.0,138.0,138.5,505.0,684.0,28280.0,12290.0,False,False
2603,2022-10-25 11:24:09.353964,-0.007194244604316502,0.0,-1.0,0.0,138.5,139.0,138.0,138.5,505.0,684.0,28280.0,12290.0,False,False
2603,2022-10-25 11:24:11.028487,-0.007194244604316502,0.0,-1.0,0.0,138.5,139.0,138.0,138.5,506.0,684.0,28280.0,12290.0,False,False
2603,2022-10-25 11:24:11.090102,-0.007194244604316502,0.0,-1.0,0.0,138.5,139.0,138.0,138.5,508.0,684.0,28280.0,12290.0,False,False
2603,2022-10-25 11:24:12.727955,-0.007194244604316502,0.0,-1.0,0.0,138.5,139.0,138.0,138.5,548.0,684.0,28280.0,12290.0,False,False
2603,2022-10-25 11:24:13.090835,-0.007194244604316502,0.0,-1.0,0.0,138.5,139.0,138.0,138.5,548.0,659.0,28280.0,12290.0,False,False
2603,2022-10-25 11:24:13.091896,-0.007194244604316502,0.0,-1.0,0.0,138.5,139.0,138.0,138.5,508.0,659.0,28280.0,12290.0,False,False
2603,2022-10-25 11:24:13.232359,-0.007194244604316502,0.0,-1.0,0.0,138.5,139.0,138.0,138.5,508.0,659.0,28280.0,12290.0,False,False
2603,2022-10-25 11:24:13.285588,-0.007194244604316502,0.0,-1.0,0.0,138.5,139.0,138.0,138.5,508.0,659.0,28280.0,12290.0,False,False
2603,2022-10-25 11:24:13.514264,-0.007194244604316502,0.0,-1.0,0.0,138.5,139.0,138.0,138.5,509.0,659.0,28280.0,12290.0,False,False
2603,2022-10-25 11:24:13.835620,-0.007194244604316502,0.0,-1.0,0.0,138.5,139.0,138.0,138.5,509.0,658.0,28280.0,12290.0,False,False
2603,2022-10-25 11:24:14.312300,-0.007194244604316502,0.0,-1.0,0.0,138.5,139.0,138.0,138.5,509.0,658.0,28280.0,12290.0,False,False
2603,2022-10-25 11:24:14.755317,-0.007194244604316502,0.0,-1.0,0.0,138.5,139.0,138.0,138.5,519.0,658.0,28280.0,12290.0,False,False
2603,2022-10-25 11:24:14.825059,-0.007194244604316502,0.0,-1.0,0.0,138.5,139.0,138.0,138.5,519.0,658.0,28280.0,12290.0,False,False
2603,2022-10-25 11:24:15.192203,-0.007194244604316502,0.0,-1.0,0.0,138.5,139.0,138.0,138.5,519.0,657.0,28280.0,12290.0,False,False
2603,2022-10-25 11:24:15.638058,-0.007194244604316502,0.0,-1.0,0.0,138.5,139.0,138.0,138.5,519.0,657.0,28280.0,12290.0,False,False
2603,2022-10-25 11:24:17.426497,-0.007194244604316502,0.0,-1.0,0.0,138.5,139.0,138.0,138.5,519.0,652.0,28280.0,12290.0,False,False
2603,2022-10-25 11:24:18.740011,-0.007194244604316502,0.0,-1.0,0.0,138.5,139.0,138.0,138.5,519.0,652.0,28380.0,11291.0,True,True
2603,2022-10-25 11:24:19.548468,-0.007194244604316502,0.0,-1.0,0.0,138.5,139.0,138.0,138.5,519.0,653.0,28380.0,11291.0,False,False
2603,2022-10-25 11:24:19.791915,-0.007194244604316502,0.0,-1.0,0.0,138.5,139.0,138.0,138.5,519.0,652.0,28380.0,11291.0,False,False
2603,2022-10-25 11:24:19.975678,-0.007194244604316502,0.0,-1.0,0.0,138.5,139.0,138.0,138.5,519.0,652.0,28380.0,11291.0,False,False
2603,2022-10-25 11:24:20.112012,-0.007194244604316502,0.0,-1.0,0.0,138.5,139.0,138.0,138.5,519.0,652.0,28380.0,11291.0,False,False
2603,2022-10-25 11:24:20.714213,-0.007194244604316502,0.0,-1.0,0.0,138.5,139.0,138.0,138.5,520.0,652.0,28380.0,11291.0,False,False
2603,2022-10-25 11:24:22.366588,-0.007194244604316502,0.0,-1.0,0.0,138.5,139.0,138.0,138.5,519.0,652.0,28380.0,11291.0,False,False
2603,2022-10-25 11:24:23.295782,-0.007194244604316502,0.0,-1.0,0.0,138.5,139.0,138.0,138.5,519.0,652.0,28380.0,11291.0,False,False
2603,2022-10-25 11:24:23.827903,-0.007194244604316502,0.0,-1.0,0.0,138.5,139.0,138.0,138.5,519.0,634.0,28380.0,11291.0,False,False
2603,2022-10-25 11:24:25.386630,-0.007194244604316502,0.0,-1.0,0.0,138.5,139.0,138.0,138.5,517.0,634.0,28380.0,11291.0,False,False
2603,2022-10-25 11:24:25.484673,-0.007194244604316502,0.0,-1.0,0.0,138.5,139.0,138.0,138.5,505.0,634.0,28380.0,11291.0,False,False
2603,2022-10-25 11:24:25.592048,-0.007194244604316502,0.0,-1.0,0.0,138.5,139.0,138.0,138.5,491.0,634.0,28380.0,11291.0,False,False
2603,2022-10-25 11:24:26.116414,-0.007194244604316502,0.0,-1.0,0.0,138.5,139.0,138.0,138.5,491.0,634.0,28380.0,11291.0,False,False
2603,2022-10-25 11:24:27.221270,-0.007194244604316502,0.0,-1.0,0.0,138.5,139.0,138.0,138.5,491.0,634.0,28380.0,11291.0,False,False
2603,2022-10-25 11:24:27.246586,-0.007194244604316502,0.0,-1.0,0.0,138.5,139.0,138.0,138.5,491.0,634.0,28380.0,11291.0,False,False
2603,2022-10-25 11:24:27.493562,-0.007194244604316502,0.0,-1.0,0.0,138.5,139.0,138.0,138.5,491.0,634.0,28380.0,11291.0,False,False
2603,2022-10-25 11:24:27.942581,-0.007194244604316502,0.0,-1.0,0.0,138.5,139.0,138.0,138.5,491.0,634.0,28380.0,11291.0,False,False
2603,2022-10-25 11:24:27.980698,-0.007194244604316502,0.0,-1.0,0.0,138.5,139.0,138.0,138.5,491.0,634.0,28380.0,11291.0,False,False
2603,2022-10-25 11:24:28.231814,-0.007194244604316502,0.0,-1.0,0.0,138.5,139.0,138.0,138.5,491.0,634.0,28380.0,11291.0,False,False
2603,2022-10-25 11:24:28.462501,-0.007194244604316502,0.0,-1.0,0.0,138.5,139.0,138.0,138.5,498.0,634.0,28380.0,11291.0,False,False
2603,2022-10-25 11:24:28.688610,-0.007194244604316502,0.0,-1.0,0.0,138.5,139.0,138.0,138.5,500.0,634.0,28380.0,11291.0,False,False
2603,2022-10-25 11:24:28.788337,-0.007194244604316502,0.0,-1.0,0.0,138.5,139.0,138.0,138.5,500.0,634.0,30528.0,7195.0,True,True
2603,2022-10-25 11:24:29.225355,-0.007194244604316502,0.0,-1.0,0.0,138.5,139.0,138.0,138.5,500.0,634.0,30528.0,7195.0,False,False
2603,2022-10-25 11:24:29.976219,-0.007194244604316502,0.0,-1.0,0.0,138.5,139.0,138.0,138.5,500.0,634.0,30528.0,7195.0,False,False
2603,2022-10-25 11:24:30.951707,-0.007194244604316502,0.0,-1.0,0.0,138.5,139.0,138.0,138.5,500.0,633.0,30528.0,7195.0,False,False
2603,2022-10-25 11:24:31.306097,-0.007194244604316502,0.0,-1.0,0.0,138.5,139.0,138.0,138.5,500.0,633.0,30528.0,7195.0,False,False
2603,2022-10-25 11:24:31.342693,-0.007194244604316502,0.0,-1.0,0.0,138.5,139.0,138.0,138.5,500.0,633.0,30528.0,7195.0,False,False
2603,2022-10-25 11:24:31.479788,-0.007194244604316502,0.0,-1.0,0.0,138.5,139.0,138.0,138.5,500.0,633.0,30528.0,7195.0,False,False
2603,2022-10-25 11:24:31.714861,-0.007194244604316502,0.0,-1.0,0.0,138.5,139.0,138.0,138.5,500.0,633.0,30528.0,7195.0,False,False
2603,2022-10-25 11:24:31.974300,-0.007194244604316502,0.0,-1.0,0.0,138.5,139.0,138.0,138.5,500.0,633.0,30528.0,7195.0,False,False
2603,2022-10-25 11:24:32.542701,-0.007194244604316502,0.0,-1.0,0.0,138.5,139.0,138.0,138.5,501.0,633.0,30528.0,7195.0,False,False
2603,2022-10-25 11:24:33.448230,-0.007194244604316502,0.0,-1.0,0.0,138.5,139.0,138.0,138.5,501.0,633.0,30528.0,7195.0,False,False
2603,2022-10-25 11:24:33.951162,-0.007194244604316502,0.0,-1.0,0.0,138.5,139.0,138.0,138.5,501.0,633.0,30528.0,7195.0,False,False
2603,2022-10-25 11:24:34.533067,-0.007194244604316502,0.0,-1.0,0.0,138.5,139.0,138.0,138.5,501.0,631.0,30528.0,7195.0,False,False
2603,2022-10-25 11:24:34.969845,-0.007194244604316502,0.0,-1.0,0.0,138.5,139.0,138.0,138.5,501.0,631.0,30528.0,7195.0,False,False
2603,2022-10-25 11:24:35.549993,-0.007194244604316502,0.0,-1.0,0.0,138.5,139.0,138.0,138.5,501.0,631.0,30528.0,7195.0,False,False
2603,2022-10-25 11:24:35.724595,-0.007194244604316502,0.0,-1.0,0.0,138.5,139.0,138.0,138.5,501.0,631.0,30528.0,7195.0,False,False
2603,2022-10-25 11:24:36.724861,-0.007194244604316502,0.0,-1.0,0.0,138.5,139.0,138.0,138.5,502.0,631.0,30528.0,7195.0,False,False
2603,2022-10-25 11:24:36.801447,-0.007194244604316502,0.0,-1.0,0.0,138.5,139.0,138.0,138.5,502.0,631.0,30528.0,7195.0,False,False
2603,2022-10-25 11:24:37.378666,-0.007194244604316502,0.0,-1.0,0.0,138.5,139.0,138.0,138.5,502.0,631.0,30528.0,7195.0,False,False
2603,2022-10-25 11:24:38.458165,-0.007194244604316502,0.0,-1.0,0.0,138.5,139.0,138.0,138.5,502.0,631.0,30528.0,7195.0,False,False
2603,2022-10-25 11:24:38.827351,-0.003597122302158251,-0.003597122302158251,-0.5,-0.5,138.5,139.0,138.5,139.0,502.0,631.0,27770.0,16581.0,True,True
2603,2022-10-25 11:24:39.150334,-0.003597122302158251,-0.003597122302158251,-0.5,-0.5,138.5,139.0,138.5,139.0,502.0,471.0,27770.0,16581.0,False,False
2603,2022-10-25 11:24:39.184820,-0.003597122302158251,-0.003597122302158251,-0.5,-0.5,138.5,139.0,138.5,139.0,502.0,435.0,27770.0,16581.0,False,False
2603,2022-10-25 11:24:39.192618,-0.003597122302158251,-0.003597122302158251,-0.5,-0.5,138.5,139.0,138.5,139.0,502.0,427.0,27770.0,16581.0,False,False
2603,2022-10-25 11:24:39.194552,-0.003597122302158251,-0.003597122302158251,-0.5,-0.5,138.5,139.0,138.5,139.0,502.0,425.0,27770.0,16581.0,False,False
2603,2022-10-25 11:24:39.196630,-0.003597122302158251,-0.003597122302158251,-0.5,-0.5,138.5,139.0,138.5,139.0,502.0,405.0,27770.0,16581.0,False,False
2603,2022-10-25 11:24:39.196780,-0.003597122302158251,-0.003597122302158251,-0.5,-0.5,138.5,139.0,138.5,139.0,502.0,355.0,27770.0,16581.0,False,False
2603,2022-10-25 11:24:39.197219,-0.003597122302158251,-0.003597122302158251,-0.5,-0.5,138.5,139.0,138.5,139.0,502.0,355.0,27770.0,16581.0,False,False
2603,2022-10-25 11:24:39.198205,-0.003597122302158251,-0.003597122302158251,-0.5,-0.5,138.5,139.0,138.5,139.0,502.0,353.0,27770.0,16581.0,False,False
2603,2022-10-25 11:24:39.199680,-0.003597122302158251,-0.003597122302158251,-0.5,-0.5,138.5,139.0,138.5,139.0,502.0,343.0,27770.0,16581.0,False,False
2603,2022-10-25 11:24:39.200523,-0.003597122302158251,-0.003597122302158251,-0.5,-0.5,138.5,139.0,138.5,139.0,502.0,337.0,27770.0,16581.0,False,False
2603,2022-10-25 11:24:39.201763,-0.003597122302158251,-0.003597122302158251,-0.5,-0.5,138.5,139.0,138.5,139.0,502.0,335.0,27770.0,16581.0,False,False
2603,2022-10-25 11:24:39.201786,-0.003597122302158251,-0.003597122302158251,-0.5,-0.5,138.5,139.0,138.5,139.0,500.0,333.0,27770.0,16581.0,False,False
2603,2022-10-25 11:24:39.203259,-0.003597122302158251,-0.003597122302158251,-0.5,-0.5,138.5,139.0,138.5,139.0,506.0,327.0,27770.0,16581.0,False,False
2603,2022-10-25 11:24:39.208676,-0.003597122302158251,-0.003597122302158251,-0.5,-0.5,138.5,139.0,138.5,139.0,509.0,325.0,27770.0,16581.0,False,False
2603,2022-10-25 11:24:39.209297,-0.003597122302158251,-0.003597122302158251,-0.5,-0.5,138.5,139.0,138.5,139.0,509.0,323.0,27770.0,16581.0,False,False
2603,2022-10-25 11:24:39.211427,-0.003597122302158251,-0.003597122302158251,-0.5,-0.5,138.5,139.0,138.5,139.0,509.0,321.0,27770.0,16581.0,False,False
2603,2022-10-25 11:24:39.219769,-0.007168458781361964,-0.003597122302158251,-1.0,-0.5,138.5,139.5,138.5,139.0,509.0,1050.0,27770.0,16581.0,False,False
2603,2022-10-25 11:24:39.253011,-0.007168458781361964,0.0,-1.0,0.0,139.0,139.5,138.5,139.0,81.0,1050.0,27770.0,16581.0,False,False
2603,2022-10-25 11:24:39.257106,-0.007168458781361964,0.0,-1.0,0.0,139.0,139.5,138.5,139.0,83.0,1050.0,27770.0,16581.0,False,False
2603,2022-10-25 11:24:39.364917,-0.007168458781361964,0.0,-1.0,0.0,139.0,139.5,138.5,139.0,202.0,1050.0,27770.0,16581.0,False,False
2603,2022-10-25 11:24:39.401246,-0.007168458781361964,0.0,-1.0,0.0,139.0,139.5,138.5,139.0,202.0,1049.0,27770.0,16581.0,False,False
2603,2022-10-25 11:24:39.495169,-0.007168458781361964,0.0,-1.0,0.0,139.0,139.5,138.5,139.0,215.0,1049.0,27770.0,16581.0,False,False
2603,2022-10-25 11:24:39.521990,-0.007168458781361964,0.0,-1.0,0.0,139.0,139.5,138.5,139.0,215.0,1049.0,27770.0,16581.0,False,False
2603,2022-10-25 11:24:39.815308,-0.007168458781361964,0.0,-1.0,0.0,139.0,139.5,138.5,139.0,214.0,1049.0,27770.0,16581.0,False,False
2603,2022-10-25 11:24:39.818057,-0.007168458781361964,0.0,-1.0,0.0,139.0,139.5,138.5,139.0,214.0,1049.0,27770.0,16581.0,False,False
2603,2022-10-25 11:24:39.834296,-0.007168458781361964,0.0,-1.0,0.0,139.0,139.5,138.5,139.0,216.0,1049.0,27770.0,16581.0,False,False
2603,2022-10-25 11:24:39.963880,-0.007168458781361964,0.0,-1.0,0.0,139.0,139.5,138.5,139.0,219.0,1049.0,27770.0,16581.0,False,False
2603,2022-10-25 11:24:40.063950,-0.007168458781361964,0.0,-1.0,0.0,139.0,139.5,138.5,139.0,219.0,1048.0,27770.0,16581.0,False,False
2603,2022-10-25 11:24:40.107751,-0.007168458781361964,0.0,-1.0,0.0,139.0,139.5,138.5,139.0,219.0,1048.0,27770.0,16581.0,False,False
2603,2022-10-25 11:24:40.229417,-0.007168458781361964,0.0,-1.0,0.0,139.0,139.5,138.5,139.0,219.0,1048.0,27770.0,16581.0,False,False
2603,2022-10-25 11:24:40.339058,-0.007168458781361964,0.0,-1.0,0.0,139.0,139.5,138.5,139.0,223.0,1048.0,27770.0,16581.0,False,False
2603,2022-10-25 11:24:40.404990,-0.007168458781361964,0.0,-1.0,0.0,139.0,139.5,138.5,139.0,223.0,1048.0,27770.0,16581.0,False,False
2603,2022-10-25 11:24:40.591016,-0.007168458781361964,0.0,-1.0,0.0,139.0,139.5,138.5,139.0,227.0,1055.0,27770.0,16581.0,False,False
2603,2022-10-25 11:24:40.646479,-0.007168458781361964,0.0,-1.0,0.0,139.0,139.5,138.5,139.0,227.0,1051.0,27770.0,16581.0,False,False
2603,2022-10-25 11:24:40.648045,-0.007168458781361964,0.0,-1.0,0.0,139.0,139.5,138.5,139.0,227.0,1047.0,27770.0,16581.0,False,False
2603,2022-10-25 11:24:40.728522,-0.007168458781361964,0.0,-1.0,0.0,139.0,139.5,138.5,139.0,159.0,1047.0,27770.0,16581.0,False,False
2603,2022-10-25 11:24:40.872549,-0.007168458781361964,0.0,-1.0,0.0,139.0,139.5,138.5,139.0,151.0,1048.0,27770.0,16581.0,False,False
2603,2022-10-25 11:24:40.977120,-0.007168458781361964,0.0,-1.0,0.0,139.0,139.5,138.5,139.0,142.0,1048.0,27770.0,16581.0,False,False
2603,2022-10-25 11:24:41.042382,-0.007168458781361964,0.0,-1.0,0.0,139.0,139.5,138.5,139.0,142.0,1048.0,27770.0,16581.0,False,False
2603,2022-10-25 11:24:41.194531,-0.007168458781361964,0.0,-1.0,0.0,139.0,139.5,138.5,139.0,142.0,1048.0,27770.0,16581.0,False,False
2603,2022-10-25 11:24:41.358447,-0.007168458781361964,0.0,-1.0,0.0,139.0,139.5,138.5,139.0,142.0,1048.0,27770.0,16581.0,False,False
2603,2022-10-25 11:24:41.395055,-0.007168458781361964,0.0,-1.0,0.0,139.0,139.5,138.5,139.0,142.0,1048.0,27770.0,16581.0,False,False
2603,2022-10-25 11:24:41.879732,-0.007168458781361964,0.0,-1.0,0.0,139.0,139.5,138.5,139.0,142.0,1048.0,27770.0,16581.0,False,False
2603,2022-10-25 11:24:42.181525,-0.007168458781361964,0.0,-1.0,0.0,139.0,139.5,138.5,139.0,144.0,1048.0,27770.0,16581.0,False,False
2603,2022-10-25 11:24:42.289811,-0.007168458781361964,0.0,-1.0,0.0,139.0,139.5,138.5,139.0,144.0,1046.0,27770.0,16581.0,False,False
2603,2022-10-25 11:24:42.650636,-0.007168458781361964,0.0,-1.0,0.0,139.0,139.5,138.5,139.0,144.0,1045.0,27770.0,16581.0,False,False
2603,2022-10-25 11:24:42.827107,-0.007168458781361964,0.0,-1.0,0.0,139.0,139.5,138.5,139.0,144.0,1045.0,27770.0,16581.0,False,False
2603,2022-10-25 11:24:42.868010,-0.007168458781361964,0.0,-1.0,0.0,139.0,139.5,138.5,139.0,155.0,1045.0,27770.0,16581.0,False,False
2603,2022-10-25 11:24:42.927973,-0.007168458781361964,0.0,-1.0,0.0,139.0,139.5,138.5,139.0,155.0,1045.0,27770.0,16581.0,False,False
2603,2022-10-25 11:24:43.040792,-0.007168458781361964,0.0,-1.0,0.0,139.0,139.5,138.5,139.0,155.0,1045.0,27770.0,16581.0,False,False
2603,2022-10-25 11:24:43.231945,-0.007168458781361964,0.0,-1.0,0.0,139.0,139.5,138.5,139.0,161.0,1045.0,27770.0,16581.0,False,False
2603,2022-10-25 11:24:43.408384,-0.007168458781361964,0.0,-1.0,0.0,139.0,139.5,138.5,139.0,161.0,1045.0,27770.0,16581.0,False,False
2603,2022-10-25 11:24:43.411136,-0.007168458781361964,0.0,-1.0,0.0,139.0,139.5,138.5,139.0,161.0,1045.0,27770.0,16581.0,False,False
2603,2022-10-25 11:24:43.857503,-0.007168458781361964,0.0,-1.0,0.0,139.0,139.5,138.5,139.0,161.0,1045.0,27770.0,16581.0,False,False
2603,2022-10-25 11:24:43.861343,-0.007168458781361964,0.0,-1.0,0.0,139.0,139.5,138.5,139.0,167.0,1045.0,27770.0,16581.0,False,False
2603,2022-10-25 11:24:44.014038,-0.007168458781361964,0.0,-1.0,0.0,139.0,139.5,138.5,139.0,172.0,1045.0,27770.0,16581.0,False,False
2603,2022-10-25 11:24:44.084224,-0.007168458781361964,0.0,-1.0,0.0,139.0,139.5,138.5,139.0,227.0,1045.0,27770.0,16581.0,False,False
2603,2022-10-25 11:24:44.161524,-0.007168458781361964,0.0,-1.0,0.0,139.0,139.5,138.5,139.0,227.0,1045.0,27770.0,16581.0,False,False
2603,2022-10-25 11:24:44.381934,-0.007168458781361964,0.0,-1.0,0.0,139.0,139.5,138.5,139.0,222.0,1045.0,27770.0,16581.0,False,False
2603,2022-10-25 11:24:44.482273,-0.007168458781361964,0.0,-1.0,0.0,139.0,139.5,138.5,139.0,222.0,1045.0,27770.0,16581.0,False,False
2603,2022-10-25 11:24:44.620150,-0.007168458781361964,0.0,-1.0,0.0,139.0,139.5,138.5,139.0,219.0,1045.0,27770.0,16581.0,False,False
2603,2022-10-25 11:24:44.681002,-0.007168458781361964,0.0,-1.0,0.0,139.0,139.5,138.5,139.0,219.0,1045.0,27770.0,16581.0,False,False
2603,2022-10-25 11:24:44.763940,-0.007168458781361964,0.0,-1.0,0.0,139.0,139.5,138.5,139.0,219.0,1044.0,27770.0,16581.0,False,False
2603,2022-10-25 11:24:45.032608,-0.007168458781361964,0.0,-1.0,0.0,139.0,139.5,138.5,139.0,274.0,1044.0,27770.0,16581.0,False,False
2603,2022-10-25 11:24:45.213290,-0.007168458781361964,0.0,-1.0,0.0,139.0,139.5,138.5,139.0,275.0,1044.0,27770.0,16581.0,False,False
2603,2022-10-25 11:24:45.413688,-0.007168458781361964,0.0,-1.0,0.0,139.0,139.5,138.5,139.0,277.0,1044.0,27770.0,16581.0,False,False
2603,2022-10-25 11:24:45.435012,-0.007168458781361964,0.0,-1.0,0.0,139.0,139.5,138.5,139.0,277.0,1044.0,27770.0,16581.0,False,False
2603,2022-10-25 11:24:45.578118,-0.007168458781361964,0.0,-1.0,0.0,139.0,139.5,138.5,139.0,283.0,1044.0,27770.0,16581.0,False,False
2603,2022-10-25 11:24:45.758141,-0.007168458781361964,0.0,-1.0,0.0,139.0,139.5,138.5,139.0,285.0,1039.0,27770.0,16581.0,False,False
2603,2022-10-25 11:24:45.720660,-0.007168458781361964,0.0,-1.0,0.0,139.0,139.5,138.5,139.0,285.0,1044.0,27770.0,16581.0,False,False
2603,2022-10-25 11:24:45.861150,-0.007168458781361964,0.0,-1.0,0.0,139.0,139.5,138.5,139.0,286.0,1039.0,27770.0,16581.0,False,False
2603,2022-10-25 11:24:45.934583,-0.007168458781361964,0.0,-1.0,0.0,139.0,139.5,138.5,139.0,290.0,1039.0,27770.0,16581.0,False,False
2603,2022-10-25 11:24:46.156107,-0.007168458781361964,0.0,-1.0,0.0,139.0,139.5,138.5,139.0,290.0,1038.0,27770.0,16581.0,False,False
2603,2022-10-25 11:24:46.453848,-0.007168458781361964,0.0,-1.0,0.0,139.0,139.5,138.5,139.0,291.0,1038.0,27770.0,16581.0,False,False
2603,2022-10-25 11:24:47.188134,-0.007168458781361964,0.0,-1.0,0.0,139.0,139.5,138.5,139.0,292.0,1038.0,27770.0,16581.0,False,False
2603,2022-10-25 11:24:47.252659,-0.007168458781361964,0.0,-1.0,0.0,139.0,139.5,138.5,139.0,292.0,938.0,27770.0,16581.0,False,False
2603,2022-10-25 11:24:47.386621,-0.007168458781361964,0.0,-1.0,0.0,139.0,139.5,138.5,139.0,292.0,937.0,27770.0,16581.0,False,False
2603,2022-10-25 11:24:47.993685,-0.007168458781361964,0.0,-1.0,0.0,139.0,139.5,138.5,139.0,292.0,935.0,27770.0,16581.0,False,False
2603,2022-10-25 11:24:48.053185,-0.007168458781361964,0.0,-1.0,0.0,139.0,139.5,138.5,139.0,292.0,934.0,27770.0,16581.0,False,False
2603,2022-10-25 11:24:48.866484,-0.007168458781361964,0.0,-1.0,0.0,139.0,139.5,138.5,139.0,292.0,934.0,61050.0,16581.0,True,True
2603,2022-10-25 11:24:49.365496,-0.007168458781361964,0.0,-1.0,0.0,139.0,139.5,138.5,139.0,292.0,934.0,61050.0,16581.0,False,False
2603,2022-10-25 11:24:49.671933,-0.007168458781361964,0.0,-1.0,0.0,139.0,139.5,138.5,139.0,294.0,934.0,61050.0,16581.0,False,False
2603,2022-10-25 11:24:49.899246,-0.007168458781361964,0.0,-1.0,0.0,139.0,139.5,138.5,139.0,312.0,934.0,61050.0,16581.0,False,False
2603,2022-10-25 11:24:50.039517,-0.007168458781361964,0.0,-1.0,0.0,139.0,139.5,138.5,139.0,313.0,934.0,61050.0,16581.0,False,False
2603,2022-10-25 11:24:50.087401,-0.007168458781361964,0.0,-1.0,0.0,139.0,139.5,138.5,139.0,333.0,934.0,61050.0,16581.0,False,False
2603,2022-10-25 11:24:50.278291,-0.007168458781361964,0.0,-1.0,0.0,139.0,139.5,138.5,139.0,333.0,933.0,61050.0,16581.0,False,False
2603,2022-10-25 11:24:51.204854,-0.007168458781361964,0.0,-1.0,0.0,139.0,139.5,138.5,139.0,333.0,931.0,61050.0,16581.0,False,False
2603,2022-10-25 11:24:51.533260,-0.007168458781361964,0.0,-1.0,0.0,139.0,139.5,138.5,139.0,333.0,932.0,61050.0,16581.0,False,False
2603,2022-10-25 11:24:51.859095,-0.007168458781361964,0.0,-1.0,0.0,139.0,139.5,138.5,139.0,333.0,931.0,61050.0,16581.0,False,False
2603,2022-10-25 11:24:52.362460,-0.007168458781361964,0.0,-1.0,0.0,139.0,139.5,138.5,139.0,333.0,931.0,61050.0,16581.0,False,False
2603,2022-10-25 11:24:52.369446,-0.007168458781361964,0.0,-1.0,0.0,139.0,139.5,138.5,139.0,333.0,931.0,61050.0,16581.0,False,False
2603,2022-10-25 11:24:52.537440,-0.007168458781361964,0.0,-1.0,0.0,139.0,139.5,138.5,139.0,333.0,932.0,61050.0,16581.0,False,False
2603,2022-10-25 11:24:52.556961,-0.007168458781361964,0.0,-1.0,0.0,139.0,139.5,138.5,139.0,333.0,932.0,61050.0,16581.0,False,False
2603,2022-10-25 11:24:52.697318,-0.007168458781361964,0.0,-1.0,0.0,139.0,139.5,138.5,139.0,333.0,932.0,61050.0,16581.0,False,False
2603,2022-10-25 11:24:53.100135,-0.007168458781361964,0.0,-1.0,0.0,139.0,139.5,138.5,139.0,333.0,932.0,61050.0,16581.0,False,False
2603,2022-10-25 11:24:53.271143,-0.007168458781361964,0.0,-1.0,0.0,139.0,139.5,138.5,139.0,333.0,932.0,61050.0,16581.0,False,False
2603,2022-10-25 11:24:53.525493,-0.007168458781361964,0.0,-1.0,0.0,139.0,139.5,138.5,139.0,333.0,931.0,61050.0,16581.0,False,False
2603,2022-10-25 11:24:53.575500,-0.007168458781361964,0.0,-1.0,0.0,139.0,139.5,138.5,139.0,333.0,931.0,61050.0,16581.0,False,False
2603,2022-10-25 11:24:54.037904,-0.007168458781361964,0.0,-1.0,0.0,139.0,139.5,138.5,139.0,335.0,931.0,61050.0,16581.0,False,False
2603,2022-10-25 11:24:54.397463,-0.007168458781361964,0.0,-1.0,0.0,139.0,139.5,138.5,139.0,335.0,930.0,61050.0,16581.0,False,False
2603,2022-10-25 11:24:54.677033,-0.007168458781361964,0.0,-1.0,0.0,139.0,139.5,138.5,139.0,335.0,930.0,61050.0,16581.0,False,False
2603,2022-10-25 11:24:54.687533,-0.007168458781361964,0.0,-1.0,0.0,139.0,139.5,138.5,139.0,335.0,930.0,61050.0,16581.0,False,False
2603,2022-10-25 11:24:55.426124,-0.007168458781361964,0.0,-1.0,0.0,139.0,139.5,138.5,139.0,335.0,929.0,61050.0,16581.0,False,False
2603,2022-10-25 11:24:55.514471,-0.007168458781361964,0.0,-1.0,0.0,139.0,139.5,138.5,139.0,338.0,929.0,61050.0,16581.0,False,False
2603,2022-10-25 11:24:56.244991,-0.007168458781361964,0.0,-1.0,0.0,139.0,139.5,138.5,139.0,338.0,926.0,61050.0,16581.0,False,False
2603,2022-10-25 11:24:56.371220,-0.007168458781361964,0.0,-1.0,0.0,139.0,139.5,138.5,139.0,338.0,926.0,61050.0,16581.0,False,False
2603,2022-10-25 11:24:57.038964,-0.007168458781361964,0.0,-1.0,0.0,139.0,139.5,138.5,139.0,338.0,926.0,61050.0,16581.0,False,False
2603,2022-10-25 11:24:57.444541,-0.007168458781361964,0.0,-1.0,0.0,139.0,139.5,138.5,139.0,338.0,925.0,61050.0,16581.0,False,False
2603,2022-10-25 11:24:57.686150,-0.007168458781361964,0.0,-1.0,0.0,139.0,139.5,138.5,139.0,338.0,925.0,61050.0,16581.0,False,False
2603,2022-10-25 11:24:57.917488,-0.007168458781361964,0.0,-1.0,0.0,139.0,139.5,138.5,139.0,338.0,925.0,61050.0,16581.0,False,False
2603,2022-10-25 11:24:58.340526,-0.007168458781361964,0.0,-1.0,0.0,139.0,139.5,138.5,139.0,338.0,924.0,61050.0,16581.0,False,False
2603,2022-10-25 11:24:59.041918,-0.007168458781361964,0.0,-1.0,0.0,139.0,139.5,138.5,139.0,338.0,924.0,62850.0,16631.0,True,True
2603,2022-10-25 11:24:59.125187,-0.007168458781361964,0.0,-1.0,0.0,139.0,139.5,138.5,139.0,338.0,916.0,62850.0,16631.0,False,False
2603,2022-10-25 11:24:59.595442,-0.007168458781361964,0.0,-1.0,0.0,139.0,139.5,138.5,139.0,338.0,916.0,62850.0,16631.0,False,False
2603,2022-10-25 11:24:59.643098,-0.007168458781361964,0.0,-1.0,0.0,139.0,139.5,138.5,139.0,338.0,916.0,62850.0,16631.0,False,False
2603,2022-10-25 11:25:00.646862,-0.007168458781361964,0.0,-1.0,0.0,139.0,139.5,138.5,139.0,338.0,916.0,62850.0,16631.0,False,False
2603,2022-10-25 11:25:02.231493,-0.007168458781361964,0.0,-1.0,0.0,139.0,139.5,138.5,139.0,338.0,915.0,62850.0,16631.0,False,False
2603,2022-10-25 11:25:02.347730,-0.007168458781361964,0.0,-1.0,0.0,139.0,139.5,138.5,139.0,338.0,915.0,62850.0,16631.0,False,False
2603,2022-10-25 11:25:03.022628,-0.007168458781361964,0.0,-1.0,0.0,139.0,139.5,138.5,139.0,338.0,915.0,62850.0,16631.0,False,False
2603,2022-10-25 11:25:03.128081,-0.007168458781361964,0.0,-1.0,0.0,139.0,139.5,138.5,139.0,338.0,915.0,62850.0,16631.0,False,False
2603,2022-10-25 11:25:03.147847,-0.007168458781361964,0.0,-1.0,0.0,139.0,139.5,138.5,139.0,333.0,915.0,62850.0,16631.0,False,False
2603,2022-10-25 11:25:03.292063,-0.007168458781361964,0.0,-1.0,0.0,139.0,139.5,138.5,139.0,333.0,915.0,62850.0,16631.0,False,False
2603,2022-10-25 11:25:03.413332,-0.007168458781361964,0.0,-1.0,0.0,139.0,139.5,138.5,139.0,341.0,915.0,62850.0,16631.0,False,False
2603,2022-10-25 11:25:03.533660,-0.007168458781361964,0.0,-1.0,0.0,139.0,139.5,138.5,139.0,345.0,915.0,62850.0,16631.0,False,False
2603,2022-10-25 11:25:03.603860,-0.007168458781361964,0.0,-1.0,0.0,139.0,139.5,138.5,139.0,345.0,921.0,62850.0,16631.0,False,False
2603,2022-10-25 11:25:04.207527,-0.007168458781361964,0.0,-1.0,0.0,139.0,139.5,138.5,139.0,345.0,921.0,62850.0,16631.0,False,False
2603,2022-10-25 11:25:04.299207,-0.007168458781361964,0.0,-1.0,0.0,139.0,139.5,138.5,139.0,345.0,921.0,62850.0,16631.0,False,False
2603,2022-10-25 11:25:04.365116,-0.007168458781361964,0.0,-1.0,0.0,139.0,139.5,138.5,139.0,345.0,921.0,62850.0,16631.0,False,False
2603,2022-10-25 11:25:05.514150,-0.007168458781361964,0.0,-1.0,0.0,139.0,139.5,138.5,139.0,345.0,920.0,62850.0,16631.0,False,False
2603,2022-10-25 11:25:05.542705,-0.007168458781361964,0.0,-1.0,0.0,139.0,139.5,138.5,139.0,345.0,920.0,62850.0,16631.0,False,False
2603,2022-10-25 11:25:05.655134,-0.007168458781361964,0.0,-1.0,0.0,139.0,139.5,138.5,139.0,345.0,917.0,62850.0,16631.0,False,False
2603,2022-10-25 11:25:05.633010,-0.007168458781361964,0.0,-1.0,0.0,139.0,139.5,138.5,139.0,348.0,920.0,62850.0,16631.0,False,False
2603,2022-10-25 11:25:05.719958,-0.007168458781361964,0.0,-1.0,0.0,139.0,139.5,138.5,139.0,342.0,917.0,62850.0,16631.0,False,False
2603,2022-10-25 11:25:06.150014,-0.007168458781361964,0.0,-1.0,0.0,139.0,139.5,138.5,139.0,343.0,917.0,62850.0,16631.0,False,False
2603,2022-10-25 11:25:06.372902,-0.007168458781361964,0.0,-1.0,0.0,139.0,139.5,138.5,139.0,343.0,917.0,62850.0,16631.0,False,False
2603,2022-10-25 11:25:06.408910,-0.007168458781361964,0.0,-1.0,0.0,139.0,139.5,138.5,139.0,346.0,917.0,62850.0,16631.0,False,False
2603,2022-10-25 11:25:06.438936,-0.007168458781361964,0.0,-1.0,0.0,139.0,139.5,138.5,139.0,343.0,917.0,62850.0,16631.0,False,False
2603,2022-10-25 11:25:06.842975,-0.007168458781361964,0.0,-1.0,0.0,139.0,139.5,138.5,139.0,343.0,917.0,62850.0,16631.0,False,False
2603,2022-10-25 11:25:06.880516,-0.007168458781361964,0.0,-1.0,0.0,139.0,139.5,138.5,139.0,343.0,917.0,62850.0,16631.0,False,False
2603,2022-10-25 11:25:07.265214,-0.007168458781361964,0.0,-1.0,0.0,139.0,139.5,138.5,139.0,343.0,917.0,62850.0,16631.0,False,False
2603,2022-10-25 11:25:07.302246,-0.007168458781361964,0.0,-1.0,0.0,139.0,139.5,138.5,139.0,343.0,917.0,62850.0,16631.0,False,False
2603,2022-10-25 11:25:07.422589,-0.007168458781361964,0.0,-1.0,0.0,139.0,139.5,138.5,139.0,344.0,917.0,62850.0,16631.0,False,False
2603,2022-10-25 11:25:07.462008,-0.007168458781361964,0.0,-1.0,0.0,139.0,139.5,138.5,139.0,344.0,917.0,62850.0,16631.0,False,False
2603,2022-10-25 11:25:07.759801,-0.007168458781361964,0.0,-1.0,0.0,139.0,139.5,138.5,139.0,344.0,917.0,62850.0,16631.0,False,False
2603,2022-10-25 11:25:08.009588,-0.007168458781361964,0.0,-1.0,0.0,139.0,139.5,138.5,139.0,344.0,917.0,62850.0,16631.0,False,False
2603,2022-10-25 11:25:08.240441,-0.007168458781361964,0.0,-1.0,0.0,139.0,139.5,138.5,139.0,344.0,917.0,90578.0,16631.0,False,True
2603,2022-10-25 11:25:08.753395,-0.007168458781361964,0.0,-1.0,0.0,139.0,139.5,138.5,139.0,344.0,917.0,90578.0,16631.0,False,False
2603,2022-10-25 11:25:09.054645,-0.007168458781361964,0.0,-1.0,0.0,139.0,139.5,138.5,139.0,344.0,917.0,90578.0,16631.0,False,False
2603,2022-10-25 11:25:09.126955,-0.007168458781361964,0.0,-1.0,0.0,139.0,139.5,138.5,139.0,344.0,917.0,90578.0,16631.0,False,False
2603,2022-10-25 11:25:09.263433,-0.007168458781361964,0.0,-1.0,0.0,139.0,139.5,138.5,139.0,344.0,918.0,90578.0,16631.0,False,False
2603,2022-10-25 11:25:10.457060,-0.007168458781361964,0.0,-1.0,0.0,139.0,139.5,138.5,139.0,344.0,916.0,90578.0,16631.0,False,False
2603,2022-10-25 11:25:10.819165,-0.007168458781361964,0.0,-1.0,0.0,139.0,139.5,138.5,139.0,344.0,914.0,90578.0,16631.0,False,False
2603,2022-10-25 11:25:10.884798,-0.007168458781361964,0.0,-1.0,0.0,139.0,139.5,138.5,139.0,344.0,914.0,90578.0,16631.0,False,False
2603,2022-10-25 11:25:11.181083,-0.007168458781361964,0.0,-1.0,0.0,139.0,139.5,138.5,139.0,344.0,913.0,90578.0,16631.0,False,False
2603,2022-10-25 11:25:11.375360,-0.007168458781361964,0.0,-1.0,0.0,139.0,139.5,138.5,139.0,344.0,912.0,90578.0,16631.0,False,False
2603,2022-10-25 11:25:11.689710,-0.007168458781361964,0.0,-1.0,0.0,139.0,139.5,138.5,139.0,344.0,887.0,90578.0,16631.0,False,False
2603,2022-10-25 11:25:11.750106,-0.007168458781361964,0.0,-1.0,0.0,139.0,139.5,138.5,139.0,344.0,886.0,90578.0,16631.0,False,False
2603,2022-10-25 11:25:11.883804,-0.007168458781361964,0.0,-1.0,0.0,139.0,139.5,138.5,139.0,344.0,886.0,90578.0,16631.0,False,False
2603,2022-10-25 11:25:11.946059,-0.007168458781361964,0.0,-1.0,0.0,139.0,139.5,138.5,139.0,344.0,886.0,90578.0,16631.0,False,False
2603,2022-10-25 11:25:13.544187,-0.007168458781361964,0.0,-1.0,0.0,139.0,139.5,138.5,139.0,344.0,885.0,90578.0,16631.0,False,False
2603,2022-10-25 11:25:13.906672,-0.007168458781361964,0.0,-1.0,0.0,139.0,139.5,138.5,139.0,344.0,885.0,90578.0,16631.0,False,False
2603,2022-10-25 11:25:13.969835,-0.007168458781361964,0.0,-1.0,0.0,139.0,139.5,138.5,139.0,344.0,885.0,90578.0,16631.0,False,False
2603,2022-10-25 11:25:14.142996,-0.007168458781361964,0.0,-1.0,0.0,139.0,139.5,138.5,139.0,344.0,884.0,90578.0,16631.0,False,False
2603,2022-10-25 11:25:14.173581,-0.007168458781361964,0.0,-1.0,0.0,139.0,139.5,138.5,139.0,347.0,884.0,90578.0,16631.0,False,False
2603,2022-10-25 11:25:14.203804,-0.007168458781361964,0.0,-1.0,0.0,139.0,139.5,138.5,139.0,344.0,884.0,90578.0,16631.0,False,False
2603,2022-10-25 11:25:14.796920,-0.007168458781361964,0.0,-1.0,0.0,139.0,139.5,138.5,139.0,344.0,884.0,90578.0,16631.0,False,False
2603,2022-10-25 11:25:14.858407,-0.007168458781361964,0.0,-1.0,0.0,139.0,139.5,138.5,139.0,344.0,884.0,90578.0,16631.0,False,False
2603,2022-10-25 11:25:15.208897,-0.007168458781361964,0.0,-1.0,0.0,139.0,139.5,138.5,139.0,344.0,885.0,90578.0,16631.0,False,False
2603,2022-10-25 11:25:15.360889,-0.007168458781361964,0.0,-1.0,0.0,139.0,139.5,138.5,139.0,344.0,883.0,90578.0,16631.0,False,False
2603,2022-10-25 11:25:15.527763,-0.007168458781361964,0.0,-1.0,0.0,139.0,139.5,138.5,139.0,344.0,883.0,90578.0,16631.0,False,False
2603,2022-10-25 11:25:15.540476,-0.007168458781361964,0.0,-1.0,0.0,139.0,139.5,138.5,139.0,344.0,883.0,90578.0,16631.0,False,False
2603,2022-10-25 11:25:16.403223,-0.007168458781361964,0.0,-1.0,0.0,139.0,139.5,138.5,139.0,344.0,883.0,90578.0,16631.0,False,False
2603,2022-10-25 11:25:16.602987,-0.007168458781361964,0.0,-1.0,0.0,139.0,139.5,138.5,139.0,344.0,883.0,90578.0,16631.0,False,False
2603,2022-10-25 11:25:16.644519,-0.007168458781361964,0.0,-1.0,0.0,139.0,139.5,138.5,139.0,347.0,883.0,90578.0,16631.0,False,False
2603,2022-10-25 11:25:16.684864,-0.007168458781361964,0.0,-1.0,0.0,139.0,139.5,138.5,139.0,344.0,883.0,90578.0,16631.0,False,False
2603,2022-10-25 11:25:16.839144,-0.007168458781361964,0.0,-1.0,0.0,139.0,139.5,138.5,139.0,345.0,883.0,90578.0,16631.0,False,False
2603,2022-10-25 11:25:17.251342,-0.007168458781361964,0.0,-1.0,0.0,139.0,139.5,138.5,139.0,345.0,894.0,90578.0,16631.0,False,False
2603,2022-10-25 11:25:17.390054,-0.007168458781361964,0.0,-1.0,0.0,139.0,139.5,138.5,139.0,345.0,894.0,90578.0,16631.0,False,False
2603,2022-10-25 11:25:17.611782,-0.007168458781361964,0.0,-1.0,0.0,139.0,139.5,138.5,139.0,345.0,894.0,90578.0,16631.0,False,False
2603,2022-10-25 11:25:17.652038,-0.007168458781361964,0.0,-1.0,0.0,139.0,139.5,138.5,139.0,348.0,894.0,90578.0,16631.0,False,False
2603,2022-10-25 11:25:17.682058,-0.007168458781361964,0.0,-1.0,0.0,139.0,139.5,138.5,139.0,345.0,894.0,90578.0,16631.0,False,False
2603,2022-10-25 11:25:17.802494,-0.007168458781361964,0.0,-1.0,0.0,139.0,139.5,138.5,139.0,345.0,893.0,90578.0,16631.0,False,False
2603,2022-10-25 11:25:17.864920,-0.007168458781361964,0.0,-1.0,0.0,139.0,139.5,138.5,139.0,345.0,893.0,90578.0,16631.0,False,False
2603,2022-10-25 11:25:18.017627,-0.007168458781361964,0.0,-1.0,0.0,139.0,139.5,138.5,139.0,345.0,894.0,90578.0,16631.0,False,False
2603,2022-10-25 11:25:18.249678,-0.007168458781361964,0.0,-1.0,0.0,139.0,139.5,138.5,139.0,345.0,894.0,68247.0,16631.0,True,True
2603,2022-10-25 11:25:18.581013,-0.007168458781361964,0.0,-1.0,0.0,139.0,139.5,138.5,139.0,345.0,893.0,68247.0,16631.0,False,False
2603,2022-10-25 11:25:18.620681,-0.007168458781361964,0.0,-1.0,0.0,139.0,139.5,138.5,139.0,348.0,893.0,68247.0,16631.0,False,False
2603,2022-10-25 11:25:18.658818,-0.007168458781361964,0.0,-1.0,0.0,139.0,139.5,138.5,139.0,345.0,893.0,68247.0,16631.0,False,False
2603,2022-10-25 11:25:18.860446,-0.007168458781361964,0.0,-1.0,0.0,139.0,139.5,138.5,139.0,345.0,893.0,68247.0,16631.0,False,False
2603,2022-10-25 11:25:20.208531,-0.007168458781361964,0.0,-1.0,0.0,139.0,139.5,138.5,139.0,345.0,893.0,68247.0,16631.0,False,False
2603,2022-10-25 11:25:20.238820,-0.007168458781361964,0.0,-1.0,0.0,139.0,139.5,138.5,139.0,348.0,893.0,68247.0,16631.0,False,False
2603,2022-10-25 11:25:20.270764,-0.007168458781361964,0.0,-1.0,0.0,139.0,139.5,138.5,139.0,345.0,893.0,68247.0,16631.0,False,False
2603,2022-10-25 11:25:20.490587,-0.007168458781361964,0.0,-1.0,0.0,139.0,139.5,138.5,139.0,345.0,893.0,68247.0,16631.0,False,False
2603,2022-10-25 11:25:20.564820,-0.007168458781361964,0.0,-1.0,0.0,139.0,139.5,138.5,139.0,345.0,893.0,68247.0,16631.0,False,False
2603,2022-10-25 11:25:21.251888,-0.007168458781361964,0.0,-1.0,0.0,139.0,139.5,138.5,139.0,345.0,892.0,68247.0,16631.0,False,False
2603,2022-10-25 11:25:21.811401,-0.007168458781361964,0.0,-1.0,0.0,139.0,139.5,138.5,139.0,345.0,892.0,68247.0,16631.0,False,False
2603,2022-10-25 11:25:21.963678,-0.007168458781361964,0.0,-1.0,0.0,139.0,139.5,138.5,139.0,345.0,892.0,68247.0,16631.0,False,False
2603,2022-10-25 11:25:21.999358,-0.007168458781361964,0.0,-1.0,0.0,139.0,139.5,138.5,139.0,348.0,892.0,68247.0,16631.0,False,False
2603,2022-10-25 11:25:22.042409,-0.007168458781361964,0.0,-1.0,0.0,139.0,139.5,138.5,139.0,345.0,892.0,68247.0,16631.0,False,False
2603,2022-10-25 11:25:22.238396,-0.007168458781361964,0.0,-1.0,0.0,139.0,139.5,138.5,139.0,345.0,892.0,68247.0,16631.0,False,False
2603,2022-10-25 11:25:22.497101,-0.007168458781361964,0.0,-1.0,0.0,139.0,139.5,138.5,139.0,345.0,891.0,68247.0,16631.0,False,False
2603,2022-10-25 11:25:22.574918,-0.007168458781361964,0.0,-1.0,0.0,139.0,139.5,138.5,139.0,345.0,891.0,68247.0,16631.0,False,False
2603,2022-10-25 11:25:22.836790,-0.007168458781361964,0.0,-1.0,0.0,139.0,139.5,138.5,139.0,345.0,891.0,68247.0,16631.0,False,False
2603,2022-10-25 11:25:22.867924,-0.007168458781361964,0.0,-1.0,0.0,139.0,139.5,138.5,139.0,348.0,891.0,68247.0,16631.0,False,False
2603,2022-10-25 11:25:22.898259,-0.007168458781361964,0.0,-1.0,0.0,139.0,139.5,138.5,139.0,345.0,891.0,68247.0,16631.0,False,False
2603,2022-10-25 11:25:23.559970,-0.007168458781361964,0.0,-1.0,0.0,139.0,139.5,138.5,139.0,345.0,891.0,68247.0,16631.0,False,False
2603,2022-10-25 11:25:23.602151,-0.007168458781361964,0.0,-1.0,0.0,139.0,139.5,138.5,139.0,354.0,891.0,68247.0,16631.0,False,False
2603,2022-10-25 11:25:23.644515,-0.007168458781361964,0.0,-1.0,0.0,139.0,139.5,138.5,139.0,351.0,891.0,68247.0,16631.0,False,False
2603,2022-10-25 11:25:23.983071,-0.007168458781361964,0.0,-1.0,0.0,139.0,139.5,138.5,139.0,351.0,893.0,68247.0,16631.0,False,False
2603,2022-10-25 11:25:24.070401,-0.007168458781361964,0.0,-1.0,0.0,139.0,139.5,138.5,139.0,351.0,895.0,68247.0,16631.0,False,False
2603,2022-10-25 11:25:24.322866,-0.007168458781361964,0.0,-1.0,0.0,139.0,139.5,138.5,139.0,360.0,895.0,68247.0,16631.0,False,False
2603,2022-10-25 11:25:24.356653,-0.007168458781361964,0.0,-1.0,0.0,139.0,139.5,138.5,139.0,363.0,895.0,68247.0,16631.0,False,False
2603,2022-10-25 11:25:24.390877,-0.007168458781361964,0.0,-1.0,0.0,139.0,139.5,138.5,139.0,360.0,895.0,68247.0,16631.0,False,False
2603,2022-10-25 11:25:24.680820,-0.007168458781361964,0.0,-1.0,0.0,139.0,139.5,138.5,139.0,360.0,894.0,68247.0,16631.0,False,False
2603,2022-10-25 11:25:24.717742,-0.007168458781361964,0.0,-1.0,0.0,139.0,139.5,138.5,139.0,363.0,894.0,68247.0,16631.0,False,False
2603,2022-10-25 11:25:24.860534,-0.007168458781361964,0.0,-1.0,0.0,139.0,139.5,138.5,139.0,360.0,893.0,68247.0,16631.0,False,False
2603,2022-10-25 11:25:24.923418,-0.007168458781361964,0.0,-1.0,0.0,139.0,139.5,138.5,139.0,360.0,893.0,68247.0,16631.0,False,False
2603,2022-10-25 11:25:25.284490,-0.007168458781361964,0.0,-1.0,0.0,139.0,139.5,138.5,139.0,360.0,893.0,68247.0,16631.0,False,False
2603,2022-10-25 11:25:25.312168,-0.007168458781361964,0.0,-1.0,0.0,139.0,139.5,138.5,139.0,443.0,892.0,68247.0,16631.0,False,False
2603,2022-10-25 11:25:25.341275,-0.007168458781361964,0.0,-1.0,0.0,139.0,139.5,138.5,139.0,443.0,891.0,68247.0,16631.0,False,False
2603,2022-10-25 11:25:25.383585,-0.007168458781361964,0.0,-1.0,0.0,139.0,139.5,138.5,139.0,443.0,891.0,68247.0,16631.0,False,False
2603,2022-10-25 11:25:25.447255,-0.007168458781361964,0.0,-1.0,0.0,139.0,139.5,138.5,139.0,443.0,889.0,68247.0,16631.0,False,False
2603,2022-10-25 11:25:25.469306,-0.007168458781361964,0.0,-1.0,0.0,139.0,139.5,138.5,139.0,446.0,889.0,68247.0,16631.0,False,False
2603,2022-10-25 11:25:25.559007,-0.007168458781361964,0.0,-1.0,0.0,139.0,139.5,138.5,139.0,443.0,889.0,68247.0,16631.0,False,False
2603,2022-10-25 11:25:26.140795,-0.007168458781361964,0.0,-1.0,0.0,139.0,139.5,138.5,139.0,443.0,888.0,68247.0,16631.0,False,False
2603,2022-10-25 11:25:26.165486,-0.007168458781361964,0.0,-1.0,0.0,139.0,139.5,138.5,139.0,446.0,888.0,68247.0,16631.0,False,False
2603,2022-10-25 11:25:26.185184,-0.007168458781361964,0.0,-1.0,0.0,139.0,139.5,138.5,139.0,443.0,888.0,68247.0,16631.0,False,False
2603,2022-10-25 11:25:26.327329,-0.007168458781361964,0.0,-1.0,0.0,139.0,139.5,138.5,139.0,434.0,888.0,68247.0,16631.0,False,False
2603,2022-10-25 11:25:26.697843,-0.007168458781361964,0.0,-1.0,0.0,139.0,139.5,138.5,139.0,434.0,887.0,68247.0,16631.0,False,False
2603,2022-10-25 11:25:26.754523,-0.007168458781361964,0.0,-1.0,0.0,139.0,139.5,138.5,139.0,437.0,887.0,68247.0,16631.0,False,False
2603,2022-10-25 11:25:26.784639,-0.007168458781361964,0.0,-1.0,0.0,139.0,139.5,138.5,139.0,434.0,887.0,68247.0,16631.0,False,False
2603,2022-10-25 11:25:27.587951,-0.007168458781361964,0.0,-1.0,0.0,139.0,139.5,138.5,139.0,434.0,887.0,68247.0,16631.0,False,False
2603,2022-10-25 11:25:27.822696,-0.007168458781361964,0.0,-1.0,0.0,139.0,139.5,138.5,139.0,434.0,887.0,68247.0,16631.0,False,False
2603,2022-10-25 11:25:27.848442,-0.007168458781361964,0.0,-1.0,0.0,139.0,139.5,138.5,139.0,437.0,887.0,68247.0,16631.0,False,False
2603,2022-10-25 11:25:27.880495,-0.007168458781361964,0.0,-1.0,0.0,139.0,139.5,138.5,139.0,434.0,887.0,68247.0,16631.0,False,False
2603,2022-10-25 11:25:28.145325,-0.007168458781361964,0.0,-1.0,0.0,139.0,139.5,138.5,139.0,434.0,888.0,68247.0,16631.0,False,False
2603,2022-10-25 11:25:28.233864,-0.007168458781361964,0.0,-1.0,0.0,139.0,139.5,138.5,139.0,434.0,888.0,68247.0,16631.0,False,False
2603,2022-10-25 11:25:28.270042,-0.007168458781361964,0.0,-1.0,0.0,139.0,139.5,138.5,139.0,434.0,888.0,68247.0,8639.0,True,True
2603,2022-10-25 11:25:28.359235,-0.007168458781361964,0.0,-1.0,0.0,139.0,139.5,138.5,139.0,434.0,888.0,68247.0,8639.0,False,False
2603,2022-10-25 11:25:28.524893,-0.007168458781361964,0.0,-1.0,0.0,139.0,139.5,138.5,139.0,434.0,888.0,68247.0,8639.0,False,False
2603,2022-10-25 11:25:29.776888,-0.007168458781361964,0.0,-1.0,0.0,139.0,139.5,138.5,139.0,435.0,888.0,68247.0,8639.0,False,False
2603,2022-10-25 11:25:30.127647,-0.007168458781361964,0.0,-1.0,0.0,139.0,139.5,138.5,139.0,434.0,888.0,68247.0,8639.0,False,False
2603,2022-10-25 11:25:30.196557,-0.007168458781361964,0.0,-1.0,0.0,139.0,139.5,138.5,139.0,434.0,888.0,68247.0,8639.0,False,False
2603,2022-10-25 11:25:30.313083,-0.007168458781361964,0.0,-1.0,0.0,139.0,139.5,138.5,139.0,443.0,888.0,68247.0,8639.0,False,False
2603,2022-10-25 11:25:30.405808,-0.007168458781361964,0.0,-1.0,0.0,139.0,139.5,138.5,139.0,443.0,887.0,68247.0,8639.0,False,False
2603,2022-10-25 11:25:30.480784,-0.007168458781361964,0.0,-1.0,0.0,139.0,139.5,138.5,139.0,446.0,887.0,68247.0,8639.0,False,False
2603,2022-10-25 11:25:30.496221,-0.007168458781361964,0.0,-1.0,0.0,139.0,139.5,138.5,139.0,446.0,885.0,68247.0,8639.0,False,False
2603,2022-10-25 11:25:30.541378,-0.007168458781361964,0.0,-1.0,0.0,139.0,139.5,138.5,139.0,443.0,885.0,68247.0,8639.0,False,False
2603,2022-10-25 11:25:30.585197,-0.007168458781361964,0.0,-1.0,0.0,139.0,139.5,138.5,139.0,446.0,885.0,68247.0,8639.0,False,False
2603,2022-10-25 11:25:30.694841,-0.007168458781361964,0.0,-1.0,0.0,139.0,139.5,138.5,139.0,443.0,885.0,68247.0,8639.0,False,False
2603,2022-10-25 11:25:30.950068,-0.007168458781361964,0.0,-1.0,0.0,139.0,139.5,138.5,139.0,443.0,885.0,68247.0,8639.0,False,False
2603,2022-10-25 11:25:31.027356,-0.007168458781361964,0.0,-1.0,0.0,139.0,139.5,138.5,139.0,443.0,885.0,68247.0,8639.0,False,False
2603,2022-10-25 11:25:31.282952,-0.007168458781361964,0.0,-1.0,0.0,139.0,139.5,138.5,139.0,434.0,885.0,68247.0,8639.0,False,False
2603,2022-10-25 11:25:31.466505,-0.007168458781361964,0.0,-1.0,0.0,139.0,139.5,138.5,139.0,434.0,884.0,68247.0,8639.0,False,False
2603,2022-10-25 11:25:31.519571,-0.007168458781361964,0.0,-1.0,0.0,139.0,139.5,138.5,139.0,437.0,884.0,68247.0,8639.0,False,False
2603,2022-10-25 11:25:31.559722,-0.007168458781361964,0.0,-1.0,0.0,139.0,139.5,138.5,139.0,434.0,884.0,68247.0,8639.0,False,False
2603,2022-10-25 11:25:31.673908,-0.007168458781361964,0.0,-1.0,0.0,139.0,139.5,138.5,139.0,434.0,883.0,68247.0,8639.0,False,False
2603,2022-10-25 11:25:31.934006,-0.007168458781361964,0.0,-1.0,0.0,139.0,139.5,138.5,139.0,434.0,882.0,68247.0,8639.0,False,False
2603,2022-10-25 11:25:31.968759,-0.007168458781361964,0.0,-1.0,0.0,139.0,139.5,138.5,139.0,437.0,882.0,68247.0,8639.0,False,False
2603,2022-10-25 11:25:32.039925,-0.007168458781361964,0.0,-1.0,0.0,139.0,139.5,138.5,139.0,434.0,883.0,68247.0,8639.0,False,False
2603,2022-10-25 11:25:33.050016,-0.007168458781361964,0.0,-1.0,0.0,139.0,139.5,138.5,139.0,434.0,884.0,68247.0,8639.0,False,False
2603,2022-10-25 11:25:33.111267,-0.007168458781361964,0.0,-1.0,0.0,139.0,139.5,138.5,139.0,434.0,884.0,68247.0,8639.0,False,False
2603,2022-10-25 11:25:33.177408,-0.007168458781361964,0.0,-1.0,0.0,139.0,139.5,138.5,139.0,434.0,884.0,68247.0,8639.0,False,False
2603,2022-10-25 11:25:33.227494,-0.007168458781361964,0.0,-1.0,0.0,139.0,139.5,138.5,139.0,434.0,885.0,68247.0,8639.0,False,False
2603,2022-10-25 11:25:33.930325,-0.007168458781361964,0.0,-1.0,0.0,139.0,139.5,138.5,139.0,434.0,885.0,68247.0,8639.0,False,False
2603,2022-10-25 11:25:33.962389,-0.007168458781361964,0.0,-1.0,0.0,139.0,139.5,138.5,139.0,437.0,885.0,68247.0,8639.0,False,False
2603,2022-10-25 11:25:33.994485,-0.007168458781361964,0.0,-1.0,0.0,139.0,139.5,138.5,139.0,434.0,885.0,68247.0,8639.0,False,False
2603,2022-10-25 11:25:35.031995,-0.007168458781361964,0.0,-1.0,0.0,139.0,139.5,138.5,139.0,434.0,885.0,68247.0,8639.0,False,False
2603,2022-10-25 11:25:35.317452,-0.007168458781361964,0.0,-1.0,0.0,139.0,139.5,138.5,139.0,434.0,890.0,68247.0,8639.0,False,False
2603,2022-10-25 11:25:35.560249,-0.007168458781361964,0.0,-1.0,0.0,139.0,139.5,138.5,139.0,434.0,890.0,68247.0,8639.0,False,False
2603,2022-10-25 11:25:36.484487,-0.007168458781361964,0.0,-1.0,0.0,139.0,139.5,138.5,139.0,434.0,888.0,68247.0,8639.0,False,False
2603,2022-10-25 11:25:36.717272,-0.007168458781361964,0.0,-1.0,0.0,139.0,139.5,138.5,139.0,434.0,888.0,68247.0,8639.0,False,False
2603,2022-10-25 11:25:36.811979,-0.007168458781361964,0.0,-1.0,0.0,139.0,139.5,138.5,139.0,434.0,887.0,68247.0,8639.0,False,False
2603,2022-10-25 11:25:36.825897,-0.007168458781361964,0.0,-1.0,0.0,139.0,139.5,138.5,139.0,434.0,886.0,68247.0,8639.0,False,False
2603,2022-10-25 11:25:36.848988,-0.007168458781361964,0.0,-1.0,0.0,139.0,139.5,138.5,139.0,437.0,886.0,68247.0,8639.0,False,False
2603,2022-10-25 11:25:36.899450,-0.007168458781361964,0.0,-1.0,0.0,139.0,139.5,138.5,139.0,434.0,886.0,68247.0,8639.0,False,False
2603,2022-10-25 11:25:37.355739,-0.007168458781361964,0.0,-1.0,0.0,139.0,139.5,138.5,139.0,434.0,886.0,68247.0,8639.0,False,False
2603,2022-10-25 11:25:37.464782,-0.007168458781361964,0.0,-1.0,0.0,139.0,139.5,138.5,139.0,438.0,886.0,68247.0,8639.0,False,False
2603,2022-10-25 11:25:37.567685,-0.007168458781361964,0.0,-1.0,0.0,139.0,139.5,138.5,139.0,438.0,875.0,68247.0,8639.0,False,False
2603,2022-10-25 11:25:37.717989,-0.007168458781361964,0.0,-1.0,0.0,139.0,139.5,138.5,139.0,438.0,876.0,68247.0,8639.0,False,False
2603,2022-10-25 11:25:37.934350,-0.007168458781361964,0.0,-1.0,0.0,139.0,139.5,138.5,139.0,438.0,876.0,68247.0,8639.0,False,False
2603,2022-10-25 11:25:37.966148,-0.007168458781361964,0.0,-1.0,0.0,139.0,139.5,138.5,139.0,441.0,876.0,68247.0,8639.0,False,False
2603,2022-10-25 11:25:37.998365,-0.007168458781361964,0.0,-1.0,0.0,139.0,139.5,138.5,139.0,438.0,876.0,68247.0,8639.0,False,False
2603,2022-10-25 11:25:38.301163,-0.007168458781361964,0.0,-1.0,0.0,139.0,139.5,138.5,139.0,438.0,876.0,68247.0,8539.0,True,True
2603,2022-10-25 11:25:38.853319,-0.007168458781361964,0.0,-1.0,0.0,139.0,139.5,138.5,139.0,438.0,876.0,68247.0,8539.0,False,False
2603,2022-10-25 11:25:38.979651,-0.007168458781361964,0.0,-1.0,0.0,139.0,139.5,138.5,139.0,438.0,876.0,68247.0,8539.0,False,False
2603,2022-10-25 11:25:39.052521,-0.007168458781361964,0.0,-1.0,0.0,139.0,139.5,138.5,139.0,438.0,876.0,68247.0,8539.0,False,False
2603,2022-10-25 11:25:39.094652,-0.007168458781361964,0.0,-1.0,0.0,139.0,139.5,138.5,139.0,438.0,877.0,68247.0,8539.0,False,False
2603,2022-10-25 11:25:39.621370,-0.007168458781361964,0.0,-1.0,0.0,139.0,139.5,138.5,139.0,438.0,877.0,68247.0,8539.0,False,False
2603,2022-10-25 11:25:40.515633,-0.007168458781361964,0.0,-1.0,0.0,139.0,139.5,138.5,139.0,438.0,875.0,68247.0,8539.0,False,False
2603,2022-10-25 11:25:40.551961,-0.007168458781361964,0.0,-1.0,0.0,139.0,139.5,138.5,139.0,441.0,875.0,68247.0,8539.0,False,False
2603,2022-10-25 11:25:40.639711,-0.007168458781361964,0.0,-1.0,0.0,139.0,139.5,138.5,139.0,438.0,875.0,68247.0,8539.0,False,False
2603,2022-10-25 11:25:40.753791,-0.007168458781361964,0.0,-1.0,0.0,139.0,139.5,138.5,139.0,438.0,874.0,68247.0,8539.0,False,False
2603,2022-10-25 11:25:40.835005,-0.007168458781361964,0.0,-1.0,0.0,139.0,139.5,138.5,139.0,441.0,874.0,68247.0,8539.0,False,False
2603,2022-10-25 11:25:40.946568,-0.007168458781361964,0.0,-1.0,0.0,139.0,139.5,138.5,139.0,444.0,874.0,68247.0,8539.0,False,False
2603,2022-10-25 11:25:41.017661,-0.007168458781361964,0.0,-1.0,0.0,139.0,139.5,138.5,139.0,444.0,874.0,68247.0,8539.0,False,False
2603,2022-10-25 11:25:41.312193,-0.007168458781361964,0.0,-1.0,0.0,139.0,139.5,138.5,139.0,444.0,874.0,68247.0,8539.0,False,False
2603,2022-10-25 11:25:41.343260,-0.007168458781361964,0.0,-1.0,0.0,139.0,139.5,138.5,139.0,447.0,874.0,68247.0,8539.0,False,False
2603,2022-10-25 11:25:41.467800,-0.007168458781361964,0.0,-1.0,0.0,139.0,139.5,138.5,139.0,444.0,875.0,68247.0,8539.0,False,False
2603,2022-10-25 11:25:42.198101,-0.007168458781361964,0.0,-1.0,0.0,139.0,139.5,138.5,139.0,444.0,875.0,68247.0,8539.0,False,False
2603,2022-10-25 11:25:42.831072,-0.007168458781361964,0.0,-1.0,0.0,139.0,139.5,138.5,139.0,444.0,876.0,68247.0,8539.0,False,False
2603,2022-10-25 11:25:42.858289,-0.007168458781361964,0.0,-1.0,0.0,139.0,139.5,138.5,139.0,444.0,875.0,68247.0,8539.0,False,False
2603,2022-10-25 11:25:42.955404,-0.007168458781361964,0.0,-1.0,0.0,139.0,139.5,138.5,139.0,444.0,875.0,68247.0,8539.0,False,False
2603,2022-10-25 11:25:43.020680,-0.007168458781361964,0.0,-1.0,0.0,139.0,139.5,138.5,139.0,444.0,875.0,68247.0,8539.0,False,False
2603,2022-10-25 11:25:43.532168,-0.007168458781361964,0.0,-1.0,0.0,139.0,139.5,138.5,139.0,444.0,875.0,68247.0,8539.0,False,False
2603,2022-10-25 11:25:43.809921,-0.007168458781361964,0.0,-1.0,0.0,139.0,139.5,138.5,139.0,444.0,875.0,68247.0,8539.0,False,False
2603,2022-10-25 11:25:43.810824,-0.007168458781361964,0.0,-1.0,0.0,139.0,139.5,138.5,139.0,444.0,874.0,68247.0,8539.0,False,False
2603,2022-10-25 11:25:43.841418,-0.007168458781361964,0.0,-1.0,0.0,139.0,139.5,138.5,139.0,447.0,874.0,68247.0,8539.0,False,False
2603,2022-10-25 11:25:43.871910,-0.007168458781361964,0.0,-1.0,0.0,139.0,139.5,138.5,139.0,444.0,874.0,68247.0,8539.0,False,False
2603,2022-10-25 11:25:44.285598,-0.007168458781361964,0.0,-1.0,0.0,139.0,139.5,138.5,139.0,444.0,854.0,68247.0,8539.0,False,False
2603,2022-10-25 11:25:44.317660,-0.007168458781361964,0.0,-1.0,0.0,139.0,139.5,138.5,139.0,447.0,854.0,68247.0,8539.0,False,False
2603,2022-10-25 11:25:44.394734,-0.007168458781361964,0.0,-1.0,0.0,139.0,139.5,138.5,139.0,447.0,854.0,68247.0,8539.0,False,False
2603,2022-10-25 11:25:44.433494,-0.007168458781361964,0.0,-1.0,0.0,139.0,139.5,138.5,139.0,444.0,854.0,68247.0,8539.0,False,False
2603,2022-10-25 11:25:44.635601,-0.007168458781361964,0.0,-1.0,0.0,139.0,139.5,138.5,139.0,444.0,854.0,68247.0,8539.0,False,False
2603,2022-10-25 11:25:45.252961,-0.007168458781361964,0.0,-1.0,0.0,139.0,139.5,138.5,139.0,444.0,854.0,68247.0,8539.0,False,False
2603,2022-10-25 11:25:45.314744,-0.007168458781361964,0.0,-1.0,0.0,139.0,139.5,138.5,139.0,444.0,854.0,68247.0,8539.0,False,False
2603,2022-10-25 11:25:45.547221,-0.007168458781361964,0.0,-1.0,0.0,139.0,139.5,138.5,139.0,444.0,854.0,68247.0,8539.0,False,False
2603,2022-10-25 11:25:45.585381,-0.007168458781361964,0.0,-1.0,0.0,139.0,139.5,138.5,139.0,447.0,854.0,68247.0,8539.0,False,False
2603,2022-10-25 11:25:45.618558,-0.007168458781361964,0.0,-1.0,0.0,139.0,139.5,138.5,139.0,444.0,854.0,68247.0,8539.0,False,False
2603,2022-10-25 11:25:45.833191,-0.007168458781361964,0.0,-1.0,0.0,139.0,139.5,138.5,139.0,445.0,853.0,68247.0,8539.0,False,False
2603,2022-10-25 11:25:45.901055,-0.007168458781361964,0.0,-1.0,0.0,139.0,139.5,138.5,139.0,445.0,853.0,68247.0,8539.0,False,False
2603,2022-10-25 11:25:46.862457,-0.007168458781361964,0.0,-1.0,0.0,139.0,139.5,138.5,139.0,445.0,853.0,68247.0,8539.0,False,False
2603,2022-10-25 11:25:47.728643,-0.007168458781361964,0.0,-1.0,0.0,139.0,139.5,138.5,139.0,446.0,853.0,68247.0,8539.0,False,False
2603,2022-10-25 11:25:47.923381,-0.007168458781361964,0.0,-1.0,0.0,139.0,139.5,138.5,139.0,446.0,853.0,68247.0,8539.0,False,False
2603,2022-10-25 11:25:48.327546,-0.007168458781361964,0.0,-1.0,0.0,139.0,139.5,138.5,139.0,446.0,853.0,68247.0,8938.0,True,True
2603,2022-10-25 11:25:48.535495,-0.007168458781361964,0.0,-1.0,0.0,139.0,139.5,138.5,139.0,446.0,853.0,68247.0,8938.0,False,False
2603,2022-10-25 11:25:48.571191,-0.007168458781361964,0.0,-1.0,0.0,139.0,139.5,138.5,139.0,449.0,853.0,68247.0,8938.0,False,False
2603,2022-10-25 11:25:48.693403,-0.007168458781361964,0.0,-1.0,0.0,139.0,139.5,138.5,139.0,447.0,853.0,68247.0,8938.0,False,False
2603,2022-10-25 11:25:48.808512,-0.007168458781361964,0.0,-1.0,0.0,139.0,139.5,138.5,139.0,450.0,853.0,68247.0,8938.0,False,False
2603,2022-10-25 11:25:48.843393,-0.007168458781361964,0.0,-1.0,0.0,139.0,139.5,138.5,139.0,447.0,853.0,68247.0,8938.0,False,False
2603,2022-10-25 11:25:49.018017,-0.007168458781361964,0.0,-1.0,0.0,139.0,139.5,138.5,139.0,447.0,853.0,68247.0,8938.0,False,False
2603,2022-10-25 11:25:49.535971,-0.007168458781361964,0.0,-1.0,0.0,139.0,139.5,138.5,139.0,446.0,853.0,68247.0,8938.0,False,False
2603,2022-10-25 11:25:49.726057,-0.007168458781361964,0.0,-1.0,0.0,139.0,139.5,138.5,139.0,446.0,853.0,68247.0,8938.0,False,False
2603,2022-10-25 11:25:49.880021,-0.007168458781361964,0.0,-1.0,0.0,139.0,139.5,138.5,139.0,446.0,853.0,68247.0,8938.0,False,False
2603,2022-10-25 11:25:50.921147,-0.007168458781361964,0.0,-1.0,0.0,139.0,139.5,138.5,139.0,446.0,853.0,68247.0,8938.0,False,False
2603,2022-10-25 11:25:51.191667,-0.007168458781361964,0.0,-1.0,0.0,139.0,139.5,138.5,139.0,446.0,853.0,68247.0,8938.0,False,False
2603,2022-10-25 11:25:51.918904,-0.007168458781361964,0.0,-1.0,0.0,139.0,139.5,138.5,139.0,446.0,852.0,68247.0,8938.0,False,False
2603,2022-10-25 11:25:51.988469,-0.007168458781361964,0.0,-1.0,0.0,139.0,139.5,138.5,139.0,449.0,852.0,68247.0,8938.0,False,False
2603,2022-10-25 11:25:52.031719,-0.007168458781361964,0.0,-1.0,0.0,139.0,139.5,138.5,139.0,446.0,852.0,68247.0,8938.0,False,False
2603,2022-10-25 11:25:52.216768,-0.007168458781361964,0.0,-1.0,0.0,139.0,139.5,138.5,139.0,447.0,852.0,68247.0,8938.0,False,False
2603,2022-10-25 11:25:52.280710,-0.007168458781361964,0.0,-1.0,0.0,139.0,139.5,138.5,139.0,447.0,852.0,68247.0,8938.0,False,False
2603,2022-10-25 11:25:52.934812,-0.007168458781361964,0.0,-1.0,0.0,139.0,139.5,138.5,139.0,447.0,832.0,68247.0,8938.0,False,False
2603,2022-10-25 11:25:52.970182,-0.007168458781361964,0.0,-1.0,0.0,139.0,139.5,138.5,139.0,450.0,832.0,68247.0,8938.0,False,False
2603,2022-10-25 11:25:53.013258,-0.007168458781361964,0.0,-1.0,0.0,139.0,139.5,138.5,139.0,447.0,832.0,68247.0,8938.0,False,False
2603,2022-10-25 11:25:53.945905,-0.007168458781361964,0.0,-1.0,0.0,139.0,139.5,138.5,139.0,447.0,832.0,68247.0,8938.0,False,False
2603,2022-10-25 11:25:54.126176,-0.007168458781361964,0.0,-1.0,0.0,139.0,139.5,138.5,139.0,447.0,827.0,68247.0,8938.0,False,False
2603,2022-10-25 11:25:54.334446,-0.007168458781361964,0.0,-1.0,0.0,139.0,139.5,138.5,139.0,447.0,827.0,68247.0,8938.0,False,False
2603,2022-10-25 11:25:54.410592,-0.007168458781361964,0.0,-1.0,0.0,139.0,139.5,138.5,139.0,447.0,828.0,68247.0,8938.0,False,False
2603,2022-10-25 11:25:55.627148,-0.007168458781361964,0.0,-1.0,0.0,139.0,139.5,138.5,139.0,397.0,828.0,68247.0,8938.0,False,False
2603,2022-10-25 11:25:56.326582,-0.007168458781361964,0.0,-1.0,0.0,139.0,139.5,138.5,139.0,397.0,828.0,68247.0,8938.0,False,False
2603,2022-10-25 11:25:57.024572,-0.007168458781361964,0.0,-1.0,0.0,139.0,139.5,138.5,139.0,397.0,828.0,68247.0,8938.0,False,False
2603,2022-10-25 11:25:57.135118,-0.007168458781361964,0.0,-1.0,0.0,139.0,139.5,138.5,139.0,397.0,823.0,68247.0,8938.0,False,False
2603,2022-10-25 11:25:57.158209,-0.007168458781361964,0.0,-1.0,0.0,139.0,139.5,138.5,139.0,400.0,823.0,68247.0,8938.0,False,False
2603,2022-10-25 11:25:57.177793,-0.007168458781361964,0.0,-1.0,0.0,139.0,139.5,138.5,139.0,397.0,823.0,68247.0,8938.0,False,False
2603,2022-10-25 11:25:57.382976,-0.007168458781361964,0.0,-1.0,0.0,139.0,139.5,138.5,139.0,398.0,823.0,68247.0,8938.0,False,False
2603,2022-10-25 11:25:57.437939,-0.007168458781361964,0.0,-1.0,0.0,139.0,139.5,138.5,139.0,398.0,823.0,68247.0,8938.0,False,False
2603,2022-10-25 11:25:57.621580,-0.007168458781361964,0.0,-1.0,0.0,139.0,139.5,138.5,139.0,398.0,822.0,68247.0,8938.0,False,False
2603,2022-10-25 11:25:57.658167,-0.007168458781361964,0.0,-1.0,0.0,139.0,139.5,138.5,139.0,401.0,822.0,68247.0,8938.0,False,False
2603,2022-10-25 11:25:57.688415,-0.007168458781361964,0.0,-1.0,0.0,139.0,139.5,138.5,139.0,398.0,822.0,68247.0,8938.0,False,False
2603,2022-10-25 11:25:57.997756,-0.007168458781361964,0.0,-1.0,0.0,139.0,139.5,138.5,139.0,398.0,822.0,68247.0,8938.0,False,False
2603,2022-10-25 11:25:58.093156,-0.007168458781361964,0.0,-1.0,0.0,139.0,139.5,138.5,139.0,399.0,822.0,68247.0,8938.0,False,False
2603,2022-10-25 11:25:58.359464,-0.007168458781361964,0.0,-1.0,0.0,139.0,139.5,138.5,139.0,399.0,822.0,68247.0,8843.0,True,True
2603,2022-10-25 11:25:58.832668,-0.007168458781361964,0.0,-1.0,0.0,139.0,139.5,138.5,139.0,395.0,822.0,68247.0,8843.0,False,False
2603,2022-10-25 11:26:00.659466,-0.007168458781361964,0.0,-1.0,0.0,139.0,139.5,138.5,139.0,395.0,822.0,68247.0,8843.0,False,False
2603,2022-10-25 11:26:00.698644,-0.007168458781361964,0.0,-1.0,0.0,139.0,139.5,138.5,139.0,398.0,822.0,68247.0,8843.0,False,False
2603,2022-10-25 11:26:00.739079,-0.007168458781361964,0.0,-1.0,0.0,139.0,139.5,138.5,139.0,395.0,822.0,68247.0,8843.0,False,False
2603,2022-10-25 11:26:01.086169,-0.007168458781361964,0.0,-1.0,0.0,139.0,139.5,138.5,139.0,395.0,822.0,68247.0,8843.0,False,False
2603,2022-10-25 11:26:01.159602,-0.007168458781361964,0.0,-1.0,0.0,139.0,139.5,138.5,139.0,395.0,822.0,68247.0,8843.0,False,False
2603,2022-10-25 11:26:01.332697,-0.007168458781361964,0.0,-1.0,0.0,139.0,139.5,138.5,139.0,396.0,822.0,68247.0,8843.0,False,False
2603,2022-10-25 11:26:01.358918,-0.007168458781361964,0.0,-1.0,0.0,139.0,139.5,138.5,139.0,396.0,824.0,68247.0,8843.0,False,False
2603,2022-10-25 11:26:01.715040,-0.007168458781361964,0.0,-1.0,0.0,139.0,139.5,138.5,139.0,396.0,824.0,68247.0,8843.0,False,False
2603,2022-10-25 11:26:02.011541,-0.007168458781361964,0.0,-1.0,0.0,139.0,139.5,138.5,139.0,396.0,824.0,68247.0,8843.0,False,False
2603,2022-10-25 11:26:02.317438,-0.007168458781361964,0.0,-1.0,0.0,139.0,139.5,138.5,139.0,398.0,824.0,68247.0,8843.0,False,False
2603,2022-10-25 11:26:02.360196,-0.007168458781361964,0.0,-1.0,0.0,139.0,139.5,138.5,139.0,401.0,824.0,68247.0,8843.0,False,False
2603,2022-10-25 11:26:02.391689,-0.007168458781361964,0.0,-1.0,0.0,139.0,139.5,138.5,139.0,398.0,824.0,68247.0,8843.0,False,False
2603,2022-10-25 11:26:02.706241,-0.007168458781361964,0.0,-1.0,0.0,139.0,139.5,138.5,139.0,398.0,824.0,68247.0,8843.0,False,False
2603,2022-10-25 11:26:02.899033,-0.007168458781361964,0.0,-1.0,0.0,139.0,139.5,138.5,139.0,398.0,824.0,68247.0,8843.0,False,False
