symbol,datetime,NaOb_r,NbOa_r,NaOb_s,NbOa_s,bid1,ask1,odd_bid1,odd_ask1,bidQty1,askQty1,odd_bidQty1,odd_askQty1,simulate,triggerbyOdd
2610,2022-10-25 11:21:33.790137,0.0,-0.005917159763313529,0.0,-0.09999999999999787,16.8,16.85,16.85,16.9,214.0,15.0,1357.0,455.0,True,True
2610,2022-10-25 11:21:34.685562,0.0,-0.005917159763313529,0.0,-0.09999999999999787,16.8,16.85,16.85,16.9,214.0,16.0,1357.0,455.0,False,False
2610,2022-10-25 11:21:35.788753,0.0,-0.005917159763313529,0.0,-0.09999999999999787,16.8,16.85,16.85,16.9,214.0,16.0,1357.0,455.0,False,False
2610,2022-10-25 11:21:36.685155,0.0,-0.005917159763313529,0.0,-0.09999999999999787,16.8,16.85,16.85,16.9,214.0,16.0,1357.0,455.0,False,False
2610,2022-10-25 11:21:37.864827,0.0,-0.005917159763313529,0.0,-0.09999999999999787,16.8,16.85,16.85,16.9,214.0,42.0,1357.0,455.0,False,False
2610,2022-10-25 11:21:37.889595,0.0,-0.005917159763313529,0.0,-0.09999999999999787,16.8,16.85,16.85,16.9,211.0,42.0,1357.0,455.0,False,False
2610,2022-10-25 11:21:38.030896,0.0,-0.005917159763313529,0.0,-0.09999999999999787,16.8,16.85,16.85,16.9,211.0,165.0,1357.0,455.0,False,False
2610,2022-10-25 11:21:37.951371,0.0,-0.005917159763313529,0.0,-0.09999999999999787,16.8,16.85,16.85,16.9,211.0,175.0,1357.0,455.0,False,False
2610,2022-10-25 11:21:38.057760,0.0,-0.005917159763313529,0.0,-0.09999999999999787,16.8,16.85,16.85,16.9,201.0,165.0,1357.0,455.0,False,False
2610,2022-10-25 11:21:40.419849,0.0,-0.005917159763313529,0.0,-0.09999999999999787,16.8,16.85,16.85,16.9,201.0,165.0,1357.0,455.0,False,False
2610,2022-10-25 11:21:40.523275,0.0,-0.005917159763313529,0.0,-0.09999999999999787,16.8,16.85,16.85,16.9,206.0,165.0,1357.0,455.0,False,False
2610,2022-10-25 11:21:43.480530,0.0,-0.005917159763313529,0.0,-0.09999999999999787,16.8,16.85,16.85,16.9,211.0,165.0,1357.0,455.0,False,False
2610,2022-10-25 11:21:43.829334,0.0,-0.005917159763313529,0.0,-0.09999999999999787,16.8,16.85,16.85,16.9,211.0,165.0,1357.0,455.0,True,True
2610,2022-10-25 11:21:45.472529,0.0,-0.005917159763313529,0.0,-0.09999999999999787,16.8,16.85,16.85,16.9,216.0,165.0,1357.0,455.0,False,False
2610,2022-10-25 11:21:48.249911,0.0,-0.005917159763313529,0.0,-0.09999999999999787,16.8,16.85,16.85,16.9,216.0,158.0,1357.0,455.0,False,False
2610,2022-10-25 11:21:48.278520,0.0,-0.005917159763313529,0.0,-0.09999999999999787,16.8,16.85,16.85,16.9,216.0,150.0,1357.0,455.0,False,False
2610,2022-10-25 11:21:48.281628,0.0,-0.005917159763313529,0.0,-0.09999999999999787,16.8,16.85,16.85,16.9,216.0,25.0,1357.0,455.0,False,False
2610,2022-10-25 11:21:48.339839,0.0,-0.005917159763313529,0.0,-0.09999999999999787,16.8,16.85,16.85,16.9,229.0,25.0,1357.0,455.0,False,False
2610,2022-10-25 11:21:49.143430,0.0,-0.005917159763313529,0.0,-0.09999999999999787,16.8,16.85,16.85,16.9,230.0,25.0,1357.0,455.0,False,False
2610,2022-10-25 11:21:50.608967,0.0,-0.005917159763313529,0.0,-0.09999999999999787,16.8,16.85,16.85,16.9,231.0,25.0,1357.0,455.0,False,False
2610,2022-10-25 11:21:50.720348,0.0,-0.005917159763313529,0.0,-0.09999999999999787,16.8,16.85,16.85,16.9,231.0,25.0,1357.0,455.0,False,False
2610,2022-10-25 11:21:52.447040,0.0,-0.005917159763313529,0.0,-0.09999999999999787,16.8,16.85,16.85,16.9,231.0,25.0,1357.0,455.0,False,False
2610,2022-10-25 11:21:52.470429,0.0,-0.005917159763313529,0.0,-0.09999999999999787,16.8,16.85,16.85,16.9,231.0,25.0,1357.0,455.0,False,False
2610,2022-10-25 11:21:52.675833,0.0,-0.005917159763313529,0.0,-0.09999999999999787,16.8,16.85,16.85,16.9,231.0,23.0,1357.0,455.0,False,False
2610,2022-10-25 11:21:52.708638,0.0,-0.005917159763313529,0.0,-0.09999999999999787,16.8,16.85,16.85,16.9,231.0,23.0,1357.0,455.0,False,False
2610,2022-10-25 11:21:52.853468,0.0,-0.005917159763313529,0.0,-0.09999999999999787,16.8,16.85,16.85,16.9,231.0,18.0,1357.0,455.0,False,False
2610,2022-10-25 11:21:53.584580,0.0,-0.005917159763313529,0.0,-0.09999999999999787,16.8,16.85,16.85,16.9,232.0,18.0,1357.0,455.0,False,False
2610,2022-10-25 11:21:53.616116,0.0,-0.005917159763313529,0.0,-0.09999999999999787,16.8,16.85,16.85,16.9,232.0,18.0,1357.0,455.0,False,False
2610,2022-10-25 11:21:53.892081,0.0,-0.005917159763313529,0.0,-0.09999999999999787,16.8,16.85,16.85,16.9,232.0,18.0,1357.0,445.0,True,True
2610,2022-10-25 11:21:55.553399,0.0,-0.005917159763313529,0.0,-0.09999999999999787,16.8,16.85,16.85,16.9,232.0,18.0,1357.0,445.0,False,False
2610,2022-10-25 11:21:55.566796,0.0,-0.005917159763313529,0.0,-0.09999999999999787,16.8,16.85,16.85,16.9,232.0,18.0,1357.0,445.0,False,False
2610,2022-10-25 11:21:58.648437,0.0,-0.005917159763313529,0.0,-0.09999999999999787,16.8,16.85,16.85,16.9,232.0,17.0,1357.0,445.0,False,False
2610,2022-10-25 11:22:01.083950,0.0,-0.005917159763313529,0.0,-0.09999999999999787,16.8,16.85,16.85,16.9,234.0,17.0,1357.0,445.0,False,False
2610,2022-10-25 11:22:01.434114,0.0,-0.005917159763313529,0.0,-0.09999999999999787,16.8,16.85,16.85,16.9,234.0,17.0,1357.0,445.0,False,False
2610,2022-10-25 11:22:01.993926,0.0,-0.005917159763313529,0.0,-0.09999999999999787,16.8,16.85,16.85,16.9,234.0,7.0,1357.0,445.0,False,False
2610,2022-10-25 11:22:02.026827,0.0,-0.005917159763313529,0.0,-0.09999999999999787,16.8,16.85,16.85,16.9,234.0,7.0,1357.0,445.0,False,False
2610,2022-10-25 11:22:02.045385,0.0,-0.005917159763313529,0.0,-0.09999999999999787,16.8,16.85,16.85,16.9,234.0,7.0,1357.0,445.0,False,False
2610,2022-10-25 11:22:02.174166,0.0,-0.005917159763313529,0.0,-0.09999999999999787,16.8,16.85,16.85,16.9,234.0,7.0,1357.0,445.0,False,False
2610,2022-10-25 11:22:02.877532,0.0,-0.005917159763313529,0.0,-0.09999999999999787,16.8,16.85,16.85,16.9,234.0,7.0,1357.0,445.0,False,False
2610,2022-10-25 11:22:03.027992,0.0,-0.005917159763313529,0.0,-0.09999999999999787,16.8,16.85,16.85,16.9,234.0,7.0,1357.0,445.0,False,False
2610,2022-10-25 11:22:03.044777,0.0,-0.005917159763313529,0.0,-0.09999999999999787,16.8,16.85,16.85,16.9,234.0,7.0,1357.0,445.0,False,False
2610,2022-10-25 11:22:03.089030,0.0,-0.005917159763313529,0.0,-0.09999999999999787,16.8,16.85,16.85,16.9,234.0,7.0,1357.0,445.0,False,False
2610,2022-10-25 11:22:03.302109,0.0,-0.005917159763313529,0.0,-0.09999999999999787,16.8,16.85,16.85,16.9,234.0,7.0,1357.0,445.0,False,False
2610,2022-10-25 11:22:03.933298,0.0,-0.005917159763313529,0.0,-0.09999999999999787,16.8,16.85,16.85,16.9,234.0,7.0,1357.0,445.0,True,True
2610,2022-10-25 11:22:05.389774,0.0,-0.005917159763313529,0.0,-0.09999999999999787,16.8,16.85,16.85,16.9,234.0,6.0,1357.0,445.0,False,False
2610,2022-10-25 11:22:05.611203,0.0,-0.005917159763313529,0.0,-0.09999999999999787,16.8,16.85,16.85,16.9,234.0,6.0,1357.0,445.0,False,False
2610,2022-10-25 11:22:06.130358,0.0,-0.005917159763313529,0.0,-0.09999999999999787,16.8,16.85,16.85,16.9,234.0,6.0,1357.0,445.0,False,False
2610,2022-10-25 11:22:06.486590,0.0,-0.005917159763313529,0.0,-0.09999999999999787,16.8,16.85,16.85,16.9,235.0,6.0,1357.0,445.0,False,False
2610,2022-10-25 11:22:06.600516,0.0,-0.005917159763313529,0.0,-0.09999999999999787,16.8,16.85,16.85,16.9,235.0,7.0,1357.0,445.0,False,False
2610,2022-10-25 11:22:07.612106,0.0,-0.005917159763313529,0.0,-0.09999999999999787,16.8,16.85,16.85,16.9,235.0,6.0,1357.0,445.0,False,False
2610,2022-10-25 11:22:07.929816,0.0,-0.005917159763313529,0.0,-0.09999999999999787,16.8,16.85,16.85,16.9,235.0,5.0,1357.0,445.0,False,False
2610,2022-10-25 11:22:10.516858,0.0,-0.005917159763313529,0.0,-0.09999999999999787,16.8,16.85,16.85,16.9,234.0,5.0,1357.0,445.0,False,False
2610,2022-10-25 11:22:10.935501,0.0,-0.005917159763313529,0.0,-0.09999999999999787,16.8,16.85,16.85,16.9,234.0,6.0,1357.0,445.0,False,False
2610,2022-10-25 11:22:11.147453,0.0,-0.005917159763313529,0.0,-0.09999999999999787,16.8,16.85,16.85,16.9,234.0,6.0,1357.0,445.0,False,False
2610,2022-10-25 11:22:13.173052,0.0,-0.005917159763313529,0.0,-0.09999999999999787,16.8,16.85,16.85,16.9,234.0,6.0,1357.0,445.0,False,True
2610,2022-10-25 11:22:15.207599,0.0,-0.005917159763313529,0.0,-0.09999999999999787,16.8,16.85,16.85,16.9,234.0,6.0,1357.0,445.0,False,False
2610,2022-10-25 11:22:15.219151,0.0,-0.005917159763313529,0.0,-0.09999999999999787,16.8,16.85,16.85,16.9,234.0,6.0,1357.0,445.0,False,False
2610,2022-10-25 11:22:15.485424,0.0,-0.005917159763313529,0.0,-0.09999999999999787,16.8,16.85,16.85,16.9,234.0,6.0,1357.0,445.0,False,False
2610,2022-10-25 11:22:15.485940,0.0,-0.005917159763313529,0.0,-0.09999999999999787,16.8,16.85,16.85,16.9,234.0,6.0,1357.0,445.0,False,False
2610,2022-10-25 11:22:15.945459,0.0,-0.005917159763313529,0.0,-0.09999999999999787,16.8,16.85,16.85,16.9,234.0,6.0,1357.0,445.0,False,False
2610,2022-10-25 11:22:18.640914,0.0,-0.005917159763313529,0.0,-0.09999999999999787,16.8,16.85,16.85,16.9,234.0,6.0,1357.0,445.0,False,False
2610,2022-10-25 11:22:19.407799,0.0,-0.005917159763313529,0.0,-0.09999999999999787,16.8,16.85,16.85,16.9,260.0,6.0,1357.0,445.0,False,False
2610,2022-10-25 11:22:19.949658,0.0,-0.005917159763313529,0.0,-0.09999999999999787,16.8,16.85,16.85,16.9,260.0,11.0,1357.0,445.0,False,False
2610,2022-10-25 11:22:21.308513,0.0,-0.005917159763313529,0.0,-0.09999999999999787,16.8,16.85,16.85,16.9,260.0,11.0,1357.0,445.0,False,False
2610,2022-10-25 11:22:21.317423,0.0,-0.005917159763313529,0.0,-0.09999999999999787,16.8,16.85,16.85,16.9,260.0,11.0,1357.0,445.0,False,False
2610,2022-10-25 11:22:21.338821,-0.002958579881656598,-0.005917159763313529,-0.04999999999999716,-0.09999999999999787,16.8,16.9,16.85,16.9,260.0,277.0,1357.0,445.0,False,False
2610,2022-10-25 11:22:21.352205,-0.002958579881656598,-0.002958579881656598,-0.04999999999999716,-0.04999999999999716,16.85,16.9,16.85,16.9,4.0,277.0,1357.0,445.0,False,False
2610,2022-10-25 11:22:21.463462,-0.002958579881656598,-0.002958579881656598,-0.04999999999999716,-0.04999999999999716,16.85,16.9,16.85,16.9,4.0,277.0,1357.0,445.0,False,False
2610,2022-10-25 11:22:21.489571,-0.002958579881656598,-0.002958579881656598,-0.04999999999999716,-0.04999999999999716,16.85,16.9,16.85,16.9,4.0,277.0,1357.0,445.0,False,False
2610,2022-10-25 11:22:21.551250,-0.002958579881656598,-0.002958579881656598,-0.04999999999999716,-0.04999999999999716,16.85,16.9,16.85,16.9,4.0,402.0,1357.0,445.0,False,False
2610,2022-10-25 11:22:21.704992,-0.002958579881656598,-0.002958579881656598,-0.04999999999999716,-0.04999999999999716,16.85,16.9,16.85,16.9,9.0,413.0,1357.0,445.0,False,False
2610,2022-10-25 11:22:21.917389,-0.002958579881656598,-0.002958579881656598,-0.04999999999999716,-0.04999999999999716,16.85,16.9,16.85,16.9,9.0,413.0,1357.0,445.0,False,False
2610,2022-10-25 11:22:21.952033,-0.002958579881656598,-0.002958579881656598,-0.04999999999999716,-0.04999999999999716,16.85,16.9,16.85,16.9,10.0,413.0,1357.0,445.0,False,False
2610,2022-10-25 11:22:22.370342,-0.002958579881656598,-0.002958579881656598,-0.04999999999999716,-0.04999999999999716,16.85,16.9,16.85,16.9,10.0,504.0,1357.0,445.0,False,False
2610,2022-10-25 11:22:22.652773,-0.002958579881656598,-0.002958579881656598,-0.04999999999999716,-0.04999999999999716,16.85,16.9,16.85,16.9,11.0,504.0,1357.0,445.0,False,False
2610,2022-10-25 11:22:22.740266,-0.002958579881656598,-0.002958579881656598,-0.04999999999999716,-0.04999999999999716,16.85,16.9,16.85,16.9,11.0,504.0,1357.0,445.0,False,False
2610,2022-10-25 11:22:23.213488,-0.002958579881656598,-0.002958579881656598,-0.04999999999999716,-0.04999999999999716,16.85,16.9,16.85,16.9,11.0,504.0,1357.0,445.0,True,True
2610,2022-10-25 11:22:23.580422,-0.002958579881656598,-0.002958579881656598,-0.04999999999999716,-0.04999999999999716,16.85,16.9,16.85,16.9,11.0,504.0,1357.0,445.0,False,False
2610,2022-10-25 11:22:28.075178,-0.002958579881656598,-0.002958579881656598,-0.04999999999999716,-0.04999999999999716,16.85,16.9,16.85,16.9,12.0,504.0,1357.0,445.0,False,False
2610,2022-10-25 11:22:29.391447,-0.002958579881656598,-0.005917159763313529,-0.04999999999999716,-0.09999999999999787,16.8,16.9,16.85,16.9,225.0,504.0,1357.0,445.0,False,False
2610,2022-10-25 11:22:29.422078,-0.002958579881656598,-0.005917159763313529,-0.04999999999999716,-0.09999999999999787,16.8,16.9,16.85,16.9,225.0,504.0,1357.0,445.0,False,False
2610,2022-10-25 11:22:29.436916,-0.002958579881656598,-0.005917159763313529,-0.04999999999999716,-0.09999999999999787,16.8,16.9,16.85,16.9,225.0,504.0,1357.0,445.0,False,False
2610,2022-10-25 11:22:29.559588,-0.002958579881656598,-0.002958579881656598,-0.04999999999999716,-0.04999999999999716,16.85,16.9,16.85,16.9,3.0,504.0,1357.0,445.0,False,False
2610,2022-10-25 11:22:29.612982,-0.002958579881656598,-0.002958579881656598,-0.04999999999999716,-0.04999999999999716,16.85,16.9,16.85,16.9,3.0,504.0,1357.0,445.0,False,False
2610,2022-10-25 11:22:29.789423,-0.002958579881656598,-0.002958579881656598,-0.04999999999999716,-0.04999999999999716,16.85,16.9,16.85,16.9,3.0,504.0,1357.0,445.0,False,False
2610,2022-10-25 11:22:33.240775,-0.002958579881656598,-0.002958579881656598,-0.04999999999999716,-0.04999999999999716,16.85,16.9,16.85,16.9,1.0,504.0,1357.0,445.0,False,False
2610,2022-10-25 11:22:33.253726,-0.002958579881656598,-0.002958579881656598,-0.04999999999999716,-0.04999999999999716,16.85,16.9,16.85,16.9,1.0,504.0,1357.0,445.0,True,True
2610,2022-10-25 11:22:35.952296,-0.002958579881656598,-0.002958579881656598,-0.04999999999999716,-0.04999999999999716,16.85,16.9,16.85,16.9,2.0,504.0,1357.0,445.0,False,False
2610,2022-10-25 11:22:36.565423,-0.002958579881656598,-0.002958579881656598,-0.04999999999999716,-0.04999999999999716,16.85,16.9,16.85,16.9,2.0,504.0,1357.0,445.0,False,False
2610,2022-10-25 11:22:36.580791,-0.002958579881656598,-0.002958579881656598,-0.04999999999999716,-0.04999999999999716,16.85,16.9,16.85,16.9,2.0,504.0,1357.0,445.0,False,False
2610,2022-10-25 11:22:36.625408,-0.002958579881656598,-0.002958579881656598,-0.04999999999999716,-0.04999999999999716,16.85,16.9,16.85,16.9,2.0,504.0,1357.0,445.0,False,False
2610,2022-10-25 11:22:36.844466,-0.002958579881656598,-0.002958579881656598,-0.04999999999999716,-0.04999999999999716,16.85,16.9,16.85,16.9,2.0,504.0,1357.0,445.0,False,False
2610,2022-10-25 11:22:36.859616,-0.002958579881656598,-0.002958579881656598,-0.04999999999999716,-0.04999999999999716,16.85,16.9,16.85,16.9,2.0,504.0,1357.0,445.0,False,False
2610,2022-10-25 11:22:37.341850,-0.002958579881656598,-0.005917159763313529,-0.04999999999999716,-0.09999999999999787,16.8,16.9,16.85,16.9,235.0,504.0,1357.0,445.0,False,False
2610,2022-10-25 11:22:37.351038,-0.002958579881656598,-0.002958579881656598,-0.04999999999999716,-0.04999999999999716,16.85,16.9,16.85,16.9,2.0,504.0,1357.0,445.0,False,False
2610,2022-10-25 11:22:37.387102,-0.002958579881656598,-0.002958579881656598,-0.04999999999999716,-0.04999999999999716,16.85,16.9,16.85,16.9,2.0,504.0,1357.0,445.0,False,False
2610,2022-10-25 11:22:38.110810,-0.002958579881656598,-0.002958579881656598,-0.04999999999999716,-0.04999999999999716,16.85,16.9,16.85,16.9,2.0,504.0,1357.0,445.0,False,False
2610,2022-10-25 11:22:40.042873,-0.002958579881656598,-0.002958579881656598,-0.04999999999999716,-0.04999999999999716,16.85,16.9,16.85,16.9,2.0,494.0,1357.0,445.0,False,False
2610,2022-10-25 11:22:42.138016,-0.002958579881656598,-0.002958579881656598,-0.04999999999999716,-0.04999999999999716,16.85,16.9,16.85,16.9,2.0,496.0,1357.0,445.0,False,False
2610,2022-10-25 11:22:42.250606,-0.002958579881656598,-0.002958579881656598,-0.04999999999999716,-0.04999999999999716,16.85,16.9,16.85,16.9,2.0,496.0,1357.0,445.0,False,False
2610,2022-10-25 11:22:42.882089,-0.002958579881656598,-0.002958579881656598,-0.04999999999999716,-0.04999999999999716,16.85,16.9,16.85,16.9,2.0,496.0,1357.0,445.0,False,False
2610,2022-10-25 11:22:47.021164,-0.002958579881656598,-0.002958579881656598,-0.04999999999999716,-0.04999999999999716,16.85,16.9,16.85,16.9,3.0,496.0,1357.0,445.0,False,False
2610,2022-10-25 11:22:47.028558,-0.002958579881656598,-0.002958579881656598,-0.04999999999999716,-0.04999999999999716,16.85,16.9,16.85,16.9,3.0,496.0,1357.0,445.0,False,False
2610,2022-10-25 11:22:48.165876,-0.002958579881656598,-0.002958579881656598,-0.04999999999999716,-0.04999999999999716,16.85,16.9,16.85,16.9,4.0,496.0,1357.0,445.0,False,False
2610,2022-10-25 11:22:48.262552,-0.002958579881656598,-0.002958579881656598,-0.04999999999999716,-0.04999999999999716,16.85,16.9,16.85,16.9,4.0,496.0,1357.0,445.0,False,False
2610,2022-10-25 11:22:48.767726,-0.002958579881656598,-0.002958579881656598,-0.04999999999999716,-0.04999999999999716,16.85,16.9,16.85,16.9,8.0,496.0,1357.0,445.0,False,False
2610,2022-10-25 11:22:49.409516,-0.002958579881656598,-0.002958579881656598,-0.04999999999999716,-0.04999999999999716,16.85,16.9,16.85,16.9,8.0,496.0,1357.0,445.0,False,False
2610,2022-10-25 11:22:51.357765,-0.002958579881656598,-0.002958579881656598,-0.04999999999999716,-0.04999999999999716,16.85,16.9,16.85,16.9,8.0,497.0,1357.0,445.0,False,False
2610,2022-10-25 11:22:52.607470,-0.002958579881656598,-0.002958579881656598,-0.04999999999999716,-0.04999999999999716,16.85,16.9,16.85,16.9,8.0,497.0,1357.0,445.0,False,False
2610,2022-10-25 11:22:52.959273,-0.002958579881656598,-0.002958579881656598,-0.04999999999999716,-0.04999999999999716,16.85,16.9,16.85,16.9,8.0,497.0,1357.0,445.0,False,False
2610,2022-10-25 11:22:53.085127,-0.002958579881656598,-0.002958579881656598,-0.04999999999999716,-0.04999999999999716,16.85,16.9,16.85,16.9,12.0,497.0,1357.0,445.0,False,False
2610,2022-10-25 11:22:53.285710,-0.002958579881656598,-0.002958579881656598,-0.04999999999999716,-0.04999999999999716,16.85,16.9,16.85,16.9,12.0,497.0,1357.0,445.0,False,False
2610,2022-10-25 11:22:53.350649,-0.002958579881656598,-0.002958579881656598,-0.04999999999999716,-0.04999999999999716,16.85,16.9,16.85,16.9,12.0,497.0,1357.0,445.0,True,True
2610,2022-10-25 11:22:53.285789,-0.002958579881656598,-0.002958579881656598,-0.04999999999999716,-0.04999999999999716,16.85,16.9,16.85,16.9,12.0,497.0,1357.0,445.0,False,False
2610,2022-10-25 11:22:53.789216,-0.002958579881656598,-0.002958579881656598,-0.04999999999999716,-0.04999999999999716,16.85,16.9,16.85,16.9,12.0,497.0,1357.0,445.0,False,False
2610,2022-10-25 11:22:54.007259,-0.002958579881656598,-0.002958579881656598,-0.04999999999999716,-0.04999999999999716,16.85,16.9,16.85,16.9,12.0,497.0,1357.0,445.0,False,False
2610,2022-10-25 11:22:57.084233,-0.002958579881656598,-0.002958579881656598,-0.04999999999999716,-0.04999999999999716,16.85,16.9,16.85,16.9,12.0,497.0,1357.0,445.0,False,False
2610,2022-10-25 11:22:57.145483,-0.002958579881656598,-0.002958579881656598,-0.04999999999999716,-0.04999999999999716,16.85,16.9,16.85,16.9,12.0,497.0,1357.0,445.0,False,False
2610,2022-10-25 11:22:57.943427,-0.002958579881656598,-0.002958579881656598,-0.04999999999999716,-0.04999999999999716,16.85,16.9,16.85,16.9,12.0,497.0,1357.0,445.0,False,False
2610,2022-10-25 11:22:58.864910,-0.002958579881656598,-0.002958579881656598,-0.04999999999999716,-0.04999999999999716,16.85,16.9,16.85,16.9,12.0,497.0,1357.0,445.0,False,False
2610,2022-10-25 11:22:59.593873,-0.002958579881656598,-0.002958579881656598,-0.04999999999999716,-0.04999999999999716,16.85,16.9,16.85,16.9,12.0,497.0,1357.0,445.0,False,False
2610,2022-10-25 11:22:59.893298,-0.002958579881656598,-0.002958579881656598,-0.04999999999999716,-0.04999999999999716,16.85,16.9,16.85,16.9,15.0,497.0,1357.0,445.0,False,False
2610,2022-10-25 11:23:00.367101,-0.002958579881656598,-0.002958579881656598,-0.04999999999999716,-0.04999999999999716,16.85,16.9,16.85,16.9,15.0,497.0,1357.0,445.0,False,False
2610,2022-10-25 11:23:00.794423,-0.002958579881656598,-0.002958579881656598,-0.04999999999999716,-0.04999999999999716,16.85,16.9,16.85,16.9,15.0,497.0,1357.0,445.0,False,False
2610,2022-10-25 11:23:01.249634,-0.002958579881656598,-0.002958579881656598,-0.04999999999999716,-0.04999999999999716,16.85,16.9,16.85,16.9,15.0,497.0,1357.0,445.0,False,False
2610,2022-10-25 11:23:02.305292,-0.002958579881656598,-0.002958579881656598,-0.04999999999999716,-0.04999999999999716,16.85,16.9,16.85,16.9,15.0,497.0,1357.0,445.0,False,False
2610,2022-10-25 11:23:03.392675,-0.002958579881656598,-0.002958579881656598,-0.04999999999999716,-0.04999999999999716,16.85,16.9,16.85,16.9,15.0,497.0,1357.0,445.0,True,True
2610,2022-10-25 11:23:03.814198,-0.002958579881656598,-0.002958579881656598,-0.04999999999999716,-0.04999999999999716,16.85,16.9,16.85,16.9,13.0,497.0,1357.0,445.0,False,False
2610,2022-10-25 11:23:04.208434,-0.002958579881656598,-0.002958579881656598,-0.04999999999999716,-0.04999999999999716,16.85,16.9,16.85,16.9,13.0,497.0,1357.0,445.0,False,False
2610,2022-10-25 11:23:04.516420,-0.002958579881656598,-0.002958579881656598,-0.04999999999999716,-0.04999999999999716,16.85,16.9,16.85,16.9,13.0,497.0,1357.0,445.0,False,False
2610,2022-10-25 11:23:05.705622,-0.002958579881656598,-0.002958579881656598,-0.04999999999999716,-0.04999999999999716,16.85,16.9,16.85,16.9,13.0,497.0,1357.0,445.0,False,False
2610,2022-10-25 11:23:08.245291,-0.002958579881656598,-0.002958579881656598,-0.04999999999999716,-0.04999999999999716,16.85,16.9,16.85,16.9,13.0,496.0,1357.0,445.0,False,False
2610,2022-10-25 11:23:10.079254,-0.002958579881656598,-0.002958579881656598,-0.04999999999999716,-0.04999999999999716,16.85,16.9,16.85,16.9,13.0,496.0,1357.0,445.0,False,False
2610,2022-10-25 11:23:10.345437,-0.002958579881656598,-0.002958579881656598,-0.04999999999999716,-0.04999999999999716,16.85,16.9,16.85,16.9,11.0,496.0,1357.0,445.0,False,False
2610,2022-10-25 11:23:12.174178,-0.002958579881656598,-0.002958579881656598,-0.04999999999999716,-0.04999999999999716,16.85,16.9,16.85,16.9,11.0,496.0,1357.0,445.0,False,False
2610,2022-10-25 11:23:13.439915,-0.002958579881656598,-0.002958579881656598,-0.04999999999999716,-0.04999999999999716,16.85,16.9,16.85,16.9,11.0,496.0,1357.0,445.0,True,True
2610,2022-10-25 11:23:13.868443,-0.002958579881656598,-0.002958579881656598,-0.04999999999999716,-0.04999999999999716,16.85,16.9,16.85,16.9,11.0,496.0,1357.0,445.0,False,False
2610,2022-10-25 11:23:14.022116,-0.002958579881656598,-0.002958579881656598,-0.04999999999999716,-0.04999999999999716,16.85,16.9,16.85,16.9,11.0,496.0,1357.0,445.0,False,False
2610,2022-10-25 11:23:14.057787,-0.002958579881656598,-0.002958579881656598,-0.04999999999999716,-0.04999999999999716,16.85,16.9,16.85,16.9,11.0,496.0,1357.0,445.0,False,False
2610,2022-10-25 11:23:14.220120,-0.002958579881656598,-0.002958579881656598,-0.04999999999999716,-0.04999999999999716,16.85,16.9,16.85,16.9,11.0,496.0,1357.0,445.0,False,False
2610,2022-10-25 11:23:14.263492,-0.002958579881656598,-0.002958579881656598,-0.04999999999999716,-0.04999999999999716,16.85,16.9,16.85,16.9,11.0,496.0,1357.0,445.0,False,False
2610,2022-10-25 11:23:14.442655,-0.002958579881656598,-0.002958579881656598,-0.04999999999999716,-0.04999999999999716,16.85,16.9,16.85,16.9,12.0,496.0,1357.0,445.0,False,False
2610,2022-10-25 11:23:14.624753,-0.002958579881656598,-0.002958579881656598,-0.04999999999999716,-0.04999999999999716,16.85,16.9,16.85,16.9,12.0,496.0,1357.0,445.0,False,False
2610,2022-10-25 11:23:14.625141,-0.002958579881656598,-0.002958579881656598,-0.04999999999999716,-0.04999999999999716,16.85,16.9,16.85,16.9,12.0,496.0,1357.0,445.0,False,False
2610,2022-10-25 11:23:14.768483,-0.002958579881656598,-0.002958579881656598,-0.04999999999999716,-0.04999999999999716,16.85,16.9,16.85,16.9,12.0,496.0,1357.0,445.0,False,False
2610,2022-10-25 11:23:14.939093,-0.002958579881656598,-0.002958579881656598,-0.04999999999999716,-0.04999999999999716,16.85,16.9,16.85,16.9,12.0,496.0,1357.0,445.0,False,False
2610,2022-10-25 11:23:15.067569,-0.002958579881656598,-0.002958579881656598,-0.04999999999999716,-0.04999999999999716,16.85,16.9,16.85,16.9,12.0,496.0,1357.0,445.0,False,False
2610,2022-10-25 11:23:15.234259,-0.002958579881656598,-0.002958579881656598,-0.04999999999999716,-0.04999999999999716,16.85,16.9,16.85,16.9,12.0,496.0,1357.0,445.0,False,False
2610,2022-10-25 11:23:15.234304,-0.002958579881656598,-0.002958579881656598,-0.04999999999999716,-0.04999999999999716,16.85,16.9,16.85,16.9,12.0,496.0,1357.0,445.0,False,False
2610,2022-10-25 11:23:15.471941,-0.002958579881656598,-0.002958579881656598,-0.04999999999999716,-0.04999999999999716,16.85,16.9,16.85,16.9,12.0,496.0,1357.0,445.0,False,False
2610,2022-10-25 11:23:17.038008,-0.002958579881656598,-0.002958579881656598,-0.04999999999999716,-0.04999999999999716,16.85,16.9,16.85,16.9,12.0,496.0,1357.0,445.0,False,False
2610,2022-10-25 11:23:17.823126,-0.002958579881656598,-0.002958579881656598,-0.04999999999999716,-0.04999999999999716,16.85,16.9,16.85,16.9,12.0,495.0,1357.0,445.0,False,False
2610,2022-10-25 11:23:20.409005,-0.002958579881656598,-0.002958579881656598,-0.04999999999999716,-0.04999999999999716,16.85,16.9,16.85,16.9,13.0,495.0,1357.0,445.0,False,False
2610,2022-10-25 11:23:22.289520,-0.002958579881656598,-0.002958579881656598,-0.04999999999999716,-0.04999999999999716,16.85,16.9,16.85,16.9,14.0,495.0,1357.0,445.0,False,False
2610,2022-10-25 11:23:22.310838,-0.002958579881656598,-0.002958579881656598,-0.04999999999999716,-0.04999999999999716,16.85,16.9,16.85,16.9,14.0,495.0,1357.0,445.0,False,False
2610,2022-10-25 11:23:22.379474,-0.002958579881656598,-0.002958579881656598,-0.04999999999999716,-0.04999999999999716,16.85,16.9,16.85,16.9,14.0,495.0,1357.0,445.0,False,False
2610,2022-10-25 11:23:23.484288,-0.002958579881656598,-0.002958579881656598,-0.04999999999999716,-0.04999999999999716,16.85,16.9,16.85,16.9,14.0,495.0,1357.0,445.0,True,True
2610,2022-10-25 11:23:23.769737,-0.002958579881656598,-0.002958579881656598,-0.04999999999999716,-0.04999999999999716,16.85,16.9,16.85,16.9,14.0,495.0,1357.0,445.0,False,False
2610,2022-10-25 11:23:24.445569,-0.002958579881656598,-0.002958579881656598,-0.04999999999999716,-0.04999999999999716,16.85,16.9,16.85,16.9,14.0,495.0,1357.0,445.0,False,False
2610,2022-10-25 11:23:24.662614,-0.002958579881656598,-0.002958579881656598,-0.04999999999999716,-0.04999999999999716,16.85,16.9,16.85,16.9,14.0,495.0,1357.0,445.0,False,False
2610,2022-10-25 11:23:24.679477,-0.002958579881656598,-0.002958579881656598,-0.04999999999999716,-0.04999999999999716,16.85,16.9,16.85,16.9,14.0,495.0,1357.0,445.0,False,False
2610,2022-10-25 11:23:28.142385,-0.002958579881656598,-0.002958579881656598,-0.04999999999999716,-0.04999999999999716,16.85,16.9,16.85,16.9,13.0,495.0,1357.0,445.0,False,False
2610,2022-10-25 11:23:28.167994,-0.002958579881656598,-0.002958579881656598,-0.04999999999999716,-0.04999999999999716,16.85,16.9,16.85,16.9,13.0,495.0,1357.0,445.0,False,False
2610,2022-10-25 11:23:28.494102,-0.002958579881656598,-0.002958579881656598,-0.04999999999999716,-0.04999999999999716,16.85,16.9,16.85,16.9,12.0,495.0,1357.0,445.0,False,False
2610,2022-10-25 11:23:32.901272,-0.002958579881656598,-0.002958579881656598,-0.04999999999999716,-0.04999999999999716,16.85,16.9,16.85,16.9,12.0,495.0,1357.0,445.0,False,False
2610,2022-10-25 11:23:35.050118,-0.002958579881656598,-0.002958579881656598,-0.04999999999999716,-0.04999999999999716,16.85,16.9,16.85,16.9,12.0,495.0,1357.0,445.0,False,False
2610,2022-10-25 11:23:35.349667,-0.002958579881656598,-0.002958579881656598,-0.04999999999999716,-0.04999999999999716,16.85,16.9,16.85,16.9,12.0,496.0,1357.0,445.0,False,False
2610,2022-10-25 11:23:35.765460,-0.002958579881656598,-0.002958579881656598,-0.04999999999999716,-0.04999999999999716,16.85,16.9,16.85,16.9,12.0,496.0,1357.0,445.0,False,False
2610,2022-10-25 11:23:36.264609,-0.002958579881656598,-0.002958579881656598,-0.04999999999999716,-0.04999999999999716,16.85,16.9,16.85,16.9,12.0,496.0,1357.0,445.0,False,False
2610,2022-10-25 11:23:38.177486,-0.002958579881656598,-0.002958579881656598,-0.04999999999999716,-0.04999999999999716,16.85,16.9,16.85,16.9,13.0,496.0,1357.0,445.0,False,False
2610,2022-10-25 11:23:39.630652,-0.002958579881656598,-0.002958579881656598,-0.04999999999999716,-0.04999999999999716,16.85,16.9,16.85,16.9,12.0,496.0,1357.0,445.0,False,False
2610,2022-10-25 11:23:40.412561,-0.002958579881656598,-0.002958579881656598,-0.04999999999999716,-0.04999999999999716,16.85,16.9,16.85,16.9,12.0,496.0,1357.0,445.0,False,False
2610,2022-10-25 11:23:40.985856,-0.002958579881656598,-0.002958579881656598,-0.04999999999999716,-0.04999999999999716,16.85,16.9,16.85,16.9,12.0,478.0,1357.0,445.0,False,False
2610,2022-10-25 11:23:41.021635,-0.002958579881656598,-0.002958579881656598,-0.04999999999999716,-0.04999999999999716,16.85,16.9,16.85,16.9,12.0,478.0,1357.0,445.0,False,False
2610,2022-10-25 11:23:42.824451,-0.002958579881656598,-0.002958579881656598,-0.04999999999999716,-0.04999999999999716,16.85,16.9,16.85,16.9,12.0,478.0,1357.0,445.0,False,False
2610,2022-10-25 11:23:47.396479,-0.002958579881656598,-0.002958579881656598,-0.04999999999999716,-0.04999999999999716,16.85,16.9,16.85,16.9,12.0,478.0,1357.0,445.0,False,False
2610,2022-10-25 11:23:47.416882,-0.002958579881656598,-0.002958579881656598,-0.04999999999999716,-0.04999999999999716,16.85,16.9,16.85,16.9,12.0,478.0,1357.0,445.0,False,False
2610,2022-10-25 11:23:49.322604,-0.002958579881656598,-0.002958579881656598,-0.04999999999999716,-0.04999999999999716,16.85,16.9,16.85,16.9,13.0,478.0,1357.0,445.0,False,False
2610,2022-10-25 11:23:50.534398,-0.002958579881656598,-0.002958579881656598,-0.04999999999999716,-0.04999999999999716,16.85,16.9,16.85,16.9,13.0,478.0,1357.0,445.0,False,False
2610,2022-10-25 11:23:51.633012,-0.002958579881656598,-0.002958579881656598,-0.04999999999999716,-0.04999999999999716,16.85,16.9,16.85,16.9,13.0,478.0,1357.0,445.0,False,False
2610,2022-10-25 11:23:51.733494,-0.002958579881656598,-0.002958579881656598,-0.04999999999999716,-0.04999999999999716,16.85,16.9,16.85,16.9,13.0,478.0,1357.0,445.0,False,False
2610,2022-10-25 11:23:55.212770,-0.002958579881656598,-0.002958579881656598,-0.04999999999999716,-0.04999999999999716,16.85,16.9,16.85,16.9,13.0,478.0,1357.0,445.0,False,False
2610,2022-10-25 11:24:00.487078,-0.002958579881656598,-0.002958579881656598,-0.04999999999999716,-0.04999999999999716,16.85,16.9,16.85,16.9,13.0,478.0,1357.0,445.0,False,False
2610,2022-10-25 11:24:00.493450,-0.002958579881656598,-0.002958579881656598,-0.04999999999999716,-0.04999999999999716,16.85,16.9,16.85,16.9,12.0,478.0,1357.0,445.0,False,False
2610,2022-10-25 11:24:01.858426,-0.002958579881656598,-0.002958579881656598,-0.04999999999999716,-0.04999999999999716,16.85,16.9,16.85,16.9,12.0,478.0,1357.0,445.0,False,False
2610,2022-10-25 11:24:02.984056,-0.002958579881656598,-0.002958579881656598,-0.04999999999999716,-0.04999999999999716,16.85,16.9,16.85,16.9,12.0,478.0,1357.0,445.0,False,False
2610,2022-10-25 11:24:05.168603,-0.002958579881656598,-0.002958579881656598,-0.04999999999999716,-0.04999999999999716,16.85,16.9,16.85,16.9,12.0,478.0,1357.0,445.0,False,False
2610,2022-10-25 11:24:10.857569,-0.002958579881656598,-0.002958579881656598,-0.04999999999999716,-0.04999999999999716,16.85,16.9,16.85,16.9,5.0,478.0,1357.0,445.0,False,False
2610,2022-10-25 11:24:13.713755,-0.002958579881656598,-0.002958579881656598,-0.04999999999999716,-0.04999999999999716,16.85,16.9,16.85,16.9,5.0,478.0,1357.0,435.0,True,True
2610,2022-10-25 11:24:19.466065,-0.002958579881656598,-0.002958579881656598,-0.04999999999999716,-0.04999999999999716,16.85,16.9,16.85,16.9,5.0,478.0,1357.0,435.0,False,False
2610,2022-10-25 11:24:19.731273,-0.002958579881656598,-0.002958579881656598,-0.04999999999999716,-0.04999999999999716,16.85,16.9,16.85,16.9,5.0,480.0,1357.0,435.0,False,False
2610,2022-10-25 11:24:21.229475,-0.002958579881656598,-0.002958579881656598,-0.04999999999999716,-0.04999999999999716,16.85,16.9,16.85,16.9,7.0,480.0,1357.0,435.0,False,False
2610,2022-10-25 11:24:22.518022,-0.002958579881656598,-0.002958579881656598,-0.04999999999999716,-0.04999999999999716,16.85,16.9,16.85,16.9,7.0,477.0,1357.0,435.0,False,False
2610,2022-10-25 11:24:24.807778,-0.002958579881656598,-0.002958579881656598,-0.04999999999999716,-0.04999999999999716,16.85,16.9,16.85,16.9,7.0,477.0,1357.0,435.0,False,False
2610,2022-10-25 11:24:29.909005,-0.002958579881656598,-0.002958579881656598,-0.04999999999999716,-0.04999999999999716,16.85,16.9,16.85,16.9,8.0,477.0,1357.0,435.0,False,False
2610,2022-10-25 11:24:30.288677,-0.002958579881656598,-0.002958579881656598,-0.04999999999999716,-0.04999999999999716,16.85,16.9,16.85,16.9,8.0,477.0,1357.0,435.0,False,False
2610,2022-10-25 11:24:30.957161,-0.002958579881656598,-0.002958579881656598,-0.04999999999999716,-0.04999999999999716,16.85,16.9,16.85,16.9,8.0,476.0,1357.0,435.0,False,False
2610,2022-10-25 11:24:31.000872,-0.002958579881656598,-0.002958579881656598,-0.04999999999999716,-0.04999999999999716,16.85,16.9,16.85,16.9,11.0,476.0,1357.0,435.0,False,False
2610,2022-10-25 11:24:34.167630,-0.002958579881656598,-0.002958579881656598,-0.04999999999999716,-0.04999999999999716,16.85,16.9,16.85,16.9,10.0,476.0,1357.0,435.0,False,False
2610,2022-10-25 11:24:34.367489,-0.002958579881656598,-0.002958579881656598,-0.04999999999999716,-0.04999999999999716,16.85,16.9,16.85,16.9,13.0,476.0,1357.0,435.0,False,False
2610,2022-10-25 11:24:35.074908,-0.002958579881656598,-0.002958579881656598,-0.04999999999999716,-0.04999999999999716,16.85,16.9,16.85,16.9,13.0,476.0,1357.0,435.0,False,False
2610,2022-10-25 11:24:36.169433,-0.002958579881656598,-0.002958579881656598,-0.04999999999999716,-0.04999999999999716,16.85,16.9,16.85,16.9,13.0,476.0,1357.0,435.0,False,False
2610,2022-10-25 11:24:37.535304,-0.002958579881656598,-0.002958579881656598,-0.04999999999999716,-0.04999999999999716,16.85,16.9,16.85,16.9,13.0,476.0,1357.0,435.0,False,False
2610,2022-10-25 11:24:38.271556,-0.002958579881656598,-0.002958579881656598,-0.04999999999999716,-0.04999999999999716,16.85,16.9,16.85,16.9,11.0,476.0,1357.0,435.0,False,False
2610,2022-10-25 11:24:41.732916,-0.002958579881656598,-0.002958579881656598,-0.04999999999999716,-0.04999999999999716,16.85,16.9,16.85,16.9,11.0,478.0,1357.0,435.0,False,False
2610,2022-10-25 11:24:42.744487,-0.002958579881656598,-0.002958579881656598,-0.04999999999999716,-0.04999999999999716,16.85,16.9,16.85,16.9,11.0,478.0,1357.0,435.0,False,False
2610,2022-10-25 11:24:43.115597,-0.002958579881656598,-0.002958579881656598,-0.04999999999999716,-0.04999999999999716,16.85,16.9,16.85,16.9,11.0,478.0,1357.0,435.0,False,False
2610,2022-10-25 11:24:45.820716,-0.002958579881656598,-0.002958579881656598,-0.04999999999999716,-0.04999999999999716,16.85,16.9,16.85,16.9,11.0,463.0,1357.0,435.0,False,False
2610,2022-10-25 11:24:45.944652,-0.002958579881656598,-0.002958579881656598,-0.04999999999999716,-0.04999999999999716,16.85,16.9,16.85,16.9,11.0,463.0,1357.0,435.0,False,False
2610,2022-10-25 11:24:48.302863,-0.002958579881656598,-0.002958579881656598,-0.04999999999999716,-0.04999999999999716,16.85,16.9,16.85,16.9,11.0,463.0,1357.0,435.0,False,False
2610,2022-10-25 11:24:48.338382,-0.002958579881656598,-0.002958579881656598,-0.04999999999999716,-0.04999999999999716,16.85,16.9,16.85,16.9,11.0,463.0,1357.0,435.0,False,False
2610,2022-10-25 11:24:48.432123,-0.002958579881656598,-0.002958579881656598,-0.04999999999999716,-0.04999999999999716,16.85,16.9,16.85,16.9,11.0,463.0,1357.0,435.0,False,False
2610,2022-10-25 11:24:48.442530,-0.002958579881656598,-0.002958579881656598,-0.04999999999999716,-0.04999999999999716,16.85,16.9,16.85,16.9,11.0,463.0,1357.0,435.0,False,False
2610,2022-10-25 11:24:48.515629,-0.002958579881656598,-0.002958579881656598,-0.04999999999999716,-0.04999999999999716,16.85,16.9,16.85,16.9,11.0,463.0,1357.0,435.0,False,False
2610,2022-10-25 11:24:48.718924,-0.002958579881656598,-0.002958579881656598,-0.04999999999999716,-0.04999999999999716,16.85,16.9,16.85,16.9,11.0,463.0,1357.0,435.0,False,False
2610,2022-10-25 11:24:48.959907,-0.002958579881656598,-0.002958579881656598,-0.04999999999999716,-0.04999999999999716,16.85,16.9,16.85,16.9,11.0,463.0,1357.0,435.0,False,False
2610,2022-10-25 11:24:51.850055,-0.002958579881656598,-0.002958579881656598,-0.04999999999999716,-0.04999999999999716,16.85,16.9,16.85,16.9,13.0,463.0,1357.0,435.0,False,False
2610,2022-10-25 11:24:51.892323,-0.002958579881656598,-0.002958579881656598,-0.04999999999999716,-0.04999999999999716,16.85,16.9,16.85,16.9,13.0,419.0,1357.0,435.0,False,False
2610,2022-10-25 11:24:52.049440,-0.002958579881656598,-0.002958579881656598,-0.04999999999999716,-0.04999999999999716,16.85,16.9,16.85,16.9,13.0,419.0,1357.0,435.0,False,False
2610,2022-10-25 11:24:53.858787,-0.002958579881656598,-0.002958579881656598,-0.04999999999999716,-0.04999999999999716,16.85,16.9,16.85,16.9,13.0,419.0,1357.0,535.0,True,True
2610,2022-10-25 11:24:55.261023,-0.002958579881656598,-0.002958579881656598,-0.04999999999999716,-0.04999999999999716,16.85,16.9,16.85,16.9,16.0,419.0,1357.0,535.0,False,False
2610,2022-10-25 11:24:55.301715,-0.002958579881656598,-0.002958579881656598,-0.04999999999999716,-0.04999999999999716,16.85,16.9,16.85,16.9,22.0,419.0,1357.0,535.0,False,False
2610,2022-10-25 11:24:58.581324,-0.002958579881656598,-0.002958579881656598,-0.04999999999999716,-0.04999999999999716,16.85,16.9,16.85,16.9,22.0,419.0,1357.0,535.0,False,False
2610,2022-10-25 11:24:58.611019,-0.002958579881656598,-0.002958579881656598,-0.04999999999999716,-0.04999999999999716,16.85,16.9,16.85,16.9,22.0,416.0,1357.0,535.0,False,False
2610,2022-10-25 11:25:02.747281,-0.002958579881656598,-0.002958579881656598,-0.04999999999999716,-0.04999999999999716,16.85,16.9,16.85,16.9,22.0,416.0,1357.0,535.0,False,False
2610,2022-10-25 11:25:02.775862,-0.002958579881656598,-0.002958579881656598,-0.04999999999999716,-0.04999999999999716,16.85,16.9,16.85,16.9,22.0,416.0,1357.0,535.0,False,False
2610,2022-10-25 11:25:04.509398,-0.002958579881656598,-0.002958579881656598,-0.04999999999999716,-0.04999999999999716,16.85,16.9,16.85,16.9,22.0,415.0,1357.0,535.0,False,False
2610,2022-10-25 11:25:06.608100,-0.002958579881656598,-0.002958579881656598,-0.04999999999999716,-0.04999999999999716,16.85,16.9,16.85,16.9,22.0,415.0,1357.0,535.0,False,False
2610,2022-10-25 11:25:08.630267,-0.002958579881656598,-0.002958579881656598,-0.04999999999999716,-0.04999999999999716,16.85,16.9,16.85,16.9,22.0,415.0,1357.0,535.0,False,False
2610,2022-10-25 11:25:08.683183,-0.002958579881656598,-0.002958579881656598,-0.04999999999999716,-0.04999999999999716,16.85,16.9,16.85,16.9,23.0,415.0,1357.0,535.0,False,False
2610,2022-10-25 11:25:09.483109,-0.002958579881656598,-0.002958579881656598,-0.04999999999999716,-0.04999999999999716,16.85,16.9,16.85,16.9,33.0,415.0,1357.0,535.0,False,False
2610,2022-10-25 11:25:09.515974,-0.002958579881656598,-0.002958579881656598,-0.04999999999999716,-0.04999999999999716,16.85,16.9,16.85,16.9,33.0,415.0,1357.0,535.0,False,False
2610,2022-10-25 11:25:09.553640,-0.002958579881656598,-0.002958579881656598,-0.04999999999999716,-0.04999999999999716,16.85,16.9,16.85,16.9,33.0,416.0,1357.0,535.0,False,False
2610,2022-10-25 11:25:11.379378,-0.002958579881656598,-0.002958579881656598,-0.04999999999999716,-0.04999999999999716,16.85,16.9,16.85,16.9,33.0,416.0,1357.0,535.0,False,False
2610,2022-10-25 11:25:12.037555,-0.002958579881656598,-0.002958579881656598,-0.04999999999999716,-0.04999999999999716,16.85,16.9,16.85,16.9,33.0,416.0,1357.0,535.0,False,False
2610,2022-10-25 11:25:12.297532,-0.002958579881656598,-0.002958579881656598,-0.04999999999999716,-0.04999999999999716,16.85,16.9,16.85,16.9,33.0,416.0,1357.0,535.0,False,False
2610,2022-10-25 11:25:13.241164,-0.002958579881656598,-0.002958579881656598,-0.04999999999999716,-0.04999999999999716,16.85,16.9,16.85,16.9,33.0,416.0,1357.0,530.0,False,True
2610,2022-10-25 11:25:13.376733,-0.002958579881656598,-0.002958579881656598,-0.04999999999999716,-0.04999999999999716,16.85,16.9,16.85,16.9,63.0,416.0,1357.0,530.0,False,False
2610,2022-10-25 11:25:13.410185,-0.002958579881656598,-0.002958579881656598,-0.04999999999999716,-0.04999999999999716,16.85,16.9,16.85,16.9,63.0,416.0,1357.0,530.0,False,False
2610,2022-10-25 11:25:13.551705,-0.002958579881656598,-0.002958579881656598,-0.04999999999999716,-0.04999999999999716,16.85,16.9,16.85,16.9,63.0,416.0,1357.0,530.0,False,False
2610,2022-10-25 11:25:13.590195,-0.002958579881656598,-0.002958579881656598,-0.04999999999999716,-0.04999999999999716,16.85,16.9,16.85,16.9,63.0,415.0,1357.0,530.0,False,False
2610,2022-10-25 11:25:13.678983,-0.002958579881656598,-0.002958579881656598,-0.04999999999999716,-0.04999999999999716,16.85,16.9,16.85,16.9,113.0,415.0,1357.0,530.0,False,False
2610,2022-10-25 11:25:13.743203,-0.002958579881656598,-0.002958579881656598,-0.04999999999999716,-0.04999999999999716,16.85,16.9,16.85,16.9,130.0,402.0,1357.0,530.0,False,False
2610,2022-10-25 11:25:14.870643,-0.002958579881656598,-0.002958579881656598,-0.04999999999999716,-0.04999999999999716,16.85,16.9,16.85,16.9,131.0,402.0,1357.0,530.0,False,False
2610,2022-10-25 11:25:16.348182,-0.002958579881656598,-0.002958579881656598,-0.04999999999999716,-0.04999999999999716,16.85,16.9,16.85,16.9,131.0,402.0,1357.0,530.0,False,False
2610,2022-10-25 11:25:16.445917,-0.002958579881656598,-0.002958579881656598,-0.04999999999999716,-0.04999999999999716,16.85,16.9,16.85,16.9,131.0,402.0,1357.0,530.0,False,False
2610,2022-10-25 11:25:17.132933,-0.002958579881656598,-0.002958579881656598,-0.04999999999999716,-0.04999999999999716,16.85,16.9,16.85,16.9,131.0,402.0,1357.0,530.0,False,False
2610,2022-10-25 11:25:17.525389,-0.002958579881656598,-0.002958579881656598,-0.04999999999999716,-0.04999999999999716,16.85,16.9,16.85,16.9,133.0,402.0,1357.0,530.0,False,False
2610,2022-10-25 11:25:17.640544,-0.002958579881656598,-0.002958579881656598,-0.04999999999999716,-0.04999999999999716,16.85,16.9,16.85,16.9,134.0,402.0,1357.0,530.0,False,False
2610,2022-10-25 11:25:17.872695,-0.002958579881656598,-0.002958579881656598,-0.04999999999999716,-0.04999999999999716,16.85,16.9,16.85,16.9,134.0,402.0,1357.0,530.0,False,False
2610,2022-10-25 11:25:17.959649,-0.002958579881656598,-0.002958579881656598,-0.04999999999999716,-0.04999999999999716,16.85,16.9,16.85,16.9,134.0,401.0,1357.0,530.0,False,False
2610,2022-10-25 11:25:19.229366,-0.002958579881656598,-0.002958579881656598,-0.04999999999999716,-0.04999999999999716,16.85,16.9,16.85,16.9,134.0,401.0,1357.0,530.0,False,False
2610,2022-10-25 11:25:21.720133,-0.002958579881656598,-0.002958579881656598,-0.04999999999999716,-0.04999999999999716,16.85,16.9,16.85,16.9,134.0,402.0,1357.0,530.0,False,False
2610,2022-10-25 11:25:23.169928,-0.002958579881656598,-0.002958579881656598,-0.04999999999999716,-0.04999999999999716,16.85,16.9,16.85,16.9,135.0,402.0,1357.0,530.0,False,False
2610,2022-10-25 11:25:23.223362,-0.002958579881656598,-0.002958579881656598,-0.04999999999999716,-0.04999999999999716,16.85,16.9,16.85,16.9,135.0,402.0,1357.0,530.0,False,False
2610,2022-10-25 11:25:23.258898,-0.002958579881656598,-0.002958579881656598,-0.04999999999999716,-0.04999999999999716,16.85,16.9,16.85,16.9,135.0,402.0,1357.0,530.0,True,True
2610,2022-10-25 11:25:23.349742,-0.002958579881656598,-0.002958579881656598,-0.04999999999999716,-0.04999999999999716,16.85,16.9,16.85,16.9,135.0,402.0,1357.0,530.0,False,False
2610,2022-10-25 11:25:23.508159,-0.002958579881656598,-0.002958579881656598,-0.04999999999999716,-0.04999999999999716,16.85,16.9,16.85,16.9,135.0,402.0,1357.0,530.0,False,False
2610,2022-10-25 11:25:23.800415,-0.002958579881656598,-0.002958579881656598,-0.04999999999999716,-0.04999999999999716,16.85,16.9,16.85,16.9,135.0,402.0,1357.0,530.0,False,False
2610,2022-10-25 11:25:24.329115,-0.002958579881656598,-0.002958579881656598,-0.04999999999999716,-0.04999999999999716,16.85,16.9,16.85,16.9,161.0,402.0,1357.0,530.0,False,False
2610,2022-10-25 11:25:25.095013,-0.002958579881656598,-0.002958579881656598,-0.04999999999999716,-0.04999999999999716,16.85,16.9,16.85,16.9,161.0,403.0,1357.0,530.0,False,False
2610,2022-10-25 11:25:25.301233,-0.002958579881656598,-0.002958579881656598,-0.04999999999999716,-0.04999999999999716,16.85,16.9,16.85,16.9,161.0,313.0,1357.0,530.0,False,False
2610,2022-10-25 11:25:25.314335,-0.002958579881656598,-0.002958579881656598,-0.04999999999999716,-0.04999999999999716,16.85,16.9,16.85,16.9,161.0,188.0,1357.0,530.0,False,False
2610,2022-10-25 11:25:25.350061,-0.002958579881656598,-0.002958579881656598,-0.04999999999999716,-0.04999999999999716,16.85,16.9,16.85,16.9,164.0,184.0,1357.0,530.0,False,False
2610,2022-10-25 11:25:25.361967,-0.002958579881656598,-0.002958579881656598,-0.04999999999999716,-0.04999999999999716,16.85,16.9,16.85,16.9,164.0,184.0,1357.0,530.0,False,False
2610,2022-10-25 11:25:25.464341,-0.002958579881656598,-0.002958579881656598,-0.04999999999999716,-0.04999999999999716,16.85,16.9,16.85,16.9,164.0,180.0,1357.0,530.0,False,False
2610,2022-10-25 11:25:25.507684,-0.002958579881656598,-0.002958579881656598,-0.04999999999999716,-0.04999999999999716,16.85,16.9,16.85,16.9,164.0,180.0,1357.0,530.0,False,False
2610,2022-10-25 11:25:25.661510,-0.002958579881656598,-0.002958579881656598,-0.04999999999999716,-0.04999999999999716,16.85,16.9,16.85,16.9,174.0,180.0,1357.0,530.0,False,False
2610,2022-10-25 11:25:26.035869,-0.002958579881656598,-0.002958579881656598,-0.04999999999999716,-0.04999999999999716,16.85,16.9,16.85,16.9,179.0,180.0,1357.0,530.0,False,False
2610,2022-10-25 11:25:26.320183,-0.002958579881656598,-0.002958579881656598,-0.04999999999999716,-0.04999999999999716,16.85,16.9,16.85,16.9,153.0,180.0,1357.0,530.0,False,False
2610,2022-10-25 11:25:26.579904,-0.002958579881656598,-0.002958579881656598,-0.04999999999999716,-0.04999999999999716,16.85,16.9,16.85,16.9,153.0,180.0,1357.0,530.0,False,False
2610,2022-10-25 11:25:26.702516,-0.002958579881656598,-0.002958579881656598,-0.04999999999999716,-0.04999999999999716,16.85,16.9,16.85,16.9,153.0,175.0,1357.0,530.0,False,False
2610,2022-10-25 11:25:27.642091,-0.002958579881656598,-0.002958579881656598,-0.04999999999999716,-0.04999999999999716,16.85,16.9,16.85,16.9,153.0,176.0,1357.0,530.0,False,False
2610,2022-10-25 11:25:28.407229,-0.002958579881656598,-0.002958579881656598,-0.04999999999999716,-0.04999999999999716,16.85,16.9,16.85,16.9,153.0,166.0,1357.0,530.0,False,False
2610,2022-10-25 11:25:28.711173,-0.002958579881656598,-0.002958579881656598,-0.04999999999999716,-0.04999999999999716,16.85,16.9,16.85,16.9,153.0,166.0,1357.0,530.0,False,False
2610,2022-10-25 11:25:30.224167,-0.002958579881656598,-0.002958579881656598,-0.04999999999999716,-0.04999999999999716,16.85,16.9,16.85,16.9,153.0,166.0,1357.0,530.0,False,False
2610,2022-10-25 11:25:30.316230,-0.002958579881656598,-0.002958579881656598,-0.04999999999999716,-0.04999999999999716,16.85,16.9,16.85,16.9,179.0,166.0,1357.0,530.0,False,False
2610,2022-10-25 11:25:30.396697,-0.002958579881656598,-0.002958579881656598,-0.04999999999999716,-0.04999999999999716,16.85,16.9,16.85,16.9,179.0,165.0,1357.0,530.0,False,False
2610,2022-10-25 11:25:30.400286,-0.002958579881656598,-0.002958579881656598,-0.04999999999999716,-0.04999999999999716,16.85,16.9,16.85,16.9,179.0,160.0,1357.0,530.0,False,False
2610,2022-10-25 11:25:30.398617,-0.002958579881656598,-0.002958579881656598,-0.04999999999999716,-0.04999999999999716,16.85,16.9,16.85,16.9,179.0,164.0,1357.0,530.0,False,False
2610,2022-10-25 11:25:30.517129,-0.002958579881656598,-0.002958579881656598,-0.04999999999999716,-0.04999999999999716,16.85,16.9,16.85,16.9,179.0,156.0,1357.0,530.0,False,False
2610,2022-10-25 11:25:30.461273,-0.002958579881656598,-0.002958579881656598,-0.04999999999999716,-0.04999999999999716,16.85,16.9,16.85,16.9,179.0,160.0,1357.0,530.0,False,False
2610,2022-10-25 11:25:30.623894,-0.005899705014749124,-0.002958579881656598,-0.09999999999999787,-0.04999999999999716,16.85,16.95,16.85,16.9,179.0,507.0,1357.0,530.0,False,False
2610,2022-10-25 11:25:30.686952,-0.005899705014749124,-0.002958579881656598,-0.09999999999999787,-0.04999999999999716,16.85,16.95,16.85,16.9,179.0,507.0,1357.0,530.0,False,False
2610,2022-10-25 11:25:30.848328,-0.005899705014749124,-0.002958579881656598,-0.09999999999999787,-0.04999999999999716,16.85,16.95,16.85,16.9,234.0,637.0,1357.0,530.0,False,False
2610,2022-10-25 11:25:30.936235,-0.005899705014749124,-0.002958579881656598,-0.09999999999999787,-0.04999999999999716,16.85,16.95,16.85,16.9,228.0,637.0,1357.0,530.0,False,False
2610,2022-10-25 11:25:31.087882,-0.005899705014749124,0.0,-0.09999999999999787,0.0,16.9,16.95,16.85,16.9,1.0,597.0,1357.0,530.0,False,False
2610,2022-10-25 11:25:31.257897,-0.005899705014749124,0.0,-0.09999999999999787,0.0,16.9,16.95,16.85,16.9,1.0,597.0,1357.0,530.0,False,False
2610,2022-10-25 11:25:31.321683,-0.005899705014749124,0.0,-0.09999999999999787,0.0,16.9,16.95,16.85,16.9,1.0,597.0,1357.0,530.0,False,False
2610,2022-10-25 11:25:31.437076,-0.005899705014749124,0.0,-0.09999999999999787,0.0,16.9,16.95,16.85,16.9,1.0,597.0,1357.0,530.0,False,False
2610,2022-10-25 11:25:31.475711,-0.005899705014749124,0.0,-0.09999999999999787,0.0,16.9,16.95,16.85,16.9,1.0,593.0,1357.0,530.0,False,False
2610,2022-10-25 11:25:31.493515,-0.005899705014749124,0.0,-0.09999999999999787,0.0,16.9,16.95,16.85,16.9,1.0,593.0,1357.0,530.0,False,False
2610,2022-10-25 11:25:32.416503,-0.005899705014749124,0.0,-0.09999999999999787,0.0,16.9,16.95,16.85,16.9,1.0,593.0,1357.0,530.0,False,False
2610,2022-10-25 11:25:32.462540,-0.005899705014749124,0.0,-0.09999999999999787,0.0,16.9,16.95,16.85,16.9,1.0,593.0,1357.0,530.0,False,False
2610,2022-10-25 11:25:32.476788,-0.005899705014749124,0.0,-0.09999999999999787,0.0,16.9,16.95,16.85,16.9,1.0,593.0,1357.0,530.0,False,False
2610,2022-10-25 11:25:33.263824,-0.005899705014749124,0.0,-0.09999999999999787,0.0,16.9,16.95,16.85,16.9,11.0,593.0,1357.0,530.0,False,False
2610,2022-10-25 11:25:33.288624,-0.005899705014749124,0.0,-0.09999999999999787,0.0,16.9,16.95,16.85,16.9,11.0,593.0,1357.0,530.0,True,True
2610,2022-10-25 11:25:33.413254,-0.005899705014749124,0.0,-0.09999999999999787,0.0,16.9,16.95,16.85,16.9,10.0,593.0,1357.0,530.0,False,False
2610,2022-10-25 11:25:34.485545,-0.005899705014749124,0.0,-0.09999999999999787,0.0,16.9,16.95,16.85,16.9,11.0,593.0,1357.0,530.0,False,False
2610,2022-10-25 11:25:34.881021,-0.005899705014749124,0.0,-0.09999999999999787,0.0,16.9,16.95,16.85,16.9,14.0,593.0,1357.0,530.0,False,False
2610,2022-10-25 11:25:35.589748,-0.005899705014749124,0.0,-0.09999999999999787,0.0,16.9,16.95,16.85,16.9,14.0,593.0,1357.0,530.0,False,False
2610,2022-10-25 11:25:35.848220,-0.005899705014749124,0.0,-0.09999999999999787,0.0,16.9,16.95,16.85,16.9,14.0,593.0,1357.0,530.0,False,False
2610,2022-10-25 11:25:35.870652,-0.005899705014749124,0.0,-0.09999999999999787,0.0,16.9,16.95,16.85,16.9,14.0,593.0,1357.0,530.0,False,False
2610,2022-10-25 11:25:36.619882,-0.005899705014749124,0.0,-0.09999999999999787,0.0,16.9,16.95,16.85,16.9,14.0,593.0,1357.0,530.0,False,False
2610,2022-10-25 11:25:38.239425,-0.005899705014749124,0.0,-0.09999999999999787,0.0,16.9,16.95,16.85,16.9,12.0,593.0,1357.0,530.0,False,False
2610,2022-10-25 11:25:39.239104,-0.005899705014749124,0.0,-0.09999999999999787,0.0,16.9,16.95,16.85,16.9,17.0,593.0,1357.0,530.0,False,False
2610,2022-10-25 11:25:39.277587,-0.005899705014749124,0.0,-0.09999999999999787,0.0,16.9,16.95,16.85,16.9,20.0,593.0,1357.0,530.0,False,False
2610,2022-10-25 11:25:39.405857,-0.005899705014749124,0.0,-0.09999999999999787,0.0,16.9,16.95,16.85,16.9,21.0,593.0,1357.0,530.0,False,False
2610,2022-10-25 11:25:39.589277,-0.005899705014749124,0.0,-0.09999999999999787,0.0,16.9,16.95,16.85,16.9,21.0,594.0,1357.0,530.0,False,False
2610,2022-10-25 11:25:40.520060,-0.005899705014749124,0.0,-0.09999999999999787,0.0,16.9,16.95,16.85,16.9,21.0,589.0,1357.0,530.0,False,False
2610,2022-10-25 11:25:40.675537,-0.005899705014749124,0.0,-0.09999999999999787,0.0,16.9,16.95,16.85,16.9,21.0,589.0,1357.0,530.0,False,False
2610,2022-10-25 11:25:40.769303,-0.005899705014749124,0.0,-0.09999999999999787,0.0,16.9,16.95,16.85,16.9,31.0,585.0,1357.0,530.0,False,False
2610,2022-10-25 11:25:40.697004,-0.005899705014749124,0.0,-0.09999999999999787,0.0,16.9,16.95,16.85,16.9,31.0,589.0,1357.0,530.0,False,False
2610,2022-10-25 11:25:42.453507,-0.005899705014749124,0.0,-0.09999999999999787,0.0,16.9,16.95,16.85,16.9,31.0,586.0,1357.0,530.0,False,False
2610,2022-10-25 11:25:44.223627,-0.005899705014749124,0.0,-0.09999999999999787,0.0,16.9,16.95,16.85,16.9,31.0,586.0,1357.0,530.0,False,False
2610,2022-10-25 11:25:44.754590,-0.005899705014749124,0.0,-0.09999999999999787,0.0,16.9,16.95,16.85,16.9,31.0,586.0,1357.0,530.0,False,False
2610,2022-10-25 11:25:45.044352,-0.005899705014749124,0.0,-0.09999999999999787,0.0,16.9,16.95,16.85,16.9,32.0,586.0,1357.0,530.0,False,False
2610,2022-10-25 11:25:45.113529,-0.005899705014749124,0.0,-0.09999999999999787,0.0,16.9,16.95,16.85,16.9,32.0,581.0,1357.0,530.0,False,False
2610,2022-10-25 11:25:45.552808,-0.005899705014749124,0.0,-0.09999999999999787,0.0,16.9,16.95,16.85,16.9,32.0,581.0,1357.0,530.0,False,False
2610,2022-10-25 11:25:46.359663,-0.005899705014749124,0.0,-0.09999999999999787,0.0,16.9,16.95,16.85,16.9,32.0,581.0,1357.0,530.0,False,False
2610,2022-10-25 11:25:47.066473,-0.005899705014749124,0.0,-0.09999999999999787,0.0,16.9,16.95,16.85,16.9,32.0,581.0,1357.0,530.0,False,False
2610,2022-10-25 11:25:48.186806,-0.005899705014749124,0.0,-0.09999999999999787,0.0,16.9,16.95,16.85,16.9,32.0,581.0,1357.0,530.0,False,False
2610,2022-10-25 11:25:48.593465,-0.005899705014749124,0.0,-0.09999999999999787,0.0,16.9,16.95,16.85,16.9,22.0,581.0,1357.0,530.0,False,False
2610,2022-10-25 11:25:49.001600,-0.005899705014749124,0.0,-0.09999999999999787,0.0,16.9,16.95,16.85,16.9,72.0,581.0,1357.0,530.0,False,False
2610,2022-10-25 11:25:49.018757,-0.005899705014749124,0.0,-0.09999999999999787,0.0,16.9,16.95,16.85,16.9,72.0,578.0,1357.0,530.0,False,False
2610,2022-10-25 11:25:50.562150,-0.005899705014749124,0.0,-0.09999999999999787,0.0,16.9,16.95,16.85,16.9,72.0,568.0,1357.0,530.0,False,False
2610,2022-10-25 11:25:50.592036,-0.005899705014749124,0.0,-0.09999999999999787,0.0,16.9,16.95,16.85,16.9,72.0,557.0,1357.0,530.0,False,False
2610,2022-10-25 11:25:50.592620,-0.005899705014749124,0.0,-0.09999999999999787,0.0,16.9,16.95,16.85,16.9,89.0,557.0,1357.0,530.0,False,False
2610,2022-10-25 11:25:50.850656,-0.005899705014749124,0.0,-0.09999999999999787,0.0,16.9,16.95,16.85,16.9,89.0,557.0,1357.0,530.0,False,False
2610,2022-10-25 11:25:51.130636,-0.005899705014749124,0.0,-0.09999999999999787,0.0,16.9,16.95,16.85,16.9,119.0,557.0,1357.0,530.0,False,False
2610,2022-10-25 11:25:51.908043,-0.005899705014749124,0.0,-0.09999999999999787,0.0,16.9,16.95,16.85,16.9,119.0,553.0,1357.0,530.0,False,False
2610,2022-10-25 11:25:52.028006,-0.005899705014749124,0.0,-0.09999999999999787,0.0,16.9,16.95,16.85,16.9,119.0,554.0,1357.0,530.0,False,False
2610,2022-10-25 11:25:52.240492,-0.005899705014749124,0.0,-0.09999999999999787,0.0,16.9,16.95,16.85,16.9,120.0,554.0,1357.0,530.0,False,False
2610,2022-10-25 11:25:53.344501,-0.005899705014749124,0.0,-0.09999999999999787,0.0,16.9,16.95,16.85,16.9,120.0,554.0,1357.0,530.0,True,True
2610,2022-10-25 11:25:53.555399,-0.005899705014749124,0.0,-0.09999999999999787,0.0,16.9,16.95,16.85,16.9,120.0,554.0,1357.0,530.0,False,False
2610,2022-10-25 11:25:54.422992,-0.005899705014749124,0.0,-0.09999999999999787,0.0,16.9,16.95,16.85,16.9,120.0,553.0,1357.0,530.0,False,False
2610,2022-10-25 11:25:54.721242,-0.005899705014749124,0.0,-0.09999999999999787,0.0,16.9,16.95,16.85,16.9,120.0,553.0,1357.0,530.0,False,False
2610,2022-10-25 11:25:55.493693,-0.005899705014749124,0.0,-0.09999999999999787,0.0,16.9,16.95,16.85,16.9,103.0,553.0,1357.0,530.0,False,False
2610,2022-10-25 11:25:56.078858,-0.005899705014749124,0.0,-0.09999999999999787,0.0,16.9,16.95,16.85,16.9,120.0,553.0,1357.0,530.0,False,False
2610,2022-10-25 11:25:58.999032,-0.005899705014749124,0.0,-0.09999999999999787,0.0,16.9,16.95,16.85,16.9,121.0,553.0,1357.0,530.0,False,False
2610,2022-10-25 11:26:00.718518,-0.005899705014749124,0.0,-0.09999999999999787,0.0,16.9,16.95,16.85,16.9,121.0,552.0,1357.0,530.0,False,False
2610,2022-10-25 11:26:01.479620,-0.005899705014749124,0.0,-0.09999999999999787,0.0,16.9,16.95,16.85,16.9,121.0,552.0,1357.0,530.0,False,False
2610,2022-10-25 11:26:02.128582,-0.005899705014749124,0.0,-0.09999999999999787,0.0,16.9,16.95,16.85,16.9,121.0,551.0,1357.0,530.0,False,False
2610,2022-10-25 11:26:03.088416,-0.005899705014749124,0.0,-0.09999999999999787,0.0,16.9,16.95,16.85,16.9,121.0,549.0,1357.0,530.0,False,False
2610,2022-10-25 11:26:03.375940,-0.005899705014749124,0.0,-0.09999999999999787,0.0,16.9,16.95,16.85,16.9,121.0,549.0,1357.0,520.0,True,True
2610,2022-10-25 11:26:04.588853,-0.005899705014749124,0.0,-0.09999999999999787,0.0,16.9,16.95,16.85,16.9,121.0,548.0,1357.0,520.0,False,False
2610,2022-10-25 11:26:04.756347,-0.005899705014749124,0.0,-0.09999999999999787,0.0,16.9,16.95,16.85,16.9,123.0,548.0,1357.0,520.0,False,False
2610,2022-10-25 11:26:04.769457,-0.005899705014749124,0.0,-0.09999999999999787,0.0,16.9,16.95,16.85,16.9,123.0,548.0,1357.0,520.0,False,False
2610,2022-10-25 11:26:05.004337,-0.005899705014749124,0.0,-0.09999999999999787,0.0,16.9,16.95,16.85,16.9,123.0,548.0,1357.0,520.0,False,False
2610,2022-10-25 11:26:05.629038,-0.005899705014749124,0.0,-0.09999999999999787,0.0,16.9,16.95,16.85,16.9,123.0,547.0,1357.0,520.0,False,False
2610,2022-10-25 11:26:07.898428,-0.005899705014749124,0.0,-0.09999999999999787,0.0,16.9,16.95,16.85,16.9,123.0,547.0,1357.0,520.0,False,False
2610,2022-10-25 11:26:08.203390,-0.005899705014749124,0.0,-0.09999999999999787,0.0,16.9,16.95,16.85,16.9,123.0,548.0,1357.0,520.0,False,False
2610,2022-10-25 11:26:11.944112,-0.005899705014749124,0.0,-0.09999999999999787,0.0,16.9,16.95,16.85,16.9,124.0,548.0,1357.0,520.0,False,False
2610,2022-10-25 11:26:12.442815,-0.005899705014749124,0.0,-0.09999999999999787,0.0,16.9,16.95,16.85,16.9,107.0,548.0,1357.0,520.0,False,False
2610,2022-10-25 11:26:13.292393,-0.005899705014749124,0.0,-0.09999999999999787,0.0,16.9,16.95,16.85,16.9,133.0,548.0,1357.0,520.0,False,False
2610,2022-10-25 11:26:13.419194,-0.005899705014749124,0.0,-0.09999999999999787,0.0,16.9,16.95,16.85,16.9,133.0,548.0,1357.0,520.0,True,True
2610,2022-10-25 11:26:14.111274,-0.005899705014749124,0.0,-0.09999999999999787,0.0,16.9,16.95,16.85,16.9,133.0,548.0,1357.0,520.0,False,False
2610,2022-10-25 11:26:14.253506,-0.005899705014749124,0.0,-0.09999999999999787,0.0,16.9,16.95,16.85,16.9,107.0,548.0,1357.0,520.0,False,False
2610,2022-10-25 11:26:16.413638,-0.005899705014749124,0.0,-0.09999999999999787,0.0,16.9,16.95,16.85,16.9,107.0,549.0,1357.0,520.0,False,False
2610,2022-10-25 11:26:17.813181,-0.005899705014749124,0.0,-0.09999999999999787,0.0,16.9,16.95,16.85,16.9,107.0,549.0,1357.0,520.0,False,False
2610,2022-10-25 11:26:18.307683,-0.005899705014749124,0.0,-0.09999999999999787,0.0,16.9,16.95,16.85,16.9,107.0,544.0,1357.0,520.0,False,False
2610,2022-10-25 11:26:20.257027,-0.005899705014749124,0.0,-0.09999999999999787,0.0,16.9,16.95,16.85,16.9,107.0,544.0,1357.0,520.0,False,False
2610,2022-10-25 11:26:22.950674,-0.005899705014749124,0.0,-0.09999999999999787,0.0,16.9,16.95,16.85,16.9,107.0,543.0,1357.0,520.0,False,False
2610,2022-10-25 11:26:23.452612,-0.005899705014749124,0.0,-0.09999999999999787,0.0,16.9,16.95,16.85,16.9,107.0,543.0,1357.0,520.0,True,True
2610,2022-10-25 11:26:23.457209,-0.005899705014749124,0.0,-0.09999999999999787,0.0,16.9,16.95,16.85,16.9,108.0,543.0,1357.0,520.0,False,False
2610,2022-10-25 11:26:23.474121,-0.005899705014749124,0.0,-0.09999999999999787,0.0,16.9,16.95,16.85,16.9,108.0,543.0,1357.0,520.0,False,False
2610,2022-10-25 11:26:24.200968,-0.005899705014749124,0.0,-0.09999999999999787,0.0,16.9,16.95,16.85,16.9,108.0,542.0,1357.0,520.0,False,False
2610,2022-10-25 11:26:27.051832,-0.005899705014749124,0.0,-0.09999999999999787,0.0,16.9,16.95,16.85,16.9,108.0,543.0,1357.0,520.0,False,False
2610,2022-10-25 11:26:27.447424,-0.005899705014749124,0.0,-0.09999999999999787,0.0,16.9,16.95,16.85,16.9,109.0,543.0,1357.0,520.0,False,False
2610,2022-10-25 11:26:30.319780,-0.005899705014749124,0.0,-0.09999999999999787,0.0,16.9,16.95,16.85,16.9,109.0,543.0,1357.0,520.0,False,False
2610,2022-10-25 11:26:30.483216,-0.005899705014749124,0.0,-0.09999999999999787,0.0,16.9,16.95,16.85,16.9,109.0,543.0,1357.0,520.0,False,False
2610,2022-10-25 11:26:30.726677,-0.005899705014749124,0.0,-0.09999999999999787,0.0,16.9,16.95,16.85,16.9,110.0,543.0,1357.0,520.0,False,False
2610,2022-10-25 11:26:31.069539,-0.005899705014749124,0.0,-0.09999999999999787,0.0,16.9,16.95,16.85,16.9,110.0,543.0,1357.0,520.0,False,False
2610,2022-10-25 11:26:31.990622,-0.005899705014749124,0.0,-0.09999999999999787,0.0,16.9,16.95,16.85,16.9,110.0,543.0,1357.0,520.0,False,False
2610,2022-10-25 11:26:32.179820,-0.005899705014749124,0.0,-0.09999999999999787,0.0,16.9,16.95,16.85,16.9,110.0,543.0,1357.0,520.0,False,False
2610,2022-10-25 11:26:33.261088,-0.005899705014749124,0.0,-0.09999999999999787,0.0,16.9,16.95,16.85,16.9,112.0,543.0,1357.0,520.0,False,False
2610,2022-10-25 11:26:33.482737,-0.005899705014749124,0.0,-0.09999999999999787,0.0,16.9,16.95,16.85,16.9,112.0,543.0,1357.0,520.0,True,True
2610,2022-10-25 11:26:33.574771,-0.005899705014749124,0.0,-0.09999999999999787,0.0,16.9,16.95,16.85,16.9,112.0,543.0,1357.0,520.0,False,False
2610,2022-10-25 11:26:34.250620,-0.005899705014749124,0.0,-0.09999999999999787,0.0,16.9,16.95,16.85,16.9,112.0,543.0,1357.0,520.0,False,False
2610,2022-10-25 11:26:36.356774,-0.005899705014749124,0.0,-0.09999999999999787,0.0,16.9,16.95,16.85,16.9,112.0,543.0,1357.0,520.0,False,False
2610,2022-10-25 11:26:37.582622,-0.005899705014749124,0.0,-0.09999999999999787,0.0,16.9,16.95,16.85,16.9,112.0,540.0,1357.0,520.0,False,False
2610,2022-10-25 11:26:37.797925,-0.005899705014749124,0.0,-0.09999999999999787,0.0,16.9,16.95,16.85,16.9,112.0,540.0,1357.0,520.0,False,False
2610,2022-10-25 11:26:38.741589,-0.005899705014749124,0.0,-0.09999999999999787,0.0,16.9,16.95,16.85,16.9,113.0,540.0,1357.0,520.0,False,False
2610,2022-10-25 11:26:40.712380,-0.005899705014749124,0.0,-0.09999999999999787,0.0,16.9,16.95,16.85,16.9,113.0,530.0,1357.0,520.0,False,False
2610,2022-10-25 11:26:40.773022,-0.005899705014749124,0.0,-0.09999999999999787,0.0,16.9,16.95,16.85,16.9,113.0,530.0,1357.0,520.0,False,False
2610,2022-10-25 11:26:41.682405,-0.005899705014749124,0.0,-0.09999999999999787,0.0,16.9,16.95,16.85,16.9,113.0,530.0,1357.0,520.0,False,False
2610,2022-10-25 11:26:41.911902,-0.005899705014749124,0.0,-0.09999999999999787,0.0,16.9,16.95,16.85,16.9,112.0,530.0,1357.0,520.0,False,False
2610,2022-10-25 11:26:42.375677,-0.005899705014749124,0.0,-0.09999999999999787,0.0,16.9,16.95,16.85,16.9,112.0,530.0,1357.0,520.0,False,False
2610,2022-10-25 11:26:43.520824,-0.005899705014749124,0.0,-0.09999999999999787,0.0,16.9,16.95,16.85,16.9,112.0,530.0,1357.0,420.0,True,True
2610,2022-10-25 11:26:43.734247,-0.005899705014749124,0.0,-0.09999999999999787,0.0,16.9,16.95,16.85,16.9,112.0,530.0,1357.0,420.0,False,False
2610,2022-10-25 11:26:46.111519,-0.005899705014749124,0.0,-0.09999999999999787,0.0,16.9,16.95,16.85,16.9,112.0,529.0,1357.0,420.0,False,False
2610,2022-10-25 11:26:46.127307,-0.005899705014749124,0.0,-0.09999999999999787,0.0,16.9,16.95,16.85,16.9,112.0,529.0,1357.0,420.0,False,False
2610,2022-10-25 11:26:46.940885,-0.005899705014749124,0.0,-0.09999999999999787,0.0,16.9,16.95,16.85,16.9,112.0,529.0,1357.0,420.0,False,False
2610,2022-10-25 11:26:47.479960,-0.005899705014749124,0.0,-0.09999999999999787,0.0,16.9,16.95,16.85,16.9,112.0,529.0,1357.0,420.0,False,False
2610,2022-10-25 11:26:47.838527,-0.005899705014749124,0.0,-0.09999999999999787,0.0,16.9,16.95,16.85,16.9,112.0,530.0,1357.0,420.0,False,False
2610,2022-10-25 11:26:49.979240,-0.005899705014749124,0.0,-0.09999999999999787,0.0,16.9,16.95,16.85,16.9,113.0,530.0,1357.0,420.0,False,False
2610,2022-10-25 11:26:49.987148,-0.005899705014749124,0.0,-0.09999999999999787,0.0,16.9,16.95,16.85,16.9,108.0,530.0,1357.0,420.0,False,False
2610,2022-10-25 11:26:51.274856,-0.005899705014749124,0.0,-0.09999999999999787,0.0,16.9,16.95,16.85,16.9,108.0,530.0,1357.0,420.0,False,False
2610,2022-10-25 11:26:52.448560,-0.005899705014749124,0.0,-0.09999999999999787,0.0,16.9,16.95,16.85,16.9,108.0,530.0,1357.0,420.0,False,False
2610,2022-10-25 11:26:53.557059,-0.005899705014749124,0.0,-0.09999999999999787,0.0,16.9,16.95,16.85,16.9,108.0,530.0,1357.0,420.0,True,True
2610,2022-10-25 11:26:55.068525,-0.005899705014749124,0.0,-0.09999999999999787,0.0,16.9,16.95,16.85,16.9,108.0,525.0,1357.0,420.0,False,False
2610,2022-10-25 11:26:56.632035,-0.005899705014749124,0.0,-0.09999999999999787,0.0,16.9,16.95,16.85,16.9,108.0,525.0,1357.0,420.0,False,False
2610,2022-10-25 11:26:57.030002,-0.005899705014749124,0.0,-0.09999999999999787,0.0,16.9,16.95,16.85,16.9,108.0,525.0,1357.0,420.0,False,False
2610,2022-10-25 11:26:58.887324,-0.005899705014749124,0.0,-0.09999999999999787,0.0,16.9,16.95,16.85,16.9,108.0,518.0,1357.0,420.0,False,False
2610,2022-10-25 11:27:00.459963,-0.005899705014749124,0.0,-0.09999999999999787,0.0,16.9,16.95,16.85,16.9,108.0,518.0,1357.0,420.0,False,False
2610,2022-10-25 11:27:01.874089,-0.005899705014749124,0.0,-0.09999999999999787,0.0,16.9,16.95,16.85,16.9,108.0,519.0,1357.0,420.0,False,False
2610,2022-10-25 11:27:03.154312,-0.005899705014749124,0.0,-0.09999999999999787,0.0,16.9,16.95,16.85,16.9,108.0,515.0,1357.0,420.0,False,False
2610,2022-10-25 11:27:04.319925,-0.005899705014749124,0.0,-0.09999999999999787,0.0,16.9,16.95,16.85,16.9,108.0,515.0,1357.0,420.0,False,False
2610,2022-10-25 11:27:06.468722,-0.005899705014749124,0.0,-0.09999999999999787,0.0,16.9,16.95,16.85,16.9,158.0,515.0,1357.0,420.0,False,False
2610,2022-10-25 11:27:08.433770,-0.005899705014749124,0.0,-0.09999999999999787,0.0,16.9,16.95,16.85,16.9,157.0,515.0,1357.0,420.0,False,False
2610,2022-10-25 11:27:08.620359,-0.005899705014749124,0.0,-0.09999999999999787,0.0,16.9,16.95,16.85,16.9,160.0,515.0,1357.0,420.0,False,False
2610,2022-10-25 11:27:08.911155,-0.005899705014749124,0.0,-0.09999999999999787,0.0,16.9,16.95,16.85,16.9,160.0,515.0,1357.0,420.0,False,False
2610,2022-10-25 11:27:10.426498,-0.005899705014749124,0.0,-0.09999999999999787,0.0,16.9,16.95,16.85,16.9,177.0,515.0,1357.0,420.0,False,False
2610,2022-10-25 11:27:11.372824,-0.005899705014749124,0.0,-0.09999999999999787,0.0,16.9,16.95,16.85,16.9,177.0,514.0,1357.0,420.0,False,False
2610,2022-10-25 11:27:11.402155,-0.005899705014749124,0.0,-0.09999999999999787,0.0,16.9,16.95,16.85,16.9,177.0,506.0,1357.0,420.0,False,False
2610,2022-10-25 11:27:12.807411,-0.005899705014749124,0.0,-0.09999999999999787,0.0,16.9,16.95,16.85,16.9,177.0,508.0,1357.0,420.0,False,False
2610,2022-10-25 11:27:13.646859,-0.005899705014749124,0.0,-0.09999999999999787,0.0,16.9,16.95,16.85,16.9,177.0,508.0,1357.0,419.0,True,True
2610,2022-10-25 11:27:15.473156,-0.005899705014749124,0.0,-0.09999999999999787,0.0,16.9,16.95,16.85,16.9,176.0,508.0,1357.0,419.0,False,False
2610,2022-10-25 11:27:16.700942,-0.005899705014749124,0.0,-0.09999999999999787,0.0,16.9,16.95,16.85,16.9,176.0,508.0,1357.0,419.0,False,False
2610,2022-10-25 11:27:17.641645,-0.005899705014749124,0.0,-0.09999999999999787,0.0,16.9,16.95,16.85,16.9,176.0,508.0,1357.0,419.0,False,False
2610,2022-10-25 11:27:18.271946,-0.005899705014749124,0.0,-0.09999999999999787,0.0,16.9,16.95,16.85,16.9,176.0,509.0,1357.0,419.0,False,False
2610,2022-10-25 11:27:19.524668,-0.005899705014749124,0.0,-0.09999999999999787,0.0,16.9,16.95,16.85,16.9,177.0,509.0,1357.0,419.0,False,False
2610,2022-10-25 11:27:20.785686,-0.005899705014749124,0.0,-0.09999999999999787,0.0,16.9,16.95,16.85,16.9,177.0,510.0,1357.0,419.0,False,False
2610,2022-10-25 11:27:20.793502,-0.005899705014749124,0.0,-0.09999999999999787,0.0,16.9,16.95,16.85,16.9,177.0,510.0,1357.0,419.0,False,False
2610,2022-10-25 11:27:21.135291,-0.005899705014749124,0.0,-0.09999999999999787,0.0,16.9,16.95,16.85,16.9,176.0,510.0,1357.0,419.0,False,False
2610,2022-10-25 11:27:21.420825,-0.005899705014749124,0.0,-0.09999999999999787,0.0,16.9,16.95,16.85,16.9,176.0,510.0,1357.0,419.0,False,False
2610,2022-10-25 11:27:23.969044,-0.005899705014749124,0.0,-0.09999999999999787,0.0,16.9,16.95,16.85,16.9,176.0,514.0,1357.0,419.0,False,False
2610,2022-10-25 11:27:25.268778,-0.005899705014749124,0.0,-0.09999999999999787,0.0,16.9,16.95,16.85,16.9,176.0,514.0,1357.0,419.0,False,False
2610,2022-10-25 11:27:26.792845,-0.005899705014749124,0.0,-0.09999999999999787,0.0,16.9,16.95,16.85,16.9,176.0,515.0,1357.0,419.0,False,False
2610,2022-10-25 11:27:26.819338,-0.005899705014749124,0.0,-0.09999999999999787,0.0,16.9,16.95,16.85,16.9,176.0,523.0,1357.0,419.0,False,False
2610,2022-10-25 11:27:27.373083,-0.005899705014749124,0.0,-0.09999999999999787,0.0,16.9,16.95,16.85,16.9,176.0,524.0,1357.0,419.0,False,False
2610,2022-10-25 11:27:27.401241,-0.005899705014749124,0.0,-0.09999999999999787,0.0,16.9,16.95,16.85,16.9,176.0,524.0,1357.0,419.0,False,False
2610,2022-10-25 11:27:27.459392,-0.005899705014749124,0.0,-0.09999999999999787,0.0,16.9,16.95,16.85,16.9,159.0,524.0,1357.0,419.0,False,False
2610,2022-10-25 11:27:33.707099,-0.005899705014749124,0.0,-0.09999999999999787,0.0,16.9,16.95,16.85,16.9,159.0,524.0,1357.0,419.0,True,True
2610,2022-10-25 11:27:34.336104,-0.005899705014749124,0.0,-0.09999999999999787,0.0,16.9,16.95,16.85,16.9,159.0,525.0,1357.0,419.0,False,False
2610,2022-10-25 11:27:37.864980,-0.005899705014749124,0.0,-0.09999999999999787,0.0,16.9,16.95,16.85,16.9,159.0,526.0,1357.0,419.0,False,False
2610,2022-10-25 11:27:37.869968,-0.005899705014749124,0.0,-0.09999999999999787,0.0,16.9,16.95,16.85,16.9,159.0,526.0,1357.0,419.0,False,False
2610,2022-10-25 11:27:38.795859,-0.005899705014749124,0.0,-0.09999999999999787,0.0,16.9,16.95,16.85,16.9,159.0,526.0,1357.0,419.0,False,False
2610,2022-10-25 11:27:39.227241,-0.005899705014749124,0.0,-0.09999999999999787,0.0,16.9,16.95,16.85,16.9,160.0,526.0,1357.0,419.0,False,False
2610,2022-10-25 11:27:39.511593,-0.005899705014749124,0.0,-0.09999999999999787,0.0,16.9,16.95,16.85,16.9,160.0,526.0,1357.0,419.0,False,False
2610,2022-10-25 11:27:41.736219,-0.005899705014749124,0.0,-0.09999999999999787,0.0,16.9,16.95,16.85,16.9,159.0,526.0,1357.0,419.0,False,False
2610,2022-10-25 11:27:42.299215,-0.005899705014749124,0.0,-0.09999999999999787,0.0,16.9,16.95,16.85,16.9,159.0,526.0,1357.0,419.0,False,False
2610,2022-10-25 11:27:43.352516,-0.005899705014749124,0.0,-0.09999999999999787,0.0,16.9,16.95,16.85,16.9,159.0,526.0,1357.0,419.0,False,False
2610,2022-10-25 11:27:43.742431,-0.005899705014749124,0.0,-0.09999999999999787,0.0,16.9,16.95,16.85,16.9,159.0,526.0,1357.0,919.0,True,True
2610,2022-10-25 11:27:46.216048,-0.005899705014749124,0.0,-0.09999999999999787,0.0,16.9,16.95,16.85,16.9,159.0,525.0,1357.0,919.0,False,False
2610,2022-10-25 11:27:47.917683,-0.005899705014749124,0.0,-0.09999999999999787,0.0,16.9,16.95,16.85,16.9,159.0,525.0,1357.0,919.0,False,False
2610,2022-10-25 11:27:49.355875,-0.005899705014749124,0.0,-0.09999999999999787,0.0,16.9,16.95,16.85,16.9,159.0,525.0,1357.0,919.0,False,False
2610,2022-10-25 11:27:50.851843,-0.005899705014749124,0.0,-0.09999999999999787,0.0,16.9,16.95,16.85,16.9,159.0,526.0,1357.0,919.0,False,False
2610,2022-10-25 11:27:51.780555,-0.005899705014749124,0.0,-0.09999999999999787,0.0,16.9,16.95,16.85,16.9,159.0,526.0,1357.0,919.0,False,False
2610,2022-10-25 11:27:53.112310,-0.005899705014749124,0.0,-0.09999999999999787,0.0,16.9,16.95,16.85,16.9,159.0,527.0,1357.0,919.0,False,False
2610,2022-10-25 11:27:53.729571,-0.005899705014749124,0.0,-0.09999999999999787,0.0,16.9,16.95,16.85,16.9,159.0,527.0,1357.0,919.0,False,False
2610,2022-10-25 11:27:55.206892,-0.005899705014749124,0.0,-0.09999999999999787,0.0,16.9,16.95,16.85,16.9,159.0,527.0,1357.0,919.0,False,False
2610,2022-10-25 11:27:55.320210,-0.005899705014749124,0.0,-0.09999999999999787,0.0,16.9,16.95,16.85,16.9,164.0,527.0,1357.0,919.0,False,False
2610,2022-10-25 11:27:57.742589,-0.005899705014749124,0.0,-0.09999999999999787,0.0,16.9,16.95,16.85,16.9,164.0,527.0,1357.0,919.0,False,False
2610,2022-10-25 11:27:58.717293,-0.005899705014749124,0.0,-0.09999999999999787,0.0,16.9,16.95,16.85,16.9,164.0,527.0,1357.0,919.0,False,False
2610,2022-10-25 11:27:58.759875,-0.005899705014749124,0.0,-0.09999999999999787,0.0,16.9,16.95,16.85,16.9,164.0,527.0,1357.0,919.0,False,False
2610,2022-10-25 11:27:58.788794,-0.005899705014749124,0.0,-0.09999999999999787,0.0,16.9,16.95,16.85,16.9,164.0,527.0,1357.0,919.0,False,False
2610,2022-10-25 11:28:04.100170,-0.005899705014749124,0.0,-0.09999999999999787,0.0,16.9,16.95,16.85,16.9,164.0,527.0,1357.0,919.0,False,False
2610,2022-10-25 11:28:07.509743,-0.005899705014749124,0.0,-0.09999999999999787,0.0,16.9,16.95,16.85,16.9,164.0,530.0,1357.0,919.0,False,False
2610,2022-10-25 11:28:07.689307,-0.005899705014749124,0.0,-0.09999999999999787,0.0,16.9,16.95,16.85,16.9,165.0,530.0,1357.0,919.0,False,False
2610,2022-10-25 11:28:08.796511,-0.005899705014749124,0.0,-0.09999999999999787,0.0,16.9,16.95,16.85,16.9,165.0,530.0,1357.0,919.0,False,False
2610,2022-10-25 11:28:12.821621,-0.005899705014749124,0.0,-0.09999999999999787,0.0,16.9,16.95,16.85,16.9,165.0,526.0,1357.0,919.0,False,False
2610,2022-10-25 11:28:12.912284,-0.005899705014749124,0.0,-0.09999999999999787,0.0,16.9,16.95,16.85,16.9,182.0,526.0,1357.0,919.0,False,False
2610,2022-10-25 11:28:12.943363,-0.005899705014749124,0.0,-0.09999999999999787,0.0,16.9,16.95,16.85,16.9,182.0,522.0,1357.0,919.0,False,False
2610,2022-10-25 11:28:13.029088,-0.005899705014749124,0.0,-0.09999999999999787,0.0,16.9,16.95,16.85,16.9,182.0,522.0,1357.0,919.0,False,False
2610,2022-10-25 11:28:13.128870,-0.005899705014749124,0.0,-0.09999999999999787,0.0,16.9,16.95,16.85,16.9,182.0,522.0,1357.0,919.0,False,False
2610,2022-10-25 11:28:13.231075,-0.005899705014749124,0.0,-0.09999999999999787,0.0,16.9,16.95,16.85,16.9,182.0,522.0,1357.0,919.0,False,False
2610,2022-10-25 11:28:13.413403,-0.005899705014749124,0.0,-0.09999999999999787,0.0,16.9,16.95,16.85,16.9,182.0,522.0,1357.0,919.0,False,False
2610,2022-10-25 11:28:13.440503,-0.005899705014749124,0.0,-0.09999999999999787,0.0,16.9,16.95,16.85,16.9,182.0,522.0,1357.0,919.0,False,True
2610,2022-10-25 11:28:13.432629,-0.005899705014749124,0.0,-0.09999999999999787,0.0,16.9,16.95,16.85,16.9,182.0,522.0,1357.0,919.0,False,False
2610,2022-10-25 11:28:14.014996,-0.005899705014749124,0.0,-0.09999999999999787,0.0,16.9,16.95,16.85,16.9,182.0,523.0,1357.0,919.0,False,False
2610,2022-10-25 11:28:14.750552,-0.005899705014749124,0.0,-0.09999999999999787,0.0,16.9,16.95,16.85,16.9,182.0,523.0,1357.0,919.0,False,False
2610,2022-10-25 11:28:15.336639,-0.005899705014749124,0.0,-0.09999999999999787,0.0,16.9,16.95,16.85,16.9,182.0,523.0,1357.0,919.0,False,False
2610,2022-10-25 11:28:17.372159,-0.005899705014749124,0.0,-0.09999999999999787,0.0,16.9,16.95,16.85,16.9,182.0,526.0,1357.0,919.0,False,False
2610,2022-10-25 11:28:18.050014,-0.005899705014749124,0.0,-0.09999999999999787,0.0,16.9,16.95,16.85,16.9,182.0,526.0,1357.0,919.0,False,False
2610,2022-10-25 11:28:18.442119,-0.005899705014749124,0.0,-0.09999999999999787,0.0,16.9,16.95,16.85,16.9,182.0,521.0,1357.0,919.0,False,False
2610,2022-10-25 11:28:18.549160,-0.005899705014749124,0.0,-0.09999999999999787,0.0,16.9,16.95,16.85,16.9,182.0,517.0,1357.0,919.0,False,False
2610,2022-10-25 11:28:20.418236,-0.005899705014749124,0.0,-0.09999999999999787,0.0,16.9,16.95,16.85,16.9,182.0,517.0,1357.0,919.0,False,False
2610,2022-10-25 11:28:20.693844,-0.005899705014749124,0.0,-0.09999999999999787,0.0,16.9,16.95,16.85,16.9,184.0,517.0,1357.0,919.0,False,False
2610,2022-10-25 11:28:21.993480,-0.005899705014749124,0.0,-0.09999999999999787,0.0,16.9,16.95,16.85,16.9,184.0,517.0,1357.0,919.0,False,False
2610,2022-10-25 11:28:22.843936,-0.005899705014749124,0.0,-0.09999999999999787,0.0,16.9,16.95,16.85,16.9,184.0,517.0,1357.0,919.0,False,False
2610,2022-10-25 11:28:23.393568,-0.005899705014749124,0.0,-0.09999999999999787,0.0,16.9,16.95,16.85,16.9,184.0,517.0,1357.0,919.0,False,False
2610,2022-10-25 11:28:23.471864,-0.005899705014749124,0.0,-0.09999999999999787,0.0,16.9,16.95,16.85,16.9,184.0,517.0,1357.0,919.0,True,True
2610,2022-10-25 11:28:24.233839,-0.005899705014749124,0.0,-0.09999999999999787,0.0,16.9,16.95,16.85,16.9,184.0,516.0,1357.0,919.0,False,False
2610,2022-10-25 11:28:24.321595,-0.005899705014749124,0.0,-0.09999999999999787,0.0,16.9,16.95,16.85,16.9,184.0,516.0,1357.0,919.0,False,False
2610,2022-10-25 11:28:24.773895,-0.005899705014749124,0.0,-0.09999999999999787,0.0,16.9,16.95,16.85,16.9,189.0,516.0,1357.0,919.0,False,False
2610,2022-10-25 11:28:33.510367,-0.005899705014749124,0.0,-0.09999999999999787,0.0,16.9,16.95,16.85,16.9,189.0,516.0,1357.0,819.0,True,True
2610,2022-10-25 11:28:33.551499,-0.005899705014749124,0.0,-0.09999999999999787,0.0,16.9,16.95,16.85,16.9,189.0,516.0,1357.0,819.0,False,False
2610,2022-10-25 11:28:33.820521,-0.005899705014749124,0.0,-0.09999999999999787,0.0,16.9,16.95,16.85,16.9,189.0,516.0,1357.0,819.0,False,False
2610,2022-10-25 11:28:34.843837,-0.005899705014749124,0.0,-0.09999999999999787,0.0,16.9,16.95,16.85,16.9,189.0,516.0,1357.0,819.0,False,False
2610,2022-10-25 11:28:37.442311,-0.005899705014749124,0.0,-0.09999999999999787,0.0,16.9,16.95,16.85,16.9,189.0,516.0,1357.0,819.0,False,False
2610,2022-10-25 11:28:38.851056,-0.005899705014749124,0.0,-0.09999999999999787,0.0,16.9,16.95,16.85,16.9,189.0,517.0,1357.0,819.0,False,False
2610,2022-10-25 11:28:41.130171,-0.005899705014749124,0.0,-0.09999999999999787,0.0,16.9,16.95,16.85,16.9,189.0,517.0,1357.0,819.0,False,False
2610,2022-10-25 11:28:42.723377,-0.005899705014749124,0.0,-0.09999999999999787,0.0,16.9,16.95,16.85,16.9,189.0,517.0,1357.0,819.0,False,False
2610,2022-10-25 11:28:42.972044,-0.005899705014749124,0.0,-0.09999999999999787,0.0,16.9,16.95,16.85,16.9,189.0,523.0,1357.0,819.0,False,False
2610,2022-10-25 11:28:43.539377,-0.002949852507374673,-0.002949852507374673,-0.05000000000000071,-0.05000000000000071,16.9,16.95,16.9,16.95,189.0,523.0,189.0,1499.0,True,True
2610,2022-10-25 11:28:43.825401,-0.002949852507374673,-0.002949852507374673,-0.05000000000000071,-0.05000000000000071,16.9,16.95,16.9,16.95,189.0,523.0,189.0,1499.0,False,False
2610,2022-10-25 11:28:44.032098,-0.002949852507374673,-0.002949852507374673,-0.05000000000000071,-0.05000000000000071,16.9,16.95,16.9,16.95,189.0,522.0,189.0,1499.0,False,False
2610,2022-10-25 11:28:44.728860,-0.002949852507374673,-0.002949852507374673,-0.05000000000000071,-0.05000000000000071,16.9,16.95,16.9,16.95,189.0,522.0,189.0,1499.0,False,False
2610,2022-10-25 11:28:45.062195,-0.002949852507374673,-0.002949852507374673,-0.05000000000000071,-0.05000000000000071,16.9,16.95,16.9,16.95,189.0,528.0,189.0,1499.0,False,False
2610,2022-10-25 11:28:46.950180,-0.002949852507374673,-0.002949852507374673,-0.05000000000000071,-0.05000000000000071,16.9,16.95,16.9,16.95,189.0,533.0,189.0,1499.0,False,False
2610,2022-10-25 11:28:48.924476,-0.002949852507374673,-0.002949852507374673,-0.05000000000000071,-0.05000000000000071,16.9,16.95,16.9,16.95,189.0,533.0,189.0,1499.0,False,False
2610,2022-10-25 11:28:50.930740,-0.002949852507374673,-0.002949852507374673,-0.05000000000000071,-0.05000000000000071,16.9,16.95,16.9,16.95,189.0,530.0,189.0,1499.0,False,False
2610,2022-10-25 11:28:52.312643,-0.002949852507374673,-0.002949852507374673,-0.05000000000000071,-0.05000000000000071,16.9,16.95,16.9,16.95,189.0,525.0,189.0,1499.0,False,False
2610,2022-10-25 11:28:53.014039,-0.002949852507374673,-0.002949852507374673,-0.05000000000000071,-0.05000000000000071,16.9,16.95,16.9,16.95,189.0,522.0,189.0,1499.0,False,False
2610,2022-10-25 11:28:56.578532,-0.002949852507374673,-0.002949852507374673,-0.05000000000000071,-0.05000000000000071,16.9,16.95,16.9,16.95,188.0,522.0,189.0,1499.0,False,False
2610,2022-10-25 11:28:56.605926,-0.002949852507374673,-0.002949852507374673,-0.05000000000000071,-0.05000000000000071,16.9,16.95,16.9,16.95,188.0,522.0,189.0,1499.0,False,False
2610,2022-10-25 11:28:56.709121,-0.002949852507374673,-0.002949852507374673,-0.05000000000000071,-0.05000000000000071,16.9,16.95,16.9,16.95,188.0,522.0,189.0,1499.0,False,False
2610,2022-10-25 11:28:57.004391,-0.002949852507374673,-0.002949852507374673,-0.05000000000000071,-0.05000000000000071,16.9,16.95,16.9,16.95,188.0,523.0,189.0,1499.0,False,False
2610,2022-10-25 11:28:58.374317,-0.002949852507374673,-0.002949852507374673,-0.05000000000000071,-0.05000000000000071,16.9,16.95,16.9,16.95,187.0,523.0,189.0,1499.0,False,False
2610,2022-10-25 11:29:00.178634,-0.002949852507374673,-0.002949852507374673,-0.05000000000000071,-0.05000000000000071,16.9,16.95,16.9,16.95,187.0,522.0,189.0,1499.0,False,False
2610,2022-10-25 11:29:02.482070,-0.002949852507374673,-0.002949852507374673,-0.05000000000000071,-0.05000000000000071,16.9,16.95,16.9,16.95,188.0,522.0,189.0,1499.0,False,False
2610,2022-10-25 11:29:06.877261,-0.002949852507374673,-0.002949852507374673,-0.05000000000000071,-0.05000000000000071,16.9,16.95,16.9,16.95,188.0,522.0,189.0,1499.0,False,False
2610,2022-10-25 11:29:08.123345,-0.002949852507374673,-0.002949852507374673,-0.05000000000000071,-0.05000000000000071,16.9,16.95,16.9,16.95,188.0,522.0,189.0,1499.0,False,False
2610,2022-10-25 11:29:10.781883,-0.002949852507374673,-0.002949852507374673,-0.05000000000000071,-0.05000000000000071,16.9,16.95,16.9,16.95,188.0,522.0,189.0,1499.0,False,False
2610,2022-10-25 11:29:13.642972,-0.002949852507374673,-0.002949852507374673,-0.05000000000000071,-0.05000000000000071,16.9,16.95,16.9,16.95,188.0,522.0,189.0,1499.0,True,True
2610,2022-10-25 11:29:15.604719,-0.002949852507374673,-0.002949852507374673,-0.05000000000000071,-0.05000000000000071,16.9,16.95,16.9,16.95,188.0,522.0,189.0,1499.0,False,False
2610,2022-10-25 11:29:15.813636,-0.002949852507374673,-0.002949852507374673,-0.05000000000000071,-0.05000000000000071,16.9,16.95,16.9,16.95,189.0,522.0,189.0,1499.0,False,False
2610,2022-10-25 11:29:16.768364,-0.002949852507374673,-0.002949852507374673,-0.05000000000000071,-0.05000000000000071,16.9,16.95,16.9,16.95,189.0,522.0,189.0,1499.0,False,False
2610,2022-10-25 11:29:20.534395,-0.002949852507374673,-0.002949852507374673,-0.05000000000000071,-0.05000000000000071,16.9,16.95,16.9,16.95,189.0,522.0,189.0,1499.0,False,False
2610,2022-10-25 11:29:20.844349,-0.002949852507374673,-0.002949852507374673,-0.05000000000000071,-0.05000000000000071,16.9,16.95,16.9,16.95,189.0,522.0,189.0,1499.0,False,False
2610,2022-10-25 11:29:22.114728,-0.002949852507374673,-0.002949852507374673,-0.05000000000000071,-0.05000000000000071,16.9,16.95,16.9,16.95,189.0,523.0,189.0,1499.0,False,False
2610,2022-10-25 11:29:23.117928,-0.002949852507374673,-0.002949852507374673,-0.05000000000000071,-0.05000000000000071,16.9,16.95,16.9,16.95,189.0,523.0,189.0,1499.0,False,False
2610,2022-10-25 11:29:23.702881,-0.002949852507374673,-0.002949852507374673,-0.05000000000000071,-0.05000000000000071,16.9,16.95,16.9,16.95,189.0,523.0,189.0,1499.0,True,True
2610,2022-10-25 11:29:27.009475,-0.002949852507374673,-0.002949852507374673,-0.05000000000000071,-0.05000000000000071,16.9,16.95,16.9,16.95,189.0,523.0,189.0,1499.0,False,False
2610,2022-10-25 11:29:28.423479,-0.002949852507374673,-0.002949852507374673,-0.05000000000000071,-0.05000000000000071,16.9,16.95,16.9,16.95,189.0,523.0,189.0,1499.0,False,False
2610,2022-10-25 11:29:28.977727,-0.002949852507374673,-0.002949852507374673,-0.05000000000000071,-0.05000000000000071,16.9,16.95,16.9,16.95,189.0,522.0,189.0,1499.0,False,False
2610,2022-10-25 11:29:31.112925,-0.002949852507374673,-0.002949852507374673,-0.05000000000000071,-0.05000000000000071,16.9,16.95,16.9,16.95,190.0,522.0,189.0,1499.0,False,False
2610,2022-10-25 11:29:32.014348,-0.002949852507374673,-0.002949852507374673,-0.05000000000000071,-0.05000000000000071,16.9,16.95,16.9,16.95,199.0,522.0,189.0,1499.0,False,False
2610,2022-10-25 11:29:32.444017,-0.002949852507374673,-0.002949852507374673,-0.05000000000000071,-0.05000000000000071,16.9,16.95,16.9,16.95,199.0,522.0,189.0,1499.0,False,False
2610,2022-10-25 11:29:33.257462,-0.002949852507374673,-0.002949852507374673,-0.05000000000000071,-0.05000000000000071,16.9,16.95,16.9,16.95,199.0,522.0,189.0,1499.0,False,False
2610,2022-10-25 11:29:34.985845,-0.002949852507374673,-0.002949852507374673,-0.05000000000000071,-0.05000000000000071,16.9,16.95,16.9,16.95,199.0,522.0,189.0,1499.0,False,False
2610,2022-10-25 11:29:36.545281,-0.002949852507374673,-0.002949852507374673,-0.05000000000000071,-0.05000000000000071,16.9,16.95,16.9,16.95,199.0,522.0,189.0,1499.0,False,False
2610,2022-10-25 11:29:36.663738,-0.002949852507374673,-0.002949852507374673,-0.05000000000000071,-0.05000000000000071,16.9,16.95,16.9,16.95,199.0,522.0,189.0,1499.0,False,False
2610,2022-10-25 11:29:38.332361,-0.002949852507374673,-0.002949852507374673,-0.05000000000000071,-0.05000000000000071,16.9,16.95,16.9,16.95,199.0,522.0,189.0,1499.0,False,False
2610,2022-10-25 11:29:41.204868,-0.002949852507374673,-0.002949852507374673,-0.05000000000000071,-0.05000000000000071,16.9,16.95,16.9,16.95,199.0,522.0,189.0,1499.0,False,False
2610,2022-10-25 11:29:42.253920,-0.002949852507374673,-0.002949852507374673,-0.05000000000000071,-0.05000000000000071,16.9,16.95,16.9,16.95,199.0,522.0,189.0,1499.0,False,False
2610,2022-10-25 11:29:43.763446,-0.002949852507374673,-0.002949852507374673,-0.05000000000000071,-0.05000000000000071,16.9,16.95,16.9,16.95,199.0,522.0,253.0,1499.0,True,True
2610,2022-10-25 11:29:45.327474,-0.002949852507374673,-0.002949852507374673,-0.05000000000000071,-0.05000000000000071,16.9,16.95,16.9,16.95,199.0,522.0,253.0,1499.0,False,False
2610,2022-10-25 11:29:47.216350,-0.002949852507374673,-0.002949852507374673,-0.05000000000000071,-0.05000000000000071,16.9,16.95,16.9,16.95,199.0,522.0,253.0,1499.0,False,False
2610,2022-10-25 11:29:49.339577,-0.002949852507374673,-0.002949852507374673,-0.05000000000000071,-0.05000000000000071,16.9,16.95,16.9,16.95,199.0,522.0,253.0,1499.0,False,False
2610,2022-10-25 11:29:52.759571,-0.002949852507374673,-0.002949852507374673,-0.05000000000000071,-0.05000000000000071,16.9,16.95,16.9,16.95,182.0,522.0,253.0,1499.0,False,False
2610,2022-10-25 11:29:55.764211,-0.002949852507374673,-0.002949852507374673,-0.05000000000000071,-0.05000000000000071,16.9,16.95,16.9,16.95,182.0,522.0,253.0,1499.0,False,False
2610,2022-10-25 11:29:57.043811,-0.002949852507374673,-0.002949852507374673,-0.05000000000000071,-0.05000000000000071,16.9,16.95,16.9,16.95,182.0,522.0,253.0,1499.0,False,False
2610,2022-10-25 11:29:57.726651,-0.002949852507374673,-0.002949852507374673,-0.05000000000000071,-0.05000000000000071,16.9,16.95,16.9,16.95,182.0,522.0,253.0,1499.0,False,False
2610,2022-10-25 11:29:58.640465,-0.002949852507374673,-0.002949852507374673,-0.05000000000000071,-0.05000000000000071,16.9,16.95,16.9,16.95,182.0,522.0,253.0,1499.0,False,False
2610,2022-10-25 11:30:00.971449,-0.002949852507374673,-0.002949852507374673,-0.05000000000000071,-0.05000000000000071,16.9,16.95,16.9,16.95,182.0,522.0,253.0,1499.0,False,False
2610,2022-10-25 11:30:02.282210,-0.002949852507374673,-0.002949852507374673,-0.05000000000000071,-0.05000000000000071,16.9,16.95,16.9,16.95,182.0,522.0,253.0,1499.0,False,False
2610,2022-10-25 11:30:03.184876,-0.002949852507374673,-0.002949852507374673,-0.05000000000000071,-0.05000000000000071,16.9,16.95,16.9,16.95,182.0,523.0,253.0,1499.0,False,False
2610,2022-10-25 11:30:04.259162,-0.002949852507374673,-0.002949852507374673,-0.05000000000000071,-0.05000000000000071,16.9,16.95,16.9,16.95,181.0,523.0,253.0,1499.0,False,False
2610,2022-10-25 11:30:05.754932,-0.002949852507374673,-0.002949852507374673,-0.05000000000000071,-0.05000000000000071,16.9,16.95,16.9,16.95,181.0,523.0,253.0,1499.0,False,False
2610,2022-10-25 11:30:06.341221,-0.002949852507374673,-0.002949852507374673,-0.05000000000000071,-0.05000000000000071,16.9,16.95,16.9,16.95,181.0,523.0,253.0,1499.0,False,False
2610,2022-10-25 11:30:06.991241,-0.002949852507374673,-0.002949852507374673,-0.05000000000000071,-0.05000000000000071,16.9,16.95,16.9,16.95,181.0,523.0,253.0,1499.0,False,False
2610,2022-10-25 11:30:07.178740,-0.002949852507374673,-0.002949852507374673,-0.05000000000000071,-0.05000000000000071,16.9,16.95,16.9,16.95,181.0,523.0,253.0,1499.0,False,False
2610,2022-10-25 11:30:11.305948,-0.002949852507374673,-0.002949852507374673,-0.05000000000000071,-0.05000000000000071,16.9,16.95,16.9,16.95,181.0,523.0,253.0,1499.0,False,False
2610,2022-10-25 11:30:12.155321,-0.002949852507374673,-0.002949852507374673,-0.05000000000000071,-0.05000000000000071,16.9,16.95,16.9,16.95,181.0,524.0,253.0,1499.0,False,False
2610,2022-10-25 11:30:13.991549,-0.002949852507374673,-0.002949852507374673,-0.05000000000000071,-0.05000000000000071,16.9,16.95,16.9,16.95,181.0,524.0,353.0,1499.0,True,True
2610,2022-10-25 11:30:14.150511,-0.002949852507374673,-0.002949852507374673,-0.05000000000000071,-0.05000000000000071,16.9,16.95,16.9,16.95,181.0,524.0,353.0,1499.0,False,False
2610,2022-10-25 11:30:15.238397,-0.002949852507374673,-0.002949852507374673,-0.05000000000000071,-0.05000000000000071,16.9,16.95,16.9,16.95,181.0,524.0,353.0,1499.0,False,False
2610,2022-10-25 11:30:15.245019,-0.002949852507374673,-0.002949852507374673,-0.05000000000000071,-0.05000000000000071,16.9,16.95,16.9,16.95,181.0,524.0,353.0,1499.0,False,False
2610,2022-10-25 11:30:18.038017,-0.002949852507374673,-0.002949852507374673,-0.05000000000000071,-0.05000000000000071,16.9,16.95,16.9,16.95,181.0,524.0,353.0,1499.0,False,False
2610,2022-10-25 11:30:18.510254,-0.002949852507374673,-0.002949852507374673,-0.05000000000000071,-0.05000000000000071,16.9,16.95,16.9,16.95,172.0,524.0,353.0,1499.0,False,False
2610,2022-10-25 11:30:18.648941,-0.002949852507374673,-0.002949852507374673,-0.05000000000000071,-0.05000000000000071,16.9,16.95,16.9,16.95,172.0,524.0,353.0,1499.0,False,False
2610,2022-10-25 11:30:22.146074,-0.002949852507374673,-0.002949852507374673,-0.05000000000000071,-0.05000000000000071,16.9,16.95,16.9,16.95,172.0,523.0,353.0,1499.0,False,False
2610,2022-10-25 11:30:22.435117,-0.002949852507374673,-0.002949852507374673,-0.05000000000000071,-0.05000000000000071,16.9,16.95,16.9,16.95,172.0,523.0,353.0,1499.0,False,False
2610,2022-10-25 11:30:22.630540,-0.002949852507374673,-0.002949852507374673,-0.05000000000000071,-0.05000000000000071,16.9,16.95,16.9,16.95,189.0,523.0,353.0,1499.0,False,False
2610,2022-10-25 11:30:22.645014,-0.002949852507374673,-0.002949852507374673,-0.05000000000000071,-0.05000000000000071,16.9,16.95,16.9,16.95,189.0,523.0,353.0,1499.0,False,False
2610,2022-10-25 11:30:23.441376,-0.002949852507374673,-0.002949852507374673,-0.05000000000000071,-0.05000000000000071,16.9,16.95,16.9,16.95,194.0,523.0,353.0,1499.0,False,False
2610,2022-10-25 11:30:23.512856,-0.002949852507374673,-0.002949852507374673,-0.05000000000000071,-0.05000000000000071,16.9,16.95,16.9,16.95,194.0,523.0,353.0,1499.0,False,False
2610,2022-10-25 11:30:23.519390,-0.002949852507374673,-0.002949852507374673,-0.05000000000000071,-0.05000000000000071,16.9,16.95,16.9,16.95,194.0,523.0,353.0,1499.0,False,False
2610,2022-10-25 11:30:24.059761,-0.002949852507374673,-0.002949852507374673,-0.05000000000000071,-0.05000000000000071,16.9,16.95,16.9,16.95,194.0,523.0,363.0,1499.0,True,True
2610,2022-10-25 11:30:24.367289,-0.002949852507374673,-0.002949852507374673,-0.05000000000000071,-0.05000000000000071,16.9,16.95,16.9,16.95,194.0,526.0,363.0,1499.0,False,False
2610,2022-10-25 11:30:24.385842,-0.002949852507374673,-0.002949852507374673,-0.05000000000000071,-0.05000000000000071,16.9,16.95,16.9,16.95,194.0,526.0,363.0,1499.0,False,False
2610,2022-10-25 11:30:25.518615,-0.002949852507374673,-0.002949852507374673,-0.05000000000000071,-0.05000000000000071,16.9,16.95,16.9,16.95,194.0,522.0,363.0,1499.0,False,False
2610,2022-10-25 11:30:25.667102,-0.002949852507374673,-0.002949852507374673,-0.05000000000000071,-0.05000000000000071,16.9,16.95,16.9,16.95,194.0,518.0,363.0,1499.0,False,False
2610,2022-10-25 11:30:26.002944,-0.002949852507374673,-0.002949852507374673,-0.05000000000000071,-0.05000000000000071,16.9,16.95,16.9,16.95,194.0,518.0,363.0,1499.0,False,False
2610,2022-10-25 11:30:26.013565,-0.002949852507374673,-0.002949852507374673,-0.05000000000000071,-0.05000000000000071,16.9,16.95,16.9,16.95,194.0,518.0,363.0,1499.0,False,False
2610,2022-10-25 11:30:26.132650,-0.002949852507374673,-0.002949852507374673,-0.05000000000000071,-0.05000000000000071,16.9,16.95,16.9,16.95,194.0,518.0,363.0,1499.0,False,False
2610,2022-10-25 11:30:27.187035,-0.002949852507374673,-0.002949852507374673,-0.05000000000000071,-0.05000000000000071,16.9,16.95,16.9,16.95,194.0,513.0,363.0,1499.0,False,False
2610,2022-10-25 11:30:27.287250,-0.002949852507374673,-0.002949852507374673,-0.05000000000000071,-0.05000000000000071,16.9,16.95,16.9,16.95,194.0,509.0,363.0,1499.0,False,False
2610,2022-10-25 11:30:27.434288,-0.002949852507374673,-0.002949852507374673,-0.05000000000000071,-0.05000000000000071,16.9,16.95,16.9,16.95,194.0,508.0,363.0,1499.0,False,False
2610,2022-10-25 11:30:27.469219,-0.002949852507374673,-0.002949852507374673,-0.05000000000000071,-0.05000000000000071,16.9,16.95,16.9,16.95,194.0,500.0,363.0,1499.0,False,False
2610,2022-10-25 11:30:27.768318,-0.002949852507374673,-0.002949852507374673,-0.05000000000000071,-0.05000000000000071,16.9,16.95,16.9,16.95,194.0,500.0,363.0,1499.0,False,False
2610,2022-10-25 11:30:28.475413,-0.002949852507374673,-0.002949852507374673,-0.05000000000000071,-0.05000000000000071,16.9,16.95,16.9,16.95,194.0,500.0,363.0,1499.0,False,False
2610,2022-10-25 11:30:29.028843,-0.002949852507374673,-0.002949852507374673,-0.05000000000000071,-0.05000000000000071,16.9,16.95,16.9,16.95,194.0,500.0,363.0,1499.0,False,False
2610,2022-10-25 11:30:29.527487,-0.002949852507374673,-0.002949852507374673,-0.05000000000000071,-0.05000000000000071,16.9,16.95,16.9,16.95,194.0,499.0,363.0,1499.0,False,False
2610,2022-10-25 11:30:30.129317,-0.002949852507374673,-0.002949852507374673,-0.05000000000000071,-0.05000000000000071,16.9,16.95,16.9,16.95,194.0,499.0,363.0,1499.0,False,False
2610,2022-10-25 11:30:30.131267,-0.002949852507374673,-0.002949852507374673,-0.05000000000000071,-0.05000000000000071,16.9,16.95,16.9,16.95,194.0,499.0,363.0,1499.0,False,False
2610,2022-10-25 11:30:31.428169,-0.002949852507374673,-0.002949852507374673,-0.05000000000000071,-0.05000000000000071,16.9,16.95,16.9,16.95,193.0,499.0,363.0,1499.0,False,False
2610,2022-10-25 11:30:32.153674,-0.002949852507374673,-0.002949852507374673,-0.05000000000000071,-0.05000000000000071,16.9,16.95,16.9,16.95,193.0,499.0,363.0,1499.0,False,False
2610,2022-10-25 11:30:32.300299,-0.002949852507374673,-0.002949852507374673,-0.05000000000000071,-0.05000000000000071,16.9,16.95,16.9,16.95,193.0,498.0,363.0,1499.0,False,False
2610,2022-10-25 11:30:34.108282,-0.002949852507374673,-0.002949852507374673,-0.05000000000000071,-0.05000000000000071,16.9,16.95,16.9,16.95,193.0,498.0,363.0,1499.0,True,True
2610,2022-10-25 11:30:38.531990,-0.002949852507374673,-0.002949852507374673,-0.05000000000000071,-0.05000000000000071,16.9,16.95,16.9,16.95,193.0,497.0,363.0,1499.0,False,False
2610,2022-10-25 11:30:38.567271,-0.002949852507374673,-0.002949852507374673,-0.05000000000000071,-0.05000000000000071,16.9,16.95,16.9,16.95,193.0,389.0,363.0,1499.0,False,False
2610,2022-10-25 11:30:39.287295,-0.002949852507374673,-0.002949852507374673,-0.05000000000000071,-0.05000000000000071,16.9,16.95,16.9,16.95,193.0,389.0,363.0,1499.0,False,False
2610,2022-10-25 11:30:43.589635,-0.002949852507374673,-0.002949852507374673,-0.05000000000000071,-0.05000000000000071,16.9,16.95,16.9,16.95,193.0,389.0,363.0,1499.0,False,False
2610,2022-10-25 11:30:44.608959,-0.002949852507374673,-0.002949852507374673,-0.05000000000000071,-0.05000000000000071,16.9,16.95,16.9,16.95,193.0,386.0,363.0,1499.0,False,False
2610,2022-10-25 11:30:45.869925,-0.002949852507374673,-0.002949852507374673,-0.05000000000000071,-0.05000000000000071,16.9,16.95,16.9,16.95,193.0,386.0,363.0,1499.0,False,False
2610,2022-10-25 11:30:48.100629,-0.002949852507374673,-0.002949852507374673,-0.05000000000000071,-0.05000000000000071,16.9,16.95,16.9,16.95,193.0,385.0,363.0,1499.0,False,False
2610,2022-10-25 11:30:50.684960,-0.002949852507374673,-0.002949852507374673,-0.05000000000000071,-0.05000000000000071,16.9,16.95,16.9,16.95,193.0,381.0,363.0,1499.0,False,False
2610,2022-10-25 11:30:51.150730,-0.002949852507374673,-0.002949852507374673,-0.05000000000000071,-0.05000000000000071,16.9,16.95,16.9,16.95,193.0,381.0,363.0,1499.0,False,False
2610,2022-10-25 11:30:52.142685,-0.002949852507374673,-0.002949852507374673,-0.05000000000000071,-0.05000000000000071,16.9,16.95,16.9,16.95,195.0,381.0,363.0,1499.0,False,False
2610,2022-10-25 11:30:52.223576,-0.002949852507374673,-0.002949852507374673,-0.05000000000000071,-0.05000000000000071,16.9,16.95,16.9,16.95,195.0,377.0,363.0,1499.0,False,False
2610,2022-10-25 11:30:54.537862,-0.002949852507374673,-0.002949852507374673,-0.05000000000000071,-0.05000000000000071,16.9,16.95,16.9,16.95,193.0,377.0,363.0,1499.0,False,False
2610,2022-10-25 11:30:55.802143,-0.002949852507374673,-0.002949852507374673,-0.05000000000000071,-0.05000000000000071,16.9,16.95,16.9,16.95,193.0,372.0,363.0,1499.0,False,False
2610,2022-10-25 11:30:55.834763,-0.002949852507374673,-0.002949852507374673,-0.05000000000000071,-0.05000000000000071,16.9,16.95,16.9,16.95,196.0,372.0,363.0,1499.0,False,False
2610,2022-10-25 11:30:56.406668,-0.002949852507374673,-0.002949852507374673,-0.05000000000000071,-0.05000000000000071,16.9,16.95,16.9,16.95,196.0,372.0,363.0,1499.0,False,False
2610,2022-10-25 11:30:59.505602,-0.002949852507374673,-0.002949852507374673,-0.05000000000000071,-0.05000000000000071,16.9,16.95,16.9,16.95,246.0,372.0,363.0,1499.0,False,False
2610,2022-10-25 11:31:00.073092,-0.002949852507374673,-0.002949852507374673,-0.05000000000000071,-0.05000000000000071,16.9,16.95,16.9,16.95,246.0,372.0,363.0,1499.0,False,False
2610,2022-10-25 11:31:01.827869,-0.002949852507374673,-0.002949852507374673,-0.05000000000000071,-0.05000000000000071,16.9,16.95,16.9,16.95,251.0,372.0,363.0,1499.0,False,False
2610,2022-10-25 11:31:01.847519,-0.002949852507374673,-0.002949852507374673,-0.05000000000000071,-0.05000000000000071,16.9,16.95,16.9,16.95,251.0,372.0,363.0,1499.0,False,False
2610,2022-10-25 11:31:03.370339,-0.002949852507374673,-0.002949852507374673,-0.05000000000000071,-0.05000000000000071,16.9,16.95,16.9,16.95,280.0,372.0,363.0,1499.0,False,False
2610,2022-10-25 11:31:04.247279,-0.002949852507374673,-0.002949852507374673,-0.05000000000000071,-0.05000000000000071,16.9,16.95,16.9,16.95,280.0,372.0,513.0,1499.0,True,True
2610,2022-10-25 11:31:04.338398,-0.002949852507374673,-0.002949852507374673,-0.05000000000000071,-0.05000000000000071,16.9,16.95,16.9,16.95,280.0,372.0,513.0,1499.0,False,False
2610,2022-10-25 11:31:05.138908,-0.002949852507374673,-0.002949852507374673,-0.05000000000000071,-0.05000000000000071,16.9,16.95,16.9,16.95,280.0,380.0,513.0,1499.0,False,False
2610,2022-10-25 11:31:05.255569,-0.002949852507374673,-0.002949852507374673,-0.05000000000000071,-0.05000000000000071,16.9,16.95,16.9,16.95,280.0,378.0,513.0,1499.0,False,False
2610,2022-10-25 11:31:07.662634,-0.002949852507374673,-0.002949852507374673,-0.05000000000000071,-0.05000000000000071,16.9,16.95,16.9,16.95,280.0,379.0,513.0,1499.0,False,False
2610,2022-10-25 11:31:07.685611,-0.002949852507374673,-0.002949852507374673,-0.05000000000000071,-0.05000000000000071,16.9,16.95,16.9,16.95,277.0,379.0,513.0,1499.0,False,False
2610,2022-10-25 11:31:08.905013,-0.002949852507374673,-0.002949852507374673,-0.05000000000000071,-0.05000000000000071,16.9,16.95,16.9,16.95,277.0,379.0,513.0,1499.0,False,False
2610,2022-10-25 11:31:08.918716,-0.002949852507374673,-0.002949852507374673,-0.05000000000000071,-0.05000000000000071,16.9,16.95,16.9,16.95,277.0,356.0,513.0,1499.0,False,False
