symbol,datetime,NaOb_r,NbOa_r,NaOb_s,NbOa_s,bid1,ask1,odd_bid1,odd_ask1,bidQty1,askQty1,odd_bidQty1,odd_askQty1,simulate,triggerbyOdd
2883,2022-10-25 11:21:21.247349,-0.00877192982456132,0.0,-0.09999999999999964,0.0,11.35,11.4,11.3,11.35,494.0,2355.0,5790.0,10437.0,True,True
2883,2022-10-25 11:21:24.887005,-0.00877192982456132,0.0,-0.09999999999999964,0.0,11.35,11.4,11.3,11.35,494.0,2355.0,5790.0,10437.0,False,False
2883,2022-10-25 11:21:26.817412,-0.00877192982456132,0.0,-0.09999999999999964,0.0,11.35,11.4,11.3,11.35,494.0,2355.0,5790.0,10437.0,False,False
2883,2022-10-25 11:21:27.999966,-0.00877192982456132,0.0,-0.09999999999999964,0.0,11.35,11.4,11.3,11.35,494.0,2355.0,5790.0,10437.0,False,False
2883,2022-10-25 11:21:28.098616,-0.00877192982456132,0.0,-0.09999999999999964,0.0,11.35,11.4,11.3,11.35,494.0,2355.0,5790.0,10437.0,False,False
2883,2022-10-25 11:21:28.452281,-0.00877192982456132,0.0,-0.09999999999999964,0.0,11.35,11.4,11.3,11.35,493.0,2355.0,5790.0,10437.0,False,False
2883,2022-10-25 11:21:31.018163,-0.00877192982456132,0.0,-0.09999999999999964,0.0,11.35,11.4,11.3,11.35,493.0,2365.0,5790.0,10437.0,False,False
2883,2022-10-25 11:21:31.592627,-0.00877192982456132,0.0,-0.09999999999999964,0.0,11.35,11.4,11.3,11.35,498.0,2365.0,5790.0,10437.0,False,False
2883,2022-10-25 11:21:33.544806,-0.00877192982456132,0.0,-0.09999999999999964,0.0,11.35,11.4,11.3,11.35,509.0,2365.0,5790.0,10437.0,False,False
2883,2022-10-25 11:21:37.842327,-0.00877192982456132,0.0,-0.09999999999999964,0.0,11.35,11.4,11.3,11.35,509.0,2365.0,5790.0,10437.0,False,False
2883,2022-10-25 11:21:37.893885,-0.00877192982456132,0.0,-0.09999999999999964,0.0,11.35,11.4,11.3,11.35,509.0,2365.0,5790.0,10437.0,False,False
2883,2022-10-25 11:21:41.332123,-0.00877192982456132,0.0,-0.09999999999999964,0.0,11.35,11.4,11.3,11.35,509.0,2365.0,5900.0,10437.0,True,True
2883,2022-10-25 11:21:42.454416,-0.00877192982456132,0.0,-0.09999999999999964,0.0,11.35,11.4,11.3,11.35,508.0,2365.0,5900.0,10437.0,False,False
2883,2022-10-25 11:21:46.034077,-0.00877192982456132,0.0,-0.09999999999999964,0.0,11.35,11.4,11.3,11.35,518.0,2365.0,5900.0,10437.0,False,False
2883,2022-10-25 11:21:51.371317,-0.00877192982456132,0.0,-0.09999999999999964,0.0,11.35,11.4,11.3,11.35,518.0,2365.0,5906.0,10437.0,True,True
2883,2022-10-25 11:21:51.473532,-0.00877192982456132,0.0,-0.09999999999999964,0.0,11.35,11.4,11.3,11.35,516.0,2365.0,5906.0,10437.0,False,False
2883,2022-10-25 11:21:52.653903,-0.00877192982456132,0.0,-0.09999999999999964,0.0,11.35,11.4,11.3,11.35,516.0,2370.0,5906.0,10437.0,False,False
2883,2022-10-25 11:21:52.842584,-0.00877192982456132,0.0,-0.09999999999999964,0.0,11.35,11.4,11.3,11.35,516.0,2370.0,5906.0,10437.0,False,False
2883,2022-10-25 11:21:59.719588,-0.00877192982456132,0.0,-0.09999999999999964,0.0,11.35,11.4,11.3,11.35,516.0,2370.0,5906.0,10437.0,False,False
2883,2022-10-25 11:22:04.334594,-0.00877192982456132,0.0,-0.09999999999999964,0.0,11.35,11.4,11.3,11.35,536.0,2370.0,5906.0,10437.0,False,False
2883,2022-10-25 11:22:04.352213,-0.00877192982456132,0.0,-0.09999999999999964,0.0,11.35,11.4,11.3,11.35,531.0,2370.0,5906.0,10437.0,False,False
2883,2022-10-25 11:22:05.800063,-0.00877192982456132,0.0,-0.09999999999999964,0.0,11.35,11.4,11.3,11.35,531.0,2372.0,5906.0,10437.0,False,False
2883,2022-10-25 11:22:06.448278,-0.00877192982456132,0.0,-0.09999999999999964,0.0,11.35,11.4,11.3,11.35,531.0,2372.0,5906.0,10437.0,False,False
2883,2022-10-25 11:22:06.451421,-0.00877192982456132,0.0,-0.09999999999999964,0.0,11.35,11.4,11.3,11.35,531.0,2372.0,5906.0,10437.0,False,False
2883,2022-10-25 11:22:06.746907,-0.00877192982456132,0.0,-0.09999999999999964,0.0,11.35,11.4,11.3,11.35,531.0,2372.0,5906.0,10437.0,False,False
2883,2022-10-25 11:22:07.245487,-0.00877192982456132,0.0,-0.09999999999999964,0.0,11.35,11.4,11.3,11.35,529.0,2372.0,5906.0,10437.0,False,False
2883,2022-10-25 11:22:10.021818,-0.00877192982456132,0.0,-0.09999999999999964,0.0,11.35,11.4,11.3,11.35,529.0,2372.0,5906.0,10437.0,False,False
2883,2022-10-25 11:22:10.586166,-0.00877192982456132,0.0,-0.09999999999999964,0.0,11.35,11.4,11.3,11.35,529.0,2373.0,5906.0,10437.0,False,False
2883,2022-10-25 11:22:10.644416,-0.00877192982456132,0.0,-0.09999999999999964,0.0,11.35,11.4,11.3,11.35,529.0,2373.0,5906.0,10577.0,False,True
2883,2022-10-25 11:22:16.448572,-0.00877192982456132,0.0,-0.09999999999999964,0.0,11.35,11.4,11.3,11.35,529.0,2373.0,5906.0,10577.0,False,False
2883,2022-10-25 11:22:19.434002,-0.00877192982456132,0.0,-0.09999999999999964,0.0,11.35,11.4,11.3,11.35,686.0,2373.0,5906.0,10577.0,False,False
2883,2022-10-25 11:22:20.685582,-0.00877192982456132,0.0,-0.09999999999999964,0.0,11.35,11.4,11.3,11.35,686.0,2373.0,6226.0,10577.0,True,True
2883,2022-10-25 11:22:21.336944,-0.00877192982456132,0.0,-0.09999999999999964,0.0,11.35,11.4,11.3,11.35,686.0,2362.0,6226.0,10577.0,False,False
2883,2022-10-25 11:22:21.341328,-0.00877192982456132,0.0,-0.09999999999999964,0.0,11.35,11.4,11.3,11.35,686.0,2295.0,6226.0,10577.0,False,False
2883,2022-10-25 11:22:21.504936,-0.00877192982456132,0.0,-0.09999999999999964,0.0,11.35,11.4,11.3,11.35,688.0,2295.0,6226.0,10577.0,False,False
2883,2022-10-25 11:22:22.345128,-0.00877192982456132,0.0,-0.09999999999999964,0.0,11.35,11.4,11.3,11.35,849.0,2296.0,6226.0,10577.0,False,False
2883,2022-10-25 11:22:22.285006,-0.00877192982456132,0.0,-0.09999999999999964,0.0,11.35,11.4,11.3,11.35,763.0,2296.0,6226.0,10577.0,False,False
2883,2022-10-25 11:22:22.381809,-0.00877192982456132,0.0,-0.09999999999999964,0.0,11.35,11.4,11.3,11.35,692.0,2296.0,6226.0,10577.0,False,False
2883,2022-10-25 11:22:22.623988,-0.00877192982456132,0.0,-0.09999999999999964,0.0,11.35,11.4,11.3,11.35,702.0,2296.0,6226.0,10577.0,False,False
2883,2022-10-25 11:22:23.664549,-0.00877192982456132,0.0,-0.09999999999999964,0.0,11.35,11.4,11.3,11.35,702.0,2294.0,6226.0,10577.0,False,False
2883,2022-10-25 11:22:25.318584,-0.00877192982456132,0.0,-0.09999999999999964,0.0,11.35,11.4,11.3,11.35,709.0,2294.0,6226.0,10577.0,False,False
2883,2022-10-25 11:22:28.340025,-0.00877192982456132,0.0,-0.09999999999999964,0.0,11.35,11.4,11.3,11.35,709.0,2294.0,6226.0,10577.0,False,False
2883,2022-10-25 11:22:28.365851,-0.00877192982456132,0.0,-0.09999999999999964,0.0,11.35,11.4,11.3,11.35,899.0,2294.0,6226.0,10577.0,False,False
2883,2022-10-25 11:22:31.143299,-0.00877192982456132,0.0,-0.09999999999999964,0.0,11.35,11.4,11.3,11.35,899.0,2495.0,6226.0,10577.0,False,False
2883,2022-10-25 11:22:32.120867,-0.00877192982456132,0.0,-0.09999999999999964,0.0,11.35,11.4,11.3,11.35,899.0,2294.0,6226.0,10577.0,False,False
2883,2022-10-25 11:22:32.345179,-0.00877192982456132,0.0,-0.09999999999999964,0.0,11.35,11.4,11.3,11.35,813.0,2294.0,6226.0,10577.0,False,False
2883,2022-10-25 11:22:35.259193,-0.00877192982456132,0.0,-0.09999999999999964,0.0,11.35,11.4,11.3,11.35,814.0,2294.0,6226.0,10577.0,False,False
2883,2022-10-25 11:22:36.836978,-0.00877192982456132,0.0,-0.09999999999999964,0.0,11.35,11.4,11.3,11.35,814.0,2296.0,6226.0,10577.0,False,False
2883,2022-10-25 11:22:37.806984,-0.00877192982456132,0.0,-0.09999999999999964,0.0,11.35,11.4,11.3,11.35,814.0,2296.0,6226.0,10577.0,False,False
2883,2022-10-25 11:22:39.675042,-0.00877192982456132,0.0,-0.09999999999999964,0.0,11.35,11.4,11.3,11.35,814.0,2296.0,6226.0,10577.0,False,False
2883,2022-10-25 11:22:40.762839,-0.00877192982456132,0.0,-0.09999999999999964,0.0,11.35,11.4,11.3,11.35,814.0,2296.0,6226.0,10577.0,True,True
2883,2022-10-25 11:22:41.631983,-0.00877192982456132,0.0,-0.09999999999999964,0.0,11.35,11.4,11.3,11.35,814.0,2296.0,6226.0,10577.0,False,False
2883,2022-10-25 11:22:42.172531,-0.00877192982456132,0.0,-0.09999999999999964,0.0,11.35,11.4,11.3,11.35,814.0,2296.0,6226.0,10577.0,False,False
2883,2022-10-25 11:22:42.364460,-0.00877192982456132,0.0,-0.09999999999999964,0.0,11.35,11.4,11.3,11.35,814.0,2280.0,6226.0,10577.0,False,False
2883,2022-10-25 11:22:42.850487,-0.00877192982456132,0.0,-0.09999999999999964,0.0,11.35,11.4,11.3,11.35,847.0,2280.0,6226.0,10577.0,False,False
2883,2022-10-25 11:22:44.827184,-0.00877192982456132,0.0,-0.09999999999999964,0.0,11.35,11.4,11.3,11.35,847.0,2278.0,6226.0,10577.0,False,False
2883,2022-10-25 11:22:45.148713,-0.00877192982456132,0.0,-0.09999999999999964,0.0,11.35,11.4,11.3,11.35,848.0,2278.0,6226.0,10577.0,False,False
2883,2022-10-25 11:22:45.816599,-0.00877192982456132,0.0,-0.09999999999999964,0.0,11.35,11.4,11.3,11.35,847.0,2278.0,6226.0,10577.0,False,False
2883,2022-10-25 11:22:46.168583,-0.00877192982456132,0.0,-0.09999999999999964,0.0,11.35,11.4,11.3,11.35,847.0,2278.0,6226.0,10577.0,False,False
2883,2022-10-25 11:22:48.563198,-0.00877192982456132,0.0,-0.09999999999999964,0.0,11.35,11.4,11.3,11.35,847.0,2278.0,6226.0,10577.0,False,False
2883,2022-10-25 11:22:48.933106,-0.00877192982456132,0.0,-0.09999999999999964,0.0,11.35,11.4,11.3,11.35,847.0,2278.0,6226.0,10577.0,False,False
2883,2022-10-25 11:22:49.147774,-0.00877192982456132,0.0,-0.09999999999999964,0.0,11.35,11.4,11.3,11.35,847.0,2479.0,6226.0,10577.0,False,False
2883,2022-10-25 11:22:49.176348,-0.00877192982456132,0.0,-0.09999999999999964,0.0,11.35,11.4,11.3,11.35,760.0,2479.0,6226.0,10577.0,False,False
2883,2022-10-25 11:22:50.003755,-0.00877192982456132,0.0,-0.09999999999999964,0.0,11.35,11.4,11.3,11.35,757.0,2479.0,6226.0,10577.0,False,False
2883,2022-10-25 11:22:50.031354,-0.00877192982456132,0.0,-0.09999999999999964,0.0,11.35,11.4,11.3,11.35,567.0,2479.0,6226.0,10577.0,False,False
2883,2022-10-25 11:22:50.804032,-0.00877192982456132,0.0,-0.09999999999999964,0.0,11.35,11.4,11.3,11.35,567.0,2479.0,6226.0,10077.0,True,True
2883,2022-10-25 11:22:51.741093,-0.00877192982456132,0.0,-0.09999999999999964,0.0,11.35,11.4,11.3,11.35,557.0,2479.0,6226.0,10077.0,False,False
2883,2022-10-25 11:22:52.691938,-0.00877192982456132,0.0,-0.09999999999999964,0.0,11.35,11.4,11.3,11.35,557.0,2479.0,6226.0,10077.0,False,False
2883,2022-10-25 11:22:54.290509,-0.00877192982456132,0.0,-0.09999999999999964,0.0,11.35,11.4,11.3,11.35,557.0,2479.0,6226.0,10077.0,False,False
2883,2022-10-25 11:22:54.839595,-0.00877192982456132,0.0,-0.09999999999999964,0.0,11.35,11.4,11.3,11.35,557.0,2480.0,6226.0,10077.0,False,False
2883,2022-10-25 11:22:54.917830,-0.00877192982456132,0.0,-0.09999999999999964,0.0,11.35,11.4,11.3,11.35,557.0,2480.0,6226.0,10077.0,False,False
2883,2022-10-25 11:22:56.241678,-0.00877192982456132,0.0,-0.09999999999999964,0.0,11.35,11.4,11.3,11.35,557.0,2480.0,6226.0,10077.0,False,False
2883,2022-10-25 11:22:57.134065,-0.00877192982456132,0.0,-0.09999999999999964,0.0,11.35,11.4,11.3,11.35,557.0,2279.0,6226.0,10077.0,False,False
2883,2022-10-25 11:22:58.075409,-0.00877192982456132,0.0,-0.09999999999999964,0.0,11.35,11.4,11.3,11.35,577.0,2279.0,6226.0,10077.0,False,False
2883,2022-10-25 11:23:01.467236,-0.00877192982456132,0.0,-0.09999999999999964,0.0,11.35,11.4,11.3,11.35,577.0,2277.0,6226.0,10077.0,False,False
2883,2022-10-25 11:23:02.782511,-0.00877192982456132,0.0,-0.09999999999999964,0.0,11.35,11.4,11.3,11.35,577.0,2277.0,6226.0,10077.0,False,False
2883,2022-10-25 11:23:03.574649,-0.00877192982456132,0.0,-0.09999999999999964,0.0,11.35,11.4,11.3,11.35,577.0,2281.0,6226.0,10077.0,False,False
2883,2022-10-25 11:23:04.855596,-0.00877192982456132,0.0,-0.09999999999999964,0.0,11.35,11.4,11.3,11.35,577.0,2281.0,6226.0,10077.0,False,False
2883,2022-10-25 11:23:10.495321,-0.00877192982456132,0.0,-0.09999999999999964,0.0,11.35,11.4,11.3,11.35,578.0,2281.0,6226.0,10077.0,False,False
2883,2022-10-25 11:23:15.980339,-0.00877192982456132,0.0,-0.09999999999999964,0.0,11.35,11.4,11.3,11.35,578.0,2282.0,6226.0,10077.0,False,False
2883,2022-10-25 11:23:16.967832,-0.00877192982456132,0.0,-0.09999999999999964,0.0,11.35,11.4,11.3,11.35,578.0,2282.0,6226.0,10077.0,False,False
2883,2022-10-25 11:23:20.566187,-0.00877192982456132,0.0,-0.09999999999999964,0.0,11.35,11.4,11.3,11.35,578.0,2283.0,6226.0,10077.0,False,False
2883,2022-10-25 11:23:20.919568,-0.00877192982456132,0.0,-0.09999999999999964,0.0,11.35,11.4,11.3,11.35,578.0,2283.0,6225.0,10077.0,True,True
2883,2022-10-25 11:23:21.518591,-0.00877192982456132,0.0,-0.09999999999999964,0.0,11.35,11.4,11.3,11.35,573.0,2283.0,6225.0,10077.0,False,False
2883,2022-10-25 11:23:23.383265,-0.00877192982456132,0.0,-0.09999999999999964,0.0,11.35,11.4,11.3,11.35,573.0,2283.0,6225.0,10077.0,False,False
2883,2022-10-25 11:23:24.328038,-0.00877192982456132,0.0,-0.09999999999999964,0.0,11.35,11.4,11.3,11.35,573.0,2283.0,6225.0,10077.0,False,False
2883,2022-10-25 11:23:25.064590,-0.00877192982456132,0.0,-0.09999999999999964,0.0,11.35,11.4,11.3,11.35,573.0,2283.0,6225.0,10077.0,False,False
2883,2022-10-25 11:23:27.638345,-0.00877192982456132,0.0,-0.09999999999999964,0.0,11.35,11.4,11.3,11.35,573.0,2283.0,6225.0,10077.0,False,False
2883,2022-10-25 11:23:30.636042,-0.00877192982456132,0.0,-0.09999999999999964,0.0,11.35,11.4,11.3,11.35,573.0,2283.0,6225.0,10077.0,False,False
2883,2022-10-25 11:23:35.833672,-0.00877192982456132,0.0,-0.09999999999999964,0.0,11.35,11.4,11.3,11.35,573.0,2284.0,6225.0,10077.0,False,False
2883,2022-10-25 11:23:36.127996,-0.00877192982456132,0.0,-0.09999999999999964,0.0,11.35,11.4,11.3,11.35,572.0,2284.0,6225.0,10077.0,False,False
2883,2022-10-25 11:23:36.774951,-0.00877192982456132,0.0,-0.09999999999999964,0.0,11.35,11.4,11.3,11.35,577.0,2284.0,6225.0,10077.0,False,False
2883,2022-10-25 11:23:37.139442,-0.00877192982456132,0.0,-0.09999999999999964,0.0,11.35,11.4,11.3,11.35,577.0,2284.0,6225.0,10077.0,False,False
2883,2022-10-25 11:23:37.470964,-0.00877192982456132,0.0,-0.09999999999999964,0.0,11.35,11.4,11.3,11.35,576.0,2284.0,6225.0,10077.0,False,False
2883,2022-10-25 11:23:41.693298,-0.00877192982456132,0.0,-0.09999999999999964,0.0,11.35,11.4,11.3,11.35,576.0,2284.0,6225.0,10077.0,False,False
2883,2022-10-25 11:23:42.332321,-0.00877192982456132,0.0,-0.09999999999999964,0.0,11.35,11.4,11.3,11.35,581.0,2284.0,6225.0,10077.0,False,False
2883,2022-10-25 11:23:42.533530,-0.00877192982456132,0.0,-0.09999999999999964,0.0,11.35,11.4,11.3,11.35,581.0,2284.0,6225.0,10077.0,False,False
2883,2022-10-25 11:23:49.941889,-0.00877192982456132,0.0,-0.09999999999999964,0.0,11.35,11.4,11.3,11.35,581.0,2284.0,6225.0,10077.0,False,False
2883,2022-10-25 11:23:50.397525,-0.00877192982456132,0.0,-0.09999999999999964,0.0,11.35,11.4,11.3,11.35,581.0,2284.0,6225.0,10077.0,False,False
2883,2022-10-25 11:23:53.834819,-0.00877192982456132,0.0,-0.09999999999999964,0.0,11.35,11.4,11.3,11.35,586.0,2284.0,6225.0,10077.0,False,False
2883,2022-10-25 11:23:58.213107,-0.00877192982456132,0.0,-0.09999999999999964,0.0,11.35,11.4,11.3,11.35,594.0,2284.0,6225.0,10077.0,False,False
2883,2022-10-25 11:23:58.222116,-0.00877192982456132,0.0,-0.09999999999999964,0.0,11.35,11.4,11.3,11.35,594.0,2284.0,6225.0,10077.0,False,False
2883,2022-10-25 11:23:58.757300,-0.00877192982456132,0.0,-0.09999999999999964,0.0,11.35,11.4,11.3,11.35,591.0,2284.0,6225.0,10077.0,False,False
2883,2022-10-25 11:24:06.062181,-0.00877192982456132,0.0,-0.09999999999999964,0.0,11.35,11.4,11.3,11.35,592.0,2284.0,6225.0,10077.0,False,False
2883,2022-10-25 11:24:08.579352,-0.00877192982456132,0.0,-0.09999999999999964,0.0,11.35,11.4,11.3,11.35,590.0,2282.0,6225.0,10077.0,False,False
2883,2022-10-25 11:24:10.337460,-0.00877192982456132,0.0,-0.09999999999999964,0.0,11.35,11.4,11.3,11.35,590.0,2284.0,6225.0,10077.0,False,False
2883,2022-10-25 11:24:10.945728,-0.00877192982456132,0.0,-0.09999999999999964,0.0,11.35,11.4,11.3,11.35,589.0,2284.0,6225.0,10077.0,False,False
2883,2022-10-25 11:24:11.130487,-0.00877192982456132,0.0,-0.09999999999999964,0.0,11.35,11.4,11.3,11.35,589.0,2284.0,6325.0,10077.0,True,True
2883,2022-10-25 11:24:12.825198,-0.00877192982456132,0.0,-0.09999999999999964,0.0,11.35,11.4,11.3,11.35,589.0,2284.0,6325.0,10077.0,False,False
2883,2022-10-25 11:24:12.864917,-0.00877192982456132,0.0,-0.09999999999999964,0.0,11.35,11.4,11.3,11.35,589.0,2285.0,6325.0,10077.0,False,False
2883,2022-10-25 11:24:15.343139,-0.00877192982456132,0.0,-0.09999999999999964,0.0,11.35,11.4,11.3,11.35,589.0,2285.0,6325.0,10077.0,False,False
2883,2022-10-25 11:24:16.518307,-0.00877192982456132,0.0,-0.09999999999999964,0.0,11.35,11.4,11.3,11.35,589.0,2285.0,6325.0,10077.0,False,False
2883,2022-10-25 11:24:18.867346,-0.00877192982456132,0.0,-0.09999999999999964,0.0,11.35,11.4,11.3,11.35,588.0,2285.0,6325.0,10077.0,False,False
2883,2022-10-25 11:24:19.271671,-0.00877192982456132,0.0,-0.09999999999999964,0.0,11.35,11.4,11.3,11.35,588.0,2335.0,6325.0,10077.0,False,False
2883,2022-10-25 11:24:19.453103,-0.00877192982456132,0.0,-0.09999999999999964,0.0,11.35,11.4,11.3,11.35,578.0,2335.0,6325.0,10077.0,False,False
2883,2022-10-25 11:24:19.672469,-0.00877192982456132,0.0,-0.09999999999999964,0.0,11.35,11.4,11.3,11.35,578.0,2331.0,6325.0,10077.0,False,False
2883,2022-10-25 11:24:20.023267,-0.00877192982456132,0.0,-0.09999999999999964,0.0,11.35,11.4,11.3,11.35,578.0,2330.0,6325.0,10077.0,False,False
2883,2022-10-25 11:24:24.125827,-0.00877192982456132,0.0,-0.09999999999999964,0.0,11.35,11.4,11.3,11.35,577.0,2330.0,6325.0,10077.0,False,False
2883,2022-10-25 11:24:24.515538,-0.00877192982456132,0.0,-0.09999999999999964,0.0,11.35,11.4,11.3,11.35,578.0,2330.0,6325.0,10077.0,False,False
2883,2022-10-25 11:24:25.493810,-0.00877192982456132,0.0,-0.09999999999999964,0.0,11.35,11.4,11.3,11.35,578.0,2340.0,6325.0,10077.0,False,False
2883,2022-10-25 11:24:26.520540,-0.00877192982456132,0.0,-0.09999999999999964,0.0,11.35,11.4,11.3,11.35,588.0,2340.0,6325.0,10077.0,False,False
2883,2022-10-25 11:24:30.180087,-0.00877192982456132,0.0,-0.09999999999999964,0.0,11.35,11.4,11.3,11.35,588.0,2340.0,6325.0,10077.0,False,False
2883,2022-10-25 11:24:30.957884,-0.00877192982456132,0.0,-0.09999999999999964,0.0,11.35,11.4,11.3,11.35,588.0,2339.0,6325.0,10077.0,False,False
2883,2022-10-25 11:24:32.088645,-0.00877192982456132,0.0,-0.09999999999999964,0.0,11.35,11.4,11.3,11.35,589.0,2339.0,6325.0,10077.0,False,False
2883,2022-10-25 11:24:35.078118,-0.00877192982456132,0.0,-0.09999999999999964,0.0,11.35,11.4,11.3,11.35,590.0,2339.0,6325.0,10077.0,False,False
2883,2022-10-25 11:24:35.756005,-0.00877192982456132,0.0,-0.09999999999999964,0.0,11.35,11.4,11.3,11.35,590.0,2339.0,6325.0,10077.0,False,False
2883,2022-10-25 11:24:36.472339,-0.00877192982456132,0.0,-0.09999999999999964,0.0,11.35,11.4,11.3,11.35,585.0,2339.0,6325.0,10077.0,False,False
2883,2022-10-25 11:24:37.815247,-0.00877192982456132,0.0,-0.09999999999999964,0.0,11.35,11.4,11.3,11.35,584.0,2339.0,6325.0,10077.0,False,False
2883,2022-10-25 11:24:38.696320,-0.00877192982456132,0.0,-0.09999999999999964,0.0,11.35,11.4,11.3,11.35,584.0,2339.0,6325.0,10077.0,False,False
2883,2022-10-25 11:24:43.551207,-0.00877192982456132,0.0,-0.09999999999999964,0.0,11.35,11.4,11.3,11.35,584.0,2338.0,6325.0,10077.0,False,False
2883,2022-10-25 11:24:45.012655,-0.00877192982456132,0.0,-0.09999999999999964,0.0,11.35,11.4,11.3,11.35,584.0,2339.0,6325.0,10077.0,False,False
2883,2022-10-25 11:24:47.423585,-0.00877192982456132,0.0,-0.09999999999999964,0.0,11.35,11.4,11.3,11.35,702.0,2339.0,6325.0,10077.0,False,False
2883,2022-10-25 11:24:48.821888,-0.00877192982456132,0.0,-0.09999999999999964,0.0,11.35,11.4,11.3,11.35,701.0,2339.0,6325.0,10077.0,False,False
2883,2022-10-25 11:24:49.213776,-0.00877192982456132,0.0,-0.09999999999999964,0.0,11.35,11.4,11.3,11.35,701.0,2339.0,6325.0,10077.0,False,False
2883,2022-10-25 11:24:51.283854,-0.00877192982456132,0.0,-0.09999999999999964,0.0,11.35,11.4,11.3,11.35,701.0,2339.0,5935.0,10077.0,True,True
2883,2022-10-25 11:24:52.064891,-0.00877192982456132,0.0,-0.09999999999999964,0.0,11.35,11.4,11.3,11.35,701.0,2339.0,5935.0,10077.0,False,False
2883,2022-10-25 11:24:55.743481,-0.00877192982456132,0.0,-0.09999999999999964,0.0,11.35,11.4,11.3,11.35,701.0,2338.0,5935.0,10077.0,False,False
2883,2022-10-25 11:24:56.726892,-0.00877192982456132,0.0,-0.09999999999999964,0.0,11.35,11.4,11.3,11.35,701.0,2338.0,5935.0,10077.0,False,False
2883,2022-10-25 11:24:57.378927,-0.00877192982456132,0.0,-0.09999999999999964,0.0,11.35,11.4,11.3,11.35,701.0,2338.0,5935.0,10077.0,False,False
2883,2022-10-25 11:24:57.939151,-0.00877192982456132,0.0,-0.09999999999999964,0.0,11.35,11.4,11.3,11.35,701.0,2338.0,5935.0,10077.0,False,False
2883,2022-10-25 11:25:05.381826,-0.00877192982456132,0.0,-0.09999999999999964,0.0,11.35,11.4,11.3,11.35,701.0,2339.0,5935.0,10077.0,False,False
2883,2022-10-25 11:25:05.561745,-0.00877192982456132,0.0,-0.09999999999999964,0.0,11.35,11.4,11.3,11.35,701.0,2349.0,5935.0,10077.0,False,False
2883,2022-10-25 11:25:07.953215,-0.00877192982456132,0.0,-0.09999999999999964,0.0,11.35,11.4,11.3,11.35,701.0,2350.0,5935.0,10077.0,False,False
2883,2022-10-25 11:25:10.727224,-0.00877192982456132,0.0,-0.09999999999999964,0.0,11.35,11.4,11.3,11.35,701.0,2344.0,5935.0,10077.0,False,False
2883,2022-10-25 11:25:10.835269,-0.00877192982456132,0.0,-0.09999999999999964,0.0,11.35,11.4,11.3,11.35,701.0,2344.0,21050.0,10077.0,False,True
2883,2022-10-25 11:25:12.200348,-0.00877192982456132,0.0,-0.09999999999999964,0.0,11.35,11.4,11.3,11.35,701.0,2354.0,21050.0,10077.0,False,False
2883,2022-10-25 11:25:13.206014,-0.00877192982456132,0.0,-0.09999999999999964,0.0,11.35,11.4,11.3,11.35,701.0,2354.0,21050.0,10077.0,False,False
2883,2022-10-25 11:25:13.359946,-0.00877192982456132,0.0,-0.09999999999999964,0.0,11.35,11.4,11.3,11.35,702.0,2354.0,21050.0,10077.0,False,False
2883,2022-10-25 11:25:15.013491,-0.00877192982456132,0.0,-0.09999999999999964,0.0,11.35,11.4,11.3,11.35,702.0,2355.0,21050.0,10077.0,False,False
2883,2022-10-25 11:25:16.440584,-0.00877192982456132,0.0,-0.09999999999999964,0.0,11.35,11.4,11.3,11.35,702.0,2350.0,21050.0,10077.0,False,False
2883,2022-10-25 11:25:16.480792,-0.00877192982456132,0.0,-0.09999999999999964,0.0,11.35,11.4,11.3,11.35,702.0,2347.0,21050.0,10077.0,False,False
2883,2022-10-25 11:25:19.096185,-0.00877192982456132,0.0,-0.09999999999999964,0.0,11.35,11.4,11.3,11.35,852.0,2347.0,21050.0,10077.0,False,False
2883,2022-10-25 11:25:19.573304,-0.00877192982456132,0.0,-0.09999999999999964,0.0,11.35,11.4,11.3,11.35,869.0,2347.0,21050.0,10077.0,False,False
2883,2022-10-25 11:25:20.004929,-0.00877192982456132,0.0,-0.09999999999999964,0.0,11.35,11.4,11.3,11.35,881.0,2347.0,21050.0,10077.0,False,False
2883,2022-10-25 11:25:20.841079,-0.00877192982456132,0.0,-0.09999999999999964,0.0,11.35,11.4,11.3,11.35,881.0,2347.0,6187.0,9967.0,True,True
2883,2022-10-25 11:25:21.716984,-0.00877192982456132,0.0,-0.09999999999999964,0.0,11.35,11.4,11.3,11.35,881.0,2347.0,6187.0,9967.0,False,False
2883,2022-10-25 11:25:23.320398,-0.00877192982456132,0.0,-0.09999999999999964,0.0,11.35,11.4,11.3,11.35,881.0,2349.0,6187.0,9967.0,False,False
2883,2022-10-25 11:25:23.828846,-0.00877192982456132,0.0,-0.09999999999999964,0.0,11.35,11.4,11.3,11.35,879.0,2349.0,6187.0,9967.0,False,False
2883,2022-10-25 11:25:24.345391,-0.00877192982456132,0.0,-0.09999999999999964,0.0,11.35,11.4,11.3,11.35,1035.0,2349.0,6187.0,9967.0,False,False
2883,2022-10-25 11:25:25.225290,-0.00877192982456132,0.0,-0.09999999999999964,0.0,11.35,11.4,11.3,11.35,1040.0,2349.0,6187.0,9967.0,False,False
2883,2022-10-25 11:25:25.331830,-0.00877192982456132,0.0,-0.09999999999999964,0.0,11.35,11.4,11.3,11.35,1040.0,2338.0,6187.0,9967.0,False,False
2883,2022-10-25 11:25:25.459253,-0.00877192982456132,0.0,-0.09999999999999964,0.0,11.35,11.4,11.3,11.35,1040.0,2327.0,6187.0,9967.0,False,False
2883,2022-10-25 11:25:25.538183,-0.00877192982456132,0.0,-0.09999999999999964,0.0,11.35,11.4,11.3,11.35,1040.0,2328.0,6187.0,9967.0,False,False
2883,2022-10-25 11:25:26.311578,-0.00877192982456132,0.0,-0.09999999999999964,0.0,11.35,11.4,11.3,11.35,884.0,2328.0,6187.0,9967.0,False,False
2883,2022-10-25 11:25:26.351134,-0.00877192982456132,0.0,-0.09999999999999964,0.0,11.35,11.4,11.3,11.35,965.0,2328.0,6187.0,9967.0,False,False
2883,2022-10-25 11:25:26.695177,-0.00877192982456132,0.0,-0.09999999999999964,0.0,11.35,11.4,11.3,11.35,965.0,2317.0,6187.0,9967.0,False,False
2883,2022-10-25 11:25:28.191895,-0.00877192982456132,0.0,-0.09999999999999964,0.0,11.35,11.4,11.3,11.35,965.0,2316.0,6187.0,9967.0,False,False
2883,2022-10-25 11:25:30.328295,-0.00877192982456132,0.0,-0.09999999999999964,0.0,11.35,11.4,11.3,11.35,1122.0,2316.0,6187.0,9967.0,False,False
2883,2022-10-25 11:25:30.414361,-0.00877192982456132,0.0,-0.09999999999999964,0.0,11.35,11.4,11.3,11.35,1122.0,2306.0,6187.0,9967.0,False,False
2883,2022-10-25 11:25:30.509856,-0.00877192982456132,0.0,-0.09999999999999964,0.0,11.35,11.4,11.3,11.35,1122.0,2295.0,6187.0,9967.0,False,False
2883,2022-10-25 11:25:31.293706,-0.00877192982456132,0.0,-0.09999999999999964,0.0,11.35,11.4,11.3,11.35,965.0,2295.0,6187.0,9967.0,False,False
2883,2022-10-25 11:25:31.477242,-0.00877192982456132,0.0,-0.09999999999999964,0.0,11.35,11.4,11.3,11.35,965.0,2284.0,6187.0,9967.0,False,False
2883,2022-10-25 11:25:32.695798,-0.00877192982456132,0.0,-0.09999999999999964,0.0,11.35,11.4,11.3,11.35,965.0,2285.0,6187.0,9967.0,False,False
2883,2022-10-25 11:25:34.911028,-0.00877192982456132,0.0,-0.09999999999999964,0.0,11.35,11.4,11.3,11.35,965.0,2285.0,6187.0,9967.0,False,False
2883,2022-10-25 11:25:36.022065,-0.00877192982456132,0.0,-0.09999999999999964,0.0,11.35,11.4,11.3,11.35,965.0,2284.0,6187.0,9967.0,False,False
2883,2022-10-25 11:25:37.080738,-0.00877192982456132,0.0,-0.09999999999999964,0.0,11.35,11.4,11.3,11.35,965.0,2284.0,6187.0,9967.0,False,False
2883,2022-10-25 11:25:38.276039,-0.00877192982456132,0.0,-0.09999999999999964,0.0,11.35,11.4,11.3,11.35,965.0,2284.0,6187.0,9967.0,False,False
2883,2022-10-25 11:25:39.483336,-0.00877192982456132,0.0,-0.09999999999999964,0.0,11.35,11.4,11.3,11.35,966.0,2284.0,6187.0,9967.0,False,False
2883,2022-10-25 11:25:40.311138,-0.00877192982456132,0.0,-0.09999999999999964,0.0,11.35,11.4,11.3,11.35,966.0,2284.0,6187.0,9967.0,False,False
2883,2022-10-25 11:25:40.530510,-0.00877192982456132,0.0,-0.09999999999999964,0.0,11.35,11.4,11.3,11.35,966.0,2273.0,6187.0,9967.0,False,False
2883,2022-10-25 11:25:40.763771,-0.00877192982456132,0.0,-0.09999999999999964,0.0,11.35,11.4,11.3,11.35,966.0,2262.0,6187.0,9967.0,False,False
2883,2022-10-25 11:25:40.890142,-0.00877192982456132,0.0,-0.09999999999999964,0.0,11.35,11.4,11.3,11.35,966.0,2262.0,6187.0,10066.0,True,True
2883,2022-10-25 11:25:41.473297,-0.00877192982456132,0.0,-0.09999999999999964,0.0,11.35,11.4,11.3,11.35,966.0,2262.0,6187.0,10066.0,False,False
2883,2022-10-25 11:25:43.189365,-0.00877192982456132,0.0,-0.09999999999999964,0.0,11.35,11.4,11.3,11.35,966.0,2261.0,6187.0,10066.0,False,False
2883,2022-10-25 11:25:44.672375,-0.00877192982456132,0.0,-0.09999999999999964,0.0,11.35,11.4,11.3,11.35,966.0,2261.0,6187.0,10066.0,False,False
2883,2022-10-25 11:25:51.054918,-0.00877192982456132,0.0,-0.09999999999999964,0.0,11.35,11.4,11.3,11.35,966.0,2261.0,6187.0,10066.0,False,False
2883,2022-10-25 11:25:51.912872,-0.00877192982456132,0.0,-0.09999999999999964,0.0,11.35,11.4,11.3,11.35,966.0,2250.0,6187.0,10066.0,False,False
2883,2022-10-25 11:25:54.222114,-0.00877192982456132,0.0,-0.09999999999999964,0.0,11.35,11.4,11.3,11.35,966.0,2246.0,6187.0,10066.0,False,False
2883,2022-10-25 11:25:54.573914,-0.00877192982456132,0.0,-0.09999999999999964,0.0,11.35,11.4,11.3,11.35,966.0,2246.0,6187.0,10066.0,False,False
2883,2022-10-25 11:25:55.109370,-0.00877192982456132,0.0,-0.09999999999999964,0.0,11.35,11.4,11.3,11.35,966.0,2247.0,6187.0,10066.0,False,False
2883,2022-10-25 11:25:55.343248,-0.00877192982456132,0.0,-0.09999999999999964,0.0,11.35,11.4,11.3,11.35,946.0,2227.0,6187.0,10066.0,False,False
2883,2022-10-25 11:25:56.400436,-0.00877192982456132,0.0,-0.09999999999999964,0.0,11.35,11.4,11.3,11.35,946.0,2227.0,6187.0,10066.0,False,False
2883,2022-10-25 11:25:57.752844,-0.00877192982456132,0.0,-0.09999999999999964,0.0,11.35,11.4,11.3,11.35,946.0,2227.0,6187.0,10066.0,False,False
2883,2022-10-25 11:25:58.833971,-0.00877192982456132,0.0,-0.09999999999999964,0.0,11.35,11.4,11.3,11.35,946.0,2226.0,6187.0,10066.0,False,False
2883,2022-10-25 11:26:02.243074,-0.00877192982456132,0.0,-0.09999999999999964,0.0,11.35,11.4,11.3,11.35,946.0,2225.0,6187.0,10066.0,False,False
2883,2022-10-25 11:26:04.683760,-0.00877192982456132,0.0,-0.09999999999999964,0.0,11.35,11.4,11.3,11.35,946.0,2225.0,6187.0,10066.0,False,False
2883,2022-10-25 11:26:05.126947,-0.00877192982456132,0.0,-0.09999999999999964,0.0,11.35,11.4,11.3,11.35,946.0,2225.0,6187.0,10066.0,False,False
2883,2022-10-25 11:26:05.672136,-0.00877192982456132,0.0,-0.09999999999999964,0.0,11.35,11.4,11.3,11.35,946.0,2225.0,6187.0,10066.0,False,False
2883,2022-10-25 11:26:05.844714,-0.00877192982456132,0.0,-0.09999999999999964,0.0,11.35,11.4,11.3,11.35,946.0,2226.0,6187.0,10066.0,False,False
2883,2022-10-25 11:26:06.711164,-0.00877192982456132,0.0,-0.09999999999999964,0.0,11.35,11.4,11.3,11.35,946.0,2226.0,6187.0,10066.0,False,False
2883,2022-10-25 11:26:07.704955,-0.00877192982456132,0.0,-0.09999999999999964,0.0,11.35,11.4,11.3,11.35,951.0,2226.0,6187.0,10066.0,False,False
2883,2022-10-25 11:26:10.967701,-0.00877192982456132,0.0,-0.09999999999999964,0.0,11.35,11.4,11.3,11.35,951.0,2226.0,6237.0,10059.0,True,True
2883,2022-10-25 11:26:12.537409,-0.00877192982456132,0.0,-0.09999999999999964,0.0,11.35,11.4,11.3,11.35,951.0,2226.0,6237.0,10059.0,False,False
2883,2022-10-25 11:26:13.307592,-0.00877192982456132,0.0,-0.09999999999999964,0.0,11.35,11.4,11.3,11.35,1109.0,2226.0,6237.0,10059.0,False,False
2883,2022-10-25 11:26:13.376504,-0.00877192982456132,0.0,-0.09999999999999964,0.0,11.35,11.4,11.3,11.35,1109.0,2226.0,6237.0,10059.0,False,False
2883,2022-10-25 11:26:13.379769,-0.00877192982456132,0.0,-0.09999999999999964,0.0,11.35,11.4,11.3,11.35,1109.0,2225.0,6237.0,10059.0,False,False
2883,2022-10-25 11:26:13.377945,-0.00877192982456132,0.0,-0.09999999999999964,0.0,11.35,11.4,11.3,11.35,1109.0,2226.0,6237.0,10059.0,False,False
2883,2022-10-25 11:26:13.497690,-0.00877192982456132,0.0,-0.09999999999999964,0.0,11.35,11.4,11.3,11.35,1114.0,2225.0,6237.0,10059.0,False,False
2883,2022-10-25 11:26:14.262275,-0.00877192982456132,0.0,-0.09999999999999964,0.0,11.35,11.4,11.3,11.35,956.0,2225.0,6237.0,10059.0,False,False
2883,2022-10-25 11:26:14.273429,-0.00877192982456132,0.0,-0.09999999999999964,0.0,11.35,11.4,11.3,11.35,956.0,2233.0,6237.0,10059.0,False,False
2883,2022-10-25 11:26:14.740035,-0.00877192982456132,0.0,-0.09999999999999964,0.0,11.35,11.4,11.3,11.35,956.0,2233.0,6237.0,10059.0,False,False
2883,2022-10-25 11:26:16.867834,-0.00877192982456132,0.0,-0.09999999999999964,0.0,11.35,11.4,11.3,11.35,956.0,2228.0,6237.0,10059.0,False,False
2883,2022-10-25 11:26:17.128263,-0.00877192982456132,0.0,-0.09999999999999964,0.0,11.35,11.4,11.3,11.35,956.0,2228.0,6237.0,10059.0,False,False
2883,2022-10-25 11:26:18.107431,-0.00877192982456132,0.0,-0.09999999999999964,0.0,11.35,11.4,11.3,11.35,956.0,2223.0,6237.0,10059.0,False,False
2883,2022-10-25 11:26:20.997384,-0.00877192982456132,0.0,-0.09999999999999964,0.0,11.35,11.4,11.3,11.35,956.0,2223.0,6237.0,10009.0,True,True
2883,2022-10-25 11:26:23.653528,-0.00877192982456132,0.0,-0.09999999999999964,0.0,11.35,11.4,11.3,11.35,956.0,2223.0,6237.0,10009.0,False,False
2883,2022-10-25 11:26:28.491635,-0.00877192982456132,0.0,-0.09999999999999964,0.0,11.35,11.4,11.3,11.35,956.0,2223.0,6237.0,10009.0,False,False
2883,2022-10-25 11:26:30.264323,-0.00877192982456132,0.0,-0.09999999999999964,0.0,11.35,11.4,11.3,11.35,959.0,2223.0,6237.0,10009.0,False,False
2883,2022-10-25 11:26:30.369166,-0.00877192982456132,0.0,-0.09999999999999964,0.0,11.35,11.4,11.3,11.35,959.0,2223.0,6237.0,10009.0,False,False
2883,2022-10-25 11:26:31.024935,-0.00877192982456132,0.0,-0.09999999999999964,0.0,11.35,11.4,11.3,11.35,959.0,2223.0,6237.0,10009.0,True,True
2883,2022-10-25 11:26:31.984714,-0.00877192982456132,0.0,-0.09999999999999964,0.0,11.35,11.4,11.3,11.35,959.0,2223.0,6237.0,10009.0,False,False
2883,2022-10-25 11:26:35.477651,-0.00877192982456132,0.0,-0.09999999999999964,0.0,11.35,11.4,11.3,11.35,959.0,2223.0,6237.0,10009.0,False,False
2883,2022-10-25 11:26:38.083065,-0.00877192982456132,0.0,-0.09999999999999964,0.0,11.35,11.4,11.3,11.35,959.0,2223.0,6237.0,10009.0,False,False
2883,2022-10-25 11:26:38.655313,-0.00877192982456132,0.0,-0.09999999999999964,0.0,11.35,11.4,11.3,11.35,959.0,2223.0,6237.0,10009.0,False,False
2883,2022-10-25 11:26:39.067771,-0.00877192982456132,0.0,-0.09999999999999964,0.0,11.35,11.4,11.3,11.35,959.0,2223.0,6237.0,10009.0,False,False
2883,2022-10-25 11:26:39.640386,-0.00877192982456132,0.0,-0.09999999999999964,0.0,11.35,11.4,11.3,11.35,959.0,2213.0,6237.0,10009.0,False,False
2883,2022-10-25 11:26:41.056566,-0.00877192982456132,0.0,-0.09999999999999964,0.0,11.35,11.4,11.3,11.35,959.0,2213.0,6105.0,10077.0,True,True
2883,2022-10-25 11:26:41.093932,-0.00877192982456132,0.0,-0.09999999999999964,0.0,11.35,11.4,11.3,11.35,959.0,2212.0,6105.0,10077.0,False,False
2883,2022-10-25 11:26:41.287542,-0.00877192982456132,0.0,-0.09999999999999964,0.0,11.35,11.4,11.3,11.35,959.0,2213.0,6105.0,10077.0,False,False
2883,2022-10-25 11:26:44.433361,-0.00877192982456132,0.0,-0.09999999999999964,0.0,11.35,11.4,11.3,11.35,959.0,2205.0,6105.0,10077.0,False,False
2883,2022-10-25 11:26:46.681952,-0.00877192982456132,0.0,-0.09999999999999964,0.0,11.35,11.4,11.3,11.35,959.0,2207.0,6105.0,10077.0,False,False
2883,2022-10-25 11:26:47.785523,-0.00877192982456132,0.0,-0.09999999999999964,0.0,11.35,11.4,11.3,11.35,959.0,2207.0,6105.0,10077.0,False,False
2883,2022-10-25 11:26:50.610932,-0.00877192982456132,0.0,-0.09999999999999964,0.0,11.35,11.4,11.3,11.35,959.0,2202.0,6105.0,10077.0,False,False
2883,2022-10-25 11:26:51.085013,-0.00877192982456132,0.0,-0.09999999999999964,0.0,11.35,11.4,11.3,11.35,959.0,2202.0,6105.0,9877.0,True,True
2883,2022-10-25 11:26:52.023689,-0.00877192982456132,0.0,-0.09999999999999964,0.0,11.35,11.4,11.3,11.35,959.0,2202.0,6105.0,9877.0,False,False
2883,2022-10-25 11:26:55.255876,-0.00877192982456132,0.0,-0.09999999999999964,0.0,11.35,11.4,11.3,11.35,959.0,2202.0,6105.0,9877.0,False,False
2883,2022-10-25 11:26:56.996485,-0.00877192982456132,0.0,-0.09999999999999964,0.0,11.35,11.4,11.3,11.35,959.0,2402.0,6105.0,9877.0,False,False
2883,2022-10-25 11:26:57.585408,-0.00877192982456132,0.0,-0.09999999999999964,0.0,11.35,11.4,11.3,11.35,959.0,2412.0,6105.0,9877.0,False,False
2883,2022-10-25 11:26:58.949395,-0.00877192982456132,0.0,-0.09999999999999964,0.0,11.35,11.4,11.3,11.35,959.0,2462.0,6105.0,9877.0,False,False
2883,2022-10-25 11:26:59.086840,-0.00877192982456132,0.0,-0.09999999999999964,0.0,11.35,11.4,11.3,11.35,960.0,2462.0,6105.0,9877.0,False,False
2883,2022-10-25 11:26:59.131523,-0.00877192982456132,0.0,-0.09999999999999964,0.0,11.35,11.4,11.3,11.35,960.0,2464.0,6105.0,9877.0,False,False
2883,2022-10-25 11:26:59.206139,-0.00877192982456132,0.0,-0.09999999999999964,0.0,11.35,11.4,11.3,11.35,960.0,2461.0,6105.0,9877.0,False,False
2883,2022-10-25 11:26:59.513541,-0.00877192982456132,0.0,-0.09999999999999964,0.0,11.35,11.4,11.3,11.35,960.0,2461.0,6105.0,9877.0,False,False
2883,2022-10-25 11:26:59.906806,-0.00877192982456132,0.0,-0.09999999999999964,0.0,11.35,11.4,11.3,11.35,960.0,2459.0,6105.0,9877.0,False,False
2883,2022-10-25 11:27:00.867118,-0.00877192982456132,0.0,-0.09999999999999964,0.0,11.35,11.4,11.3,11.35,960.0,2459.0,6105.0,9877.0,False,False
2883,2022-10-25 11:27:01.112043,-0.00877192982456132,0.0,-0.09999999999999964,0.0,11.35,11.4,11.3,11.35,960.0,2459.0,6105.0,9877.0,True,True
2883,2022-10-25 11:27:02.356316,-0.00877192982456132,0.0,-0.09999999999999964,0.0,11.35,11.4,11.3,11.35,960.0,2464.0,6105.0,9877.0,False,False
2883,2022-10-25 11:27:02.689819,-0.00877192982456132,0.0,-0.09999999999999964,0.0,11.35,11.4,11.3,11.35,927.0,2464.0,6105.0,9877.0,False,False
2883,2022-10-25 11:27:03.347474,-0.00877192982456132,0.0,-0.09999999999999964,0.0,11.35,11.4,11.3,11.35,927.0,2465.0,6105.0,9877.0,False,False
2883,2022-10-25 11:27:03.680422,-0.00877192982456132,0.0,-0.09999999999999964,0.0,11.35,11.4,11.3,11.35,927.0,2464.0,6105.0,9877.0,False,False
2883,2022-10-25 11:27:04.406756,-0.00877192982456132,0.0,-0.09999999999999964,0.0,11.35,11.4,11.3,11.35,927.0,2463.0,6105.0,9877.0,False,False
2883,2022-10-25 11:27:04.422361,-0.00877192982456132,0.0,-0.09999999999999964,0.0,11.35,11.4,11.3,11.35,927.0,2463.0,6105.0,9877.0,False,False
2883,2022-10-25 11:27:04.584078,-0.00877192982456132,0.0,-0.09999999999999964,0.0,11.35,11.4,11.3,11.35,927.0,2463.0,6105.0,9877.0,False,False
2883,2022-10-25 11:27:06.668071,-0.00877192982456132,0.0,-0.09999999999999964,0.0,11.35,11.4,11.3,11.35,927.0,2463.0,6105.0,9877.0,False,False
2883,2022-10-25 11:27:06.668716,-0.00877192982456132,0.0,-0.09999999999999964,0.0,11.35,11.4,11.3,11.35,930.0,2463.0,6105.0,9877.0,False,False
2883,2022-10-25 11:27:11.137042,-0.00877192982456132,0.0,-0.09999999999999964,0.0,11.35,11.4,11.3,11.35,930.0,2463.0,6105.0,9877.0,True,True
2883,2022-10-25 11:27:11.470420,-0.00877192982456132,0.0,-0.09999999999999964,0.0,11.35,11.4,11.3,11.35,930.0,2463.0,6105.0,9877.0,False,False
2883,2022-10-25 11:27:13.739060,-0.00877192982456132,0.0,-0.09999999999999964,0.0,11.35,11.4,11.3,11.35,930.0,2463.0,6105.0,9877.0,False,False
2883,2022-10-25 11:27:16.184469,-0.00877192982456132,0.0,-0.09999999999999964,0.0,11.35,11.4,11.3,11.35,930.0,2463.0,6105.0,9877.0,False,False
2883,2022-10-25 11:27:16.751681,-0.00877192982456132,0.0,-0.09999999999999964,0.0,11.35,11.4,11.3,11.35,930.0,2463.0,6105.0,9877.0,False,False
2883,2022-10-25 11:27:17.579357,-0.00877192982456132,0.0,-0.09999999999999964,0.0,11.35,11.4,11.3,11.35,925.0,2463.0,6105.0,9877.0,False,False
2883,2022-10-25 11:27:18.141182,-0.00877192982456132,0.0,-0.09999999999999964,0.0,11.35,11.4,11.3,11.35,925.0,2463.0,6105.0,9877.0,False,False
2883,2022-10-25 11:27:18.163511,-0.00877192982456132,0.0,-0.09999999999999964,0.0,11.35,11.4,11.3,11.35,925.0,2463.0,6105.0,9877.0,False,False
2883,2022-10-25 11:27:18.662681,-0.00877192982456132,0.0,-0.09999999999999964,0.0,11.35,11.4,11.3,11.35,925.0,2463.0,6105.0,9877.0,False,False
2883,2022-10-25 11:27:20.836563,-0.00877192982456132,0.0,-0.09999999999999964,0.0,11.35,11.4,11.3,11.35,925.0,2463.0,6105.0,9877.0,False,False
2883,2022-10-25 11:27:21.172288,-0.00877192982456132,0.0,-0.09999999999999964,0.0,11.35,11.4,11.3,11.35,925.0,2463.0,6105.0,9877.0,True,True
2883,2022-10-25 11:27:22.691259,-0.00877192982456132,0.0,-0.09999999999999964,0.0,11.35,11.4,11.3,11.35,1002.0,2463.0,6105.0,9877.0,False,False
2883,2022-10-25 11:27:26.319791,-0.00877192982456132,0.0,-0.09999999999999964,0.0,11.35,11.4,11.3,11.35,1002.0,2463.0,6105.0,9877.0,False,False
2883,2022-10-25 11:27:27.700703,-0.00877192982456132,0.0,-0.09999999999999964,0.0,11.35,11.4,11.3,11.35,1002.0,2464.0,6105.0,9877.0,False,False
2883,2022-10-25 11:27:31.216753,-0.00877192982456132,0.0,-0.09999999999999964,0.0,11.35,11.4,11.3,11.35,1002.0,2464.0,6337.0,9809.0,True,True
2883,2022-10-25 11:27:32.065096,-0.00877192982456132,0.0,-0.09999999999999964,0.0,11.35,11.4,11.3,11.35,1002.0,2465.0,6337.0,9809.0,False,False
2883,2022-10-25 11:27:32.096751,-0.00877192982456132,0.0,-0.09999999999999964,0.0,11.35,11.4,11.3,11.35,921.0,2465.0,6337.0,9809.0,False,False
2883,2022-10-25 11:27:32.267129,-0.00877192982456132,0.0,-0.09999999999999964,0.0,11.35,11.4,11.3,11.35,921.0,2464.0,6337.0,9809.0,False,False
2883,2022-10-25 11:27:32.829903,-0.00877192982456132,0.0,-0.09999999999999964,0.0,11.35,11.4,11.3,11.35,942.0,2464.0,6337.0,9809.0,False,False
2883,2022-10-25 11:27:35.768325,-0.00877192982456132,0.0,-0.09999999999999964,0.0,11.35,11.4,11.3,11.35,942.0,2467.0,6337.0,9809.0,False,False
2883,2022-10-25 11:27:39.618482,-0.00877192982456132,0.0,-0.09999999999999964,0.0,11.35,11.4,11.3,11.35,942.0,2466.0,6337.0,9809.0,False,False
2883,2022-10-25 11:27:40.276305,-0.00877192982456132,0.0,-0.09999999999999964,0.0,11.35,11.4,11.3,11.35,862.0,2466.0,6337.0,9809.0,False,False
2883,2022-10-25 11:27:41.244818,-0.00877192982456132,0.0,-0.09999999999999964,0.0,11.35,11.4,11.3,11.35,862.0,2466.0,6437.0,9609.0,True,True
2883,2022-10-25 11:27:41.499420,-0.00877192982456132,0.0,-0.09999999999999964,0.0,11.35,11.4,11.3,11.35,862.0,2466.0,6437.0,9609.0,False,False
2883,2022-10-25 11:27:42.085209,-0.00877192982456132,0.0,-0.09999999999999964,0.0,11.35,11.4,11.3,11.35,863.0,2466.0,6437.0,9609.0,False,False
2883,2022-10-25 11:27:43.738309,-0.00877192982456132,0.0,-0.09999999999999964,0.0,11.35,11.4,11.3,11.35,885.0,2466.0,6437.0,9609.0,False,False
2883,2022-10-25 11:27:45.205586,-0.00877192982456132,0.0,-0.09999999999999964,0.0,11.35,11.4,11.3,11.35,896.0,2466.0,6437.0,9609.0,False,False
2883,2022-10-25 11:27:45.897875,-0.00877192982456132,0.0,-0.09999999999999964,0.0,11.35,11.4,11.3,11.35,896.0,2467.0,6437.0,9609.0,False,False
2883,2022-10-25 11:27:47.227994,-0.00877192982456132,0.0,-0.09999999999999964,0.0,11.35,11.4,11.3,11.35,896.0,2467.0,6437.0,9609.0,False,False
2883,2022-10-25 11:27:47.323086,-0.00877192982456132,0.0,-0.09999999999999964,0.0,11.35,11.4,11.3,11.35,896.0,2467.0,6437.0,9609.0,False,False
2883,2022-10-25 11:27:49.327623,-0.00877192982456132,0.0,-0.09999999999999964,0.0,11.35,11.4,11.3,11.35,896.0,2467.0,6437.0,9609.0,False,False
2883,2022-10-25 11:27:49.460251,-0.00877192982456132,0.0,-0.09999999999999964,0.0,11.35,11.4,11.3,11.35,896.0,2467.0,6437.0,9609.0,False,False
2883,2022-10-25 11:27:49.747012,-0.00877192982456132,0.0,-0.09999999999999964,0.0,11.35,11.4,11.3,11.35,896.0,2527.0,6437.0,9609.0,False,False
2883,2022-10-25 11:27:50.083621,-0.00877192982456132,0.0,-0.09999999999999964,0.0,11.35,11.4,11.3,11.35,896.0,2532.0,6437.0,9609.0,False,False
2883,2022-10-25 11:27:50.359883,-0.00877192982456132,0.0,-0.09999999999999964,0.0,11.35,11.4,11.3,11.35,896.0,2533.0,6437.0,9609.0,False,False
2883,2022-10-25 11:27:51.272897,-0.00877192982456132,0.0,-0.09999999999999964,0.0,11.35,11.4,11.3,11.35,896.0,2533.0,6405.0,9877.0,True,True
2883,2022-10-25 11:27:52.938953,-0.00877192982456132,0.0,-0.09999999999999964,0.0,11.35,11.4,11.3,11.35,896.0,2542.0,6405.0,9877.0,False,False
2883,2022-10-25 11:27:52.973141,-0.00877192982456132,0.0,-0.09999999999999964,0.0,11.35,11.4,11.3,11.35,901.0,2542.0,6405.0,9877.0,False,False
2883,2022-10-25 11:27:53.640483,-0.00877192982456132,0.0,-0.09999999999999964,0.0,11.35,11.4,11.3,11.35,921.0,2542.0,6405.0,9877.0,False,False
2883,2022-10-25 11:27:53.854529,-0.00877192982456132,0.0,-0.09999999999999964,0.0,11.35,11.4,11.3,11.35,921.0,2520.0,6405.0,9877.0,False,False
2883,2022-10-25 11:27:53.886895,-0.00877192982456132,0.0,-0.09999999999999964,0.0,11.35,11.4,11.3,11.35,922.0,2535.0,6405.0,9877.0,False,False
2883,2022-10-25 11:27:54.258203,-0.00877192982456132,0.0,-0.09999999999999964,0.0,11.35,11.4,11.3,11.35,921.0,2535.0,6405.0,9877.0,False,False
2883,2022-10-25 11:27:54.635785,-0.00877192982456132,0.0,-0.09999999999999964,0.0,11.35,11.4,11.3,11.35,921.0,2535.0,6405.0,9877.0,False,False
2883,2022-10-25 11:27:56.978959,-0.00877192982456132,0.0,-0.09999999999999964,0.0,11.35,11.4,11.3,11.35,921.0,2535.0,6405.0,9877.0,False,False
2883,2022-10-25 11:27:59.694474,-0.00877192982456132,0.0,-0.09999999999999964,0.0,11.35,11.4,11.3,11.35,921.0,2536.0,6405.0,9877.0,False,False
2883,2022-10-25 11:28:00.552832,-0.00877192982456132,0.0,-0.09999999999999964,0.0,11.35,11.4,11.3,11.35,921.0,2636.0,6405.0,9877.0,False,False
2883,2022-10-25 11:28:01.300975,-0.00877192982456132,0.0,-0.09999999999999964,0.0,11.35,11.4,11.3,11.35,921.0,2636.0,6437.0,9699.0,True,True
2883,2022-10-25 11:28:03.177113,-0.00877192982456132,0.0,-0.09999999999999964,0.0,11.35,11.4,11.3,11.35,921.0,2637.0,6437.0,9699.0,False,False
2883,2022-10-25 11:28:04.318500,-0.00877192982456132,0.0,-0.09999999999999964,0.0,11.35,11.4,11.3,11.35,921.0,2587.0,6437.0,9699.0,False,False
2883,2022-10-25 11:28:04.818362,-0.00877192982456132,0.0,-0.09999999999999964,0.0,11.35,11.4,11.3,11.35,921.0,2587.0,6437.0,9699.0,False,False
2883,2022-10-25 11:28:06.476199,-0.00877192982456132,0.0,-0.09999999999999964,0.0,11.35,11.4,11.3,11.35,921.0,2597.0,6437.0,9699.0,False,False
2883,2022-10-25 11:28:08.357199,-0.00877192982456132,0.0,-0.09999999999999964,0.0,11.35,11.4,11.3,11.35,942.0,2597.0,6437.0,9699.0,False,False
2883,2022-10-25 11:28:10.883399,-0.00877192982456132,0.0,-0.09999999999999964,0.0,11.35,11.4,11.3,11.35,943.0,2597.0,6437.0,9699.0,False,False
2883,2022-10-25 11:28:10.927460,-0.00877192982456132,0.0,-0.09999999999999964,0.0,11.35,11.4,11.3,11.35,943.0,2597.0,20763.0,10377.0,False,True
2883,2022-10-25 11:28:11.831089,-0.00877192982456132,0.0,-0.09999999999999964,0.0,11.35,11.4,11.3,11.35,942.0,2596.0,20763.0,10377.0,False,False
2883,2022-10-25 11:28:11.937453,-0.00877192982456132,0.0,-0.09999999999999964,0.0,11.35,11.4,11.3,11.35,942.0,2396.0,20763.0,10377.0,False,False
2883,2022-10-25 11:28:12.607861,-0.00877192982456132,0.0,-0.09999999999999964,0.0,11.35,11.4,11.3,11.35,942.0,2396.0,20763.0,10377.0,False,False
2883,2022-10-25 11:28:12.815734,-0.00877192982456132,0.0,-0.09999999999999964,0.0,11.35,11.4,11.3,11.35,942.0,2385.0,20763.0,10377.0,False,False
2883,2022-10-25 11:28:12.948938,-0.00877192982456132,0.0,-0.09999999999999964,0.0,11.35,11.4,11.3,11.35,942.0,2375.0,20763.0,10377.0,False,False
2883,2022-10-25 11:28:12.959097,-0.00877192982456132,0.0,-0.09999999999999964,0.0,11.35,11.4,11.3,11.35,942.0,2572.0,20763.0,10377.0,False,False
2883,2022-10-25 11:28:13.265226,-0.00877192982456132,0.0,-0.09999999999999964,0.0,11.35,11.4,11.3,11.35,942.0,2571.0,20763.0,10377.0,False,False
2883,2022-10-25 11:28:13.941050,-0.00877192982456132,0.0,-0.09999999999999964,0.0,11.35,11.4,11.3,11.35,942.0,2374.0,20763.0,10377.0,False,False
2883,2022-10-25 11:28:15.061601,-0.00877192982456132,0.0,-0.09999999999999964,0.0,11.35,11.4,11.3,11.35,942.0,2374.0,20763.0,10377.0,False,False
2883,2022-10-25 11:28:15.209845,-0.00877192982456132,0.0,-0.09999999999999964,0.0,11.35,11.4,11.3,11.35,942.0,2369.0,20763.0,10377.0,False,False
2883,2022-10-25 11:28:17.577429,-0.00877192982456132,0.0,-0.09999999999999964,0.0,11.35,11.4,11.3,11.35,941.0,2369.0,20763.0,10377.0,False,False
2883,2022-10-25 11:28:18.451685,-0.00877192982456132,0.0,-0.09999999999999964,0.0,11.35,11.4,11.3,11.35,941.0,2358.0,20763.0,10377.0,False,False
2883,2022-10-25 11:28:18.553447,-0.00877192982456132,0.0,-0.09999999999999964,0.0,11.35,11.4,11.3,11.35,941.0,2347.0,20763.0,10377.0,False,False
2883,2022-10-25 11:28:19.803787,-0.00877192982456132,0.0,-0.09999999999999964,0.0,11.35,11.4,11.3,11.35,941.0,2346.0,20763.0,10377.0,False,False
2883,2022-10-25 11:28:20.954046,-0.00877192982456132,0.0,-0.09999999999999964,0.0,11.35,11.4,11.3,11.35,941.0,2346.0,6637.0,10377.0,True,True
2883,2022-10-25 11:28:21.219777,-0.00877192982456132,0.0,-0.09999999999999964,0.0,11.35,11.4,11.3,11.35,941.0,2346.0,6637.0,10377.0,False,False
2883,2022-10-25 11:28:21.324141,-0.00877192982456132,0.0,-0.09999999999999964,0.0,11.35,11.4,11.3,11.35,941.0,2341.0,6637.0,10377.0,False,False
2883,2022-10-25 11:28:22.578574,-0.00877192982456132,0.0,-0.09999999999999964,0.0,11.35,11.4,11.3,11.35,961.0,2341.0,6637.0,10377.0,False,False
2883,2022-10-25 11:28:22.635378,-0.00877192982456132,0.0,-0.09999999999999964,0.0,11.35,11.4,11.3,11.35,961.0,2340.0,6637.0,10377.0,False,False
2883,2022-10-25 11:28:25.230208,-0.00877192982456132,0.0,-0.09999999999999964,0.0,11.35,11.4,11.3,11.35,961.0,2350.0,6637.0,10377.0,False,False
2883,2022-10-25 11:28:25.540826,-0.00877192982456132,0.0,-0.09999999999999964,0.0,11.35,11.4,11.3,11.35,971.0,2350.0,6637.0,10377.0,False,False
2883,2022-10-25 11:28:27.694434,-0.00877192982456132,0.0,-0.09999999999999964,0.0,11.35,11.4,11.3,11.35,971.0,2350.0,6637.0,10377.0,False,False
2883,2022-10-25 11:28:28.933570,-0.00877192982456132,0.0,-0.09999999999999964,0.0,11.35,11.4,11.3,11.35,971.0,2351.0,6637.0,10377.0,False,False
2883,2022-10-25 11:28:31.414448,-0.00877192982456132,0.0,-0.09999999999999964,0.0,11.35,11.4,11.3,11.35,972.0,2351.0,6637.0,10377.0,False,False
2883,2022-10-25 11:28:31.891406,-0.00877192982456132,0.0,-0.09999999999999964,0.0,11.35,11.4,11.3,11.35,973.0,2351.0,6637.0,10377.0,False,False
2883,2022-10-25 11:28:32.919482,-0.00877192982456132,0.0,-0.09999999999999964,0.0,11.35,11.4,11.3,11.35,995.0,2351.0,6637.0,10377.0,False,False
2883,2022-10-25 11:28:33.363419,-0.00877192982456132,0.0,-0.09999999999999964,0.0,11.35,11.4,11.3,11.35,995.0,2352.0,6637.0,10377.0,False,False
2883,2022-10-25 11:28:36.942005,-0.00877192982456132,0.0,-0.09999999999999964,0.0,11.35,11.4,11.3,11.35,996.0,2352.0,6637.0,10377.0,False,False
2883,2022-10-25 11:28:38.909174,-0.00877192982456132,0.0,-0.09999999999999964,0.0,11.35,11.4,11.3,11.35,996.0,2353.0,6637.0,10377.0,False,False
2883,2022-10-25 11:28:39.766555,-0.00877192982456132,0.0,-0.09999999999999964,0.0,11.35,11.4,11.3,11.35,996.0,2353.0,6637.0,10377.0,False,False
2883,2022-10-25 11:28:41.043422,-0.00877192982456132,0.0,-0.09999999999999964,0.0,11.35,11.4,11.3,11.35,996.0,2352.0,6637.0,10377.0,False,False
2883,2022-10-25 11:28:42.417254,-0.00877192982456132,0.0,-0.09999999999999964,0.0,11.35,11.4,11.3,11.35,997.0,2352.0,6637.0,10377.0,False,False
2883,2022-10-25 11:28:47.220905,-0.00877192982456132,0.0,-0.09999999999999964,0.0,11.35,11.4,11.3,11.35,997.0,2352.0,6637.0,10377.0,False,False
2883,2022-10-25 11:28:48.623735,-0.00877192982456132,0.0,-0.09999999999999964,0.0,11.35,11.4,11.3,11.35,997.0,2352.0,6637.0,10377.0,False,False
2883,2022-10-25 11:28:48.662194,-0.00877192982456132,0.0,-0.09999999999999964,0.0,11.35,11.4,11.3,11.35,1018.0,2352.0,6637.0,10377.0,False,False
2883,2022-10-25 11:28:48.808479,-0.00877192982456132,0.0,-0.09999999999999964,0.0,11.35,11.4,11.3,11.35,1019.0,2352.0,6637.0,10377.0,False,False
2883,2022-10-25 11:28:50.561390,-0.00877192982456132,0.0,-0.09999999999999964,0.0,11.35,11.4,11.3,11.35,1019.0,2355.0,6637.0,10377.0,False,False
2883,2022-10-25 11:28:52.875226,-0.00877192982456132,0.0,-0.09999999999999964,0.0,11.35,11.4,11.3,11.35,1019.0,2355.0,6637.0,10377.0,False,False
2883,2022-10-25 11:28:55.020085,-0.00877192982456132,0.0,-0.09999999999999964,0.0,11.35,11.4,11.3,11.35,1019.0,2354.0,6637.0,10377.0,False,False
2883,2022-10-25 11:28:55.102402,-0.00877192982456132,0.0,-0.09999999999999964,0.0,11.35,11.4,11.3,11.35,1019.0,2354.0,6637.0,10377.0,False,False
2883,2022-10-25 11:28:55.103509,-0.00877192982456132,0.0,-0.09999999999999964,0.0,11.35,11.4,11.3,11.35,1019.0,2350.0,6637.0,10377.0,False,False
2883,2022-10-25 11:28:55.472794,-0.00877192982456132,0.0,-0.09999999999999964,0.0,11.35,11.4,11.3,11.35,1019.0,2350.0,6637.0,10377.0,False,False
2883,2022-10-25 11:28:55.701135,-0.00877192982456132,0.0,-0.09999999999999964,0.0,11.35,11.4,11.3,11.35,1019.0,2351.0,6637.0,10377.0,False,False
2883,2022-10-25 11:28:56.296021,-0.00877192982456132,0.0,-0.09999999999999964,0.0,11.35,11.4,11.3,11.35,1019.0,2350.0,6637.0,10377.0,False,False
2883,2022-10-25 11:29:00.542037,-0.00877192982456132,0.0,-0.09999999999999964,0.0,11.35,11.4,11.3,11.35,1041.0,2350.0,6637.0,10377.0,False,False
2883,2022-10-25 11:29:00.611863,-0.00877192982456132,0.0,-0.09999999999999964,0.0,11.35,11.4,11.3,11.35,1041.0,2351.0,6637.0,10377.0,False,False
2883,2022-10-25 11:29:01.082598,-0.00877192982456132,0.0,-0.09999999999999964,0.0,11.35,11.4,11.3,11.35,1041.0,2351.0,6607.0,10377.0,True,True
2883,2022-10-25 11:29:02.902982,-0.00877192982456132,0.0,-0.09999999999999964,0.0,11.35,11.4,11.3,11.35,1041.0,2351.0,6607.0,10377.0,False,False
2883,2022-10-25 11:29:05.093784,-0.00877192982456132,0.0,-0.09999999999999964,0.0,11.35,11.4,11.3,11.35,1041.0,2349.0,6607.0,10377.0,False,False
2883,2022-10-25 11:29:08.339647,-0.00877192982456132,0.0,-0.09999999999999964,0.0,11.35,11.4,11.3,11.35,1042.0,2349.0,6607.0,10377.0,False,False
2883,2022-10-25 11:29:10.350572,-0.00877192982456132,0.0,-0.09999999999999964,0.0,11.35,11.4,11.3,11.35,1043.0,2349.0,6607.0,10377.0,False,False
2883,2022-10-25 11:29:11.074067,-0.00877192982456132,0.0,-0.09999999999999964,0.0,11.35,11.4,11.3,11.35,1043.0,2349.0,6607.0,10377.0,False,False
2883,2022-10-25 11:29:11.319731,-0.00877192982456132,0.0,-0.09999999999999964,0.0,11.35,11.4,11.3,11.35,1043.0,2348.0,6607.0,10377.0,False,False
2883,2022-10-25 11:29:11.744846,-0.00877192982456132,0.0,-0.09999999999999964,0.0,11.35,11.4,11.3,11.35,1044.0,2348.0,6607.0,10377.0,False,False
2883,2022-10-25 11:29:11.934898,-0.00877192982456132,0.0,-0.09999999999999964,0.0,11.35,11.4,11.3,11.35,1044.0,2348.0,6607.0,10377.0,False,False
2883,2022-10-25 11:29:13.735677,-0.00877192982456132,0.0,-0.09999999999999964,0.0,11.35,11.4,11.3,11.35,1044.0,2348.0,6607.0,10377.0,False,False
2883,2022-10-25 11:29:13.925339,-0.00877192982456132,0.0,-0.09999999999999964,0.0,11.35,11.4,11.3,11.35,1044.0,2545.0,6607.0,10377.0,False,False
2883,2022-10-25 11:29:14.098164,-0.00877192982456132,0.0,-0.09999999999999964,0.0,11.35,11.4,11.3,11.35,1044.0,2545.0,6607.0,10377.0,False,False
2883,2022-10-25 11:29:14.909668,-0.00877192982456132,0.0,-0.09999999999999964,0.0,11.35,11.4,11.3,11.35,1044.0,2348.0,6607.0,10377.0,False,False
2883,2022-10-25 11:29:15.106946,-0.00877192982456132,0.0,-0.09999999999999964,0.0,11.35,11.4,11.3,11.35,1065.0,2348.0,6607.0,10377.0,False,False
2883,2022-10-25 11:29:17.017048,-0.00877192982456132,0.0,-0.09999999999999964,0.0,11.35,11.4,11.3,11.35,1066.0,2348.0,6607.0,10377.0,False,False
2883,2022-10-25 11:29:17.357879,-0.00877192982456132,0.0,-0.09999999999999964,0.0,11.35,11.4,11.3,11.35,1066.0,2347.0,6607.0,10377.0,False,False
2883,2022-10-25 11:29:17.384787,-0.00877192982456132,0.0,-0.09999999999999964,0.0,11.35,11.4,11.3,11.35,1066.0,2346.0,6607.0,10377.0,False,False
2883,2022-10-25 11:29:19.657230,-0.00877192982456132,0.0,-0.09999999999999964,0.0,11.35,11.4,11.3,11.35,1066.0,2348.0,6607.0,10377.0,False,False
2883,2022-10-25 11:29:21.151079,-0.00877192982456132,0.0,-0.09999999999999964,0.0,11.35,11.4,11.3,11.35,1066.0,2348.0,6607.0,9877.0,True,True
2883,2022-10-25 11:29:23.576019,-0.00877192982456132,0.0,-0.09999999999999964,0.0,11.35,11.4,11.3,11.35,1066.0,2347.0,6607.0,9877.0,False,False
2883,2022-10-25 11:29:23.876316,-0.00877192982456132,0.0,-0.09999999999999964,0.0,11.35,11.4,11.3,11.35,1066.0,2351.0,6607.0,9877.0,False,False
2883,2022-10-25 11:29:26.073014,-0.00877192982456132,0.0,-0.09999999999999964,0.0,11.35,11.4,11.3,11.35,1087.0,2351.0,6607.0,9877.0,False,False
2883,2022-10-25 11:29:26.296867,-0.00877192982456132,0.0,-0.09999999999999964,0.0,11.35,11.4,11.3,11.35,1087.0,2351.0,6607.0,9877.0,False,False
2883,2022-10-25 11:29:30.783531,-0.00877192982456132,0.0,-0.09999999999999964,0.0,11.35,11.4,11.3,11.35,1087.0,2351.0,6607.0,9877.0,False,False
2883,2022-10-25 11:29:30.886068,-0.00877192982456132,0.0,-0.09999999999999964,0.0,11.35,11.4,11.3,11.35,1082.0,2351.0,6607.0,9877.0,False,False
2883,2022-10-25 11:29:31.179126,-0.00877192982456132,0.0,-0.09999999999999964,0.0,11.35,11.4,11.3,11.35,1082.0,2351.0,6813.0,9877.0,True,True
2883,2022-10-25 11:29:32.034082,-0.00877192982456132,0.0,-0.09999999999999964,0.0,11.35,11.4,11.3,11.35,1082.0,2356.0,6813.0,9877.0,False,False
2883,2022-10-25 11:29:35.915897,-0.00877192982456132,0.0,-0.09999999999999964,0.0,11.35,11.4,11.3,11.35,1102.0,2356.0,6813.0,9877.0,False,False
2883,2022-10-25 11:29:37.893589,-0.00877192982456132,0.0,-0.09999999999999964,0.0,11.35,11.4,11.3,11.35,1102.0,2356.0,6813.0,9877.0,False,False
2883,2022-10-25 11:29:41.207206,-0.00877192982456132,0.0,-0.09999999999999964,0.0,11.35,11.4,11.3,11.35,1102.0,2356.0,6813.0,9877.0,True,True
2883,2022-10-25 11:29:42.290648,-0.00877192982456132,0.0,-0.09999999999999964,0.0,11.35,11.4,11.3,11.35,1102.0,2356.0,6813.0,9877.0,False,False
2883,2022-10-25 11:29:46.736768,-0.00877192982456132,0.0,-0.09999999999999964,0.0,11.35,11.4,11.3,11.35,1102.0,2356.0,6813.0,9877.0,False,False
2883,2022-10-25 11:29:48.210442,-0.00877192982456132,0.0,-0.09999999999999964,0.0,11.35,11.4,11.3,11.35,1102.0,2358.0,6813.0,9877.0,False,False
2883,2022-10-25 11:29:51.754607,-0.00877192982456132,0.0,-0.09999999999999964,0.0,11.35,11.4,11.3,11.35,1103.0,2358.0,6813.0,9877.0,False,False
2883,2022-10-25 11:29:54.947163,-0.00877192982456132,0.0,-0.09999999999999964,0.0,11.35,11.4,11.3,11.35,1103.0,2555.0,6813.0,9877.0,False,False
2883,2022-10-25 11:29:57.627553,-0.00877192982456132,0.0,-0.09999999999999964,0.0,11.35,11.4,11.3,11.35,1103.0,2555.0,6813.0,9877.0,False,False
2883,2022-10-25 11:29:58.166471,-0.00877192982456132,0.0,-0.09999999999999964,0.0,11.35,11.4,11.3,11.35,1103.0,2557.0,6813.0,9877.0,False,False
2883,2022-10-25 11:29:59.099828,-0.00877192982456132,0.0,-0.09999999999999964,0.0,11.35,11.4,11.3,11.35,1121.0,2557.0,6813.0,9877.0,False,False
2883,2022-10-25 11:29:59.742702,-0.00877192982456132,0.0,-0.09999999999999964,0.0,11.35,11.4,11.3,11.35,1121.0,2558.0,6813.0,9877.0,False,False
2883,2022-10-25 11:30:01.353357,-0.00877192982456132,0.0,-0.09999999999999964,0.0,11.35,11.4,11.3,11.35,1121.0,2558.0,6813.0,9877.0,True,True
2883,2022-10-25 11:30:08.291665,-0.00877192982456132,0.0,-0.09999999999999964,0.0,11.35,11.4,11.3,11.35,1121.0,2558.0,6813.0,9877.0,False,False
2883,2022-10-25 11:30:10.631275,-0.00877192982456132,0.0,-0.09999999999999964,0.0,11.35,11.4,11.3,11.35,1123.0,2558.0,6813.0,9877.0,False,False
2883,2022-10-25 11:30:11.889351,-0.00877192982456132,0.0,-0.09999999999999964,0.0,11.35,11.4,11.3,11.35,1125.0,2558.0,6813.0,9877.0,False,False
2883,2022-10-25 11:30:12.456636,-0.00877192982456132,0.0,-0.09999999999999964,0.0,11.35,11.4,11.3,11.35,1148.0,2558.0,6813.0,9877.0,False,False
2883,2022-10-25 11:30:13.284447,-0.00877192982456132,0.0,-0.09999999999999964,0.0,11.35,11.4,11.3,11.35,1148.0,2548.0,6813.0,9877.0,False,False
2883,2022-10-25 11:30:13.551144,-0.00877192982456132,0.0,-0.09999999999999964,0.0,11.35,11.4,11.3,11.35,1148.0,2548.0,6813.0,9877.0,False,False
2883,2022-10-25 11:30:14.887494,-0.00877192982456132,0.0,-0.09999999999999964,0.0,11.35,11.4,11.3,11.35,1148.0,2548.0,6813.0,9877.0,False,False
2883,2022-10-25 11:30:15.313051,-0.00877192982456132,0.0,-0.09999999999999964,0.0,11.35,11.4,11.3,11.35,1148.0,2551.0,6813.0,9877.0,False,False
2883,2022-10-25 11:30:16.225107,-0.00877192982456132,0.0,-0.09999999999999964,0.0,11.35,11.4,11.3,11.35,1148.0,2581.0,6813.0,9877.0,False,False
2883,2022-10-25 11:30:17.184277,-0.00877192982456132,0.0,-0.09999999999999964,0.0,11.35,11.4,11.3,11.35,1148.0,2581.0,6813.0,9877.0,False,False
2883,2022-10-25 11:30:17.884077,-0.00877192982456132,0.0,-0.09999999999999964,0.0,11.35,11.4,11.3,11.35,1148.0,2581.0,6813.0,9877.0,False,False
2883,2022-10-25 11:30:18.353218,-0.00877192982456132,0.0,-0.09999999999999964,0.0,11.35,11.4,11.3,11.35,1148.0,2581.0,6813.0,9877.0,False,False
2883,2022-10-25 11:30:21.177980,-0.00877192982456132,0.0,-0.09999999999999964,0.0,11.35,11.4,11.3,11.35,1148.0,2582.0,6813.0,9877.0,False,False
2883,2022-10-25 11:30:21.495526,-0.00877192982456132,0.0,-0.09999999999999964,0.0,11.35,11.4,11.3,11.35,1148.0,2582.0,6819.0,9877.0,True,True
2883,2022-10-25 11:30:23.409075,-0.00877192982456132,0.0,-0.09999999999999964,0.0,11.35,11.4,11.3,11.35,1148.0,2583.0,6819.0,9877.0,False,False
2883,2022-10-25 11:30:24.038831,-0.00877192982456132,0.0,-0.09999999999999964,0.0,11.35,11.4,11.3,11.35,1148.0,2386.0,6819.0,9877.0,False,False
2883,2022-10-25 11:30:24.414402,-0.00877192982456132,0.0,-0.09999999999999964,0.0,11.35,11.4,11.3,11.35,1148.0,2383.0,6819.0,9877.0,False,False
2883,2022-10-25 11:30:25.443981,-0.00877192982456132,0.0,-0.09999999999999964,0.0,11.35,11.4,11.3,11.35,1153.0,2383.0,6819.0,9877.0,False,False
2883,2022-10-25 11:30:25.510587,-0.00877192982456132,0.0,-0.09999999999999964,0.0,11.35,11.4,11.3,11.35,1153.0,2372.0,6819.0,9877.0,False,False
2883,2022-10-25 11:30:25.651522,-0.00877192982456132,0.0,-0.09999999999999964,0.0,11.35,11.4,11.3,11.35,1153.0,2361.0,6819.0,9877.0,False,False
2883,2022-10-25 11:30:25.817442,-0.00877192982456132,0.0,-0.09999999999999964,0.0,11.35,11.4,11.3,11.35,1156.0,2361.0,6819.0,9877.0,False,False
2883,2022-10-25 11:30:25.835078,-0.00877192982456132,0.0,-0.09999999999999964,0.0,11.35,11.4,11.3,11.35,1158.0,2361.0,6819.0,9877.0,False,False
2883,2022-10-25 11:30:26.007401,-0.00877192982456132,0.0,-0.09999999999999964,0.0,11.35,11.4,11.3,11.35,1163.0,2361.0,6819.0,9877.0,False,False
2883,2022-10-25 11:30:26.041420,-0.00877192982456132,0.0,-0.09999999999999964,0.0,11.35,11.4,11.3,11.35,1249.0,2361.0,6819.0,9877.0,False,False
2883,2022-10-25 11:30:26.277061,-0.00877192982456132,0.0,-0.09999999999999964,0.0,11.35,11.4,11.3,11.35,1249.0,2364.0,6819.0,9877.0,False,False
2883,2022-10-25 11:30:27.010232,-0.00877192982456132,0.0,-0.09999999999999964,0.0,11.35,11.4,11.3,11.35,1260.0,2364.0,6819.0,9877.0,False,False
2883,2022-10-25 11:30:27.180311,-0.00877192982456132,0.0,-0.09999999999999964,0.0,11.35,11.4,11.3,11.35,1260.0,2353.0,6819.0,9877.0,False,False
2883,2022-10-25 11:30:27.288432,-0.00877192982456132,0.0,-0.09999999999999964,0.0,11.35,11.4,11.3,11.35,1260.0,2342.0,6819.0,9877.0,False,False
2883,2022-10-25 11:30:27.418677,-0.00877192982456132,0.0,-0.09999999999999964,0.0,11.35,11.4,11.3,11.35,1260.0,2342.0,6819.0,9877.0,False,False
2883,2022-10-25 11:30:29.208996,-0.00877192982456132,0.0,-0.09999999999999964,0.0,11.35,11.4,11.3,11.35,1260.0,2337.0,6819.0,9877.0,False,False
2883,2022-10-25 11:30:30.290834,-0.00877192982456132,0.0,-0.09999999999999964,0.0,11.35,11.4,11.3,11.35,1260.0,2341.0,6819.0,9877.0,False,False
2883,2022-10-25 11:30:31.544984,-0.00877192982456132,0.0,-0.09999999999999964,0.0,11.35,11.4,11.3,11.35,1260.0,2341.0,6843.0,9301.0,True,True
2883,2022-10-25 11:30:31.873062,-0.00877192982456132,0.0,-0.09999999999999964,0.0,11.35,11.4,11.3,11.35,1260.0,2342.0,6843.0,9301.0,False,False
2883,2022-10-25 11:30:33.560348,-0.00877192982456132,0.0,-0.09999999999999964,0.0,11.35,11.4,11.3,11.35,1260.0,2343.0,6843.0,9301.0,False,False
2883,2022-10-25 11:30:34.886205,-0.00877192982456132,0.0,-0.09999999999999964,0.0,11.35,11.4,11.3,11.35,1259.0,2343.0,6843.0,9301.0,False,False
2883,2022-10-25 11:30:34.917609,-0.00877192982456132,0.0,-0.09999999999999964,0.0,11.35,11.4,11.3,11.35,1259.0,1846.0,6843.0,9301.0,False,False
2883,2022-10-25 11:30:34.941083,-0.00877192982456132,0.0,-0.09999999999999964,0.0,11.35,11.4,11.3,11.35,1259.0,1347.0,6843.0,9301.0,False,False
2883,2022-10-25 11:30:34.941103,-0.00877192982456132,0.0,-0.09999999999999964,0.0,11.35,11.4,11.3,11.35,1259.0,848.0,6843.0,9301.0,False,False
2883,2022-10-25 11:30:34.941106,-0.00877192982456132,0.0,-0.09999999999999964,0.0,11.35,11.4,11.3,11.35,1259.0,499.0,6843.0,9301.0,False,False
2883,2022-10-25 11:30:34.941123,-0.013100436681222627,0.0,-0.14999999999999858,0.0,11.35,11.45,11.3,11.35,1259.0,1169.0,6843.0,9301.0,False,False
2883,2022-10-25 11:30:34.942378,-0.013100436681222627,0.004405286343612369,-0.14999999999999858,0.05000000000000071,11.4,11.45,11.3,11.35,499.0,1169.0,6843.0,9301.0,False,False
2883,2022-10-25 11:30:34.972026,-0.013100436681222627,0.004405286343612369,-0.14999999999999858,0.05000000000000071,11.4,11.45,11.3,11.35,996.0,1004.0,6843.0,9301.0,False,False
2883,2022-10-25 11:30:34.996387,-0.013100436681222627,0.004405286343612369,-0.14999999999999858,0.05000000000000071,11.4,11.45,11.3,11.35,1083.0,935.0,6843.0,9301.0,False,False
2883,2022-10-25 11:30:34.995918,-0.013100436681222627,0.004405286343612369,-0.14999999999999858,0.05000000000000071,11.4,11.45,11.3,11.35,1083.0,1005.0,6843.0,9301.0,False,False
2883,2022-10-25 11:30:35.118863,-0.013100436681222627,0.004405286343612369,-0.14999999999999858,0.05000000000000071,11.4,11.45,11.3,11.35,1247.0,933.0,6843.0,9301.0,False,False
2883,2022-10-25 11:30:35.238946,-0.013100436681222627,0.004405286343612369,-0.14999999999999858,0.05000000000000071,11.4,11.45,11.3,11.35,1329.0,933.0,6843.0,9301.0,False,False
2883,2022-10-25 11:30:35.286706,-0.013100436681222627,0.004405286343612369,-0.14999999999999858,0.05000000000000071,11.4,11.45,11.3,11.35,1335.0,933.0,6843.0,9301.0,False,False
2883,2022-10-25 11:30:35.421546,-0.013100436681222627,0.004405286343612369,-0.14999999999999858,0.05000000000000071,11.4,11.45,11.3,11.35,1334.0,933.0,6843.0,9301.0,False,False
2883,2022-10-25 11:30:35.612283,-0.013100436681222627,0.004405286343612369,-0.14999999999999858,0.05000000000000071,11.4,11.45,11.3,11.35,1334.0,933.0,6843.0,9301.0,False,False
2883,2022-10-25 11:30:35.623520,-0.013100436681222627,0.004405286343612369,-0.14999999999999858,0.05000000000000071,11.4,11.45,11.3,11.35,1376.0,933.0,6843.0,9301.0,False,False
2883,2022-10-25 11:30:35.722155,-0.013100436681222627,0.004405286343612369,-0.14999999999999858,0.05000000000000071,11.4,11.45,11.3,11.35,1386.0,933.0,6843.0,9301.0,False,False
2883,2022-10-25 11:30:35.800472,-0.013100436681222627,0.004405286343612369,-0.14999999999999858,0.05000000000000071,11.4,11.45,11.3,11.35,1409.0,933.0,6843.0,9301.0,False,False
2883,2022-10-25 11:30:35.946606,-0.013100436681222627,0.004405286343612369,-0.14999999999999858,0.05000000000000071,11.4,11.45,11.3,11.35,1649.0,933.0,6843.0,9301.0,False,False
2883,2022-10-25 11:30:36.060295,-0.013100436681222627,0.004405286343612369,-0.14999999999999858,0.05000000000000071,11.4,11.45,11.3,11.35,1649.0,932.0,6843.0,9301.0,False,False
2883,2022-10-25 11:30:36.191230,-0.013100436681222627,0.004405286343612369,-0.14999999999999858,0.05000000000000071,11.4,11.45,11.3,11.35,1145.0,932.0,6843.0,9301.0,False,False
2883,2022-10-25 11:30:36.281951,-0.013100436681222627,0.004405286343612369,-0.14999999999999858,0.05000000000000071,11.4,11.45,11.3,11.35,1284.0,932.0,6843.0,9301.0,False,False
2883,2022-10-25 11:30:36.702164,-0.013100436681222627,0.004405286343612369,-0.14999999999999858,0.05000000000000071,11.4,11.45,11.3,11.35,1284.0,932.0,6843.0,9301.0,False,False
2883,2022-10-25 11:30:36.754147,-0.013100436681222627,0.004405286343612369,-0.14999999999999858,0.05000000000000071,11.4,11.45,11.3,11.35,1284.0,932.0,6843.0,9301.0,False,False
2883,2022-10-25 11:30:37.083125,-0.013100436681222627,0.004405286343612369,-0.14999999999999858,0.05000000000000071,11.4,11.45,11.3,11.35,1279.0,932.0,6843.0,9301.0,False,False
2883,2022-10-25 11:30:37.107846,-0.013100436681222627,0.004405286343612369,-0.14999999999999858,0.05000000000000071,11.4,11.45,11.3,11.35,1277.0,932.0,6843.0,9301.0,False,False
2883,2022-10-25 11:30:37.214029,-0.013100436681222627,0.004405286343612369,-0.14999999999999858,0.05000000000000071,11.4,11.45,11.3,11.35,1283.0,932.0,6843.0,9301.0,False,False
2883,2022-10-25 11:30:37.224072,-0.013100436681222627,0.004405286343612369,-0.14999999999999858,0.05000000000000071,11.4,11.45,11.3,11.35,1286.0,932.0,6843.0,9301.0,False,False
2883,2022-10-25 11:30:38.076691,-0.013100436681222627,0.004405286343612369,-0.14999999999999858,0.05000000000000071,11.4,11.45,11.3,11.35,1286.0,1128.0,6843.0,9301.0,False,False
2883,2022-10-25 11:30:38.151869,-0.013100436681222627,0.004405286343612369,-0.14999999999999858,0.05000000000000071,11.4,11.45,11.3,11.35,1296.0,1128.0,6843.0,9301.0,False,False
2883,2022-10-25 11:30:38.487772,-0.013100436681222627,0.004405286343612369,-0.14999999999999858,0.05000000000000071,11.4,11.45,11.3,11.35,1297.0,1128.0,6843.0,9301.0,False,False
2883,2022-10-25 11:30:38.656478,-0.013100436681222627,0.004405286343612369,-0.14999999999999858,0.05000000000000071,11.4,11.45,11.3,11.35,1297.0,1136.0,6843.0,9301.0,False,False
2883,2022-10-25 11:30:39.538732,-0.013100436681222627,0.004405286343612369,-0.14999999999999858,0.05000000000000071,11.4,11.45,11.3,11.35,1297.0,1137.0,6843.0,9301.0,False,False
2883,2022-10-25 11:30:40.567765,-0.013100436681222627,0.004405286343612369,-0.14999999999999858,0.05000000000000071,11.4,11.45,11.3,11.35,802.0,1137.0,6843.0,9301.0,False,False
2883,2022-10-25 11:30:40.646479,-0.013100436681222627,0.004405286343612369,-0.14999999999999858,0.05000000000000071,11.4,11.45,11.3,11.35,823.0,1137.0,6843.0,9301.0,False,False
2883,2022-10-25 11:30:40.732637,-0.013100436681222627,0.004405286343612369,-0.14999999999999858,0.05000000000000071,11.4,11.45,11.3,11.35,917.0,1137.0,6843.0,9301.0,False,False
2883,2022-10-25 11:30:41.272802,-0.013100436681222627,0.004405286343612369,-0.14999999999999858,0.05000000000000071,11.4,11.45,11.3,11.35,906.0,1137.0,6843.0,9301.0,False,False
2883,2022-10-25 11:30:41.585562,-0.013100436681222627,0.004405286343612369,-0.14999999999999858,0.05000000000000071,11.4,11.45,11.3,11.35,906.0,1137.0,4843.0,4304.0,True,True
2883,2022-10-25 11:30:41.698309,-0.013100436681222627,0.004405286343612369,-0.14999999999999858,0.05000000000000071,11.4,11.45,11.3,11.35,907.0,1137.0,4843.0,4304.0,False,False
2883,2022-10-25 11:30:41.702116,-0.013100436681222627,0.004405286343612369,-0.14999999999999858,0.05000000000000071,11.4,11.45,11.3,11.35,908.0,1137.0,4843.0,4304.0,False,False
2883,2022-10-25 11:30:41.862824,-0.013100436681222627,0.004405286343612369,-0.14999999999999858,0.05000000000000071,11.4,11.45,11.3,11.35,908.0,1137.0,4843.0,4304.0,False,False
2883,2022-10-25 11:30:42.005868,-0.013100436681222627,0.004405286343612369,-0.14999999999999858,0.05000000000000071,11.4,11.45,11.3,11.35,910.0,1127.0,4843.0,4304.0,False,False
2883,2022-10-25 11:30:41.943219,-0.013100436681222627,0.004405286343612369,-0.14999999999999858,0.05000000000000071,11.4,11.45,11.3,11.35,910.0,1137.0,4843.0,4304.0,False,False
2883,2022-10-25 11:30:43.770376,-0.013100436681222627,0.004405286343612369,-0.14999999999999858,0.05000000000000071,11.4,11.45,11.3,11.35,910.0,1127.0,4843.0,4304.0,False,False
2883,2022-10-25 11:30:44.099385,-0.013100436681222627,0.004405286343612369,-0.14999999999999858,0.05000000000000071,11.4,11.45,11.3,11.35,920.0,1127.0,4843.0,4304.0,False,False
2883,2022-10-25 11:30:44.934382,-0.013100436681222627,0.004405286343612369,-0.14999999999999858,0.05000000000000071,11.4,11.45,11.3,11.35,921.0,1127.0,4843.0,4304.0,False,False
2883,2022-10-25 11:30:45.261137,-0.013100436681222627,0.004405286343612369,-0.14999999999999858,0.05000000000000071,11.4,11.45,11.3,11.35,921.0,1127.0,4843.0,4304.0,False,False
2883,2022-10-25 11:30:45.271471,-0.013100436681222627,0.004405286343612369,-0.14999999999999858,0.05000000000000071,11.4,11.45,11.3,11.35,920.0,1127.0,4843.0,4304.0,False,False
2883,2022-10-25 11:30:45.768774,-0.013100436681222627,0.004405286343612369,-0.14999999999999858,0.05000000000000071,11.4,11.45,11.3,11.35,921.0,1127.0,4843.0,4304.0,False,False
2883,2022-10-25 11:30:45.778083,-0.013100436681222627,0.004405286343612369,-0.14999999999999858,0.05000000000000071,11.4,11.45,11.3,11.35,921.0,1127.0,4843.0,4304.0,False,False
2883,2022-10-25 11:30:46.793829,-0.013100436681222627,0.004405286343612369,-0.14999999999999858,0.05000000000000071,11.4,11.45,11.3,11.35,921.0,1127.0,4843.0,4304.0,False,False
2883,2022-10-25 11:30:48.019944,-0.013100436681222627,0.004405286343612369,-0.14999999999999858,0.05000000000000071,11.4,11.45,11.3,11.35,921.0,1126.0,4843.0,4304.0,False,False
2883,2022-10-25 11:30:48.637958,-0.013100436681222627,0.004405286343612369,-0.14999999999999858,0.05000000000000071,11.4,11.45,11.3,11.35,921.0,1127.0,4843.0,4304.0,False,False
2883,2022-10-25 11:30:49.074504,-0.013100436681222627,0.004405286343612369,-0.14999999999999858,0.05000000000000071,11.4,11.45,11.3,11.35,921.0,1127.0,4843.0,4304.0,False,False
2883,2022-10-25 11:30:49.175982,-0.013100436681222627,0.004405286343612369,-0.14999999999999858,0.05000000000000071,11.4,11.45,11.3,11.35,922.0,1127.0,4843.0,4304.0,False,False
2883,2022-10-25 11:30:49.671527,-0.013100436681222627,0.004405286343612369,-0.14999999999999858,0.05000000000000071,11.4,11.45,11.3,11.35,946.0,1127.0,4843.0,4304.0,False,False
2883,2022-10-25 11:30:50.290786,-0.013100436681222627,0.004405286343612369,-0.14999999999999858,0.05000000000000071,11.4,11.45,11.3,11.35,946.0,1127.0,4843.0,4304.0,False,False
2883,2022-10-25 11:30:50.693138,-0.013100436681222627,0.004405286343612369,-0.14999999999999858,0.05000000000000071,11.4,11.45,11.3,11.35,946.0,1116.0,4843.0,4304.0,False,False
2883,2022-10-25 11:30:51.072511,-0.013100436681222627,0.004405286343612369,-0.14999999999999858,0.05000000000000071,11.4,11.45,11.3,11.35,946.0,920.0,4843.0,4304.0,False,False
2883,2022-10-25 11:30:51.322615,-0.013100436681222627,0.004405286343612369,-0.14999999999999858,0.05000000000000071,11.4,11.45,11.3,11.35,946.0,920.0,4843.0,4304.0,False,False
2883,2022-10-25 11:30:51.625361,-0.013100436681222627,0.004405286343612369,-0.14999999999999858,0.05000000000000071,11.4,11.45,11.3,11.35,946.0,920.0,4843.0,3504.0,True,True
2883,2022-10-25 11:30:51.829005,-0.013100436681222627,0.004405286343612369,-0.14999999999999858,0.05000000000000071,11.4,11.45,11.3,11.35,946.0,920.0,4843.0,3504.0,False,False
2883,2022-10-25 11:30:52.972265,-0.013100436681222627,0.004405286343612369,-0.14999999999999858,0.05000000000000071,11.4,11.45,11.3,11.35,954.0,920.0,4843.0,3504.0,False,False
2883,2022-10-25 11:30:53.252826,-0.013100436681222627,0.004405286343612369,-0.14999999999999858,0.05000000000000071,11.4,11.45,11.3,11.35,954.0,920.0,4843.0,3504.0,False,False
2883,2022-10-25 11:30:53.265400,-0.013100436681222627,0.004405286343612369,-0.14999999999999858,0.05000000000000071,11.4,11.45,11.3,11.35,954.0,920.0,4843.0,3504.0,False,False
2883,2022-10-25 11:30:53.548578,-0.013100436681222627,0.004405286343612369,-0.14999999999999858,0.05000000000000071,11.4,11.45,11.3,11.35,955.0,920.0,4843.0,3504.0,False,False
2883,2022-10-25 11:30:53.865958,-0.013100436681222627,0.004405286343612369,-0.14999999999999858,0.05000000000000071,11.4,11.45,11.3,11.35,955.0,920.0,4843.0,3504.0,False,False
2883,2022-10-25 11:30:53.871013,-0.013100436681222627,0.004405286343612369,-0.14999999999999858,0.05000000000000071,11.4,11.45,11.3,11.35,955.0,920.0,4843.0,3504.0,False,False
2883,2022-10-25 11:30:53.912995,-0.013100436681222627,0.004405286343612369,-0.14999999999999858,0.05000000000000071,11.4,11.45,11.3,11.35,972.0,920.0,4843.0,3504.0,False,False
2883,2022-10-25 11:30:54.165756,-0.013100436681222627,0.004405286343612369,-0.14999999999999858,0.05000000000000071,11.4,11.45,11.3,11.35,972.0,920.0,4843.0,3504.0,False,False
2883,2022-10-25 11:30:54.979758,-0.013100436681222627,0.004405286343612369,-0.14999999999999858,0.05000000000000071,11.4,11.45,11.3,11.35,972.0,920.0,4843.0,3504.0,False,False
2883,2022-10-25 11:30:55.611766,-0.013100436681222627,0.004405286343612369,-0.14999999999999858,0.05000000000000071,11.4,11.45,11.3,11.35,972.0,870.0,4843.0,3504.0,False,False
2883,2022-10-25 11:30:55.640333,-0.013100436681222627,0.004405286343612369,-0.14999999999999858,0.05000000000000071,11.4,11.45,11.3,11.35,887.0,870.0,4843.0,3504.0,False,False
2883,2022-10-25 11:30:55.705536,-0.013100436681222627,0.004405286343612369,-0.14999999999999858,0.05000000000000071,11.4,11.45,11.3,11.35,887.0,871.0,4843.0,3504.0,False,False
2883,2022-10-25 11:30:56.646272,-0.013100436681222627,0.004405286343612369,-0.14999999999999858,0.05000000000000071,11.4,11.45,11.3,11.35,887.0,871.0,4843.0,3504.0,False,False
2883,2022-10-25 11:30:57.086655,-0.013100436681222627,0.004405286343612369,-0.14999999999999858,0.05000000000000071,11.4,11.45,11.3,11.35,887.0,1069.0,4843.0,3504.0,False,False
2883,2022-10-25 11:30:58.039214,-0.013100436681222627,0.004405286343612369,-0.14999999999999858,0.05000000000000071,11.4,11.45,11.3,11.35,910.0,1069.0,4843.0,3504.0,False,False
2883,2022-10-25 11:30:58.187431,-0.013100436681222627,0.004405286343612369,-0.14999999999999858,0.05000000000000071,11.4,11.45,11.3,11.35,910.0,1069.0,4843.0,3504.0,False,False
2883,2022-10-25 11:30:59.978037,-0.013100436681222627,0.004405286343612369,-0.14999999999999858,0.05000000000000071,11.4,11.45,11.3,11.35,910.0,1069.0,4843.0,3504.0,False,False
2883,2022-10-25 11:31:00.071458,-0.013100436681222627,0.004405286343612369,-0.14999999999999858,0.05000000000000071,11.4,11.45,11.3,11.35,910.0,871.0,4843.0,3504.0,False,False
2883,2022-10-25 11:31:00.183243,-0.013100436681222627,0.004405286343612369,-0.14999999999999858,0.05000000000000071,11.4,11.45,11.3,11.35,910.0,872.0,4843.0,3504.0,False,False
2883,2022-10-25 11:31:00.452298,-0.013100436681222627,0.004405286343612369,-0.14999999999999858,0.05000000000000071,11.4,11.45,11.3,11.35,910.0,871.0,4843.0,3504.0,False,False
2883,2022-10-25 11:31:00.489597,-0.013100436681222627,0.004405286343612369,-0.14999999999999858,0.05000000000000071,11.4,11.45,11.3,11.35,910.0,866.0,4843.0,3504.0,False,False
2883,2022-10-25 11:31:01.091029,-0.013100436681222627,0.004405286343612369,-0.14999999999999858,0.05000000000000071,11.4,11.45,11.3,11.35,910.0,1064.0,4843.0,3504.0,False,False
2883,2022-10-25 11:31:01.286696,-0.013100436681222627,0.004405286343612369,-0.14999999999999858,0.05000000000000071,11.4,11.45,11.3,11.35,910.0,1065.0,4843.0,3504.0,False,False
2883,2022-10-25 11:31:01.374447,-0.013100436681222627,0.004405286343612369,-0.14999999999999858,0.05000000000000071,11.4,11.45,11.3,11.35,910.0,1065.0,4843.0,3504.0,False,False
2883,2022-10-25 11:31:01.422780,-0.013100436681222627,0.004405286343612369,-0.14999999999999858,0.05000000000000071,11.4,11.45,11.3,11.35,910.0,1066.0,4843.0,3504.0,False,False
2883,2022-10-25 11:31:01.556656,-0.013100436681222627,0.004405286343612369,-0.14999999999999858,0.05000000000000071,11.4,11.45,11.3,11.35,910.0,1066.0,4843.0,3504.0,False,False
2883,2022-10-25 11:31:01.662900,-0.013100436681222627,0.004405286343612369,-0.14999999999999858,0.05000000000000071,11.4,11.45,11.3,11.35,910.0,1066.0,5842.0,504.0,True,True
2883,2022-10-25 11:31:02.298468,-0.013100436681222627,0.004405286343612369,-0.14999999999999858,0.05000000000000071,11.4,11.45,11.3,11.35,910.0,1066.0,5842.0,504.0,False,False
2883,2022-10-25 11:31:02.417783,-0.013100436681222627,0.004405286343612369,-0.14999999999999858,0.05000000000000071,11.4,11.45,11.3,11.35,910.0,1066.0,5842.0,504.0,False,False
2883,2022-10-25 11:31:03.076922,-0.013100436681222627,0.004405286343612369,-0.14999999999999858,0.05000000000000071,11.4,11.45,11.3,11.35,910.0,1066.0,5842.0,504.0,False,False
2883,2022-10-25 11:31:03.385617,-0.013100436681222627,0.004405286343612369,-0.14999999999999858,0.05000000000000071,11.4,11.45,11.3,11.35,1084.0,1066.0,5842.0,504.0,False,False
2883,2022-10-25 11:31:03.816784,-0.013100436681222627,0.004405286343612369,-0.14999999999999858,0.05000000000000071,11.4,11.45,11.3,11.35,1084.0,1066.0,5842.0,504.0,False,False
2883,2022-10-25 11:31:03.863282,-0.013100436681222627,0.004405286343612369,-0.14999999999999858,0.05000000000000071,11.4,11.45,11.3,11.35,1084.0,1068.0,5842.0,504.0,False,False
2883,2022-10-25 11:31:04.890464,-0.013100436681222627,0.004405286343612369,-0.14999999999999858,0.05000000000000071,11.4,11.45,11.3,11.35,1084.0,1069.0,5842.0,504.0,False,False
2883,2022-10-25 11:31:04.990715,-0.013100436681222627,0.004405286343612369,-0.14999999999999858,0.05000000000000071,11.4,11.45,11.3,11.35,1083.0,1069.0,5842.0,504.0,False,False
2883,2022-10-25 11:31:05.256306,-0.013100436681222627,0.004405286343612369,-0.14999999999999858,0.05000000000000071,11.4,11.45,11.3,11.35,1095.0,1069.0,5842.0,504.0,False,False
2883,2022-10-25 11:31:05.496361,-0.013100436681222627,0.004405286343612369,-0.14999999999999858,0.05000000000000071,11.4,11.45,11.3,11.35,1095.0,1068.0,5842.0,504.0,False,False
2883,2022-10-25 11:31:05.660694,-0.013100436681222627,0.004405286343612369,-0.14999999999999858,0.05000000000000071,11.4,11.45,11.3,11.35,1120.0,1068.0,5842.0,504.0,False,False
2883,2022-10-25 11:31:06.244333,-0.013100436681222627,0.004405286343612369,-0.14999999999999858,0.05000000000000071,11.4,11.45,11.3,11.35,1120.0,1058.0,5842.0,504.0,False,False
2883,2022-10-25 11:31:06.364297,-0.013100436681222627,0.004405286343612369,-0.14999999999999858,0.05000000000000071,11.4,11.45,11.3,11.35,1120.0,1058.0,5842.0,504.0,False,False
2883,2022-10-25 11:31:06.879223,-0.013100436681222627,0.004405286343612369,-0.14999999999999858,0.05000000000000071,11.4,11.45,11.3,11.35,1120.0,1058.0,5842.0,504.0,False,False
2883,2022-10-25 11:31:07.186370,-0.013100436681222627,0.004405286343612369,-0.14999999999999858,0.05000000000000071,11.4,11.45,11.3,11.35,1120.0,1074.0,5842.0,504.0,False,False
2883,2022-10-25 11:31:07.732727,-0.013100436681222627,0.004405286343612369,-0.14999999999999858,0.05000000000000071,11.4,11.45,11.3,11.35,1120.0,1064.0,5842.0,504.0,False,False
2883,2022-10-25 11:31:07.819188,-0.013100436681222627,0.004405286343612369,-0.14999999999999858,0.05000000000000071,11.4,11.45,11.3,11.35,1120.0,1064.0,5842.0,504.0,False,False
2883,2022-10-25 11:31:08.078856,-0.013100436681222627,0.004405286343612369,-0.14999999999999858,0.05000000000000071,11.4,11.45,11.3,11.35,1121.0,1064.0,5842.0,504.0,False,False
2883,2022-10-25 11:31:08.245618,-0.013100436681222627,0.004405286343612369,-0.14999999999999858,0.05000000000000071,11.4,11.45,11.3,11.35,1121.0,1066.0,5842.0,504.0,False,False
2883,2022-10-25 11:31:08.439316,-0.013100436681222627,0.004405286343612369,-0.14999999999999858,0.05000000000000071,11.4,11.45,11.3,11.35,1121.0,1067.0,5842.0,504.0,False,False
2883,2022-10-25 11:31:08.918153,-0.013100436681222627,0.004405286343612369,-0.14999999999999858,0.05000000000000071,11.4,11.45,11.3,11.35,1121.0,1067.0,5842.0,504.0,False,False
2883,2022-10-25 11:31:08.922516,-0.013100436681222627,0.004405286343612369,-0.14999999999999858,0.05000000000000071,11.4,11.45,11.3,11.35,1121.0,1000.0,5842.0,504.0,False,False
2883,2022-10-25 11:31:08.928636,-0.013100436681222627,0.004405286343612369,-0.14999999999999858,0.05000000000000071,11.4,11.45,11.3,11.35,1160.0,1000.0,5842.0,504.0,False,False
2883,2022-10-25 11:31:10.073797,-0.013100436681222627,0.004405286343612369,-0.14999999999999858,0.05000000000000071,11.4,11.45,11.3,11.35,1160.0,802.0,5842.0,504.0,False,False
2883,2022-10-25 11:31:10.100011,-0.013100436681222627,0.004405286343612369,-0.14999999999999858,0.05000000000000071,11.4,11.45,11.3,11.35,1172.0,802.0,5842.0,504.0,False,False
2883,2022-10-25 11:31:10.371293,-0.013100436681222627,0.004405286343612369,-0.14999999999999858,0.05000000000000071,11.4,11.45,11.3,11.35,998.0,802.0,5842.0,504.0,False,False
2883,2022-10-25 11:31:10.590957,-0.013100436681222627,0.004405286343612369,-0.14999999999999858,0.05000000000000071,11.4,11.45,11.3,11.35,998.0,803.0,5842.0,504.0,False,False
2883,2022-10-25 11:31:10.678359,-0.013100436681222627,0.004405286343612369,-0.14999999999999858,0.05000000000000071,11.4,11.45,11.3,11.35,998.0,803.0,5842.0,504.0,False,False
2883,2022-10-25 11:31:11.096327,-0.008733624454148492,0.0,-0.09999999999999964,0.0,11.4,11.45,11.35,11.4,998.0,803.0,10412.0,6907.0,False,True
2883,2022-10-25 11:31:11.096939,-0.008733624454148492,0.0,-0.09999999999999964,0.0,11.4,11.45,11.35,11.4,998.0,1001.0,10412.0,6907.0,False,False
2883,2022-10-25 11:31:11.232238,-0.008733624454148492,0.0,-0.09999999999999964,0.0,11.4,11.45,11.35,11.4,996.0,1001.0,10412.0,6907.0,False,False
2883,2022-10-25 11:31:11.294387,-0.008733624454148492,0.0,-0.09999999999999964,0.0,11.4,11.45,11.35,11.4,984.0,1001.0,10412.0,6907.0,False,False
2883,2022-10-25 11:31:11.895685,-0.008733624454148492,0.0,-0.09999999999999964,0.0,11.4,11.45,11.35,11.4,984.0,1000.0,10412.0,6907.0,False,False
2883,2022-10-25 11:31:12.076818,-0.008733624454148492,0.0,-0.09999999999999964,0.0,11.4,11.45,11.35,11.4,984.0,1001.0,10412.0,6907.0,False,False
2883,2022-10-25 11:31:12.294504,-0.008733624454148492,0.0,-0.09999999999999964,0.0,11.4,11.45,11.35,11.4,984.0,1000.0,10412.0,6907.0,False,False
2883,2022-10-25 11:31:12.992708,-0.008733624454148492,0.0,-0.09999999999999964,0.0,11.4,11.45,11.35,11.4,984.0,1000.0,10412.0,6907.0,False,False
2883,2022-10-25 11:31:14.121004,-0.008733624454148492,0.0,-0.09999999999999964,0.0,11.4,11.45,11.35,11.4,984.0,1000.0,10412.0,6907.0,False,False
2883,2022-10-25 11:31:14.512931,-0.008733624454148492,0.0,-0.09999999999999964,0.0,11.4,11.45,11.35,11.4,984.0,1000.0,10412.0,6907.0,False,False
2883,2022-10-25 11:31:14.809331,-0.008733624454148492,0.0,-0.09999999999999964,0.0,11.4,11.45,11.35,11.4,1038.0,1000.0,10412.0,6907.0,False,False
2883,2022-10-25 11:31:15.162538,-0.008733624454148492,0.0,-0.09999999999999964,0.0,11.4,11.45,11.35,11.4,1038.0,983.0,10412.0,6907.0,False,False
2883,2022-10-25 11:31:15.554502,-0.008733624454148492,0.0,-0.09999999999999964,0.0,11.4,11.45,11.35,11.4,1060.0,983.0,10412.0,6907.0,False,False
2883,2022-10-25 11:31:15.571703,-0.008733624454148492,0.0,-0.09999999999999964,0.0,11.4,11.45,11.35,11.4,1060.0,1003.0,10412.0,6907.0,False,False
2883,2022-10-25 11:31:15.665710,-0.008733624454148492,0.0,-0.09999999999999964,0.0,11.4,11.45,11.35,11.4,1060.0,1003.0,10412.0,6907.0,False,False
2883,2022-10-25 11:31:16.339725,-0.008733624454148492,0.0,-0.09999999999999964,0.0,11.4,11.45,11.35,11.4,1133.0,1003.0,10412.0,6907.0,False,False
2883,2022-10-25 11:31:16.495926,-0.008733624454148492,0.0,-0.09999999999999964,0.0,11.4,11.45,11.35,11.4,1133.0,1003.0,10412.0,6907.0,False,False
2883,2022-10-25 11:31:17.239475,-0.008733624454148492,0.0,-0.09999999999999964,0.0,11.4,11.45,11.35,11.4,1133.0,1001.0,10412.0,6907.0,False,False
2883,2022-10-25 11:31:18.384359,-0.008733624454148492,0.0,-0.09999999999999964,0.0,11.4,11.45,11.35,11.4,1133.0,1001.0,10412.0,6907.0,False,False
2883,2022-10-25 11:31:19.469749,-0.008733624454148492,0.0,-0.09999999999999964,0.0,11.4,11.45,11.35,11.4,1083.0,1001.0,10412.0,6907.0,False,False
2883,2022-10-25 11:31:19.488069,-0.008733624454148492,0.0,-0.09999999999999964,0.0,11.4,11.45,11.35,11.4,1083.0,999.0,10412.0,6907.0,False,False
2883,2022-10-25 11:31:19.549443,-0.008733624454148492,0.0,-0.09999999999999964,0.0,11.4,11.45,11.35,11.4,1083.0,999.0,10412.0,6907.0,False,False
2883,2022-10-25 11:31:19.825481,-0.008733624454148492,0.0,-0.09999999999999964,0.0,11.4,11.45,11.35,11.4,1083.0,1004.0,10412.0,6907.0,False,False
2883,2022-10-25 11:31:20.490061,-0.008733624454148492,0.0,-0.09999999999999964,0.0,11.4,11.45,11.35,11.4,1083.0,1004.0,10412.0,6907.0,False,False
2883,2022-10-25 11:31:20.948142,-0.008733624454148492,0.0,-0.09999999999999964,0.0,11.4,11.45,11.35,11.4,1083.0,1007.0,10412.0,6907.0,False,False
2883,2022-10-25 11:31:21.136861,-0.008733624454148492,0.0,-0.09999999999999964,0.0,11.4,11.45,11.35,11.4,1083.0,1007.0,5097.0,6907.0,True,True
2883,2022-10-25 11:31:21.374827,-0.008733624454148492,0.0,-0.09999999999999964,0.0,11.4,11.45,11.35,11.4,1083.0,1009.0,5097.0,6907.0,False,False
2883,2022-10-25 11:31:21.785418,-0.008733624454148492,0.0,-0.09999999999999964,0.0,11.4,11.45,11.35,11.4,1083.0,1009.0,5097.0,6907.0,False,False
2883,2022-10-25 11:31:22.129028,-0.008733624454148492,0.0,-0.09999999999999964,0.0,11.4,11.45,11.35,11.4,1085.0,1009.0,5097.0,6907.0,False,False
2883,2022-10-25 11:31:22.308100,-0.008733624454148492,0.0,-0.09999999999999964,0.0,11.4,11.45,11.35,11.4,1085.0,1007.0,5097.0,6907.0,False,False
2883,2022-10-25 11:31:22.330961,-0.008733624454148492,0.0,-0.09999999999999964,0.0,11.4,11.45,11.35,11.4,1085.0,1057.0,5097.0,6907.0,False,False
2883,2022-10-25 11:31:22.768038,-0.008733624454148492,0.0,-0.09999999999999964,0.0,11.4,11.45,11.35,11.4,1109.0,1057.0,5097.0,6907.0,False,False
2883,2022-10-25 11:31:23.150846,-0.008733624454148492,0.0,-0.09999999999999964,0.0,11.4,11.45,11.35,11.4,1109.0,1057.0,5097.0,6907.0,False,False
2883,2022-10-25 11:31:23.506114,-0.008733624454148492,0.0,-0.09999999999999964,0.0,11.4,11.45,11.35,11.4,1109.0,1059.0,5097.0,6907.0,False,False
2883,2022-10-25 11:31:24.028945,-0.008733624454148492,0.0,-0.09999999999999964,0.0,11.4,11.45,11.35,11.4,1110.0,1059.0,5097.0,6907.0,False,False
2883,2022-10-25 11:31:24.915883,-0.008733624454148492,0.0,-0.09999999999999964,0.0,11.4,11.45,11.35,11.4,1110.0,1019.0,5097.0,6907.0,False,False
2883,2022-10-25 11:31:24.989196,-0.008733624454148492,0.0,-0.09999999999999964,0.0,11.4,11.45,11.35,11.4,1110.0,1019.0,5097.0,6907.0,False,False
2883,2022-10-25 11:31:25.657801,-0.008733624454148492,0.0,-0.09999999999999964,0.0,11.4,11.45,11.35,11.4,1110.0,1009.0,5097.0,6907.0,False,False
2883,2022-10-25 11:31:25.863089,-0.008733624454148492,0.0,-0.09999999999999964,0.0,11.4,11.45,11.35,11.4,1110.0,1011.0,5097.0,6907.0,False,False
2883,2022-10-25 11:31:26.143357,-0.008733624454148492,0.0,-0.09999999999999964,0.0,11.4,11.45,11.35,11.4,1110.0,1013.0,5097.0,6907.0,False,False
2883,2022-10-25 11:31:26.159667,-0.008733624454148492,0.0,-0.09999999999999964,0.0,11.4,11.45,11.35,11.4,1110.0,1013.0,5097.0,6907.0,False,False
2883,2022-10-25 11:31:26.596319,-0.008733624454148492,0.0,-0.09999999999999964,0.0,11.4,11.45,11.35,11.4,1110.0,1014.0,5097.0,6907.0,False,False
2883,2022-10-25 11:31:26.919362,-0.008733624454148492,0.0,-0.09999999999999964,0.0,11.4,11.45,11.35,11.4,1110.0,1014.0,5097.0,6907.0,False,False
2883,2022-10-25 11:31:27.485768,-0.008733624454148492,0.0,-0.09999999999999964,0.0,11.4,11.45,11.35,11.4,1110.0,1014.0,5097.0,6907.0,False,False
2883,2022-10-25 11:31:29.344825,-0.008733624454148492,0.0,-0.09999999999999964,0.0,11.4,11.45,11.35,11.4,1110.0,1014.0,5097.0,6907.0,False,False
2883,2022-10-25 11:31:29.417439,-0.008733624454148492,0.0,-0.09999999999999964,0.0,11.4,11.45,11.35,11.4,1110.0,1014.0,5097.0,6907.0,False,False
2883,2022-10-25 11:31:29.559118,-0.008733624454148492,0.0,-0.09999999999999964,0.0,11.4,11.45,11.35,11.4,1110.0,1017.0,5097.0,6907.0,False,False
2883,2022-10-25 11:31:30.481420,-0.008733624454148492,0.0,-0.09999999999999964,0.0,11.4,11.45,11.35,11.4,1135.0,1017.0,5097.0,6907.0,False,False
2883,2022-10-25 11:31:30.977635,-0.008733624454148492,0.0,-0.09999999999999964,0.0,11.4,11.45,11.35,11.4,1127.0,1017.0,5097.0,6907.0,False,False
2883,2022-10-25 11:31:31.238417,-0.008733624454148492,0.0,-0.09999999999999964,0.0,11.4,11.45,11.35,11.4,1127.0,1017.0,5097.0,6907.0,False,False
2883,2022-10-25 11:31:31.962354,-0.008733624454148492,0.0,-0.09999999999999964,0.0,11.4,11.45,11.35,11.4,1127.0,1017.0,5097.0,6907.0,False,False
2883,2022-10-25 11:31:33.008464,-0.008733624454148492,0.0,-0.09999999999999964,0.0,11.4,11.45,11.35,11.4,1127.0,1019.0,5097.0,6907.0,False,False
2883,2022-10-25 11:31:33.051822,-0.008733624454148492,0.0,-0.09999999999999964,0.0,11.4,11.45,11.35,11.4,1127.0,1019.0,5097.0,6907.0,False,False
2883,2022-10-25 11:31:33.237964,-0.008733624454148492,0.0,-0.09999999999999964,0.0,11.4,11.45,11.35,11.4,1127.0,1019.0,5097.0,6907.0,False,False
2883,2022-10-25 11:31:33.349387,-0.008733624454148492,0.0,-0.09999999999999964,0.0,11.4,11.45,11.35,11.4,1127.0,1020.0,5097.0,6907.0,False,False
2883,2022-10-25 11:31:33.874048,-0.008733624454148492,0.0,-0.09999999999999964,0.0,11.4,11.45,11.35,11.4,1127.0,1021.0,5097.0,6907.0,False,False
2883,2022-10-25 11:31:34.401678,-0.008733624454148492,0.0,-0.09999999999999964,0.0,11.4,11.45,11.35,11.4,1127.0,1044.0,5097.0,6907.0,False,False
2883,2022-10-25 11:31:34.558375,-0.008733624454148492,0.0,-0.09999999999999964,0.0,11.4,11.45,11.35,11.4,1127.0,1044.0,5097.0,6907.0,False,False
2883,2022-10-25 11:31:34.618627,-0.008733624454148492,0.0,-0.09999999999999964,0.0,11.4,11.45,11.35,11.4,1127.0,1054.0,5097.0,6907.0,False,False
2883,2022-10-25 11:31:34.691731,-0.008733624454148492,0.0,-0.09999999999999964,0.0,11.4,11.45,11.35,11.4,1127.0,1055.0,5097.0,6907.0,False,False
2883,2022-10-25 11:31:34.879619,-0.008733624454148492,0.0,-0.09999999999999964,0.0,11.4,11.45,11.35,11.4,1127.0,1056.0,5097.0,6907.0,False,False
2883,2022-10-25 11:31:35.175044,-0.008733624454148492,0.0,-0.09999999999999964,0.0,11.4,11.45,11.35,11.4,1127.0,1056.0,5097.0,6907.0,False,False
2883,2022-10-25 11:31:35.230431,-0.008733624454148492,0.0,-0.09999999999999964,0.0,11.4,11.45,11.35,11.4,1127.0,1060.0,5097.0,6907.0,False,False
2883,2022-10-25 11:31:35.288089,-0.008733624454148492,0.0,-0.09999999999999964,0.0,11.4,11.45,11.35,11.4,1127.0,1058.0,5097.0,6907.0,False,False
2883,2022-10-25 11:31:36.025658,-0.008733624454148492,0.0,-0.09999999999999964,0.0,11.4,11.45,11.35,11.4,1127.0,1058.0,5097.0,6907.0,False,False
2883,2022-10-25 11:31:36.174710,-0.008733624454148492,0.0,-0.09999999999999964,0.0,11.4,11.45,11.35,11.4,1127.0,1057.0,5097.0,6907.0,False,False
2883,2022-10-25 11:31:36.329836,-0.008733624454148492,0.0,-0.09999999999999964,0.0,11.4,11.45,11.35,11.4,1127.0,1057.0,5097.0,6907.0,False,False
2883,2022-10-25 11:31:37.318206,-0.008733624454148492,0.0,-0.09999999999999964,0.0,11.4,11.45,11.35,11.4,1127.0,1047.0,5097.0,6907.0,False,False
2883,2022-10-25 11:31:37.685814,-0.008733624454148492,0.0,-0.09999999999999964,0.0,11.4,11.45,11.35,11.4,1127.0,1047.0,5097.0,6907.0,False,False
2883,2022-10-25 11:31:39.476504,-0.008733624454148492,0.0,-0.09999999999999964,0.0,11.4,11.45,11.35,11.4,1127.0,1044.0,5097.0,6907.0,False,False
2883,2022-10-25 11:31:40.000612,-0.008733624454148492,0.0,-0.09999999999999964,0.0,11.4,11.45,11.35,11.4,1127.0,1044.0,5097.0,6907.0,False,False
2883,2022-10-25 11:31:40.133499,-0.008733624454148492,0.0,-0.09999999999999964,0.0,11.4,11.45,11.35,11.4,1127.0,1047.0,5097.0,6907.0,False,False
2883,2022-10-25 11:31:40.808391,-0.008733624454148492,0.0,-0.09999999999999964,0.0,11.4,11.45,11.35,11.4,1127.0,1046.0,5097.0,6907.0,False,False
2883,2022-10-25 11:31:40.824045,-0.008733624454148492,0.0,-0.09999999999999964,0.0,11.4,11.45,11.35,11.4,1127.0,1046.0,5097.0,6907.0,False,False
2883,2022-10-25 11:31:41.214449,-0.008733624454148492,0.0,-0.09999999999999964,0.0,11.4,11.45,11.35,11.4,1127.0,1046.0,5097.0,6907.0,True,True
2883,2022-10-25 11:31:41.240788,-0.008733624454148492,0.0,-0.09999999999999964,0.0,11.4,11.45,11.35,11.4,1127.0,1046.0,5097.0,6907.0,False,False
2883,2022-10-25 11:31:41.379468,-0.008733624454148492,0.0,-0.09999999999999964,0.0,11.4,11.45,11.35,11.4,1127.0,1046.0,5097.0,6907.0,False,False
2883,2022-10-25 11:31:41.420450,-0.008733624454148492,0.0,-0.09999999999999964,0.0,11.4,11.45,11.35,11.4,1127.0,1046.0,5097.0,6907.0,False,False
2883,2022-10-25 11:31:41.567575,-0.008733624454148492,0.0,-0.09999999999999964,0.0,11.4,11.45,11.35,11.4,1127.0,1048.0,5097.0,6907.0,False,False
2883,2022-10-25 11:31:41.569230,-0.008733624454148492,0.0,-0.09999999999999964,0.0,11.4,11.45,11.35,11.4,1127.0,1048.0,5097.0,6907.0,False,False
2883,2022-10-25 11:31:42.154917,-0.008733624454148492,0.0,-0.09999999999999964,0.0,11.4,11.45,11.35,11.4,1127.0,1048.0,5097.0,6907.0,False,False
2883,2022-10-25 11:31:43.251491,-0.008733624454148492,0.0,-0.09999999999999964,0.0,11.4,11.45,11.35,11.4,1151.0,1048.0,5097.0,6907.0,False,False
2883,2022-10-25 11:31:43.818441,-0.008733624454148492,0.0,-0.09999999999999964,0.0,11.4,11.45,11.35,11.4,1151.0,1048.0,5097.0,6907.0,False,False
2883,2022-10-25 11:31:43.961425,-0.008733624454148492,0.0,-0.09999999999999964,0.0,11.4,11.45,11.35,11.4,1151.0,1048.0,5097.0,6907.0,False,False
2883,2022-10-25 11:31:44.372951,-0.008733624454148492,0.0,-0.09999999999999964,0.0,11.4,11.45,11.35,11.4,1151.0,1026.0,5097.0,6907.0,False,False
2883,2022-10-25 11:31:45.507521,-0.008733624454148492,0.0,-0.09999999999999964,0.0,11.4,11.45,11.35,11.4,1151.0,1026.0,5097.0,6907.0,False,False
2883,2022-10-25 11:31:46.044022,-0.008733624454148492,0.0,-0.09999999999999964,0.0,11.4,11.45,11.35,11.4,1151.0,1016.0,5097.0,6907.0,False,False
2883,2022-10-25 11:31:46.215888,-0.008733624454148492,0.0,-0.09999999999999964,0.0,11.4,11.45,11.35,11.4,1151.0,1015.0,5097.0,6907.0,False,False
2883,2022-10-25 11:31:48.434610,-0.008733624454148492,0.0,-0.09999999999999964,0.0,11.4,11.45,11.35,11.4,1151.0,1015.0,5097.0,6907.0,False,False
2883,2022-10-25 11:31:48.514936,-0.008733624454148492,0.0,-0.09999999999999964,0.0,11.4,11.45,11.35,11.4,1161.0,1015.0,5097.0,6907.0,False,False
2883,2022-10-25 11:31:48.624734,-0.008733624454148492,0.0,-0.09999999999999964,0.0,11.4,11.45,11.35,11.4,1161.0,1015.0,5097.0,6907.0,False,False
2883,2022-10-25 11:31:48.994038,-0.008733624454148492,0.0,-0.09999999999999964,0.0,11.4,11.45,11.35,11.4,1161.0,1015.0,5097.0,6907.0,False,False
2883,2022-10-25 11:31:50.581018,-0.008733624454148492,0.0,-0.09999999999999964,0.0,11.4,11.45,11.35,11.4,1161.0,1015.0,5097.0,6907.0,False,False
2883,2022-10-25 11:31:51.251599,-0.008733624454148492,0.0,-0.09999999999999964,0.0,11.4,11.45,11.35,11.4,1161.0,1015.0,5097.0,6847.0,True,True
2883,2022-10-25 11:31:51.325315,-0.008733624454148492,0.0,-0.09999999999999964,0.0,11.4,11.45,11.35,11.4,1161.0,1015.0,5097.0,6847.0,False,False
2883,2022-10-25 11:31:51.668332,-0.008733624454148492,0.0,-0.09999999999999964,0.0,11.4,11.45,11.35,11.4,1161.0,1015.0,5097.0,6847.0,False,False
2883,2022-10-25 11:31:51.882358,-0.008733624454148492,0.0,-0.09999999999999964,0.0,11.4,11.45,11.35,11.4,1161.0,1005.0,5097.0,6847.0,False,False
2883,2022-10-25 11:31:52.137666,-0.008733624454148492,0.0,-0.09999999999999964,0.0,11.4,11.45,11.35,11.4,1161.0,1005.0,5097.0,6847.0,False,False
2883,2022-10-25 11:31:52.533711,-0.008733624454148492,0.0,-0.09999999999999964,0.0,11.4,11.45,11.35,11.4,1161.0,1005.0,5097.0,6847.0,False,False
2883,2022-10-25 11:31:52.621435,-0.008733624454148492,0.0,-0.09999999999999964,0.0,11.4,11.45,11.35,11.4,1161.0,1004.0,5097.0,6847.0,False,False
2883,2022-10-25 11:31:53.004818,-0.008733624454148492,0.0,-0.09999999999999964,0.0,11.4,11.45,11.35,11.4,1162.0,1004.0,5097.0,6847.0,False,False
2883,2022-10-25 11:31:53.747306,-0.008733624454148492,0.0,-0.09999999999999964,0.0,11.4,11.45,11.35,11.4,1187.0,1004.0,5097.0,6847.0,False,False
2883,2022-10-25 11:31:54.070966,-0.008733624454148492,0.0,-0.09999999999999964,0.0,11.4,11.45,11.35,11.4,1187.0,1054.0,5097.0,6847.0,False,False
2883,2022-10-25 11:31:54.086239,-0.008733624454148492,0.0,-0.09999999999999964,0.0,11.4,11.45,11.35,11.4,1187.0,1058.0,5097.0,6847.0,False,False
2883,2022-10-25 11:31:54.439757,-0.008733624454148492,0.0,-0.09999999999999964,0.0,11.4,11.45,11.35,11.4,1187.0,1058.0,5097.0,6847.0,False,False
2883,2022-10-25 11:31:54.584429,-0.008733624454148492,0.0,-0.09999999999999964,0.0,11.4,11.45,11.35,11.4,1197.0,1058.0,5097.0,6847.0,False,False
2883,2022-10-25 11:31:55.020668,-0.008733624454148492,0.0,-0.09999999999999964,0.0,11.4,11.45,11.35,11.4,1205.0,1058.0,5097.0,6847.0,False,False
2883,2022-10-25 11:31:55.892905,-0.008733624454148492,0.0,-0.09999999999999964,0.0,11.4,11.45,11.35,11.4,1205.0,1059.0,5097.0,6847.0,False,False
2883,2022-10-25 11:31:56.642119,-0.008733624454148492,0.0,-0.09999999999999964,0.0,11.4,11.45,11.35,11.4,1205.0,1059.0,5097.0,6847.0,False,False
2883,2022-10-25 11:31:57.186720,-0.008733624454148492,0.0,-0.09999999999999964,0.0,11.4,11.45,11.35,11.4,1205.0,1060.0,5097.0,6847.0,False,False
2883,2022-10-25 11:31:57.891994,-0.008733624454148492,0.0,-0.09999999999999964,0.0,11.4,11.45,11.35,11.4,1205.0,1055.0,5097.0,6847.0,False,False
2883,2022-10-25 11:31:58.727756,-0.008733624454148492,0.0,-0.09999999999999964,0.0,11.4,11.45,11.35,11.4,1205.0,1045.0,5097.0,6847.0,False,False
2883,2022-10-25 11:31:59.586157,-0.008733624454148492,0.0,-0.09999999999999964,0.0,11.4,11.45,11.35,11.4,1205.0,1045.0,5097.0,6847.0,False,False
2883,2022-10-25 11:31:59.667016,-0.008733624454148492,0.0,-0.09999999999999964,0.0,11.4,11.45,11.35,11.4,1205.0,1045.0,5097.0,6847.0,False,False
2883,2022-10-25 11:31:59.722722,-0.008733624454148492,0.0,-0.09999999999999964,0.0,11.4,11.45,11.35,11.4,1205.0,1035.0,5097.0,6847.0,False,False
2883,2022-10-25 11:32:00.221999,-0.008733624454148492,0.0,-0.09999999999999964,0.0,11.4,11.45,11.35,11.4,1205.0,1035.0,5097.0,6847.0,False,False
2883,2022-10-25 11:32:00.525902,-0.008733624454148492,0.0,-0.09999999999999964,0.0,11.4,11.45,11.35,11.4,1261.0,1035.0,5097.0,6847.0,False,False
2883,2022-10-25 11:32:01.849734,-0.008733624454148492,0.0,-0.09999999999999964,0.0,11.4,11.45,11.35,11.4,1261.0,1031.0,5097.0,6847.0,False,False
2883,2022-10-25 11:32:02.278817,-0.008733624454148492,0.0,-0.09999999999999964,0.0,11.4,11.45,11.35,11.4,1261.0,1030.0,5097.0,6847.0,False,False
2883,2022-10-25 11:32:02.603997,-0.008733624454148492,0.0,-0.09999999999999964,0.0,11.4,11.45,11.35,11.4,1261.0,1031.0,5097.0,6847.0,False,False
2883,2022-10-25 11:32:02.989626,-0.008733624454148492,0.0,-0.09999999999999964,0.0,11.4,11.45,11.35,11.4,1261.0,1031.0,5097.0,6847.0,False,False
2883,2022-10-25 11:32:02.991434,-0.008733624454148492,0.0,-0.09999999999999964,0.0,11.4,11.45,11.35,11.4,1262.0,1031.0,5097.0,6847.0,False,False
