symbol,datetime,NaOb_r,NbOa_r,NaOb_s,NbOa_s,bid1,ask1,odd_bid1,odd_ask1,bidQty1,askQty1,odd_bidQty1,odd_askQty1,simulate,triggerbyOdd
2884,2022-10-25 11:21:17.418202,-0.004385964912280715,0.0,-0.10000000000000142,0.0,22.75,22.8,22.7,22.75,279.0,390.0,3346.0,2217.0,False,False
2884,2022-10-25 11:21:17.821003,-0.004385964912280715,0.0,-0.10000000000000142,0.0,22.75,22.8,22.7,22.75,279.0,390.0,3346.0,2217.0,False,False
2884,2022-10-25 11:21:19.111352,-0.004385964912280715,0.0,-0.10000000000000142,0.0,22.75,22.8,22.7,22.75,279.0,385.0,3346.0,2217.0,False,False
2884,2022-10-25 11:21:19.133330,-0.004385964912280715,0.0,-0.10000000000000142,0.0,22.75,22.8,22.7,22.75,279.0,363.0,3346.0,2217.0,False,False
2884,2022-10-25 11:21:19.347879,-0.004385964912280715,0.0,-0.10000000000000142,0.0,22.75,22.8,22.7,22.75,279.0,363.0,3346.0,2217.0,False,False
2884,2022-10-25 11:21:19.820627,-0.004385964912280715,0.0,-0.10000000000000142,0.0,22.75,22.8,22.7,22.75,279.0,364.0,3346.0,2217.0,False,False
2884,2022-10-25 11:21:19.821952,-0.004385964912280715,0.0,-0.10000000000000142,0.0,22.75,22.8,22.7,22.75,279.0,365.0,3346.0,2217.0,False,False
2884,2022-10-25 11:21:20.267059,-0.004385964912280715,0.0,-0.10000000000000142,0.0,22.75,22.8,22.7,22.75,279.0,366.0,3346.0,2217.0,False,False
2884,2022-10-25 11:21:22.591394,-0.004385964912280715,0.0,-0.10000000000000142,0.0,22.75,22.8,22.7,22.75,279.0,344.0,3346.0,2217.0,False,False
2884,2022-10-25 11:21:22.759295,-0.004385964912280715,0.0,-0.10000000000000142,0.0,22.75,22.8,22.7,22.75,301.0,344.0,3346.0,2217.0,False,False
2884,2022-10-25 11:21:25.731171,-0.004385964912280715,0.0,-0.10000000000000142,0.0,22.75,22.8,22.7,22.75,301.0,343.0,3346.0,2217.0,False,False
2884,2022-10-25 11:21:26.509738,-0.004385964912280715,0.0,-0.10000000000000142,0.0,22.75,22.8,22.7,22.75,301.0,343.0,3346.0,2217.0,False,False
2884,2022-10-25 11:21:26.659351,-0.004385964912280715,0.0,-0.10000000000000142,0.0,22.75,22.8,22.7,22.75,301.0,343.0,3346.0,2217.0,False,False
2884,2022-10-25 11:21:27.273645,-0.004385964912280715,0.0,-0.10000000000000142,0.0,22.75,22.8,22.7,22.75,301.0,343.0,3346.0,2117.0,True,True
2884,2022-10-25 11:21:29.139091,-0.004385964912280715,0.0,-0.10000000000000142,0.0,22.75,22.8,22.7,22.75,300.0,343.0,3346.0,2117.0,False,False
2884,2022-10-25 11:21:29.619138,-0.004385964912280715,0.0,-0.10000000000000142,0.0,22.75,22.8,22.7,22.75,300.0,343.0,3346.0,2117.0,False,False
2884,2022-10-25 11:21:29.714149,-0.004385964912280715,0.0,-0.10000000000000142,0.0,22.75,22.8,22.7,22.75,300.0,344.0,3346.0,2117.0,False,False
2884,2022-10-25 11:21:29.716405,-0.004385964912280715,0.0,-0.10000000000000142,0.0,22.75,22.8,22.7,22.75,300.0,345.0,3346.0,2117.0,False,False
2884,2022-10-25 11:21:36.577175,-0.004385964912280715,0.0,-0.10000000000000142,0.0,22.75,22.8,22.7,22.75,300.0,345.0,3346.0,2117.0,False,False
2884,2022-10-25 11:21:36.640932,-0.004385964912280715,0.0,-0.10000000000000142,0.0,22.75,22.8,22.7,22.75,278.0,367.0,3346.0,2117.0,False,False
2884,2022-10-25 11:21:36.706858,-0.004385964912280715,0.0,-0.10000000000000142,0.0,22.75,22.8,22.7,22.75,278.0,389.0,3346.0,2117.0,False,False
2884,2022-10-25 11:21:37.316002,-0.004385964912280715,0.0,-0.10000000000000142,0.0,22.75,22.8,22.7,22.75,278.0,389.0,3446.0,2117.0,True,True
2884,2022-10-25 11:21:37.468779,-0.004385964912280715,0.0,-0.10000000000000142,0.0,22.75,22.8,22.7,22.75,278.0,389.0,3446.0,2117.0,False,False
2884,2022-10-25 11:21:39.084315,-0.004385964912280715,0.0,-0.10000000000000142,0.0,22.75,22.8,22.7,22.75,278.0,389.0,3446.0,2117.0,False,False
2884,2022-10-25 11:21:39.639100,-0.004385964912280715,0.0,-0.10000000000000142,0.0,22.75,22.8,22.7,22.75,278.0,390.0,3446.0,2117.0,False,False
2884,2022-10-25 11:21:39.639764,-0.004385964912280715,0.0,-0.10000000000000142,0.0,22.75,22.8,22.7,22.75,278.0,391.0,3446.0,2117.0,False,False
2884,2022-10-25 11:21:39.688018,-0.004385964912280715,0.0,-0.10000000000000142,0.0,22.75,22.8,22.7,22.75,278.0,391.0,3446.0,2117.0,False,False
2884,2022-10-25 11:21:39.849696,-0.004385964912280715,0.0,-0.10000000000000142,0.0,22.75,22.8,22.7,22.75,278.0,391.0,3446.0,2117.0,False,False
2884,2022-10-25 11:21:40.439250,-0.004385964912280715,0.0,-0.10000000000000142,0.0,22.75,22.8,22.7,22.75,278.0,391.0,3446.0,2117.0,False,False
2884,2022-10-25 11:21:46.503020,-0.004385964912280715,0.0,-0.10000000000000142,0.0,22.75,22.8,22.7,22.75,278.0,391.0,3446.0,2117.0,False,False
2884,2022-10-25 11:21:46.763051,-0.004385964912280715,0.0,-0.10000000000000142,0.0,22.75,22.8,22.7,22.75,278.0,391.0,3446.0,2117.0,False,False
2884,2022-10-25 11:21:47.355112,-0.004385964912280715,0.0,-0.10000000000000142,0.0,22.75,22.8,22.7,22.75,278.0,391.0,3446.0,1101.0,True,True
2884,2022-10-25 11:21:48.744619,-0.004385964912280715,0.0,-0.10000000000000142,0.0,22.75,22.8,22.7,22.75,279.0,391.0,3446.0,1101.0,False,False
2884,2022-10-25 11:21:49.544956,-0.004385964912280715,0.0,-0.10000000000000142,0.0,22.75,22.8,22.7,22.75,279.0,392.0,3446.0,1101.0,False,False
2884,2022-10-25 11:21:49.545261,-0.004385964912280715,0.0,-0.10000000000000142,0.0,22.75,22.8,22.7,22.75,279.0,393.0,3446.0,1101.0,False,False
2884,2022-10-25 11:21:50.993520,-0.004385964912280715,0.0,-0.10000000000000142,0.0,22.75,22.8,22.7,22.75,282.0,393.0,3446.0,1101.0,False,False
2884,2022-10-25 11:21:55.927688,-0.004385964912280715,0.0,-0.10000000000000142,0.0,22.75,22.8,22.7,22.75,280.0,393.0,3446.0,1101.0,False,False
2884,2022-10-25 11:21:56.111721,-0.004385964912280715,0.0,-0.10000000000000142,0.0,22.75,22.8,22.7,22.75,281.0,393.0,3446.0,1101.0,False,False
2884,2022-10-25 11:21:57.395423,-0.004385964912280715,0.0,-0.10000000000000142,0.0,22.75,22.8,22.7,22.75,281.0,393.0,3846.0,951.0,True,True
2884,2022-10-25 11:21:59.448007,-0.004385964912280715,0.0,-0.10000000000000142,0.0,22.75,22.8,22.7,22.75,280.0,393.0,3846.0,951.0,False,False
2884,2022-10-25 11:22:01.878678,-0.004385964912280715,0.0,-0.10000000000000142,0.0,22.75,22.8,22.7,22.75,280.0,393.0,3846.0,951.0,False,False
2884,2022-10-25 11:22:06.630488,-0.004385964912280715,0.0,-0.10000000000000142,0.0,22.75,22.8,22.7,22.75,280.0,393.0,3846.0,951.0,False,True
2884,2022-10-25 11:22:08.566857,-0.004385964912280715,0.0,-0.10000000000000142,0.0,22.75,22.8,22.7,22.75,280.0,392.0,3846.0,951.0,False,False
2884,2022-10-25 11:22:09.090423,-0.004385964912280715,0.0,-0.10000000000000142,0.0,22.75,22.8,22.7,22.75,279.0,392.0,3846.0,951.0,False,False
2884,2022-10-25 11:22:09.369134,-0.004385964912280715,0.0,-0.10000000000000142,0.0,22.75,22.8,22.7,22.75,278.0,392.0,3846.0,951.0,False,False
2884,2022-10-25 11:22:09.369845,-0.004385964912280715,0.0,-0.10000000000000142,0.0,22.75,22.8,22.7,22.75,277.0,392.0,3846.0,951.0,False,False
2884,2022-10-25 11:22:13.559470,-0.004385964912280715,0.0,-0.10000000000000142,0.0,22.75,22.8,22.7,22.75,277.0,392.0,3846.0,951.0,False,False
2884,2022-10-25 11:22:13.895880,-0.004385964912280715,0.0,-0.10000000000000142,0.0,22.75,22.8,22.7,22.75,277.0,392.0,3846.0,951.0,False,False
2884,2022-10-25 11:22:16.797864,-0.004385964912280715,0.0,-0.10000000000000142,0.0,22.75,22.8,22.7,22.75,277.0,392.0,3846.0,951.0,False,False
2884,2022-10-25 11:22:19.113028,-0.004385964912280715,0.0,-0.10000000000000142,0.0,22.75,22.8,22.7,22.75,277.0,392.0,3846.0,951.0,False,False
2884,2022-10-25 11:22:19.278197,-0.004385964912280715,0.0,-0.10000000000000142,0.0,22.75,22.8,22.7,22.75,276.0,392.0,3846.0,951.0,False,False
2884,2022-10-25 11:22:19.280013,-0.004385964912280715,0.0,-0.10000000000000142,0.0,22.75,22.8,22.7,22.75,275.0,392.0,3846.0,951.0,False,False
2884,2022-10-25 11:22:19.432161,-0.004385964912280715,0.0,-0.10000000000000142,0.0,22.75,22.8,22.7,22.75,404.0,392.0,3846.0,951.0,False,False
2884,2022-10-25 11:22:19.454234,-0.004385964912280715,0.0,-0.10000000000000142,0.0,22.75,22.8,22.7,22.75,404.0,370.0,3846.0,951.0,False,False
2884,2022-10-25 11:22:19.495011,-0.004385964912280715,0.0,-0.10000000000000142,0.0,22.75,22.8,22.7,22.75,404.0,348.0,3846.0,951.0,False,False
2884,2022-10-25 11:22:19.599170,-0.004385964912280715,0.0,-0.10000000000000142,0.0,22.75,22.8,22.7,22.75,404.0,351.0,3846.0,951.0,False,False
2884,2022-10-25 11:22:21.135702,-0.004385964912280715,0.0,-0.10000000000000142,0.0,22.75,22.8,22.7,22.75,404.0,350.0,3846.0,951.0,False,False
2884,2022-10-25 11:22:21.153187,-0.004385964912280715,0.0,-0.10000000000000142,0.0,22.75,22.8,22.7,22.75,426.0,350.0,3846.0,951.0,False,False
2884,2022-10-25 11:22:21.341557,-0.004385964912280715,0.0,-0.10000000000000142,0.0,22.75,22.8,22.7,22.75,426.0,294.0,3846.0,951.0,False,False
2884,2022-10-25 11:22:21.352636,-0.004385964912280715,0.0,-0.10000000000000142,0.0,22.75,22.8,22.7,22.75,426.0,285.0,3846.0,951.0,False,False
2884,2022-10-25 11:22:21.472476,-0.004385964912280715,0.0,-0.10000000000000142,0.0,22.75,22.8,22.7,22.75,446.0,285.0,3846.0,951.0,False,False
2884,2022-10-25 11:22:21.509222,-0.004385964912280715,0.0,-0.10000000000000142,0.0,22.75,22.8,22.7,22.75,446.0,285.0,3846.0,951.0,False,False
2884,2022-10-25 11:22:22.116820,-0.004385964912280715,0.0,-0.10000000000000142,0.0,22.75,22.8,22.7,22.75,452.0,285.0,3846.0,951.0,False,False
2884,2022-10-25 11:22:22.378938,-0.004385964912280715,0.0,-0.10000000000000142,0.0,22.75,22.8,22.7,22.75,323.0,285.0,3846.0,951.0,False,False
2884,2022-10-25 11:22:23.895783,-0.004385964912280715,0.0,-0.10000000000000142,0.0,22.75,22.8,22.7,22.75,323.0,285.0,3846.0,951.0,False,False
2884,2022-10-25 11:22:23.910579,-0.004385964912280715,0.0,-0.10000000000000142,0.0,22.75,22.8,22.7,22.75,323.0,284.0,3846.0,951.0,False,False
2884,2022-10-25 11:22:24.000701,-0.004385964912280715,0.0,-0.10000000000000142,0.0,22.75,22.8,22.7,22.75,323.0,290.0,3846.0,951.0,False,False
2884,2022-10-25 11:22:24.309378,-0.004385964912280715,0.0,-0.10000000000000142,0.0,22.75,22.8,22.7,22.75,323.0,289.0,3846.0,951.0,False,False
2884,2022-10-25 11:22:26.708649,-0.004385964912280715,0.0,-0.10000000000000142,0.0,22.75,22.8,22.7,22.75,323.0,289.0,3846.0,951.0,True,True
2884,2022-10-25 11:22:28.509554,-0.004385964912280715,0.0,-0.10000000000000142,0.0,22.75,22.8,22.7,22.75,303.0,289.0,3846.0,951.0,False,False
2884,2022-10-25 11:22:28.537620,-0.004385964912280715,0.0,-0.10000000000000142,0.0,22.75,22.8,22.7,22.75,303.0,289.0,3846.0,951.0,False,False
2884,2022-10-25 11:22:29.058455,-0.004385964912280715,0.0,-0.10000000000000142,0.0,22.75,22.8,22.7,22.75,300.0,289.0,3846.0,951.0,False,False
2884,2022-10-25 11:22:29.196018,-0.004385964912280715,0.0,-0.10000000000000142,0.0,22.75,22.8,22.7,22.75,300.0,290.0,3846.0,951.0,False,False
2884,2022-10-25 11:22:29.197699,-0.004385964912280715,0.0,-0.10000000000000142,0.0,22.75,22.8,22.7,22.75,300.0,291.0,3846.0,951.0,False,False
2884,2022-10-25 11:22:29.426853,-0.004385964912280715,0.0,-0.10000000000000142,0.0,22.75,22.8,22.7,22.75,301.0,291.0,3846.0,951.0,False,False
2884,2022-10-25 11:22:29.735756,-0.004385964912280715,0.0,-0.10000000000000142,0.0,22.75,22.8,22.7,22.75,301.0,291.0,3846.0,951.0,False,False
2884,2022-10-25 11:22:30.175767,-0.004385964912280715,0.0,-0.10000000000000142,0.0,22.75,22.8,22.7,22.75,301.0,292.0,3846.0,951.0,False,False
2884,2022-10-25 11:22:30.971731,-0.004385964912280715,0.0,-0.10000000000000142,0.0,22.75,22.8,22.7,22.75,321.0,292.0,3846.0,951.0,False,False
2884,2022-10-25 11:22:31.146116,-0.004385964912280715,0.0,-0.10000000000000142,0.0,22.75,22.8,22.7,22.75,321.0,400.0,3846.0,951.0,False,False
2884,2022-10-25 11:22:31.171532,-0.004385964912280715,0.0,-0.10000000000000142,0.0,22.75,22.8,22.7,22.75,301.0,400.0,3846.0,951.0,False,False
2884,2022-10-25 11:22:32.122019,-0.004385964912280715,0.0,-0.10000000000000142,0.0,22.75,22.8,22.7,22.75,301.0,292.0,3846.0,951.0,False,False
2884,2022-10-25 11:22:32.185773,-0.004385964912280715,0.0,-0.10000000000000142,0.0,22.75,22.8,22.7,22.75,301.0,353.0,3846.0,951.0,False,False
2884,2022-10-25 11:22:32.374557,-0.004385964912280715,0.0,-0.10000000000000142,0.0,22.75,22.8,22.7,22.75,301.0,353.0,3846.0,951.0,False,False
2884,2022-10-25 11:22:36.747792,-0.004385964912280715,0.0,-0.10000000000000142,0.0,22.75,22.8,22.7,22.75,301.0,353.0,3846.0,941.0,True,True
2884,2022-10-25 11:22:38.976098,-0.004385964912280715,0.0,-0.10000000000000142,0.0,22.75,22.8,22.7,22.75,301.0,353.0,3846.0,941.0,False,False
2884,2022-10-25 11:22:39.107643,-0.004385964912280715,0.0,-0.10000000000000142,0.0,22.75,22.8,22.7,22.75,301.0,354.0,3846.0,941.0,False,False
2884,2022-10-25 11:22:39.108775,-0.004385964912280715,0.0,-0.10000000000000142,0.0,22.75,22.8,22.7,22.75,301.0,355.0,3846.0,941.0,False,False
2884,2022-10-25 11:22:40.253998,-0.004385964912280715,0.0,-0.10000000000000142,0.0,22.75,22.8,22.7,22.75,301.0,355.0,3846.0,941.0,False,False
2884,2022-10-25 11:22:42.691499,-0.004385964912280715,0.0,-0.10000000000000142,0.0,22.75,22.8,22.7,22.75,302.0,355.0,3846.0,941.0,False,False
2884,2022-10-25 11:22:44.937891,-0.004385964912280715,0.0,-0.10000000000000142,0.0,22.75,22.8,22.7,22.75,302.0,355.0,3846.0,941.0,False,False
2884,2022-10-25 11:22:46.787963,-0.004385964912280715,0.0,-0.10000000000000142,0.0,22.75,22.8,22.7,22.75,302.0,355.0,3746.0,951.0,True,True
2884,2022-10-25 11:22:49.024121,-0.004385964912280715,0.0,-0.10000000000000142,0.0,22.75,22.8,22.7,22.75,302.0,356.0,3746.0,951.0,False,False
2884,2022-10-25 11:22:49.025772,-0.004385964912280715,0.0,-0.10000000000000142,0.0,22.75,22.8,22.7,22.75,302.0,357.0,3746.0,951.0,False,False
2884,2022-10-25 11:22:49.153903,-0.004385964912280715,0.0,-0.10000000000000142,0.0,22.75,22.8,22.7,22.75,302.0,465.0,3746.0,951.0,False,False
2884,2022-10-25 11:22:49.232700,-0.004385964912280715,0.0,-0.10000000000000142,0.0,22.75,22.8,22.7,22.75,302.0,465.0,3746.0,951.0,False,False
2884,2022-10-25 11:22:54.809794,-0.004385964912280715,0.0,-0.10000000000000142,0.0,22.75,22.8,22.7,22.75,302.0,465.0,3746.0,951.0,False,False
2884,2022-10-25 11:22:55.218350,-0.004385964912280715,0.0,-0.10000000000000142,0.0,22.75,22.8,22.7,22.75,302.0,464.0,3746.0,951.0,False,False
2884,2022-10-25 11:22:55.545060,-0.004385964912280715,0.0,-0.10000000000000142,0.0,22.75,22.8,22.7,22.75,302.0,464.0,3746.0,951.0,False,False
2884,2022-10-25 11:22:56.020861,-0.004385964912280715,0.0,-0.10000000000000142,0.0,22.75,22.8,22.7,22.75,302.0,486.0,3746.0,951.0,False,False
2884,2022-10-25 11:22:56.686618,-0.004385964912280715,0.0,-0.10000000000000142,0.0,22.75,22.8,22.7,22.75,302.0,464.0,3746.0,951.0,False,False
2884,2022-10-25 11:22:56.707391,-0.004385964912280715,0.0,-0.10000000000000142,0.0,22.75,22.8,22.7,22.75,302.0,486.0,3746.0,951.0,False,False
2884,2022-10-25 11:22:56.827764,-0.004385964912280715,0.0,-0.10000000000000142,0.0,22.75,22.8,22.7,22.75,302.0,486.0,4306.0,701.0,True,True
2884,2022-10-25 11:22:56.776663,-0.004385964912280715,0.0,-0.10000000000000142,0.0,22.75,22.8,22.7,22.75,312.0,464.0,4306.0,701.0,False,False
2884,2022-10-25 11:22:57.135190,-0.004385964912280715,0.0,-0.10000000000000142,0.0,22.75,22.8,22.7,22.75,312.0,356.0,4306.0,701.0,False,False
2884,2022-10-25 11:22:57.363602,-0.004385964912280715,0.0,-0.10000000000000142,0.0,22.75,22.8,22.7,22.75,312.0,356.0,4306.0,701.0,False,False
2884,2022-10-25 11:22:58.289816,-0.004385964912280715,0.0,-0.10000000000000142,0.0,22.75,22.8,22.7,22.75,310.0,356.0,4306.0,701.0,False,False
2884,2022-10-25 11:22:58.929577,-0.004385964912280715,0.0,-0.10000000000000142,0.0,22.75,22.8,22.7,22.75,309.0,356.0,4306.0,701.0,False,False
2884,2022-10-25 11:22:58.931691,-0.004385964912280715,0.0,-0.10000000000000142,0.0,22.75,22.8,22.7,22.75,308.0,356.0,4306.0,701.0,False,False
2884,2022-10-25 11:23:03.782849,-0.004385964912280715,0.0,-0.10000000000000142,0.0,22.75,22.8,22.7,22.75,308.0,355.0,4306.0,701.0,False,False
2884,2022-10-25 11:23:06.613905,-0.004385964912280715,0.0,-0.10000000000000142,0.0,22.75,22.8,22.7,22.75,308.0,355.0,4306.0,701.0,False,False
2884,2022-10-25 11:23:06.867345,-0.004385964912280715,0.0,-0.10000000000000142,0.0,22.75,22.8,22.7,22.75,308.0,355.0,4406.0,601.0,True,True
2884,2022-10-25 11:23:06.966051,-0.004385964912280715,0.0,-0.10000000000000142,0.0,22.75,22.8,22.7,22.75,308.0,355.0,4406.0,601.0,False,False
2884,2022-10-25 11:23:08.559531,-0.004385964912280715,0.0,-0.10000000000000142,0.0,22.75,22.8,22.7,22.75,308.0,355.0,4406.0,601.0,False,False
2884,2022-10-25 11:23:08.718957,-0.004385964912280715,0.0,-0.10000000000000142,0.0,22.75,22.8,22.7,22.75,308.0,377.0,4406.0,601.0,False,False
2884,2022-10-25 11:23:08.837345,-0.004385964912280715,0.0,-0.10000000000000142,0.0,22.75,22.8,22.7,22.75,308.0,379.0,4406.0,601.0,False,False
2884,2022-10-25 11:23:10.397335,-0.004385964912280715,0.0,-0.10000000000000142,0.0,22.75,22.8,22.7,22.75,308.0,357.0,4406.0,601.0,False,False
2884,2022-10-25 11:23:12.008252,-0.004385964912280715,0.0,-0.10000000000000142,0.0,22.75,22.8,22.7,22.75,308.0,357.0,4406.0,601.0,False,False
2884,2022-10-25 11:23:12.028076,-0.004385964912280715,0.0,-0.10000000000000142,0.0,22.75,22.8,22.7,22.75,308.0,379.0,4406.0,601.0,False,False
2884,2022-10-25 11:23:14.749561,-0.004385964912280715,0.0,-0.10000000000000142,0.0,22.75,22.8,22.7,22.75,286.0,379.0,4406.0,601.0,False,False
2884,2022-10-25 11:23:14.789898,-0.004385964912280715,0.0,-0.10000000000000142,0.0,22.75,22.8,22.7,22.75,286.0,399.0,4406.0,601.0,False,False
2884,2022-10-25 11:23:16.905485,-0.004385964912280715,0.0,-0.10000000000000142,0.0,22.75,22.8,22.7,22.75,286.0,399.0,4406.0,301.0,True,True
2884,2022-10-25 11:23:18.281320,-0.004385964912280715,0.0,-0.10000000000000142,0.0,22.75,22.8,22.7,22.75,281.0,399.0,4406.0,301.0,False,False
2884,2022-10-25 11:23:18.751857,-0.004385964912280715,0.0,-0.10000000000000142,0.0,22.75,22.8,22.7,22.75,280.0,399.0,4406.0,301.0,False,False
2884,2022-10-25 11:23:18.753117,-0.004385964912280715,0.0,-0.10000000000000142,0.0,22.75,22.8,22.7,22.75,279.0,399.0,4406.0,301.0,False,False
2884,2022-10-25 11:23:19.571063,-0.004385964912280715,0.0,-0.10000000000000142,0.0,22.75,22.8,22.7,22.75,280.0,399.0,4406.0,301.0,False,False
2884,2022-10-25 11:23:19.672551,-0.004385964912280715,0.0,-0.10000000000000142,0.0,22.75,22.8,22.7,22.75,280.0,410.0,4406.0,301.0,False,False
2884,2022-10-25 11:23:26.416332,-0.004385964912280715,0.0,-0.10000000000000142,0.0,22.75,22.8,22.7,22.75,280.0,410.0,4406.0,301.0,False,False
2884,2022-10-25 11:23:26.907960,-0.004385964912280715,0.0,-0.10000000000000142,0.0,22.75,22.8,22.7,22.75,280.0,410.0,4406.0,301.0,False,False
2884,2022-10-25 11:23:26.941362,-0.002192982456140413,-0.002192982456140413,-0.05000000000000071,-0.05000000000000071,22.75,22.8,22.75,22.8,280.0,410.0,787.0,3431.0,True,True
2884,2022-10-25 11:23:28.264498,-0.002192982456140413,-0.002192982456140413,-0.05000000000000071,-0.05000000000000071,22.75,22.8,22.75,22.8,280.0,410.0,787.0,3431.0,False,False
2884,2022-10-25 11:23:28.665300,-0.002192982456140413,-0.002192982456140413,-0.05000000000000071,-0.05000000000000071,22.75,22.8,22.75,22.8,279.0,410.0,787.0,3431.0,False,False
2884,2022-10-25 11:23:28.666675,-0.002192982456140413,-0.002192982456140413,-0.05000000000000071,-0.05000000000000071,22.75,22.8,22.75,22.8,278.0,410.0,787.0,3431.0,False,False
2884,2022-10-25 11:23:28.997309,-0.002192982456140413,-0.002192982456140413,-0.05000000000000071,-0.05000000000000071,22.75,22.8,22.75,22.8,278.0,410.0,787.0,3431.0,False,False
2884,2022-10-25 11:23:31.093282,-0.002192982456140413,-0.002192982456140413,-0.05000000000000071,-0.05000000000000071,22.75,22.8,22.75,22.8,278.0,410.0,787.0,3431.0,False,False
2884,2022-10-25 11:23:32.907641,-0.002192982456140413,-0.002192982456140413,-0.05000000000000071,-0.05000000000000071,22.75,22.8,22.75,22.8,278.0,410.0,787.0,3431.0,False,False
2884,2022-10-25 11:23:36.979564,-0.002192982456140413,-0.002192982456140413,-0.05000000000000071,-0.05000000000000071,22.75,22.8,22.75,22.8,278.0,410.0,787.0,3431.0,True,True
2884,2022-10-25 11:23:38.570758,-0.002192982456140413,-0.002192982456140413,-0.05000000000000071,-0.05000000000000071,22.75,22.8,22.75,22.8,277.0,410.0,787.0,3431.0,False,False
2884,2022-10-25 11:23:38.571833,-0.002192982456140413,-0.002192982456140413,-0.05000000000000071,-0.05000000000000071,22.75,22.8,22.75,22.8,276.0,410.0,787.0,3431.0,False,False
2884,2022-10-25 11:23:39.384323,-0.002192982456140413,-0.002192982456140413,-0.05000000000000071,-0.05000000000000071,22.75,22.8,22.75,22.8,276.0,412.0,787.0,3431.0,False,False
2884,2022-10-25 11:23:41.768248,-0.002192982456140413,-0.002192982456140413,-0.05000000000000071,-0.05000000000000071,22.75,22.8,22.75,22.8,277.0,412.0,787.0,3431.0,False,False
2884,2022-10-25 11:23:42.309702,-0.002192982456140413,-0.002192982456140413,-0.05000000000000071,-0.05000000000000071,22.75,22.8,22.75,22.8,277.0,412.0,787.0,3431.0,False,False
2884,2022-10-25 11:23:42.476253,-0.002192982456140413,-0.002192982456140413,-0.05000000000000071,-0.05000000000000071,22.75,22.8,22.75,22.8,276.0,412.0,787.0,3431.0,False,False
2884,2022-10-25 11:23:44.834679,-0.002192982456140413,-0.002192982456140413,-0.05000000000000071,-0.05000000000000071,22.75,22.8,22.75,22.8,276.0,412.0,787.0,3431.0,False,False
2884,2022-10-25 11:23:45.185070,-0.002192982456140413,-0.002192982456140413,-0.05000000000000071,-0.05000000000000071,22.75,22.8,22.75,22.8,276.0,402.0,787.0,3431.0,False,False
2884,2022-10-25 11:23:47.037153,-0.002192982456140413,-0.002192982456140413,-0.05000000000000071,-0.05000000000000071,22.75,22.8,22.75,22.8,276.0,402.0,1088.0,2831.0,True,True
2884,2022-10-25 11:23:47.788994,-0.002192982456140413,-0.002192982456140413,-0.05000000000000071,-0.05000000000000071,22.75,22.8,22.75,22.8,276.0,402.0,1088.0,2831.0,False,False
2884,2022-10-25 11:23:48.030191,-0.002192982456140413,-0.002192982456140413,-0.05000000000000071,-0.05000000000000071,22.75,22.8,22.75,22.8,276.0,403.0,1088.0,2831.0,False,False
2884,2022-10-25 11:23:48.296477,-0.002192982456140413,-0.002192982456140413,-0.05000000000000071,-0.05000000000000071,22.75,22.8,22.75,22.8,276.0,397.0,1088.0,2831.0,False,False
2884,2022-10-25 11:23:48.364315,-0.002192982456140413,-0.002192982456140413,-0.05000000000000071,-0.05000000000000071,22.75,22.8,22.75,22.8,274.0,397.0,1088.0,2831.0,False,False
2884,2022-10-25 11:23:48.397778,-0.002192982456140413,-0.002192982456140413,-0.05000000000000071,-0.05000000000000071,22.75,22.8,22.75,22.8,274.0,406.0,1088.0,2831.0,False,False
2884,2022-10-25 11:23:48.486121,-0.002192982456140413,-0.002192982456140413,-0.05000000000000071,-0.05000000000000071,22.75,22.8,22.75,22.8,273.0,406.0,1088.0,2831.0,False,False
2884,2022-10-25 11:23:49.414452,-0.002192982456140413,-0.002192982456140413,-0.05000000000000071,-0.05000000000000071,22.75,22.8,22.75,22.8,272.0,406.0,1088.0,2831.0,False,False
2884,2022-10-25 11:23:50.997308,-0.002192982456140413,-0.002192982456140413,-0.05000000000000071,-0.05000000000000071,22.75,22.8,22.75,22.8,272.0,406.0,1088.0,2831.0,False,False
2884,2022-10-25 11:23:51.026157,-0.002192982456140413,-0.002192982456140413,-0.05000000000000071,-0.05000000000000071,22.75,22.8,22.75,22.8,272.0,406.0,1088.0,2831.0,False,False
2884,2022-10-25 11:23:51.275821,-0.002192982456140413,-0.002192982456140413,-0.05000000000000071,-0.05000000000000071,22.75,22.8,22.75,22.8,272.0,406.0,1088.0,2831.0,False,False
2884,2022-10-25 11:23:51.322585,-0.002192982456140413,-0.002192982456140413,-0.05000000000000071,-0.05000000000000071,22.75,22.8,22.75,22.8,272.0,406.0,1088.0,2831.0,False,False
2884,2022-10-25 11:23:51.476478,-0.002192982456140413,-0.002192982456140413,-0.05000000000000071,-0.05000000000000071,22.75,22.8,22.75,22.8,272.0,407.0,1088.0,2831.0,False,False
2884,2022-10-25 11:23:52.942290,-0.002192982456140413,-0.002192982456140413,-0.05000000000000071,-0.05000000000000071,22.75,22.8,22.75,22.8,272.0,407.0,1088.0,2831.0,False,False
2884,2022-10-25 11:23:57.075267,-0.002192982456140413,-0.002192982456140413,-0.05000000000000071,-0.05000000000000071,22.75,22.8,22.75,22.8,272.0,407.0,1088.0,2831.0,True,True
2884,2022-10-25 11:23:57.265438,-0.002192982456140413,-0.002192982456140413,-0.05000000000000071,-0.05000000000000071,22.75,22.8,22.75,22.8,273.0,407.0,1088.0,2831.0,False,False
2884,2022-10-25 11:23:58.397152,-0.002192982456140413,-0.002192982456140413,-0.05000000000000071,-0.05000000000000071,22.75,22.8,22.75,22.8,272.0,407.0,1088.0,2831.0,False,False
2884,2022-10-25 11:23:58.399093,-0.002192982456140413,-0.002192982456140413,-0.05000000000000071,-0.05000000000000071,22.75,22.8,22.75,22.8,271.0,407.0,1088.0,2831.0,False,False
2884,2022-10-25 11:23:59.822066,-0.002192982456140413,-0.002192982456140413,-0.05000000000000071,-0.05000000000000071,22.75,22.8,22.75,22.8,271.0,407.0,1088.0,2831.0,False,False
2884,2022-10-25 11:24:00.732857,-0.002192982456140413,-0.002192982456140413,-0.05000000000000071,-0.05000000000000071,22.75,22.8,22.75,22.8,271.0,407.0,1088.0,2831.0,False,False
2884,2022-10-25 11:24:02.699722,-0.002192982456140413,-0.002192982456140413,-0.05000000000000071,-0.05000000000000071,22.75,22.8,22.75,22.8,272.0,407.0,1088.0,2831.0,False,False
2884,2022-10-25 11:24:04.965118,-0.002192982456140413,-0.002192982456140413,-0.05000000000000071,-0.05000000000000071,22.75,22.8,22.75,22.8,272.0,402.0,1088.0,2831.0,False,False
2884,2022-10-25 11:24:06.209782,-0.002192982456140413,-0.002192982456140413,-0.05000000000000071,-0.05000000000000071,22.75,22.8,22.75,22.8,272.0,402.0,1088.0,2831.0,False,False
2884,2022-10-25 11:24:06.211250,-0.002192982456140413,-0.002192982456140413,-0.05000000000000071,-0.05000000000000071,22.75,22.8,22.75,22.8,272.0,402.0,1088.0,2831.0,False,False
2884,2022-10-25 11:24:06.492875,-0.002192982456140413,-0.002192982456140413,-0.05000000000000071,-0.05000000000000071,22.75,22.8,22.75,22.8,272.0,402.0,1088.0,2831.0,False,False
2884,2022-10-25 11:24:06.494033,-0.002192982456140413,-0.002192982456140413,-0.05000000000000071,-0.05000000000000071,22.75,22.8,22.75,22.8,270.0,402.0,1088.0,2831.0,False,False
2884,2022-10-25 11:24:07.115443,-0.002192982456140413,-0.002192982456140413,-0.05000000000000071,-0.05000000000000071,22.75,22.8,22.75,22.8,270.0,402.0,1139.0,2831.0,True,True
2884,2022-10-25 11:24:08.305803,-0.002192982456140413,-0.002192982456140413,-0.05000000000000071,-0.05000000000000071,22.75,22.8,22.75,22.8,269.0,402.0,1139.0,2831.0,False,False
2884,2022-10-25 11:24:08.306679,-0.002192982456140413,-0.002192982456140413,-0.05000000000000071,-0.05000000000000071,22.75,22.8,22.75,22.8,268.0,402.0,1139.0,2831.0,False,False
2884,2022-10-25 11:24:08.670369,-0.002192982456140413,-0.002192982456140413,-0.05000000000000071,-0.05000000000000071,22.75,22.8,22.75,22.8,268.0,394.0,1139.0,2831.0,False,False
2884,2022-10-25 11:24:08.672300,-0.002192982456140413,-0.002192982456140413,-0.05000000000000071,-0.05000000000000071,22.75,22.8,22.75,22.8,268.0,394.0,1139.0,2831.0,False,False
2884,2022-10-25 11:24:09.227549,-0.002192982456140413,-0.002192982456140413,-0.05000000000000071,-0.05000000000000071,22.75,22.8,22.75,22.8,268.0,394.0,1139.0,2831.0,False,False
2884,2022-10-25 11:24:10.242838,-0.002192982456140413,-0.002192982456140413,-0.05000000000000071,-0.05000000000000071,22.75,22.8,22.75,22.8,268.0,394.0,1139.0,2831.0,False,False
2884,2022-10-25 11:24:13.056417,-0.002192982456140413,-0.002192982456140413,-0.05000000000000071,-0.05000000000000071,22.75,22.8,22.75,22.8,268.0,394.0,1139.0,2831.0,False,False
2884,2022-10-25 11:24:13.375246,-0.002192982456140413,-0.002192982456140413,-0.05000000000000071,-0.05000000000000071,22.75,22.8,22.75,22.8,277.0,394.0,1139.0,2831.0,False,False
2884,2022-10-25 11:24:14.382657,-0.002192982456140413,-0.002192982456140413,-0.05000000000000071,-0.05000000000000071,22.75,22.8,22.75,22.8,277.0,394.0,1139.0,2831.0,False,False
2884,2022-10-25 11:24:15.415787,-0.002192982456140413,-0.002192982456140413,-0.05000000000000071,-0.05000000000000071,22.75,22.8,22.75,22.8,277.0,403.0,1139.0,2831.0,False,False
2884,2022-10-25 11:24:17.153356,-0.002192982456140413,-0.002192982456140413,-0.05000000000000071,-0.05000000000000071,22.75,22.8,22.75,22.8,277.0,403.0,1163.0,2831.0,True,True
2884,2022-10-25 11:24:18.203200,-0.002192982456140413,-0.002192982456140413,-0.05000000000000071,-0.05000000000000071,22.75,22.8,22.75,22.8,276.0,403.0,1163.0,2831.0,False,False
2884,2022-10-25 11:24:18.203797,-0.002192982456140413,-0.002192982456140413,-0.05000000000000071,-0.05000000000000071,22.75,22.8,22.75,22.8,275.0,403.0,1163.0,2831.0,False,False
2884,2022-10-25 11:24:19.655901,-0.002192982456140413,-0.002192982456140413,-0.05000000000000071,-0.05000000000000071,22.75,22.8,22.75,22.8,275.0,403.0,1163.0,2831.0,False,False
2884,2022-10-25 11:24:21.867252,-0.002192982456140413,-0.002192982456140413,-0.05000000000000071,-0.05000000000000071,22.75,22.8,22.75,22.8,276.0,403.0,1163.0,2831.0,False,False
2884,2022-10-25 11:24:22.939069,-0.002192982456140413,-0.002192982456140413,-0.05000000000000071,-0.05000000000000071,22.75,22.8,22.75,22.8,276.0,406.0,1163.0,2831.0,False,False
2884,2022-10-25 11:24:27.190184,-0.002192982456140413,-0.002192982456140413,-0.05000000000000071,-0.05000000000000071,22.75,22.8,22.75,22.8,276.0,406.0,1163.0,2831.0,True,True
2884,2022-10-25 11:24:28.144308,-0.002192982456140413,-0.002192982456140413,-0.05000000000000071,-0.05000000000000071,22.75,22.8,22.75,22.8,275.0,406.0,1163.0,2831.0,False,False
2884,2022-10-25 11:24:28.146332,-0.002192982456140413,-0.002192982456140413,-0.05000000000000071,-0.05000000000000071,22.75,22.8,22.75,22.8,274.0,406.0,1163.0,2831.0,False,False
2884,2022-10-25 11:24:28.634568,-0.002192982456140413,-0.002192982456140413,-0.05000000000000071,-0.05000000000000071,22.75,22.8,22.75,22.8,274.0,406.0,1163.0,2831.0,False,False
2884,2022-10-25 11:24:30.956433,-0.002192982456140413,-0.002192982456140413,-0.05000000000000071,-0.05000000000000071,22.75,22.8,22.75,22.8,274.0,405.0,1163.0,2831.0,False,False
2884,2022-10-25 11:24:35.084517,-0.002192982456140413,-0.002192982456140413,-0.05000000000000071,-0.05000000000000071,22.75,22.8,22.75,22.8,274.0,405.0,1163.0,2831.0,False,False
2884,2022-10-25 11:24:36.355169,-0.002192982456140413,-0.002192982456140413,-0.05000000000000071,-0.05000000000000071,22.75,22.8,22.75,22.8,274.0,404.0,1163.0,2831.0,False,False
2884,2022-10-25 11:24:37.233871,-0.002192982456140413,-0.002192982456140413,-0.05000000000000071,-0.05000000000000071,22.75,22.8,22.75,22.8,274.0,404.0,1313.0,2851.0,True,True
2884,2022-10-25 11:24:37.361370,-0.002192982456140413,-0.002192982456140413,-0.05000000000000071,-0.05000000000000071,22.75,22.8,22.75,22.8,274.0,404.0,1313.0,2851.0,False,False
2884,2022-10-25 11:24:38.044997,-0.002192982456140413,-0.002192982456140413,-0.05000000000000071,-0.05000000000000071,22.75,22.8,22.75,22.8,274.0,405.0,1313.0,2851.0,False,False
2884,2022-10-25 11:24:38.045611,-0.002192982456140413,-0.002192982456140413,-0.05000000000000071,-0.05000000000000071,22.75,22.8,22.75,22.8,274.0,406.0,1313.0,2851.0,False,False
2884,2022-10-25 11:24:39.032228,-0.002192982456140413,-0.002192982456140413,-0.05000000000000071,-0.05000000000000071,22.75,22.8,22.75,22.8,274.0,406.0,1313.0,2851.0,False,False
2884,2022-10-25 11:24:41.420848,-0.002192982456140413,-0.002192982456140413,-0.05000000000000071,-0.05000000000000071,22.75,22.8,22.75,22.8,274.0,406.0,1313.0,2851.0,False,False
2884,2022-10-25 11:24:45.788338,-0.002192982456140413,-0.002192982456140413,-0.05000000000000071,-0.05000000000000071,22.75,22.8,22.75,22.8,274.0,370.0,1313.0,2851.0,False,False
2884,2022-10-25 11:24:45.829334,-0.002192982456140413,-0.002192982456140413,-0.05000000000000071,-0.05000000000000071,22.75,22.8,22.75,22.8,274.0,350.0,1313.0,2851.0,False,False
2884,2022-10-25 11:24:45.852884,-0.002192982456140413,-0.002192982456140413,-0.05000000000000071,-0.05000000000000071,22.75,22.8,22.75,22.8,312.0,328.0,1313.0,2851.0,False,False
2884,2022-10-25 11:24:45.909448,-0.002192982456140413,-0.002192982456140413,-0.05000000000000071,-0.05000000000000071,22.75,22.8,22.75,22.8,312.0,331.0,1313.0,2851.0,False,False
2884,2022-10-25 11:24:46.265001,-0.002192982456140413,-0.002192982456140413,-0.05000000000000071,-0.05000000000000071,22.75,22.8,22.75,22.8,313.0,331.0,1313.0,2851.0,False,False
2884,2022-10-25 11:24:46.658623,-0.002192982456140413,-0.002192982456140413,-0.05000000000000071,-0.05000000000000071,22.75,22.8,22.75,22.8,313.0,329.0,1313.0,2851.0,False,False
2884,2022-10-25 11:24:47.139548,-0.002192982456140413,-0.002192982456140413,-0.05000000000000071,-0.05000000000000071,22.75,22.8,22.75,22.8,318.0,329.0,1313.0,2851.0,False,False
2884,2022-10-25 11:24:47.270978,-0.002192982456140413,-0.002192982456140413,-0.05000000000000071,-0.05000000000000071,22.75,22.8,22.75,22.8,318.0,329.0,1600.0,2851.0,True,True
2884,2022-10-25 11:24:47.950304,-0.002192982456140413,-0.002192982456140413,-0.05000000000000071,-0.05000000000000071,22.75,22.8,22.75,22.8,318.0,330.0,1600.0,2851.0,False,False
2884,2022-10-25 11:24:47.952007,-0.002192982456140413,-0.002192982456140413,-0.05000000000000071,-0.05000000000000071,22.75,22.8,22.75,22.8,318.0,331.0,1600.0,2851.0,False,False
2884,2022-10-25 11:24:48.260995,-0.002192982456140413,-0.002192982456140413,-0.05000000000000071,-0.05000000000000071,22.75,22.8,22.75,22.8,298.0,331.0,1600.0,2851.0,False,False
2884,2022-10-25 11:24:48.281121,-0.002192982456140413,-0.002192982456140413,-0.05000000000000071,-0.05000000000000071,22.75,22.8,22.75,22.8,318.0,331.0,1600.0,2851.0,False,False
2884,2022-10-25 11:24:48.384179,-0.002192982456140413,-0.002192982456140413,-0.05000000000000071,-0.05000000000000071,22.75,22.8,22.75,22.8,318.0,331.0,1600.0,2851.0,False,False
2884,2022-10-25 11:24:48.400027,-0.002192982456140413,-0.002192982456140413,-0.05000000000000071,-0.05000000000000071,22.75,22.8,22.75,22.8,298.0,331.0,1600.0,2851.0,False,False
2884,2022-10-25 11:24:48.412393,-0.002192982456140413,-0.002192982456140413,-0.05000000000000071,-0.05000000000000071,22.75,22.8,22.75,22.8,318.0,331.0,1600.0,2851.0,False,False
2884,2022-10-25 11:24:50.794426,-0.002192982456140413,-0.002192982456140413,-0.05000000000000071,-0.05000000000000071,22.75,22.8,22.75,22.8,318.0,335.0,1600.0,2851.0,False,False
2884,2022-10-25 11:24:51.600573,-0.002192982456140413,-0.002192982456140413,-0.05000000000000071,-0.05000000000000071,22.75,22.8,22.75,22.8,318.0,334.0,1600.0,2851.0,False,False
2884,2022-10-25 11:24:54.262883,-0.002192982456140413,-0.002192982456140413,-0.05000000000000071,-0.05000000000000071,22.75,22.8,22.75,22.8,298.0,334.0,1600.0,2851.0,False,False
2884,2022-10-25 11:24:54.330855,-0.002192982456140413,-0.002192982456140413,-0.05000000000000071,-0.05000000000000071,22.75,22.8,22.75,22.8,318.0,334.0,1600.0,2851.0,False,False
2884,2022-10-25 11:24:54.455861,-0.002192982456140413,-0.002192982456140413,-0.05000000000000071,-0.05000000000000071,22.75,22.8,22.75,22.8,318.0,334.0,1600.0,2851.0,False,False
2884,2022-10-25 11:24:54.519760,-0.002192982456140413,-0.002192982456140413,-0.05000000000000071,-0.05000000000000071,22.75,22.8,22.75,22.8,318.0,334.0,1600.0,2851.0,False,False
2884,2022-10-25 11:24:55.718346,-0.002192982456140413,-0.002192982456140413,-0.05000000000000071,-0.05000000000000071,22.75,22.8,22.75,22.8,318.0,314.0,1600.0,2851.0,False,False
2884,2022-10-25 11:24:56.139799,-0.002192982456140413,-0.002192982456140413,-0.05000000000000071,-0.05000000000000071,22.75,22.8,22.75,22.8,318.0,313.0,1600.0,2851.0,False,False
2884,2022-10-25 11:24:57.057655,-0.002192982456140413,-0.002192982456140413,-0.05000000000000071,-0.05000000000000071,22.75,22.8,22.75,22.8,318.0,313.0,1600.0,2851.0,False,False
2884,2022-10-25 11:24:57.453410,-0.002192982456140413,-0.002192982456140413,-0.05000000000000071,-0.05000000000000071,22.75,22.8,22.75,22.8,318.0,313.0,1926.0,2301.0,True,True
2884,2022-10-25 11:24:57.799755,-0.002192982456140413,-0.002192982456140413,-0.05000000000000071,-0.05000000000000071,22.75,22.8,22.75,22.8,318.0,314.0,1926.0,2301.0,False,False
2884,2022-10-25 11:24:57.800419,-0.002192982456140413,-0.002192982456140413,-0.05000000000000071,-0.05000000000000071,22.75,22.8,22.75,22.8,318.0,315.0,1926.0,2301.0,False,False
2884,2022-10-25 11:24:58.310033,-0.002192982456140413,-0.002192982456140413,-0.05000000000000071,-0.05000000000000071,22.75,22.8,22.75,22.8,319.0,315.0,1926.0,2301.0,False,False
2884,2022-10-25 11:24:58.475037,-0.002192982456140413,-0.002192982456140413,-0.05000000000000071,-0.05000000000000071,22.75,22.8,22.75,22.8,319.0,311.0,1926.0,2301.0,False,False
2884,2022-10-25 11:24:58.566274,-0.002192982456140413,-0.002192982456140413,-0.05000000000000071,-0.05000000000000071,22.75,22.8,22.75,22.8,319.0,317.0,1926.0,2301.0,False,False
2884,2022-10-25 11:24:59.004055,-0.002192982456140413,-0.002192982456140413,-0.05000000000000071,-0.05000000000000071,22.75,22.8,22.75,22.8,319.0,317.0,1926.0,2301.0,False,False
2884,2022-10-25 11:25:00.557664,-0.002192982456140413,-0.002192982456140413,-0.05000000000000071,-0.05000000000000071,22.75,22.8,22.75,22.8,319.0,317.0,1926.0,2301.0,False,False
2884,2022-10-25 11:25:01.480475,-0.002192982456140413,-0.002192982456140413,-0.05000000000000071,-0.05000000000000071,22.75,22.8,22.75,22.8,319.0,318.0,1926.0,2301.0,False,False
2884,2022-10-25 11:25:02.721407,-0.002192982456140413,-0.002192982456140413,-0.05000000000000071,-0.05000000000000071,22.75,22.8,22.75,22.8,324.0,318.0,1926.0,2301.0,False,False
2884,2022-10-25 11:25:06.385596,-0.002192982456140413,-0.002192982456140413,-0.05000000000000071,-0.05000000000000071,22.75,22.8,22.75,22.8,324.0,323.0,1926.0,2301.0,False,False
2884,2022-10-25 11:25:06.638210,-0.002192982456140413,-0.002192982456140413,-0.05000000000000071,-0.05000000000000071,22.75,22.8,22.75,22.8,324.0,323.0,2326.0,2301.0,False,True
2884,2022-10-25 11:25:07.258268,-0.002192982456140413,-0.002192982456140413,-0.05000000000000071,-0.05000000000000071,22.75,22.8,22.75,22.8,324.0,322.0,2326.0,2301.0,False,False
2884,2022-10-25 11:25:07.643835,-0.002192982456140413,-0.002192982456140413,-0.05000000000000071,-0.05000000000000071,22.75,22.8,22.75,22.8,324.0,323.0,2326.0,2301.0,False,False
2884,2022-10-25 11:25:07.645570,-0.002192982456140413,-0.002192982456140413,-0.05000000000000071,-0.05000000000000071,22.75,22.8,22.75,22.8,324.0,324.0,2326.0,2301.0,False,False
2884,2022-10-25 11:25:07.685947,-0.002192982456140413,-0.002192982456140413,-0.05000000000000071,-0.05000000000000071,22.75,22.8,22.75,22.8,324.0,324.0,2326.0,2301.0,False,False
2884,2022-10-25 11:25:08.790158,-0.002192982456140413,-0.002192982456140413,-0.05000000000000071,-0.05000000000000071,22.75,22.8,22.75,22.8,324.0,323.0,2326.0,2301.0,False,False
2884,2022-10-25 11:25:12.581020,-0.002192982456140413,-0.002192982456140413,-0.05000000000000071,-0.05000000000000071,22.75,22.8,22.75,22.8,325.0,323.0,2326.0,2301.0,False,False
2884,2022-10-25 11:25:15.355308,-0.002192982456140413,-0.002192982456140413,-0.05000000000000071,-0.05000000000000071,22.75,22.8,22.75,22.8,325.0,323.0,2326.0,2301.0,False,False
2884,2022-10-25 11:25:15.356708,-0.002192982456140413,-0.002192982456140413,-0.05000000000000071,-0.05000000000000071,22.75,22.8,22.75,22.8,330.0,323.0,2326.0,2301.0,False,False
2884,2022-10-25 11:25:16.837271,-0.002192982456140413,-0.002192982456140413,-0.05000000000000071,-0.05000000000000071,22.75,22.8,22.75,22.8,330.0,323.0,2359.0,2301.0,True,True
2884,2022-10-25 11:25:17.362687,-0.002192982456140413,-0.002192982456140413,-0.05000000000000071,-0.05000000000000071,22.75,22.8,22.75,22.8,330.0,323.0,2359.0,2301.0,False,False
2884,2022-10-25 11:25:17.392000,-0.002192982456140413,-0.002192982456140413,-0.05000000000000071,-0.05000000000000071,22.75,22.8,22.75,22.8,330.0,325.0,2359.0,2301.0,False,False
2884,2022-10-25 11:25:17.529799,-0.002192982456140413,-0.002192982456140413,-0.05000000000000071,-0.05000000000000071,22.75,22.8,22.75,22.8,330.0,326.0,2359.0,2301.0,False,False
2884,2022-10-25 11:25:17.531426,-0.002192982456140413,-0.002192982456140413,-0.05000000000000071,-0.05000000000000071,22.75,22.8,22.75,22.8,330.0,327.0,2359.0,2301.0,False,False
2884,2022-10-25 11:25:18.986337,-0.002192982456140413,-0.002192982456140413,-0.05000000000000071,-0.05000000000000071,22.75,22.8,22.75,22.8,330.0,327.0,2359.0,2301.0,False,False
2884,2022-10-25 11:25:19.776913,-0.002192982456140413,-0.002192982456140413,-0.05000000000000071,-0.05000000000000071,22.75,22.8,22.75,22.8,330.0,327.0,2359.0,2301.0,False,False
2884,2022-10-25 11:25:19.778158,-0.002192982456140413,-0.002192982456140413,-0.05000000000000071,-0.05000000000000071,22.75,22.8,22.75,22.8,330.0,327.0,2359.0,2301.0,False,False
2884,2022-10-25 11:25:24.350137,-0.002192982456140413,-0.002192982456140413,-0.05000000000000071,-0.05000000000000071,22.75,22.8,22.75,22.8,459.0,327.0,2359.0,2301.0,False,False
2884,2022-10-25 11:25:24.765824,-0.002192982456140413,-0.002192982456140413,-0.05000000000000071,-0.05000000000000071,22.75,22.8,22.75,22.8,464.0,327.0,2359.0,2301.0,False,False
2884,2022-10-25 11:25:25.344115,-0.002192982456140413,-0.002192982456140413,-0.05000000000000071,-0.05000000000000071,22.75,22.8,22.75,22.8,464.0,318.0,2359.0,2301.0,False,False
2884,2022-10-25 11:25:25.459109,-0.002192982456140413,-0.002192982456140413,-0.05000000000000071,-0.05000000000000071,22.75,22.8,22.75,22.8,464.0,309.0,2359.0,2301.0,False,False
2884,2022-10-25 11:25:26.197929,-0.002192982456140413,-0.002192982456140413,-0.05000000000000071,-0.05000000000000071,22.75,22.8,22.75,22.8,464.0,309.0,2359.0,2301.0,False,False
2884,2022-10-25 11:25:26.199110,-0.002192982456140413,-0.002192982456140413,-0.05000000000000071,-0.05000000000000071,22.75,22.8,22.75,22.8,464.0,303.0,2359.0,2301.0,False,False
2884,2022-10-25 11:25:26.330681,-0.002192982456140413,-0.002192982456140413,-0.05000000000000071,-0.05000000000000071,22.75,22.8,22.75,22.8,335.0,310.0,2359.0,2301.0,False,False
2884,2022-10-25 11:25:26.695563,-0.002192982456140413,-0.002192982456140413,-0.05000000000000071,-0.05000000000000071,22.75,22.8,22.75,22.8,335.0,300.0,2359.0,2301.0,False,False
2884,2022-10-25 11:25:26.850323,-0.002192982456140413,-0.002192982456140413,-0.05000000000000071,-0.05000000000000071,22.75,22.8,22.75,22.8,335.0,300.0,2359.0,2301.0,True,True
2884,2022-10-25 11:25:27.410212,-0.002192982456140413,-0.002192982456140413,-0.05000000000000071,-0.05000000000000071,22.75,22.8,22.75,22.8,335.0,301.0,2359.0,2301.0,False,False
2884,2022-10-25 11:25:27.411998,-0.002192982456140413,-0.002192982456140413,-0.05000000000000071,-0.05000000000000071,22.75,22.8,22.75,22.8,334.0,300.0,2359.0,2301.0,False,False
2884,2022-10-25 11:25:27.412205,-0.002192982456140413,-0.002192982456140413,-0.05000000000000071,-0.05000000000000071,22.75,22.8,22.75,22.8,334.0,301.0,2359.0,2301.0,False,False
2884,2022-10-25 11:25:30.330812,-0.002192982456140413,-0.002192982456140413,-0.05000000000000071,-0.05000000000000071,22.75,22.8,22.75,22.8,464.0,301.0,2359.0,2301.0,False,False
2884,2022-10-25 11:25:30.392381,-0.002192982456140413,-0.002192982456140413,-0.05000000000000071,-0.05000000000000071,22.75,22.8,22.75,22.8,464.0,292.0,2359.0,2301.0,False,False
2884,2022-10-25 11:25:30.517776,-0.002192982456140413,-0.002192982456140413,-0.05000000000000071,-0.05000000000000071,22.75,22.8,22.75,22.8,464.0,283.0,2359.0,2301.0,False,False
2884,2022-10-25 11:25:31.210560,-0.002192982456140413,-0.002192982456140413,-0.05000000000000071,-0.05000000000000071,22.75,22.8,22.75,22.8,463.0,283.0,2359.0,2301.0,False,False
2884,2022-10-25 11:25:31.229846,-0.002192982456140413,-0.002192982456140413,-0.05000000000000071,-0.05000000000000071,22.75,22.8,22.75,22.8,506.0,28.0,2359.0,2301.0,False,False
2884,2022-10-25 11:25:31.229385,-0.002192982456140413,-0.002192982456140413,-0.05000000000000071,-0.05000000000000071,22.75,22.8,22.75,22.8,506.0,278.0,2359.0,2301.0,False,False
2884,2022-10-25 11:25:31.250150,-0.002192982456140413,-0.002192982456140413,-0.05000000000000071,-0.05000000000000071,22.75,22.8,22.75,22.8,506.0,28.0,2359.0,2301.0,False,False
2884,2022-10-25 11:25:31.250196,-0.002192982456140413,-0.002192982456140413,-0.05000000000000071,-0.05000000000000071,22.75,22.8,22.75,22.8,506.0,8.0,2359.0,2301.0,False,False
2884,2022-10-25 11:25:31.250212,-0.004376367614879695,-0.002192982456140413,-0.10000000000000142,-0.05000000000000071,22.75,22.85,22.75,22.8,506.0,306.0,2359.0,2301.0,False,False
2884,2022-10-25 11:25:31.333496,-0.004376367614879695,0.0,-0.10000000000000142,0.0,22.8,22.85,22.75,22.8,223.0,306.0,2359.0,2301.0,False,False
2884,2022-10-25 11:25:31.454016,-0.004376367614879695,0.0,-0.10000000000000142,0.0,22.8,22.85,22.75,22.8,259.0,332.0,2359.0,2301.0,False,False
2884,2022-10-25 11:25:31.484138,-0.004376367614879695,0.0,-0.10000000000000142,0.0,22.8,22.85,22.75,22.8,259.0,323.0,2359.0,2301.0,False,False
2884,2022-10-25 11:25:31.479210,-0.004376367614879695,0.0,-0.10000000000000142,0.0,22.8,22.85,22.75,22.8,259.0,332.0,2359.0,2301.0,False,False
2884,2022-10-25 11:25:31.610852,-0.004376367614879695,0.0,-0.10000000000000142,0.0,22.8,22.85,22.75,22.8,259.0,320.0,2359.0,2301.0,False,False
2884,2022-10-25 11:25:32.089989,-0.004376367614879695,0.0,-0.10000000000000142,0.0,22.8,22.85,22.75,22.8,259.0,320.0,2359.0,2301.0,False,False
2884,2022-10-25 11:25:32.189982,-0.004376367614879695,0.0,-0.10000000000000142,0.0,22.8,22.85,22.75,22.8,259.0,329.0,2359.0,2301.0,False,False
2884,2022-10-25 11:25:32.296922,-0.004376367614879695,0.0,-0.10000000000000142,0.0,22.8,22.85,22.75,22.8,259.0,329.0,2359.0,2301.0,False,False
2884,2022-10-25 11:25:32.306208,-0.004376367614879695,0.0,-0.10000000000000142,0.0,22.8,22.85,22.75,22.8,271.0,329.0,2359.0,2301.0,False,False
2884,2022-10-25 11:25:32.397345,-0.004376367614879695,0.0,-0.10000000000000142,0.0,22.8,22.85,22.75,22.8,263.0,329.0,2359.0,2301.0,False,False
2884,2022-10-25 11:25:32.549004,-0.004376367614879695,0.0,-0.10000000000000142,0.0,22.8,22.85,22.75,22.8,272.0,329.0,2359.0,2301.0,False,False
2884,2022-10-25 11:25:32.944528,-0.004376367614879695,0.0,-0.10000000000000142,0.0,22.8,22.85,22.75,22.8,273.0,329.0,2359.0,2301.0,False,False
2884,2022-10-25 11:25:32.992093,-0.004376367614879695,0.0,-0.10000000000000142,0.0,22.8,22.85,22.75,22.8,273.0,329.0,2359.0,2301.0,False,False
2884,2022-10-25 11:25:33.340517,-0.004376367614879695,0.0,-0.10000000000000142,0.0,22.8,22.85,22.75,22.8,273.0,333.0,2359.0,2301.0,False,False
2884,2022-10-25 11:25:34.454593,-0.004376367614879695,0.0,-0.10000000000000142,0.0,22.8,22.85,22.75,22.8,274.0,333.0,2359.0,2301.0,False,False
2884,2022-10-25 11:25:34.518331,-0.004376367614879695,0.0,-0.10000000000000142,0.0,22.8,22.85,22.75,22.8,274.0,331.0,2359.0,2301.0,False,False
2884,2022-10-25 11:25:34.610361,-0.004376367614879695,0.0,-0.10000000000000142,0.0,22.8,22.85,22.75,22.8,278.0,331.0,2359.0,2301.0,False,False
2884,2022-10-25 11:25:35.532543,-0.004376367614879695,0.0,-0.10000000000000142,0.0,22.8,22.85,22.75,22.8,278.0,331.0,2359.0,2301.0,False,False
2884,2022-10-25 11:25:35.535014,-0.004376367614879695,0.0,-0.10000000000000142,0.0,22.8,22.85,22.75,22.8,309.0,331.0,2359.0,2301.0,False,False
2884,2022-10-25 11:25:36.143441,-0.004376367614879695,0.0,-0.10000000000000142,0.0,22.8,22.85,22.75,22.8,309.0,331.0,2359.0,2301.0,False,False
2884,2022-10-25 11:25:36.880744,-0.004376367614879695,0.0,-0.10000000000000142,0.0,22.8,22.85,22.75,22.8,309.0,331.0,2359.0,2301.0,True,True
2884,2022-10-25 11:25:37.305141,-0.004376367614879695,0.0,-0.10000000000000142,0.0,22.8,22.85,22.75,22.8,309.0,332.0,2359.0,2301.0,False,False
2884,2022-10-25 11:25:40.514561,-0.004376367614879695,0.0,-0.10000000000000142,0.0,22.8,22.85,22.75,22.8,309.0,322.0,2359.0,2301.0,False,False
2884,2022-10-25 11:25:40.764012,-0.004376367614879695,0.0,-0.10000000000000142,0.0,22.8,22.85,22.75,22.8,309.0,313.0,2359.0,2301.0,False,False
2884,2022-10-25 11:25:40.975679,-0.004376367614879695,0.0,-0.10000000000000142,0.0,22.8,22.85,22.75,22.8,309.0,313.0,2359.0,2301.0,False,False
2884,2022-10-25 11:25:41.334343,-0.004376367614879695,0.0,-0.10000000000000142,0.0,22.8,22.85,22.75,22.8,309.0,313.0,2359.0,2301.0,False,False
2884,2022-10-25 11:25:46.718120,-0.004376367614879695,0.0,-0.10000000000000142,0.0,22.8,22.85,22.75,22.8,309.0,313.0,2359.0,2301.0,False,False
2884,2022-10-25 11:25:46.749039,-0.004376367614879695,0.0,-0.10000000000000142,0.0,22.8,22.85,22.75,22.8,309.0,313.0,2359.0,2301.0,False,False
2884,2022-10-25 11:25:46.752724,-0.004376367614879695,0.0,-0.10000000000000142,0.0,22.8,22.85,22.75,22.8,344.0,313.0,2359.0,2301.0,False,False
2884,2022-10-25 11:25:46.906406,-0.004376367614879695,0.0,-0.10000000000000142,0.0,22.8,22.85,22.75,22.8,344.0,313.0,2359.0,2301.0,True,True
2884,2022-10-25 11:25:47.220698,-0.004376367614879695,0.0,-0.10000000000000142,0.0,22.8,22.85,22.75,22.8,344.0,314.0,2359.0,2301.0,False,False
2884,2022-10-25 11:25:47.222155,-0.004376367614879695,0.0,-0.10000000000000142,0.0,22.8,22.85,22.75,22.8,344.0,315.0,2359.0,2301.0,False,False
2884,2022-10-25 11:25:51.297806,-0.004376367614879695,0.0,-0.10000000000000142,0.0,22.8,22.85,22.75,22.8,344.0,317.0,2359.0,2301.0,False,False
2884,2022-10-25 11:25:51.322341,-0.004376367614879695,0.0,-0.10000000000000142,0.0,22.8,22.85,22.75,22.8,344.0,317.0,2359.0,2301.0,False,False
2884,2022-10-25 11:25:51.917510,-0.004376367614879695,0.0,-0.10000000000000142,0.0,22.8,22.85,22.75,22.8,344.0,308.0,2359.0,2301.0,False,False
2884,2022-10-25 11:25:53.640591,-0.004376367614879695,0.0,-0.10000000000000142,0.0,22.8,22.85,22.75,22.8,345.0,308.0,2359.0,2301.0,False,False
2884,2022-10-25 11:25:53.806532,-0.004376367614879695,0.0,-0.10000000000000142,0.0,22.8,22.85,22.75,22.8,345.0,308.0,2359.0,2301.0,False,False
2884,2022-10-25 11:25:54.132250,-0.004376367614879695,0.0,-0.10000000000000142,0.0,22.8,22.85,22.75,22.8,345.0,308.0,2359.0,2301.0,False,False
2884,2022-10-25 11:25:54.268444,-0.004376367614879695,0.0,-0.10000000000000142,0.0,22.8,22.85,22.75,22.8,345.0,306.0,2359.0,2301.0,False,False
2884,2022-10-25 11:25:54.288928,-0.004376367614879695,0.0,-0.10000000000000142,0.0,22.8,22.85,22.75,22.8,345.0,307.0,2359.0,2301.0,False,False
2884,2022-10-25 11:25:54.861806,-0.004376367614879695,0.0,-0.10000000000000142,0.0,22.8,22.85,22.75,22.8,345.0,235.0,2359.0,2301.0,False,False
2884,2022-10-25 11:25:56.025846,-0.004376367614879695,0.0,-0.10000000000000142,0.0,22.8,22.85,22.75,22.8,345.0,234.0,2359.0,2301.0,False,False
2884,2022-10-25 11:25:56.932285,-0.004376367614879695,0.0,-0.10000000000000142,0.0,22.8,22.85,22.75,22.8,345.0,234.0,2359.0,1969.0,True,True
2884,2022-10-25 11:25:57.117784,-0.004376367614879695,0.0,-0.10000000000000142,0.0,22.8,22.85,22.75,22.8,345.0,235.0,2359.0,1969.0,False,False
2884,2022-10-25 11:25:57.119057,-0.004376367614879695,0.0,-0.10000000000000142,0.0,22.8,22.85,22.75,22.8,345.0,236.0,2359.0,1969.0,False,False
2884,2022-10-25 11:25:58.823714,-0.004376367614879695,0.0,-0.10000000000000142,0.0,22.8,22.85,22.75,22.8,345.0,236.0,2359.0,1969.0,False,False
2884,2022-10-25 11:25:59.304320,-0.004376367614879695,0.0,-0.10000000000000142,0.0,22.8,22.85,22.75,22.8,345.0,234.0,2359.0,1969.0,False,False
2884,2022-10-25 11:26:02.981563,-0.004376367614879695,0.0,-0.10000000000000142,0.0,22.8,22.85,22.75,22.8,345.0,234.0,2359.0,1969.0,False,False
2884,2022-10-25 11:26:05.614380,-0.004376367614879695,0.0,-0.10000000000000142,0.0,22.8,22.85,22.75,22.8,345.0,234.0,2359.0,1969.0,False,False
2884,2022-10-25 11:26:06.511630,-0.004376367614879695,0.0,-0.10000000000000142,0.0,22.8,22.85,22.75,22.8,345.0,233.0,2359.0,1969.0,False,False
2884,2022-10-25 11:26:06.957564,-0.004376367614879695,0.0,-0.10000000000000142,0.0,22.8,22.85,22.75,22.8,345.0,233.0,2359.0,1734.0,True,True
2884,2022-10-25 11:26:07.014659,-0.004376367614879695,0.0,-0.10000000000000142,0.0,22.8,22.85,22.75,22.8,345.0,234.0,2359.0,1734.0,False,False
2884,2022-10-25 11:26:07.015283,-0.004376367614879695,0.0,-0.10000000000000142,0.0,22.8,22.85,22.75,22.8,345.0,235.0,2359.0,1734.0,False,False
2884,2022-10-25 11:26:08.017608,-0.004376367614879695,0.0,-0.10000000000000142,0.0,22.8,22.85,22.75,22.8,345.0,235.0,2359.0,1734.0,False,False
2884,2022-10-25 11:26:08.768485,-0.004376367614879695,0.0,-0.10000000000000142,0.0,22.8,22.85,22.75,22.8,345.0,247.0,2359.0,1734.0,False,False
2884,2022-10-25 11:26:13.309487,-0.004376367614879695,0.0,-0.10000000000000142,0.0,22.8,22.85,22.75,22.8,476.0,247.0,2359.0,1734.0,False,False
2884,2022-10-25 11:26:13.352867,-0.004376367614879695,0.0,-0.10000000000000142,0.0,22.8,22.85,22.75,22.8,476.0,246.0,2359.0,1734.0,False,False
2884,2022-10-25 11:26:13.675712,-0.004376367614879695,0.0,-0.10000000000000142,0.0,22.8,22.85,22.75,22.8,483.0,246.0,2359.0,1734.0,False,False
2884,2022-10-25 11:26:13.750332,-0.004376367614879695,0.0,-0.10000000000000142,0.0,22.8,22.85,22.75,22.8,484.0,246.0,2359.0,1734.0,False,False
2884,2022-10-25 11:26:13.833205,-0.004376367614879695,0.0,-0.10000000000000142,0.0,22.8,22.85,22.75,22.8,495.0,246.0,2359.0,1734.0,False,False
2884,2022-10-25 11:26:14.169552,-0.004376367614879695,0.0,-0.10000000000000142,0.0,22.8,22.85,22.75,22.8,496.0,246.0,2359.0,1734.0,False,False
2884,2022-10-25 11:26:14.266957,-0.004376367614879695,0.0,-0.10000000000000142,0.0,22.8,22.85,22.75,22.8,365.0,246.0,2359.0,1734.0,False,False
2884,2022-10-25 11:26:14.679090,-0.004376367614879695,0.0,-0.10000000000000142,0.0,22.8,22.85,22.75,22.8,362.0,246.0,2359.0,1734.0,False,False
2884,2022-10-25 11:26:16.907809,-0.004376367614879695,0.0,-0.10000000000000142,0.0,22.8,22.85,22.75,22.8,362.0,247.0,2359.0,1734.0,False,False
2884,2022-10-25 11:26:16.908524,-0.004376367614879695,0.0,-0.10000000000000142,0.0,22.8,22.85,22.75,22.8,362.0,248.0,2359.0,1734.0,False,False
2884,2022-10-25 11:26:16.984940,-0.004376367614879695,0.0,-0.10000000000000142,0.0,22.8,22.85,22.75,22.8,362.0,248.0,2359.0,1734.0,True,True
2884,2022-10-25 11:26:20.762872,-0.004376367614879695,0.0,-0.10000000000000142,0.0,22.8,22.85,22.75,22.8,362.0,247.0,2359.0,1734.0,False,False
2884,2022-10-25 11:26:22.532767,-0.004376367614879695,0.0,-0.10000000000000142,0.0,22.8,22.85,22.75,22.8,362.0,252.0,2359.0,1734.0,False,False
2884,2022-10-25 11:26:24.990333,-0.004376367614879695,0.0,-0.10000000000000142,0.0,22.8,22.85,22.75,22.8,362.0,252.0,2359.0,1734.0,False,False
2884,2022-10-25 11:26:26.411690,-0.004376367614879695,0.0,-0.10000000000000142,0.0,22.8,22.85,22.75,22.8,342.0,252.0,2359.0,1734.0,False,False
2884,2022-10-25 11:26:26.807891,-0.004376367614879695,0.0,-0.10000000000000142,0.0,22.8,22.85,22.75,22.8,342.0,253.0,2359.0,1734.0,False,False
2884,2022-10-25 11:26:26.808666,-0.004376367614879695,0.0,-0.10000000000000142,0.0,22.8,22.85,22.75,22.8,342.0,254.0,2359.0,1734.0,False,False
2884,2022-10-25 11:26:28.329949,-0.004376367614879695,0.0,-0.10000000000000142,0.0,22.8,22.85,22.75,22.8,342.0,254.0,2359.0,1734.0,False,False
2884,2022-10-25 11:26:30.515276,-0.004376367614879695,0.0,-0.10000000000000142,0.0,22.8,22.85,22.75,22.8,362.0,254.0,2359.0,1734.0,False,False
2884,2022-10-25 11:26:32.168591,-0.004376367614879695,0.0,-0.10000000000000142,0.0,22.8,22.85,22.75,22.8,357.0,254.0,2359.0,1734.0,False,False
2884,2022-10-25 11:26:32.191638,-0.004376367614879695,0.0,-0.10000000000000142,0.0,22.8,22.85,22.75,22.8,357.0,253.0,2359.0,1734.0,False,False
2884,2022-10-25 11:26:32.546400,-0.004376367614879695,0.0,-0.10000000000000142,0.0,22.8,22.85,22.75,22.8,357.0,253.0,2359.0,1734.0,False,False
2884,2022-10-25 11:26:33.222537,-0.004376367614879695,0.0,-0.10000000000000142,0.0,22.8,22.85,22.75,22.8,356.0,253.0,2359.0,1734.0,False,False
2884,2022-10-25 11:26:35.763971,-0.004376367614879695,0.0,-0.10000000000000142,0.0,22.8,22.85,22.75,22.8,356.0,253.0,2359.0,1734.0,False,False
2884,2022-10-25 11:26:36.706642,-0.004376367614879695,0.0,-0.10000000000000142,0.0,22.8,22.85,22.75,22.8,356.0,255.0,2359.0,1734.0,False,False
2884,2022-10-25 11:26:37.043627,-0.004376367614879695,0.0,-0.10000000000000142,0.0,22.8,22.85,22.75,22.8,356.0,255.0,2529.0,1820.0,True,True
2884,2022-10-25 11:26:38.995561,-0.004376367614879695,0.0,-0.10000000000000142,0.0,22.8,22.85,22.75,22.8,336.0,255.0,2529.0,1820.0,False,False
2884,2022-10-25 11:26:39.210856,-0.004376367614879695,0.0,-0.10000000000000142,0.0,22.8,22.85,22.75,22.8,336.0,254.0,2529.0,1820.0,False,False
2884,2022-10-25 11:26:39.385097,-0.004376367614879695,0.0,-0.10000000000000142,0.0,22.8,22.85,22.75,22.8,356.0,254.0,2529.0,1820.0,False,False
2884,2022-10-25 11:26:39.612875,-0.004376367614879695,0.0,-0.10000000000000142,0.0,22.8,22.85,22.75,22.8,357.0,254.0,2529.0,1820.0,False,False
2884,2022-10-25 11:26:42.405674,-0.004376367614879695,0.0,-0.10000000000000142,0.0,22.8,22.85,22.75,22.8,357.0,253.0,2529.0,1820.0,False,False
2884,2022-10-25 11:26:42.890199,-0.004376367614879695,0.0,-0.10000000000000142,0.0,22.8,22.85,22.75,22.8,337.0,253.0,2529.0,1820.0,False,False
2884,2022-10-25 11:26:44.227711,-0.004376367614879695,0.0,-0.10000000000000142,0.0,22.8,22.85,22.75,22.8,337.0,253.0,2529.0,1820.0,False,False
2884,2022-10-25 11:26:45.409032,-0.004376367614879695,0.0,-0.10000000000000142,0.0,22.8,22.85,22.75,22.8,357.0,253.0,2529.0,1820.0,False,False
2884,2022-10-25 11:26:46.272691,-0.004376367614879695,0.0,-0.10000000000000142,0.0,22.8,22.85,22.75,22.8,357.0,253.0,2529.0,1820.0,False,False
2884,2022-10-25 11:26:46.630091,-0.004376367614879695,0.0,-0.10000000000000142,0.0,22.8,22.85,22.75,22.8,357.0,254.0,2529.0,1820.0,False,False
2884,2022-10-25 11:26:46.631025,-0.004376367614879695,0.0,-0.10000000000000142,0.0,22.8,22.85,22.75,22.8,357.0,255.0,2529.0,1820.0,False,False
2884,2022-10-25 11:26:47.000422,-0.004376367614879695,0.0,-0.10000000000000142,0.0,22.8,22.85,22.75,22.8,357.0,255.0,2529.0,1820.0,False,False
2884,2022-10-25 11:26:47.074010,-0.004376367614879695,0.0,-0.10000000000000142,0.0,22.8,22.85,22.75,22.8,357.0,255.0,2529.0,1720.0,True,True
2884,2022-10-25 11:26:47.873210,-0.004376367614879695,0.0,-0.10000000000000142,0.0,22.8,22.85,22.75,22.8,359.0,255.0,2529.0,1720.0,False,False
2884,2022-10-25 11:26:48.060533,-0.004376367614879695,0.0,-0.10000000000000142,0.0,22.8,22.85,22.75,22.8,359.0,254.0,2529.0,1720.0,False,False
2884,2022-10-25 11:26:48.312894,-0.004376367614879695,0.0,-0.10000000000000142,0.0,22.8,22.85,22.75,22.8,358.0,253.0,2529.0,1720.0,False,False
2884,2022-10-25 11:26:50.824636,-0.004376367614879695,0.0,-0.10000000000000142,0.0,22.8,22.85,22.75,22.8,358.0,263.0,2529.0,1720.0,False,False
2884,2022-10-25 11:26:50.848537,-0.004376367614879695,0.0,-0.10000000000000142,0.0,22.8,22.85,22.75,22.8,338.0,263.0,2529.0,1720.0,False,False
2884,2022-10-25 11:26:51.687607,-0.004376367614879695,0.0,-0.10000000000000142,0.0,22.8,22.85,22.75,22.8,338.0,313.0,2529.0,1720.0,False,False
2884,2022-10-25 11:26:54.130931,-0.004376367614879695,0.0,-0.10000000000000142,0.0,22.8,22.85,22.75,22.8,338.0,313.0,2529.0,1720.0,False,False
2884,2022-10-25 11:26:56.519083,-0.004376367614879695,0.0,-0.10000000000000142,0.0,22.8,22.85,22.75,22.8,338.0,314.0,2529.0,1720.0,False,False
2884,2022-10-25 11:26:56.519831,-0.004376367614879695,0.0,-0.10000000000000142,0.0,22.8,22.85,22.75,22.8,338.0,315.0,2529.0,1720.0,False,False
2884,2022-10-25 11:26:56.598665,-0.004376367614879695,0.0,-0.10000000000000142,0.0,22.8,22.85,22.75,22.8,338.0,335.0,2529.0,1720.0,False,False
2884,2022-10-25 11:26:56.681381,-0.004376367614879695,0.0,-0.10000000000000142,0.0,22.8,22.85,22.75,22.8,345.0,335.0,2529.0,1720.0,False,False
2884,2022-10-25 11:26:56.998540,-0.004376367614879695,0.0,-0.10000000000000142,0.0,22.8,22.85,22.75,22.8,345.0,443.0,2529.0,1720.0,False,False
2884,2022-10-25 11:26:57.025179,-0.004376367614879695,0.0,-0.10000000000000142,0.0,22.8,22.85,22.75,22.8,345.0,461.0,2529.0,1720.0,False,False
2884,2022-10-25 11:26:57.101064,-0.004376367614879695,0.0,-0.10000000000000142,0.0,22.8,22.85,22.75,22.8,345.0,461.0,2559.0,1720.0,True,True
2884,2022-10-25 11:26:57.151508,-0.004376367614879695,0.0,-0.10000000000000142,0.0,22.8,22.85,22.75,22.8,345.0,458.0,2559.0,1720.0,False,False
2884,2022-10-25 11:26:57.242679,-0.004376367614879695,0.0,-0.10000000000000142,0.0,22.8,22.85,22.75,22.8,345.0,459.0,2559.0,1720.0,False,False
2884,2022-10-25 11:26:58.153622,-0.004376367614879695,0.0,-0.10000000000000142,0.0,22.8,22.85,22.75,22.8,345.0,458.0,2559.0,1720.0,False,False
2884,2022-10-25 11:26:58.556662,-0.004376367614879695,0.0,-0.10000000000000142,0.0,22.8,22.85,22.75,22.8,345.0,459.0,2559.0,1720.0,False,False
2884,2022-10-25 11:27:02.051747,-0.004376367614879695,0.0,-0.10000000000000142,0.0,22.8,22.85,22.75,22.8,345.0,459.0,2559.0,1720.0,False,False
2884,2022-10-25 11:27:02.515525,-0.004376367614879695,0.0,-0.10000000000000142,0.0,22.8,22.85,22.75,22.8,344.0,459.0,2559.0,1720.0,False,False
2884,2022-10-25 11:27:03.493062,-0.004376367614879695,0.0,-0.10000000000000142,0.0,22.8,22.85,22.75,22.8,344.0,459.0,2559.0,1720.0,False,False
2884,2022-10-25 11:27:04.063246,-0.004376367614879695,0.0,-0.10000000000000142,0.0,22.8,22.85,22.75,22.8,343.0,459.0,2559.0,1720.0,False,False
2884,2022-10-25 11:27:05.545120,-0.004376367614879695,0.0,-0.10000000000000142,0.0,22.8,22.85,22.75,22.8,343.0,459.0,2559.0,1720.0,False,False
2884,2022-10-25 11:27:06.422634,-0.004376367614879695,0.0,-0.10000000000000142,0.0,22.8,22.85,22.75,22.8,342.0,459.0,2559.0,1720.0,False,False
2884,2022-10-25 11:27:06.423072,-0.004376367614879695,0.0,-0.10000000000000142,0.0,22.8,22.85,22.75,22.8,341.0,459.0,2559.0,1720.0,False,False
2884,2022-10-25 11:27:06.454021,-0.004376367614879695,0.0,-0.10000000000000142,0.0,22.8,22.85,22.75,22.8,332.0,459.0,2559.0,1720.0,False,False
2884,2022-10-25 11:27:07.049061,-0.004376367614879695,0.0,-0.10000000000000142,0.0,22.8,22.85,22.75,22.8,332.0,459.0,2559.0,1720.0,False,False
2884,2022-10-25 11:27:07.068997,-0.004376367614879695,0.0,-0.10000000000000142,0.0,22.8,22.85,22.75,22.8,332.0,458.0,2559.0,1720.0,False,False
2884,2022-10-25 11:27:07.124998,-0.004376367614879695,0.0,-0.10000000000000142,0.0,22.8,22.85,22.75,22.8,332.0,458.0,2559.0,1720.0,True,True
2884,2022-10-25 11:27:09.016125,-0.004376367614879695,0.0,-0.10000000000000142,0.0,22.8,22.85,22.75,22.8,332.0,458.0,2559.0,1720.0,False,False
2884,2022-10-25 11:27:09.703980,-0.004376367614879695,0.0,-0.10000000000000142,0.0,22.8,22.85,22.75,22.8,332.0,458.0,2559.0,1720.0,False,False
2884,2022-10-25 11:27:09.705436,-0.004376367614879695,0.0,-0.10000000000000142,0.0,22.8,22.85,22.75,22.8,332.0,559.0,2559.0,1720.0,False,False
2884,2022-10-25 11:27:10.981020,-0.004376367614879695,0.0,-0.10000000000000142,0.0,22.8,22.85,22.75,22.8,334.0,559.0,2559.0,1720.0,False,False
2884,2022-10-25 11:27:16.324103,-0.004376367614879695,0.0,-0.10000000000000142,0.0,22.8,22.85,22.75,22.8,334.0,560.0,2559.0,1720.0,False,False
2884,2022-10-25 11:27:16.325778,-0.004376367614879695,0.0,-0.10000000000000142,0.0,22.8,22.85,22.75,22.8,334.0,561.0,2559.0,1720.0,False,False
2884,2022-10-25 11:27:17.064647,-0.004376367614879695,0.0,-0.10000000000000142,0.0,22.8,22.85,22.75,22.8,334.0,561.0,2559.0,1720.0,False,False
2884,2022-10-25 11:27:17.152047,-0.004376367614879695,0.0,-0.10000000000000142,0.0,22.8,22.85,22.75,22.8,334.0,561.0,2626.0,1720.0,True,True
2884,2022-10-25 11:27:17.066116,-0.004376367614879695,0.0,-0.10000000000000142,0.0,22.8,22.85,22.75,22.8,334.0,577.0,2626.0,1720.0,False,False
2884,2022-10-25 11:27:18.871961,-0.004376367614879695,0.0,-0.10000000000000142,0.0,22.8,22.85,22.75,22.8,334.0,577.0,2626.0,1720.0,False,False
2884,2022-10-25 11:27:20.872123,-0.004376367614879695,0.0,-0.10000000000000142,0.0,22.8,22.85,22.75,22.8,334.0,576.0,2626.0,1720.0,False,False
2884,2022-10-25 11:27:23.215570,-0.004376367614879695,0.0,-0.10000000000000142,0.0,22.8,22.85,22.75,22.8,334.0,577.0,2626.0,1720.0,False,False
2884,2022-10-25 11:27:23.710653,-0.004376367614879695,0.0,-0.10000000000000142,0.0,22.8,22.85,22.75,22.8,334.0,573.0,2626.0,1720.0,False,False
2884,2022-10-25 11:27:23.926686,-0.004376367614879695,0.0,-0.10000000000000142,0.0,22.8,22.85,22.75,22.8,334.0,572.0,2626.0,1720.0,False,False
2884,2022-10-25 11:27:24.712096,-0.004376367614879695,0.0,-0.10000000000000142,0.0,22.8,22.85,22.75,22.8,334.0,572.0,2626.0,1720.0,False,False
2884,2022-10-25 11:27:26.211831,-0.004376367614879695,0.0,-0.10000000000000142,0.0,22.8,22.85,22.75,22.8,334.0,573.0,2626.0,1720.0,False,False
2884,2022-10-25 11:27:26.557284,-0.004376367614879695,0.0,-0.10000000000000142,0.0,22.8,22.85,22.75,22.8,334.0,573.0,2626.0,1720.0,False,False
2884,2022-10-25 11:27:27.188313,-0.004376367614879695,0.0,-0.10000000000000142,0.0,22.8,22.85,22.75,22.8,334.0,573.0,2639.0,1570.0,True,True
2884,2022-10-25 11:27:28.171992,-0.004376367614879695,0.0,-0.10000000000000142,0.0,22.8,22.85,22.75,22.8,334.0,571.0,2639.0,1570.0,False,False
2884,2022-10-25 11:27:28.451431,-0.004376367614879695,0.0,-0.10000000000000142,0.0,22.8,22.85,22.75,22.8,334.0,571.0,2639.0,1570.0,False,False
2884,2022-10-25 11:27:29.912681,-0.004376367614879695,0.0,-0.10000000000000142,0.0,22.8,22.85,22.75,22.8,334.0,571.0,2639.0,1570.0,False,False
2884,2022-10-25 11:27:30.205850,-0.004376367614879695,0.0,-0.10000000000000142,0.0,22.8,22.85,22.75,22.8,334.0,570.0,2639.0,1570.0,False,False
2884,2022-10-25 11:27:30.604787,-0.004376367614879695,0.0,-0.10000000000000142,0.0,22.8,22.85,22.75,22.8,334.0,570.0,2639.0,1570.0,False,False
2884,2022-10-25 11:27:31.024934,-0.004376367614879695,0.0,-0.10000000000000142,0.0,22.8,22.85,22.75,22.8,334.0,570.0,2639.0,1570.0,False,False
2884,2022-10-25 11:27:32.975105,-0.004376367614879695,0.0,-0.10000000000000142,0.0,22.8,22.85,22.75,22.8,334.0,570.0,2639.0,1570.0,False,False
2884,2022-10-25 11:27:36.123850,-0.004376367614879695,0.0,-0.10000000000000142,0.0,22.8,22.85,22.75,22.8,334.0,571.0,2639.0,1570.0,False,False
2884,2022-10-25 11:27:36.125656,-0.004376367614879695,0.0,-0.10000000000000142,0.0,22.8,22.85,22.75,22.8,334.0,572.0,2639.0,1570.0,False,False
2884,2022-10-25 11:27:37.233843,-0.004376367614879695,0.0,-0.10000000000000142,0.0,22.8,22.85,22.75,22.8,334.0,572.0,3139.0,1570.0,True,True
2884,2022-10-25 11:27:38.755870,-0.004376367614879695,0.0,-0.10000000000000142,0.0,22.8,22.85,22.75,22.8,334.0,573.0,3139.0,1570.0,False,False
2884,2022-10-25 11:27:40.322479,-0.004376367614879695,0.0,-0.10000000000000142,0.0,22.8,22.85,22.75,22.8,334.0,572.0,3139.0,1570.0,False,False
2884,2022-10-25 11:27:41.961519,-0.004376367614879695,0.0,-0.10000000000000142,0.0,22.8,22.85,22.75,22.8,259.0,572.0,3139.0,1570.0,False,False
2884,2022-10-25 11:27:42.038372,-0.004376367614879695,0.0,-0.10000000000000142,0.0,22.8,22.85,22.75,22.8,259.0,573.0,3139.0,1570.0,False,False
2884,2022-10-25 11:27:42.039485,-0.004376367614879695,0.0,-0.10000000000000142,0.0,22.8,22.85,22.75,22.8,259.0,573.0,3139.0,1570.0,False,False
2884,2022-10-25 11:27:44.648800,-0.004376367614879695,0.0,-0.10000000000000142,0.0,22.8,22.85,22.75,22.8,259.0,574.0,3139.0,1570.0,False,False
2884,2022-10-25 11:27:46.020458,-0.004376367614879695,0.0,-0.10000000000000142,0.0,22.8,22.85,22.75,22.8,258.0,574.0,3139.0,1570.0,False,False
2884,2022-10-25 11:27:46.021754,-0.004376367614879695,0.0,-0.10000000000000142,0.0,22.8,22.85,22.75,22.8,257.0,574.0,3139.0,1570.0,False,False
2884,2022-10-25 11:27:46.369643,-0.004376367614879695,0.0,-0.10000000000000142,0.0,22.8,22.85,22.75,22.8,267.0,574.0,3139.0,1570.0,False,False
2884,2022-10-25 11:27:46.989773,-0.004376367614879695,0.0,-0.10000000000000142,0.0,22.8,22.85,22.75,22.8,267.0,562.0,3139.0,1570.0,False,False
2884,2022-10-25 11:27:47.091054,-0.004376367614879695,0.0,-0.10000000000000142,0.0,22.8,22.85,22.75,22.8,267.0,592.0,3139.0,1570.0,False,False
2884,2022-10-25 11:27:53.036964,-0.004376367614879695,0.0,-0.10000000000000142,0.0,22.8,22.85,22.75,22.8,267.0,592.0,3139.0,1570.0,False,False
2884,2022-10-25 11:27:54.209122,-0.004376367614879695,0.0,-0.10000000000000142,0.0,22.8,22.85,22.75,22.8,256.0,592.0,3139.0,1570.0,False,False
2884,2022-10-25 11:27:55.919357,-0.004376367614879695,0.0,-0.10000000000000142,0.0,22.8,22.85,22.75,22.8,255.0,592.0,3139.0,1570.0,False,False
2884,2022-10-25 11:27:55.922337,-0.004376367614879695,0.0,-0.10000000000000142,0.0,22.8,22.85,22.75,22.8,254.0,592.0,3139.0,1570.0,False,False
2884,2022-10-25 11:27:56.604763,-0.004376367614879695,0.0,-0.10000000000000142,0.0,22.8,22.85,22.75,22.8,249.0,592.0,3139.0,1570.0,False,False
2884,2022-10-25 11:27:56.640648,-0.004376367614879695,0.0,-0.10000000000000142,0.0,22.8,22.85,22.75,22.8,249.0,678.0,3139.0,1570.0,False,False
2884,2022-10-25 11:27:57.289914,-0.004376367614879695,0.0,-0.10000000000000142,0.0,22.8,22.85,22.75,22.8,249.0,678.0,3139.0,1687.0,True,True
2884,2022-10-25 11:27:58.081705,-0.004376367614879695,0.0,-0.10000000000000142,0.0,22.8,22.85,22.75,22.8,199.0,628.0,3139.0,1687.0,False,False
2884,2022-10-25 11:27:58.114916,-0.004376367614879695,0.0,-0.10000000000000142,0.0,22.8,22.85,22.75,22.8,199.0,628.0,3139.0,1687.0,False,False
2884,2022-10-25 11:27:58.477005,-0.004376367614879695,0.0,-0.10000000000000142,0.0,22.8,22.85,22.75,22.8,199.0,628.0,3139.0,1687.0,False,False
2884,2022-10-25 11:27:58.478257,-0.004376367614879695,0.0,-0.10000000000000142,0.0,22.8,22.85,22.75,22.8,199.0,628.0,3139.0,1687.0,False,False
2884,2022-10-25 11:27:58.692237,-0.004376367614879695,0.0,-0.10000000000000142,0.0,22.8,22.85,22.75,22.8,199.0,627.0,3139.0,1687.0,False,False
2884,2022-10-25 11:27:58.726224,-0.004376367614879695,0.0,-0.10000000000000142,0.0,22.8,22.85,22.75,22.8,199.0,627.0,3139.0,1687.0,False,False
2884,2022-10-25 11:28:00.087102,-0.004376367614879695,0.0,-0.10000000000000142,0.0,22.8,22.85,22.75,22.8,199.0,628.0,3139.0,1687.0,False,False
2884,2022-10-25 11:28:02.156968,-0.004376367614879695,0.0,-0.10000000000000142,0.0,22.8,22.85,22.75,22.8,199.0,566.0,3139.0,1687.0,False,False
2884,2022-10-25 11:28:05.813689,-0.004376367614879695,0.0,-0.10000000000000142,0.0,22.8,22.85,22.75,22.8,199.0,567.0,3139.0,1687.0,False,False
2884,2022-10-25 11:28:05.815164,-0.004376367614879695,0.0,-0.10000000000000142,0.0,22.8,22.85,22.75,22.8,199.0,568.0,3139.0,1687.0,False,False
2884,2022-10-25 11:28:06.715246,-0.004376367614879695,0.0,-0.10000000000000142,0.0,22.8,22.85,22.75,22.8,199.0,568.0,3139.0,1669.0,False,True
2884,2022-10-25 11:28:06.914574,-0.004376367614879695,0.0,-0.10000000000000142,0.0,22.8,22.85,22.75,22.8,199.0,573.0,3139.0,1669.0,False,False
2884,2022-10-25 11:28:09.872725,-0.004376367614879695,0.0,-0.10000000000000142,0.0,22.8,22.85,22.75,22.8,199.0,574.0,3139.0,1669.0,False,False
2884,2022-10-25 11:28:09.910726,-0.004376367614879695,0.0,-0.10000000000000142,0.0,22.8,22.85,22.75,22.8,50.0,574.0,3139.0,1669.0,False,False
2884,2022-10-25 11:28:09.910795,-0.004376367614879695,-0.002192982456140413,-0.10000000000000142,-0.05000000000000071,22.75,22.85,22.75,22.8,176.0,574.0,3139.0,1669.0,False,False
2884,2022-10-25 11:28:09.947707,-0.004376367614879695,-0.002192982456140413,-0.10000000000000142,-0.05000000000000071,22.75,22.85,22.75,22.8,156.0,574.0,3139.0,1669.0,False,False
2884,2022-10-25 11:28:09.992074,-0.002192982456140413,-0.002192982456140413,-0.05000000000000071,-0.05000000000000071,22.75,22.8,22.75,22.8,95.0,38.0,3139.0,1669.0,False,False
2884,2022-10-25 11:28:10.037489,-0.002192982456140413,-0.002192982456140413,-0.05000000000000071,-0.05000000000000071,22.75,22.8,22.75,22.8,95.0,39.0,3139.0,1669.0,False,False
2884,2022-10-25 11:28:10.141377,-0.002192982456140413,-0.002192982456140413,-0.05000000000000071,-0.05000000000000071,22.75,22.8,22.75,22.8,95.0,127.0,3139.0,1669.0,False,False
2884,2022-10-25 11:28:10.475672,-0.002192982456140413,-0.002192982456140413,-0.05000000000000071,-0.05000000000000071,22.75,22.8,22.75,22.8,95.0,127.0,3139.0,1669.0,False,False
2884,2022-10-25 11:28:10.625828,-0.002192982456140413,-0.002192982456140413,-0.05000000000000071,-0.05000000000000071,22.75,22.8,22.75,22.8,94.0,127.0,3139.0,1669.0,False,False
2884,2022-10-25 11:28:10.628438,-0.002192982456140413,-0.002192982456140413,-0.05000000000000071,-0.05000000000000071,22.75,22.8,22.75,22.8,91.0,127.0,3139.0,1669.0,False,False
2884,2022-10-25 11:28:10.921007,-0.002192982456140413,-0.002192982456140413,-0.05000000000000071,-0.05000000000000071,22.75,22.8,22.75,22.8,91.0,127.0,3139.0,1669.0,False,False
2884,2022-10-25 11:28:10.950295,-0.002192982456140413,-0.004385964912280715,-0.05000000000000071,-0.10000000000000142,22.7,22.8,22.75,22.8,482.0,235.0,3139.0,1669.0,False,False
2884,2022-10-25 11:28:10.994434,-0.002192982456140413,-0.004385964912280715,-0.05000000000000071,-0.10000000000000142,22.7,22.8,22.75,22.8,462.0,334.0,3139.0,1669.0,False,False
2884,2022-10-25 11:28:11.106875,-0.002192982456140413,-0.004385964912280715,-0.05000000000000071,-0.10000000000000142,22.7,22.8,22.75,22.8,462.0,335.0,3139.0,1669.0,False,False
2884,2022-10-25 11:28:11.710771,-0.002192982456140413,-0.004385964912280715,-0.05000000000000071,-0.10000000000000142,22.7,22.8,22.75,22.8,458.0,335.0,3139.0,1669.0,False,False
2884,2022-10-25 11:28:11.713632,-0.002192982456140413,-0.004385964912280715,-0.05000000000000071,-0.10000000000000142,22.7,22.8,22.75,22.8,458.0,335.0,3139.0,1669.0,False,False
2884,2022-10-25 11:28:11.939652,-0.002192982456140413,-0.004385964912280715,-0.05000000000000071,-0.10000000000000142,22.7,22.8,22.75,22.8,458.0,227.0,3139.0,1669.0,False,False
2884,2022-10-25 11:28:11.997267,-0.002192982456140413,-0.004385964912280715,-0.05000000000000071,-0.10000000000000142,22.7,22.8,22.75,22.8,458.0,227.0,3139.0,1669.0,False,False
2884,2022-10-25 11:28:12.822406,-0.002192982456140413,-0.004385964912280715,-0.05000000000000071,-0.10000000000000142,22.7,22.8,22.75,22.8,458.0,218.0,3139.0,1669.0,False,False
2884,2022-10-25 11:28:12.924099,-0.002192982456140413,-0.004385964912280715,-0.05000000000000071,-0.10000000000000142,22.7,22.8,22.75,22.8,458.0,209.0,3139.0,1669.0,False,False
2884,2022-10-25 11:28:12.930975,-0.002192982456140413,-0.004385964912280715,-0.05000000000000071,-0.10000000000000142,22.7,22.8,22.75,22.8,458.0,137.0,3139.0,1669.0,False,False
2884,2022-10-25 11:28:12.960766,-0.002192982456140413,-0.004385964912280715,-0.05000000000000071,-0.10000000000000142,22.7,22.8,22.75,22.8,458.0,243.0,3139.0,1669.0,False,False
2884,2022-10-25 11:28:13.070805,-0.002192982456140413,-0.004385964912280715,-0.05000000000000071,-0.10000000000000142,22.7,22.8,22.75,22.8,458.0,242.0,3139.0,1669.0,False,False
2884,2022-10-25 11:28:13.356513,-0.002192982456140413,-0.004385964912280715,-0.05000000000000071,-0.10000000000000142,22.7,22.8,22.75,22.8,458.0,244.0,3139.0,1669.0,False,False
2884,2022-10-25 11:28:13.939980,-0.002192982456140413,-0.004385964912280715,-0.05000000000000071,-0.10000000000000142,22.7,22.8,22.75,22.8,458.0,138.0,3139.0,1669.0,False,False
2884,2022-10-25 11:28:15.006563,-0.002192982456140413,-0.004385964912280715,-0.05000000000000071,-0.10000000000000142,22.7,22.8,22.75,22.8,458.0,138.0,3139.0,1669.0,False,False
2884,2022-10-25 11:28:15.046702,-0.002192982456140413,-0.004385964912280715,-0.05000000000000071,-0.10000000000000142,22.7,22.8,22.75,22.8,463.0,138.0,3139.0,1669.0,False,False
2884,2022-10-25 11:28:15.102211,-0.002192982456140413,-0.004385964912280715,-0.05000000000000071,-0.10000000000000142,22.7,22.8,22.75,22.8,463.0,138.0,3139.0,1669.0,False,False
2884,2022-10-25 11:28:15.405005,-0.002192982456140413,-0.004385964912280715,-0.05000000000000071,-0.10000000000000142,22.7,22.8,22.75,22.8,463.0,139.0,3139.0,1669.0,False,False
2884,2022-10-25 11:28:15.644786,-0.002192982456140413,-0.004385964912280715,-0.05000000000000071,-0.10000000000000142,22.7,22.8,22.75,22.8,463.0,51.0,3139.0,1669.0,False,False
2884,2022-10-25 11:28:15.744018,-0.002192982456140413,-0.002192982456140413,-0.05000000000000071,-0.05000000000000071,22.75,22.8,22.75,22.8,18.0,50.0,3139.0,1669.0,False,False
2884,2022-10-25 11:28:15.871772,-0.002192982456140413,-0.002192982456140413,-0.05000000000000071,-0.05000000000000071,22.75,22.8,22.75,22.8,18.0,70.0,3139.0,1669.0,False,False
2884,2022-10-25 11:28:16.001753,-0.002192982456140413,-0.004385964912280715,-0.05000000000000071,-0.10000000000000142,22.7,22.8,22.75,22.8,463.0,70.0,3139.0,1669.0,False,False
2884,2022-10-25 11:28:16.130999,-0.002192982456140413,-0.002192982456140413,-0.05000000000000071,-0.05000000000000071,22.75,22.8,22.75,22.8,18.0,50.0,3139.0,1669.0,False,False
2884,2022-10-25 11:28:16.260966,-0.002192982456140413,-0.002192982456140413,-0.05000000000000071,-0.05000000000000071,22.75,22.8,22.75,22.8,18.0,170.0,3139.0,1669.0,False,False
2884,2022-10-25 11:28:16.373551,-0.002192982456140413,-0.004385964912280715,-0.05000000000000071,-0.10000000000000142,22.7,22.8,22.75,22.8,463.0,212.0,3139.0,1669.0,False,False
2884,2022-10-25 11:28:16.661317,-0.002192982456140413,-0.004385964912280715,-0.05000000000000071,-0.10000000000000142,22.7,22.8,22.75,22.8,463.0,212.0,3139.0,1669.0,False,False
2884,2022-10-25 11:28:16.743622,-0.002192982456140413,-0.004385964912280715,-0.05000000000000071,-0.10000000000000142,22.7,22.8,22.75,22.8,463.0,212.0,3149.0,1669.0,True,True
2884,2022-10-25 11:28:16.737979,-0.002192982456140413,-0.004385964912280715,-0.05000000000000071,-0.10000000000000142,22.7,22.8,22.75,22.8,463.0,212.0,3149.0,1669.0,False,False
2884,2022-10-25 11:28:16.770671,-0.002192982456140413,-0.004385964912280715,-0.05000000000000071,-0.10000000000000142,22.7,22.8,22.75,22.8,463.0,212.0,3149.0,1669.0,False,False
2884,2022-10-25 11:28:17.051523,-0.002192982456140413,-0.004385964912280715,-0.05000000000000071,-0.10000000000000142,22.7,22.8,22.75,22.8,463.0,212.0,3149.0,1669.0,False,False
2884,2022-10-25 11:28:17.165866,-0.002192982456140413,-0.004385964912280715,-0.05000000000000071,-0.10000000000000142,22.7,22.8,22.75,22.8,708.0,212.0,3149.0,1669.0,False,False
2884,2022-10-25 11:28:17.242701,-0.002192982456140413,-0.002192982456140413,-0.05000000000000071,-0.05000000000000071,22.75,22.8,22.75,22.8,18.0,192.0,3149.0,1669.0,False,False
2884,2022-10-25 11:28:17.385660,-0.002192982456140413,-0.002192982456140413,-0.05000000000000071,-0.05000000000000071,22.75,22.8,22.75,22.8,18.0,150.0,3149.0,1669.0,False,False
2884,2022-10-25 11:28:17.500567,-0.002192982456140413,-0.004385964912280715,-0.05000000000000071,-0.10000000000000142,22.7,22.8,22.75,22.8,728.0,170.0,3149.0,1669.0,False,False
2884,2022-10-25 11:28:17.626034,-0.002192982456140413,-0.004385964912280715,-0.05000000000000071,-0.10000000000000142,22.7,22.8,22.75,22.8,728.0,170.0,3149.0,1669.0,False,False
2884,2022-10-25 11:28:17.748908,-0.002192982456140413,-0.004385964912280715,-0.05000000000000071,-0.10000000000000142,22.7,22.8,22.75,22.8,728.0,170.0,3149.0,1669.0,False,False
2884,2022-10-25 11:28:17.885287,-0.002192982456140413,-0.002192982456140413,-0.05000000000000071,-0.05000000000000071,22.75,22.8,22.75,22.8,18.0,150.0,3149.0,1669.0,False,False
2884,2022-10-25 11:28:17.944754,-0.002192982456140413,-0.002192982456140413,-0.05000000000000071,-0.05000000000000071,22.75,22.8,22.75,22.8,18.0,149.0,3149.0,1669.0,False,False
2884,2022-10-25 11:28:18.009346,-0.002192982456140413,-0.004385964912280715,-0.05000000000000071,-0.10000000000000142,22.7,22.8,22.75,22.8,728.0,149.0,3149.0,1669.0,False,False
2884,2022-10-25 11:28:18.143174,-0.002192982456140413,-0.002192982456140413,-0.05000000000000071,-0.05000000000000071,22.75,22.8,22.75,22.8,18.0,149.0,3149.0,1669.0,False,False
2884,2022-10-25 11:28:18.253554,-0.002192982456140413,-0.002192982456140413,-0.05000000000000071,-0.05000000000000071,22.75,22.8,22.75,22.8,18.0,149.0,3149.0,1669.0,False,False
2884,2022-10-25 11:28:18.366202,-0.002192982456140413,-0.004385964912280715,-0.05000000000000071,-0.10000000000000142,22.7,22.8,22.75,22.8,735.0,149.0,3149.0,1669.0,False,False
2884,2022-10-25 11:28:18.444098,-0.002192982456140413,-0.004385964912280715,-0.05000000000000071,-0.10000000000000142,22.7,22.8,22.75,22.8,735.0,139.0,3149.0,1669.0,False,False
2884,2022-10-25 11:28:18.517203,-0.002192982456140413,-0.004385964912280715,-0.05000000000000071,-0.10000000000000142,22.7,22.8,22.75,22.8,735.0,132.0,3149.0,1669.0,False,False
2884,2022-10-25 11:28:18.545992,-0.002192982456140413,-0.002192982456140413,-0.05000000000000071,-0.05000000000000071,22.75,22.8,22.75,22.8,20.0,123.0,3149.0,1669.0,False,False
2884,2022-10-25 11:28:18.604325,-0.002192982456140413,-0.002192982456140413,-0.05000000000000071,-0.05000000000000071,22.75,22.8,22.75,22.8,1.0,141.0,3149.0,1669.0,False,False
2884,2022-10-25 11:28:18.733909,-0.002192982456140413,-0.002192982456140413,-0.05000000000000071,-0.05000000000000071,22.75,22.8,22.75,22.8,39.0,123.0,3149.0,1669.0,False,False
2884,2022-10-25 11:28:18.777028,-0.002192982456140413,-0.002192982456140413,-0.05000000000000071,-0.05000000000000071,22.75,22.8,22.75,22.8,59.0,123.0,3149.0,1669.0,False,False
2884,2022-10-25 11:28:18.956197,-0.002192982456140413,-0.002192982456140413,-0.05000000000000071,-0.05000000000000071,22.75,22.8,22.75,22.8,39.0,123.0,3149.0,1669.0,False,False
2884,2022-10-25 11:28:19.170152,-0.002192982456140413,-0.002192982456140413,-0.05000000000000071,-0.05000000000000071,22.75,22.8,22.75,22.8,39.0,123.0,3149.0,1669.0,False,False
2884,2022-10-25 11:28:19.604458,-0.002192982456140413,-0.002192982456140413,-0.05000000000000071,-0.05000000000000071,22.75,22.8,22.75,22.8,39.0,122.0,3149.0,1669.0,False,False
2884,2022-10-25 11:28:20.003483,-0.002192982456140413,-0.002192982456140413,-0.05000000000000071,-0.05000000000000071,22.75,22.8,22.75,22.8,39.0,123.0,3149.0,1669.0,False,False
2884,2022-10-25 11:28:20.146121,-0.002192982456140413,-0.002192982456140413,-0.05000000000000071,-0.05000000000000071,22.75,22.8,22.75,22.8,39.0,11.0,3149.0,1669.0,False,False
2884,2022-10-25 11:28:20.163765,-0.002192982456140413,-0.002192982456140413,-0.05000000000000071,-0.05000000000000071,22.75,22.8,22.75,22.8,59.0,11.0,3149.0,1669.0,False,False
2884,2022-10-25 11:28:20.163899,-0.004376367614879695,-0.002192982456140413,-0.10000000000000142,-0.05000000000000071,22.75,22.85,22.75,22.8,59.0,442.0,3149.0,1669.0,False,False
2884,2022-10-25 11:28:20.271186,-0.004376367614879695,0.0,-0.10000000000000142,0.0,22.8,22.85,22.75,22.8,2.0,278.0,3149.0,1669.0,False,False
2884,2022-10-25 11:28:20.282605,-0.004376367614879695,0.0,-0.10000000000000142,0.0,22.8,22.85,22.75,22.8,2.0,278.0,3149.0,1669.0,False,False
2884,2022-10-25 11:28:25.252400,-0.004376367614879695,0.0,-0.10000000000000142,0.0,22.8,22.85,22.75,22.8,2.0,278.0,3149.0,1669.0,False,False
2884,2022-10-25 11:28:25.254613,-0.004376367614879695,0.0,-0.10000000000000142,0.0,22.8,22.85,22.75,22.8,2.0,237.0,3149.0,1669.0,False,False
2884,2022-10-25 11:28:25.279967,-0.004376367614879695,0.0,-0.10000000000000142,0.0,22.8,22.85,22.75,22.8,22.0,237.0,3149.0,1669.0,False,False
2884,2022-10-25 11:28:25.620959,-0.004376367614879695,0.0,-0.10000000000000142,0.0,22.8,22.85,22.75,22.8,21.0,237.0,3149.0,1669.0,False,False
2884,2022-10-25 11:28:25.621872,-0.004376367614879695,0.0,-0.10000000000000142,0.0,22.8,22.85,22.75,22.8,20.0,237.0,3149.0,1669.0,False,False
2884,2022-10-25 11:28:26.275272,-0.004376367614879695,0.0,-0.10000000000000142,0.0,22.8,22.85,22.75,22.8,20.0,238.0,3149.0,1669.0,False,False
2884,2022-10-25 11:28:26.408067,-0.004376367614879695,0.0,-0.10000000000000142,0.0,22.8,22.85,22.75,22.8,20.0,238.0,3149.0,1669.0,False,False
2884,2022-10-25 11:28:26.781601,-0.004376367614879695,0.0,-0.10000000000000142,0.0,22.8,22.85,22.75,22.8,20.0,238.0,3153.0,1169.0,True,True
2884,2022-10-25 11:28:27.541597,-0.004376367614879695,0.0,-0.10000000000000142,0.0,22.8,22.85,22.75,22.8,19.0,238.0,3153.0,1169.0,False,False
2884,2022-10-25 11:28:27.778054,-0.004376367614879695,0.0,-0.10000000000000142,0.0,22.8,22.85,22.75,22.8,16.0,238.0,3153.0,1169.0,False,False
2884,2022-10-25 11:28:28.004276,-0.004376367614879695,0.0,-0.10000000000000142,0.0,22.8,22.85,22.75,22.8,16.0,237.0,3153.0,1169.0,False,False
2884,2022-10-25 11:28:28.006064,-0.004376367614879695,0.0,-0.10000000000000142,0.0,22.8,22.85,22.75,22.8,16.0,237.0,3153.0,1169.0,False,False
2884,2022-10-25 11:28:28.022885,-0.004376367614879695,0.0,-0.10000000000000142,0.0,22.8,22.85,22.75,22.8,16.0,237.0,3153.0,1169.0,False,False
2884,2022-10-25 11:28:30.322984,-0.004376367614879695,0.0,-0.10000000000000142,0.0,22.8,22.85,22.75,22.8,16.0,236.0,3153.0,1169.0,False,False
2884,2022-10-25 11:28:31.045250,-0.004376367614879695,0.0,-0.10000000000000142,0.0,22.8,22.85,22.75,22.8,16.0,236.0,3153.0,1169.0,False,False
2884,2022-10-25 11:28:32.509569,-0.004376367614879695,0.0,-0.10000000000000142,0.0,22.8,22.85,22.75,22.8,16.0,236.0,3153.0,1169.0,False,False
2884,2022-10-25 11:28:34.169135,-0.004376367614879695,0.0,-0.10000000000000142,0.0,22.8,22.85,22.75,22.8,16.0,236.0,3153.0,1169.0,False,False
2884,2022-10-25 11:28:34.357009,-0.004376367614879695,0.0,-0.10000000000000142,0.0,22.8,22.85,22.75,22.8,16.0,236.0,3153.0,1169.0,False,False
2884,2022-10-25 11:28:34.940617,-0.004376367614879695,0.0,-0.10000000000000142,0.0,22.8,22.85,22.75,22.8,16.0,237.0,3153.0,1169.0,False,False
2884,2022-10-25 11:28:35.523332,-0.004376367614879695,0.0,-0.10000000000000142,0.0,22.8,22.85,22.75,22.8,15.0,237.0,3153.0,1169.0,False,False
2884,2022-10-25 11:28:35.524756,-0.004376367614879695,0.0,-0.10000000000000142,0.0,22.8,22.85,22.75,22.8,14.0,237.0,3153.0,1169.0,False,False
2884,2022-10-25 11:28:36.817868,-0.004376367614879695,0.0,-0.10000000000000142,0.0,22.8,22.85,22.75,22.8,14.0,237.0,3153.0,1069.0,True,True
2884,2022-10-25 11:28:37.056782,-0.004376367614879695,0.0,-0.10000000000000142,0.0,22.8,22.85,22.75,22.8,14.0,237.0,3153.0,1069.0,False,False
2884,2022-10-25 11:28:37.247745,-0.004376367614879695,0.0,-0.10000000000000142,0.0,22.8,22.85,22.75,22.8,14.0,237.0,3153.0,1069.0,False,False
2884,2022-10-25 11:28:38.135456,-0.004376367614879695,0.0,-0.10000000000000142,0.0,22.8,22.85,22.75,22.8,14.0,236.0,3153.0,1069.0,False,False
2884,2022-10-25 11:28:39.089333,-0.004376367614879695,0.0,-0.10000000000000142,0.0,22.8,22.85,22.75,22.8,14.0,236.0,3153.0,1069.0,False,False
2884,2022-10-25 11:28:39.962790,-0.004376367614879695,0.0,-0.10000000000000142,0.0,22.8,22.85,22.75,22.8,14.0,236.0,3153.0,1069.0,False,False
2884,2022-10-25 11:28:39.963251,-0.004376367614879695,0.0,-0.10000000000000142,0.0,22.8,22.85,22.75,22.8,14.0,283.0,3153.0,1069.0,False,False
2884,2022-10-25 11:28:40.723262,-0.004376367614879695,0.0,-0.10000000000000142,0.0,22.8,22.85,22.75,22.8,14.0,283.0,3153.0,1069.0,False,False
2884,2022-10-25 11:28:40.727222,-0.004376367614879695,0.0,-0.10000000000000142,0.0,22.8,22.85,22.75,22.8,19.0,283.0,3153.0,1069.0,False,False
2884,2022-10-25 11:28:43.689662,-0.004376367614879695,0.0,-0.10000000000000142,0.0,22.8,22.85,22.75,22.8,18.0,283.0,3153.0,1069.0,False,False
2884,2022-10-25 11:28:45.421629,-0.004376367614879695,0.0,-0.10000000000000142,0.0,22.8,22.85,22.75,22.8,18.0,283.0,3153.0,1069.0,False,False
2884,2022-10-25 11:28:45.431807,-0.004376367614879695,0.0,-0.10000000000000142,0.0,22.8,22.85,22.75,22.8,17.0,283.0,3153.0,1069.0,False,False
2884,2022-10-25 11:28:45.433180,-0.004376367614879695,0.0,-0.10000000000000142,0.0,22.8,22.85,22.75,22.8,16.0,283.0,3153.0,1069.0,False,False
2884,2022-10-25 11:28:51.016708,-0.004376367614879695,0.0,-0.10000000000000142,0.0,22.8,22.85,22.75,22.8,17.0,283.0,3153.0,1069.0,False,False
2884,2022-10-25 11:28:54.614242,-0.004376367614879695,0.0,-0.10000000000000142,0.0,22.8,22.85,22.75,22.8,17.0,283.0,3153.0,1069.0,False,False
2884,2022-10-25 11:28:55.321263,-0.004376367614879695,0.0,-0.10000000000000142,0.0,22.8,22.85,22.75,22.8,16.0,283.0,3153.0,1069.0,False,False
2884,2022-10-25 11:28:55.322081,-0.004376367614879695,0.0,-0.10000000000000142,0.0,22.8,22.85,22.75,22.8,15.0,283.0,3153.0,1069.0,False,False
2884,2022-10-25 11:28:56.873046,-0.004376367614879695,0.0,-0.10000000000000142,0.0,22.8,22.85,22.75,22.8,15.0,283.0,3253.0,1069.0,True,True
2884,2022-10-25 11:28:59.066510,-0.004376367614879695,0.0,-0.10000000000000142,0.0,22.8,22.85,22.75,22.8,15.0,283.0,3253.0,1069.0,False,False
2884,2022-10-25 11:29:01.229441,-0.004376367614879695,0.0,-0.10000000000000142,0.0,22.8,22.85,22.75,22.8,15.0,283.0,3253.0,1069.0,False,False
2884,2022-10-25 11:29:02.337423,-0.004376367614879695,0.0,-0.10000000000000142,0.0,22.8,22.85,22.75,22.8,15.0,283.0,3253.0,1069.0,False,False
2884,2022-10-25 11:29:03.020404,-0.004376367614879695,0.0,-0.10000000000000142,0.0,22.8,22.85,22.75,22.8,15.0,283.0,3253.0,1069.0,False,False
2884,2022-10-25 11:29:05.235354,-0.004376367614879695,0.0,-0.10000000000000142,0.0,22.8,22.85,22.75,22.8,14.0,283.0,3253.0,1069.0,False,False
2884,2022-10-25 11:29:05.237322,-0.004376367614879695,0.0,-0.10000000000000142,0.0,22.8,22.85,22.75,22.8,13.0,283.0,3253.0,1069.0,False,False
2884,2022-10-25 11:29:06.205254,-0.004376367614879695,0.0,-0.10000000000000142,0.0,22.8,22.85,22.75,22.8,13.0,287.0,3253.0,1069.0,False,False
2884,2022-10-25 11:29:06.353155,-0.004376367614879695,0.0,-0.10000000000000142,0.0,22.8,22.85,22.75,22.8,13.0,287.0,3253.0,1069.0,False,False
2884,2022-10-25 11:29:06.898024,-0.004376367614879695,0.0,-0.10000000000000142,0.0,22.8,22.85,22.75,22.8,13.0,287.0,3253.0,1069.0,True,True
2884,2022-10-25 11:29:07.497562,-0.004376367614879695,0.0,-0.10000000000000142,0.0,22.8,22.85,22.75,22.8,13.0,287.0,3253.0,1069.0,False,False
2884,2022-10-25 11:29:07.513584,-0.004376367614879695,0.0,-0.10000000000000142,0.0,22.8,22.85,22.75,22.8,13.0,287.0,3253.0,1069.0,False,False
2884,2022-10-25 11:29:09.615324,-0.004376367614879695,0.0,-0.10000000000000142,0.0,22.8,22.85,22.75,22.8,8.0,287.0,3253.0,1069.0,False,False
2884,2022-10-25 11:29:09.822179,-0.004376367614879695,0.0,-0.10000000000000142,0.0,22.8,22.85,22.75,22.8,9.0,287.0,3253.0,1069.0,False,False
2884,2022-10-25 11:29:11.467468,-0.004376367614879695,0.0,-0.10000000000000142,0.0,22.8,22.85,22.75,22.8,9.0,287.0,3253.0,1069.0,False,False
2884,2022-10-25 11:29:13.829299,-0.004376367614879695,0.0,-0.10000000000000142,0.0,22.8,22.85,22.75,22.8,9.0,288.0,3253.0,1069.0,False,False
2884,2022-10-25 11:29:13.927622,-0.004376367614879695,0.0,-0.10000000000000142,0.0,22.8,22.85,22.75,22.8,9.0,394.0,3253.0,1069.0,False,False
2884,2022-10-25 11:29:14.007823,-0.004376367614879695,0.0,-0.10000000000000142,0.0,22.8,22.85,22.75,22.8,9.0,394.0,3253.0,1069.0,False,False
2884,2022-10-25 11:29:14.246523,-0.004376367614879695,0.0,-0.10000000000000142,0.0,22.8,22.85,22.75,22.8,9.0,394.0,3253.0,1069.0,False,False
2884,2022-10-25 11:29:14.911850,-0.004376367614879695,0.0,-0.10000000000000142,0.0,22.8,22.85,22.75,22.8,9.0,288.0,3253.0,1069.0,False,False
2884,2022-10-25 11:29:15.130183,-0.004376367614879695,0.0,-0.10000000000000142,0.0,22.8,22.85,22.75,22.8,8.0,288.0,3253.0,1069.0,False,False
2884,2022-10-25 11:29:15.435391,-0.004376367614879695,0.0,-0.10000000000000142,0.0,22.8,22.85,22.75,22.8,8.0,288.0,3253.0,1069.0,False,False
2884,2022-10-25 11:29:16.925471,-0.004376367614879695,0.0,-0.10000000000000142,0.0,22.8,22.85,22.75,22.8,8.0,288.0,3253.0,1079.0,True,True
2884,2022-10-25 11:29:21.077235,-0.004376367614879695,0.0,-0.10000000000000142,0.0,22.8,22.85,22.75,22.8,8.0,288.0,3253.0,1079.0,False,False
2884,2022-10-25 11:29:22.279639,-0.004376367614879695,0.0,-0.10000000000000142,0.0,22.8,22.85,22.75,22.8,10.0,288.0,3253.0,1079.0,False,False
2884,2022-10-25 11:29:23.479321,-0.004376367614879695,0.0,-0.10000000000000142,0.0,22.8,22.85,22.75,22.8,9.0,288.0,3253.0,1079.0,False,False
2884,2022-10-25 11:29:25.034028,-0.004376367614879695,0.0,-0.10000000000000142,0.0,22.8,22.85,22.75,22.8,8.0,288.0,3253.0,1079.0,False,False
2884,2022-10-25 11:29:25.035955,-0.004376367614879695,0.0,-0.10000000000000142,0.0,22.8,22.85,22.75,22.8,7.0,288.0,3253.0,1079.0,False,False
2884,2022-10-25 11:29:25.688045,-0.004376367614879695,0.0,-0.10000000000000142,0.0,22.8,22.85,22.75,22.8,5.0,288.0,3253.0,1079.0,False,False
2884,2022-10-25 11:29:25.935372,-0.004376367614879695,-0.002192982456140413,-0.10000000000000142,-0.05000000000000071,22.75,22.85,22.75,22.8,50.0,288.0,3253.0,1079.0,False,False
2884,2022-10-25 11:29:25.953273,-0.004376367614879695,-0.002192982456140413,-0.10000000000000142,-0.05000000000000071,22.75,22.85,22.75,22.8,50.0,288.0,3253.0,1079.0,False,False
2884,2022-10-25 11:29:25.973742,-0.004376367614879695,-0.002192982456140413,-0.10000000000000142,-0.05000000000000071,22.75,22.85,22.75,22.8,50.0,288.0,3253.0,1079.0,False,False
2884,2022-10-25 11:29:26.077966,-0.004376367614879695,-0.002192982456140413,-0.10000000000000142,-0.05000000000000071,22.75,22.85,22.75,22.8,50.0,288.0,3253.0,1079.0,False,False
2884,2022-10-25 11:29:26.967508,-0.004376367614879695,-0.002192982456140413,-0.10000000000000142,-0.05000000000000071,22.75,22.85,22.75,22.8,50.0,288.0,3253.0,734.0,True,True
2884,2022-10-25 11:29:30.584901,-0.004376367614879695,-0.002192982456140413,-0.10000000000000142,-0.05000000000000071,22.75,22.85,22.75,22.8,50.0,275.0,3253.0,734.0,False,False
2884,2022-10-25 11:29:30.586648,-0.004376367614879695,-0.002192982456140413,-0.10000000000000142,-0.05000000000000071,22.75,22.85,22.75,22.8,50.0,275.0,3253.0,734.0,False,False
2884,2022-10-25 11:29:30.820450,-0.004376367614879695,-0.002192982456140413,-0.10000000000000142,-0.05000000000000071,22.75,22.85,22.75,22.8,50.0,275.0,3253.0,734.0,False,False
2884,2022-10-25 11:29:34.819218,-0.002192982456140413,-0.002192982456140413,-0.05000000000000071,-0.05000000000000071,22.75,22.8,22.75,22.8,50.0,60.0,3253.0,734.0,False,False
2884,2022-10-25 11:29:34.847536,-0.002192982456140413,-0.002192982456140413,-0.05000000000000071,-0.05000000000000071,22.75,22.8,22.75,22.8,70.0,60.0,3253.0,734.0,False,False
2884,2022-10-25 11:29:34.938521,-0.002192982456140413,-0.002192982456140413,-0.05000000000000071,-0.05000000000000071,22.75,22.8,22.75,22.8,70.0,71.0,3253.0,734.0,False,False
2884,2022-10-25 11:29:35.594060,-0.002192982456140413,-0.002192982456140413,-0.05000000000000071,-0.05000000000000071,22.75,22.8,22.75,22.8,73.0,71.0,3253.0,734.0,False,False
2884,2022-10-25 11:29:36.089791,-0.002192982456140413,-0.002192982456140413,-0.05000000000000071,-0.05000000000000071,22.75,22.8,22.75,22.8,73.0,71.0,3253.0,734.0,False,False
2884,2022-10-25 11:29:36.239140,-0.002192982456140413,-0.002192982456140413,-0.05000000000000071,-0.05000000000000071,22.75,22.8,22.75,22.8,73.0,71.0,3253.0,734.0,False,False
2884,2022-10-25 11:29:36.995589,-0.002192982456140413,-0.002192982456140413,-0.05000000000000071,-0.05000000000000071,22.75,22.8,22.75,22.8,73.0,71.0,2953.0,677.0,True,True
2884,2022-10-25 11:29:38.174430,-0.002192982456140413,-0.002192982456140413,-0.05000000000000071,-0.05000000000000071,22.75,22.8,22.75,22.8,73.0,71.0,2953.0,677.0,False,False
2884,2022-10-25 11:29:38.178087,-0.002192982456140413,-0.002192982456140413,-0.05000000000000071,-0.05000000000000071,22.75,22.8,22.75,22.8,77.0,71.0,2953.0,677.0,False,False
2884,2022-10-25 11:29:38.491015,-0.002192982456140413,-0.002192982456140413,-0.05000000000000071,-0.05000000000000071,22.75,22.8,22.75,22.8,77.0,65.0,2953.0,677.0,False,False
2884,2022-10-25 11:29:38.830135,-0.002192982456140413,-0.002192982456140413,-0.05000000000000071,-0.05000000000000071,22.75,22.8,22.75,22.8,77.0,65.0,2953.0,677.0,False,False
2884,2022-10-25 11:29:39.384378,-0.002192982456140413,-0.002192982456140413,-0.05000000000000071,-0.05000000000000071,22.75,22.8,22.75,22.8,77.0,64.0,2953.0,677.0,False,False
2884,2022-10-25 11:29:41.129059,-0.002192982456140413,-0.002192982456140413,-0.05000000000000071,-0.05000000000000071,22.75,22.8,22.75,22.8,80.0,64.0,2953.0,677.0,False,False
2884,2022-10-25 11:29:43.086206,-0.002192982456140413,-0.002192982456140413,-0.05000000000000071,-0.05000000000000071,22.75,22.8,22.75,22.8,80.0,64.0,2953.0,677.0,False,False
2884,2022-10-25 11:29:44.688724,-0.002192982456140413,-0.002192982456140413,-0.05000000000000071,-0.05000000000000071,22.75,22.8,22.75,22.8,81.0,64.0,2953.0,677.0,False,False
2884,2022-10-25 11:29:44.846748,-0.002192982456140413,-0.002192982456140413,-0.05000000000000071,-0.05000000000000071,22.75,22.8,22.75,22.8,81.0,65.0,2953.0,677.0,False,False
2884,2022-10-25 11:29:44.848573,-0.002192982456140413,-0.002192982456140413,-0.05000000000000071,-0.05000000000000071,22.75,22.8,22.75,22.8,81.0,66.0,2953.0,677.0,False,False
2884,2022-10-25 11:29:45.715055,-0.002192982456140413,-0.002192982456140413,-0.05000000000000071,-0.05000000000000071,22.75,22.8,22.75,22.8,81.0,67.0,2953.0,677.0,False,False
2884,2022-10-25 11:29:47.022640,-0.002192982456140413,-0.002192982456140413,-0.05000000000000071,-0.05000000000000071,22.75,22.8,22.75,22.8,81.0,67.0,2953.0,677.0,True,True
2884,2022-10-25 11:29:48.316069,-0.002192982456140413,-0.002192982456140413,-0.05000000000000071,-0.05000000000000071,22.75,22.8,22.75,22.8,81.0,47.0,2953.0,677.0,False,False
2884,2022-10-25 11:29:48.347867,-0.004376367614879695,-0.002192982456140413,-0.10000000000000142,-0.05000000000000071,22.75,22.85,22.75,22.8,81.0,276.0,2953.0,677.0,False,False
2884,2022-10-25 11:29:48.378227,-0.004376367614879695,-0.002192982456140413,-0.10000000000000142,-0.05000000000000071,22.75,22.85,22.75,22.8,81.0,276.0,2953.0,677.0,False,False
2884,2022-10-25 11:29:48.411028,-0.004376367614879695,-0.002192982456140413,-0.10000000000000142,-0.05000000000000071,22.75,22.85,22.75,22.8,81.0,276.0,2953.0,677.0,False,False
2884,2022-10-25 11:29:49.336099,-0.004376367614879695,-0.002192982456140413,-0.10000000000000142,-0.05000000000000071,22.75,22.85,22.75,22.8,86.0,276.0,2953.0,677.0,False,False
2884,2022-10-25 11:29:49.426569,-0.004376367614879695,-0.002192982456140413,-0.10000000000000142,-0.05000000000000071,22.75,22.85,22.75,22.8,86.0,276.0,2953.0,677.0,False,False
2884,2022-10-25 11:29:50.115579,-0.004376367614879695,-0.002192982456140413,-0.10000000000000142,-0.05000000000000071,22.75,22.85,22.75,22.8,83.0,276.0,2953.0,677.0,False,False
2884,2022-10-25 11:29:50.508536,-0.002192982456140413,-0.002192982456140413,-0.05000000000000071,-0.05000000000000071,22.75,22.8,22.75,22.8,83.0,2.0,2953.0,677.0,False,False
2884,2022-10-25 11:29:50.580206,-0.004376367614879695,-0.002192982456140413,-0.10000000000000142,-0.05000000000000071,22.75,22.85,22.75,22.8,83.0,276.0,2953.0,677.0,False,False
2884,2022-10-25 11:29:50.583590,-0.004376367614879695,-0.002192982456140413,-0.10000000000000142,-0.05000000000000071,22.75,22.85,22.75,22.8,84.0,276.0,2953.0,677.0,False,False
2884,2022-10-25 11:29:50.616723,-0.004376367614879695,-0.002192982456140413,-0.10000000000000142,-0.05000000000000071,22.75,22.85,22.75,22.8,84.0,276.0,2953.0,677.0,False,False
2884,2022-10-25 11:29:54.155832,-0.004376367614879695,-0.002192982456140413,-0.10000000000000142,-0.05000000000000071,22.75,22.85,22.75,22.8,84.0,276.0,2953.0,677.0,False,False
2884,2022-10-25 11:29:54.772469,-0.002192982456140413,-0.002192982456140413,-0.05000000000000071,-0.05000000000000071,22.75,22.8,22.75,22.8,84.0,1.0,2953.0,677.0,False,False
2884,2022-10-25 11:29:54.838718,-0.002192982456140413,-0.002192982456140413,-0.05000000000000071,-0.05000000000000071,22.75,22.8,22.75,22.8,84.0,2.0,2953.0,677.0,False,False
2884,2022-10-25 11:29:54.948378,-0.002192982456140413,-0.002192982456140413,-0.05000000000000071,-0.05000000000000071,22.75,22.8,22.75,22.8,84.0,2.0,2953.0,677.0,False,False
2884,2022-10-25 11:29:55.225028,-0.002192982456140413,-0.002192982456140413,-0.05000000000000071,-0.05000000000000071,22.75,22.8,22.75,22.8,84.0,2.0,2953.0,677.0,False,False
2884,2022-10-25 11:29:55.918033,-0.002192982456140413,-0.002192982456140413,-0.05000000000000071,-0.05000000000000071,22.75,22.8,22.75,22.8,84.0,2.0,2953.0,677.0,False,False
2884,2022-10-25 11:29:55.999381,-0.002192982456140413,-0.002192982456140413,-0.05000000000000071,-0.05000000000000071,22.75,22.8,22.75,22.8,84.0,126.0,2953.0,677.0,False,False
2884,2022-10-25 11:29:56.554086,-0.002192982456140413,-0.002192982456140413,-0.05000000000000071,-0.05000000000000071,22.75,22.8,22.75,22.8,84.0,127.0,2953.0,677.0,False,False
2884,2022-10-25 11:29:57.109533,-0.002192982456140413,-0.002192982456140413,-0.05000000000000071,-0.05000000000000071,22.75,22.8,22.75,22.8,84.0,127.0,2953.0,331.0,True,True
2884,2022-10-25 11:29:59.323662,-0.002192982456140413,-0.002192982456140413,-0.05000000000000071,-0.05000000000000071,22.75,22.8,22.75,22.8,84.0,127.0,2953.0,331.0,False,False
2884,2022-10-25 11:29:59.409416,-0.002192982456140413,-0.002192982456140413,-0.05000000000000071,-0.05000000000000071,22.75,22.8,22.75,22.8,84.0,128.0,2953.0,331.0,False,False
