symbol,datetime,NaOb_r,NbOa_r,NaOb_s,NbOa_s,bid1,ask1,odd_bid1,odd_ask1,bidQty1,askQty1,odd_bidQty1,odd_askQty1,simulate,triggerbyOdd
3481,2022-10-25 11:21:51.282703,-0.007968127490039945,0.0,-0.10000000000000142,0.0,12.5,12.55,12.45,12.5,583.0,1148.0,53175.0,2542.0,True,True
3481,2022-10-25 11:21:51.678063,-0.007968127490039945,0.0,-0.10000000000000142,0.0,12.5,12.55,12.45,12.5,513.0,1148.0,53175.0,2542.0,False,False
3481,2022-10-25 11:21:52.199987,-0.007968127490039945,0.0,-0.10000000000000142,0.0,12.5,12.55,12.45,12.5,523.0,1148.0,53175.0,2542.0,False,False
3481,2022-10-25 11:21:54.292353,-0.007968127490039945,0.0,-0.10000000000000142,0.0,12.5,12.55,12.45,12.5,523.0,1150.0,53175.0,2542.0,False,False
3481,2022-10-25 11:21:57.736801,-0.007968127490039945,0.0,-0.10000000000000142,0.0,12.5,12.55,12.45,12.5,531.0,1150.0,53175.0,2542.0,False,False
3481,2022-10-25 11:22:01.058079,-0.007968127490039945,0.0,-0.10000000000000142,0.0,12.5,12.55,12.45,12.5,530.0,1150.0,53175.0,2542.0,False,False
3481,2022-10-25 11:22:01.322856,-0.007968127490039945,0.0,-0.10000000000000142,0.0,12.5,12.55,12.45,12.5,530.0,1150.0,53175.0,2542.0,True,True
3481,2022-10-25 11:22:01.666872,-0.007968127490039945,0.0,-0.10000000000000142,0.0,12.5,12.55,12.45,12.5,524.0,1150.0,53175.0,2542.0,False,False
3481,2022-10-25 11:22:02.952544,-0.007968127490039945,0.0,-0.10000000000000142,0.0,12.5,12.55,12.45,12.5,524.0,1150.0,53175.0,2542.0,False,False
3481,2022-10-25 11:22:05.914409,-0.007968127490039945,0.0,-0.10000000000000142,0.0,12.5,12.55,12.45,12.5,524.0,1155.0,53175.0,2542.0,False,False
3481,2022-10-25 11:22:07.388590,-0.007968127490039945,0.0,-0.10000000000000142,0.0,12.5,12.55,12.45,12.5,522.0,1155.0,53175.0,2542.0,False,False
3481,2022-10-25 11:22:10.045363,-0.007968127490039945,0.0,-0.10000000000000142,0.0,12.5,12.55,12.45,12.5,522.0,1155.0,53175.0,2542.0,False,False
3481,2022-10-25 11:22:10.562409,-0.007968127490039945,0.0,-0.10000000000000142,0.0,12.5,12.55,12.45,12.5,522.0,1155.0,53450.0,3541.0,False,True
3481,2022-10-25 11:22:14.003824,-0.007968127490039945,0.0,-0.10000000000000142,0.0,12.5,12.55,12.45,12.5,522.0,1154.0,53450.0,3541.0,False,False
3481,2022-10-25 11:22:18.196945,-0.007968127490039945,0.0,-0.10000000000000142,0.0,12.5,12.55,12.45,12.5,522.0,1167.0,53450.0,3541.0,False,False
3481,2022-10-25 11:22:19.457368,-0.007968127490039945,0.0,-0.10000000000000142,0.0,12.5,12.55,12.45,12.5,545.0,1167.0,53450.0,3541.0,False,False
3481,2022-10-25 11:22:20.602052,-0.007968127490039945,0.0,-0.10000000000000142,0.0,12.5,12.55,12.45,12.5,545.0,1167.0,54400.0,2542.0,True,True
3481,2022-10-25 11:22:21.322138,-0.007968127490039945,0.0,-0.10000000000000142,0.0,12.5,12.55,12.45,12.5,545.0,1160.0,54400.0,2542.0,False,False
3481,2022-10-25 11:22:21.346889,-0.007968127490039945,0.0,-0.10000000000000142,0.0,12.5,12.55,12.45,12.5,545.0,1123.0,54400.0,2542.0,False,False
3481,2022-10-25 11:22:21.562327,-0.007968127490039945,0.0,-0.10000000000000142,0.0,12.5,12.55,12.45,12.5,546.0,1123.0,54400.0,2542.0,False,False
3481,2022-10-25 11:22:21.572306,-0.007968127490039945,0.0,-0.10000000000000142,0.0,12.5,12.55,12.45,12.5,546.0,1125.0,54400.0,2542.0,False,False
3481,2022-10-25 11:22:21.698954,-0.007968127490039945,0.0,-0.10000000000000142,0.0,12.5,12.55,12.45,12.5,546.0,1125.0,54400.0,2542.0,False,False
3481,2022-10-25 11:22:21.838206,-0.007968127490039945,0.0,-0.10000000000000142,0.0,12.5,12.55,12.45,12.5,545.0,1129.0,54400.0,2542.0,False,False
3481,2022-10-25 11:22:22.398618,-0.007968127490039945,0.0,-0.10000000000000142,0.0,12.5,12.55,12.45,12.5,522.0,1129.0,54400.0,2542.0,False,False
3481,2022-10-25 11:22:23.322034,-0.007968127490039945,0.0,-0.10000000000000142,0.0,12.5,12.55,12.45,12.5,770.0,1129.0,54400.0,2542.0,False,False
3481,2022-10-25 11:22:23.348933,-0.007968127490039945,0.0,-0.10000000000000142,0.0,12.5,12.55,12.45,12.5,787.0,1129.0,54400.0,2542.0,False,False
3481,2022-10-25 11:22:23.491074,-0.007968127490039945,0.0,-0.10000000000000142,0.0,12.5,12.55,12.45,12.5,797.0,1130.0,54400.0,2542.0,False,False
3481,2022-10-25 11:22:24.584836,-0.007968127490039945,0.0,-0.10000000000000142,0.0,12.5,12.55,12.45,12.5,347.0,680.0,54400.0,2542.0,False,False
3481,2022-10-25 11:22:24.617391,-0.007968127490039945,0.0,-0.10000000000000142,0.0,12.5,12.55,12.45,12.5,347.0,680.0,54400.0,2542.0,False,False
3481,2022-10-25 11:22:24.664741,-0.007968127490039945,0.0,-0.10000000000000142,0.0,12.5,12.55,12.45,12.5,404.0,681.0,54400.0,2542.0,False,False
3481,2022-10-25 11:22:24.729394,-0.007968127490039945,0.0,-0.10000000000000142,0.0,12.5,12.55,12.45,12.5,440.0,680.0,54400.0,2542.0,False,False
3481,2022-10-25 11:22:24.760374,-0.007968127490039945,0.0,-0.10000000000000142,0.0,12.5,12.55,12.45,12.5,440.0,680.0,54400.0,2542.0,False,False
3481,2022-10-25 11:22:24.907449,-0.007968127490039945,0.0,-0.10000000000000142,0.0,12.5,12.55,12.45,12.5,450.0,679.0,54400.0,2542.0,False,False
3481,2022-10-25 11:22:25.258287,-0.007968127490039945,0.0,-0.10000000000000142,0.0,12.5,12.55,12.45,12.5,450.0,661.0,54400.0,2542.0,False,False
3481,2022-10-25 11:22:29.667441,-0.007968127490039945,0.0,-0.10000000000000142,0.0,12.5,12.55,12.45,12.5,450.0,660.0,54400.0,2542.0,False,False
3481,2022-10-25 11:22:30.188761,-0.007968127490039945,0.0,-0.10000000000000142,0.0,12.5,12.55,12.45,12.5,522.0,660.0,54400.0,2542.0,False,False
3481,2022-10-25 11:22:30.693021,-0.007968127490039945,0.0,-0.10000000000000142,0.0,12.5,12.55,12.45,12.5,522.0,655.0,54400.0,2542.0,False,False
3481,2022-10-25 11:22:32.109733,-0.007968127490039945,0.0,-0.10000000000000142,0.0,12.5,12.55,12.45,12.5,506.0,655.0,54400.0,2542.0,False,False
3481,2022-10-25 11:22:32.213210,-0.007968127490039945,0.0,-0.10000000000000142,0.0,12.5,12.55,12.45,12.5,556.0,655.0,54400.0,2542.0,False,False
3481,2022-10-25 11:22:32.678394,-0.007968127490039945,0.0,-0.10000000000000142,0.0,12.5,12.55,12.45,12.5,556.0,645.0,54400.0,2542.0,False,False
3481,2022-10-25 11:22:33.093390,-0.007968127490039945,0.0,-0.10000000000000142,0.0,12.5,12.55,12.45,12.5,556.0,645.0,54400.0,2542.0,False,False
3481,2022-10-25 11:22:34.443732,-0.007968127490039945,0.0,-0.10000000000000142,0.0,12.5,12.55,12.45,12.5,556.0,644.0,54400.0,2542.0,False,False
3481,2022-10-25 11:22:34.681915,-0.007968127490039945,0.0,-0.10000000000000142,0.0,12.5,12.55,12.45,12.5,576.0,644.0,54400.0,2542.0,False,False
3481,2022-10-25 11:22:34.717151,-0.007968127490039945,0.0,-0.10000000000000142,0.0,12.5,12.55,12.45,12.5,578.0,644.0,54400.0,2542.0,False,False
3481,2022-10-25 11:22:36.491998,-0.007968127490039945,0.0,-0.10000000000000142,0.0,12.5,12.55,12.45,12.5,578.0,641.0,54400.0,2542.0,False,False
3481,2022-10-25 11:22:37.665133,-0.007968127490039945,0.0,-0.10000000000000142,0.0,12.5,12.55,12.45,12.5,583.0,641.0,54400.0,2542.0,False,False
3481,2022-10-25 11:22:38.302278,-0.007968127490039945,0.0,-0.10000000000000142,0.0,12.5,12.55,12.45,12.5,583.0,641.0,54400.0,2542.0,False,False
3481,2022-10-25 11:22:38.705558,-0.007968127490039945,0.0,-0.10000000000000142,0.0,12.5,12.55,12.45,12.5,583.0,640.0,54400.0,2542.0,False,False
3481,2022-10-25 11:22:39.489414,-0.007968127490039945,0.0,-0.10000000000000142,0.0,12.5,12.55,12.45,12.5,583.0,640.0,54400.0,2542.0,False,False
3481,2022-10-25 11:22:42.462038,-0.007968127490039945,0.0,-0.10000000000000142,0.0,12.5,12.55,12.45,12.5,601.0,640.0,54400.0,2542.0,False,False
3481,2022-10-25 11:22:43.501392,-0.007968127490039945,0.0,-0.10000000000000142,0.0,12.5,12.55,12.45,12.5,601.0,640.0,54400.0,2542.0,False,False
3481,2022-10-25 11:22:44.579112,-0.007968127490039945,0.0,-0.10000000000000142,0.0,12.5,12.55,12.45,12.5,601.0,640.0,54400.0,2542.0,False,False
3481,2022-10-25 11:22:47.417692,-0.007968127490039945,0.0,-0.10000000000000142,0.0,12.5,12.55,12.45,12.5,601.0,640.0,54400.0,2542.0,False,False
3481,2022-10-25 11:22:49.416330,-0.007968127490039945,0.0,-0.10000000000000142,0.0,12.5,12.55,12.45,12.5,601.0,640.0,54400.0,2542.0,False,False
3481,2022-10-25 11:22:50.612115,-0.007968127490039945,0.0,-0.10000000000000142,0.0,12.5,12.55,12.45,12.5,601.0,640.0,54400.0,2542.0,False,False
3481,2022-10-25 11:22:53.651577,-0.007968127490039945,0.0,-0.10000000000000142,0.0,12.5,12.55,12.45,12.5,601.0,639.0,54400.0,2542.0,False,False
3481,2022-10-25 11:22:53.750468,-0.007968127490039945,0.0,-0.10000000000000142,0.0,12.5,12.55,12.45,12.5,601.0,639.0,54400.0,2542.0,False,False
3481,2022-10-25 11:22:54.124563,-0.007968127490039945,0.0,-0.10000000000000142,0.0,12.5,12.55,12.45,12.5,601.0,639.0,54400.0,2542.0,False,False
3481,2022-10-25 11:22:54.191755,-0.007968127490039945,0.0,-0.10000000000000142,0.0,12.5,12.55,12.45,12.5,603.0,639.0,54400.0,2542.0,False,False
3481,2022-10-25 11:22:57.593332,-0.007968127490039945,0.0,-0.10000000000000142,0.0,12.5,12.55,12.45,12.5,603.0,639.0,54400.0,2542.0,False,False
3481,2022-10-25 11:22:59.566908,-0.007968127490039945,0.0,-0.10000000000000142,0.0,12.5,12.55,12.45,12.5,603.0,639.0,54400.0,2542.0,False,False
3481,2022-10-25 11:23:00.031201,-0.007968127490039945,0.0,-0.10000000000000142,0.0,12.5,12.55,12.45,12.5,603.0,639.0,54400.0,2542.0,False,False
3481,2022-10-25 11:23:00.076143,-0.007968127490039945,0.0,-0.10000000000000142,0.0,12.5,12.55,12.45,12.5,603.0,639.0,54400.0,2542.0,False,False
3481,2022-10-25 11:23:01.729344,-0.007968127490039945,0.0,-0.10000000000000142,0.0,12.5,12.55,12.45,12.5,604.0,639.0,54400.0,2542.0,False,False
3481,2022-10-25 11:23:02.674910,-0.007968127490039945,0.0,-0.10000000000000142,0.0,12.5,12.55,12.45,12.5,605.0,639.0,54400.0,2542.0,False,False
3481,2022-10-25 11:23:06.367635,-0.007968127490039945,0.0,-0.10000000000000142,0.0,12.5,12.55,12.45,12.5,606.0,639.0,54400.0,2542.0,False,False
3481,2022-10-25 11:23:06.438316,-0.007968127490039945,0.0,-0.10000000000000142,0.0,12.5,12.55,12.45,12.5,606.0,646.0,54400.0,2542.0,False,False
3481,2022-10-25 11:23:07.433694,-0.007968127490039945,0.0,-0.10000000000000142,0.0,12.5,12.55,12.45,12.5,606.0,646.0,54400.0,2542.0,False,False
3481,2022-10-25 11:23:08.845824,-0.007968127490039945,0.0,-0.10000000000000142,0.0,12.5,12.55,12.45,12.5,616.0,646.0,54400.0,2542.0,False,False
3481,2022-10-25 11:23:10.828426,-0.007968127490039945,0.0,-0.10000000000000142,0.0,12.5,12.55,12.45,12.5,616.0,646.0,54400.0,2542.0,True,True
3481,2022-10-25 11:23:10.943242,-0.007968127490039945,0.0,-0.10000000000000142,0.0,12.5,12.55,12.45,12.5,616.0,646.0,54400.0,2542.0,False,False
3481,2022-10-25 11:23:11.139592,-0.007968127490039945,0.0,-0.10000000000000142,0.0,12.5,12.55,12.45,12.5,616.0,646.0,54400.0,2542.0,False,False
3481,2022-10-25 11:23:11.409198,-0.007968127490039945,0.0,-0.10000000000000142,0.0,12.5,12.55,12.45,12.5,616.0,645.0,54400.0,2542.0,False,False
3481,2022-10-25 11:23:12.003603,-0.007968127490039945,0.0,-0.10000000000000142,0.0,12.5,12.55,12.45,12.5,616.0,645.0,54400.0,2542.0,False,False
3481,2022-10-25 11:23:16.293247,-0.007968127490039945,0.0,-0.10000000000000142,0.0,12.5,12.55,12.45,12.5,616.0,645.0,54400.0,2542.0,False,False
3481,2022-10-25 11:23:16.318410,-0.007968127490039945,0.0,-0.10000000000000142,0.0,12.5,12.55,12.45,12.5,615.0,645.0,54400.0,2542.0,False,False
3481,2022-10-25 11:23:17.199978,-0.007968127490039945,0.0,-0.10000000000000142,0.0,12.5,12.55,12.45,12.5,615.0,645.0,54400.0,2542.0,False,False
3481,2022-10-25 11:23:17.963615,-0.007968127490039945,0.0,-0.10000000000000142,0.0,12.5,12.55,12.45,12.5,615.0,645.0,54400.0,2542.0,False,False
3481,2022-10-25 11:23:18.245135,-0.007968127490039945,0.0,-0.10000000000000142,0.0,12.5,12.55,12.45,12.5,615.0,645.0,54400.0,2542.0,False,False
3481,2022-10-25 11:23:18.648945,-0.007968127490039945,0.0,-0.10000000000000142,0.0,12.5,12.55,12.45,12.5,615.0,645.0,54400.0,2542.0,False,False
3481,2022-10-25 11:23:18.649597,-0.007968127490039945,0.0,-0.10000000000000142,0.0,12.5,12.55,12.45,12.5,631.0,645.0,54400.0,2542.0,False,False
3481,2022-10-25 11:23:20.334132,-0.007968127490039945,0.0,-0.10000000000000142,0.0,12.5,12.55,12.45,12.5,631.0,645.0,54400.0,2542.0,False,False
3481,2022-10-25 11:23:20.394006,-0.007968127490039945,0.0,-0.10000000000000142,0.0,12.5,12.55,12.45,12.5,631.0,645.0,54400.0,2542.0,False,False
3481,2022-10-25 11:23:20.873956,-0.007968127490039945,0.0,-0.10000000000000142,0.0,12.5,12.55,12.45,12.5,631.0,645.0,54400.0,2502.0,True,True
3481,2022-10-25 11:23:21.445636,-0.007968127490039945,0.0,-0.10000000000000142,0.0,12.5,12.55,12.45,12.5,631.0,645.0,54400.0,2502.0,False,False
3481,2022-10-25 11:23:23.792267,-0.007968127490039945,0.0,-0.10000000000000142,0.0,12.5,12.55,12.45,12.5,631.0,645.0,54400.0,2502.0,False,False
3481,2022-10-25 11:23:24.133918,-0.007968127490039945,0.0,-0.10000000000000142,0.0,12.5,12.55,12.45,12.5,631.0,645.0,54400.0,2502.0,False,False
3481,2022-10-25 11:23:24.371361,-0.007968127490039945,0.0,-0.10000000000000142,0.0,12.5,12.55,12.45,12.5,631.0,647.0,54400.0,2502.0,False,False
3481,2022-10-25 11:23:24.577481,-0.007968127490039945,0.0,-0.10000000000000142,0.0,12.5,12.55,12.45,12.5,631.0,647.0,54400.0,2502.0,False,False
3481,2022-10-25 11:23:25.172393,-0.007968127490039945,0.0,-0.10000000000000142,0.0,12.5,12.55,12.45,12.5,631.0,642.0,54400.0,2502.0,False,False
3481,2022-10-25 11:23:25.817154,-0.007968127490039945,0.0,-0.10000000000000142,0.0,12.5,12.55,12.45,12.5,631.0,642.0,54400.0,2502.0,False,False
3481,2022-10-25 11:23:27.408650,-0.007968127490039945,0.0,-0.10000000000000142,0.0,12.5,12.55,12.45,12.5,581.0,642.0,54400.0,2502.0,False,False
3481,2022-10-25 11:23:30.734846,-0.007968127490039945,0.0,-0.10000000000000142,0.0,12.5,12.55,12.45,12.5,581.0,637.0,54400.0,2502.0,False,False
3481,2022-10-25 11:23:32.680909,-0.007968127490039945,0.0,-0.10000000000000142,0.0,12.5,12.55,12.45,12.5,581.0,638.0,54400.0,2502.0,False,False
3481,2022-10-25 11:23:32.924273,-0.007968127490039945,0.0,-0.10000000000000142,0.0,12.5,12.55,12.45,12.5,581.0,639.0,54400.0,2502.0,False,False
3481,2022-10-25 11:23:33.893142,-0.007968127490039945,0.0,-0.10000000000000142,0.0,12.5,12.55,12.45,12.5,586.0,639.0,54400.0,2502.0,False,False
3481,2022-10-25 11:23:34.226297,-0.007968127490039945,0.0,-0.10000000000000142,0.0,12.5,12.55,12.45,12.5,586.0,639.0,54400.0,2502.0,False,False
3481,2022-10-25 11:23:34.495891,-0.007968127490039945,0.0,-0.10000000000000142,0.0,12.5,12.55,12.45,12.5,586.0,640.0,54400.0,2502.0,False,False
3481,2022-10-25 11:23:35.467759,-0.007968127490039945,0.0,-0.10000000000000142,0.0,12.5,12.55,12.45,12.5,586.0,640.0,54400.0,2502.0,False,False
3481,2022-10-25 11:23:36.540535,-0.007968127490039945,0.0,-0.10000000000000142,0.0,12.5,12.55,12.45,12.5,586.0,662.0,54400.0,2502.0,False,False
3481,2022-10-25 11:23:36.736056,-0.007968127490039945,0.0,-0.10000000000000142,0.0,12.5,12.55,12.45,12.5,586.0,662.0,54400.0,2502.0,False,False
3481,2022-10-25 11:23:37.217418,-0.007968127490039945,0.0,-0.10000000000000142,0.0,12.5,12.55,12.45,12.5,586.0,616.0,54400.0,2502.0,False,False
3481,2022-10-25 11:23:38.764847,-0.007968127490039945,0.0,-0.10000000000000142,0.0,12.5,12.55,12.45,12.5,590.0,616.0,54400.0,2502.0,False,False
3481,2022-10-25 11:23:39.248772,-0.007968127490039945,0.0,-0.10000000000000142,0.0,12.5,12.55,12.45,12.5,590.0,616.0,54400.0,2502.0,False,False
3481,2022-10-25 11:23:39.503808,-0.007968127490039945,0.0,-0.10000000000000142,0.0,12.5,12.55,12.45,12.5,590.0,617.0,54400.0,2502.0,False,False
3481,2022-10-25 11:23:40.558463,-0.007968127490039945,0.0,-0.10000000000000142,0.0,12.5,12.55,12.45,12.5,590.0,617.0,54400.0,2502.0,False,False
3481,2022-10-25 11:23:40.975704,-0.007968127490039945,0.0,-0.10000000000000142,0.0,12.5,12.55,12.45,12.5,590.0,617.0,54400.0,2302.0,True,True
3481,2022-10-25 11:23:42.806332,-0.007968127490039945,0.0,-0.10000000000000142,0.0,12.5,12.55,12.45,12.5,590.0,632.0,54400.0,2302.0,False,False
3481,2022-10-25 11:23:44.195887,-0.007968127490039945,0.0,-0.10000000000000142,0.0,12.5,12.55,12.45,12.5,590.0,633.0,54400.0,2302.0,False,False
3481,2022-10-25 11:23:44.597918,-0.007968127490039945,0.0,-0.10000000000000142,0.0,12.5,12.55,12.45,12.5,590.0,631.0,54400.0,2302.0,False,False
3481,2022-10-25 11:23:45.354364,-0.007968127490039945,0.0,-0.10000000000000142,0.0,12.5,12.55,12.45,12.5,590.0,631.0,54400.0,2302.0,False,False
3481,2022-10-25 11:23:45.959799,-0.007968127490039945,0.0,-0.10000000000000142,0.0,12.5,12.55,12.45,12.5,592.0,631.0,54400.0,2302.0,False,False
3481,2022-10-25 11:23:47.028031,-0.007968127490039945,0.0,-0.10000000000000142,0.0,12.5,12.55,12.45,12.5,592.0,631.0,54400.0,2302.0,False,False
3481,2022-10-25 11:23:47.763557,-0.007968127490039945,0.0,-0.10000000000000142,0.0,12.5,12.55,12.45,12.5,592.0,631.0,54400.0,2302.0,False,False
3481,2022-10-25 11:23:49.081277,-0.007968127490039945,0.0,-0.10000000000000142,0.0,12.5,12.55,12.45,12.5,592.0,631.0,54400.0,2302.0,False,False
3481,2022-10-25 11:23:50.198585,-0.007968127490039945,0.0,-0.10000000000000142,0.0,12.5,12.55,12.45,12.5,592.0,630.0,54400.0,2302.0,False,False
3481,2022-10-25 11:23:51.015828,-0.007968127490039945,0.0,-0.10000000000000142,0.0,12.5,12.55,12.45,12.5,592.0,630.0,54400.0,2001.0,True,True
3481,2022-10-25 11:23:53.873151,-0.007968127490039945,0.0,-0.10000000000000142,0.0,12.5,12.55,12.45,12.5,592.0,630.0,54400.0,2001.0,False,False
3481,2022-10-25 11:23:55.391188,-0.007968127490039945,0.0,-0.10000000000000142,0.0,12.5,12.55,12.45,12.5,592.0,631.0,54400.0,2001.0,False,False
3481,2022-10-25 11:23:58.525011,-0.007968127490039945,0.0,-0.10000000000000142,0.0,12.5,12.55,12.45,12.5,592.0,633.0,54400.0,2001.0,False,False
3481,2022-10-25 11:24:00.354957,-0.007968127490039945,0.0,-0.10000000000000142,0.0,12.5,12.55,12.45,12.5,592.0,632.0,54400.0,2001.0,False,False
3481,2022-10-25 11:24:00.467744,-0.007968127490039945,0.0,-0.10000000000000142,0.0,12.5,12.55,12.45,12.5,598.0,632.0,54400.0,2001.0,False,False
3481,2022-10-25 11:24:00.621095,-0.007968127490039945,0.0,-0.10000000000000142,0.0,12.5,12.55,12.45,12.5,598.0,632.0,54400.0,2001.0,False,False
3481,2022-10-25 11:24:03.042205,-0.007968127490039945,0.0,-0.10000000000000142,0.0,12.5,12.55,12.45,12.5,598.0,632.0,54400.0,2001.0,False,False
3481,2022-10-25 11:24:04.866504,-0.007968127490039945,0.0,-0.10000000000000142,0.0,12.5,12.55,12.45,12.5,603.0,632.0,54400.0,2001.0,False,False
3481,2022-10-25 11:24:06.921043,-0.007968127490039945,0.0,-0.10000000000000142,0.0,12.5,12.55,12.45,12.5,605.0,632.0,54400.0,2001.0,False,False
3481,2022-10-25 11:24:08.337677,-0.007968127490039945,0.0,-0.10000000000000142,0.0,12.5,12.55,12.45,12.5,605.0,632.0,54400.0,2001.0,False,False
3481,2022-10-25 11:24:09.137492,-0.007968127490039945,0.0,-0.10000000000000142,0.0,12.5,12.55,12.45,12.5,605.0,632.0,54400.0,2001.0,False,False
3481,2022-10-25 11:24:11.102603,-0.007968127490039945,0.0,-0.10000000000000142,0.0,12.5,12.55,12.45,12.5,605.0,632.0,54400.0,2001.0,True,True
3481,2022-10-25 11:24:13.986225,-0.007968127490039945,0.0,-0.10000000000000142,0.0,12.5,12.55,12.45,12.5,605.0,645.0,54400.0,2001.0,False,False
3481,2022-10-25 11:24:15.034531,-0.007968127490039945,0.0,-0.10000000000000142,0.0,12.5,12.55,12.45,12.5,605.0,647.0,54400.0,2001.0,False,False
3481,2022-10-25 11:24:16.129213,-0.007968127490039945,0.0,-0.10000000000000142,0.0,12.5,12.55,12.45,12.5,605.0,677.0,54400.0,2001.0,False,False
3481,2022-10-25 11:24:16.631355,-0.007968127490039945,0.0,-0.10000000000000142,0.0,12.5,12.55,12.45,12.5,605.0,677.0,54400.0,2001.0,False,False
3481,2022-10-25 11:24:17.452603,-0.007968127490039945,0.0,-0.10000000000000142,0.0,12.5,12.55,12.45,12.5,605.0,677.0,54400.0,2001.0,False,False
3481,2022-10-25 11:24:20.398919,-0.007968127490039945,0.0,-0.10000000000000142,0.0,12.5,12.55,12.45,12.5,605.0,679.0,54400.0,2001.0,False,False
3481,2022-10-25 11:24:20.566416,-0.007968127490039945,0.0,-0.10000000000000142,0.0,12.5,12.55,12.45,12.5,605.0,689.0,54400.0,2001.0,False,False
3481,2022-10-25 11:24:21.153005,-0.007968127490039945,0.0,-0.10000000000000142,0.0,12.5,12.55,12.45,12.5,605.0,689.0,54400.0,1196.0,True,True
3481,2022-10-25 11:24:22.167708,-0.007968127490039945,0.0,-0.10000000000000142,0.0,12.5,12.55,12.45,12.5,605.0,694.0,54400.0,1196.0,False,False
3481,2022-10-25 11:24:22.585150,-0.007968127490039945,0.0,-0.10000000000000142,0.0,12.5,12.55,12.45,12.5,606.0,694.0,54400.0,1196.0,False,False
3481,2022-10-25 11:24:22.915295,-0.007968127490039945,0.0,-0.10000000000000142,0.0,12.5,12.55,12.45,12.5,606.0,694.0,54400.0,1196.0,False,False
3481,2022-10-25 11:24:24.058253,-0.007968127490039945,0.0,-0.10000000000000142,0.0,12.5,12.55,12.45,12.5,607.0,694.0,54400.0,1196.0,False,False
3481,2022-10-25 11:24:24.120295,-0.007968127490039945,0.0,-0.10000000000000142,0.0,12.5,12.55,12.45,12.5,607.0,692.0,54400.0,1196.0,False,False
3481,2022-10-25 11:24:24.702843,-0.007968127490039945,0.0,-0.10000000000000142,0.0,12.5,12.55,12.45,12.5,607.0,692.0,54400.0,1196.0,False,False
3481,2022-10-25 11:24:24.955108,-0.007968127490039945,0.0,-0.10000000000000142,0.0,12.5,12.55,12.45,12.5,612.0,692.0,54400.0,1196.0,False,False
3481,2022-10-25 11:24:26.558379,-0.007968127490039945,0.0,-0.10000000000000142,0.0,12.5,12.55,12.45,12.5,612.0,692.0,54400.0,1196.0,False,False
3481,2022-10-25 11:24:27.593041,-0.007968127490039945,0.0,-0.10000000000000142,0.0,12.5,12.55,12.45,12.5,612.0,694.0,54400.0,1196.0,False,False
3481,2022-10-25 11:24:29.022789,-0.007968127490039945,0.0,-0.10000000000000142,0.0,12.5,12.55,12.45,12.5,612.0,694.0,54400.0,1196.0,False,False
3481,2022-10-25 11:24:29.383359,-0.007968127490039945,0.0,-0.10000000000000142,0.0,12.5,12.55,12.45,12.5,617.0,694.0,54400.0,1196.0,False,False
3481,2022-10-25 11:24:31.197853,-0.007968127490039945,0.0,-0.10000000000000142,0.0,12.5,12.55,12.45,12.5,617.0,694.0,54400.0,1436.0,True,True
3481,2022-10-25 11:24:31.544920,-0.007968127490039945,0.0,-0.10000000000000142,0.0,12.5,12.55,12.45,12.5,617.0,704.0,54400.0,1436.0,False,False
3481,2022-10-25 11:24:32.182656,-0.007968127490039945,0.0,-0.10000000000000142,0.0,12.5,12.55,12.45,12.5,617.0,704.0,54400.0,1436.0,False,False
3481,2022-10-25 11:24:33.726732,-0.007968127490039945,0.0,-0.10000000000000142,0.0,12.5,12.55,12.45,12.5,617.0,704.0,54400.0,1436.0,False,False
3481,2022-10-25 11:24:37.286503,-0.007968127490039945,0.0,-0.10000000000000142,0.0,12.5,12.55,12.45,12.5,616.0,704.0,54400.0,1436.0,False,False
3481,2022-10-25 11:24:38.328200,-0.007968127490039945,0.0,-0.10000000000000142,0.0,12.5,12.55,12.45,12.5,616.0,714.0,54400.0,1436.0,False,False
3481,2022-10-25 11:24:39.095703,-0.007968127490039945,0.0,-0.10000000000000142,0.0,12.5,12.55,12.45,12.5,616.0,714.0,54400.0,1436.0,False,False
3481,2022-10-25 11:24:40.510826,-0.007968127490039945,0.0,-0.10000000000000142,0.0,12.5,12.55,12.45,12.5,618.0,714.0,54400.0,1436.0,False,False
3481,2022-10-25 11:24:41.238508,-0.007968127490039945,0.0,-0.10000000000000142,0.0,12.5,12.55,12.45,12.5,618.0,714.0,54400.0,1435.0,True,True
3481,2022-10-25 11:24:45.220268,-0.007968127490039945,0.0,-0.10000000000000142,0.0,12.5,12.55,12.45,12.5,618.0,717.0,54400.0,1435.0,False,False
3481,2022-10-25 11:24:45.577018,-0.007968127490039945,0.0,-0.10000000000000142,0.0,12.5,12.55,12.45,12.5,618.0,717.0,54400.0,1435.0,False,False
3481,2022-10-25 11:24:45.822706,-0.007968127490039945,0.0,-0.10000000000000142,0.0,12.5,12.55,12.45,12.5,618.0,693.0,54400.0,1435.0,False,False
3481,2022-10-25 11:24:48.678365,-0.007968127490039945,0.0,-0.10000000000000142,0.0,12.5,12.55,12.45,12.5,612.0,693.0,54400.0,1435.0,False,False
3481,2022-10-25 11:24:49.691803,-0.007968127490039945,0.0,-0.10000000000000142,0.0,12.5,12.55,12.45,12.5,662.0,693.0,54400.0,1435.0,False,False
3481,2022-10-25 11:24:49.933710,-0.007968127490039945,0.0,-0.10000000000000142,0.0,12.5,12.55,12.45,12.5,662.0,693.0,54400.0,1435.0,False,False
3481,2022-10-25 11:24:51.084713,-0.007968127490039945,0.0,-0.10000000000000142,0.0,12.5,12.55,12.45,12.5,664.0,693.0,54400.0,1435.0,False,False
3481,2022-10-25 11:24:51.119757,-0.007968127490039945,0.0,-0.10000000000000142,0.0,12.5,12.55,12.45,12.5,672.0,693.0,54400.0,1435.0,False,False
3481,2022-10-25 11:24:51.273127,-0.007968127490039945,0.0,-0.10000000000000142,0.0,12.5,12.55,12.45,12.5,672.0,693.0,54400.0,1590.0,True,True
3481,2022-10-25 11:24:51.828496,-0.007968127490039945,0.0,-0.10000000000000142,0.0,12.5,12.55,12.45,12.5,672.0,713.0,54400.0,1590.0,False,False
3481,2022-10-25 11:24:53.113788,-0.007968127490039945,0.0,-0.10000000000000142,0.0,12.5,12.55,12.45,12.5,673.0,713.0,54400.0,1590.0,False,False
3481,2022-10-25 11:24:53.879739,-0.007968127490039945,0.0,-0.10000000000000142,0.0,12.5,12.55,12.45,12.5,674.0,713.0,54400.0,1590.0,False,False
3481,2022-10-25 11:24:53.897101,-0.007968127490039945,0.0,-0.10000000000000142,0.0,12.5,12.55,12.45,12.5,674.0,713.0,54400.0,1590.0,False,False
3481,2022-10-25 11:24:54.742635,-0.007968127490039945,0.0,-0.10000000000000142,0.0,12.5,12.55,12.45,12.5,674.0,713.0,54400.0,1590.0,False,False
3481,2022-10-25 11:24:55.505302,-0.007968127490039945,0.0,-0.10000000000000142,0.0,12.5,12.55,12.45,12.5,674.0,716.0,54400.0,1590.0,False,False
3481,2022-10-25 11:24:56.025602,-0.007968127490039945,0.0,-0.10000000000000142,0.0,12.5,12.55,12.45,12.5,676.0,716.0,54400.0,1590.0,False,False
3481,2022-10-25 11:24:58.108386,-0.007968127490039945,0.0,-0.10000000000000142,0.0,12.5,12.55,12.45,12.5,678.0,716.0,54400.0,1590.0,False,False
3481,2022-10-25 11:25:02.797620,-0.007968127490039945,0.0,-0.10000000000000142,0.0,12.5,12.55,12.45,12.5,678.0,766.0,54400.0,1590.0,False,False
3481,2022-10-25 11:25:02.964285,-0.007968127490039945,0.0,-0.10000000000000142,0.0,12.5,12.55,12.45,12.5,678.0,767.0,54400.0,1590.0,False,False
3481,2022-10-25 11:25:03.182409,-0.007968127490039945,0.0,-0.10000000000000142,0.0,12.5,12.55,12.45,12.5,678.0,767.0,54400.0,1590.0,False,False
3481,2022-10-25 11:25:05.832744,-0.007968127490039945,0.0,-0.10000000000000142,0.0,12.5,12.55,12.45,12.5,678.0,757.0,54400.0,1590.0,False,False
3481,2022-10-25 11:25:08.192255,-0.007968127490039945,0.0,-0.10000000000000142,0.0,12.5,12.55,12.45,12.5,678.0,757.0,54400.0,1590.0,False,False
3481,2022-10-25 11:25:08.228517,-0.007968127490039945,0.0,-0.10000000000000142,0.0,12.5,12.55,12.45,12.5,678.0,756.0,54400.0,1590.0,False,False
3481,2022-10-25 11:25:09.393872,-0.007968127490039945,0.0,-0.10000000000000142,0.0,12.5,12.55,12.45,12.5,678.0,756.0,54400.0,1590.0,False,False
3481,2022-10-25 11:25:10.639989,-0.007968127490039945,0.0,-0.10000000000000142,0.0,12.5,12.55,12.45,12.5,678.0,756.0,54400.0,2494.0,False,True
3481,2022-10-25 11:25:10.652268,-0.007968127490039945,0.0,-0.10000000000000142,0.0,12.5,12.55,12.45,12.5,678.0,758.0,54400.0,2494.0,False,False
3481,2022-10-25 11:25:12.533676,-0.007968127490039945,0.0,-0.10000000000000142,0.0,12.5,12.55,12.45,12.5,678.0,788.0,54400.0,2494.0,False,False
3481,2022-10-25 11:25:14.839201,-0.007968127490039945,0.0,-0.10000000000000142,0.0,12.5,12.55,12.45,12.5,678.0,786.0,54400.0,2494.0,False,False
3481,2022-10-25 11:25:16.657995,-0.007968127490039945,0.0,-0.10000000000000142,0.0,12.5,12.55,12.45,12.5,674.0,786.0,54400.0,2494.0,False,False
3481,2022-10-25 11:25:19.227149,-0.007968127490039945,0.0,-0.10000000000000142,0.0,12.5,12.55,12.45,12.5,676.0,786.0,54400.0,2494.0,False,False
3481,2022-10-25 11:25:19.753336,-0.007968127490039945,0.0,-0.10000000000000142,0.0,12.5,12.55,12.45,12.5,676.0,786.0,54400.0,2494.0,False,False
3481,2022-10-25 11:25:20.652295,-0.007968127490039945,0.0,-0.10000000000000142,0.0,12.5,12.55,12.45,12.5,676.0,786.0,54400.0,1395.0,True,True
3481,2022-10-25 11:25:20.654054,-0.007968127490039945,0.0,-0.10000000000000142,0.0,12.5,12.55,12.45,12.5,626.0,786.0,54400.0,1395.0,False,False
3481,2022-10-25 11:25:21.854087,-0.007968127490039945,0.0,-0.10000000000000142,0.0,12.5,12.55,12.45,12.5,626.0,786.0,54400.0,1395.0,False,False
3481,2022-10-25 11:25:22.040258,-0.007968127490039945,0.0,-0.10000000000000142,0.0,12.5,12.55,12.45,12.5,626.0,786.0,54400.0,1395.0,False,False
3481,2022-10-25 11:25:22.911784,-0.007968127490039945,0.0,-0.10000000000000142,0.0,12.5,12.55,12.45,12.5,626.0,786.0,54400.0,1395.0,False,False
3481,2022-10-25 11:25:24.214171,-0.007968127490039945,0.0,-0.10000000000000142,0.0,12.5,12.55,12.45,12.5,626.0,786.0,54400.0,1395.0,False,False
3481,2022-10-25 11:25:24.373377,-0.007968127490039945,0.0,-0.10000000000000142,0.0,12.5,12.55,12.45,12.5,650.0,786.0,54400.0,1395.0,False,False
3481,2022-10-25 11:25:25.301772,-0.007968127490039945,0.0,-0.10000000000000142,0.0,12.5,12.55,12.45,12.5,650.0,787.0,54400.0,1395.0,False,False
3481,2022-10-25 11:25:25.312668,-0.007968127490039945,0.0,-0.10000000000000142,0.0,12.5,12.55,12.45,12.5,650.0,779.0,54400.0,1395.0,False,False
3481,2022-10-25 11:25:25.443772,-0.007968127490039945,0.0,-0.10000000000000142,0.0,12.5,12.55,12.45,12.5,650.0,772.0,54400.0,1395.0,False,False
3481,2022-10-25 11:25:26.352576,-0.007968127490039945,0.0,-0.10000000000000142,0.0,12.5,12.55,12.45,12.5,626.0,772.0,54400.0,1395.0,False,False
3481,2022-10-25 11:25:26.450776,-0.007968127490039945,0.0,-0.10000000000000142,0.0,12.5,12.55,12.45,12.5,626.0,773.0,54400.0,1395.0,False,False
3481,2022-10-25 11:25:26.672094,-0.007968127490039945,0.0,-0.10000000000000142,0.0,12.5,12.55,12.45,12.5,626.0,766.0,54400.0,1395.0,False,False
3481,2022-10-25 11:25:28.121389,-0.007968127490039945,0.0,-0.10000000000000142,0.0,12.5,12.55,12.45,12.5,636.0,766.0,54400.0,1395.0,False,False
3481,2022-10-25 11:25:30.359782,-0.007968127490039945,0.0,-0.10000000000000142,0.0,12.5,12.55,12.45,12.5,660.0,766.0,54400.0,1395.0,False,False
3481,2022-10-25 11:25:30.380426,-0.007968127490039945,0.0,-0.10000000000000142,0.0,12.5,12.55,12.45,12.5,660.0,758.0,54400.0,1395.0,False,False
3481,2022-10-25 11:25:30.424771,-0.007968127490039945,0.0,-0.10000000000000142,0.0,12.5,12.55,12.45,12.5,900.0,758.0,54400.0,1395.0,False,False
3481,2022-10-25 11:25:30.487845,-0.007968127490039945,0.0,-0.10000000000000142,0.0,12.5,12.55,12.45,12.5,900.0,751.0,54400.0,1395.0,False,False
3481,2022-10-25 11:25:30.526220,-0.007968127490039945,0.0,-0.10000000000000142,0.0,12.5,12.55,12.45,12.5,900.0,491.0,54400.0,1395.0,False,False
3481,2022-10-25 11:25:30.526441,-0.007968127490039945,0.0,-0.10000000000000142,0.0,12.5,12.55,12.45,12.5,900.0,459.0,54400.0,1395.0,False,False
3481,2022-10-25 11:25:30.644532,-0.007968127490039945,0.0,-0.10000000000000142,0.0,12.5,12.55,12.45,12.5,900.0,454.0,54400.0,1395.0,False,False
3481,2022-10-25 11:25:30.644951,-0.011904761904761973,0.0,-0.15000000000000036,0.0,12.5,12.6,12.45,12.5,900.0,1695.0,54400.0,1395.0,False,False
3481,2022-10-25 11:25:30.645398,-0.011904761904761973,0.0,-0.15000000000000036,0.0,12.5,12.6,12.45,12.5,900.0,1659.0,54400.0,1395.0,False,False
3481,2022-10-25 11:25:30.672166,-0.011904761904761973,0.0040000000000000036,-0.15000000000000036,0.05000000000000071,12.55,12.6,12.45,12.5,36.0,1659.0,54400.0,1395.0,False,False
3481,2022-10-25 11:25:30.735912,-0.011904761904761973,0.0040000000000000036,-0.15000000000000036,0.05000000000000071,12.55,12.6,12.45,12.5,36.0,1629.0,54400.0,1395.0,False,False
3481,2022-10-25 11:25:30.735953,-0.011904761904761973,0.0040000000000000036,-0.15000000000000036,0.05000000000000071,12.55,12.6,12.45,12.5,36.0,1579.0,54400.0,1395.0,False,False
3481,2022-10-25 11:25:30.736314,-0.011904761904761973,0.0040000000000000036,-0.15000000000000036,0.05000000000000071,12.55,12.6,12.45,12.5,36.0,1420.0,54400.0,1395.0,False,False
3481,2022-10-25 11:25:30.736633,-0.011904761904761973,0.0040000000000000036,-0.15000000000000036,0.05000000000000071,12.55,12.6,12.45,12.5,36.0,1348.0,54400.0,1395.0,False,False
3481,2022-10-25 11:25:30.751339,-0.011904761904761973,0.0040000000000000036,-0.15000000000000036,0.05000000000000071,12.55,12.6,12.45,12.5,51.0,1348.0,54400.0,1395.0,False,False
3481,2022-10-25 11:25:30.850452,-0.011904761904761973,0.0040000000000000036,-0.15000000000000036,0.05000000000000071,12.55,12.6,12.45,12.5,92.0,1280.0,54400.0,1395.0,False,False
3481,2022-10-25 11:25:30.829466,-0.011904761904761973,0.0040000000000000036,-0.15000000000000036,0.05000000000000071,12.55,12.6,12.45,12.5,92.0,1328.0,54400.0,1395.0,False,False
3481,2022-10-25 11:25:30.932307,-0.011904761904761973,0.0040000000000000036,-0.15000000000000036,0.05000000000000071,12.55,12.6,12.45,12.5,166.0,1280.0,54400.0,1395.0,False,False
3481,2022-10-25 11:25:31.066692,-0.011904761904761973,0.0040000000000000036,-0.15000000000000036,0.05000000000000071,12.55,12.6,12.45,12.5,166.0,1275.0,54400.0,1395.0,False,False
3481,2022-10-25 11:25:31.070246,-0.011904761904761973,0.0040000000000000036,-0.15000000000000036,0.05000000000000071,12.55,12.6,12.45,12.5,166.0,1271.0,54400.0,1395.0,False,False
3481,2022-10-25 11:25:31.070250,-0.011904761904761973,0.0040000000000000036,-0.15000000000000036,0.05000000000000071,12.55,12.6,12.45,12.5,166.0,1270.0,54400.0,1395.0,False,False
3481,2022-10-25 11:25:31.084521,-0.011904761904761973,0.0040000000000000036,-0.15000000000000036,0.05000000000000071,12.55,12.6,12.45,12.5,166.0,1270.0,54400.0,1395.0,False,False
3481,2022-10-25 11:25:31.142566,-0.011904761904761973,0.0040000000000000036,-0.15000000000000036,0.05000000000000071,12.55,12.6,12.45,12.5,166.0,1270.0,54400.0,1395.0,False,False
3481,2022-10-25 11:25:31.239819,-0.011904761904761973,0.0040000000000000036,-0.15000000000000036,0.05000000000000071,12.55,12.6,12.45,12.5,164.0,1270.0,54400.0,1395.0,False,False
3481,2022-10-25 11:25:31.336349,-0.011904761904761973,0.0040000000000000036,-0.15000000000000036,0.05000000000000071,12.55,12.6,12.45,12.5,164.0,1260.0,54400.0,1395.0,False,False
3481,2022-10-25 11:25:31.421691,-0.011904761904761973,0.0040000000000000036,-0.15000000000000036,0.05000000000000071,12.55,12.6,12.45,12.5,163.0,1270.0,54400.0,1395.0,False,False
3481,2022-10-25 11:25:31.458825,-0.011904761904761973,0.0040000000000000036,-0.15000000000000036,0.05000000000000071,12.55,12.6,12.45,12.5,163.0,1263.0,54400.0,1395.0,False,False
3481,2022-10-25 11:25:31.459350,-0.011904761904761973,0.0040000000000000036,-0.15000000000000036,0.05000000000000071,12.55,12.6,12.45,12.5,163.0,1277.0,54400.0,1395.0,False,False
3481,2022-10-25 11:25:31.613827,-0.011904761904761973,0.0040000000000000036,-0.15000000000000036,0.05000000000000071,12.55,12.6,12.45,12.5,163.0,1277.0,54400.0,1395.0,False,False
3481,2022-10-25 11:25:32.539780,-0.011904761904761973,0.0040000000000000036,-0.15000000000000036,0.05000000000000071,12.55,12.6,12.45,12.5,91.0,1277.0,54400.0,1395.0,False,False
3481,2022-10-25 11:25:32.590185,-0.011904761904761973,0.0040000000000000036,-0.15000000000000036,0.05000000000000071,12.55,12.6,12.45,12.5,91.0,1318.0,54400.0,1395.0,False,False
3481,2022-10-25 11:25:32.801424,-0.011904761904761973,0.0040000000000000036,-0.15000000000000036,0.05000000000000071,12.55,12.6,12.45,12.5,91.0,1316.0,54400.0,1395.0,False,False
3481,2022-10-25 11:25:35.221092,-0.011904761904761973,0.0040000000000000036,-0.15000000000000036,0.05000000000000071,12.55,12.6,12.45,12.5,91.0,1316.0,54400.0,1395.0,False,False
3481,2022-10-25 11:25:35.526423,-0.011904761904761973,0.0040000000000000036,-0.15000000000000036,0.05000000000000071,12.55,12.6,12.45,12.5,91.0,1302.0,54400.0,1395.0,False,False
3481,2022-10-25 11:25:35.572175,-0.011904761904761973,0.0040000000000000036,-0.15000000000000036,0.05000000000000071,12.55,12.6,12.45,12.5,111.0,1320.0,54400.0,1395.0,False,False
3481,2022-10-25 11:25:35.719397,-0.011904761904761973,0.0040000000000000036,-0.15000000000000036,0.05000000000000071,12.55,12.6,12.45,12.5,111.0,1352.0,54400.0,1395.0,False,False
3481,2022-10-25 11:25:35.838734,-0.011904761904761973,0.0040000000000000036,-0.15000000000000036,0.05000000000000071,12.55,12.6,12.45,12.5,111.0,1351.0,54400.0,1395.0,False,False
3481,2022-10-25 11:25:36.184806,-0.011904761904761973,0.0040000000000000036,-0.15000000000000036,0.05000000000000071,12.55,12.6,12.45,12.5,111.0,1356.0,54400.0,1395.0,False,False
3481,2022-10-25 11:25:36.528538,-0.011904761904761973,0.0040000000000000036,-0.15000000000000036,0.05000000000000071,12.55,12.6,12.45,12.5,111.0,1342.0,54400.0,1395.0,False,False
3481,2022-10-25 11:25:36.569864,-0.011904761904761973,0.0040000000000000036,-0.15000000000000036,0.05000000000000071,12.55,12.6,12.45,12.5,111.0,1358.0,54400.0,1395.0,False,False
3481,2022-10-25 11:25:37.526504,-0.011904761904761973,0.0040000000000000036,-0.15000000000000036,0.05000000000000071,12.55,12.6,12.45,12.5,111.0,1342.0,54400.0,1395.0,False,False
3481,2022-10-25 11:25:37.572708,-0.011904761904761973,0.0040000000000000036,-0.15000000000000036,0.05000000000000071,12.55,12.6,12.45,12.5,111.0,1362.0,54400.0,1395.0,False,False
3481,2022-10-25 11:25:38.712812,-0.011904761904761973,0.0040000000000000036,-0.15000000000000036,0.05000000000000071,12.55,12.6,12.45,12.5,111.0,1362.0,54400.0,1395.0,False,False
3481,2022-10-25 11:25:38.923336,-0.011904761904761973,0.0040000000000000036,-0.15000000000000036,0.05000000000000071,12.55,12.6,12.45,12.5,112.0,1362.0,54400.0,1395.0,False,False
3481,2022-10-25 11:25:40.492835,-0.011904761904761973,0.0040000000000000036,-0.15000000000000036,0.05000000000000071,12.55,12.6,12.45,12.5,112.0,1354.0,54400.0,1395.0,False,False
3481,2022-10-25 11:25:40.707251,-0.007936507936507908,0.0,-0.09999999999999964,0.0,12.55,12.6,12.5,12.55,112.0,1354.0,53046.0,18505.0,True,True
3481,2022-10-25 11:25:40.750715,-0.007936507936507908,0.0,-0.09999999999999964,0.0,12.55,12.6,12.5,12.55,112.0,1347.0,53046.0,18505.0,False,False
3481,2022-10-25 11:25:41.346466,-0.007936507936507908,0.0,-0.09999999999999964,0.0,12.55,12.6,12.5,12.55,113.0,1347.0,53046.0,18505.0,False,False
3481,2022-10-25 11:25:42.809792,-0.007936507936507908,0.0,-0.09999999999999964,0.0,12.55,12.6,12.5,12.55,113.0,1347.0,53046.0,18505.0,False,False
3481,2022-10-25 11:25:42.944701,-0.007936507936507908,0.0,-0.09999999999999964,0.0,12.55,12.6,12.5,12.55,115.0,1347.0,53046.0,18505.0,False,False
3481,2022-10-25 11:25:43.239181,-0.007936507936507908,0.0,-0.09999999999999964,0.0,12.55,12.6,12.5,12.55,170.0,1347.0,53046.0,18505.0,False,False
3481,2022-10-25 11:25:44.187910,-0.007936507936507908,0.0,-0.09999999999999964,0.0,12.55,12.6,12.5,12.55,170.0,1346.0,53046.0,18505.0,False,False
3481,2022-10-25 11:25:44.352873,-0.007936507936507908,0.0,-0.09999999999999964,0.0,12.55,12.6,12.5,12.55,195.0,1346.0,53046.0,18505.0,False,False
3481,2022-10-25 11:25:44.453768,-0.007936507936507908,0.0,-0.09999999999999964,0.0,12.55,12.6,12.5,12.55,248.0,1346.0,53046.0,18505.0,False,False
3481,2022-10-25 11:25:44.779603,-0.007936507936507908,0.0,-0.09999999999999964,0.0,12.55,12.6,12.5,12.55,319.0,1346.0,53046.0,18505.0,False,False
3481,2022-10-25 11:25:45.050128,-0.007936507936507908,0.0,-0.09999999999999964,0.0,12.55,12.6,12.5,12.55,319.0,1392.0,53046.0,18505.0,False,False
3481,2022-10-25 11:25:45.073340,-0.007936507936507908,0.0,-0.09999999999999964,0.0,12.55,12.6,12.5,12.55,319.0,1395.0,53046.0,18505.0,False,False
3481,2022-10-25 11:25:47.282544,-0.007936507936507908,0.0,-0.09999999999999964,0.0,12.55,12.6,12.5,12.55,319.0,1389.0,53046.0,18505.0,False,False
3481,2022-10-25 11:25:47.323446,-0.007936507936507908,0.0,-0.09999999999999964,0.0,12.55,12.6,12.5,12.55,319.0,1389.0,53046.0,18505.0,False,False
3481,2022-10-25 11:25:48.476534,-0.007936507936507908,0.0,-0.09999999999999964,0.0,12.55,12.6,12.5,12.55,319.0,1390.0,53046.0,18505.0,False,False
3481,2022-10-25 11:25:48.559639,-0.007936507936507908,0.0,-0.09999999999999964,0.0,12.55,12.6,12.5,12.55,319.0,1403.0,53046.0,18505.0,False,False
3481,2022-10-25 11:25:48.770743,-0.007936507936507908,0.0,-0.09999999999999964,0.0,12.55,12.6,12.5,12.55,319.0,1383.0,53046.0,18505.0,False,False
3481,2022-10-25 11:25:48.820152,-0.007936507936507908,0.0,-0.09999999999999964,0.0,12.55,12.6,12.5,12.55,319.0,1397.0,53046.0,18505.0,False,False
3481,2022-10-25 11:25:49.498368,-0.007936507936507908,0.0,-0.09999999999999964,0.0,12.55,12.6,12.5,12.55,319.0,1397.0,53046.0,18505.0,False,False
3481,2022-10-25 11:25:49.789214,-0.007936507936507908,0.0,-0.09999999999999964,0.0,12.55,12.6,12.5,12.55,319.0,1397.0,53046.0,18505.0,False,False
3481,2022-10-25 11:25:50.043220,-0.007936507936507908,0.0,-0.09999999999999964,0.0,12.55,12.6,12.5,12.55,319.0,1383.0,53046.0,18505.0,False,False
3481,2022-10-25 11:25:50.092828,-0.007936507936507908,0.0,-0.09999999999999964,0.0,12.55,12.6,12.5,12.55,319.0,1391.0,53046.0,18505.0,False,False
3481,2022-10-25 11:25:50.177296,-0.007936507936507908,0.0,-0.09999999999999964,0.0,12.55,12.6,12.5,12.55,319.0,1391.0,53046.0,18505.0,False,False
3481,2022-10-25 11:25:50.320419,-0.007936507936507908,0.0,-0.09999999999999964,0.0,12.55,12.6,12.5,12.55,320.0,1373.0,53046.0,18505.0,False,False
3481,2022-10-25 11:25:50.404535,-0.007936507936507908,0.0,-0.09999999999999964,0.0,12.55,12.6,12.5,12.55,319.0,1372.0,53046.0,18505.0,False,False
3481,2022-10-25 11:25:50.448249,-0.007936507936507908,0.0,-0.09999999999999964,0.0,12.55,12.6,12.5,12.55,320.0,1372.0,53046.0,18505.0,False,False
3481,2022-10-25 11:25:50.558929,-0.007936507936507908,0.0,-0.09999999999999964,0.0,12.55,12.6,12.5,12.55,319.0,1372.0,53046.0,18505.0,False,False
3481,2022-10-25 11:25:50.704524,-0.007936507936507908,0.0,-0.09999999999999964,0.0,12.55,12.6,12.5,12.55,319.0,1372.0,53046.0,18505.0,False,False
3481,2022-10-25 11:25:50.736730,-0.007936507936507908,0.0,-0.09999999999999964,0.0,12.55,12.6,12.5,12.55,319.0,1372.0,53741.0,18505.0,True,True
3481,2022-10-25 11:25:50.776768,-0.007936507936507908,0.0,-0.09999999999999964,0.0,12.55,12.6,12.5,12.55,319.0,1371.0,53741.0,18505.0,False,False
3481,2022-10-25 11:25:51.067475,-0.007936507936507908,0.0,-0.09999999999999964,0.0,12.55,12.6,12.5,12.55,319.0,1371.0,53741.0,18505.0,False,False
3481,2022-10-25 11:25:51.531075,-0.007936507936507908,0.0,-0.09999999999999964,0.0,12.55,12.6,12.5,12.55,319.0,1371.0,53741.0,18505.0,False,False
3481,2022-10-25 11:25:51.902583,-0.007936507936507908,0.0,-0.09999999999999964,0.0,12.55,12.6,12.5,12.55,319.0,1364.0,53741.0,18505.0,False,False
3481,2022-10-25 11:25:51.940239,-0.007936507936507908,0.0,-0.09999999999999964,0.0,12.55,12.6,12.5,12.55,320.0,1364.0,53741.0,18505.0,False,False
3481,2022-10-25 11:25:54.006446,-0.007936507936507908,0.0,-0.09999999999999964,0.0,12.55,12.6,12.5,12.55,320.0,1364.0,53741.0,18505.0,False,False
3481,2022-10-25 11:25:54.031553,-0.007936507936507908,0.0,-0.09999999999999964,0.0,12.55,12.6,12.5,12.55,319.0,1364.0,53741.0,18505.0,False,False
3481,2022-10-25 11:25:58.087295,-0.007936507936507908,0.0,-0.09999999999999964,0.0,12.55,12.6,12.5,12.55,319.0,1364.0,53741.0,18505.0,False,False
3481,2022-10-25 11:25:58.798324,-0.007936507936507908,0.0,-0.09999999999999964,0.0,12.55,12.6,12.5,12.55,319.0,1363.0,53741.0,18505.0,False,False
3481,2022-10-25 11:25:58.848655,-0.007936507936507908,0.0,-0.09999999999999964,0.0,12.55,12.6,12.5,12.55,324.0,1363.0,53741.0,18505.0,False,False
3481,2022-10-25 11:25:59.220848,-0.007936507936507908,0.0,-0.09999999999999964,0.0,12.55,12.6,12.5,12.55,324.0,1363.0,53741.0,18505.0,False,False
3481,2022-10-25 11:25:59.413002,-0.007936507936507908,0.0,-0.09999999999999964,0.0,12.55,12.6,12.5,12.55,324.0,1363.0,53741.0,18505.0,False,False
3481,2022-10-25 11:26:00.055168,-0.007936507936507908,0.0,-0.09999999999999964,0.0,12.55,12.6,12.5,12.55,324.0,1362.0,53741.0,18505.0,False,False
3481,2022-10-25 11:26:00.766331,-0.007936507936507908,0.0,-0.09999999999999964,0.0,12.55,12.6,12.5,12.55,324.0,1362.0,52427.0,18505.0,True,True
3481,2022-10-25 11:26:01.675027,-0.007936507936507908,0.0,-0.09999999999999964,0.0,12.55,12.6,12.5,12.55,324.0,1362.0,52427.0,18505.0,False,False
3481,2022-10-25 11:26:02.872250,-0.007936507936507908,0.0,-0.09999999999999964,0.0,12.55,12.6,12.5,12.55,324.0,1362.0,52427.0,18505.0,False,False
3481,2022-10-25 11:26:03.111661,-0.007936507936507908,0.0,-0.09999999999999964,0.0,12.55,12.6,12.5,12.55,324.0,1362.0,52427.0,18505.0,False,False
3481,2022-10-25 11:26:04.472846,-0.007936507936507908,0.0,-0.09999999999999964,0.0,12.55,12.6,12.5,12.55,324.0,1365.0,52427.0,18505.0,False,False
3481,2022-10-25 11:26:05.525659,-0.007936507936507908,0.0,-0.09999999999999964,0.0,12.55,12.6,12.5,12.55,322.0,1365.0,52427.0,18505.0,False,False
3481,2022-10-25 11:26:06.199236,-0.007936507936507908,0.0,-0.09999999999999964,0.0,12.55,12.6,12.5,12.55,332.0,1365.0,52427.0,18505.0,False,False
3481,2022-10-25 11:26:07.074196,-0.007936507936507908,0.0,-0.09999999999999964,0.0,12.55,12.6,12.5,12.55,332.0,1365.0,52427.0,18505.0,False,False
3481,2022-10-25 11:26:07.642427,-0.007936507936507908,0.0,-0.09999999999999964,0.0,12.55,12.6,12.5,12.55,332.0,1365.0,52427.0,18505.0,False,False
3481,2022-10-25 11:26:07.896149,-0.007936507936507908,0.0,-0.09999999999999964,0.0,12.55,12.6,12.5,12.55,347.0,1365.0,52427.0,18505.0,False,False
3481,2022-10-25 11:26:08.095290,-0.007936507936507908,0.0,-0.09999999999999964,0.0,12.55,12.6,12.5,12.55,362.0,1365.0,52427.0,18505.0,False,False
3481,2022-10-25 11:26:10.808977,-0.007936507936507908,0.0,-0.09999999999999964,0.0,12.55,12.6,12.5,12.55,362.0,1365.0,53246.0,18505.0,True,True
3481,2022-10-25 11:26:11.154256,-0.007936507936507908,0.0,-0.09999999999999964,0.0,12.55,12.6,12.5,12.55,363.0,1365.0,53246.0,18505.0,False,False
3481,2022-10-25 11:26:11.771939,-0.007936507936507908,0.0,-0.09999999999999964,0.0,12.55,12.6,12.5,12.55,365.0,1365.0,53246.0,18505.0,False,False
3481,2022-10-25 11:26:12.791556,-0.007936507936507908,0.0,-0.09999999999999964,0.0,12.55,12.6,12.5,12.55,365.0,1365.0,53246.0,18505.0,False,False
3481,2022-10-25 11:26:12.883916,-0.007936507936507908,0.0,-0.09999999999999964,0.0,12.55,12.6,12.5,12.55,365.0,1365.0,53246.0,18505.0,False,False
3481,2022-10-25 11:26:13.339232,-0.007936507936507908,0.0,-0.09999999999999964,0.0,12.55,12.6,12.5,12.55,389.0,1365.0,53246.0,18505.0,False,False
3481,2022-10-25 11:26:13.907469,-0.007936507936507908,0.0,-0.09999999999999964,0.0,12.55,12.6,12.5,12.55,389.0,1365.0,53246.0,18505.0,False,False
3481,2022-10-25 11:26:13.929498,-0.007936507936507908,0.0,-0.09999999999999964,0.0,12.55,12.6,12.5,12.55,389.0,1365.0,53246.0,18505.0,False,False
3481,2022-10-25 11:26:14.284787,-0.007936507936507908,0.0,-0.09999999999999964,0.0,12.55,12.6,12.5,12.55,365.0,1365.0,53246.0,18505.0,False,False
3481,2022-10-25 11:26:15.058611,-0.007936507936507908,0.0,-0.09999999999999964,0.0,12.55,12.6,12.5,12.55,319.0,1319.0,53246.0,18505.0,False,False
3481,2022-10-25 11:26:15.290480,-0.007936507936507908,0.0,-0.09999999999999964,0.0,12.55,12.6,12.5,12.55,355.0,1319.0,53246.0,18505.0,False,False
3481,2022-10-25 11:26:16.017713,-0.007936507936507908,0.0,-0.09999999999999964,0.0,12.55,12.6,12.5,12.55,355.0,1320.0,53246.0,18505.0,False,False
3481,2022-10-25 11:26:17.195707,-0.007936507936507908,0.0,-0.09999999999999964,0.0,12.55,12.6,12.5,12.55,355.0,1320.0,53246.0,18505.0,False,False
3481,2022-10-25 11:26:17.280439,-0.007936507936507908,0.0,-0.09999999999999964,0.0,12.55,12.6,12.5,12.55,356.0,1320.0,53246.0,18505.0,False,False
3481,2022-10-25 11:26:17.481817,-0.007936507936507908,0.0,-0.09999999999999964,0.0,12.55,12.6,12.5,12.55,358.0,1320.0,53246.0,18505.0,False,False
3481,2022-10-25 11:26:18.122679,-0.007936507936507908,0.0,-0.09999999999999964,0.0,12.55,12.6,12.5,12.55,360.0,1320.0,53246.0,18505.0,False,False
3481,2022-10-25 11:26:18.416125,-0.007936507936507908,0.0,-0.09999999999999964,0.0,12.55,12.6,12.5,12.55,364.0,1320.0,53246.0,18505.0,False,False
3481,2022-10-25 11:26:19.259430,-0.007936507936507908,0.0,-0.09999999999999964,0.0,12.55,12.6,12.5,12.55,364.0,1320.0,53246.0,18505.0,False,False
3481,2022-10-25 11:26:19.334706,-0.007936507936507908,0.0,-0.09999999999999964,0.0,12.55,12.6,12.5,12.55,364.0,1320.0,53246.0,18505.0,False,False
3481,2022-10-25 11:26:19.793308,-0.007936507936507908,0.0,-0.09999999999999964,0.0,12.55,12.6,12.5,12.55,365.0,1320.0,53246.0,18505.0,False,False
3481,2022-10-25 11:26:20.227185,-0.007936507936507908,0.0,-0.09999999999999964,0.0,12.55,12.6,12.5,12.55,365.0,1320.0,53246.0,18505.0,False,False
3481,2022-10-25 11:26:20.838694,-0.007936507936507908,0.0,-0.09999999999999964,0.0,12.55,12.6,12.5,12.55,365.0,1320.0,53846.0,18505.0,True,True
3481,2022-10-25 11:26:21.197051,-0.007936507936507908,0.0,-0.09999999999999964,0.0,12.55,12.6,12.5,12.55,365.0,1320.0,53846.0,18505.0,False,False
3481,2022-10-25 11:26:22.656082,-0.007936507936507908,0.0,-0.09999999999999964,0.0,12.55,12.6,12.5,12.55,365.0,1325.0,53846.0,18505.0,False,False
3481,2022-10-25 11:26:22.995696,-0.007936507936507908,0.0,-0.09999999999999964,0.0,12.55,12.6,12.5,12.55,365.0,1325.0,53846.0,18505.0,False,False
3481,2022-10-25 11:26:23.097711,-0.007936507936507908,0.0,-0.09999999999999964,0.0,12.55,12.6,12.5,12.55,365.0,1325.0,53846.0,18505.0,False,False
3481,2022-10-25 11:26:23.950298,-0.007936507936507908,0.0,-0.09999999999999964,0.0,12.55,12.6,12.5,12.55,365.0,1350.0,53846.0,18505.0,False,False
3481,2022-10-25 11:26:24.260826,-0.007936507936507908,0.0,-0.09999999999999964,0.0,12.55,12.6,12.5,12.55,365.0,1350.0,53846.0,18505.0,False,False
3481,2022-10-25 11:26:24.293960,-0.007936507936507908,0.0,-0.09999999999999964,0.0,12.55,12.6,12.5,12.55,365.0,1347.0,53846.0,18505.0,False,False
3481,2022-10-25 11:26:24.357467,-0.007936507936507908,0.0,-0.09999999999999964,0.0,12.55,12.6,12.5,12.55,365.0,1350.0,53846.0,18505.0,False,False
3481,2022-10-25 11:26:24.771609,-0.007936507936507908,0.0,-0.09999999999999964,0.0,12.55,12.6,12.5,12.55,364.0,1350.0,53846.0,18505.0,False,False
3481,2022-10-25 11:26:25.408385,-0.007936507936507908,0.0,-0.09999999999999964,0.0,12.55,12.6,12.5,12.55,364.0,1350.0,53846.0,18505.0,False,False
3481,2022-10-25 11:26:25.626801,-0.007936507936507908,0.0,-0.09999999999999964,0.0,12.55,12.6,12.5,12.55,364.0,1350.0,53846.0,18505.0,False,False
3481,2022-10-25 11:26:25.684780,-0.007936507936507908,0.0,-0.09999999999999964,0.0,12.55,12.6,12.5,12.55,366.0,1350.0,53846.0,18505.0,False,False
3481,2022-10-25 11:26:26.072993,-0.007936507936507908,0.0,-0.09999999999999964,0.0,12.55,12.6,12.5,12.55,366.0,1350.0,53846.0,18505.0,False,False
3481,2022-10-25 11:26:26.279832,-0.007936507936507908,0.0,-0.09999999999999964,0.0,12.55,12.6,12.5,12.55,366.0,1350.0,53846.0,18505.0,False,False
3481,2022-10-25 11:26:26.358086,-0.007936507936507908,0.0,-0.09999999999999964,0.0,12.55,12.6,12.5,12.55,364.0,1350.0,53846.0,18505.0,False,False
3481,2022-10-25 11:26:27.459562,-0.007936507936507908,0.0,-0.09999999999999964,0.0,12.55,12.6,12.5,12.55,364.0,1350.0,53846.0,18505.0,False,False
3481,2022-10-25 11:26:28.145694,-0.007936507936507908,0.0,-0.09999999999999964,0.0,12.55,12.6,12.5,12.55,364.0,1355.0,53846.0,18505.0,False,False
3481,2022-10-25 11:26:28.176217,-0.007936507936507908,0.0,-0.09999999999999964,0.0,12.55,12.6,12.5,12.55,364.0,1368.0,53846.0,18505.0,False,False
3481,2022-10-25 11:26:28.425042,-0.007936507936507908,0.0,-0.09999999999999964,0.0,12.55,12.6,12.5,12.55,364.0,1368.0,53846.0,18505.0,False,False
3481,2022-10-25 11:26:30.744991,-0.007936507936507908,0.0,-0.09999999999999964,0.0,12.55,12.6,12.5,12.55,364.0,1368.0,53846.0,18505.0,False,False
3481,2022-10-25 11:26:30.874524,-0.007936507936507908,0.0,-0.09999999999999964,0.0,12.55,12.6,12.5,12.55,364.0,1368.0,52951.0,18505.0,True,True
3481,2022-10-25 11:26:32.222510,-0.007936507936507908,0.0,-0.09999999999999964,0.0,12.55,12.6,12.5,12.55,364.0,1367.0,52951.0,18505.0,False,False
3481,2022-10-25 11:26:33.088825,-0.007936507936507908,0.0,-0.09999999999999964,0.0,12.55,12.6,12.5,12.55,364.0,1367.0,52951.0,18505.0,False,False
3481,2022-10-25 11:26:35.495253,-0.007936507936507908,0.0,-0.09999999999999964,0.0,12.55,12.6,12.5,12.55,364.0,1367.0,52951.0,18505.0,False,False
3481,2022-10-25 11:26:35.645975,-0.007936507936507908,0.0,-0.09999999999999964,0.0,12.55,12.6,12.5,12.55,337.0,1367.0,52951.0,18505.0,False,False
3481,2022-10-25 11:26:37.100925,-0.007936507936507908,0.0,-0.09999999999999964,0.0,12.55,12.6,12.5,12.55,337.0,1366.0,52951.0,18505.0,False,False
3481,2022-10-25 11:26:37.100941,-0.007936507936507908,0.0,-0.09999999999999964,0.0,12.55,12.6,12.5,12.55,348.0,1366.0,52951.0,18505.0,False,False
3481,2022-10-25 11:26:37.340157,-0.007936507936507908,0.0,-0.09999999999999964,0.0,12.55,12.6,12.5,12.55,348.0,1366.0,52951.0,18505.0,False,False
3481,2022-10-25 11:26:37.763905,-0.007936507936507908,0.0,-0.09999999999999964,0.0,12.55,12.6,12.5,12.55,349.0,1366.0,52951.0,18505.0,False,False
3481,2022-10-25 11:26:38.049386,-0.007936507936507908,0.0,-0.09999999999999964,0.0,12.55,12.6,12.5,12.55,349.0,1366.0,52951.0,18505.0,False,False
3481,2022-10-25 11:26:38.668724,-0.007936507936507908,0.0,-0.09999999999999964,0.0,12.55,12.6,12.5,12.55,349.0,1364.0,52951.0,18505.0,False,False
3481,2022-10-25 11:26:39.631345,-0.007936507936507908,0.0,-0.09999999999999964,0.0,12.55,12.6,12.5,12.55,349.0,1349.0,52951.0,18505.0,False,False
3481,2022-10-25 11:26:39.640547,-0.007936507936507908,0.0,-0.09999999999999964,0.0,12.55,12.6,12.5,12.55,349.0,1349.0,52951.0,18505.0,False,False
3481,2022-10-25 11:26:39.787537,-0.007936507936507908,0.0,-0.09999999999999964,0.0,12.55,12.6,12.5,12.55,349.0,1362.0,52951.0,18505.0,False,False
3481,2022-10-25 11:26:40.910734,-0.007936507936507908,0.0,-0.09999999999999964,0.0,12.55,12.6,12.5,12.55,349.0,1362.0,54226.0,18505.0,True,True
3481,2022-10-25 11:26:40.913338,-0.007936507936507908,0.0,-0.09999999999999964,0.0,12.55,12.6,12.5,12.55,348.0,1362.0,54226.0,18505.0,False,False
3481,2022-10-25 11:26:41.053094,-0.007936507936507908,0.0,-0.09999999999999964,0.0,12.55,12.6,12.5,12.55,349.0,1362.0,54226.0,18505.0,False,False
3481,2022-10-25 11:26:41.169747,-0.007936507936507908,0.0,-0.09999999999999964,0.0,12.55,12.6,12.5,12.55,349.0,1352.0,54226.0,18505.0,False,False
3481,2022-10-25 11:26:43.601885,-0.007936507936507908,0.0,-0.09999999999999964,0.0,12.55,12.6,12.5,12.55,349.0,1352.0,54226.0,18505.0,False,False
3481,2022-10-25 11:26:44.227200,-0.007936507936507908,0.0,-0.09999999999999964,0.0,12.55,12.6,12.5,12.55,349.0,1352.0,54226.0,18505.0,False,False
3481,2022-10-25 11:26:45.086507,-0.007936507936507908,0.0,-0.09999999999999964,0.0,12.55,12.6,12.5,12.55,349.0,1353.0,54226.0,18505.0,False,False
3481,2022-10-25 11:26:45.334370,-0.007936507936507908,0.0,-0.09999999999999964,0.0,12.55,12.6,12.5,12.55,349.0,1358.0,54226.0,18505.0,False,False
3481,2022-10-25 11:26:48.685796,-0.007936507936507908,0.0,-0.09999999999999964,0.0,12.55,12.6,12.5,12.55,349.0,1338.0,54226.0,18505.0,False,False
3481,2022-10-25 11:26:49.922526,-0.007936507936507908,0.0,-0.09999999999999964,0.0,12.55,12.6,12.5,12.55,354.0,1338.0,54226.0,18505.0,False,False
3481,2022-10-25 11:26:50.946838,-0.007936507936507908,0.0,-0.09999999999999964,0.0,12.55,12.6,12.5,12.55,354.0,1338.0,54226.0,18505.0,True,True
3481,2022-10-25 11:26:51.054944,-0.007936507936507908,0.0,-0.09999999999999964,0.0,12.55,12.6,12.5,12.55,354.0,1338.0,54226.0,18505.0,False,False
3481,2022-10-25 11:26:51.417900,-0.007936507936507908,0.0,-0.09999999999999964,0.0,12.55,12.6,12.5,12.55,355.0,1338.0,54226.0,18505.0,False,False
3481,2022-10-25 11:26:52.283135,-0.007936507936507908,0.0,-0.09999999999999964,0.0,12.55,12.6,12.5,12.55,357.0,1338.0,54226.0,18505.0,False,False
3481,2022-10-25 11:26:52.417384,-0.007936507936507908,0.0,-0.09999999999999964,0.0,12.55,12.6,12.5,12.55,357.0,1338.0,54226.0,18505.0,False,False
3481,2022-10-25 11:26:52.434290,-0.007936507936507908,0.0,-0.09999999999999964,0.0,12.55,12.6,12.5,12.55,357.0,1338.0,54226.0,18505.0,False,False
3481,2022-10-25 11:26:54.984632,-0.007936507936507908,0.0,-0.09999999999999964,0.0,12.55,12.6,12.5,12.55,357.0,1338.0,54226.0,18505.0,False,False
3481,2022-10-25 11:26:55.061897,-0.007936507936507908,0.0,-0.09999999999999964,0.0,12.55,12.6,12.5,12.55,357.0,1339.0,54226.0,18505.0,False,False
3481,2022-10-25 11:26:55.361738,-0.007936507936507908,0.0,-0.09999999999999964,0.0,12.55,12.6,12.5,12.55,357.0,1339.0,54226.0,18505.0,False,False
3481,2022-10-25 11:26:55.601573,-0.007936507936507908,0.0,-0.09999999999999964,0.0,12.55,12.6,12.5,12.55,356.0,1339.0,54226.0,18505.0,False,False
3481,2022-10-25 11:26:56.481282,-0.007936507936507908,0.0,-0.09999999999999964,0.0,12.55,12.6,12.5,12.55,356.0,1339.0,54226.0,18505.0,False,False
3481,2022-10-25 11:26:56.585213,-0.007936507936507908,0.0,-0.09999999999999964,0.0,12.55,12.6,12.5,12.55,285.0,1339.0,54226.0,18505.0,False,False
3481,2022-10-25 11:26:56.654158,-0.007936507936507908,0.0,-0.09999999999999964,0.0,12.55,12.6,12.5,12.55,285.0,1359.0,54226.0,18505.0,False,False
3481,2022-10-25 11:26:56.768409,-0.007936507936507908,0.0,-0.09999999999999964,0.0,12.55,12.6,12.5,12.55,285.0,1359.0,54226.0,18505.0,False,False
3481,2022-10-25 11:26:56.881033,-0.007936507936507908,0.0,-0.09999999999999964,0.0,12.55,12.6,12.5,12.55,285.0,1369.0,54226.0,18505.0,False,False
3481,2022-10-25 11:26:57.638561,-0.007936507936507908,0.0,-0.09999999999999964,0.0,12.55,12.6,12.5,12.55,285.0,1365.0,54226.0,18505.0,False,False
3481,2022-10-25 11:27:00.060139,-0.007936507936507908,0.0,-0.09999999999999964,0.0,12.55,12.6,12.5,12.55,285.0,1364.0,54226.0,18505.0,False,False
3481,2022-10-25 11:27:00.355218,-0.007936507936507908,0.0,-0.09999999999999964,0.0,12.55,12.6,12.5,12.55,284.0,1364.0,54226.0,18505.0,False,False
3481,2022-10-25 11:27:00.707849,-0.007936507936507908,0.0,-0.09999999999999964,0.0,12.55,12.6,12.5,12.55,284.0,1364.0,54226.0,18505.0,False,False
3481,2022-10-25 11:27:00.836413,-0.007936507936507908,0.0,-0.09999999999999964,0.0,12.55,12.6,12.5,12.55,284.0,1367.0,54226.0,18505.0,False,False
3481,2022-10-25 11:27:00.904851,-0.007936507936507908,0.0,-0.09999999999999964,0.0,12.55,12.6,12.5,12.55,284.0,1359.0,54226.0,18505.0,False,False
3481,2022-10-25 11:27:01.027520,-0.007936507936507908,0.0,-0.09999999999999964,0.0,12.55,12.6,12.5,12.55,284.0,1363.0,54226.0,18505.0,False,False
3481,2022-10-25 11:27:01.207133,-0.007936507936507908,0.0,-0.09999999999999964,0.0,12.55,12.6,12.5,12.55,284.0,1463.0,54226.0,18505.0,False,False
3481,2022-10-25 11:27:01.360678,-0.007936507936507908,0.0,-0.09999999999999964,0.0,12.55,12.6,12.5,12.55,284.0,1447.0,54226.0,18505.0,False,False
3481,2022-10-25 11:27:01.429142,-0.007936507936507908,0.0,-0.09999999999999964,0.0,12.55,12.6,12.5,12.55,284.0,1467.0,54226.0,18505.0,False,False
3481,2022-10-25 11:27:01.578580,-0.007936507936507908,0.0,-0.09999999999999964,0.0,12.55,12.6,12.5,12.55,284.0,1465.0,54226.0,18505.0,False,False
3481,2022-10-25 11:27:02.647018,-0.007936507936507908,0.0,-0.09999999999999964,0.0,12.55,12.6,12.5,12.55,290.0,1465.0,54226.0,18505.0,False,False
3481,2022-10-25 11:27:02.842904,-0.007936507936507908,0.0,-0.09999999999999964,0.0,12.55,12.6,12.5,12.55,290.0,1466.0,54226.0,18505.0,False,False
3481,2022-10-25 11:27:03.533962,-0.007936507936507908,0.0,-0.09999999999999964,0.0,12.55,12.6,12.5,12.55,294.0,1466.0,54226.0,18505.0,False,False
3481,2022-10-25 11:27:04.375809,-0.007936507936507908,0.0,-0.09999999999999964,0.0,12.55,12.6,12.5,12.55,294.0,1466.0,54226.0,18505.0,False,False
3481,2022-10-25 11:27:04.868038,-0.007936507936507908,0.0,-0.09999999999999964,0.0,12.55,12.6,12.5,12.55,294.0,1416.0,54226.0,18505.0,False,False
3481,2022-10-25 11:27:04.903434,-0.007936507936507908,0.0,-0.09999999999999964,0.0,12.55,12.6,12.5,12.55,294.0,1416.0,54226.0,18505.0,False,False
3481,2022-10-25 11:27:04.983202,-0.007936507936507908,0.0,-0.09999999999999964,0.0,12.55,12.6,12.5,12.55,294.0,1396.0,54226.0,18505.0,False,False
3481,2022-10-25 11:27:05.032433,-0.007936507936507908,0.0,-0.09999999999999964,0.0,12.55,12.6,12.5,12.55,365.0,1396.0,54226.0,18505.0,False,False
3481,2022-10-25 11:27:05.208814,-0.007936507936507908,0.0,-0.09999999999999964,0.0,12.55,12.6,12.5,12.55,365.0,1386.0,54226.0,18505.0,False,False
3481,2022-10-25 11:27:05.407839,-0.007936507936507908,0.0,-0.09999999999999964,0.0,12.55,12.6,12.5,12.55,365.0,1386.0,54226.0,18505.0,False,False
3481,2022-10-25 11:27:05.408039,-0.007936507936507908,0.0,-0.09999999999999964,0.0,12.55,12.6,12.5,12.55,365.0,1386.0,54226.0,18505.0,False,False
3481,2022-10-25 11:27:05.734549,-0.007936507936507908,0.0,-0.09999999999999964,0.0,12.55,12.6,12.5,12.55,365.0,1386.0,54226.0,18505.0,False,False
3481,2022-10-25 11:27:06.411209,-0.007936507936507908,0.0,-0.09999999999999964,0.0,12.55,12.6,12.5,12.55,367.0,1386.0,54226.0,18505.0,False,False
3481,2022-10-25 11:27:07.888373,-0.007936507936507908,0.0,-0.09999999999999964,0.0,12.55,12.6,12.5,12.55,367.0,1387.0,54226.0,18505.0,False,False
3481,2022-10-25 11:27:10.496138,-0.007936507936507908,0.0,-0.09999999999999964,0.0,12.55,12.6,12.5,12.55,367.0,1387.0,54226.0,18505.0,False,False
3481,2022-10-25 11:27:11.479435,-0.007936507936507908,0.0,-0.09999999999999964,0.0,12.55,12.6,12.5,12.55,411.0,1387.0,54226.0,18505.0,False,False
3481,2022-10-25 11:27:11.517016,-0.007936507936507908,0.0,-0.09999999999999964,0.0,12.55,12.6,12.5,12.55,397.0,1387.0,54226.0,18505.0,False,False
3481,2022-10-25 11:27:15.934278,-0.007936507936507908,0.0,-0.09999999999999964,0.0,12.55,12.6,12.5,12.55,397.0,1387.0,54226.0,18505.0,False,False
3481,2022-10-25 11:27:16.229275,-0.007936507936507908,0.0,-0.09999999999999964,0.0,12.55,12.6,12.5,12.55,397.0,1387.0,54226.0,18505.0,False,False
3481,2022-10-25 11:27:16.527089,-0.007936507936507908,0.0,-0.09999999999999964,0.0,12.55,12.6,12.5,12.55,397.0,1387.0,54226.0,18505.0,False,False
3481,2022-10-25 11:27:16.527314,-0.007936507936507908,0.0,-0.09999999999999964,0.0,12.55,12.6,12.5,12.55,395.0,1387.0,54226.0,18505.0,False,False
3481,2022-10-25 11:27:16.565918,-0.007936507936507908,0.0,-0.09999999999999964,0.0,12.55,12.6,12.5,12.55,395.0,1387.0,54226.0,18505.0,False,False
3481,2022-10-25 11:27:16.989190,-0.007936507936507908,0.0,-0.09999999999999964,0.0,12.55,12.6,12.5,12.55,395.0,1387.0,54226.0,18505.0,False,False
3481,2022-10-25 11:27:18.282866,-0.007936507936507908,0.0,-0.09999999999999964,0.0,12.55,12.6,12.5,12.55,396.0,1387.0,54226.0,18505.0,False,False
3481,2022-10-25 11:27:19.002982,-0.007936507936507908,0.0,-0.09999999999999964,0.0,12.55,12.6,12.5,12.55,396.0,1367.0,54226.0,18505.0,False,False
3481,2022-10-25 11:27:19.225680,-0.007936507936507908,0.0,-0.09999999999999964,0.0,12.55,12.6,12.5,12.55,396.0,1357.0,54226.0,18505.0,False,False
3481,2022-10-25 11:27:19.347241,-0.007936507936507908,0.0,-0.09999999999999964,0.0,12.55,12.6,12.5,12.55,396.0,1357.0,54226.0,18505.0,False,False
3481,2022-10-25 11:27:19.538579,-0.007936507936507908,0.0,-0.09999999999999964,0.0,12.55,12.6,12.5,12.55,396.0,1357.0,54226.0,18505.0,False,False
3481,2022-10-25 11:27:20.233242,-0.007936507936507908,0.0,-0.09999999999999964,0.0,12.55,12.6,12.5,12.55,396.0,1357.0,54226.0,18505.0,False,False
3481,2022-10-25 11:27:20.404398,-0.007936507936507908,0.0,-0.09999999999999964,0.0,12.55,12.6,12.5,12.55,395.0,1357.0,54226.0,18505.0,False,False
3481,2022-10-25 11:27:21.344623,-0.007936507936507908,0.0,-0.09999999999999964,0.0,12.55,12.6,12.5,12.55,395.0,1357.0,54226.0,18505.0,False,False
3481,2022-10-25 11:27:21.484627,-0.007936507936507908,0.0,-0.09999999999999964,0.0,12.55,12.6,12.5,12.55,395.0,1347.0,54226.0,18505.0,False,False
3481,2022-10-25 11:27:21.894907,-0.007936507936507908,0.0,-0.09999999999999964,0.0,12.55,12.6,12.5,12.55,393.0,1347.0,54226.0,18505.0,False,False
3481,2022-10-25 11:27:22.458233,-0.007936507936507908,0.0,-0.09999999999999964,0.0,12.55,12.6,12.5,12.55,393.0,1347.0,54226.0,18505.0,False,False
3481,2022-10-25 11:27:23.050200,-0.007936507936507908,0.0,-0.09999999999999964,0.0,12.55,12.6,12.5,12.55,394.0,1347.0,54226.0,18505.0,False,False
3481,2022-10-25 11:27:24.695947,-0.007936507936507908,0.0,-0.09999999999999964,0.0,12.55,12.6,12.5,12.55,395.0,1347.0,54226.0,18505.0,False,False
3481,2022-10-25 11:27:25.165063,-0.007936507936507908,0.0,-0.09999999999999964,0.0,12.55,12.6,12.5,12.55,395.0,1347.0,54226.0,18505.0,False,False
3481,2022-10-25 11:27:25.166535,-0.007936507936507908,0.0,-0.09999999999999964,0.0,12.55,12.6,12.5,12.55,427.0,1347.0,54226.0,18505.0,False,False
3481,2022-10-25 11:27:27.073937,-0.007936507936507908,0.0,-0.09999999999999964,0.0,12.55,12.6,12.5,12.55,427.0,1347.0,54226.0,18505.0,False,False
3481,2022-10-25 11:27:28.583109,-0.007936507936507908,0.0,-0.09999999999999964,0.0,12.55,12.6,12.5,12.55,427.0,1347.0,54226.0,18505.0,False,False
3481,2022-10-25 11:27:29.917179,-0.007936507936507908,0.0,-0.09999999999999964,0.0,12.55,12.6,12.5,12.55,427.0,1346.0,54226.0,18505.0,False,False
3481,2022-10-25 11:27:30.396753,-0.007936507936507908,0.0,-0.09999999999999964,0.0,12.55,12.6,12.5,12.55,427.0,1346.0,54226.0,18505.0,False,False
3481,2022-10-25 11:27:30.457552,-0.007936507936507908,0.0,-0.09999999999999964,0.0,12.55,12.6,12.5,12.55,356.0,1346.0,54226.0,18505.0,False,False
3481,2022-10-25 11:27:30.515733,-0.007936507936507908,0.0,-0.09999999999999964,0.0,12.55,12.6,12.5,12.55,345.0,1366.0,54226.0,18505.0,False,False
3481,2022-10-25 11:27:30.648021,-0.007936507936507908,0.0,-0.09999999999999964,0.0,12.55,12.6,12.5,12.55,345.0,1366.0,54226.0,18505.0,False,False
3481,2022-10-25 11:27:30.786078,-0.007936507936507908,0.0,-0.09999999999999964,0.0,12.55,12.6,12.5,12.55,345.0,1376.0,54226.0,18505.0,False,False
3481,2022-10-25 11:27:30.786549,-0.007936507936507908,0.0,-0.09999999999999964,0.0,12.55,12.6,12.5,12.55,345.0,1376.0,54226.0,18505.0,False,False
3481,2022-10-25 11:27:31.099314,-0.007936507936507908,0.0,-0.09999999999999964,0.0,12.55,12.6,12.5,12.55,345.0,1376.0,54276.0,18505.0,True,True
3481,2022-10-25 11:27:31.309923,-0.007936507936507908,0.0,-0.09999999999999964,0.0,12.55,12.6,12.5,12.55,345.0,1368.0,54276.0,18505.0,False,False
3481,2022-10-25 11:27:31.681654,-0.007936507936507908,0.0,-0.09999999999999964,0.0,12.55,12.6,12.5,12.55,345.0,1370.0,54276.0,18505.0,False,False
3481,2022-10-25 11:27:32.120212,-0.007936507936507908,0.0,-0.09999999999999964,0.0,12.55,12.6,12.5,12.55,345.0,1369.0,54276.0,18505.0,False,False
3481,2022-10-25 11:27:32.612786,-0.007936507936507908,0.0,-0.09999999999999964,0.0,12.55,12.6,12.5,12.55,345.0,1369.0,54276.0,18505.0,False,False
3481,2022-10-25 11:27:33.193982,-0.007936507936507908,0.0,-0.09999999999999964,0.0,12.55,12.6,12.5,12.55,290.0,1369.0,54276.0,18505.0,False,False
3481,2022-10-25 11:27:33.352577,-0.007936507936507908,0.0,-0.09999999999999964,0.0,12.55,12.6,12.5,12.55,290.0,1369.0,54276.0,18505.0,False,False
3481,2022-10-25 11:27:33.659107,-0.007936507936507908,0.0,-0.09999999999999964,0.0,12.55,12.6,12.5,12.55,290.0,1369.0,54276.0,18505.0,False,False
3481,2022-10-25 11:27:35.288959,-0.007936507936507908,0.0,-0.09999999999999964,0.0,12.55,12.6,12.5,12.55,290.0,1369.0,54276.0,18505.0,False,False
3481,2022-10-25 11:27:36.249879,-0.007936507936507908,0.0,-0.09999999999999964,0.0,12.55,12.6,12.5,12.55,290.0,1389.0,54276.0,18505.0,False,False
3481,2022-10-25 11:27:37.864435,-0.007936507936507908,0.0,-0.09999999999999964,0.0,12.55,12.6,12.5,12.55,290.0,1389.0,54276.0,18505.0,False,False
3481,2022-10-25 11:27:39.095153,-0.007936507936507908,0.0,-0.09999999999999964,0.0,12.55,12.6,12.5,12.55,290.0,1399.0,54276.0,18505.0,False,False
3481,2022-10-25 11:27:40.869452,-0.007936507936507908,0.0,-0.09999999999999964,0.0,12.55,12.6,12.5,12.55,290.0,1399.0,54276.0,18505.0,False,False
3481,2022-10-25 11:27:41.133506,-0.007936507936507908,0.0,-0.09999999999999964,0.0,12.55,12.6,12.5,12.55,290.0,1399.0,54371.0,18505.0,True,True
3481,2022-10-25 11:27:41.308342,-0.007936507936507908,0.0,-0.09999999999999964,0.0,12.55,12.6,12.5,12.55,290.0,1399.0,54371.0,18505.0,False,False
3481,2022-10-25 11:27:42.939572,-0.007936507936507908,0.0,-0.09999999999999964,0.0,12.55,12.6,12.5,12.55,310.0,1399.0,54371.0,18505.0,False,False
3481,2022-10-25 11:27:44.587059,-0.007936507936507908,0.0,-0.09999999999999964,0.0,12.55,12.6,12.5,12.55,310.0,1397.0,54371.0,18505.0,False,False
3481,2022-10-25 11:27:44.893816,-0.007936507936507908,0.0,-0.09999999999999964,0.0,12.55,12.6,12.5,12.55,315.0,1397.0,54371.0,18505.0,False,False
3481,2022-10-25 11:27:48.019185,-0.007936507936507908,0.0,-0.09999999999999964,0.0,12.55,12.6,12.5,12.55,315.0,1397.0,54371.0,18505.0,False,False
3481,2022-10-25 11:27:50.237641,-0.007936507936507908,0.0,-0.09999999999999964,0.0,12.55,12.6,12.5,12.55,315.0,1397.0,54371.0,18505.0,False,False
3481,2022-10-25 11:27:50.432759,-0.007936507936507908,0.0,-0.09999999999999964,0.0,12.55,12.6,12.5,12.55,315.0,1398.0,54371.0,18505.0,False,False
3481,2022-10-25 11:27:51.166723,-0.007936507936507908,0.0,-0.09999999999999964,0.0,12.55,12.6,12.5,12.55,315.0,1398.0,54561.0,18505.0,True,True
3481,2022-10-25 11:27:51.425644,-0.007936507936507908,0.0,-0.09999999999999964,0.0,12.55,12.6,12.5,12.55,317.0,1398.0,54561.0,18505.0,False,False
3481,2022-10-25 11:27:53.391342,-0.007936507936507908,0.0,-0.09999999999999964,0.0,12.55,12.6,12.5,12.55,317.0,1408.0,54561.0,18505.0,False,False
3481,2022-10-25 11:27:53.651310,-0.007936507936507908,0.0,-0.09999999999999964,0.0,12.55,12.6,12.5,12.55,317.0,1408.0,54561.0,18505.0,False,False
3481,2022-10-25 11:27:55.914957,-0.007936507936507908,0.0,-0.09999999999999964,0.0,12.55,12.6,12.5,12.55,317.0,1407.0,54561.0,18505.0,False,False
3481,2022-10-25 11:27:56.628116,-0.007936507936507908,0.0,-0.09999999999999964,0.0,12.55,12.6,12.5,12.55,317.0,1407.0,54561.0,18505.0,False,False
3481,2022-10-25 11:27:57.563338,-0.007936507936507908,0.0,-0.09999999999999964,0.0,12.55,12.6,12.5,12.55,317.0,1406.0,54561.0,18505.0,False,False
3481,2022-10-25 11:27:57.952276,-0.007936507936507908,0.0,-0.09999999999999964,0.0,12.55,12.6,12.5,12.55,317.0,1386.0,54561.0,18505.0,False,False
3481,2022-10-25 11:27:58.012739,-0.007936507936507908,0.0,-0.09999999999999964,0.0,12.55,12.6,12.5,12.55,317.0,1398.0,54561.0,18505.0,False,False
3481,2022-10-25 11:27:58.140713,-0.007936507936507908,0.0,-0.09999999999999964,0.0,12.55,12.6,12.5,12.55,317.0,1402.0,54561.0,18505.0,False,False
3481,2022-10-25 11:27:58.302208,-0.007936507936507908,0.0,-0.09999999999999964,0.0,12.55,12.6,12.5,12.55,317.0,1402.0,54561.0,18505.0,False,False
3481,2022-10-25 11:27:58.373821,-0.007936507936507908,0.0,-0.09999999999999964,0.0,12.55,12.6,12.5,12.55,317.0,1406.0,54561.0,18505.0,False,False
3481,2022-10-25 11:28:01.195771,-0.007936507936507908,0.0,-0.09999999999999964,0.0,12.55,12.6,12.5,12.55,317.0,1406.0,54561.0,18505.0,True,True
3481,2022-10-25 11:28:01.621139,-0.007936507936507908,0.0,-0.09999999999999964,0.0,12.55,12.6,12.5,12.55,317.0,1405.0,54561.0,18505.0,False,False
3481,2022-10-25 11:28:01.689097,-0.007936507936507908,0.0,-0.09999999999999964,0.0,12.55,12.6,12.5,12.55,317.0,1406.0,54561.0,18505.0,False,False
3481,2022-10-25 11:28:01.896990,-0.007936507936507908,0.0,-0.09999999999999964,0.0,12.55,12.6,12.5,12.55,367.0,1406.0,54561.0,18505.0,False,False
3481,2022-10-25 11:28:02.004606,-0.007936507936507908,0.0,-0.09999999999999964,0.0,12.55,12.6,12.5,12.55,438.0,1406.0,54561.0,18505.0,False,False
3481,2022-10-25 11:28:02.032957,-0.007936507936507908,0.0,-0.09999999999999964,0.0,12.55,12.6,12.5,12.55,451.0,1406.0,54561.0,18505.0,False,False
3481,2022-10-25 11:28:02.204976,-0.007936507936507908,0.0,-0.09999999999999964,0.0,12.55,12.6,12.5,12.55,451.0,1386.0,54561.0,18505.0,False,False
3481,2022-10-25 11:28:02.254598,-0.007936507936507908,0.0,-0.09999999999999964,0.0,12.55,12.6,12.5,12.55,451.0,1402.0,54561.0,18505.0,False,False
3481,2022-10-25 11:28:02.337057,-0.007936507936507908,0.0,-0.09999999999999964,0.0,12.55,12.6,12.5,12.55,451.0,1386.0,54561.0,18505.0,False,False
3481,2022-10-25 11:28:02.412834,-0.007936507936507908,0.0,-0.09999999999999964,0.0,12.55,12.6,12.5,12.55,451.0,1398.0,54561.0,18505.0,False,False
3481,2022-10-25 11:28:02.621910,-0.007936507936507908,0.0,-0.09999999999999964,0.0,12.55,12.6,12.5,12.55,451.0,1402.0,54561.0,18505.0,False,False
3481,2022-10-25 11:28:02.953343,-0.007936507936507908,0.0,-0.09999999999999964,0.0,12.55,12.6,12.5,12.55,451.0,1386.0,54561.0,18505.0,False,False
3481,2022-10-25 11:28:02.994436,-0.007936507936507908,0.0,-0.09999999999999964,0.0,12.55,12.6,12.5,12.55,451.0,1406.0,54561.0,18505.0,False,False
3481,2022-10-25 11:28:03.633576,-0.007936507936507908,0.0,-0.09999999999999964,0.0,12.55,12.6,12.5,12.55,451.0,1406.0,54561.0,18505.0,False,False
3481,2022-10-25 11:28:04.200401,-0.007936507936507908,0.0,-0.09999999999999964,0.0,12.55,12.6,12.5,12.55,451.0,1406.0,54561.0,18505.0,False,False
3481,2022-10-25 11:28:06.311561,-0.007936507936507908,0.0,-0.09999999999999964,0.0,12.55,12.6,12.5,12.55,451.0,1406.0,54561.0,18505.0,False,False
3481,2022-10-25 11:28:06.687369,-0.007936507936507908,0.0,-0.09999999999999964,0.0,12.55,12.6,12.5,12.55,451.0,1405.0,54561.0,18505.0,False,False
3481,2022-10-25 11:28:06.775485,-0.007936507936507908,0.0,-0.09999999999999964,0.0,12.55,12.6,12.5,12.55,451.0,1406.0,54561.0,18505.0,False,False
3481,2022-10-25 11:28:09.961253,-0.007936507936507908,0.0,-0.09999999999999964,0.0,12.55,12.6,12.5,12.55,451.0,1360.0,54561.0,18505.0,False,False
3481,2022-10-25 11:28:10.003578,-0.007936507936507908,0.0,-0.09999999999999964,0.0,12.55,12.6,12.5,12.55,451.0,1360.0,54561.0,18505.0,False,False
3481,2022-10-25 11:28:10.065150,-0.007936507936507908,0.0,-0.09999999999999964,0.0,12.55,12.6,12.5,12.55,451.0,1340.0,54561.0,18505.0,False,False
3481,2022-10-25 11:28:10.114571,-0.007936507936507908,0.0,-0.09999999999999964,0.0,12.55,12.6,12.5,12.55,451.0,1340.0,54561.0,18505.0,False,False
3481,2022-10-25 11:28:10.182726,-0.007936507936507908,0.0,-0.09999999999999964,0.0,12.55,12.6,12.5,12.55,478.0,1330.0,54561.0,18505.0,False,False
3481,2022-10-25 11:28:10.375714,-0.007936507936507908,0.0,-0.09999999999999964,0.0,12.55,12.6,12.5,12.55,478.0,1330.0,54561.0,18505.0,False,False
3481,2022-10-25 11:28:10.827612,-0.007936507936507908,0.0,-0.09999999999999964,0.0,12.55,12.6,12.5,12.55,478.0,1330.0,54342.0,17936.0,False,True
3481,2022-10-25 11:28:10.897451,-0.007936507936507908,0.0,-0.09999999999999964,0.0,12.55,12.6,12.5,12.55,477.0,1330.0,54342.0,17936.0,False,False
3481,2022-10-25 11:28:11.336773,-0.007936507936507908,0.0,-0.09999999999999964,0.0,12.55,12.6,12.5,12.55,477.0,1335.0,54342.0,17936.0,False,False
3481,2022-10-25 11:28:11.480906,-0.007936507936507908,0.0,-0.09999999999999964,0.0,12.55,12.6,12.5,12.55,477.0,1335.0,54342.0,17936.0,False,False
3481,2022-10-25 11:28:12.794020,-0.007936507936507908,0.0,-0.09999999999999964,0.0,12.55,12.6,12.5,12.55,477.0,1328.0,54342.0,17936.0,False,False
3481,2022-10-25 11:28:12.838152,-0.007936507936507908,0.0,-0.09999999999999964,0.0,12.55,12.6,12.5,12.55,490.0,1328.0,54342.0,17936.0,False,False
3481,2022-10-25 11:28:12.912152,-0.007936507936507908,0.0,-0.09999999999999964,0.0,12.55,12.6,12.5,12.55,490.0,1320.0,54342.0,17936.0,False,False
3481,2022-10-25 11:28:12.942473,-0.007936507936507908,0.0,-0.09999999999999964,0.0,12.55,12.6,12.5,12.55,507.0,1320.0,54342.0,17936.0,False,False
3481,2022-10-25 11:28:13.039948,-0.007936507936507908,0.0,-0.09999999999999964,0.0,12.55,12.6,12.5,12.55,507.0,1284.0,54342.0,17936.0,False,False
3481,2022-10-25 11:28:13.304815,-0.007936507936507908,0.0,-0.09999999999999964,0.0,12.55,12.6,12.5,12.55,505.0,1284.0,54342.0,17936.0,False,False
3481,2022-10-25 11:28:14.691433,-0.007936507936507908,0.0,-0.09999999999999964,0.0,12.55,12.6,12.5,12.55,505.0,1284.0,54342.0,17936.0,False,False
3481,2022-10-25 11:28:15.263016,-0.007936507936507908,0.0,-0.09999999999999964,0.0,12.55,12.6,12.5,12.55,507.0,1284.0,54342.0,17936.0,False,False
3481,2022-10-25 11:28:15.269434,-0.007936507936507908,0.0,-0.09999999999999964,0.0,12.55,12.6,12.5,12.55,507.0,1284.0,54342.0,17936.0,False,False
3481,2022-10-25 11:28:15.451191,-0.007936507936507908,0.0,-0.09999999999999964,0.0,12.55,12.6,12.5,12.55,507.0,1284.0,54342.0,17936.0,False,False
3481,2022-10-25 11:28:15.706946,-0.007936507936507908,0.0,-0.09999999999999964,0.0,12.55,12.6,12.5,12.55,517.0,1284.0,54342.0,17936.0,False,False
3481,2022-10-25 11:28:15.717008,-0.007936507936507908,0.0,-0.09999999999999964,0.0,12.55,12.6,12.5,12.55,517.0,1284.0,54342.0,17936.0,False,False
3481,2022-10-25 11:28:17.836707,-0.007936507936507908,0.0,-0.09999999999999964,0.0,12.55,12.6,12.5,12.55,517.0,1294.0,54342.0,17936.0,False,False
3481,2022-10-25 11:28:18.037573,-0.007936507936507908,0.0,-0.09999999999999964,0.0,12.55,12.6,12.5,12.55,517.0,1294.0,54342.0,17936.0,False,False
3481,2022-10-25 11:28:18.421297,-0.007936507936507908,0.0,-0.09999999999999964,0.0,12.55,12.6,12.5,12.55,517.0,1287.0,54342.0,17936.0,False,False
3481,2022-10-25 11:28:18.522944,-0.007936507936507908,0.0,-0.09999999999999964,0.0,12.55,12.6,12.5,12.55,517.0,1280.0,54342.0,17936.0,False,False
3481,2022-10-25 11:28:18.567728,-0.007936507936507908,0.0,-0.09999999999999964,0.0,12.55,12.6,12.5,12.55,518.0,1280.0,54342.0,17936.0,False,False
3481,2022-10-25 11:28:18.649440,-0.007936507936507908,0.0,-0.09999999999999964,0.0,12.55,12.6,12.5,12.55,517.0,1280.0,54342.0,17936.0,False,False
3481,2022-10-25 11:28:19.117878,-0.007936507936507908,0.0,-0.09999999999999964,0.0,12.55,12.6,12.5,12.55,517.0,1280.0,54342.0,17936.0,False,False
3481,2022-10-25 11:28:19.162597,-0.007936507936507908,0.0,-0.09999999999999964,0.0,12.55,12.6,12.5,12.55,633.0,1280.0,54342.0,17936.0,False,False
3481,2022-10-25 11:28:19.200705,-0.007936507936507908,0.0,-0.09999999999999964,0.0,12.55,12.6,12.5,12.55,633.0,1280.0,54342.0,17936.0,False,False
3481,2022-10-25 11:28:19.366860,-0.007936507936507908,0.0,-0.09999999999999964,0.0,12.55,12.6,12.5,12.55,643.0,1280.0,54342.0,17936.0,False,False
3481,2022-10-25 11:28:19.671335,-0.007936507936507908,0.0,-0.09999999999999964,0.0,12.55,12.6,12.5,12.55,645.0,1280.0,54342.0,17936.0,False,False
3481,2022-10-25 11:28:20.179673,-0.007936507936507908,0.0,-0.09999999999999964,0.0,12.55,12.6,12.5,12.55,645.0,1281.0,54342.0,17936.0,False,False
3481,2022-10-25 11:28:20.461719,-0.007936507936507908,0.0,-0.09999999999999964,0.0,12.55,12.6,12.5,12.55,647.0,1281.0,54342.0,17936.0,False,False
3481,2022-10-25 11:28:20.864092,-0.007936507936507908,0.0,-0.09999999999999964,0.0,12.55,12.6,12.5,12.55,647.0,1281.0,59040.0,17747.0,True,True
3481,2022-10-25 11:28:21.714666,-0.007936507936507908,0.0,-0.09999999999999964,0.0,12.55,12.6,12.5,12.55,647.0,1281.0,59040.0,17747.0,False,False
3481,2022-10-25 11:28:22.550988,-0.007936507936507908,0.0,-0.09999999999999964,0.0,12.55,12.6,12.5,12.55,647.0,1281.0,59040.0,17747.0,False,False
3481,2022-10-25 11:28:23.029023,-0.007936507936507908,0.0,-0.09999999999999964,0.0,12.55,12.6,12.5,12.55,647.0,1281.0,59040.0,17747.0,False,False
3481,2022-10-25 11:28:23.504523,-0.007936507936507908,0.0,-0.09999999999999964,0.0,12.55,12.6,12.5,12.55,647.0,1281.0,59040.0,17747.0,False,False
3481,2022-10-25 11:28:24.292515,-0.007936507936507908,0.0,-0.09999999999999964,0.0,12.55,12.6,12.5,12.55,647.0,1283.0,59040.0,17747.0,False,False
3481,2022-10-25 11:28:24.774874,-0.007936507936507908,0.0,-0.09999999999999964,0.0,12.55,12.6,12.5,12.55,647.0,1283.0,59040.0,17747.0,False,False
3481,2022-10-25 11:28:25.813586,-0.007936507936507908,0.0,-0.09999999999999964,0.0,12.55,12.6,12.5,12.55,647.0,1281.0,59040.0,17747.0,False,False
3481,2022-10-25 11:28:26.154715,-0.007936507936507908,0.0,-0.09999999999999964,0.0,12.55,12.6,12.5,12.55,647.0,1283.0,59040.0,17747.0,False,False
3481,2022-10-25 11:28:26.875826,-0.007936507936507908,0.0,-0.09999999999999964,0.0,12.55,12.6,12.5,12.55,647.0,1284.0,59040.0,17747.0,False,False
3481,2022-10-25 11:28:28.613916,-0.007936507936507908,0.0,-0.09999999999999964,0.0,12.55,12.6,12.5,12.55,647.0,1284.0,59040.0,17747.0,False,False
3481,2022-10-25 11:28:30.826197,-0.007936507936507908,0.0,-0.09999999999999964,0.0,12.55,12.6,12.5,12.55,647.0,1285.0,59040.0,17747.0,False,False
3481,2022-10-25 11:28:30.903694,-0.007936507936507908,0.0,-0.09999999999999964,0.0,12.55,12.6,12.5,12.55,647.0,1285.0,59040.0,17747.0,True,True
3481,2022-10-25 11:28:31.468195,-0.007936507936507908,0.0,-0.09999999999999964,0.0,12.55,12.6,12.5,12.55,652.0,1285.0,59040.0,17747.0,False,False
3481,2022-10-25 11:28:31.495077,-0.007936507936507908,0.0,-0.09999999999999964,0.0,12.55,12.6,12.5,12.55,635.0,1285.0,59040.0,17747.0,False,False
3481,2022-10-25 11:28:31.681333,-0.007936507936507908,0.0,-0.09999999999999964,0.0,12.55,12.6,12.5,12.55,635.0,1285.0,59040.0,17747.0,False,False
3481,2022-10-25 11:28:32.577214,-0.007936507936507908,0.0,-0.09999999999999964,0.0,12.55,12.6,12.5,12.55,635.0,1287.0,59040.0,17747.0,False,False
3481,2022-10-25 11:28:37.499403,-0.007936507936507908,0.0,-0.09999999999999964,0.0,12.55,12.6,12.5,12.55,635.0,1287.0,59040.0,17747.0,False,False
3481,2022-10-25 11:28:37.890210,-0.007936507936507908,0.0,-0.09999999999999964,0.0,12.55,12.6,12.5,12.55,591.0,1287.0,59040.0,17747.0,False,False
3481,2022-10-25 11:28:39.371698,-0.007936507936507908,0.0,-0.09999999999999964,0.0,12.55,12.6,12.5,12.55,591.0,1287.0,59040.0,17747.0,False,False
3481,2022-10-25 11:28:39.403240,-0.007936507936507908,0.0,-0.09999999999999964,0.0,12.55,12.6,12.5,12.55,591.0,1287.0,59040.0,17747.0,False,False
3481,2022-10-25 11:28:39.484987,-0.007936507936507908,0.0,-0.09999999999999964,0.0,12.55,12.6,12.5,12.55,591.0,1287.0,59040.0,17747.0,False,False
3481,2022-10-25 11:28:39.853954,-0.007936507936507908,0.0,-0.09999999999999964,0.0,12.55,12.6,12.5,12.55,595.0,1287.0,59040.0,17747.0,False,False
3481,2022-10-25 11:28:40.600693,-0.007936507936507908,0.0,-0.09999999999999964,0.0,12.55,12.6,12.5,12.55,595.0,1289.0,59040.0,17747.0,False,False
3481,2022-10-25 11:28:41.688184,-0.007936507936507908,0.0,-0.09999999999999964,0.0,12.55,12.6,12.5,12.55,596.0,1289.0,59040.0,17747.0,False,False
3481,2022-10-25 11:28:44.288593,-0.007936507936507908,0.0,-0.09999999999999964,0.0,12.55,12.6,12.5,12.55,596.0,1289.0,59040.0,17747.0,False,False
3481,2022-10-25 11:28:44.768559,-0.007936507936507908,0.0,-0.09999999999999964,0.0,12.55,12.6,12.5,12.55,596.0,1289.0,59040.0,17747.0,False,False
3481,2022-10-25 11:28:45.608797,-0.007936507936507908,0.0,-0.09999999999999964,0.0,12.55,12.6,12.5,12.55,596.0,1290.0,59040.0,17747.0,False,False
3481,2022-10-25 11:28:48.667770,-0.007936507936507908,0.0,-0.09999999999999964,0.0,12.55,12.6,12.5,12.55,596.0,1310.0,59040.0,17747.0,False,False
3481,2022-10-25 11:28:48.755323,-0.007936507936507908,0.0,-0.09999999999999964,0.0,12.55,12.6,12.5,12.55,596.0,1310.0,59040.0,17747.0,False,False
3481,2022-10-25 11:28:49.807318,-0.007936507936507908,0.0,-0.09999999999999964,0.0,12.55,12.6,12.5,12.55,596.0,1312.0,59040.0,17747.0,False,False
3481,2022-10-25 11:28:51.452715,-0.007936507936507908,0.0,-0.09999999999999964,0.0,12.55,12.6,12.5,12.55,596.0,1312.0,59040.0,17747.0,False,False
3481,2022-10-25 11:28:53.603459,-0.007936507936507908,0.0,-0.09999999999999964,0.0,12.55,12.6,12.5,12.55,596.0,1310.0,59040.0,17747.0,False,False
3481,2022-10-25 11:28:54.695067,-0.007936507936507908,0.0,-0.09999999999999964,0.0,12.55,12.6,12.5,12.55,596.0,1310.0,59040.0,17747.0,False,False
3481,2022-10-25 11:28:54.984654,-0.007936507936507908,0.0,-0.09999999999999964,0.0,12.55,12.6,12.5,12.55,596.0,1330.0,59040.0,17747.0,False,False
3481,2022-10-25 11:28:55.132135,-0.007936507936507908,0.0,-0.09999999999999964,0.0,12.55,12.6,12.5,12.55,596.0,1350.0,59040.0,17747.0,False,False
3481,2022-10-25 11:28:55.544701,-0.007936507936507908,0.0,-0.09999999999999964,0.0,12.55,12.6,12.5,12.55,594.0,1350.0,59040.0,17747.0,False,False
3481,2022-10-25 11:28:55.705444,-0.007936507936507908,0.0,-0.09999999999999964,0.0,12.55,12.6,12.5,12.55,594.0,1348.0,59040.0,17747.0,False,False
3481,2022-10-25 11:28:55.755626,-0.007936507936507908,0.0,-0.09999999999999964,0.0,12.55,12.6,12.5,12.55,594.0,1348.0,59040.0,17747.0,False,False
3481,2022-10-25 11:28:56.309367,-0.007936507936507908,0.0,-0.09999999999999964,0.0,12.55,12.6,12.5,12.55,599.0,1348.0,59040.0,17747.0,False,False
3481,2022-10-25 11:28:56.895774,-0.007936507936507908,0.0,-0.09999999999999964,0.0,12.55,12.6,12.5,12.55,599.0,1348.0,59040.0,17747.0,False,False
3481,2022-10-25 11:28:56.902965,-0.007936507936507908,0.0,-0.09999999999999964,0.0,12.55,12.6,12.5,12.55,599.0,1349.0,59040.0,17747.0,False,False
3481,2022-10-25 11:28:57.684047,-0.007936507936507908,0.0,-0.09999999999999964,0.0,12.55,12.6,12.5,12.55,599.0,1349.0,59040.0,17747.0,False,False
3481,2022-10-25 11:28:58.444669,-0.007936507936507908,0.0,-0.09999999999999964,0.0,12.55,12.6,12.5,12.55,599.0,1349.0,59040.0,17747.0,False,False
3481,2022-10-25 11:28:59.946276,-0.007936507936507908,0.0,-0.09999999999999964,0.0,12.55,12.6,12.5,12.55,599.0,1349.0,59040.0,17747.0,False,False
3481,2022-10-25 11:29:00.255364,-0.007936507936507908,0.0,-0.09999999999999964,0.0,12.55,12.6,12.5,12.55,483.0,1349.0,59040.0,17747.0,False,False
3481,2022-10-25 11:29:00.283597,-0.007936507936507908,0.0,-0.09999999999999964,0.0,12.55,12.6,12.5,12.55,488.0,1349.0,59040.0,17747.0,False,False
3481,2022-10-25 11:29:00.934451,-0.007936507936507908,0.0,-0.09999999999999964,0.0,12.55,12.6,12.5,12.55,488.0,1349.0,59040.0,17747.0,False,False
3481,2022-10-25 11:29:01.001019,-0.007936507936507908,0.0,-0.09999999999999964,0.0,12.55,12.6,12.5,12.55,488.0,1349.0,59040.0,17647.0,True,True
3481,2022-10-25 11:29:01.480742,-0.007936507936507908,0.0,-0.09999999999999964,0.0,12.55,12.6,12.5,12.55,488.0,1350.0,59040.0,17647.0,False,False
3481,2022-10-25 11:29:02.776136,-0.007936507936507908,0.0,-0.09999999999999964,0.0,12.55,12.6,12.5,12.55,489.0,1350.0,59040.0,17647.0,False,False
3481,2022-10-25 11:29:05.083220,-0.007936507936507908,0.0,-0.09999999999999964,0.0,12.55,12.6,12.5,12.55,489.0,1350.0,59040.0,17647.0,False,False
3481,2022-10-25 11:29:06.329279,-0.007936507936507908,0.0,-0.09999999999999964,0.0,12.55,12.6,12.5,12.55,489.0,1351.0,59040.0,17647.0,False,False
3481,2022-10-25 11:29:06.345134,-0.007936507936507908,0.0,-0.09999999999999964,0.0,12.55,12.6,12.5,12.55,489.0,1352.0,59040.0,17647.0,False,False
3481,2022-10-25 11:29:07.343289,-0.007936507936507908,0.0,-0.09999999999999964,0.0,12.55,12.6,12.5,12.55,489.0,1351.0,59040.0,17647.0,False,False
3481,2022-10-25 11:29:07.633603,-0.007936507936507908,0.0,-0.09999999999999964,0.0,12.55,12.6,12.5,12.55,489.0,1351.0,59040.0,17647.0,False,False
3481,2022-10-25 11:29:11.034222,-0.007936507936507908,0.0,-0.09999999999999964,0.0,12.55,12.6,12.5,12.55,489.0,1351.0,59040.0,17647.0,True,True
3481,2022-10-25 11:29:11.188117,-0.007936507936507908,0.0,-0.09999999999999964,0.0,12.55,12.6,12.5,12.55,489.0,1350.0,59040.0,17647.0,False,False
3481,2022-10-25 11:29:11.827684,-0.007936507936507908,0.0,-0.09999999999999964,0.0,12.55,12.6,12.5,12.55,489.0,1350.0,59040.0,17647.0,False,False
3481,2022-10-25 11:29:12.101236,-0.007936507936507908,0.0,-0.09999999999999964,0.0,12.55,12.6,12.5,12.55,489.0,1340.0,59040.0,17647.0,False,False
3481,2022-10-25 11:29:13.601126,-0.007936507936507908,0.0,-0.09999999999999964,0.0,12.55,12.6,12.5,12.55,489.0,1374.0,59040.0,17647.0,False,False
3481,2022-10-25 11:29:17.560204,-0.007936507936507908,0.0,-0.09999999999999964,0.0,12.55,12.6,12.5,12.55,489.0,1369.0,59040.0,17647.0,False,False
3481,2022-10-25 11:29:18.369927,-0.007936507936507908,0.0,-0.09999999999999964,0.0,12.55,12.6,12.5,12.55,489.0,1370.0,59040.0,17647.0,False,False
3481,2022-10-25 11:29:18.372184,-0.007936507936507908,0.0,-0.09999999999999964,0.0,12.55,12.6,12.5,12.55,489.0,1370.0,59040.0,17647.0,False,False
3481,2022-10-25 11:29:18.760706,-0.007936507936507908,0.0,-0.09999999999999964,0.0,12.55,12.6,12.5,12.55,489.0,1369.0,59040.0,17647.0,False,False
3481,2022-10-25 11:29:19.220866,-0.007936507936507908,0.0,-0.09999999999999964,0.0,12.55,12.6,12.5,12.55,489.0,1369.0,59040.0,17647.0,False,False
3481,2022-10-25 11:29:19.881650,-0.007936507936507908,0.0,-0.09999999999999964,0.0,12.55,12.6,12.5,12.55,488.0,1369.0,59040.0,17647.0,False,False
3481,2022-10-25 11:29:20.908310,-0.007936507936507908,0.0,-0.09999999999999964,0.0,12.55,12.6,12.5,12.55,488.0,1369.0,59040.0,17647.0,False,False
3481,2022-10-25 11:29:21.095931,-0.007936507936507908,0.0,-0.09999999999999964,0.0,12.55,12.6,12.5,12.55,488.0,1369.0,59040.0,17647.0,True,True
3481,2022-10-25 11:29:25.131194,-0.007936507936507908,0.0,-0.09999999999999964,0.0,12.55,12.6,12.5,12.55,488.0,1369.0,59040.0,17647.0,False,False
3481,2022-10-25 11:29:26.866476,-0.007936507936507908,0.0,-0.09999999999999964,0.0,12.55,12.6,12.5,12.55,488.0,1368.0,59040.0,17647.0,False,False
3481,2022-10-25 11:29:27.666229,-0.007936507936507908,0.0,-0.09999999999999964,0.0,12.55,12.6,12.5,12.55,488.0,1367.0,59040.0,17647.0,False,False
3481,2022-10-25 11:29:30.600374,-0.007936507936507908,0.0,-0.09999999999999964,0.0,12.55,12.6,12.5,12.55,488.0,1367.0,59040.0,17647.0,False,False
3481,2022-10-25 11:29:30.614757,-0.007936507936507908,0.0,-0.09999999999999964,0.0,12.55,12.6,12.5,12.55,488.0,1367.0,59040.0,17647.0,False,False
3481,2022-10-25 11:29:30.707254,-0.007936507936507908,0.0,-0.09999999999999964,0.0,12.55,12.6,12.5,12.55,486.0,1381.0,59040.0,17647.0,False,False
3481,2022-10-25 11:29:30.860937,-0.007936507936507908,0.0,-0.09999999999999964,0.0,12.55,12.6,12.5,12.55,476.0,1423.0,59040.0,17647.0,False,False
3481,2022-10-25 11:29:30.977544,-0.007936507936507908,0.0,-0.09999999999999964,0.0,12.55,12.6,12.5,12.55,476.0,1433.0,59040.0,17647.0,False,False
3481,2022-10-25 11:29:31.127307,-0.007936507936507908,0.0,-0.09999999999999964,0.0,12.55,12.6,12.5,12.55,476.0,1433.0,59085.0,17647.0,True,True
3481,2022-10-25 11:29:31.472347,-0.007936507936507908,0.0,-0.09999999999999964,0.0,12.55,12.6,12.5,12.55,476.0,1434.0,59085.0,17647.0,False,False
3481,2022-10-25 11:29:31.769738,-0.007936507936507908,0.0,-0.09999999999999964,0.0,12.55,12.6,12.5,12.55,476.0,1434.0,59085.0,17647.0,False,False
3481,2022-10-25 11:29:32.747933,-0.007936507936507908,0.0,-0.09999999999999964,0.0,12.55,12.6,12.5,12.55,476.0,1434.0,59085.0,17647.0,False,False
3481,2022-10-25 11:29:33.003876,-0.007936507936507908,0.0,-0.09999999999999964,0.0,12.55,12.6,12.5,12.55,491.0,1434.0,59085.0,17647.0,False,False
3481,2022-10-25 11:29:33.882017,-0.007936507936507908,0.0,-0.09999999999999964,0.0,12.55,12.6,12.5,12.55,491.0,1435.0,59085.0,17647.0,False,False
3481,2022-10-25 11:29:35.024854,-0.007936507936507908,0.0,-0.09999999999999964,0.0,12.55,12.6,12.5,12.55,493.0,1435.0,59085.0,17647.0,False,False
3481,2022-10-25 11:29:35.275218,-0.007936507936507908,0.0,-0.09999999999999964,0.0,12.55,12.6,12.5,12.55,493.0,1435.0,59085.0,17647.0,False,False
3481,2022-10-25 11:29:37.007823,-0.007936507936507908,0.0,-0.09999999999999964,0.0,12.55,12.6,12.5,12.55,501.0,1435.0,59085.0,17647.0,False,False
3481,2022-10-25 11:29:39.554189,-0.007936507936507908,0.0,-0.09999999999999964,0.0,12.55,12.6,12.5,12.55,501.0,1435.0,59085.0,17647.0,False,False
3481,2022-10-25 11:29:40.515127,-0.007936507936507908,0.0,-0.09999999999999964,0.0,12.55,12.6,12.5,12.55,501.0,1435.0,59085.0,17647.0,False,False
3481,2022-10-25 11:29:41.216782,-0.007936507936507908,0.0,-0.09999999999999964,0.0,12.55,12.6,12.5,12.55,501.0,1435.0,59085.0,17647.0,False,False
3481,2022-10-25 11:29:41.283303,-0.007936507936507908,0.0,-0.09999999999999964,0.0,12.55,12.6,12.5,12.55,501.0,1415.0,59085.0,17647.0,False,False
3481,2022-10-25 11:29:41.332841,-0.007936507936507908,0.0,-0.09999999999999964,0.0,12.55,12.6,12.5,12.55,501.0,1405.0,59085.0,17647.0,False,False
3481,2022-10-25 11:29:41.402061,-0.007936507936507908,0.0,-0.09999999999999964,0.0,12.55,12.6,12.5,12.55,502.0,1405.0,59085.0,17647.0,False,False
3481,2022-10-25 11:29:41.564834,-0.007936507936507908,0.0,-0.09999999999999964,0.0,12.55,12.6,12.5,12.55,502.0,1405.0,59085.0,17647.0,False,False
3481,2022-10-25 11:29:42.866287,-0.007936507936507908,0.0,-0.09999999999999964,0.0,12.55,12.6,12.5,12.55,502.0,1407.0,59085.0,17647.0,False,False
3481,2022-10-25 11:29:44.557669,-0.007936507936507908,0.0,-0.09999999999999964,0.0,12.55,12.6,12.5,12.55,502.0,1408.0,59085.0,17647.0,False,False
3481,2022-10-25 11:29:45.473811,-0.007936507936507908,0.0,-0.09999999999999964,0.0,12.55,12.6,12.5,12.55,502.0,1408.0,59085.0,17647.0,False,False
3481,2022-10-25 11:29:46.015397,-0.007936507936507908,0.0,-0.09999999999999964,0.0,12.55,12.6,12.5,12.55,502.0,1408.0,59085.0,17647.0,False,False
3481,2022-10-25 11:29:47.304112,-0.007936507936507908,0.0,-0.09999999999999964,0.0,12.55,12.6,12.5,12.55,502.0,1438.0,59085.0,17647.0,False,False
3481,2022-10-25 11:29:51.186878,-0.007936507936507908,0.0,-0.09999999999999964,0.0,12.55,12.6,12.5,12.55,502.0,1438.0,59084.0,17647.0,True,True
3481,2022-10-25 11:29:53.299263,-0.007936507936507908,0.0,-0.09999999999999964,0.0,12.55,12.6,12.5,12.55,502.0,1438.0,59084.0,17647.0,False,False
3481,2022-10-25 11:29:53.343179,-0.007936507936507908,0.0,-0.09999999999999964,0.0,12.55,12.6,12.5,12.55,502.0,1438.0,59084.0,17647.0,False,False
3481,2022-10-25 11:29:53.428484,-0.007936507936507908,0.0,-0.09999999999999964,0.0,12.55,12.6,12.5,12.55,502.0,1438.0,59084.0,17647.0,False,False
3481,2022-10-25 11:29:53.587753,-0.007936507936507908,0.0,-0.09999999999999964,0.0,12.55,12.6,12.5,12.55,484.0,1458.0,59084.0,17647.0,False,False
3481,2022-10-25 11:29:53.741507,-0.007936507936507908,0.0,-0.09999999999999964,0.0,12.55,12.6,12.5,12.55,484.0,1468.0,59084.0,17647.0,False,False
3481,2022-10-25 11:29:53.850720,-0.007936507936507908,0.0,-0.09999999999999964,0.0,12.55,12.6,12.5,12.55,413.0,1474.0,59084.0,17647.0,False,False
3481,2022-10-25 11:29:53.946790,-0.007936507936507908,0.0,-0.09999999999999964,0.0,12.55,12.6,12.5,12.55,413.0,1474.0,59084.0,17647.0,False,False
3481,2022-10-25 11:29:54.374016,-0.007936507936507908,0.0,-0.09999999999999964,0.0,12.55,12.6,12.5,12.55,413.0,1474.0,59084.0,17647.0,False,False
3481,2022-10-25 11:30:01.105476,-0.007936507936507908,0.0,-0.09999999999999964,0.0,12.55,12.6,12.5,12.55,412.0,1473.0,59084.0,17647.0,False,False
3481,2022-10-25 11:30:01.175057,-0.007936507936507908,0.0,-0.09999999999999964,0.0,12.55,12.6,12.5,12.55,412.0,1474.0,59084.0,17647.0,False,False
3481,2022-10-25 11:30:01.294922,-0.007936507936507908,0.0,-0.09999999999999964,0.0,12.55,12.6,12.5,12.55,412.0,1474.0,58085.0,17647.0,True,True
3481,2022-10-25 11:30:02.044742,-0.007936507936507908,0.0,-0.09999999999999964,0.0,12.55,12.6,12.5,12.55,412.0,1474.0,58085.0,17647.0,False,False
3481,2022-10-25 11:30:02.063815,-0.007936507936507908,0.0,-0.09999999999999964,0.0,12.55,12.6,12.5,12.55,422.0,1474.0,58085.0,17647.0,False,False
3481,2022-10-25 11:30:02.369402,-0.007936507936507908,0.0,-0.09999999999999964,0.0,12.55,12.6,12.5,12.55,422.0,1479.0,58085.0,17647.0,False,False
3481,2022-10-25 11:30:04.018044,-0.007936507936507908,0.0,-0.09999999999999964,0.0,12.55,12.6,12.5,12.55,422.0,1479.0,58085.0,17647.0,False,False
3481,2022-10-25 11:30:06.201427,-0.007936507936507908,0.0,-0.09999999999999964,0.0,12.55,12.6,12.5,12.55,422.0,1478.0,58085.0,17647.0,False,False
3481,2022-10-25 11:30:07.524407,-0.007936507936507908,0.0,-0.09999999999999964,0.0,12.55,12.6,12.5,12.55,422.0,1479.0,58085.0,17647.0,False,False
3481,2022-10-25 11:30:09.992219,-0.007936507936507908,0.0,-0.09999999999999964,0.0,12.55,12.6,12.5,12.55,422.0,1479.0,58085.0,17647.0,False,False
3481,2022-10-25 11:30:10.150923,-0.007936507936507908,0.0,-0.09999999999999964,0.0,12.55,12.6,12.5,12.55,422.0,1479.0,58085.0,17647.0,False,False
3481,2022-10-25 11:30:10.262931,-0.007936507936507908,0.0,-0.09999999999999964,0.0,12.55,12.6,12.5,12.55,422.0,1479.0,58085.0,17647.0,False,False
3481,2022-10-25 11:30:10.344995,-0.007936507936507908,0.0,-0.09999999999999964,0.0,12.55,12.6,12.5,12.55,422.0,1479.0,58085.0,17647.0,False,False
3481,2022-10-25 11:30:11.374033,-0.007936507936507908,0.0,-0.09999999999999964,0.0,12.55,12.6,12.5,12.55,422.0,1479.0,58085.0,17547.0,True,True
3481,2022-10-25 11:30:11.993930,-0.007936507936507908,0.0,-0.09999999999999964,0.0,12.55,12.6,12.5,12.55,422.0,1479.0,58085.0,17547.0,False,False
3481,2022-10-25 11:30:13.484082,-0.007936507936507908,0.0,-0.09999999999999964,0.0,12.55,12.6,12.5,12.55,422.0,1474.0,58085.0,17547.0,False,False
3481,2022-10-25 11:30:14.288231,-0.007936507936507908,0.0,-0.09999999999999964,0.0,12.55,12.6,12.5,12.55,422.0,1474.0,58085.0,17547.0,False,False
3481,2022-10-25 11:30:14.395549,-0.007936507936507908,0.0,-0.09999999999999964,0.0,12.55,12.6,12.5,12.55,422.0,1474.0,58085.0,17547.0,False,False
3481,2022-10-25 11:30:14.478272,-0.007936507936507908,0.0,-0.09999999999999964,0.0,12.55,12.6,12.5,12.55,422.0,1475.0,58085.0,17547.0,False,False
3481,2022-10-25 11:30:19.047459,-0.007936507936507908,0.0,-0.09999999999999964,0.0,12.55,12.6,12.5,12.55,422.0,1475.0,58085.0,17547.0,False,False
3481,2022-10-25 11:30:19.414289,-0.007936507936507908,0.0,-0.09999999999999964,0.0,12.55,12.6,12.5,12.55,422.0,1455.0,58085.0,17547.0,False,False
3481,2022-10-25 11:30:19.464500,-0.007936507936507908,0.0,-0.09999999999999964,0.0,12.55,12.6,12.5,12.55,422.0,1467.0,58085.0,17547.0,False,False
3481,2022-10-25 11:30:19.606239,-0.007936507936507908,0.0,-0.09999999999999964,0.0,12.55,12.6,12.5,12.55,422.0,1459.0,58085.0,17547.0,False,False
3481,2022-10-25 11:30:20.035716,-0.007936507936507908,0.0,-0.09999999999999964,0.0,12.55,12.6,12.5,12.55,422.0,1455.0,58085.0,17547.0,False,False
3481,2022-10-25 11:30:20.077724,-0.007936507936507908,0.0,-0.09999999999999964,0.0,12.55,12.6,12.5,12.55,422.0,1463.0,58085.0,17547.0,False,False
3481,2022-10-25 11:30:20.212550,-0.007936507936507908,0.0,-0.09999999999999964,0.0,12.55,12.6,12.5,12.55,422.0,1467.0,58085.0,17547.0,False,False
3481,2022-10-25 11:30:20.323007,-0.007936507936507908,0.0,-0.09999999999999964,0.0,12.55,12.6,12.5,12.55,422.0,1471.0,58085.0,17547.0,False,False
3481,2022-10-25 11:30:21.074371,-0.007936507936507908,0.0,-0.09999999999999964,0.0,12.55,12.6,12.5,12.55,422.0,1471.0,58085.0,17547.0,False,False
3481,2022-10-25 11:30:21.297040,-0.007936507936507908,0.0,-0.09999999999999964,0.0,12.55,12.6,12.5,12.55,422.0,1455.0,58085.0,17547.0,False,False
3481,2022-10-25 11:30:21.344994,-0.007936507936507908,0.0,-0.09999999999999964,0.0,12.55,12.6,12.5,12.55,422.0,1475.0,58085.0,17547.0,False,False
3481,2022-10-25 11:30:21.445346,-0.007936507936507908,0.0,-0.09999999999999964,0.0,12.55,12.6,12.5,12.55,422.0,1475.0,58085.0,17533.0,True,True
3481,2022-10-25 11:30:21.464512,-0.007936507936507908,0.0,-0.09999999999999964,0.0,12.55,12.6,12.5,12.55,423.0,1474.0,58085.0,17533.0,False,False
3481,2022-10-25 11:30:21.543836,-0.007936507936507908,0.0,-0.09999999999999964,0.0,12.55,12.6,12.5,12.55,422.0,1474.0,58085.0,17533.0,False,False
3481,2022-10-25 11:30:21.709128,-0.007936507936507908,0.0,-0.09999999999999964,0.0,12.55,12.6,12.5,12.55,422.0,1474.0,58085.0,17533.0,False,False
3481,2022-10-25 11:30:22.894805,-0.007936507936507908,0.0,-0.09999999999999964,0.0,12.55,12.6,12.5,12.55,422.0,1473.0,58085.0,17533.0,False,False
3481,2022-10-25 11:30:23.023034,-0.007936507936507908,0.0,-0.09999999999999964,0.0,12.55,12.6,12.5,12.55,422.0,1478.0,58085.0,17533.0,False,False
3481,2022-10-25 11:30:23.430852,-0.007936507936507908,0.0,-0.09999999999999964,0.0,12.55,12.6,12.5,12.55,422.0,1458.0,58085.0,17533.0,False,False
3481,2022-10-25 11:30:23.468391,-0.007936507936507908,0.0,-0.09999999999999964,0.0,12.55,12.6,12.5,12.55,422.0,1458.0,58085.0,17533.0,False,False
3481,2022-10-25 11:30:23.503331,-0.007936507936507908,0.0,-0.09999999999999964,0.0,12.55,12.6,12.5,12.55,494.0,1458.0,58085.0,17533.0,False,False
3481,2022-10-25 11:30:23.603788,-0.007936507936507908,0.0,-0.09999999999999964,0.0,12.55,12.6,12.5,12.55,516.0,1448.0,58085.0,17533.0,False,False
3481,2022-10-25 11:30:23.813087,-0.007936507936507908,0.0,-0.09999999999999964,0.0,12.55,12.6,12.5,12.55,516.0,1448.0,58085.0,17533.0,False,False
3481,2022-10-25 11:30:23.813146,-0.007936507936507908,0.0,-0.09999999999999964,0.0,12.55,12.6,12.5,12.55,516.0,1448.0,58085.0,17533.0,False,False
3481,2022-10-25 11:30:23.926588,-0.007936507936507908,0.0,-0.09999999999999964,0.0,12.55,12.6,12.5,12.55,516.0,1448.0,58085.0,17533.0,False,False
3481,2022-10-25 11:30:25.488393,-0.007936507936507908,0.0,-0.09999999999999964,0.0,12.55,12.6,12.5,12.55,516.0,1440.0,58085.0,17533.0,False,False
3481,2022-10-25 11:30:25.638008,-0.007936507936507908,0.0,-0.09999999999999964,0.0,12.55,12.6,12.5,12.55,516.0,1433.0,58085.0,17533.0,False,False
3481,2022-10-25 11:30:26.241051,-0.007936507936507908,0.0,-0.09999999999999964,0.0,12.55,12.6,12.5,12.55,516.0,1433.0,58085.0,17533.0,False,False
3481,2022-10-25 11:30:27.160683,-0.007936507936507908,0.0,-0.09999999999999964,0.0,12.55,12.6,12.5,12.55,516.0,1426.0,58085.0,17533.0,False,False
