ts,close,volume,bid_price,bid_volume,ask_price,ask_volume,tick_type,datetime
1641978016525505000,13.9,962,13.85,111,13.9,20,0,2022-01-12 09:00:16
1641978016563288000,13.85,2,13.85,109,13.9,20,2,2022-01-12 09:00:16
1641978016568462000,13.85,2,13.85,107,13.9,20,2,2022-01-12 09:00:16
1641978016590297000,13.85,85,13.85,22,13.9,20,2,2022-01-12 09:00:16
1641978016616121000,13.85,22,13.8,14,13.9,20,2,2022-01-12 09:00:16
1641978018712181000,13.8,14,13.7,32,13.9,20,2,2022-01-12 09:00:18
1641978018712181000,13.75,2,13.7,32,13.9,20,2,2022-01-12 09:00:18
1641978018712181000,13.7,4,13.7,32,13.9,20,2,2022-01-12 09:00:18
1641978019198992000,13.85,1,13.7,32,13.85,9,1,2022-01-12 09:00:19
1641978019978928000,13.75,1,13.7,23,13.85,9,2,2022-01-12 09:00:19
1641978019978928000,13.7,9,13.7,23,13.85,9,2,2022-01-12 09:00:19
1641978020586223000,13.7,1,13.7,22,13.8,9,2,2022-01-12 09:00:20
1641978020785782000,13.7,2,13.7,20,13.8,9,2,2022-01-12 09:00:20
1641978020795118000,13.7,1,13.7,19,13.8,9,2,2022-01-12 09:00:20
1641978021298374000,13.7,19,13.65,5,13.8,11,2,2022-01-12 09:00:21
1641978021974572000,13.65,5,13.6,36,13.65,1,2,2022-01-12 09:00:21
1641978022012757000,13.65,1,13.6,36,13.8,7,1,2022-01-12 09:00:22
1641978023245896000,13.8,7,13.6,36,13.85,12,1,2022-01-12 09:00:23
1641978023245896000,13.85,3,13.6,36,13.85,12,1,2022-01-12 09:00:23
1641978024096125000,13.6,1,13.6,35,13.75,2,2,2022-01-12 09:00:24
1641978024405922000,13.6,2,13.6,33,13.75,2,2,2022-01-12 09:00:24
1641978024776720000,13.6,1,13.6,27,13.75,2,2,2022-01-12 09:00:24
1641978026303862000,13.6,3,13.6,24,13.8,10,2,2022-01-12 09:00:26
1641978026463873000,13.6,15,13.6,9,13.8,10,2,2022-01-12 09:00:26
1641978026776810000,13.6,3,13.6,6,13.8,10,2,2022-01-12 09:00:26
1641978027158269000,13.6,6,13.55,5,13.7,2,2,2022-01-12 09:00:27
1641978027158269000,13.55,4,13.55,5,13.7,2,2,2022-01-12 09:00:27
1641978027375486000,13.6,1,13.55,5,13.7,2,1,2022-01-12 09:00:27
1641978029011189000,13.6,1,13.55,5,13.7,2,1,2022-01-12 09:00:29
1641978030089342000,13.7,1,13.55,10,13.7,1,1,2022-01-12 09:00:30
1641978032656815000,13.55,1,13.55,9,13.7,2,2,2022-01-12 09:00:32
1641978034315675000,13.6,2,13.6,18,13.65,1,2,2022-01-12 09:00:34
1641978034587102000,13.6,4,13.6,14,13.65,1,2,2022-01-12 09:00:34
1641978034597508000,13.6,10,13.6,4,13.65,1,2,2022-01-12 09:00:34
1641978034854084000,13.6,1,13.6,3,13.65,1,2,2022-01-12 09:00:34
1641978034958189000,13.65,1,13.6,3,13.7,3,1,2022-01-12 09:00:34
1641978034958189000,13.7,4,13.6,3,13.7,3,1,2022-01-12 09:00:34
1641978038767386000,13.65,1,13.6,9,13.7,9,2,2022-01-12 09:00:38
1641978041006394000,13.6,1,13.6,8,13.7,31,2,2022-01-12 09:00:41
1641978041139971000,13.6,5,13.6,3,13.7,31,2,2022-01-12 09:00:41
1641978041166937000,13.6,1,13.6,2,13.7,31,2,2022-01-12 09:00:41
1641978041964021000,13.6,1,13.6,3,13.7,31,2,2022-01-12 09:00:41
1641978042455535000,13.65,1,13.65,9,13.7,31,2,2022-01-12 09:00:42
1641978042484536000,13.65,4,13.65,5,13.7,31,2,2022-01-12 09:00:42
1641978042485886000,13.65,5,13.6,3,13.7,31,2,2022-01-12 09:00:42
1641978044033000000,13.65,1,13.6,3,13.7,22,1,2022-01-12 09:00:44
1641978044033000000,13.7,9,13.6,3,13.7,22,1,2022-01-12 09:00:44
1641978047094129000,13.65,1,13.6,7,13.65,2,1,2022-01-12 09:00:47
1641978050645989000,13.65,1,13.6,15,13.65,10,1,2022-01-12 09:00:50
1641978052644522000,13.6,11,13.6,4,13.65,15,2,2022-01-12 09:00:52
1641978053150015000,13.6,1,13.6,3,13.65,16,2,2022-01-12 09:00:53
1641978053179573000,13.6,3,13.55,26,13.65,16,2,2022-01-12 09:00:53
1641978055378540000,13.55,11,13.55,16,13.65,16,2,2022-01-12 09:00:55
1641978058574943000,13.6,10,13.55,16,13.65,18,2,2022-01-12 09:00:58
1641978060692395000,13.6,1,13.6,2,13.65,18,1,2022-01-12 09:01:00
1641978060846467000,13.6,1,13.6,1,13.65,18,2,2022-01-12 09:01:00
1641978061859540000,13.6,1,13.55,18,13.65,20,2,2022-01-12 09:01:01
1641978063126497000,13.6,1,13.55,68,13.65,20,1,2022-01-12 09:01:03
1641978065931448000,13.65,10,13.6,3,13.65,10,1,2022-01-12 09:01:05
1641978065961356000,13.65,10,13.6,3,13.7,5,1,2022-01-12 09:01:05
1641978066014734000,13.6,1,13.6,2,13.7,5,2,2022-01-12 09:01:06
1641978067450444000,13.6,6,13.6,7,13.7,15,2,2022-01-12 09:01:07
1641978069768967000,13.65,2,13.6,8,13.7,5,1,2022-01-12 09:01:09
1641978075011556000,13.65,2,13.65,2,13.7,10,2,2022-01-12 09:01:15
1641978075068255000,13.65,1,13.65,1,13.7,10,2,2022-01-12 09:01:15
1641978075765389000,13.7,1,13.65,1,13.7,9,1,2022-01-12 09:01:15
1641978076973324000,13.7,1,13.65,1,13.7,8,1,2022-01-12 09:01:16
1641978077690409000,13.7,8,13.7,2,13.75,10,1,2022-01-12 09:01:17
1641978077923400000,13.7,1,13.7,1,13.75,10,2,2022-01-12 09:01:17
1641978078656110000,13.75,10,13.7,1,13.8,25,1,2022-01-12 09:01:18
1641978079881161000,13.8,10,13.7,1,13.8,15,1,2022-01-12 09:01:19
1641978080236054000,13.7,1,13.65,31,13.8,15,2,2022-01-12 09:01:20
1641978080236054000,13.65,1,13.65,31,13.8,15,2,2022-01-12 09:01:20
1641978080616504000,13.65,2,13.65,29,13.75,10,2,2022-01-12 09:01:20
1641978082706004000,13.65,30,13.6,20,13.7,10,2,2022-01-12 09:01:22
1641978082740776000,13.7,10,13.6,40,13.8,15,1,2022-01-12 09:01:22
1641978084066096000,13.65,1,13.6,40,13.8,15,2,2022-01-12 09:01:24
1641978088924631000,13.8,15,13.8,15,13.85,13,1,2022-01-12 09:01:28
1641978088951163000,13.8,2,13.8,13,13.85,13,2,2022-01-12 09:01:28
1641978088958126000,13.8,13,13.7,1,13.85,13,2,2022-01-12 09:01:28
1641978089521094000,13.7,1,13.65,1,13.8,10,2,2022-01-12 09:01:29
1641978092524261000,13.7,1,13.65,11,13.8,1,1,2022-01-12 09:01:32
1641978098618528000,13.65,1,13.65,12,13.75,3,2,2022-01-12 09:01:38
1641978103872294000,13.7,1,13.7,3,13.75,14,2,2022-01-12 09:01:43
1641978103908159000,13.7,3,13.65,15,13.75,14,2,2022-01-12 09:01:43
1641978105073758000,13.7,1,13.65,18,13.7,1,1,2022-01-12 09:01:45
1641978105108287000,13.7,1,13.65,18,13.75,14,1,2022-01-12 09:01:45
1641978106449075000,13.7,1,13.7,2,13.75,14,2,2022-01-12 09:01:46
1641978106648798000,13.7,2,13.65,18,13.75,19,2,2022-01-12 09:01:46
1641978110965545000,13.7,7,13.65,18,13.7,3,2,2022-01-12 09:01:50
1641978112608975000,13.7,3,13.7,97,13.75,40,1,2022-01-12 09:01:52
1641978112792802000,13.7,1,13.7,96,13.75,40,2,2022-01-12 09:01:52
1641978113032945000,13.7,1,13.7,95,13.75,40,2,2022-01-12 09:01:53
1641978115196124000,13.7,2,13.7,93,13.75,40,2,2022-01-12 09:01:55
1641978117043232000,13.7,3,13.7,90,13.75,40,2,2022-01-12 09:01:57
1641978119256833000,13.7,1,13.7,92,13.75,39,2,2022-01-12 09:01:59
1641978121587934000,13.75,3,13.7,97,13.75,36,1,2022-01-12 09:02:01
1641978122035235000,13.75,3,13.7,97,13.75,33,1,2022-01-12 09:02:02
1641978122070928000,13.75,2,13.7,97,13.75,31,1,2022-01-12 09:02:02
1641978122537986000,13.75,3,13.7,97,13.75,28,1,2022-01-12 09:02:02
1641978122580270000,13.75,5,13.7,97,13.75,23,1,2022-01-12 09:02:02
1641978125640883000,13.75,1,13.7,96,13.75,22,1,2022-01-12 09:02:05
1641978125682569000,13.75,5,13.7,96,13.75,17,1,2022-01-12 09:02:05
1641978125939712000,13.75,2,13.7,96,13.75,15,1,2022-01-12 09:02:05
1641978125974798000,13.75,9,13.7,96,13.75,6,1,2022-01-12 09:02:05
1641978126300637000,13.75,1,13.7,96,13.75,5,1,2022-01-12 09:02:06
1641978126336757000,13.75,5,13.7,96,13.8,18,1,2022-01-12 09:02:06
1641978127135992000,13.75,1,13.7,96,13.75,7,1,2022-01-12 09:02:07
1641978127340004000,13.7,3,13.7,93,13.75,7,2,2022-01-12 09:02:07
1641978128558702000,13.75,2,13.7,96,13.75,10,1,2022-01-12 09:02:08
1641978130461469000,13.7,1,13.7,95,13.75,12,2,2022-01-12 09:02:10
1641978130637700000,13.75,2,13.7,95,13.75,10,1,2022-01-12 09:02:10
1641978133865143000,13.7,4,13.7,91,13.75,10,2,2022-01-12 09:02:13
1641978134483861000,13.75,4,13.7,91,13.75,11,1,2022-01-12 09:02:14
1641978134520214000,13.7,1,13.7,90,13.75,11,2,2022-01-12 09:02:14
1641978140616916000,13.7,1,13.7,97,13.75,11,2,2022-01-12 09:02:20
1641978142111899000,13.75,1,13.7,97,13.75,12,1,2022-01-12 09:02:22
1641978142594568000,13.75,3,13.7,97,13.75,9,1,2022-01-12 09:02:22
1641978142611986000,13.75,2,13.7,97,13.75,7,1,2022-01-12 09:02:22
1641978144351560000,13.75,2,13.7,97,13.75,5,1,2022-01-12 09:02:24
1641978149094239000,13.75,1,13.7,98,13.75,8,1,2022-01-12 09:02:29
1641978151082146000,13.7,40,13.7,59,13.75,8,2,2022-01-12 09:02:31
1641978151460152000,13.75,2,13.7,59,13.75,6,1,2022-01-12 09:02:31
1641978151994913000,13.75,1,13.7,59,13.75,5,1,2022-01-12 09:02:31
1641978153304959000,13.75,5,13.7,61,13.8,20,1,2022-01-12 09:02:33
1641978156173348000,13.75,4,13.7,61,13.8,20,2,2022-01-12 09:02:36
1641978156413299000,13.7,2,13.7,59,13.8,20,2,2022-01-12 09:02:36
1641978157170929000,13.75,2,13.7,51,13.8,20,2,2022-01-12 09:02:37
1641978157170929000,13.7,8,13.7,51,13.8,20,2,2022-01-12 09:02:37
1641978159099084000,13.75,1,13.7,51,13.75,5,1,2022-01-12 09:02:39
1641978160279258000,13.75,1,13.7,51,13.75,4,1,2022-01-12 09:02:40
1641978160799222000,13.75,3,13.7,48,13.75,1,1,2022-01-12 09:02:40
1641978162281657000,13.75,1,13.7,48,13.75,11,1,2022-01-12 09:02:42
1641978163784769000,13.75,1,13.7,48,13.75,10,1,2022-01-12 09:02:43
1641978166223207000,13.7,1,13.7,47,13.75,10,2,2022-01-12 09:02:46
1641978169800787000,13.7,2,13.7,45,13.75,16,2,2022-01-12 09:02:49
1641978169982566000,13.75,5,13.7,40,13.75,11,1,2022-01-12 09:02:49
1641978170238085000,13.7,5,13.7,35,13.75,11,2,2022-01-12 09:02:50
1641978175990514000,13.7,2,13.7,34,13.75,11,2,2022-01-12 09:02:55
1641978180585640000,13.7,1,13.7,37,13.75,11,2,2022-01-12 09:03:00
1641978181533283000,13.7,4,13.7,33,13.75,11,2,2022-01-12 09:03:01
1641978181598676000,13.7,11,13.7,22,13.75,11,2,2022-01-12 09:03:01
1641978184134360000,13.7,2,13.7,20,13.75,11,2,2022-01-12 09:03:04
1641978185217729000,13.7,1,13.7,19,13.75,11,2,2022-01-12 09:03:05
1641978185451370000,13.7,5,13.7,14,13.75,11,2,2022-01-12 09:03:05
1641978188104113000,13.75,9,13.7,14,13.75,2,1,2022-01-12 09:03:08
1641978189010914000,13.7,8,13.7,13,13.75,2,2,2022-01-12 09:03:09
1641978189939239000,13.7,2,13.7,11,13.75,2,2,2022-01-12 09:03:09
1641978191205942000,13.75,1,13.7,11,13.75,1,1,2022-01-12 09:03:11
1641978192106000000,13.7,2,13.7,9,13.75,1,2,2022-01-12 09:03:12
1641978206753988000,13.7,1,13.7,13,13.75,2,2,2022-01-12 09:03:26
1641978210027233000,13.75,1,13.7,12,13.75,4,1,2022-01-12 09:03:30
1641978214958188000,13.7,4,13.7,1,13.75,4,2,2022-01-12 09:03:34
1641978215643966000,13.7,1,13.65,49,13.75,4,2,2022-01-12 09:03:35
1641978221318920000,13.75,1,13.65,49,13.75,6,1,2022-01-12 09:03:41
1641978235543600000,13.7,6,13.65,49,13.7,4,1,2022-01-12 09:03:55
1641978236077066000,13.7,1,13.65,49,13.7,3,1,2022-01-12 09:03:56
1641978241921880000,13.65,10,13.65,40,13.7,23,2,2022-01-12 09:04:01
1641978241945850000,13.65,40,13.6,108,13.7,23,2,2022-01-12 09:04:01
1641978249893590000,13.65,1,13.6,109,13.7,28,1,2022-01-12 09:04:09
1641978253115198000,13.65,3,13.6,109,13.7,28,2,2022-01-12 09:04:13
1641978257694093000,13.65,2,13.65,8,13.7,28,1,2022-01-12 09:04:17
1641978258028458000,13.65,1,13.65,7,13.7,28,2,2022-01-12 09:04:18
1641978259081589000,13.65,1,13.65,6,13.7,28,2,2022-01-12 09:04:19
1641978259504337000,13.65,1,13.65,5,13.7,28,2,2022-01-12 09:04:19
1641978260017424000,13.65,5,13.6,109,13.7,28,2,2022-01-12 09:04:20
1641978261978381000,13.65,2,13.65,4,13.7,28,2,2022-01-12 09:04:21
1641978262817708000,13.65,3,13.65,1,13.7,28,2,2022-01-12 09:04:22
1641978267348348000,13.7,1,13.65,2,13.7,28,1,2022-01-12 09:04:27
1641978270708954000,13.65,2,13.6,109,13.7,28,2,2022-01-12 09:04:30
1641978274202146000,13.65,3,13.6,110,13.7,31,2,2022-01-12 09:04:34
1641978275252162000,13.65,1,13.6,110,13.7,31,2,2022-01-12 09:04:35
1641978282846707000,13.65,1,13.65,12,13.7,34,2,2022-01-12 09:04:42
1641978283769307000,13.65,1,13.65,11,13.7,34,2,2022-01-12 09:04:43
1641978286897508000,13.65,1,13.65,17,13.7,34,2,2022-01-12 09:04:46
1641978290018791000,13.65,3,13.65,14,13.7,35,2,2022-01-12 09:04:50
1641978292524163000,13.65,2,13.65,12,13.7,35,2,2022-01-12 09:04:52
1641978296130321000,13.65,5,13.65,7,13.7,35,2,2022-01-12 09:04:56
1641978298491932000,13.65,3,13.65,4,13.7,35,2,2022-01-12 09:04:58
1641978299824186000,13.65,2,13.65,2,13.7,33,2,2022-01-12 09:04:59
1641978302956714000,13.65,4,13.65,13,13.7,33,2,2022-01-12 09:05:02
1641978303119330000,13.65,13,13.6,112,13.65,7,2,2022-01-12 09:05:03
1641978309551655000,13.6,20,13.6,91,13.65,8,2,2022-01-12 09:05:09
1641978318113075000,13.65,3,13.6,91,13.65,10,1,2022-01-12 09:05:18
1641978333844091000,13.6,90,13.55,19,13.6,9,2,2022-01-12 09:05:33
1641978334000170000,13.6,1,13.55,18,13.6,8,1,2022-01-12 09:05:34
1641978339125713000,13.55,2,13.55,26,13.6,8,2,2022-01-12 09:05:39
1641978341358528000,13.6,2,13.55,26,13.6,8,1,2022-01-12 09:05:41
1641978341685283000,13.55,2,13.55,24,13.6,10,2,2022-01-12 09:05:41
1641978344526114000,13.6,8,13.6,2,13.65,12,1,2022-01-12 09:05:44
1641978344577289000,13.6,2,13.55,28,13.65,15,2,2022-01-12 09:05:44
1641978348476653000,13.6,1,13.55,33,13.6,1,1,2022-01-12 09:05:48
1641978348761810000,13.6,1,13.6,1,13.65,15,1,2022-01-12 09:05:48
1641978349394101000,13.6,1,13.6,1,13.65,15,2,2022-01-12 09:05:49
1641978350313700000,13.6,1,13.55,40,13.6,36,2,2022-01-12 09:05:50
1641978351743399000,13.6,1,13.55,39,13.6,35,1,2022-01-12 09:05:51
1641978353059233000,13.6,10,13.55,42,13.6,26,1,2022-01-12 09:05:53
1641978353639834000,13.55,3,13.55,40,13.6,26,2,2022-01-12 09:05:53
1641978353655104000,13.6,2,13.55,40,13.6,24,1,2022-01-12 09:05:53
1641978357324145000,13.6,10,13.55,35,13.6,14,1,2022-01-12 09:05:57
1641978357359816000,13.6,14,13.55,35,13.65,21,1,2022-01-12 09:05:57
1641978358042332000,13.6,1,13.55,34,13.65,21,2,2022-01-12 09:05:58
1641978358042332000,13.55,2,13.55,34,13.65,21,2,2022-01-12 09:05:58
1641978358337668000,13.55,2,13.55,31,13.65,21,2,2022-01-12 09:05:58
1641978360352934000,13.6,2,13.6,5,13.65,21,1,2022-01-12 09:06:00
1641978362414090000,13.6,5,13.6,12,13.65,21,2,2022-01-12 09:06:02
1641978364173029000,13.6,1,13.6,11,13.65,21,2,2022-01-12 09:06:04
1641978366280076000,13.6,3,13.6,20,13.65,21,2,2022-01-12 09:06:06
1641978367987485000,13.65,21,13.6,40,13.7,37,1,2022-01-12 09:06:07
1641978372022858000,13.65,2,13.6,42,13.65,4,2,2022-01-12 09:06:12
1641978372046773000,13.65,4,13.6,41,13.7,37,1,2022-01-12 09:06:12
1641978378682347000,13.65,1,13.6,41,13.65,29,1,2022-01-12 09:06:18
1641978380270887000,13.65,5,13.6,46,13.65,24,1,2022-01-12 09:06:20
1641978380296299000,13.65,24,13.6,46,13.7,37,1,2022-01-12 09:06:20
1641978380633111000,13.6,5,13.6,41,13.7,37,2,2022-01-12 09:06:20
1641978387639508000,13.65,5,13.65,4,13.7,37,2,2022-01-12 09:06:27
1641978390559682000,13.7,1,13.65,4,13.7,40,1,2022-01-12 09:06:30
1641978391909877000,13.65,2,13.65,2,13.7,40,2,2022-01-12 09:06:31
1641978393284160000,13.7,2,13.65,2,13.7,38,1,2022-01-12 09:06:33
1641978399252959000,13.7,1,13.65,36,13.7,39,1,2022-01-12 09:06:39
1641978399308092000,13.7,13,13.65,36,13.7,26,1,2022-01-12 09:06:39
1641978399338193000,13.7,26,13.65,36,13.75,11,1,2022-01-12 09:06:39
1641978403086777000,13.7,2,13.7,3,13.75,13,2,2022-01-12 09:06:43
1641978405908256000,13.75,3,13.7,5,13.75,10,1,2022-01-12 09:06:45
1641978409151920000,13.75,1,13.7,5,13.75,9,1,2022-01-12 09:06:49
1641978419312246000,13.75,4,13.7,25,13.75,9,1,2022-01-12 09:06:59
1641978422241228000,13.75,1,13.7,25,13.75,8,1,2022-01-12 09:07:02
1641978425747082000,13.75,1,13.7,27,13.75,7,1,2022-01-12 09:07:05
1641978426353594000,13.75,7,13.75,3,13.8,55,1,2022-01-12 09:07:06
1641978439479305000,13.75,1,13.75,15,13.8,74,2,2022-01-12 09:07:19
1641978440318714000,13.75,1,13.75,14,13.8,74,2,2022-01-12 09:07:20
1641978440355054000,13.75,14,13.7,29,13.8,74,2,2022-01-12 09:07:20
1641978453416676000,13.75,5,13.7,46,13.75,3,1,2022-01-12 09:07:33
1641978453447522000,13.75,3,13.7,46,13.8,74,1,2022-01-12 09:07:33
1641978455941202000,13.75,1,13.7,47,13.75,9,1,2022-01-12 09:07:35
1641978457237010000,13.75,3,13.7,77,13.75,6,1,2022-01-12 09:07:37
1641978457530453000,13.75,5,13.7,77,13.75,1,1,2022-01-12 09:07:37
1641978459245228000,13.7,5,13.7,72,13.75,1,2,2022-01-12 09:07:39
1641978467125490000,13.7,20,13.7,52,13.75,8,2,2022-01-12 09:07:47
1641978469590496000,13.7,42,13.7,10,13.75,17,2,2022-01-12 09:07:49
1641978469623178000,13.7,2,13.7,8,13.75,17,2,2022-01-12 09:07:49
1641978469623357000,13.7,8,13.65,42,13.75,17,2,2022-01-12 09:07:49
1641978479637432000,13.7,1,13.65,41,13.7,9,1,2022-01-12 09:07:59
1641978485297719000,13.7,2,13.65,41,13.7,7,1,2022-01-12 09:08:05
1641978485557589000,13.65,1,13.65,40,13.7,7,2,2022-01-12 09:08:05
1641978488123067000,13.65,1,13.65,39,13.7,7,2,2022-01-12 09:08:08
1641978504220621000,13.65,2,13.65,38,13.7,11,2,2022-01-12 09:08:24
1641978505312894000,13.65,5,13.65,33,13.7,11,2,2022-01-12 09:08:25
1641978505373922000,13.65,11,13.65,22,13.7,11,2,2022-01-12 09:08:25
1641978505398960000,13.65,18,13.65,4,13.7,11,2,2022-01-12 09:08:25
1641978505430680000,13.65,4,13.6,19,13.7,11,2,2022-01-12 09:08:25
1641978507861956000,13.7,10,13.6,18,13.7,1,1,2022-01-12 09:08:27
1641978518642189000,13.65,1,13.6,40,13.7,1,2,2022-01-12 09:08:38
1641978527222832000,13.7,1,13.65,11,13.75,32,1,2022-01-12 09:08:47
1641978529407780000,13.65,1,13.65,12,13.75,32,2,2022-01-12 09:08:49
1641978529712735000,13.65,1,13.65,11,13.75,32,2,2022-01-12 09:08:49
1641978541723803000,13.65,3,13.65,19,13.7,10,2,2022-01-12 09:09:01
1641978545055821000,13.7,3,13.65,19,13.7,7,1,2022-01-12 09:09:05
1641978545220032000,13.7,7,13.7,3,13.75,32,1,2022-01-12 09:09:05
1641978547269382000,13.7,1,13.7,2,13.75,32,2,2022-01-12 09:09:07
1641978552340585000,13.7,1,13.7,3,13.75,32,2,2022-01-12 09:09:12
1641978553312016000,13.75,2,13.7,6,13.75,30,1,2022-01-12 09:09:13
1641978554176326000,13.7,1,13.7,5,13.75,30,2,2022-01-12 09:09:14
1641978557708964000,13.7,1,13.7,4,13.75,30,2,2022-01-12 09:09:17
1641978558270187000,13.7,1,13.7,3,13.75,30,2,2022-01-12 09:09:18
1641978560739210000,13.7,1,13.7,3,13.75,30,2,2022-01-12 09:09:20
1641978564660073000,13.7,4,13.65,32,13.7,1,2,2022-01-12 09:09:24
1641978566066303000,13.65,1,13.65,31,13.7,1,2,2022-01-12 09:09:26
1641978588606145000,13.65,33,13.55,73,13.7,1,2,2022-01-12 09:09:48
1641978588606145000,13.6,52,13.55,73,13.7,1,2,2022-01-12 09:09:48
1641978588606145000,13.55,15,13.55,73,13.7,1,2,2022-01-12 09:09:48
1641978591447266000,13.65,1,13.55,86,13.7,1,2,2022-01-12 09:09:51
1641978622525967000,13.6,13,13.55,7,13.7,15,2,2022-01-12 09:10:22
1641978622525967000,13.55,87,13.55,7,13.7,15,2,2022-01-12 09:10:22
1641978632183379000,13.6,1,13.6,9,13.65,5,1,2022-01-12 09:10:32
1641978636729706000,13.6,4,13.6,5,13.65,3,2,2022-01-12 09:10:36
1641978641478760000,13.6,5,13.55,8,13.6,15,2,2022-01-12 09:10:41
1641978648958980000,13.6,2,13.55,7,13.6,13,1,2022-01-12 09:10:48
1641978648990744000,13.6,13,13.55,7,13.65,6,1,2022-01-12 09:10:48
1641978651057128000,13.55,4,13.55,3,13.6,1,2,2022-01-12 09:10:51
1641978652195596000,13.6,1,13.6,2,13.65,6,1,2022-01-12 09:10:52
1641978656969624000,13.6,1,13.6,1,13.65,6,2,2022-01-12 09:10:56
1641978657000467000,13.6,1,13.55,21,13.65,6,2,2022-01-12 09:10:57
1641978662090440000,13.55,1,13.55,22,13.65,6,2,2022-01-12 09:11:02
1641978664058147000,13.55,22,13.5,54,13.65,7,2,2022-01-12 09:11:04
1641978664058147000,13.5,78,13.5,54,13.65,7,2,2022-01-12 09:11:04
1641978668990485000,13.55,5,13.5,53,13.65,26,1,2022-01-12 09:11:08
1641978672554355000,13.55,1,13.5,55,13.65,26,1,2022-01-12 09:11:12
1641978673937955000,13.5,30,13.5,27,13.65,26,2,2022-01-12 09:11:13
1641978679236144000,13.5,39,13.45,59,13.5,27,2,2022-01-12 09:11:19
1641978679273160000,13.5,27,13.45,59,13.6,5,1,2022-01-12 09:11:19
1641978680959168000,13.5,3,13.45,58,13.6,8,1,2022-01-12 09:11:20
1641978685347010000,13.55,1,13.55,1,13.6,21,1,2022-01-12 09:11:25
1641978685376949000,13.55,1,13.5,12,13.6,21,2,2022-01-12 09:11:25
1641978696467660000,13.55,10,13.4,64,13.6,16,2,2022-01-12 09:11:36
1641978696467660000,13.5,25,13.4,64,13.6,16,2,2022-01-12 09:11:36
1641978696467660000,13.45,61,13.4,64,13.6,16,2,2022-01-12 09:11:36
1641978696467660000,13.4,4,13.4,64,13.6,16,2,2022-01-12 09:11:36
1641978703170731000,13.4,3,13.4,60,13.5,1,2,2022-01-12 09:11:43
1641978703593277000,13.5,4,13.45,1,13.55,2,1,2022-01-12 09:11:43
1641978707067631000,13.45,1,13.45,7,13.55,4,2,2022-01-12 09:11:47
1641978708679101000,13.55,3,13.45,7,13.55,4,1,2022-01-12 09:11:48
1641978708799932000,13.55,4,13.45,12,13.6,17,1,2022-01-12 09:11:48
1641978710092594000,13.6,14,13.5,1,13.6,3,1,2022-01-12 09:11:50
1641978710692195000,13.5,1,13.45,18,13.5,2,2,2022-01-12 09:11:50
1641978710719948000,13.5,2,13.45,18,13.6,3,1,2022-01-12 09:11:50
1641978711757327000,13.5,2,13.5,4,13.6,3,2,2022-01-12 09:11:51
1641978714451610000,13.5,9,13.4,6,13.6,8,2,2022-01-12 09:11:54
1641978714451610000,13.45,30,13.4,6,13.6,8,2,2022-01-12 09:11:54
1641978714451610000,13.4,61,13.4,6,13.6,8,2,2022-01-12 09:11:54
1641978720872519000,13.55,2,13.45,25,13.55,21,1,2022-01-12 09:12:00
1641978723363897000,13.55,20,13.5,3,13.6,20,1,2022-01-12 09:12:03
1641978724253944000,13.55,5,13.5,3,13.6,11,1,2022-01-12 09:12:04
1641978731916022000,13.5,2,13.5,10,13.6,3,2,2022-01-12 09:12:11
1641978732714030000,13.5,10,13.4,17,13.6,4,2,2022-01-12 09:12:12
1641978732714030000,13.45,27,13.4,17,13.6,4,2,2022-01-12 09:12:12
1641978732714030000,13.4,5,13.4,17,13.6,4,2,2022-01-12 09:12:12
1641978733961455000,13.55,1,13.4,17,13.5,1,2,2022-01-12 09:12:13
1641978733961455000,13.5,3,13.4,17,13.5,1,2,2022-01-12 09:12:13
1641978733980212000,13.5,1,13.55,4,13.6,4,1,2022-01-12 09:12:13
1641978734001000000,13.55,1,13.55,3,13.6,4,2,2022-01-12 09:12:14
1641978734024394000,13.55,3,13.4,17,13.6,4,2,2022-01-12 09:12:14
1641978734502571000,13.4,2,13.4,15,13.55,1,2,2022-01-12 09:12:14
1641978736096503000,13.5,1,13.4,20,13.55,13,1,2022-01-12 09:12:16
1641978744779342000,13.55,8,13.45,7,13.6,15,1,2022-01-12 09:12:24
1641978748606147000,13.45,10,13.45,3,13.6,19,2,2022-01-12 09:12:28
1641978749330220000,13.6,1,13.5,2,13.6,18,1,2022-01-12 09:12:29
1641978749625516000,13.55,5,13.5,2,13.6,18,1,2022-01-12 09:12:29
1641978756728612000,13.5,1,13.5,1,13.55,9,2,2022-01-12 09:12:36
1641978759366326000,13.55,9,13.55,1,13.6,34,1,2022-01-12 09:12:39
1641978759386752000,13.55,1,13.5,1,13.6,34,2,2022-01-12 09:12:39
1641978763503671000,13.5,1,13.45,24,13.55,3,2,2022-01-12 09:12:43
1641978763503671000,13.45,1,13.45,24,13.55,3,2,2022-01-12 09:12:43
1641978770204964000,13.5,2,13.5,3,13.55,6,2,2022-01-12 09:12:50
1641978778818796000,13.5,3,13.45,36,13.55,6,2,2022-01-12 09:12:58
1641978780349441000,13.5,1,13.5,9,13.55,6,2,2022-01-12 09:13:00
1641978786011341000,13.5,8,13.5,2,13.55,6,2,2022-01-12 09:13:06
1641978786045297000,13.5,2,13.45,37,13.55,6,2,2022-01-12 09:13:06
1641978801000231000,13.5,1,13.45,32,13.55,8,2,2022-01-12 09:13:21
1641978807796060000,13.5,3,13.45,32,13.55,8,1,2022-01-12 09:13:27
1641978816569954000,13.5,1,13.45,42,13.5,4,1,2022-01-12 09:13:36
1641978819229872000,13.5,4,13.45,42,13.55,8,1,2022-01-12 09:13:39
1641978822138267000,13.5,2,13.5,3,13.55,8,2,2022-01-12 09:13:42
1641978829185972000,13.55,1,13.5,4,13.55,11,1,2022-01-12 09:13:49
1641978839821226000,13.5,2,13.5,7,13.55,11,2,2022-01-12 09:13:59
1641978845778608000,13.55,11,13.5,22,13.6,36,1,2022-01-12 09:14:05
1641978850275191000,13.55,1,13.5,33,13.6,36,2,2022-01-12 09:14:10
1641978852938750000,13.55,4,13.5,32,13.6,36,1,2022-01-12 09:14:12
1641978854973601000,13.6,36,13.6,4,13.65,36,1,2022-01-12 09:14:14
1641978865537479000,13.6,1,13.6,3,13.65,30,2,2022-01-12 09:14:25
1641978865565723000,13.6,3,13.55,2,13.65,30,2,2022-01-12 09:14:25
1641978878290793000,13.6,1,13.6,1,13.65,20,2,2022-01-12 09:14:38
1641978878328755000,13.6,1,13.55,2,13.65,20,2,2022-01-12 09:14:38
1641978882909208000,13.55,1,13.5,43,13.65,24,2,2022-01-12 09:14:42
1641978892118386000,13.55,1,13.5,44,13.6,4,2,2022-01-12 09:14:52
1641978896324598000,13.6,5,13.55,1,13.6,1,1,2022-01-12 09:14:56
1641978900981097000,13.6,1,13.6,4,13.65,14,1,2022-01-12 09:15:00
1641978903435689000,13.6,1,13.6,3,13.65,14,2,2022-01-12 09:15:03
1641978904231248000,13.6,3,13.55,7,13.65,14,2,2022-01-12 09:15:04
1641978922980199000,13.65,1,13.6,1,13.65,15,1,2022-01-12 09:15:22
1641978923553249000,13.6,1,13.55,12,13.65,15,2,2022-01-12 09:15:23
1641978930287974000,13.6,2,13.55,11,13.6,3,1,2022-01-12 09:15:30
1641978930969192000,13.6,3,13.55,16,13.65,17,1,2022-01-12 09:15:30
1641978937276808000,13.6,1,13.55,18,13.6,2,2,2022-01-12 09:15:37
1641978938745296000,13.6,2,13.55,21,13.65,9,1,2022-01-12 09:15:38
1641978938745296000,13.65,8,13.55,21,13.65,9,1,2022-01-12 09:15:38
1641978953986357000,13.65,2,13.6,9,13.65,7,1,2022-01-12 09:15:53
1641978955449285000,13.6,2,13.6,9,13.65,7,2,2022-01-12 09:15:55
1641978955867602000,13.6,1,13.6,8,13.65,7,2,2022-01-12 09:15:55
1641978955913015000,13.6,1,13.6,7,13.65,7,2,2022-01-12 09:15:55
1641978964074116000,13.65,1,13.6,7,13.65,7,1,2022-01-12 09:16:04
1641978965794857000,13.6,5,13.6,2,13.65,7,2,2022-01-12 09:16:05
1641978966342683000,13.6,1,13.6,1,13.65,7,2,2022-01-12 09:16:06
1641978971837933000,13.65,1,13.6,1,13.65,11,1,2022-01-12 09:16:11
1641978972302383000,13.6,1,13.55,8,13.65,11,2,2022-01-12 09:16:12
1641978972302383000,13.55,2,13.55,8,13.65,11,2,2022-01-12 09:16:12
1641978972976275000,13.65,10,13.55,7,13.65,8,1,2022-01-12 09:16:12
1641978977968388000,13.6,2,13.55,7,13.6,3,1,2022-01-12 09:16:17
1641978981179956000,13.6,4,13.6,1,13.65,10,1,2022-01-12 09:16:21
1641978989912128000,13.6,4,13.55,8,13.6,1,2,2022-01-12 09:16:29
1641978993319373000,13.55,2,13.55,6,13.6,1,2,2022-01-12 09:16:33
1641978994047512000,13.6,1,13.6,4,13.65,16,1,2022-01-12 09:16:34
1641978998319899000,13.6,1,13.6,3,13.65,15,2,2022-01-12 09:16:38
1641979001719498000,13.6,4,13.6,1,13.65,12,2,2022-01-12 09:16:41
1641979001744813000,13.6,1,13.55,6,13.65,12,2,2022-01-12 09:16:41
1641979004925325000,13.65,5,13.55,5,13.65,12,1,2022-01-12 09:16:44
1641979022553400000,13.65,1,13.6,17,13.65,4,1,2022-01-12 09:17:02
1641979023654069000,13.65,6,13.65,4,13.7,81,1,2022-01-12 09:17:03
1641979027077143000,13.65,1,13.65,3,13.7,85,2,2022-01-12 09:17:07
1641979034466335000,13.7,1,13.65,3,13.7,84,1,2022-01-12 09:17:14
1641979037558755000,13.7,2,13.65,23,13.7,82,1,2022-01-12 09:17:17
1641979042773157000,13.7,12,13.65,43,13.7,71,1,2022-01-12 09:17:22
1641979042793608000,13.7,71,13.65,43,13.75,28,1,2022-01-12 09:17:22
1641979052439967000,13.75,1,13.7,7,13.75,27,1,2022-01-12 09:17:32
1641979052458099000,13.75,27,13.7,7,13.8,43,1,2022-01-12 09:17:32
1641979053675358000,13.7,1,13.7,31,13.8,47,2,2022-01-12 09:17:33
1641979053917294000,13.8,1,13.7,31,13.8,46,1,2022-01-12 09:17:33
1641979058124438000,13.8,2,13.7,11,13.8,46,1,2022-01-12 09:17:38
1641979062345923000,13.8,10,13.75,1,13.8,41,1,2022-01-12 09:17:42
1641979062388288000,13.8,4,13.75,1,13.8,36,1,2022-01-12 09:17:42
1641979064644028000,13.8,1,13.75,4,13.8,35,1,2022-01-12 09:17:44
1641979066442946000,13.8,3,13.75,5,13.8,33,1,2022-01-12 09:17:46
1641979067920082000,13.75,1,13.75,2,13.8,37,2,2022-01-12 09:17:47
1641979068506487000,13.8,2,13.75,2,13.8,35,1,2022-01-12 09:17:48
1641979072271716000,13.8,1,13.75,2,13.8,38,1,2022-01-12 09:17:52
1641979073688043000,13.8,6,13.75,2,13.8,32,1,2022-01-12 09:17:53
1641979074518709000,13.75,2,13.65,39,13.7,1,2,2022-01-12 09:17:54
1641979074518709000,13.7,13,13.65,39,13.7,1,2,2022-01-12 09:17:54
1641979074867224000,13.7,1,13.75,3,13.8,32,1,2022-01-12 09:17:54
1641979074892884000,13.75,3,13.65,38,13.8,32,2,2022-01-12 09:17:54
1641979077017195000,13.8,5,13.65,38,13.8,27,1,2022-01-12 09:17:57
1641979078263290000,13.75,1,13.65,38,13.75,4,1,2022-01-12 09:17:58
1641979079642448000,13.75,1,13.65,38,13.75,3,1,2022-01-12 09:17:59
1641979084677923000,13.7,1,13.65,39,13.7,1,2,2022-01-12 09:18:04
1641979087599832000,13.7,1,13.7,2,13.75,9,1,2022-01-12 09:18:07
1641979094629552000,13.7,1,13.7,1,13.75,28,2,2022-01-12 09:18:14
1641979106102629000,13.75,1,13.7,11,13.75,30,1,2022-01-12 09:18:26
1641979107375628000,13.7,1,13.7,10,13.75,26,2,2022-01-12 09:18:27
1641979117889497000,13.7,1,13.7,11,13.75,35,2,2022-01-12 09:18:37
1641979131728591000,13.75,35,13.7,11,13.75,1,1,2022-01-12 09:18:51
1641979131756909000,13.75,1,13.7,11,13.8,19,1,2022-01-12 09:18:51
1641979146620494000,13.75,2,13.75,14,13.8,23,2,2022-01-12 09:19:06
1641979147398158000,13.8,4,13.75,14,13.8,19,1,2022-01-12 09:19:07
1641979148369661000,13.8,5,13.75,14,13.8,14,1,2022-01-12 09:19:08
1641979148783087000,13.8,1,13.75,14,13.8,13,1,2022-01-12 09:19:08
1641979150469384000,13.8,10,13.75,14,13.8,3,1,2022-01-12 09:19:10
1641979155727531000,13.8,2,13.75,9,13.85,58,1,2022-01-12 09:19:15
1641979159812115000,13.8,1,13.75,9,13.8,1,1,2022-01-12 09:19:19
1641979160458455000,13.75,1,13.75,8,13.8,1,2,2022-01-12 09:19:20
1641979161898619000,13.8,1,13.75,11,13.85,58,1,2022-01-12 09:19:21
1641979168340151000,13.8,1,13.8,9,13.85,58,2,2022-01-12 09:19:28
1641979188421560000,13.8,10,13.8,23,13.85,50,2,2022-01-12 09:19:48
1641979190053350000,13.85,16,13.8,23,13.85,34,1,2022-01-12 09:19:50
1641979192868876000,13.85,3,13.8,26,13.85,31,1,2022-01-12 09:19:52
1641979193927641000,13.85,10,13.8,26,13.85,21,1,2022-01-12 09:19:53
1641979193965718000,13.85,20,13.8,26,13.85,1,1,2022-01-12 09:19:53
1641979193988012000,13.85,1,13.8,26,13.9,40,1,2022-01-12 09:19:53
1641979201249726000,13.85,1,13.85,1,13.9,48,2,2022-01-12 09:20:01
1641979201916520000,13.85,1,13.8,27,13.85,1,2,2022-01-12 09:20:01
1641979202652061000,13.85,1,13.85,2,13.9,48,1,2022-01-12 09:20:02
1641979203056573000,13.85,2,13.8,26,13.85,8,2,2022-01-12 09:20:03
1641979211078615000,13.85,1,13.8,49,13.85,10,1,2022-01-12 09:20:11
1641979222954460000,13.85,2,13.8,52,13.85,20,1,2022-01-12 09:20:22
1641979223810594000,13.85,20,13.8,52,13.9,39,1,2022-01-12 09:20:23
1641979228311028000,13.85,1,13.8,53,13.85,1,1,2022-01-12 09:20:28
1641979231827361000,13.85,1,13.8,55,13.85,5,1,2022-01-12 09:20:31
1641979234299093000,13.85,2,13.8,50,13.85,8,1,2022-01-12 09:20:34
1641979237178212000,13.8,1,13.8,49,13.85,8,2,2022-01-12 09:20:37
1641979237728815000,13.85,7,13.8,49,13.85,1,1,2022-01-12 09:20:37
1641979254510774000,13.85,1,13.8,47,13.85,9,1,2022-01-12 09:20:54
1641979257048000000,13.85,9,13.9,2,13.95,31,1,2022-01-12 09:20:57
1641979257048000000,13.9,39,13.9,2,13.95,31,1,2022-01-12 09:20:57
1641979257077551000,13.9,2,13.8,47,13.95,31,2,2022-01-12 09:20:57
1641979258221868000,13.9,20,13.9,180,13.95,31,2,2022-01-12 09:20:58
1641979259269726000,13.9,5,13.9,175,13.95,31,2,2022-01-12 09:20:59
1641979260371967000,13.9,2,13.9,173,13.95,31,2,2022-01-12 09:21:00
1641979266768960000,13.9,50,13.9,125,13.95,19,2,2022-01-12 09:21:06
1641979267402199000,13.95,1,13.9,125,13.95,18,1,2022-01-12 09:21:07
1641979267462482000,13.95,4,13.9,125,13.95,14,1,2022-01-12 09:21:07
1641979270680708000,13.95,1,13.9,125,13.95,13,1,2022-01-12 09:21:10
1641979271356820000,13.95,1,13.9,125,13.95,15,1,2022-01-12 09:21:11
1641979271528103000,13.95,1,13.9,125,13.95,14,1,2022-01-12 09:21:11
1641979271574253000,13.95,10,13.9,125,13.95,4,1,2022-01-12 09:21:11
1641979274433196000,13.95,4,13.9,22,14.0,62,1,2022-01-12 09:21:14
1641979275870381000,14.0,10,13.9,22,14.0,52,1,2022-01-12 09:21:15
1641979277620591000,13.95,1,13.9,21,14.0,52,2,2022-01-12 09:21:17
1641979277620591000,13.9,2,13.9,21,14.0,52,2,2022-01-12 09:21:17
1641979278811273000,13.95,3,13.9,20,14.0,52,1,2022-01-12 09:21:18
1641979279353711000,14.0,40,13.9,20,14.0,13,1,2022-01-12 09:21:19
1641979281591576000,13.95,1,13.95,1,14.0,12,2,2022-01-12 09:21:21
1641979281621704000,14.0,10,13.95,1,14.0,2,1,2022-01-12 09:21:21
1641979283219336000,14.0,2,13.95,3,14.05,14,1,2022-01-12 09:21:23
1641979283219336000,14.05,1,13.95,3,14.05,14,1,2022-01-12 09:21:23
1641979283234701000,14.05,3,13.95,3,14.05,11,1,2022-01-12 09:21:23
1641979283431050000,14.05,2,13.95,3,14.05,9,1,2022-01-12 09:21:23
1641979283621569000,14.05,2,13.95,3,14.05,7,1,2022-01-12 09:21:23
1641979285478699000,14.05,7,14.0,1,14.1,38,1,2022-01-12 09:21:25
1641979285478699000,14.1,3,14.0,1,14.1,38,1,2022-01-12 09:21:25
1641979285550957000,14.05,1,14.0,1,14.1,38,2,2022-01-12 09:21:25
1641979287461361000,14.1,30,14.05,20,14.1,18,1,2022-01-12 09:21:27
1641979287462688000,14.05,5,14.05,15,14.1,18,2,2022-01-12 09:21:27
1641979287493492000,14.05,15,14.0,6,14.1,18,2,2022-01-12 09:21:27
1641979288731852000,14.0,1,14.0,15,14.05,2,2,2022-01-12 09:21:28
1641979288778270000,14.05,2,14.05,3,14.1,18,1,2022-01-12 09:21:28
1641979289017810000,14.1,5,14.05,3,14.1,13,1,2022-01-12 09:21:29
1641979290587061000,14.1,2,14.05,3,14.1,11,1,2022-01-12 09:21:30
1641979290779499000,14.1,5,14.05,3,14.1,6,1,2022-01-12 09:21:30
1641979291529635000,14.05,1,14.05,2,14.1,7,2,2022-01-12 09:21:31
1641979291587120000,14.1,3,14.05,2,14.1,4,1,2022-01-12 09:21:31
1641979291950091000,14.1,1,14.05,2,14.1,3,1,2022-01-12 09:21:31
1641979292389924000,14.1,3,14.05,22,14.15,21,1,2022-01-12 09:21:32
1641979293274417000,14.1,1,14.05,22,14.1,4,2,2022-01-12 09:21:33
1641979294201558000,14.1,1,14.05,25,14.1,3,1,2022-01-12 09:21:34
1641979294417463000,14.1,3,14.05,25,14.15,14,1,2022-01-12 09:21:34
1641979294417463000,14.15,7,14.05,25,14.15,14,1,2022-01-12 09:21:34
1641979294868482000,14.1,1,14.05,30,14.1,1,2,2022-01-12 09:21:34
1641979296125685000,14.1,1,14.05,30,14.15,14,1,2022-01-12 09:21:36
1641979296221003000,14.1,10,14.05,30,14.15,14,2,2022-01-12 09:21:36
1641979296345748000,14.05,1,14.05,29,14.15,14,2,2022-01-12 09:21:36
1641979296724086000,14.05,8,14.05,21,14.15,16,2,2022-01-12 09:21:36
1641979296895123000,14.15,16,14.15,4,14.2,113,1,2022-01-12 09:21:36
1641979296931459000,14.15,4,14.05,26,14.2,113,2,2022-01-12 09:21:36
1641979298063084000,14.1,3,14.1,2,14.2,113,2,2022-01-12 09:21:38
1641979298162443000,14.1,2,14.05,28,14.1,1,2,2022-01-12 09:21:38
1641979298179176000,14.1,1,14.1,1,14.2,113,1,2022-01-12 09:21:38
1641979298276378000,14.2,10,14.1,1,14.2,103,1,2022-01-12 09:21:38
1641979298966604000,14.2,10,14.15,1,14.2,93,1,2022-01-12 09:21:38
1641979299050296000,14.15,1,14.1,7,14.15,4,2,2022-01-12 09:21:39
1641979301057732000,14.15,1,14.1,12,14.15,4,1,2022-01-12 09:21:41
1641979303244654000,14.15,1,14.1,18,14.15,3,1,2022-01-12 09:21:43
1641979303376571000,14.15,1,14.1,18,14.15,6,1,2022-01-12 09:21:43
1641979303892293000,14.15,1,14.1,18,14.15,15,1,2022-01-12 09:21:43
1641979303998667000,14.15,10,14.1,18,14.15,8,1,2022-01-12 09:21:43
1641979304487011000,14.15,5,14.1,13,14.15,3,1,2022-01-12 09:21:44
1641979305275086000,14.15,3,14.1,13,14.15,4,1,2022-01-12 09:21:45
1641979307193673000,14.15,1,14.1,13,14.15,3,1,2022-01-12 09:21:47
1641979307512311000,14.15,7,14.1,13,14.2,70,1,2022-01-12 09:21:47
1641979307512311000,14.2,23,14.1,13,14.2,70,1,2022-01-12 09:21:47
1641979307699601000,14.2,5,14.15,5,14.2,65,1,2022-01-12 09:21:47
1641979308201308000,14.2,10,14.15,5,14.2,55,1,2022-01-12 09:21:48
1641979308995620000,14.15,2,14.15,6,14.2,58,2,2022-01-12 09:21:48
1641979309499862000,14.15,2,14.15,5,14.2,58,2,2022-01-12 09:21:49
1641979310194169000,14.2,3,14.15,8,14.2,55,1,2022-01-12 09:21:50
1641979310249396000,14.15,5,14.15,3,14.2,55,2,2022-01-12 09:21:50
1641979310764048000,14.2,5,14.15,3,14.2,50,1,2022-01-12 09:21:50
1641979311602265000,14.2,1,14.15,4,14.2,50,1,2022-01-12 09:21:51
1641979311682640000,14.2,2,14.15,4,14.2,48,1,2022-01-12 09:21:51
1641979311793900000,14.15,1,14.15,3,14.2,48,2,2022-01-12 09:21:51
1641979311906103000,14.15,1,14.15,2,14.2,48,2,2022-01-12 09:21:51
1641979312024113000,14.2,3,14.15,2,14.2,45,1,2022-01-12 09:21:52
1641979312735503000,14.15,10,14.15,5,14.2,45,2,2022-01-12 09:21:52
1641979313727022000,14.2,10,14.15,6,14.2,35,1,2022-01-12 09:21:53
1641979313861836000,14.2,10,14.15,6,14.2,25,1,2022-01-12 09:21:53
1641979314049213000,14.2,1,14.15,6,14.2,24,1,2022-01-12 09:21:54
1641979315583252000,14.2,5,14.15,8,14.2,19,1,2022-01-12 09:21:55
1641979315690038000,14.15,5,14.15,3,14.2,19,2,2022-01-12 09:21:55
1641979316847658000,14.2,5,14.15,10,14.2,14,1,2022-01-12 09:21:56
1641979317540937000,14.15,10,14.1,8,14.2,19,2,2022-01-12 09:21:57
1641979317540937000,14.1,10,14.1,8,14.2,19,2,2022-01-12 09:21:57
1641979317619889000,14.2,3,14.1,7,14.2,16,1,2022-01-12 09:21:57
1641979317629346000,14.2,16,14.2,34,14.25,112,1,2022-01-12 09:21:57
1641979317906648000,14.25,10,14.2,39,14.25,102,1,2022-01-12 09:21:57
1641979318358162000,14.2,2,14.2,37,14.25,102,2,2022-01-12 09:21:58
1641979318497766000,14.25,5,14.2,37,14.25,97,1,2022-01-12 09:21:58
1641979318963773000,14.2,19,14.2,19,14.25,97,2,2022-01-12 09:21:58
1641979320347091000,14.25,3,14.2,77,14.25,94,1,2022-01-12 09:22:00
1641979320598077000,14.2,1,14.2,76,14.25,94,2,2022-01-12 09:22:00
1641979321377192000,14.2,5,14.2,85,14.25,94,2,2022-01-12 09:22:01
1641979322244773000,14.25,10,14.2,85,14.25,84,1,2022-01-12 09:22:02
1641979322792560000,14.25,3,14.2,95,14.25,81,1,2022-01-12 09:22:02
1641979323366185000,14.2,2,14.2,93,14.25,83,2,2022-01-12 09:22:03
1641979323618820000,14.25,10,14.2,94,14.25,73,1,2022-01-12 09:22:03
1641979324259233000,14.25,5,14.2,114,14.25,68,1,2022-01-12 09:22:04
1641979324744276000,14.25,3,14.2,114,14.25,65,1,2022-01-12 09:22:04
1641979325036778000,14.25,1,14.2,114,14.25,64,1,2022-01-12 09:22:05
1641979325490586000,14.2,2,14.2,112,14.25,64,2,2022-01-12 09:22:05
1641979325819639000,14.25,1,14.2,112,14.25,63,1,2022-01-12 09:22:05
1641979325994877000,14.2,1,14.2,111,14.25,63,2,2022-01-12 09:22:05
1641979326038670000,14.25,2,14.2,111,14.25,61,1,2022-01-12 09:22:06
1641979326184704000,14.25,2,14.2,111,14.25,59,1,2022-01-12 09:22:06
1641979326384566000,14.25,1,14.2,111,14.25,58,1,2022-01-12 09:22:06
1641979326403653000,14.25,1,14.2,111,14.25,57,1,2022-01-12 09:22:06
1641979326995952000,14.25,10,14.2,111,14.25,48,1,2022-01-12 09:22:06
1641979327474838000,14.25,5,14.2,161,14.25,44,1,2022-01-12 09:22:07
1641979328017876000,14.25,2,14.2,161,14.25,42,1,2022-01-12 09:22:08
1641979328113046000,14.25,10,14.2,161,14.25,32,1,2022-01-12 09:22:08
1641979328692502000,14.2,40,14.2,121,14.25,33,2,2022-01-12 09:22:08
1641979328814836000,14.25,10,14.2,121,14.25,23,1,2022-01-12 09:22:08
1641979329196559000,14.25,23,14.25,7,14.3,133,1,2022-01-12 09:22:09
1641979329249741000,14.25,2,14.25,5,14.3,133,2,2022-01-12 09:22:09
1641979329556978000,14.25,2,14.25,10,14.3,135,2,2022-01-12 09:22:09
1641979330759292000,14.25,2,14.25,23,14.3,135,2,2022-01-12 09:22:10
1641979332142869000,14.25,1,14.25,20,14.3,134,2,2022-01-12 09:22:12
1641979332538612000,14.25,2,14.25,18,14.3,134,2,2022-01-12 09:22:12
1641979332725068000,14.25,10,14.25,10,14.3,134,2,2022-01-12 09:22:12
1641979333547688000,14.3,10,14.25,11,14.3,124,1,2022-01-12 09:22:13
1641979333642845000,14.3,2,14.25,11,14.3,122,1,2022-01-12 09:22:13
1641979334064282000,14.25,1,14.25,10,14.3,122,2,2022-01-12 09:22:14
1641979334645101000,14.3,2,14.25,16,14.3,120,1,2022-01-12 09:22:14
1641979335676311000,14.25,3,14.25,13,14.3,120,2,2022-01-12 09:22:15
1641979336597369000,14.3,5,14.25,13,14.3,115,1,2022-01-12 09:22:16
1641979337368975000,14.25,1,14.25,13,14.3,115,2,2022-01-12 09:22:17
1641979337428764000,14.3,5,14.25,13,14.3,110,1,2022-01-12 09:22:17
1641979337736510000,14.3,10,14.25,13,14.3,100,1,2022-01-12 09:22:17
1641979338513532000,14.3,2,14.25,15,14.3,98,1,2022-01-12 09:22:18
1641979338832075000,14.25,10,14.25,16,14.3,98,2,2022-01-12 09:22:18
1641979339920198000,14.3,1,14.25,16,14.3,97,1,2022-01-12 09:22:19
1641979340250859000,14.3,7,14.25,23,14.3,90,1,2022-01-12 09:22:20
1641979340786999000,14.3,1,14.25,28,14.3,89,1,2022-01-12 09:22:20
1641979340803026000,14.25,2,14.25,26,14.3,89,2,2022-01-12 09:22:20
1641979341259981000,14.3,1,14.25,27,14.3,88,1,2022-01-12 09:22:21
1641979342255609000,14.25,10,14.25,17,14.3,90,2,2022-01-12 09:22:22
1641979342311061000,14.3,7,14.25,17,14.3,83,1,2022-01-12 09:22:22
1641979342878297000,14.3,4,14.25,18,14.3,80,1,2022-01-12 09:22:22
1641979343239016000,14.3,10,14.25,18,14.3,70,1,2022-01-12 09:22:23
1641979343506091000,14.25,1,14.25,17,14.3,70,2,2022-01-12 09:22:23
1641979343784441000,14.25,5,14.25,12,14.3,70,2,2022-01-12 09:22:23
1641979343801030000,14.3,1,14.25,12,14.3,69,1,2022-01-12 09:22:23
1641979345131952000,14.3,10,14.25,13,14.3,60,1,2022-01-12 09:22:25
1641979345338660000,14.3,1,14.25,13,14.3,59,1,2022-01-12 09:22:25
1641979345404175000,14.3,2,14.25,13,14.3,57,1,2022-01-12 09:22:25
1641979345755632000,14.3,10,14.25,13,14.3,47,1,2022-01-12 09:22:25
1641979346097354000,14.25,2,14.25,12,14.3,52,2,2022-01-12 09:22:26
1641979346360556000,14.3,5,14.25,12,14.3,47,1,2022-01-12 09:22:26
1641979346572675000,14.25,1,14.25,11,14.3,47,2,2022-01-12 09:22:26
1641979346691356000,14.3,1,14.25,11,14.3,46,1,2022-01-12 09:22:26
1641979346846549000,14.25,1,14.25,10,14.3,46,2,2022-01-12 09:22:26
1641979347256429000,14.3,10,14.25,10,14.3,36,1,2022-01-12 09:22:27
1641979349346688000,14.3,1,14.25,11,14.3,44,1,2022-01-12 09:22:29
1641979349564446000,14.3,5,14.25,11,14.3,39,1,2022-01-12 09:22:29
1641979349900135000,14.3,20,14.25,11,14.3,19,1,2022-01-12 09:22:29
1641979350004758000,14.25,11,14.2,111,14.25,39,2,2022-01-12 09:22:30
1641979350340395000,14.25,1,14.2,110,14.25,38,1,2022-01-12 09:22:30
1641979350354955000,14.25,1,14.2,110,14.25,37,1,2022-01-12 09:22:30
1641979351588614000,14.25,3,14.2,110,14.25,66,1,2022-01-12 09:22:31
1641979351856838000,14.25,2,14.2,110,14.25,64,1,2022-01-12 09:22:31
1641979351884180000,14.2,10,14.2,100,14.25,64,2,2022-01-12 09:22:31
1641979352411214000,14.25,10,14.2,98,14.25,54,1,2022-01-12 09:22:32
1641979352640983000,14.25,2,14.2,98,14.25,53,1,2022-01-12 09:22:32
1641979354437670000,14.2,11,14.2,87,14.25,54,2,2022-01-12 09:22:34
1641979354472281000,14.2,87,14.15,18,14.25,54,2,2022-01-12 09:22:34
1641979355333835000,14.2,1,14.15,17,14.2,9,1,2022-01-12 09:22:35
1641979355520643000,14.2,5,14.15,17,14.2,4,1,2022-01-12 09:22:35
1641979355673213000,14.2,7,14.15,17,14.25,55,1,2022-01-12 09:22:35
1641979356168137000,14.2,9,14.15,17,14.25,54,1,2022-01-12 09:22:36
1641979356168137000,14.25,1,14.15,17,14.25,54,1,2022-01-12 09:22:36
1641979356283307000,14.15,1,14.15,16,14.25,54,2,2022-01-12 09:22:36
1641979357365633000,14.2,4,14.2,6,14.25,54,1,2022-01-12 09:22:37
1641979357431707000,14.2,1,14.2,5,14.25,54,2,2022-01-12 09:22:37
1641979358195860000,14.2,1,14.2,4,14.25,52,2,2022-01-12 09:22:38
1641979358666647000,14.2,2,14.2,2,14.25,52,2,2022-01-12 09:22:38
1641979359167843000,14.25,1,14.2,2,14.25,51,1,2022-01-12 09:22:39
1641979361098343000,14.2,1,14.2,1,14.25,52,2,2022-01-12 09:22:41
1641979361314063000,14.2,1,14.15,17,14.2,4,2,2022-01-12 09:22:41
1641979361426186000,14.2,4,14.15,16,14.25,46,1,2022-01-12 09:22:41
1641979361426186000,14.25,6,14.15,16,14.25,46,1,2022-01-12 09:22:41
1641979362432194000,14.2,1,14.15,16,14.2,3,1,2022-01-12 09:22:42
1641979362668397000,14.2,3,14.2,3,14.25,49,1,2022-01-12 09:22:42
1641979363158359000,14.25,8,14.2,5,14.25,38,1,2022-01-12 09:22:43
1641979364160281000,14.25,10,14.2,9,14.25,29,1,2022-01-12 09:22:44
1641979364740720000,14.2,1,14.2,8,14.25,29,2,2022-01-12 09:22:44
1641979364795947000,14.2,1,14.2,7,14.25,29,2,2022-01-12 09:22:44
1641979365551587000,14.25,1,14.2,10,14.25,28,1,2022-01-12 09:22:45
1641979365764914000,14.25,10,14.2,10,14.25,18,1,2022-01-12 09:22:45
1641979366233113000,14.25,2,14.2,11,14.25,16,1,2022-01-12 09:22:46
1641979366367572000,14.2,1,14.2,10,14.25,16,2,2022-01-12 09:22:46
1641979366788522000,14.25,5,14.2,10,14.25,11,1,2022-01-12 09:22:46
1641979368964353000,14.25,5,14.2,16,14.25,6,1,2022-01-12 09:22:48
1641979368994982000,14.25,5,14.2,16,14.25,1,1,2022-01-12 09:22:48
1641979368997550000,14.2,3,14.2,13,14.25,1,2,2022-01-12 09:22:48
1641979370467943000,14.25,2,14.25,8,14.3,49,1,2022-01-12 09:22:50
1641979370716918000,14.25,5,14.25,3,14.3,49,2,2022-01-12 09:22:50
1641979371810438000,14.25,1,14.25,4,14.3,49,2,2022-01-12 09:22:51
1641979372511299000,14.25,1,14.25,4,14.3,49,2,2022-01-12 09:22:52
1641979372674955000,14.3,1,14.25,4,14.3,48,1,2022-01-12 09:22:52
1641979372703567000,14.25,4,14.2,21,14.25,36,2,2022-01-12 09:22:52
1641979375589521000,14.25,1,14.2,22,14.25,36,1,2022-01-12 09:22:55
1641979376613031000,14.25,5,14.2,22,14.25,32,1,2022-01-12 09:22:56
1641979377698172000,14.2,22,14.15,27,14.2,8,2,2022-01-12 09:22:57
1641979378536322000,14.2,5,14.15,26,14.2,3,1,2022-01-12 09:22:58
1641979378644264000,14.2,1,14.15,26,14.2,2,1,2022-01-12 09:22:58
1641979378919486000,14.15,5,14.15,21,14.2,2,2,2022-01-12 09:22:58
1641979379328152000,14.2,1,14.15,21,14.2,1,1,2022-01-12 09:22:59
1641979379516695000,14.2,2,14.15,21,14.25,32,1,2022-01-12 09:22:59
1641979379516695000,14.25,1,14.15,21,14.25,32,1,2022-01-12 09:22:59
1641979381200717000,14.15,2,14.15,19,14.25,35,2,2022-01-12 09:23:01
1641979384363383000,14.2,10,14.2,10,14.25,57,1,2022-01-12 09:23:04
1641979385677267000,14.2,3,14.2,7,14.25,58,2,2022-01-12 09:23:05
1641979390763097000,14.2,8,14.2,5,14.25,108,2,2022-01-12 09:23:10
1641979390824884000,14.2,5,14.15,16,14.25,108,2,2022-01-12 09:23:10
1641979395871436000,14.15,2,14.15,15,14.2,23,2,2022-01-12 09:23:15
1641979397472872000,14.2,3,14.15,20,14.2,24,1,2022-01-12 09:23:17
1641979399214663000,14.15,1,14.15,19,14.2,26,2,2022-01-12 09:23:19
1641979399278655000,14.15,4,14.15,15,14.2,26,2,2022-01-12 09:23:19
1641979401666105000,14.15,11,14.15,5,14.2,41,2,2022-01-12 09:23:21
1641979401717253000,14.15,5,14.1,32,14.2,41,2,2022-01-12 09:23:21
1641979402775625000,14.2,2,14.1,31,14.2,39,1,2022-01-12 09:23:22
1641979404795805000,14.15,1,14.1,25,14.2,40,2,2022-01-12 09:23:24
1641979404795805000,14.1,6,14.1,25,14.2,40,2,2022-01-12 09:23:24
1641979405139255000,14.2,1,14.1,25,14.2,43,1,2022-01-12 09:23:25
1641979405596829000,14.1,1,14.1,24,14.15,1,2,2022-01-12 09:23:25
1641979407184771000,14.1,5,14.1,19,14.15,2,2,2022-01-12 09:23:27
1641979407298757000,14.15,2,14.15,1,14.2,54,1,2022-01-12 09:23:27
1641979407328732000,14.15,1,14.1,19,14.2,54,2,2022-01-12 09:23:27
1641979407855021000,14.2,50,14.1,19,14.2,4,1,2022-01-12 09:23:27
1641979407978373000,14.15,1,14.1,19,14.15,1,1,2022-01-12 09:23:27
1641979409968695000,14.15,1,14.2,29,14.25,157,1,2022-01-12 09:23:29
1641979409988740000,14.2,21,14.2,8,14.25,157,2,2022-01-12 09:23:29
1641979410008541000,14.2,3,14.2,5,14.25,157,2,2022-01-12 09:23:30
1641979410032797000,14.2,3,14.2,2,14.25,157,2,2022-01-12 09:23:30
1641979410037780000,14.2,2,14.15,1,14.25,157,2,2022-01-12 09:23:30
1641979410553922000,14.15,1,14.1,19,14.25,157,1,2022-01-12 09:23:30
1641979410836595000,14.15,1,14.1,19,14.25,157,2,2022-01-12 09:23:30
1641979415863976000,14.15,2,14.15,4,14.2,5,2,2022-01-12 09:23:35
1641979416191952000,14.2,5,14.2,15,14.25,157,1,2022-01-12 09:23:36
1641979418757914000,14.2,10,14.2,5,14.25,157,2,2022-01-12 09:23:38
1641979419433942000,14.2,1,14.2,4,14.25,156,2,2022-01-12 09:23:39
1641979420634131000,14.2,4,14.15,7,14.2,6,2,2022-01-12 09:23:40
1641979421715335000,14.2,1,14.15,6,14.2,67,1,2022-01-12 09:23:41
1641979423513561000,14.15,1,14.15,1,14.2,69,2,2022-01-12 09:23:43
1641979423551791000,14.15,1,14.1,20,14.2,69,2,2022-01-12 09:23:43
1641979424217534000,14.2,10,14.1,19,14.2,60,1,2022-01-12 09:23:44
1641979424614329000,14.2,5,14.1,19,14.2,55,1,2022-01-12 09:23:44
1641979427167252000,14.15,1,14.1,23,14.2,55,1,2022-01-12 09:23:47
1641979427957936000,14.15,1,14.1,23,14.15,1,1,2022-01-12 09:23:47
1641979429240872000,14.15,1,14.1,23,14.15,2,1,2022-01-12 09:23:49
1641979430502734000,14.15,1,14.1,23,14.15,2,1,2022-01-12 09:23:50
1641979431001812000,14.15,2,14.1,23,14.2,37,1,2022-01-12 09:23:51
1641979431001812000,14.2,18,14.1,23,14.2,37,1,2022-01-12 09:23:51
1641979431869169000,14.15,1,14.1,23,14.2,41,1,2022-01-12 09:23:51
1641979432601417000,14.2,1,14.15,4,14.2,40,1,2022-01-12 09:23:52
1641979432968665000,14.2,2,14.15,14,14.2,38,1,2022-01-12 09:23:52
1641979433730510000,14.15,1,14.15,13,14.2,34,2,2022-01-12 09:23:53
1641979435405671000,14.15,2,14.15,11,14.2,45,2,2022-01-12 09:23:55
1641979436689031000,14.2,1,14.15,12,14.2,46,1,2022-01-12 09:23:56
1641979437880797000,14.15,4,14.15,14,14.2,48,2,2022-01-12 09:23:57
1641979441351043000,14.15,5,14.15,12,14.2,49,2,2022-01-12 09:24:01
1641979442320177000,14.15,3,14.15,9,14.2,49,2,2022-01-12 09:24:02
1641979442382714000,14.15,3,14.15,6,14.2,49,2,2022-01-12 09:24:02
1641979442417062000,14.2,1,14.15,6,14.2,48,1,2022-01-12 09:24:02
1641979443562371000,14.15,5,14.15,3,14.2,48,2,2022-01-12 09:24:03
1641979443573822000,14.2,2,14.15,3,14.2,46,1,2022-01-12 09:24:03
1641979444208505000,14.2,2,14.15,3,14.2,44,1,2022-01-12 09:24:04
1641979445112675000,14.2,2,14.15,3,14.2,42,1,2022-01-12 09:24:05
1641979445345280000,14.2,1,14.15,23,14.2,41,1,2022-01-12 09:24:05
1641979446887743000,14.2,30,14.15,24,14.2,11,1,2022-01-12 09:24:06
1641979446918524000,14.2,11,14.15,24,14.25,69,1,2022-01-12 09:24:06
1641979447787692000,14.25,2,14.15,24,14.25,64,1,2022-01-12 09:24:07
1641979448435009000,14.2,1,14.15,24,14.25,64,1,2022-01-12 09:24:08
1641979450175757000,14.2,1,14.15,26,14.2,9,1,2022-01-12 09:24:10
1641979450253131000,14.2,1,14.15,26,14.2,8,1,2022-01-12 09:24:10
1641979450515092000,14.2,1,14.15,27,14.2,8,1,2022-01-12 09:24:10
1641979453299321000,14.2,8,14.15,29,14.25,62,1,2022-01-12 09:24:13
1641979453299321000,14.25,2,14.15,29,14.25,62,1,2022-01-12 09:24:13
1641979455330557000,14.2,1,14.15,29,14.25,62,1,2022-01-12 09:24:15
1641979456797677000,14.2,2,14.2,28,14.25,62,2,2022-01-12 09:24:16
1641979458179929000,14.25,10,14.2,30,14.25,52,1,2022-01-12 09:24:18
1641979458232412000,14.25,4,14.2,30,14.25,48,1,2022-01-12 09:24:18
1641979458256114000,14.25,41,14.2,30,14.25,7,1,2022-01-12 09:24:18
1641979458256345000,14.25,7,14.2,30,14.3,46,1,2022-01-12 09:24:18
1641979459536654000,14.3,46,14.3,4,14.35,57,1,2022-01-12 09:24:19
1641979459751968000,14.35,3,14.3,5,14.35,54,1,2022-01-12 09:24:19
1641979459899218000,14.35,10,14.3,5,14.35,44,1,2022-01-12 09:24:19
1641979459972728000,14.35,4,14.3,5,14.35,40,1,2022-01-12 09:24:19
1641979460178291000,14.35,1,14.3,5,14.35,39,1,2022-01-12 09:24:20
1641979460511568000,14.35,1,14.3,7,14.35,38,1,2022-01-12 09:24:20
1641979461245266000,14.35,5,14.3,7,14.35,33,1,2022-01-12 09:24:21
1641979461261787000,14.35,4,14.3,7,14.35,29,1,2022-01-12 09:24:21
1641979461266198000,14.35,9,14.3,7,14.35,20,1,2022-01-12 09:24:21
1641979461293716000,14.35,4,14.3,7,14.35,16,1,2022-01-12 09:24:21
1641979461296614000,14.35,5,14.3,7,14.35,11,1,2022-01-12 09:24:21
1641979461326634000,14.35,11,14.3,7,14.4,66,1,2022-01-12 09:24:21
1641979462460937000,14.35,10,14.3,7,14.4,66,2,2022-01-12 09:24:22
1641979462661463000,14.4,20,14.35,1,14.4,46,1,2022-01-12 09:24:22
1641979464502084000,14.35,1,14.3,7,14.4,46,2,2022-01-12 09:24:24
1641979465131124000,14.4,46,14.35,3,14.45,26,1,2022-01-12 09:24:25
1641979465131124000,14.45,4,14.35,3,14.45,26,1,2022-01-12 09:24:25
1641979465649493000,14.45,1,14.35,3,14.45,25,1,2022-01-12 09:24:25
1641979467086656000,14.45,2,14.35,4,14.45,23,1,2022-01-12 09:24:27
1641979467506328000,14.4,1,14.35,5,14.45,23,1,2022-01-12 09:24:27
1641979468132845000,14.45,1,14.4,1,14.45,22,1,2022-01-12 09:24:28
1641979470358275000,14.45,10,14.4,6,14.45,12,1,2022-01-12 09:24:30
1641979470777345000,14.45,1,14.4,6,14.45,11,1,2022-01-12 09:24:30
1641979471011655000,14.45,2,14.4,6,14.45,9,1,2022-01-12 09:24:31
1641979471101495000,14.45,3,14.4,6,14.45,6,1,2022-01-12 09:24:31
1641979471704593000,14.45,5,14.4,6,14.45,1,1,2022-01-12 09:24:31
1641979471738837000,14.45,1,14.4,6,14.5,125,1,2022-01-12 09:24:31
1641979471752339000,14.4,2,14.4,4,14.5,125,2,2022-01-12 09:24:31
1641979471886697000,14.5,2,14.4,4,14.5,123,1,2022-01-12 09:24:31
1641979472008336000,14.5,1,14.45,2,14.5,122,1,2022-01-12 09:24:32
1641979473585566000,14.5,50,14.45,8,14.5,72,1,2022-01-12 09:24:33
1641979473717836000,14.5,3,14.45,8,14.5,69,1,2022-01-12 09:24:33
1641979475896741000,14.5,5,14.45,12,14.5,64,1,2022-01-12 09:24:35
1641979476029561000,14.5,1,14.45,12,14.5,63,1,2022-01-12 09:24:36
1641979476151672000,14.5,25,14.45,12,14.5,38,1,2022-01-12 09:24:36
1641979476204811000,14.5,4,14.45,12,14.5,34,1,2022-01-12 09:24:36
1641979476235797000,14.5,3,14.45,12,14.5,31,1,2022-01-12 09:24:36
1641979476391395000,14.5,5,14.45,12,14.5,26,1,2022-01-12 09:24:36
1641979476424014000,14.5,7,14.45,12,14.5,19,1,2022-01-12 09:24:36
1641979476479252000,14.5,4,14.45,12,14.5,15,1,2022-01-12 09:24:36
1641979476518643000,14.5,10,14.45,12,14.5,5,1,2022-01-12 09:24:36
1641979476541800000,14.5,5,14.5,5,14.55,10,1,2022-01-12 09:24:36
1641979477092776000,14.55,5,14.5,7,14.55,16,1,2022-01-12 09:24:37
1641979477750885000,14.55,10,14.5,11,14.55,6,1,2022-01-12 09:24:37
1641979477786139000,14.55,6,14.5,11,14.6,48,1,2022-01-12 09:24:37
1641979477786139000,14.6,4,14.5,11,14.6,48,1,2022-01-12 09:24:37
1641979479212078000,14.6,5,14.5,13,14.6,43,1,2022-01-12 09:24:39
1641979479654690000,14.5,8,14.5,5,14.6,43,2,2022-01-12 09:24:39
1641979480206071000,14.6,5,14.55,1,14.6,38,1,2022-01-12 09:24:40
1641979480674030000,14.55,1,14.5,5,14.6,38,2,2022-01-12 09:24:40
1641979480674030000,14.5,1,14.5,5,14.6,38,2,2022-01-12 09:24:40
1641979480925189000,14.6,4,14.5,6,14.6,34,1,2022-01-12 09:24:40
1641979481108402000,14.6,2,14.5,6,14.6,32,1,2022-01-12 09:24:41
1641979481259690000,14.6,5,14.5,6,14.6,27,1,2022-01-12 09:24:41
1641979481753331000,14.55,2,14.5,6,14.55,1,1,2022-01-12 09:24:41
1641979482389507000,14.55,2,14.5,14,14.7,28,1,2022-01-12 09:24:42
1641979482389507000,14.6,27,14.5,14,14.7,28,1,2022-01-12 09:24:42
1641979482389507000,14.65,9,14.5,14,14.7,28,1,2022-01-12 09:24:42
1641979482840927000,14.7,5,14.6,5,14.7,23,1,2022-01-12 09:24:42
1641979483808352000,14.7,23,14.6,24,14.75,17,1,2022-01-12 09:24:43
1641979485393692000,14.7,1,14.65,9,14.7,3,1,2022-01-12 09:24:45
1641979485531585000,14.65,9,14.6,29,14.65,1,2,2022-01-12 09:24:45
1641979485701671000,14.65,1,14.7,39,14.75,17,1,2022-01-12 09:24:45
1641979485701671000,14.7,3,14.7,39,14.75,17,1,2022-01-12 09:24:45
1641979486479291000,14.7,2,14.7,37,14.75,17,2,2022-01-12 09:24:46
1641979486832486000,14.7,0,0.0,0,0.0,0,2,2022-01-12 09:24:46
1641979607395220000,14.6,643,14.55,2,14.6,83,2,2022-01-12 09:26:47
1641979607419173000,14.55,2,14.5,14,14.6,83,2,2022-01-12 09:26:47
1641979607441798000,14.5,14,14.45,4,14.6,83,2,2022-01-12 09:26:47
1641979607601999000,14.45,1,14.45,3,14.6,83,2,2022-01-12 09:26:47
1641979608236965000,14.45,3,14.4,22,14.6,83,2,2022-01-12 09:26:48
1641979608236965000,14.4,2,14.4,22,14.6,83,2,2022-01-12 09:26:48
1641979608810224000,14.55,2,14.45,20,14.55,10,1,2022-01-12 09:26:48
1641979609805663000,14.5,1,14.5,4,14.55,23,1,2022-01-12 09:26:49
1641979611067469000,14.55,5,14.5,39,14.55,5,1,2022-01-12 09:26:51
1641979611154964000,14.55,1,14.5,39,14.55,4,1,2022-01-12 09:26:51
1641979611320171000,14.55,3,14.5,39,14.55,1,1,2022-01-12 09:26:51
1641979611693659000,14.55,1,14.55,4,14.6,81,1,2022-01-12 09:26:51
1641979611732138000,14.55,4,14.5,39,14.6,81,2,2022-01-12 09:26:51
1641979614097704000,14.6,1,14.55,27,14.6,70,1,2022-01-12 09:26:54
1641979614110840000,14.55,1,14.55,26,14.6,70,2,2022-01-12 09:26:54
1641979614259909000,14.55,10,14.55,16,14.6,70,2,2022-01-12 09:26:54
1641979614834420000,14.6,2,14.55,16,14.6,18,1,2022-01-12 09:26:54
1641979615398387000,14.55,1,14.55,25,14.6,13,2,2022-01-12 09:26:55
1641979615508483000,14.6,1,14.55,25,14.6,12,1,2022-01-12 09:26:55
1641979616142708000,14.55,1,14.55,27,14.6,12,2,2022-01-12 09:26:56
1641979617203199000,14.55,1,14.55,36,14.6,12,2,2022-01-12 09:26:57
1641979617230460000,14.55,36,14.5,56,14.6,12,2,2022-01-12 09:26:57
1641979617355747000,14.5,1,14.5,55,14.6,12,2,2022-01-12 09:26:57
1641979618708081000,14.6,3,14.55,4,14.6,23,1,2022-01-12 09:26:58
1641979619692784000,14.55,2,14.55,2,14.6,26,2,2022-01-12 09:26:59
1641979620396996000,14.55,1,14.55,1,14.6,27,2,2022-01-12 09:27:00
1641979620769669000,14.6,5,14.55,1,14.6,32,1,2022-01-12 09:27:00
1641979622049895000,14.55,1,14.5,38,14.6,30,2,2022-01-12 09:27:02
1641979622049895000,14.5,19,14.5,38,14.6,30,2,2022-01-12 09:27:02
1641979622287956000,14.6,12,14.5,38,14.6,28,1,2022-01-12 09:27:02
1641979622676279000,14.6,2,14.55,1,14.6,26,1,2022-01-12 09:27:02
1641979625185337000,14.55,1,14.55,34,14.6,27,2,2022-01-12 09:27:05
1641979625499395000,14.55,2,14.55,35,14.6,27,2,2022-01-12 09:27:05
1641979626257586000,14.6,5,14.55,35,14.6,23,1,2022-01-12 09:27:06
1641979626568336000,14.6,1,14.55,35,14.6,22,1,2022-01-12 09:27:06
1641979627627923000,14.6,2,14.55,35,14.6,21,1,2022-01-12 09:27:07
1641979627700858000,14.6,2,14.55,35,14.6,19,1,2022-01-12 09:27:07
1641979627977174000,14.6,2,14.55,37,14.6,17,1,2022-01-12 09:27:07
1641979628674128000,14.6,3,14.55,39,14.6,16,1,2022-01-12 09:27:08
1641979628824039000,14.6,1,14.55,39,14.6,15,1,2022-01-12 09:27:08
1641979628857731000,14.55,1,14.55,38,14.6,15,2,2022-01-12 09:27:08
1641979629035181000,14.6,15,14.6,5,14.65,234,1,2022-01-12 09:27:09
1641979629067313000,14.6,5,14.55,38,14.65,234,2,2022-01-12 09:27:09
1641979630078653000,14.6,2,14.6,18,14.65,234,2,2022-01-12 09:27:10
1641979630449413000,14.65,200,14.6,18,14.65,35,1,2022-01-12 09:27:10
1641979630994824000,14.65,5,14.6,18,14.65,30,1,2022-01-12 09:27:10
1641979631150598000,14.65,20,14.6,18,14.65,10,1,2022-01-12 09:27:11
1641979631277256000,14.65,10,14.6,18,14.7,354,1,2022-01-12 09:27:11
1641979631277256000,14.7,20,14.6,18,14.7,354,1,2022-01-12 09:27:11
1641979631544811000,14.65,2,14.65,24,14.7,354,2,2022-01-12 09:27:11
1641979631552877000,14.7,10,14.65,24,14.7,344,1,2022-01-12 09:27:11
1641979631557375000,14.7,15,14.65,24,14.7,329,1,2022-01-12 09:27:11
1641979631787804000,14.7,10,14.65,29,14.7,319,1,2022-01-12 09:27:11
1641979632018618000,14.7,5,14.65,29,14.7,314,1,2022-01-12 09:27:12
1641979632110868000,14.7,5,14.65,34,14.7,309,1,2022-01-12 09:27:12
1641979632156828000,14.7,1,14.65,34,14.7,308,1,2022-01-12 09:27:12
1641979632610593000,14.7,30,14.65,34,14.7,278,1,2022-01-12 09:27:12
1641979632722730000,14.7,20,14.65,34,14.7,258,1,2022-01-12 09:27:12
1641979632730608000,14.7,8,14.65,34,14.7,250,1,2022-01-12 09:27:12
1641979632932697000,14.7,1,14.65,34,14.7,249,1,2022-01-12 09:27:12
1641979633111303000,14.7,5,14.65,34,14.7,244,1,2022-01-12 09:27:13
1641979633395207000,14.7,15,14.65,34,14.7,229,1,2022-01-12 09:27:13
1641979633455561000,14.7,1,14.65,29,14.7,228,1,2022-01-12 09:27:13
1641979633651720000,14.7,50,14.65,31,14.7,178,1,2022-01-12 09:27:13
1641979633772541000,14.7,10,14.65,31,14.7,168,1,2022-01-12 09:27:13
1641979633797039000,14.7,1,14.65,31,14.7,167,1,2022-01-12 09:27:13
1641979633812237000,14.7,1,14.65,31,14.7,166,1,2022-01-12 09:27:13
1641979633824805000,14.7,50,14.65,31,14.7,116,1,2022-01-12 09:27:13
1641979634086261000,14.7,1,14.65,31,14.7,115,1,2022-01-12 09:27:14
1641979634220394000,14.7,5,14.65,31,14.7,110,1,2022-01-12 09:27:14
1641979634338443000,14.7,10,14.65,31,14.7,100,1,2022-01-12 09:27:14
1641979634404245000,14.7,1,14.65,31,14.7,99,1,2022-01-12 09:27:14
1641979634404734000,14.7,5,14.65,31,14.7,94,1,2022-01-12 09:27:14
1641979634456061000,14.7,10,14.65,31,14.7,84,1,2022-01-12 09:27:14
1641979634473163000,14.7,10,14.65,31,14.7,74,1,2022-01-12 09:27:14
1641979634532454000,14.7,5,14.65,31,14.7,69,1,2022-01-12 09:27:14
1641979634541844000,14.7,5,14.65,31,14.7,64,1,2022-01-12 09:27:14
1641979634586996000,14.7,1,14.65,31,14.7,63,1,2022-01-12 09:27:14
1641979634625733000,14.7,1,14.65,31,14.7,62,1,2022-01-12 09:27:14
1641979634629237000,14.7,1,14.65,31,14.7,61,1,2022-01-12 09:27:14
1641979634684148000,14.7,5,14.65,31,14.7,56,1,2022-01-12 09:27:14
1641979634820483000,14.7,5,14.65,31,14.7,51,1,2022-01-12 09:27:14
1641979634854631000,14.7,3,14.65,31,14.7,50,1,2022-01-12 09:27:14
1641979635069575000,14.7,10,14.65,31,14.7,40,1,2022-01-12 09:27:15
1641979635124116000,14.7,5,14.65,31,14.7,35,1,2022-01-12 09:27:15
1641979635146362000,14.7,35,14.65,31,14.75,15,1,2022-01-12 09:27:15
1641979635146362000,14.75,15,14.65,31,14.75,15,1,2022-01-12 09:27:15
1641979635406537000,14.75,1,14.7,5,14.75,19,1,2022-01-12 09:27:15
1641979635568336000,14.75,19,14.75,1,14.8,81,1,2022-01-12 09:27:15
1641979635601349000,14.75,1,14.7,16,14.8,81,2,2022-01-12 09:27:15
1641979635651110000,14.8,1,14.7,16,14.8,83,1,2022-01-12 09:27:15
1641979635662099000,14.7,12,14.7,4,14.8,83,2,2022-01-12 09:27:15
1641979635941164000,14.75,4,14.75,16,14.8,83,2,2022-01-12 09:27:15
1641979636880743000,14.75,19,14.7,87,14.8,88,2,2022-01-12 09:27:16
1641979637310954000,14.8,2,14.7,88,14.8,86,1,2022-01-12 09:27:17
1641979637589117000,14.75,1,14.7,68,14.75,9,1,2022-01-12 09:27:17
1641979638513981000,14.75,2,14.7,70,14.75,53,1,2022-01-12 09:27:18
1641979638531167000,14.7,70,14.65,19,14.7,30,2,2022-01-12 09:27:18
1641979638721253000,14.7,5,14.65,17,14.7,28,1,2022-01-12 09:27:18
1641979638977396000,14.7,1,14.65,17,14.7,27,1,2022-01-12 09:27:18
1641979639038264000,14.7,27,14.65,17,14.75,44,1,2022-01-12 09:27:19
1641979639038264000,14.75,9,14.65,17,14.75,44,1,2022-01-12 09:27:19
1641979639284908000,14.7,1,14.65,12,14.7,19,1,2022-01-12 09:27:19
1641979640104510000,14.65,1,14.65,11,14.7,37,2,2022-01-12 09:27:20
1641979640413618000,14.7,1,14.65,11,14.7,46,1,2022-01-12 09:27:20
1641979640451082000,14.7,1,14.65,11,14.7,45,1,2022-01-12 09:27:20
1641979640849749000,14.7,1,14.65,11,14.7,44,1,2022-01-12 09:27:20
1641979641757557000,14.65,2,14.65,8,14.7,49,2,2022-01-12 09:27:21
1641979641947129000,14.7,2,14.65,8,14.7,47,1,2022-01-12 09:27:21
1641979641950173000,14.7,1,14.65,8,14.7,46,1,2022-01-12 09:27:21
1641979641998724000,14.65,2,14.65,6,14.7,46,2,2022-01-12 09:27:21
1641979642019272000,14.7,1,14.65,6,14.7,45,1,2022-01-12 09:27:22
1641979642045916000,14.7,1,14.65,6,14.7,44,1,2022-01-12 09:27:22
1641979642093075000,14.7,1,14.65,6,14.7,43,1,2022-01-12 09:27:22
1641979642306696000,14.65,1,14.65,6,14.7,50,2,2022-01-12 09:27:22
1641979642506694000,14.7,5,14.65,6,14.7,45,1,2022-01-12 09:27:22
1641979642519594000,14.65,6,14.6,22,14.65,4,2,2022-01-12 09:27:22
1641979643489135000,14.65,5,14.6,22,14.65,7,1,2022-01-12 09:27:23
1641979643533320000,14.65,4,14.6,22,14.65,3,1,2022-01-12 09:27:23
1641979643927058000,14.65,2,14.6,21,14.65,21,1,2022-01-12 09:27:23
1641979644103542000,14.6,3,14.6,18,14.65,21,2,2022-01-12 09:27:24
1641979644119882000,14.65,1,14.6,18,14.65,20,1,2022-01-12 09:27:24
1641979644531097000,14.65,20,14.6,18,14.7,24,1,2022-01-12 09:27:24
1641979644531097000,14.7,30,14.6,18,14.7,24,1,2022-01-12 09:27:24
1641979644637459000,14.7,3,14.6,18,14.7,24,1,2022-01-12 09:27:24
1641979644872481000,14.7,1,14.6,18,14.7,20,1,2022-01-12 09:27:24
1641979646004736000,14.65,2,14.6,23,14.7,22,1,2022-01-12 09:27:26
1641979646004736000,14.7,3,14.6,23,14.7,22,1,2022-01-12 09:27:26
1641979646074928000,14.7,3,14.6,23,14.7,19,1,2022-01-12 09:27:26
1641979646128429000,14.7,5,14.65,2,14.7,14,1,2022-01-12 09:27:26
1641979646364941000,14.65,1,14.65,1,14.7,11,2,2022-01-12 09:27:26
1641979646651892000,14.65,1,14.6,25,14.65,2,2,2022-01-12 09:27:26
1641979646707227000,14.6,3,14.6,21,14.65,2,2,2022-01-12 09:27:26
1641979646944234000,14.6,2,14.6,19,14.65,2,2,2022-01-12 09:27:26
1641979647849416000,14.65,1,14.6,21,14.65,1,1,2022-01-12 09:27:27
1641979648147898000,14.65,1,14.6,21,14.7,67,1,2022-01-12 09:27:28
1641979648147898000,14.7,4,14.6,21,14.7,67,1,2022-01-12 09:27:28
1641979648582605000,14.6,10,14.6,11,14.7,67,2,2022-01-12 09:27:28
1641979648603835000,14.6,11,14.55,25,14.7,67,2,2022-01-12 09:27:28
1641979649207000000,14.65,1,14.55,25,14.65,4,2,2022-01-12 09:27:29
1641979649501480000,14.65,1,14.55,23,14.65,17,1,2022-01-12 09:27:29
1641979650071920000,14.65,1,14.6,5,14.65,18,1,2022-01-12 09:27:30
1641979650584714000,14.65,1,14.6,5,14.65,31,1,2022-01-12 09:27:30
1641979650658623000,14.6,3,14.6,2,14.65,31,2,2022-01-12 09:27:30
1641979652005109000,14.6,1,14.6,4,14.65,31,2,2022-01-12 09:27:32
1641979652149077000,14.6,2,14.6,2,14.65,31,2,2022-01-12 09:27:32
1641979653564627000,14.6,2,14.55,27,14.6,3,2,2022-01-12 09:27:33
1641979653635962000,14.6,2,14.55,26,14.6,1,1,2022-01-12 09:27:33
1641979653967440000,14.55,3,14.55,23,14.6,1,2,2022-01-12 09:27:33
1641979654154546000,14.6,1,14.55,23,14.65,12,1,2022-01-12 09:27:34
1641979654154546000,14.65,19,14.55,23,14.65,12,1,2022-01-12 09:27:34
1641979654879940000,14.6,2,14.55,23,14.6,7,1,2022-01-12 09:27:34
1641979656676394000,14.6,4,14.6,1,14.65,20,1,2022-01-12 09:27:36
1641979656702933000,14.6,1,14.55,23,14.65,20,2,2022-01-12 09:27:36
1641979656742905000,14.65,4,14.55,13,14.65,16,1,2022-01-12 09:27:36
1641979657584760000,14.6,2,14.6,3,14.65,16,1,2022-01-12 09:27:37
1641979658683941000,14.65,1,14.6,13,14.65,10,1,2022-01-12 09:27:38
1641979659407580000,14.65,10,14.6,13,14.7,14,1,2022-01-12 09:27:39
1641979659407580000,14.7,20,14.6,13,14.7,14,1,2022-01-12 09:27:39
1641979659500686000,14.7,1,14.6,13,14.7,13,1,2022-01-12 09:27:39
1641979659756311000,14.7,1,14.6,16,14.7,12,1,2022-01-12 09:27:39
1641979659815729000,14.6,4,14.6,15,14.7,12,2,2022-01-12 09:27:39
1641979661026246000,14.7,1,14.6,15,14.7,11,1,2022-01-12 09:27:41
1641979661374408000,14.7,1,14.6,20,14.7,15,1,2022-01-12 09:27:41
1641979662761279000,14.65,1,14.6,20,14.7,11,1,2022-01-12 09:27:42
1641979662761279000,14.7,9,14.6,20,14.7,11,1,2022-01-12 09:27:42
1641979663967981000,14.7,2,14.6,22,14.7,60,1,2022-01-12 09:27:43
1641979664843402000,14.65,2,14.65,2,14.7,60,2,2022-01-12 09:27:44
1641979665182196000,14.7,1,14.65,32,14.7,59,1,2022-01-12 09:27:45
1641979666057992000,14.7,5,14.65,36,14.7,71,1,2022-01-12 09:27:46
1641979666070379000,14.7,5,14.65,36,14.7,66,1,2022-01-12 09:27:46
1641979667101812000,14.65,10,14.65,33,14.7,66,2,2022-01-12 09:27:47
1641979667126161000,14.65,33,14.6,25,14.7,66,2,2022-01-12 09:27:47
1641979671677823000,14.6,8,14.6,21,14.65,47,2,2022-01-12 09:27:51
1641979671780482000,14.65,20,14.6,21,14.65,27,1,2022-01-12 09:27:51
1641979672792023000,14.6,5,14.6,16,14.65,28,2,2022-01-12 09:27:52
1641979673428999000,14.65,1,14.6,16,14.65,27,1,2022-01-12 09:27:53
1641979674819828000,14.65,5,14.6,24,14.65,25,1,2022-01-12 09:27:54
1641979674992768000,14.65,1,14.6,24,14.65,24,1,2022-01-12 09:27:54
1641979676266355000,14.65,29,14.6,24,14.7,89,1,2022-01-12 09:27:56
1641979676266355000,14.7,1,14.6,24,14.7,89,1,2022-01-12 09:27:56
1641979678660347000,14.65,2,14.6,26,14.7,105,1,2022-01-12 09:27:58
1641979678660347000,14.7,3,14.6,26,14.7,105,1,2022-01-12 09:27:58
1641979679379659000,14.7,1,14.6,26,14.7,105,1,2022-01-12 09:27:59
1641979682719425000,14.6,26,14.55,80,14.65,50,2,2022-01-12 09:28:02
1641979683506185000,14.6,1,14.6,3,14.65,53,2,2022-01-12 09:28:03
1641979683692812000,14.65,3,14.6,3,14.65,50,1,2022-01-12 09:28:03
1641979684607825000,14.65,2,14.6,4,14.65,48,1,2022-01-12 09:28:04
1641979686401173000,14.6,1,14.6,3,14.65,52,2,2022-01-12 09:28:06
1641979686797018000,14.6,3,14.55,79,14.65,52,2,2022-01-12 09:28:06
1641979687942195000,14.55,79,14.5,34,14.55,21,2,2022-01-12 09:28:07
1641979688043778000,14.55,20,14.5,33,14.55,4,1,2022-01-12 09:28:08
1641979688278608000,14.55,1,14.5,33,14.55,9,1,2022-01-12 09:28:08
1641979688959942000,14.55,1,14.5,33,14.55,8,1,2022-01-12 09:28:08
1641979689582174000,14.55,5,14.5,33,14.55,3,1,2022-01-12 09:28:09
1641979692836122000,14.55,1,14.5,43,14.55,2,1,2022-01-12 09:28:12
1641979693050885000,14.55,2,14.55,8,14.6,15,1,2022-01-12 09:28:13
1641979696428131000,14.6,1,14.55,80,14.6,58,1,2022-01-12 09:28:16
1641979698268494000,14.6,5,14.55,88,14.6,3,1,2022-01-12 09:28:18
1641979698474001000,14.6,5,14.55,83,14.6,1,1,2022-01-12 09:28:18
1641979699505878000,14.65,1,14.55,83,14.65,60,1,2022-01-12 09:28:19
1641979703123868000,14.65,1,14.6,21,14.65,54,1,2022-01-12 09:28:23
1641979703569518000,14.6,3,14.6,18,14.65,51,2,2022-01-12 09:28:23
1641979703730054000,14.65,10,14.6,18,14.65,41,1,2022-01-12 09:28:23
1641979704368730000,14.65,20,14.6,28,14.65,21,1,2022-01-12 09:28:24
1641979704752649000,14.6,1,14.6,27,14.65,24,2,2022-01-12 09:28:24
1641979705054904000,14.65,5,14.6,27,14.65,16,1,2022-01-12 09:28:25
1641979706183048000,14.65,16,14.6,37,14.7,4,1,2022-01-12 09:28:26
1641979706183048000,14.7,34,14.6,37,14.7,4,1,2022-01-12 09:28:26
1641979706781291000,14.65,1,14.65,4,14.7,7,1,2022-01-12 09:28:26
1641979707956841000,14.7,12,14.65,14,14.8,107,1,2022-01-12 09:28:27
1641979707956841000,14.75,8,14.65,14,14.8,107,1,2022-01-12 09:28:27
1641979707956841000,14.8,10,14.65,14,14.8,107,1,2022-01-12 09:28:27
1641979708262797000,14.65,5,14.65,9,14.75,3,2,2022-01-12 09:28:28
1641979709601215000,14.75,3,14.65,34,14.75,5,1,2022-01-12 09:28:29
1641979709913240000,14.65,1,14.65,33,14.75,5,2,2022-01-12 09:28:29
1641979710700978000,14.7,1,14.65,33,14.75,94,2,2022-01-12 09:28:30
1641979710869253000,14.75,30,14.7,5,14.75,64,1,2022-01-12 09:28:30
1641979711578441000,14.65,2,14.65,26,14.75,67,2,2022-01-12 09:28:31
1641979712098316000,14.65,4,14.65,22,14.75,67,2,2022-01-12 09:28:32
1641979713136167000,14.75,5,14.65,12,14.75,67,1,2022-01-12 09:28:33
1641979713146779000,14.75,10,14.65,12,14.75,57,1,2022-01-12 09:28:33
1641979713844963000,14.7,1,14.65,12,14.75,58,1,2022-01-12 09:28:33
1641979715096153000,14.65,5,14.65,10,14.7,3,2,2022-01-12 09:28:35
1641979717045747000,14.65,3,14.65,9,14.7,11,2,2022-01-12 09:28:37
1641979717740614000,14.65,9,14.6,39,14.7,21,2,2022-01-12 09:28:37
1641979717882880000,14.65,1,14.6,39,14.65,2,2,2022-01-12 09:28:37
1641979718060091000,14.65,1,14.6,39,14.65,4,1,2022-01-12 09:28:38
1641979718733203000,14.6,2,14.6,37,14.65,4,2,2022-01-12 09:28:38
1641979718756406000,14.65,4,14.6,37,14.7,20,1,2022-01-12 09:28:38
1641979718756406000,14.7,1,14.6,37,14.7,20,1,2022-01-12 09:28:38
1641979721445552000,14.65,1,14.6,47,14.65,3,2,2022-01-12 09:28:41
1641979721880100000,14.65,2,14.6,55,14.65,2,1,2022-01-12 09:28:41
1641979723660172000,14.65,2,14.6,47,14.7,21,1,2022-01-12 09:28:43
1641979724093948000,14.65,3,14.65,2,14.7,21,2,2022-01-12 09:28:44
1641979726204742000,14.7,1,14.65,6,14.7,23,1,2022-01-12 09:28:46
1641979726441330000,14.65,4,14.65,2,14.7,23,2,2022-01-12 09:28:46
1641979727072440000,14.65,2,14.65,1,14.7,23,2,2022-01-12 09:28:47
1641979727101615000,14.65,1,14.6,47,14.7,23,2,2022-01-12 09:28:47
1641979727852590000,14.65,3,14.6,67,14.65,2,2,2022-01-12 09:28:47
1641979728167549000,14.65,5,14.6,67,14.7,23,1,2022-01-12 09:28:48
1641979730552850000,14.65,2,14.65,1,14.7,24,2,2022-01-12 09:28:50
1641979732094589000,14.65,1,14.6,68,14.7,26,2,2022-01-12 09:28:52
1641979732116216000,14.7,1,14.6,68,14.7,25,1,2022-01-12 09:28:52
1641979733482372000,14.7,5,14.65,5,14.7,20,1,2022-01-12 09:28:53
1641979736510859000,14.65,5,14.6,68,14.7,29,2,2022-01-12 09:28:56
1641979737528550000,14.7,1,14.6,68,14.7,29,1,2022-01-12 09:28:57
1641979738702190000,14.7,10,14.65,2,14.7,27,1,2022-01-12 09:28:58
1641979741306007000,14.7,10,14.65,58,14.7,26,1,2022-01-12 09:29:01
1641979741503370000,14.7,10,14.65,58,14.7,16,1,2022-01-12 09:29:01
1641979741681465000,14.65,2,14.65,56,14.7,16,2,2022-01-12 09:29:01
1641979742704710000,14.7,5,14.65,56,14.7,12,1,2022-01-12 09:29:02
1641979744045053000,14.7,2,14.65,56,14.7,15,1,2022-01-12 09:29:04
1641979744370274000,14.7,1,14.65,56,14.7,14,1,2022-01-12 09:29:04
1641979744802082000,14.7,1,14.65,56,14.7,13,1,2022-01-12 09:29:04
1641979745553985000,14.7,7,14.65,58,14.7,6,1,2022-01-12 09:29:05
1641979745734282000,14.7,1,14.65,58,14.7,5,1,2022-01-12 09:29:05
1641979746218765000,14.7,5,14.65,59,14.7,10,1,2022-01-12 09:29:06
1641979746598844000,14.7,6,14.65,59,14.7,4,1,2022-01-12 09:29:06
1641979747178578000,14.65,10,14.65,49,14.7,4,2,2022-01-12 09:29:07
1641979747738988000,14.7,9,14.7,1,14.75,90,1,2022-01-12 09:29:07
1641979747772387000,14.7,1,14.65,49,14.75,90,2,2022-01-12 09:29:07
1641979749141812000,14.7,1,14.65,41,14.75,92,2,2022-01-12 09:29:09
1641979749141812000,14.65,9,14.65,41,14.75,92,2,2022-01-12 09:29:09
1641979751357220000,14.7,1,14.65,40,14.75,90,1,2022-01-12 09:29:11
1641979751536790000,14.7,5,14.65,40,14.7,5,1,2022-01-12 09:29:11
1641979752099400000,14.7,1,14.65,40,14.7,10,1,2022-01-12 09:29:12
1641979752409849000,14.65,1,14.65,39,14.7,10,2,2022-01-12 09:29:12
1641979752547666000,14.7,10,14.65,39,14.75,90,1,2022-01-12 09:29:12
1641979752930906000,14.65,39,14.6,91,14.65,1,2,2022-01-12 09:29:12
1641979753442147000,14.6,1,14.6,90,14.65,1,2,2022-01-12 09:29:13
1641979754205397000,14.65,10,14.6,90,14.65,27,1,2022-01-12 09:29:14
1641979754527225000,14.65,1,14.6,90,14.65,26,1,2022-01-12 09:29:14
1641979754585924000,14.6,49,14.6,41,14.65,26,2,2022-01-12 09:29:14
1641979755201151000,14.65,5,14.6,41,14.65,21,1,2022-01-12 09:29:15
1641979755423298000,14.6,10,14.6,31,14.65,21,2,2022-01-12 09:29:15
1641979755627175000,14.6,10,14.6,21,14.65,21,2,2022-01-12 09:29:15
1641979755677246000,14.6,4,14.6,17,14.65,21,2,2022-01-12 09:29:15
1641979755995351000,14.6,10,14.6,7,14.65,17,2,2022-01-12 09:29:15
1641979756043777000,14.6,3,14.6,4,14.65,17,2,2022-01-12 09:29:16
1641979756159290000,14.6,1,14.6,3,14.65,17,2,2022-01-12 09:29:16
1641979756160926000,14.6,3,14.55,112,14.6,7,2,2022-01-12 09:29:16
1641979756480241000,14.55,50,14.55,61,14.6,7,2,2022-01-12 09:29:16
1641979757059311000,14.55,3,14.55,58,14.6,9,2,2022-01-12 09:29:17
1641979758844500000,14.6,1,14.55,58,14.6,9,1,2022-01-12 09:29:18
1641979759864311000,14.6,9,14.55,58,14.65,16,1,2022-01-12 09:29:19
1641979759864311000,14.65,6,14.55,58,14.65,16,1,2022-01-12 09:29:19
1641979761818015000,14.6,2,14.55,59,14.65,16,2,2022-01-12 09:29:21
1641979763421268000,14.6,5,14.55,60,14.6,1,1,2022-01-12 09:29:23
1641979763943916000,14.6,1,14.65,23,14.7,50,1,2022-01-12 09:29:23
1641979763943916000,14.65,26,14.65,23,14.7,50,1,2022-01-12 09:29:23
1641979763966174000,14.65,9,14.65,14,14.7,50,2,2022-01-12 09:29:23
1641979764019530000,14.65,4,14.65,10,14.7,50,2,2022-01-12 09:29:24
1641979764698206000,14.65,1,14.65,9,14.7,50,2,2022-01-12 09:29:24
1641979765335185000,14.65,9,14.6,5,14.65,1,2,2022-01-12 09:29:25
1641979767181264000,14.65,7,14.6,6,14.7,47,1,2022-01-12 09:29:27
1641979767181264000,14.7,1,14.6,6,14.7,47,1,2022-01-12 09:29:27
1641979767895273000,14.7,1,14.6,6,14.7,46,1,2022-01-12 09:29:27
1641979768935125000,14.65,1,14.6,11,14.65,19,1,2022-01-12 09:29:28
1641979770097951000,14.65,5,14.6,6,14.65,16,1,2022-01-12 09:29:30
1641979771067471000,14.65,7,14.6,6,14.65,9,1,2022-01-12 09:29:31
1641979772317616000,14.65,1,14.6,8,14.65,8,1,2022-01-12 09:29:32
1641979773062130000,14.65,5,14.6,8,14.65,4,1,2022-01-12 09:29:33
1641979773774396000,14.65,4,14.65,46,14.7,49,1,2022-01-12 09:29:33
1641979776585432000,14.7,1,14.65,46,14.7,43,1,2022-01-12 09:29:36
1641979776726919000,14.65,1,14.65,45,14.7,43,2,2022-01-12 09:29:36
1641979777884904000,14.65,20,14.65,26,14.7,43,2,2022-01-12 09:29:37
1641979779941957000,14.65,5,14.65,22,14.7,42,2,2022-01-12 09:29:39
1641979780987593000,14.65,22,14.6,63,14.65,8,2,2022-01-12 09:29:40
1641979781333538000,14.65,1,14.6,63,14.65,7,1,2022-01-12 09:29:41
1641979781664125000,14.65,1,14.6,63,14.65,6,1,2022-01-12 09:29:41
1641979784697892000,14.65,2,14.6,63,14.65,15,1,2022-01-12 09:29:44
1641979786673891000,14.65,1,14.6,63,14.65,19,1,2022-01-12 09:29:46
1641979786818347000,14.65,1,14.6,63,14.65,18,1,2022-01-12 09:29:46
1641979787557813000,14.65,1,14.6,63,14.65,17,1,2022-01-12 09:29:47
1641979787766157000,14.65,1,14.6,63,14.65,16,1,2022-01-12 09:29:47
1641979790258744000,14.65,1,14.6,69,14.65,17,1,2022-01-12 09:29:50
1641979799479333000,14.6,1,14.6,69,14.65,20,2,2022-01-12 09:29:59
1641979802028999000,14.6,13,14.6,56,14.65,20,2,2022-01-12 09:30:02
1641979802292555000,14.6,20,14.6,36,14.65,20,2,2022-01-12 09:30:02
1641979802353662000,14.6,20,14.6,16,14.65,20,2,2022-01-12 09:30:02
1641979802353803000,14.6,16,14.55,88,14.65,20,2,2022-01-12 09:30:02
1641979802353803000,14.55,4,14.55,88,14.65,20,2,2022-01-12 09:30:02
1641979802377046000,14.55,20,14.55,68,14.65,20,2,2022-01-12 09:30:02
1641979802387255000,14.55,20,14.55,48,14.65,20,2,2022-01-12 09:30:02
1641979802392730000,14.55,20,14.55,28,14.65,20,2,2022-01-12 09:30:02
1641979802395023000,14.55,28,14.5,162,14.55,16,2,2022-01-12 09:30:02
1641979803196730000,14.55,10,14.5,161,14.55,26,1,2022-01-12 09:30:03
1641979803280626000,14.55,1,14.5,161,14.55,25,1,2022-01-12 09:30:03
1641979803930117000,14.5,5,14.5,156,14.55,25,2,2022-01-12 09:30:03
1641979804062914000,14.55,5,14.5,156,14.55,20,1,2022-01-12 09:30:04
1641979804621968000,14.55,10,14.5,156,14.55,10,1,2022-01-12 09:30:04
1641979804698552000,14.55,1,14.5,156,14.55,9,1,2022-01-12 09:30:04
1641979805120115000,14.55,2,14.5,156,14.55,7,1,2022-01-12 09:30:05
1641979807014182000,14.55,5,14.5,156,14.55,2,1,2022-01-12 09:30:07
1641979807405000000,14.55,2,14.55,1,14.6,10,1,2022-01-12 09:30:07
1641979810496223000,14.55,7,14.5,156,14.55,3,2,2022-01-12 09:30:10
1641979811442503000,14.55,3,14.5,156,14.6,9,1,2022-01-12 09:30:11
1641979811442503000,14.6,7,14.5,156,14.6,9,1,2022-01-12 09:30:11
1641979813928725000,14.6,6,14.55,24,14.6,3,1,2022-01-12 09:30:13
1641979814875228000,14.55,25,14.5,151,14.6,4,2,2022-01-12 09:30:14
1641979814875228000,14.5,5,14.5,151,14.6,4,2,2022-01-12 09:30:14
1641979815626830000,14.5,2,14.5,149,14.55,4,2,2022-01-12 09:30:15
1641979815726264000,14.55,5,14.6,11,14.65,33,1,2022-01-12 09:30:15
1641979815726264000,14.6,4,14.6,11,14.65,33,1,2022-01-12 09:30:15
1641979815760645000,14.6,2,14.6,9,14.65,33,2,2022-01-12 09:30:15
1641979815781342000,14.6,3,14.6,6,14.65,36,2,2022-01-12 09:30:15
1641979815816341000,14.6,3,14.6,3,14.65,36,2,2022-01-12 09:30:15
1641979815819132000,14.6,2,14.6,1,14.65,36,2,2022-01-12 09:30:15
1641979815845605000,14.6,1,14.5,150,14.65,36,2,2022-01-12 09:30:15
1641979817439724000,14.6,1,14.5,159,14.6,11,1,2022-01-12 09:30:17
1641979818601220000,14.55,1,14.55,8,14.6,11,2,2022-01-12 09:30:18
1641979819345204000,14.55,3,14.55,10,14.6,14,2,2022-01-12 09:30:19
1641979820890986000,14.55,3,14.55,17,14.6,19,2,2022-01-12 09:30:20
1641979822466649000,14.55,3,14.55,14,14.6,19,2,2022-01-12 09:30:22
1641979822504744000,14.55,4,14.55,10,14.6,29,2,2022-01-12 09:30:22
1641979822605744000,14.55,1,14.55,9,14.6,27,2,2022-01-12 09:30:22
1641979823246558000,14.55,9,14.5,155,14.55,1,2,2022-01-12 09:30:23
1641979823874524000,14.55,20,14.5,135,14.55,31,1,2022-01-12 09:30:23
1641979823905605000,14.5,4,14.5,131,14.55,31,2,2022-01-12 09:30:23
1641979824002864000,14.5,3,14.5,128,14.55,31,2,2022-01-12 09:30:24
1641979825979591000,14.55,2,14.5,129,14.55,39,1,2022-01-12 09:30:25
1641979826559901000,14.5,2,14.5,127,14.55,39,2,2022-01-12 09:30:26
1641979827407783000,14.55,2,14.5,127,14.55,37,1,2022-01-12 09:30:27
1641979827538439000,14.55,5,14.5,127,14.55,32,1,2022-01-12 09:30:27
1641979827660732000,14.55,5,14.5,127,14.55,27,1,2022-01-12 09:30:27
1641979828207357000,14.55,10,14.5,127,14.55,17,1,2022-01-12 09:30:28
1641979829184711000,14.5,1,14.5,126,14.55,17,2,2022-01-12 09:30:29
1641979831863763000,14.55,5,14.5,126,14.55,12,1,2022-01-12 09:30:31
1641979835616318000,14.55,1,14.5,130,14.55,16,1,2022-01-12 09:30:35
1641979835814598000,14.55,1,14.5,130,14.55,15,1,2022-01-12 09:30:35
1641979837772519000,14.55,15,14.55,15,14.6,33,1,2022-01-12 09:30:37
1641979838071382000,14.55,2,14.55,13,14.6,31,2,2022-01-12 09:30:38
1641979839562436000,14.55,1,14.55,18,14.6,31,2,2022-01-12 09:30:39
1641979841896479000,14.55,1,14.55,27,14.6,33,2,2022-01-12 09:30:41
1641979842077101000,14.6,3,14.55,27,14.6,30,1,2022-01-12 09:30:42
1641979842079112000,14.55,27,14.5,106,14.6,30,2,2022-01-12 09:30:42
1641979842079112000,14.5,23,14.5,106,14.6,30,2,2022-01-12 09:30:42
1641979842893178000,14.55,1,14.55,2,14.6,33,2,2022-01-12 09:30:42
1641979842932470000,14.55,2,14.5,106,14.6,33,2,2022-01-12 09:30:42
1641979843382319000,14.6,2,14.5,106,14.6,28,1,2022-01-12 09:30:43
1641979849075985000,14.55,1,14.55,8,14.6,32,2,2022-01-12 09:30:49
1641979849932465000,14.55,6,14.55,3,14.6,32,2,2022-01-12 09:30:49
1641979852708089000,14.6,2,14.55,4,14.6,67,1,2022-01-12 09:30:52
1641979853173961000,14.55,1,14.55,3,14.6,67,2,2022-01-12 09:30:53
1641979853201102000,14.55,3,14.5,108,14.6,67,2,2022-01-12 09:30:53
1641979857038723000,14.55,1,14.5,69,14.55,9,1,2022-01-12 09:30:57
1641979857548619000,14.55,2,14.5,69,14.55,7,1,2022-01-12 09:30:57
1641979858118176000,14.55,3,14.5,69,14.55,4,1,2022-01-12 09:30:58
1641979858265888000,14.55,4,14.5,69,14.6,77,1,2022-01-12 09:30:58
1641979858265888000,14.6,6,14.5,69,14.6,77,1,2022-01-12 09:30:58
1641979859062809000,14.6,20,14.5,69,14.6,70,1,2022-01-12 09:30:59
1641979859259506000,14.55,2,14.55,3,14.6,70,1,2022-01-12 09:30:59
1641979859925337000,14.55,1,14.55,2,14.6,70,2,2022-01-12 09:30:59
1641979862140155000,14.55,2,14.55,116,14.6,68,2,2022-01-12 09:31:02
1641979863306381000,14.6,1,14.55,116,14.6,67,1,2022-01-12 09:31:03
1641979865015325000,14.55,3,14.55,119,14.6,67,2,2022-01-12 09:31:05
1641979866503585000,14.55,10,14.55,109,14.6,67,2,2022-01-12 09:31:06
1641979867159275000,14.55,4,14.55,105,14.6,67,2,2022-01-12 09:31:07
1641979869252416000,14.55,1,14.55,104,14.6,67,2,2022-01-12 09:31:09
1641979869394051000,14.6,4,14.55,104,14.6,63,1,2022-01-12 09:31:09
1641979869599935000,14.6,5,14.55,104,14.6,58,1,2022-01-12 09:31:09
1641979873929514000,14.6,2,14.55,105,14.6,77,1,2022-01-12 09:31:13
1641979876854487000,14.6,5,14.55,105,14.6,74,1,2022-01-12 09:31:16
1641979877381543000,14.55,10,14.55,95,14.6,78,2,2022-01-12 09:31:17
1641979877410945000,14.55,4,14.55,91,14.6,78,2,2022-01-12 09:31:17
1641979878572250000,14.55,10,14.55,81,14.6,74,2,2022-01-12 09:31:18
1641979878597849000,14.55,4,14.55,77,14.6,74,2,2022-01-12 09:31:18
1641979880098913000,14.55,1,14.55,76,14.6,74,2,2022-01-12 09:31:20
1641979883269714000,14.6,1,14.55,76,14.6,75,1,2022-01-12 09:31:23
1641979883634691000,14.6,1,14.55,76,14.6,74,1,2022-01-12 09:31:23
1641979883767210000,14.55,11,14.55,65,14.6,74,2,2022-01-12 09:31:23
1641979883797584000,14.55,4,14.55,61,14.6,74,2,2022-01-12 09:31:23
1641979884011385000,14.55,2,14.55,59,14.6,74,2,2022-01-12 09:31:24
1641979884681417000,14.55,1,14.55,58,14.6,74,2,2022-01-12 09:31:24
1641979885080992000,14.55,5,14.55,53,14.6,74,2,2022-01-12 09:31:25
1641979885420562000,14.55,1,14.55,52,14.6,74,2,2022-01-12 09:31:25
1641979886534932000,14.55,5,14.55,50,14.6,74,2,2022-01-12 09:31:26
1641979886557419000,14.55,4,14.55,46,14.6,74,2,2022-01-12 09:31:26
1641979889501452000,14.6,5,14.55,46,14.6,70,1,2022-01-12 09:31:29
1641979890445560000,14.6,5,14.55,46,14.6,65,1,2022-01-12 09:31:30
1641979890826783000,14.55,5,14.55,41,14.6,65,2,2022-01-12 09:31:30
1641979890954949000,14.55,1,14.55,40,14.6,65,2,2022-01-12 09:31:30
1641979891682101000,14.6,10,14.55,40,14.6,55,1,2022-01-12 09:31:31
1641979892821880000,14.55,2,14.55,38,14.6,37,2,2022-01-12 09:31:32
1641979893098460000,14.6,37,14.65,47,14.7,179,1,2022-01-12 09:31:33
1641979893098460000,14.65,16,14.65,47,14.7,179,1,2022-01-12 09:31:33
1641979901389804000,14.7,50,14.65,51,14.7,129,1,2022-01-12 09:31:41
1641979902258181000,14.7,4,14.65,51,14.7,125,1,2022-01-12 09:31:42
1641979903042446000,14.65,8,14.65,76,14.7,125,2,2022-01-12 09:31:43
1641979903398563000,14.7,2,14.65,76,14.7,123,1,2022-01-12 09:31:43
1641979904927220000,14.65,50,14.65,26,14.7,126,2,2022-01-12 09:31:44
1641979906974855000,14.65,1,14.65,25,14.7,126,2,2022-01-12 09:31:46
1641979909055099000,14.65,26,14.6,14,14.65,4,2,2022-01-12 09:31:49
1641979911744089000,14.65,1,14.6,7,14.65,14,1,2022-01-12 09:31:51
1641979912291684000,14.6,1,14.6,6,14.65,14,2,2022-01-12 09:31:52
1641979916130555000,14.6,6,14.55,60,14.6,44,2,2022-01-12 09:31:56
1641979919533694000,14.6,10,14.55,61,14.6,34,1,2022-01-12 09:31:59
1641979919544487000,14.6,1,14.55,61,14.6,33,1,2022-01-12 09:31:59
1641979920048683000,14.6,3,14.55,58,14.6,30,1,2022-01-12 09:32:00
1641979920258012000,14.6,1,14.55,60,14.6,29,1,2022-01-12 09:32:00
1641979921369965000,14.6,5,14.55,60,14.6,24,1,2022-01-12 09:32:01
1641979925838198000,14.6,10,14.55,65,14.6,14,1,2022-01-12 09:32:05
1641979926547697000,14.6,14,14.6,36,14.65,33,1,2022-01-12 09:32:06
1641979926794463000,14.6,1,14.6,35,14.65,33,2,2022-01-12 09:32:06
1641979937134409000,14.65,3,14.6,58,14.65,41,1,2022-01-12 09:32:17
1641979937664408000,14.65,3,14.6,58,14.65,38,1,2022-01-12 09:32:17
1641979940499798000,14.65,5,14.6,58,14.65,33,1,2022-01-12 09:32:20
1641979944367639000,14.65,10,14.6,30,14.65,23,1,2022-01-12 09:32:24
1641979947969224000,14.65,1,14.6,30,14.65,22,1,2022-01-12 09:32:27
1641979948774496000,14.65,3,14.6,42,14.65,19,1,2022-01-12 09:32:28
1641979948813197000,14.6,1,14.6,41,14.65,19,2,2022-01-12 09:32:28
1641979948943710000,14.6,1,14.6,40,14.65,19,2,2022-01-12 09:32:28
1641979950753004000,14.6,1,14.6,39,14.65,21,2,2022-01-12 09:32:30
1641979952063181000,14.65,3,14.6,39,14.65,20,1,2022-01-12 09:32:32
1641979953163612000,14.6,5,14.6,34,14.65,20,2,2022-01-12 09:32:33
1641979953402968000,14.6,1,14.6,33,14.65,20,2,2022-01-12 09:32:33
1641979954596561000,14.65,5,14.6,33,14.65,15,1,2022-01-12 09:32:34
1641979955457423000,14.65,1,14.6,34,14.65,14,1,2022-01-12 09:32:35
1641979958790813000,14.65,1,14.6,34,14.65,14,1,2022-01-12 09:32:38
1641979966543635000,14.65,1,14.6,41,14.65,29,1,2022-01-12 09:32:46
1641979967817687000,14.65,1,14.6,41,14.65,28,1,2022-01-12 09:32:47
1641979970181568000,14.65,2,14.6,42,14.65,26,1,2022-01-12 09:32:50
1641979970535457000,14.6,10,14.6,32,14.65,26,2,2022-01-12 09:32:50
1641979971764844000,14.65,1,14.6,32,14.65,25,1,2022-01-12 09:32:51
1641979971777912000,14.65,3,14.6,32,14.65,22,1,2022-01-12 09:32:51
1641979973423444000,14.6,10,14.6,22,14.65,22,2,2022-01-12 09:32:53
1641979979719099000,14.65,5,14.6,69,14.65,17,1,2022-01-12 09:32:59
1641979982519713000,14.65,1,14.6,69,14.65,23,1,2022-01-12 09:33:02
1641979983373373000,14.65,1,14.6,69,14.65,22,1,2022-01-12 09:33:03
1641979987319618000,14.65,2,14.6,79,14.65,26,1,2022-01-12 09:33:07
1641979987822022000,14.65,2,14.6,79,14.65,24,1,2022-01-12 09:33:07
1641979988498354000,14.65,1,14.6,79,14.65,23,1,2022-01-12 09:33:08
1641979989933478000,14.65,1,14.6,81,14.65,32,1,2022-01-12 09:33:09
1641979995216840000,14.6,81,14.45,25,14.5,176,2,2022-01-12 09:33:15
1641979995216840000,14.55,71,14.45,25,14.5,176,2,2022-01-12 09:33:15
1641979995216840000,14.5,122,14.45,25,14.5,176,2,2022-01-12 09:33:15
1641979995510491000,14.5,3,14.45,24,14.5,173,1,2022-01-12 09:33:15
1641979999631991000,14.5,5,14.45,34,14.5,168,1,2022-01-12 09:33:19
1641980007246837000,14.55,5,14.5,1,14.6,17,2,2022-01-12 09:33:27
1641980007246837000,14.5,10,14.5,1,14.6,17,2,2022-01-12 09:33:27
1641980008889322000,14.5,1,14.45,25,14.6,9,2,2022-01-12 09:33:28
1641980009051251000,14.5,3,14.5,2,14.6,9,2,2022-01-12 09:33:29
1641980009258151000,14.5,1,14.5,1,14.55,1,2,2022-01-12 09:33:29
1641980009279425000,14.5,1,14.45,24,14.55,1,2,2022-01-12 09:33:29
1641980011520016000,14.5,1,14.45,19,14.55,1,2,2022-01-12 09:33:31
1641980011567600000,14.55,9,14.5,5,14.6,18,1,2022-01-12 09:33:31
1641980011567600000,14.6,4,14.5,5,14.6,18,1,2022-01-12 09:33:31
1641980015730658000,14.6,1,14.5,12,14.6,15,1,2022-01-12 09:33:35
1641980017215140000,14.5,10,14.5,8,14.55,1,2,2022-01-12 09:33:37
1641980018047065000,14.55,1,14.5,8,14.6,18,1,2022-01-12 09:33:38
1641980019161140000,14.5,6,14.5,10,14.6,18,2,2022-01-12 09:33:39
1641980019306307000,14.5,10,14.45,28,14.5,51,2,2022-01-12 09:33:39
1641980024969303000,14.5,10,14.45,19,14.5,44,1,2022-01-12 09:33:44
1641980025068502000,14.5,2,14.45,19,14.5,42,1,2022-01-12 09:33:45
1641980025831854000,14.5,3,14.45,19,14.5,36,1,2022-01-12 09:33:45
1641980027609450000,14.45,10,14.45,9,14.5,36,2,2022-01-12 09:33:47
1641980027635799000,14.45,3,14.45,6,14.5,36,2,2022-01-12 09:33:47
1641980027860046000,14.45,1,14.45,5,14.5,36,2,2022-01-12 09:33:47
1641980027873291000,14.45,2,14.45,3,14.5,36,2,2022-01-12 09:33:47
1641980029872102000,14.45,3,14.4,48,14.45,7,2,2022-01-12 09:33:49
1641980030900876000,14.45,5,14.4,47,14.45,6,1,2022-01-12 09:33:50
1641980032393056000,14.45,1,14.4,57,14.45,5,1,2022-01-12 09:33:52
1641980034170218000,14.45,2,14.4,52,14.45,8,1,2022-01-12 09:33:54
1641980034780393000,14.45,2,14.4,52,14.45,21,1,2022-01-12 09:33:54
1641980035399583000,14.45,1,14.4,52,14.45,22,1,2022-01-12 09:33:55
1641980037037913000,14.45,1,14.4,52,14.45,21,1,2022-01-12 09:33:57
1641980037444093000,14.45,1,14.4,52,14.45,20,1,2022-01-12 09:33:57
1641980040127864000,14.45,5,14.4,49,14.45,15,1,2022-01-12 09:34:00
1641980042855159000,14.4,10,14.4,44,14.45,15,2,2022-01-12 09:34:02
1641980044866962000,14.45,1,14.4,44,14.45,23,1,2022-01-12 09:34:04
1641980045814669000,14.45,1,14.4,44,14.45,22,1,2022-01-12 09:34:05
1641980045932901000,14.4,40,14.4,4,14.45,22,2,2022-01-12 09:34:05
1641980045960429000,14.4,4,14.35,33,14.45,22,2,2022-01-12 09:34:05
1641980047315738000,14.4,5,14.35,32,14.4,16,1,2022-01-12 09:34:07
1641980051221739000,14.35,1,14.35,31,14.4,27,2,2022-01-12 09:34:11
1641980051347305000,14.35,1,14.35,30,14.4,27,2,2022-01-12 09:34:11
1641980051374675000,14.35,4,14.35,26,14.4,27,2,2022-01-12 09:34:11
1641980052103350000,14.35,1,14.35,25,14.4,27,2,2022-01-12 09:34:12
1641980052293120000,14.35,5,14.35,20,14.4,27,2,2022-01-12 09:34:12
1641980052312554000,14.35,20,14.3,11,14.4,27,2,2022-01-12 09:34:12
1641980055176135000,14.3,1,14.3,17,14.35,20,2,2022-01-12 09:34:15
1641980055565168000,14.3,4,14.3,13,14.35,20,2,2022-01-12 09:34:15
1641980056873647000,14.3,1,14.3,47,14.35,20,2,2022-01-12 09:34:16
1641980056998404000,14.3,5,14.3,42,14.35,20,2,2022-01-12 09:34:16
1641980057863044000,14.3,10,14.3,32,14.35,20,2,2022-01-12 09:34:17
1641980058372323000,14.35,2,14.3,32,14.35,9,1,2022-01-12 09:34:18
1641980060754207000,14.35,9,14.3,36,14.4,26,1,2022-01-12 09:34:20
1641980062248468000,14.3,1,14.3,35,14.4,25,2,2022-01-12 09:34:22
1641980063697800000,14.35,1,14.35,1,14.4,23,2,2022-01-12 09:34:23
1641980066221799000,14.35,1,14.35,14,14.4,23,2,2022-01-12 09:34:26
1641980066390978000,14.35,4,14.35,10,14.4,23,2,2022-01-12 09:34:26
1641980074592372000,14.35,1,14.35,16,14.4,23,2,2022-01-12 09:34:34
1641980074765909000,14.35,5,14.35,11,14.4,23,2,2022-01-12 09:34:34
1641980082650600000,14.4,5,14.35,24,14.4,18,1,2022-01-12 09:34:42
1641980082849756000,14.35,1,14.35,23,14.4,18,2,2022-01-12 09:34:42
1641980086160421000,14.4,5,14.35,23,14.4,15,1,2022-01-12 09:34:46
1641980087783117000,14.4,5,14.35,23,14.4,10,1,2022-01-12 09:34:47
1641980089209821000,14.4,1,14.35,29,14.4,4,1,2022-01-12 09:34:49
1641980090378366000,14.4,4,14.4,1,14.45,16,1,2022-01-12 09:34:50
1641980093566416000,14.4,1,14.4,6,14.45,16,2,2022-01-12 09:34:53
1641980093834789000,14.4,6,14.35,26,14.45,16,2,2022-01-12 09:34:53
1641980093834789000,14.35,4,14.35,26,14.45,16,2,2022-01-12 09:34:53
1641980094409084000,14.4,1,14.35,29,14.4,2,1,2022-01-12 09:34:54
1641980094715489000,14.4,1,14.35,29,14.4,1,1,2022-01-12 09:34:54
1641980095032517000,14.4,1,14.4,1,14.45,31,1,2022-01-12 09:34:55
1641980098818036000,14.4,1,14.4,12,14.45,31,2,2022-01-12 09:34:58
1641980099322387000,14.4,1,14.4,11,14.45,31,2,2022-01-12 09:34:59
1641980101149338000,14.4,1,14.4,10,14.45,31,2,2022-01-12 09:35:01
1641980102255088000,14.4,1,14.4,13,14.45,31,2,2022-01-12 09:35:02
1641980103253695000,14.4,3,14.4,10,14.45,31,2,2022-01-12 09:35:03
1641980108651536000,14.4,6,14.4,6,14.45,31,2,2022-01-12 09:35:08
1641980111210705000,14.45,3,14.4,6,14.45,28,1,2022-01-12 09:35:11
1641980112149964000,14.4,1,14.4,7,14.45,28,2,2022-01-12 09:35:12
1641980112249272000,14.4,1,14.4,6,14.45,28,2,2022-01-12 09:35:12
1641980114532862000,14.4,6,14.4,3,14.45,28,2,2022-01-12 09:35:14
1641980116306700000,14.4,5,14.4,4,14.45,28,2,2022-01-12 09:35:16
1641980118621743000,14.4,4,14.35,21,14.45,28,2,2022-01-12 09:35:18
1641980118621743000,14.35,16,14.35,21,14.45,28,2,2022-01-12 09:35:18
1641980119251852000,14.4,5,14.4,5,14.45,31,1,2022-01-12 09:35:19
1641980119306688000,14.4,3,14.4,2,14.45,28,2,2022-01-12 09:35:19
1641980125222843000,14.45,5,14.4,4,14.45,23,1,2022-01-12 09:35:25
1641980130939783000,14.4,5,14.35,22,14.4,8,2,2022-01-12 09:35:30
1641980134907409000,14.4,1,14.35,26,14.4,11,1,2022-01-12 09:35:34
1641980135229304000,14.4,2,14.35,26,14.4,9,1,2022-01-12 09:35:35
1641980135387568000,14.4,1,14.35,26,14.4,8,1,2022-01-12 09:35:35
1641980136843886000,14.35,20,14.35,6,14.4,8,2,2022-01-12 09:35:36
1641980138016353000,14.35,5,14.35,1,14.4,8,2,2022-01-12 09:35:38
1641980139153247000,14.35,1,14.3,56,14.4,8,2,2022-01-12 09:35:39
1641980141985385000,14.35,1,14.3,61,14.4,63,2,2022-01-12 09:35:41
1641980143619410000,14.3,2,14.3,58,14.4,63,2,2022-01-12 09:35:43
1641980144873051000,14.35,4,14.3,58,14.4,65,1,2022-01-12 09:35:44
1641980144873051000,14.4,1,14.3,58,14.4,65,1,2022-01-12 09:35:44
1641980149162795000,14.35,1,14.35,2,14.4,62,1,2022-01-12 09:35:49
1641980149202483000,14.35,2,14.3,59,14.4,62,2,2022-01-12 09:35:49
1641980149388482000,14.3,4,14.3,54,14.4,62,2,2022-01-12 09:35:49
1641980151463286000,14.4,1,14.3,54,14.4,61,1,2022-01-12 09:35:51
1641980163450961000,14.35,3,14.35,1,14.4,80,2,2022-01-12 09:36:03
1641980163485661000,14.35,1,14.3,50,14.4,80,2,2022-01-12 09:36:03
1641980168595983000,14.3,5,14.3,44,14.4,81,2,2022-01-12 09:36:08
1641980170179587000,14.35,1,14.3,44,14.4,82,1,2022-01-12 09:36:10
1641980170187156000,14.4,2,14.3,44,14.4,80,1,2022-01-12 09:36:10
1641980176205430000,14.35,1,14.3,44,14.35,2,1,2022-01-12 09:36:16
1641980183294840000,14.3,10,14.3,40,14.35,16,2,2022-01-12 09:36:23
1641980183317377000,14.3,4,14.3,36,14.35,16,2,2022-01-12 09:36:23
1641980185082282000,14.35,1,14.3,37,14.35,15,1,2022-01-12 09:36:25
1641980186588331000,14.35,6,14.3,37,14.35,11,1,2022-01-12 09:36:26
1641980189544532000,14.3,1,14.3,36,14.35,11,2,2022-01-12 09:36:29
1641980189573869000,14.35,1,14.3,36,14.35,10,1,2022-01-12 09:36:29
1641980191093173000,14.3,1,14.3,35,14.35,10,2,2022-01-12 09:36:31
1641980192905398000,14.35,2,14.3,35,14.35,9,1,2022-01-12 09:36:32
1641980193839489000,14.35,9,14.35,1,14.4,68,1,2022-01-12 09:36:33
1641980199416503000,14.35,2,14.3,43,14.35,8,2,2022-01-12 09:36:39
1641980200377957000,14.35,5,14.3,44,14.35,8,1,2022-01-12 09:36:40
1641980200871677000,14.35,2,14.3,44,14.35,6,1,2022-01-12 09:36:40
1641980201040834000,14.3,1,14.3,43,14.35,6,2,2022-01-12 09:36:41
1641980201394753000,14.3,1,14.3,42,14.35,6,2,2022-01-12 09:36:41
1641980204453320000,14.35,3,14.3,63,14.35,4,1,2022-01-12 09:36:44
1641980209107750000,14.35,20,14.3,73,14.35,25,1,2022-01-12 09:36:49
1641980209852753000,14.3,2,14.3,71,14.35,25,2,2022-01-12 09:36:49
1641980213686433000,14.3,3,14.3,69,14.35,27,2,2022-01-12 09:36:53
1641980214755334000,14.3,1,14.3,68,14.35,27,2,2022-01-12 09:36:54
1641980219406208000,14.35,10,14.3,68,14.35,17,1,2022-01-12 09:36:59
1641980221034514000,14.35,22,14.3,68,14.4,59,1,2022-01-12 09:37:01
1641980225729595000,14.35,1,14.35,106,14.4,58,2,2022-01-12 09:37:05
1641980227392720000,14.35,10,14.35,96,14.4,59,2,2022-01-12 09:37:07
1641980228567798000,14.4,2,14.35,96,14.4,57,1,2022-01-12 09:37:08
1641980237352502000,14.4,1,14.35,107,14.4,56,1,2022-01-12 09:37:17
1641980238627896000,14.4,5,14.35,107,14.4,52,1,2022-01-12 09:37:18
1641980243181973000,14.35,10,14.35,107,14.4,52,2,2022-01-12 09:37:23
1641980245070528000,14.4,7,14.35,107,14.4,45,1,2022-01-12 09:37:25
1641980245138575000,14.4,5,14.35,107,14.4,40,1,2022-01-12 09:37:25
1641980245441144000,14.4,5,14.35,107,14.4,35,1,2022-01-12 09:37:25
1641980245659426000,14.4,1,14.35,107,14.4,34,1,2022-01-12 09:37:25
1641980246150833000,14.4,1,14.35,107,14.4,33,1,2022-01-12 09:37:26
1641980247327670000,14.4,2,14.35,107,14.4,31,1,2022-01-12 09:37:27
1641980249106631000,14.4,5,14.35,107,14.4,26,1,2022-01-12 09:37:29
1641980250302906000,14.4,5,14.35,107,14.4,23,1,2022-01-12 09:37:30
1641980251335024000,14.4,8,14.35,111,14.4,15,1,2022-01-12 09:37:31
1641980251623620000,14.4,10,14.35,111,14.4,5,1,2022-01-12 09:37:31
1641980251973371000,14.4,5,14.4,5,14.45,11,1,2022-01-12 09:37:31
1641980255223448000,14.4,1,14.4,13,14.45,11,2,2022-01-12 09:37:35
1641980257129232000,14.45,1,14.4,13,14.45,10,1,2022-01-12 09:37:37
1641980258294126000,14.45,7,14.4,13,14.45,3,1,2022-01-12 09:37:38
1641980260802960000,14.45,1,14.4,8,14.45,2,1,2022-01-12 09:37:40
1641980264103546000,14.4,8,14.35,110,14.4,12,2,2022-01-12 09:37:44
1641980265368825000,14.4,5,14.35,109,14.4,7,1,2022-01-12 09:37:45
1641980265595428000,14.4,2,14.35,109,14.4,5,1,2022-01-12 09:37:45
1641980267008466000,14.4,1,14.35,109,14.4,4,1,2022-01-12 09:37:47
1641980267086505000,14.35,1,14.35,108,14.4,4,2,2022-01-12 09:37:47
1641980267283043000,14.4,4,14.35,104,14.45,1,1,2022-01-12 09:37:47
1641980275276708000,14.4,3,14.35,105,14.45,11,2,2022-01-12 09:37:55
1641980279975689000,14.4,2,14.35,115,14.4,4,2,2022-01-12 09:37:59
1641980284292519000,14.4,1,14.35,114,14.4,8,1,2022-01-12 09:38:04
1641980284679600000,14.35,20,14.35,94,14.4,8,2,2022-01-12 09:38:04
1641980284684803000,14.35,20,14.35,74,14.4,8,2,2022-01-12 09:38:04
1641980284686558000,14.35,20,14.35,54,14.4,8,2,2022-01-12 09:38:04
1641980284707221000,14.35,20,14.35,34,14.4,8,2,2022-01-12 09:38:04
1641980284720269000,14.35,12,14.35,22,14.4,8,2,2022-01-12 09:38:04
1641980284746273000,14.35,4,14.35,18,14.4,8,2,2022-01-12 09:38:04
1641980284787594000,14.35,18,14.3,26,14.4,8,2,2022-01-12 09:38:04
1641980285691173000,14.3,1,14.3,24,14.35,10,2,2022-01-12 09:38:05
1641980289333934000,14.3,4,14.3,20,14.35,20,2,2022-01-12 09:38:09
1641980291391624000,14.35,3,14.3,20,14.35,12,1,2022-01-12 09:38:11
1641980294373953000,14.3,1,14.3,15,14.35,12,2,2022-01-12 09:38:14
1641980298092200000,14.3,3,14.3,12,14.35,12,2,2022-01-12 09:38:18
1641980299539598000,14.3,5,14.3,7,14.35,12,2,2022-01-12 09:38:19
1641980300423625000,14.35,12,14.35,38,14.4,9,1,2022-01-12 09:38:20
1641980301647370000,14.35,5,14.35,33,14.4,9,2,2022-01-12 09:38:21
1641980301955880000,14.35,7,14.35,26,14.4,9,2,2022-01-12 09:38:21
1641980302299837000,14.35,1,14.35,25,14.4,9,2,2022-01-12 09:38:22
1641980302359451000,14.35,4,14.35,21,14.4,9,2,2022-01-12 09:38:22
1641980305565790000,14.35,10,14.35,11,14.4,6,2,2022-01-12 09:38:25
1641980305595473000,14.35,5,14.35,6,14.4,6,2,2022-01-12 09:38:25
1641980305627041000,14.35,6,14.3,13,14.4,6,2,2022-01-12 09:38:25
1641980306839846000,14.4,3,14.3,12,14.4,17,1,2022-01-12 09:38:26
1641980310245416000,14.4,5,14.3,15,14.4,19,1,2022-01-12 09:38:30
1641980316084057000,14.35,1,14.3,20,14.35,2,1,2022-01-12 09:38:36
1641980316329842000,14.35,2,14.35,98,14.4,30,1,2022-01-12 09:38:36
1641980316934838000,14.4,1,14.35,98,14.4,27,1,2022-01-12 09:38:36
1641980319898315000,14.35,1,14.35,97,14.4,27,2,2022-01-12 09:38:39
1641980322812028000,14.35,1,14.35,97,14.4,27,2,2022-01-12 09:38:42
1641980326554977000,14.35,1,14.35,99,14.4,27,2,2022-01-12 09:38:46
1641980330550927000,14.35,1,14.35,98,14.4,22,2,2022-01-12 09:38:50
1641980333849245000,14.35,5,14.35,93,14.4,22,2,2022-01-12 09:38:53
1641980335896475000,14.35,5,14.35,88,14.4,22,2,2022-01-12 09:38:55
1641980336255203000,14.4,2,14.35,88,14.4,20,1,2022-01-12 09:38:56
1641980337476293000,14.4,10,14.35,88,14.4,10,1,2022-01-12 09:38:57
1641980340265885000,14.4,10,14.35,88,14.4,10,1,2022-01-12 09:39:00
1641980340612886000,14.35,20,14.35,68,14.4,10,2,2022-01-12 09:39:00
1641980340620466000,14.35,20,14.35,48,14.4,10,2,2022-01-12 09:39:00
1641980340642818000,14.35,20,14.35,28,14.4,10,2,2022-01-12 09:39:00
1641980340650951000,14.35,20,14.35,8,14.4,10,2,2022-01-12 09:39:00
1641980340664068000,14.35,8,14.3,27,14.35,12,2,2022-01-12 09:39:00
1641980345904072000,14.3,5,14.3,23,14.35,22,2,2022-01-12 09:39:05
1641980346753657000,14.3,1,14.3,24,14.35,22,2,2022-01-12 09:39:06
1641980352072867000,14.35,5,14.3,33,14.35,17,1,2022-01-12 09:39:12
1641980355728386000,14.3,2,14.3,29,14.35,17,2,2022-01-12 09:39:15
1641980363057533000,14.3,7,14.3,34,14.35,17,2,2022-01-12 09:39:23
1641980363897266000,14.3,2,14.3,32,14.35,17,2,2022-01-12 09:39:23
1641980377655892000,14.35,2,14.3,26,14.35,17,1,2022-01-12 09:39:37
1641980379976994000,14.35,17,14.35,83,14.4,20,1,2022-01-12 09:39:39
1641980381140978000,14.35,3,14.35,80,14.4,20,2,2022-01-12 09:39:41
1641980391078926000,14.35,1,14.35,89,14.4,21,2,2022-01-12 09:39:51
1641980391773404000,14.35,10,14.35,79,14.4,11,2,2022-01-12 09:39:51
1641980397809351000,14.35,5,14.35,74,14.4,3,2,2022-01-12 09:39:57
1641980400360436000,14.4,3,14.35,74,14.45,30,1,2022-01-12 09:40:00
1641980400360436000,14.45,17,14.35,74,14.45,30,1,2022-01-12 09:40:00
1641980403606913000,14.45,1,14.35,74,14.45,29,1,2022-01-12 09:40:03
1641980404825269000,14.4,5,14.35,74,14.4,10,1,2022-01-12 09:40:04
1641980406489743000,14.4,2,14.35,74,14.4,8,1,2022-01-12 09:40:06
1641980409319380000,14.4,5,14.35,74,14.4,3,1,2022-01-12 09:40:09
1641980410326216000,14.4,1,14.35,74,14.4,2,1,2022-01-12 09:40:10
1641980412155952000,14.4,1,14.35,74,14.4,1,1,2022-01-12 09:40:12
1641980412733372000,14.4,1,14.4,9,14.45,29,1,2022-01-12 09:40:12
1641980412934874000,14.4,1,14.4,9,14.45,29,2,2022-01-12 09:40:12
1641980419363792000,14.45,1,14.4,21,14.45,28,1,2022-01-12 09:40:19
1641980428875075000,14.45,15,14.4,26,14.45,13,1,2022-01-12 09:40:28
1641980429453209000,14.45,3,14.4,26,14.45,10,1,2022-01-12 09:40:29
1641980429790227000,14.45,1,14.4,26,14.45,9,1,2022-01-12 09:40:29
1641980431372974000,14.45,9,14.45,6,14.5,28,1,2022-01-12 09:40:31
1641980442353573000,14.5,5,14.45,36,14.5,35,1,2022-01-12 09:40:42
