ts,close,volume,bid_price,bid_volume,ask_price,ask_volume,tick_type,datetime
1652432527031753000,106.5,131,106.0,28,106.5,3,1,2022-05-13 09:02:07
1652432527577491000,106.0,2,106.0,26,106.5,3,2,2022-05-13 09:02:07
1652432527727010000,106.0,5,106.0,21,106.5,3,2,2022-05-13 09:02:07
1652432527763428000,106.0,1,106.0,20,106.5,3,2,2022-05-13 09:02:07
1652432528682933000,106.0,5,106.0,15,106.5,5,2,2022-05-13 09:02:08
1652432528718881000,106.0,2,106.0,13,106.5,5,2,2022-05-13 09:02:08
1652432528719069000,106.0,9,106.0,4,106.5,5,2,2022-05-13 09:02:08
1652432529688689000,106.0,3,106.0,1,106.5,5,2,2022-05-13 09:02:09
1652432529718582000,106.0,1,105.5,8,106.0,1,2,2022-05-13 09:02:09
1652432530110082000,105.5,5,105.5,3,106.0,2,2,2022-05-13 09:02:10
1652432530151023000,105.5,3,105.0,9,106.0,2,2,2022-05-13 09:02:10
1652432530721798000,106.0,1,105.0,9,106.0,1,1,2022-05-13 09:02:10
1652432531105059000,105.0,1,105.0,8,106.0,2,2,2022-05-13 09:02:11
1652432531112520000,105.0,1,105.0,7,106.0,2,2,2022-05-13 09:02:11
1652432532667400000,105.0,7,104.0,4,104.5,1,2,2022-05-13 09:02:12
1652432532667400000,104.5,2,104.0,4,104.5,1,2,2022-05-13 09:02:12
1652432533213655000,104.5,1,104.0,4,104.5,4,1,2022-05-13 09:02:13
1652432533248308000,104.0,4,103.0,6,104.5,4,2,2022-05-13 09:02:13
1652432533248308000,103.5,1,103.0,6,104.5,4,2,2022-05-13 09:02:13
1652432534478643000,103.0,1,103.0,5,104.0,3,2,2022-05-13 09:02:14
1652432537070188000,104.0,1,103.0,5,104.0,1,1,2022-05-13 09:02:17
1652432537072404000,103.0,4,103.0,1,104.0,1,2,2022-05-13 09:02:17
1652432537587273000,103.5,1,103.0,2,104.0,1,1,2022-05-13 09:02:17
1652432541110020000,104.0,10,103.5,1,104.0,1,1,2022-05-13 09:02:21
1652432541144929000,104.0,1,103.5,1,104.5,4,1,2022-05-13 09:02:21
1652432541154194000,103.5,1,103.0,3,104.5,4,2,2022-05-13 09:02:21
1652432541197716000,103.5,1,103.0,3,104.0,1,1,2022-05-13 09:02:21
1652432542839593000,103.5,1,103.0,4,103.5,2,1,2022-05-13 09:02:22
1652432542874369000,103.5,1,103.0,4,103.5,1,1,2022-05-13 09:02:22
1652432542911363000,103.0,1,103.0,3,103.5,1,2,2022-05-13 09:02:22
1652432543185045000,103.0,1,103.0,2,103.5,1,2,2022-05-13 09:02:23
1652432544532908000,103.5,1,103.0,2,104.0,1,1,2022-05-13 09:02:24
1652432548273827000,103.5,4,103.5,7,104.0,1,2,2022-05-13 09:02:28
1652432550481972000,104.0,1,104.0,2,104.5,3,1,2022-05-13 09:02:30
1652432551672666000,104.0,2,103.5,7,104.5,3,2,2022-05-13 09:02:31
1652432554662547000,104.0,1,104.0,6,104.5,3,2,2022-05-13 09:02:34
1652432556683444000,104.5,1,104.0,9,104.5,2,1,2022-05-13 09:02:36
1652432557594398000,104.5,2,104.5,8,105.5,2,1,2022-05-13 09:02:37
1652432557962297000,104.5,1,104.5,7,105.5,2,2,2022-05-13 09:02:37
1652432562814953000,105.0,1,104.5,8,105.5,2,1,2022-05-13 09:02:42
1652432579390931000,105.5,3,105.0,6,106.0,3,1,2022-05-13 09:02:59
1652432581665951000,105.5,1,105.0,7,106.0,3,2,2022-05-13 09:03:01
1652432582556920000,105.5,1,105.0,7,105.5,1,1,2022-05-13 09:03:02
1652432582836206000,105.5,1,105.5,1,106.0,3,1,2022-05-13 09:03:02
1652432584164812000,105.5,1,105.5,2,106.0,4,2,2022-05-13 09:03:04
1652432584194639000,105.5,2,105.0,6,106.0,4,2,2022-05-13 09:03:04
1652432585535498000,106.0,1,105.0,6,106.0,3,1,2022-05-13 09:03:05
1652432586909419000,105.0,2,105.0,4,106.0,5,2,2022-05-13 09:03:06
1652432589524286000,106.0,1,105.0,4,106.0,19,1,2022-05-13 09:03:09
1652432590613529000,106.0,1,105.0,4,106.0,18,1,2022-05-13 09:03:10
1652432593476171000,106.0,1,105.0,4,106.0,17,1,2022-05-13 09:03:13
1652432595784727000,105.5,1,105.0,4,105.5,2,1,2022-05-13 09:03:15
1652432597056569000,105.5,1,105.0,4,105.5,1,1,2022-05-13 09:03:17
1652432597402799000,105.0,3,105.0,1,105.5,1,2,2022-05-13 09:03:17
1652432597517427000,105.0,1,104.5,8,105.5,1,2,2022-05-13 09:03:17
1652432598422572000,105.5,1,104.5,8,106.0,16,1,2022-05-13 09:03:18
1652432599634292000,105.5,1,104.5,8,105.5,3,2,2022-05-13 09:03:19
1652432604491506000,105.5,4,105.0,1,105.5,2,1,2022-05-13 09:03:24
1652432604523743000,105.5,1,105.0,1,105.5,1,1,2022-05-13 09:03:24
1652432604643534000,105.5,1,105.0,1,106.0,14,1,2022-05-13 09:03:24
1652432612352051000,105.5,5,105.0,2,105.5,2,1,2022-05-13 09:03:32
1652432612379591000,105.0,1,105.0,1,105.5,2,2,2022-05-13 09:03:32
1652432612431599000,105.0,1,104.5,8,105.5,2,2,2022-05-13 09:03:32
1652432615276998000,105.0,1,104.5,8,105.5,3,1,2022-05-13 09:03:35
1652432617061048000,105.0,1,104.5,7,105.5,3,1,2022-05-13 09:03:37
1652432621096771000,105.0,1,104.5,10,105.0,4,1,2022-05-13 09:03:41
1652432621122340000,104.5,1,104.5,9,105.0,4,2,2022-05-13 09:03:41
1652432625049022000,104.5,1,104.5,8,105.0,4,2,2022-05-13 09:03:45
1652432625075153000,104.5,1,104.5,7,105.0,4,2,2022-05-13 09:03:45
1652432625096156000,104.5,1,104.5,6,105.0,4,2,2022-05-13 09:03:45
1652432625131778000,104.5,1,104.5,5,105.0,4,2,2022-05-13 09:03:45
1652432626474572000,105.0,1,104.5,5,105.0,3,1,2022-05-13 09:03:46
1652432626516051000,104.5,1,104.5,4,105.0,3,2,2022-05-13 09:03:46
1652432627185742000,104.5,4,103.5,31,105.0,3,2,2022-05-13 09:03:47
1652432627185742000,104.0,13,103.5,31,105.0,3,2,2022-05-13 09:03:47
1652432627185742000,103.5,13,103.5,31,105.0,3,2,2022-05-13 09:03:47
1652432635020529000,103.5,2,103.5,29,104.5,7,2,2022-05-13 09:03:55
1652432638114444000,103.5,1,103.5,28,104.0,10,2,2022-05-13 09:03:58
1652432638304097000,103.5,1,103.5,27,104.0,10,2,2022-05-13 09:03:58
1652432638887054000,103.5,1,103.5,26,104.0,10,2,2022-05-13 09:03:58
1652432639660967000,103.5,1,103.5,25,104.0,10,2,2022-05-13 09:03:59
1652432643106085000,103.5,1,103.5,25,104.0,10,2,2022-05-13 09:04:03
1652432644535573000,103.5,1,103.5,24,104.0,10,2,2022-05-13 09:04:04
1652432645003906000,104.0,1,103.5,24,104.0,9,1,2022-05-13 09:04:05
1652432645470061000,104.0,1,103.5,24,104.0,8,1,2022-05-13 09:04:05
1652432646587108000,104.0,1,103.5,24,104.0,7,1,2022-05-13 09:04:06
1652432646589614000,104.0,1,103.5,24,104.0,6,1,2022-05-13 09:04:06
1652432648488045000,104.0,6,104.0,4,104.5,3,1,2022-05-13 09:04:08
1652432648518501000,104.0,1,104.0,3,104.5,3,2,2022-05-13 09:04:08
1652432653376784000,104.0,1,104.0,14,104.5,3,2,2022-05-13 09:04:13
1652432654533774000,104.5,2,104.0,15,104.5,1,1,2022-05-13 09:04:14
1652432655757860000,104.5,1,104.0,15,105.5,6,1,2022-05-13 09:04:15
1652432665660393000,104.5,5,103.5,14,105.5,5,2,2022-05-13 09:04:25
1652432665660393000,104.0,11,103.5,14,105.5,5,2,2022-05-13 09:04:25
1652432665660393000,103.5,14,103.5,14,105.5,5,2,2022-05-13 09:04:25
1652432666823123000,104.5,1,104.5,1,105.0,2,1,2022-05-13 09:04:26
1652432669218224000,104.5,1,104.0,1,105.0,2,2,2022-05-13 09:04:29
1652432678181390000,104.5,1,104.0,2,104.5,2,1,2022-05-13 09:04:38
1652432689699074000,104.0,4,103.5,12,104.5,2,2,2022-05-13 09:04:49
1652432689699074000,103.5,1,103.5,12,104.5,2,2,2022-05-13 09:04:49
1652432693854606000,104.0,1,103.5,13,104.5,2,1,2022-05-13 09:04:53
1652432713072753000,104.5,2,104.0,3,105.0,36,1,2022-05-13 09:05:13
1652432713553041000,104.0,2,104.0,1,105.0,36,2,2022-05-13 09:05:13
1652432731880065000,104.0,1,104.0,6,105.0,5,2,2022-05-13 09:05:31
1652432743763691000,104.5,1,104.5,4,105.0,6,2,2022-05-13 09:05:43
1652432747685053000,104.5,1,104.5,3,105.0,6,2,2022-05-13 09:05:47
1652432747759782000,104.5,1,104.5,2,105.0,6,2,2022-05-13 09:05:47
1652432747789099000,104.5,2,104.0,7,105.0,6,2,2022-05-13 09:05:47
1652432752990000000,105.0,1,104.5,1,105.0,5,1,2022-05-13 09:05:52
1652432753360081000,104.5,1,103.5,23,105.0,5,2,2022-05-13 09:05:53
1652432753360081000,104.0,7,103.5,23,105.0,5,2,2022-05-13 09:05:53
1652432753360081000,103.5,12,103.5,23,105.0,5,2,2022-05-13 09:05:53
1652432777735779000,103.5,23,103.0,17,103.5,7,2,2022-05-13 09:06:17
1652432780978920000,103.0,1,103.0,15,103.5,7,2,2022-05-13 09:06:20
1652432787198695000,103.0,1,103.0,15,103.5,9,2,2022-05-13 09:06:27
1652432788342269000,103.0,1,103.0,14,103.5,9,2,2022-05-13 09:06:28
1652432788815570000,103.5,5,103.0,14,103.5,4,1,2022-05-13 09:06:28
1652432788939403000,103.0,1,103.0,13,103.5,4,2,2022-05-13 09:06:28
1652432789064050000,103.0,1,103.0,12,103.5,4,2,2022-05-13 09:06:29
1652432790495538000,103.0,3,103.0,9,103.5,4,2,2022-05-13 09:06:30
1652432792194761000,103.0,1,103.0,8,103.5,4,2,2022-05-13 09:06:32
1652432792206894000,103.0,3,103.0,5,103.5,4,2,2022-05-13 09:06:32
1652432796638389000,103.0,1,103.0,4,103.5,8,2,2022-05-13 09:06:36
1652432796769435000,103.0,1,103.0,3,103.5,8,2,2022-05-13 09:06:36
1652432796799595000,103.0,2,103.0,1,103.5,8,2,2022-05-13 09:06:36
1652432799022843000,103.0,1,102.5,24,103.0,1,2,2022-05-13 09:06:39
1652432800777040000,103.0,2,103.0,3,103.5,8,1,2022-05-13 09:06:40
1652432800875260000,103.0,1,103.0,2,103.5,8,2,2022-05-13 09:06:40
1652432806898450000,103.5,8,103.0,25,104.5,2,1,2022-05-13 09:06:46
1652432812772195000,103.5,1,103.5,6,104.0,2,2,2022-05-13 09:06:52
1652432813613722000,103.5,2,103.5,4,104.0,2,2,2022-05-13 09:06:53
1652432816491368000,103.5,4,103.0,9,104.0,2,2,2022-05-13 09:06:56
1652432816491368000,103.0,16,103.0,9,104.0,2,2,2022-05-13 09:06:56
1652432824947481000,103.5,1,103.0,9,104.0,3,2,2022-05-13 09:07:04
1652432829385651000,103.0,8,103.0,1,104.0,3,2,2022-05-13 09:07:09
1652432829418477000,103.0,1,102.5,27,103.5,2,2,2022-05-13 09:07:09
1652432844236777000,103.0,2,102.5,23,103.5,3,2,2022-05-13 09:07:24
1652432844802848000,103.0,1,103.0,1,103.5,3,1,2022-05-13 09:07:24
1652432846221885000,103.0,1,102.5,23,103.5,3,2,2022-05-13 09:07:26
1652432852572719000,103.0,1,103.0,7,103.5,3,2,2022-05-13 09:07:32
1652432858031968000,103.0,1,103.0,12,103.5,4,2,2022-05-13 09:07:38
1652432858183721000,103.5,4,103.0,12,104.0,3,1,2022-05-13 09:07:38
1652432860296348000,103.5,1,103.5,1,104.0,2,2,2022-05-13 09:07:40
1652432877721516000,103.5,2,102.5,18,104.0,3,2,2022-05-13 09:07:57
1652432877721516000,103.0,10,102.5,18,104.0,3,2,2022-05-13 09:07:57
1652432877721516000,102.5,8,102.5,18,104.0,3,2,2022-05-13 09:07:57
1652432884287412000,102.5,4,102.5,11,103.5,4,2,2022-05-13 09:08:04
1652432895913530000,103.0,1,103.0,20,103.5,6,2,2022-05-13 09:08:15
1652432896473319000,103.5,3,103.0,20,103.5,3,1,2022-05-13 09:08:16
1652432899745262000,103.5,1,103.0,20,103.5,2,1,2022-05-13 09:08:19
1652432903066336000,103.5,2,103.5,8,104.0,10,1,2022-05-13 09:08:23
1652432907561484000,104.0,9,103.5,10,104.0,1,1,2022-05-13 09:08:27
1652432907683035000,104.0,1,103.5,10,104.5,6,1,2022-05-13 09:08:27
1652432910207656000,104.0,1,103.5,10,104.5,2,1,2022-05-13 09:08:30
1652432914669711000,104.0,2,103.5,10,104.0,1,1,2022-05-13 09:08:34
1652432923020516000,104.0,1,103.5,9,104.5,8,1,2022-05-13 09:08:43
1652432924699919000,103.5,5,103.5,4,104.0,1,2,2022-05-13 09:08:44
1652432942467237000,103.5,1,103.5,5,104.0,2,2,2022-05-13 09:09:02
1652432966952020000,104.0,1,103.5,19,104.0,5,1,2022-05-13 09:09:26
1652432981242011000,104.0,2,103.5,22,104.0,3,1,2022-05-13 09:09:41
1652432982224982000,104.0,1,103.5,22,104.0,2,1,2022-05-13 09:09:42
1652432983462658000,104.0,1,103.5,22,104.0,2,1,2022-05-13 09:09:43
1652432984668168000,104.0,2,104.0,1,104.5,8,1,2022-05-13 09:09:44
1652433000503462000,104.5,2,104.0,33,104.5,4,1,2022-05-13 09:10:00
1652433005342176000,104.5,1,104.0,33,104.5,3,1,2022-05-13 09:10:05
1652433006426376000,104.5,1,104.0,32,104.5,2,1,2022-05-13 09:10:06
1652433009678748000,104.5,1,104.0,33,104.5,1,1,2022-05-13 09:10:09
1652433011554989000,104.5,1,104.0,33,105.0,22,1,2022-05-13 09:10:11
1652433016822551000,105.0,1,104.5,32,105.0,22,1,2022-05-13 09:10:16
1652433018506144000,105.0,2,104.5,32,105.0,20,1,2022-05-13 09:10:18
1652433018819293000,104.5,3,104.5,29,105.0,20,2,2022-05-13 09:10:18
1652433019304823000,105.0,1,104.5,29,105.0,19,1,2022-05-13 09:10:19
1652433022219033000,105.0,1,104.5,31,105.0,18,1,2022-05-13 09:10:22
1652433023100834000,105.0,5,104.5,31,105.0,13,1,2022-05-13 09:10:23
1652433025470254000,105.0,1,104.5,31,105.0,10,1,2022-05-13 09:10:25
1652433025661367000,105.0,1,104.5,31,105.0,9,1,2022-05-13 09:10:25
1652433025756396000,105.0,1,104.5,31,105.0,8,1,2022-05-13 09:10:25
1652433025971887000,105.0,1,104.5,31,105.0,7,1,2022-05-13 09:10:25
1652433026074848000,105.0,1,104.5,31,105.0,6,1,2022-05-13 09:10:26
1652433026244054000,105.0,3,104.5,31,105.0,3,1,2022-05-13 09:10:26
1652433027040489000,105.0,1,104.5,31,105.0,2,1,2022-05-13 09:10:27
1652433028647803000,104.5,2,104.5,30,105.0,2,2,2022-05-13 09:10:28
1652433028779100000,105.0,2,105.0,2,105.5,21,1,2022-05-13 09:10:28
1652433032533906000,105.0,5,105.0,5,105.5,21,2,2022-05-13 09:10:32
1652433034367373000,105.0,3,104.5,30,105.5,21,2,2022-05-13 09:10:34
1652433043478862000,104.5,1,104.5,2,105.0,7,2,2022-05-13 09:10:43
1652433046662602000,104.5,2,104.0,1,105.0,6,2,2022-05-13 09:10:46
1652433049842332000,104.0,1,103.5,11,104.0,2,2,2022-05-13 09:10:49
1652433052175134000,104.0,1,103.5,11,104.0,1,1,2022-05-13 09:10:52
1652433081564891000,104.0,1,103.5,10,104.0,10,1,2022-05-13 09:11:21
1652433093633833000,103.5,1,103.5,9,104.0,12,2,2022-05-13 09:11:33
1652433100847275000,103.5,2,103.5,7,104.0,12,2,2022-05-13 09:11:40
1652433151680856000,103.5,1,103.5,19,104.0,14,2,2022-05-13 09:12:31
1652433170239734000,103.5,1,103.5,18,104.0,14,2,2022-05-13 09:12:50
1652433194200119000,103.5,1,103.5,17,104.0,14,2,2022-05-13 09:13:14
1652433207255644000,103.5,1,103.5,16,104.0,14,2,2022-05-13 09:13:27
1652433213824216000,103.5,5,103.5,11,104.0,15,2,2022-05-13 09:13:33
1652433227544616000,104.0,1,103.5,11,104.0,15,1,2022-05-13 09:13:47
1652433228923739000,103.5,11,103.0,9,104.0,15,2,2022-05-13 09:13:48
1652433228923739000,103.0,9,103.0,9,104.0,15,2,2022-05-13 09:13:48
1652433233356909000,103.5,1,103.0,5,103.5,3,1,2022-05-13 09:13:53
1652433234955955000,103.0,3,103.0,2,103.5,3,2,2022-05-13 09:13:54
1652433242796565000,103.0,2,103.0,1,103.5,4,2,2022-05-13 09:14:02
1652433242826944000,103.0,1,102.5,28,103.0,1,2,2022-05-13 09:14:02
1652433261692547000,102.5,20,102.5,8,103.0,1,2,2022-05-13 09:14:21
1652433269396355000,102.5,3,102.5,4,103.0,1,2,2022-05-13 09:14:29
1652433270988882000,102.5,2,102.5,3,103.5,5,2,2022-05-13 09:14:30
1652433273530959000,102.5,1,102.5,2,103.5,5,2,2022-05-13 09:14:33
1652433274217097000,102.5,1,102.5,1,103.0,2,2,2022-05-13 09:14:34
1652433274296975000,102.5,1,102.0,26,102.5,4,2,2022-05-13 09:14:34
1652433287215336000,102.0,1,102.0,24,102.5,6,2,2022-05-13 09:14:47
1652433288271902000,102.0,1,102.0,23,102.5,2,2,2022-05-13 09:14:48
1652433288812199000,102.0,1,102.0,22,102.5,2,2,2022-05-13 09:14:48
1652433297448152000,102.0,1,102.0,21,102.5,5,2,2022-05-13 09:14:57
1652433300153010000,102.0,2,102.0,19,102.5,5,2,2022-05-13 09:15:00
1652433300246843000,102.0,1,102.0,18,102.5,5,2,2022-05-13 09:15:00
1652433300262256000,102.0,2,102.0,16,102.5,5,2,2022-05-13 09:15:00
1652433300814042000,102.0,2,102.0,14,102.5,3,2,2022-05-13 09:15:00
1652433302984225000,102.0,1,102.0,13,102.5,2,2,2022-05-13 09:15:02
1652433303194386000,102.0,10,102.0,3,102.5,2,2,2022-05-13 09:15:03
1652433303762015000,102.0,1,102.0,2,102.5,2,2,2022-05-13 09:15:03
1652433304981849000,102.0,2,101.5,23,102.0,8,2,2022-05-13 09:15:04
1652433307275445000,102.0,1,101.5,23,102.0,12,1,2022-05-13 09:15:07
1652433307309855000,101.5,1,101.5,22,102.0,12,2,2022-05-13 09:15:07
1652433307368967000,102.0,1,101.5,22,102.0,12,1,2022-05-13 09:15:07
1652433308581780000,102.0,1,101.5,22,102.0,9,1,2022-05-13 09:15:08
1652433308686717000,101.5,2,101.5,20,102.0,9,2,2022-05-13 09:15:08
1652433312985973000,101.5,19,101.0,35,101.5,1,2,2022-05-13 09:15:12
1652433314474618000,101.0,1,101.0,34,101.5,1,2,2022-05-13 09:15:14
1652433314671866000,101.5,1,101.0,34,102.0,29,1,2022-05-13 09:15:14
1652433315730421000,102.0,1,101.0,33,102.0,28,1,2022-05-13 09:15:15
1652433315756664000,101.0,1,101.0,32,102.0,27,2,2022-05-13 09:15:15
1652433318035968000,101.5,1,101.0,31,101.5,6,1,2022-05-13 09:15:18
1652433318344211000,101.5,1,101.0,30,101.5,5,1,2022-05-13 09:15:18
1652433320633892000,101.5,1,101.0,29,101.5,4,1,2022-05-13 09:15:20
1652433321897749000,101.5,1,101.0,29,101.5,3,1,2022-05-13 09:15:21
1652433322299579000,101.0,20,101.0,9,101.5,3,2,2022-05-13 09:15:22
1652433324553855000,101.0,2,101.0,7,101.5,3,2,2022-05-13 09:15:24
1652433324602412000,101.0,2,101.0,5,101.5,3,2,2022-05-13 09:15:24
1652433328345975000,101.0,1,101.0,7,101.5,4,2,2022-05-13 09:15:28
1652433328571092000,101.5,1,101.0,7,101.5,3,1,2022-05-13 09:15:28
1652433328833721000,101.0,2,101.0,5,101.5,3,2,2022-05-13 09:15:28
1652433335804125000,101.0,11,101.0,1,101.5,4,2,2022-05-13 09:15:35
1652433336236229000,101.5,1,101.0,1,101.5,3,1,2022-05-13 09:15:36
1652433336266925000,101.5,1,101.0,1,101.5,2,1,2022-05-13 09:15:36
1652433341796805000,101.5,2,101.0,9,102.0,7,1,2022-05-13 09:15:41
1652433341798238000,102.0,1,101.0,9,102.0,6,1,2022-05-13 09:15:41
1652433346065679000,101.5,1,100.5,32,102.0,6,2,2022-05-13 09:15:46
1652433346065679000,101.0,11,100.5,32,102.0,6,2,2022-05-13 09:15:46
1652433346065679000,100.5,8,100.5,32,102.0,6,2,2022-05-13 09:15:46
1652433346642834000,101.5,1,100.5,33,102.0,6,1,2022-05-13 09:15:46
1652433347572823000,102.0,2,101.0,2,102.0,4,1,2022-05-13 09:15:47
1652433350624103000,101.5,1,101.0,2,102.0,6,2,2022-05-13 09:15:50
1652433351082107000,101.0,1,101.0,1,102.0,6,2,2022-05-13 09:15:51
1652433353646482000,101.5,1,101.0,7,101.5,2,1,2022-05-13 09:15:53
1652433354706415000,101.0,10,100.5,33,101.0,1,2,2022-05-13 09:15:54
1652433355992098000,101.0,1,100.5,33,101.5,2,1,2022-05-13 09:15:55
1652433356348055000,101.5,1,100.5,33,101.5,1,1,2022-05-13 09:15:56
1652433367899494000,101.5,2,101.0,14,101.5,2,1,2022-05-13 09:16:07
1652433368886826000,101.5,1,101.0,14,101.5,1,1,2022-05-13 09:16:08
1652433369126816000,101.5,1,101.0,14,102.0,14,1,2022-05-13 09:16:09
1652433377837852000,101.5,1,101.5,6,102.0,18,2,2022-05-13 09:16:17
1652433378529478000,101.5,1,101.5,5,102.0,18,2,2022-05-13 09:16:18
1652433382010214000,101.5,1,101.5,5,102.0,18,2,2022-05-13 09:16:22
1652433386118007000,101.5,1,101.5,6,102.0,17,2,2022-05-13 09:16:26
1652433391616824000,101.5,1,101.5,8,102.0,17,2,2022-05-13 09:16:31
1652433392415896000,101.5,1,101.5,7,102.0,17,2,2022-05-13 09:16:32
1652433396510250000,101.5,1,101.5,7,102.0,17,2,2022-05-13 09:16:36
1652433399175153000,102.0,17,102.5,26,103.0,13,1,2022-05-13 09:16:39
1652433399175153000,102.5,7,102.5,26,103.0,13,1,2022-05-13 09:16:39
1652433404065367000,103.0,3,102.5,26,103.0,9,1,2022-05-13 09:16:44
1652433405424663000,103.0,1,102.5,26,103.0,9,1,2022-05-13 09:16:45
1652433407053662000,103.0,5,102.5,26,103.0,4,1,2022-05-13 09:16:47
1652433407111120000,102.5,2,102.5,24,103.0,4,2,2022-05-13 09:16:47
1652433408720413000,103.0,1,102.5,24,103.0,4,1,2022-05-13 09:16:48
1652433419676691000,102.5,20,102.5,5,103.0,6,2,2022-05-13 09:16:59
1652433419707246000,102.5,2,102.5,3,103.0,6,2,2022-05-13 09:16:59
1652433419707263000,102.5,2,102.5,1,103.0,6,2,2022-05-13 09:16:59
1652433419707279000,102.5,1,102.0,10,102.5,1,2,2022-05-13 09:16:59
1652433424043152000,102.5,1,102.0,11,102.5,1,1,2022-05-13 09:17:04
1652433426628562000,102.0,2,102.0,9,102.5,2,2,2022-05-13 09:17:06
1652433432872136000,102.5,2,102.5,8,103.0,9,1,2022-05-13 09:17:12
1652433470746579000,102.5,1,102.5,7,103.0,24,2,2022-05-13 09:17:50
1652433473290337000,102.5,1,102.5,6,103.0,24,2,2022-05-13 09:17:53
1652433476242880000,102.5,1,102.5,5,103.0,24,2,2022-05-13 09:17:56
1652433477743703000,102.5,2,102.5,3,103.0,24,2,2022-05-13 09:17:57
1652433478186734000,103.0,1,102.5,3,103.0,23,1,2022-05-13 09:17:58
1652433479552914000,102.5,4,101.5,2,103.0,23,2,2022-05-13 09:17:59
1652433479552914000,102.0,9,101.5,2,103.0,23,2,2022-05-13 09:17:59
1652433479552914000,101.5,7,101.5,2,103.0,23,2,2022-05-13 09:17:59
1652433493567540000,101.5,1,101.5,5,102.5,2,2,2022-05-13 09:18:13
1652433503067306000,101.5,1,101.5,3,102.5,4,2,2022-05-13 09:18:23
1652433509275942000,102.0,1,101.5,4,102.5,5,2,2022-05-13 09:18:29
1652433554352128000,102.0,16,101.5,2,102.5,8,2,2022-05-13 09:19:14
1652433554352128000,101.5,4,101.5,2,102.5,8,2,2022-05-13 09:19:14
1652433577296878000,102.5,9,102.5,11,103.0,24,1,2022-05-13 09:19:37
1652433581136365000,103.0,20,102.5,32,103.0,2,1,2022-05-13 09:19:41
1652433581165607000,103.0,1,102.5,32,103.0,1,1,2022-05-13 09:19:41
1652433584294907000,103.0,1,102.5,32,103.5,20,1,2022-05-13 09:19:44
1652433590595915000,103.0,1,103.0,10,103.5,18,2,2022-05-13 09:19:50
1652433592328810000,103.5,3,103.0,10,103.5,15,1,2022-05-13 09:19:52
1652433595613683000,103.0,1,103.0,9,103.5,15,2,2022-05-13 09:19:55
1652433600786944000,103.5,1,103.0,34,103.5,14,1,2022-05-13 09:20:00
1652433604516646000,103.0,2,103.0,32,103.5,14,2,2022-05-13 09:20:04
1652433620181958000,103.5,8,103.5,22,104.0,19,1,2022-05-13 09:20:20
1652433620536909000,104.0,1,103.5,22,104.0,18,1,2022-05-13 09:20:20
1652433624367467000,103.5,4,103.5,21,104.0,22,2,2022-05-13 09:20:24
1652433634240842000,103.5,1,103.5,46,104.0,24,2,2022-05-13 09:20:34
1652433638780578000,104.0,5,103.5,46,104.0,19,1,2022-05-13 09:20:38
1652433646120165000,104.0,1,103.5,46,104.0,18,1,2022-05-13 09:20:46
1652433646934687000,104.0,18,104.0,6,104.5,8,1,2022-05-13 09:20:46
1652433648892057000,104.0,2,104.0,5,104.5,8,2,2022-05-13 09:20:48
1652433652041948000,104.0,2,104.0,3,104.5,8,2,2022-05-13 09:20:52
1652433654703306000,104.5,3,104.0,2,104.5,5,1,2022-05-13 09:20:54
1652433658306011000,104.5,3,104.0,6,104.5,3,1,2022-05-13 09:20:58
1652433658874545000,104.5,2,104.0,4,104.5,1,1,2022-05-13 09:20:58
1652433660107336000,104.5,1,104.0,4,104.5,2,1,2022-05-13 09:21:00
1652433660785576000,104.5,1,104.0,4,104.5,2,1,2022-05-13 09:21:00
1652433661735736000,104.5,1,104.0,4,104.5,1,1,2022-05-13 09:21:01
1652433665767856000,104.5,2,104.0,5,104.5,1,1,2022-05-13 09:21:05
1652433681718712000,104.0,2,104.0,17,104.5,7,2,2022-05-13 09:21:21
1652433691938444000,104.5,3,104.0,17,104.5,4,1,2022-05-13 09:21:31
1652433696107595000,104.5,1,104.0,16,104.5,4,1,2022-05-13 09:21:36
1652433698555703000,104.5,1,104.0,16,104.5,3,1,2022-05-13 09:21:38
1652433700837613000,104.5,3,104.0,16,105.0,58,1,2022-05-13 09:21:40
1652433700837613000,105.0,12,104.0,16,105.0,58,1,2022-05-13 09:21:40
1652433701340404000,104.5,1,104.0,16,104.5,9,2,2022-05-13 09:21:41
1652433714431225000,104.5,6,104.0,15,104.5,4,1,2022-05-13 09:21:54
1652433718417013000,104.5,1,104.0,17,104.5,4,1,2022-05-13 09:21:58
1652433720352272000,104.5,1,104.0,17,104.5,3,1,2022-05-13 09:22:00
1652433722629619000,104.5,1,104.0,19,104.5,2,1,2022-05-13 09:22:02
1652433726456460000,104.5,1,104.0,19,105.0,59,1,2022-05-13 09:22:06
1652433727707220000,105.0,1,104.5,2,105.0,58,1,2022-05-13 09:22:07
1652433733125226000,105.0,1,104.5,2,105.0,57,1,2022-05-13 09:22:13
1652433733454346000,105.0,1,104.5,2,105.0,56,1,2022-05-13 09:22:13
1652433736385686000,104.5,1,104.5,1,105.0,56,2,2022-05-13 09:22:16
1652433737001365000,105.0,1,104.5,1,105.0,55,1,2022-05-13 09:22:17
1652433740800963000,105.0,1,104.5,1,105.0,56,1,2022-05-13 09:22:20
1652433747709646000,105.0,5,104.5,1,105.0,51,1,2022-05-13 09:22:27
1652433752942425000,105.0,1,104.5,3,105.0,51,1,2022-05-13 09:22:32
1652433754760373000,104.5,5,104.0,16,105.0,51,2,2022-05-13 09:22:34
1652433754760373000,104.0,5,104.0,16,105.0,51,2,2022-05-13 09:22:34
1652433768057855000,104.0,1,104.0,19,104.5,7,2,2022-05-13 09:22:48
1652433770611154000,104.0,1,104.0,18,104.5,7,2,2022-05-13 09:22:50
1652433784059968000,104.0,1,104.0,17,104.5,11,2,2022-05-13 09:23:04
1652433791245475000,104.0,3,104.0,13,104.5,11,2,2022-05-13 09:23:11
1652433792080219000,104.0,3,104.0,10,104.5,11,2,2022-05-13 09:23:12
1652433794363764000,104.0,10,103.5,17,104.5,11,2,2022-05-13 09:23:14
1652433815937381000,104.0,1,103.5,17,104.0,6,1,2022-05-13 09:23:35
1652433833679657000,103.5,1,103.5,16,104.0,7,2,2022-05-13 09:23:53
1652433863743835000,103.5,1,103.5,17,104.0,8,2,2022-05-13 09:24:23
1652433866932344000,104.0,4,103.5,17,104.0,4,1,2022-05-13 09:24:26
1652433876003960000,104.0,1,103.5,17,104.0,3,1,2022-05-13 09:24:36
1652433888140645000,104.0,1,103.5,17,104.0,3,1,2022-05-13 09:24:48
1652433895896008000,104.0,4,104.0,6,104.5,11,1,2022-05-13 09:24:55
1652433915596813000,104.5,1,104.0,9,104.5,10,1,2022-05-13 09:25:15
1652433917494945000,104.5,10,104.0,9,105.0,53,1,2022-05-13 09:25:17
1652433923828624000,105.0,50,104.5,3,105.0,3,1,2022-05-13 09:25:23
1652433923849988000,105.0,2,104.5,3,105.0,1,1,2022-05-13 09:25:23
1652433923880785000,105.0,1,104.5,3,105.5,22,1,2022-05-13 09:25:23
1652433939621099000,105.0,2,105.0,1,105.5,22,2,2022-05-13 09:25:39
1652433951056918000,105.0,1,105.0,3,105.5,22,2,2022-05-13 09:25:51
1652433959741065000,105.0,1,105.0,3,105.5,22,2,2022-05-13 09:25:59
1652433981066667000,105.0,1,105.0,2,105.5,22,2,2022-05-13 09:26:21
1652433985006268000,105.0,1,105.0,1,105.5,22,2,2022-05-13 09:26:25
1652433988175297000,105.0,1,104.5,15,105.5,22,2,2022-05-13 09:26:28
1652434001624370000,104.5,1,104.5,14,105.5,22,2,2022-05-13 09:26:41
1652434022050690000,104.5,1,104.5,15,105.0,11,2,2022-05-13 09:27:02
1652434022973453000,105.0,1,104.5,15,105.0,10,1,2022-05-13 09:27:02
1652434023881950000,104.5,7,104.5,8,105.0,10,2,2022-05-13 09:27:03
1652434031777584000,104.5,1,104.5,8,105.0,10,2,2022-05-13 09:27:11
1652434032291942000,104.5,5,104.5,3,105.0,10,2,2022-05-13 09:27:12
1652434035446250000,104.5,1,104.5,2,105.0,10,2,2022-05-13 09:27:15
1652434037041058000,104.5,1,104.5,1,105.0,10,2,2022-05-13 09:27:17
1652434041517094000,104.5,1,104.0,10,104.5,5,2,2022-05-13 09:27:21
1652434041762075000,104.5,1,104.0,10,104.5,4,1,2022-05-13 09:27:21
1652434041795052000,104.5,4,104.0,10,105.0,10,1,2022-05-13 09:27:21
1652434050530175000,104.5,4,104.5,7,105.0,10,2,2022-05-13 09:27:30
1652434056624466000,104.5,1,104.5,8,105.0,10,2,2022-05-13 09:27:36
1652434059531605000,104.5,3,104.5,6,105.0,10,2,2022-05-13 09:27:39
1652434078223086000,104.5,2,104.5,5,105.0,10,2,2022-05-13 09:27:58
1652434079960727000,104.5,2,104.5,3,105.0,10,2,2022-05-13 09:27:59
1652434079980340000,104.5,1,104.5,2,105.0,10,2,2022-05-13 09:27:59
1652434090156712000,104.5,2,104.0,11,105.0,10,2,2022-05-13 09:28:10
1652434092436502000,104.5,1,104.0,11,105.0,10,1,2022-05-13 09:28:12
1652434107626247000,104.5,1,104.0,11,104.5,4,1,2022-05-13 09:28:27
1652434148097796000,104.5,4,104.5,6,105.0,4,1,2022-05-13 09:29:08
1652434159939594000,105.0,1,104.5,6,105.0,3,1,2022-05-13 09:29:19
1652434162178175000,105.0,1,104.5,6,105.0,2,1,2022-05-13 09:29:22
1652434163153750000,105.0,1,104.5,6,105.0,1,1,2022-05-13 09:29:23
1652434163882961000,105.0,1,104.5,6,105.5,23,1,2022-05-13 09:29:23
1652434166265869000,105.0,2,105.0,1,105.5,23,1,2022-05-13 09:29:26
1652434187474811000,105.0,1,104.5,7,105.0,1,1,2022-05-13 09:29:47
1652434194138056000,105.0,1,104.5,6,105.0,2,1,2022-05-13 09:29:54
1652434218885399000,105.0,5,104.5,17,105.0,2,1,2022-05-13 09:30:18
1652434221654036000,105.0,1,104.5,17,105.0,1,1,2022-05-13 09:30:21
1652434222622077000,105.0,1,104.5,17,105.5,22,1,2022-05-13 09:30:22
1652434224126022000,105.5,1,104.5,17,105.5,21,1,2022-05-13 09:30:24
1652434232603289000,105.5,1,105.0,2,105.5,20,1,2022-05-13 09:30:32
1652434253770601000,105.5,1,105.0,7,105.5,20,1,2022-05-13 09:30:53
1652434260529754000,105.5,1,105.0,7,105.5,19,1,2022-05-13 09:31:00
1652434277653195000,105.5,1,105.0,7,105.5,19,1,2022-05-13 09:31:17
1652434284515882000,105.5,2,105.0,7,105.5,19,1,2022-05-13 09:31:24
1652434299568445000,105.5,3,105.0,11,105.5,15,1,2022-05-13 09:31:39
1652434304894472000,105.0,1,105.0,10,105.5,17,2,2022-05-13 09:31:44
1652434310780456000,105.0,2,105.0,8,105.5,17,2,2022-05-13 09:31:50
1652434311367831000,105.0,1,105.0,7,105.5,17,2,2022-05-13 09:31:51
1652434314529773000,105.0,1,105.0,2,105.5,17,2,2022-05-13 09:31:54
1652434314881300000,105.0,2,104.5,17,105.5,17,2,2022-05-13 09:31:54
1652434322184468000,105.0,1,104.5,17,105.5,17,1,2022-05-13 09:32:02
1652434464547130000,104.5,1,104.5,18,105.0,11,2,2022-05-13 09:34:24
1652434543246394000,104.5,1,104.5,18,105.0,11,2,2022-05-13 09:35:43
1652434587655061000,104.5,1,104.5,18,105.0,13,2,2022-05-13 09:36:27
1652434752889011000,104.5,2,104.5,15,105.0,9,2,2022-05-13 09:39:12
1652434793265851000,104.5,1,104.5,14,105.0,10,2,2022-05-13 09:39:53
1652434809423595000,104.5,1,104.5,13,105.0,10,2,2022-05-13 09:40:09
1652434831060574000,105.0,1,104.5,13,105.0,9,1,2022-05-13 09:40:31
1652434848378959000,104.5,2,104.5,11,105.0,14,2,2022-05-13 09:40:48
1652434889682777000,104.5,5,104.5,6,105.0,9,2,2022-05-13 09:41:29
1652434892466765000,104.5,1,104.5,5,105.0,9,2,2022-05-13 09:41:32
1652434896300128000,104.5,5,104.5,1,105.0,9,2,2022-05-13 09:41:36
1652434896326468000,104.5,1,104.0,14,105.0,9,2,2022-05-13 09:41:36
1652434899913444000,104.0,10,104.0,4,104.5,2,2,2022-05-13 09:41:39
1652434908789425000,104.5,1,104.0,4,104.5,2,1,2022-05-13 09:41:48
1652434909503393000,104.0,1,104.0,3,104.5,2,2,2022-05-13 09:41:49
1652434915260859000,104.0,1,104.0,2,104.5,2,2,2022-05-13 09:41:55
1652434921944606000,104.0,1,104.0,1,104.5,2,2,2022-05-13 09:42:01
1652434923652699000,104.0,1,103.5,36,104.5,2,2,2022-05-13 09:42:03
1652434953452079000,104.0,2,104.0,3,104.5,3,2,2022-05-13 09:42:33
1652434957558440000,104.0,1,104.0,2,104.5,3,2,2022-05-13 09:42:37
1652434964505566000,104.0,1,104.0,1,104.5,2,2,2022-05-13 09:42:44
1652434966192495000,104.0,1,103.5,36,104.0,2,2,2022-05-13 09:42:46
1652434966224321000,104.0,2,103.5,36,104.5,2,1,2022-05-13 09:42:46
1652434980262587000,104.0,1,103.5,36,104.0,3,1,2022-05-13 09:43:00
1652434987662922000,104.0,1,103.5,36,104.0,2,1,2022-05-13 09:43:07
1652434987681006000,104.0,2,103.5,36,104.5,2,1,2022-05-13 09:43:07
1652435134340467000,104.0,2,104.0,10,104.5,2,1,2022-05-13 09:45:34
1652435148270370000,104.0,2,104.0,8,104.5,2,2,2022-05-13 09:45:48
1652435342189529000,104.0,1,104.0,9,104.5,3,2,2022-05-13 09:49:02
1652435344633180000,104.5,1,104.0,9,104.5,2,1,2022-05-13 09:49:04
1652435359612339000,104.5,1,104.0,10,104.5,1,1,2022-05-13 09:49:19
1652435402592197000,104.5,1,104.0,11,104.5,2,1,2022-05-13 09:50:02
1652435525986905000,104.5,1,104.0,10,104.5,1,1,2022-05-13 09:52:05
1652435543695361000,104.5,1,104.0,10,105.0,16,1,2022-05-13 09:52:23
1652435662980463000,105.0,10,104.5,3,105.0,5,1,2022-05-13 09:54:22
1652435665701904000,105.0,3,104.5,3,105.0,2,1,2022-05-13 09:54:25
1652435670771263000,105.0,1,104.5,3,105.0,1,1,2022-05-13 09:54:30
1652435677069768000,105.0,1,104.5,14,105.5,19,1,2022-05-13 09:54:37
1652435718519573000,105.0,1,105.0,2,105.5,19,2,2022-05-13 09:55:18
1652435725700088000,105.5,3,105.0,2,105.5,16,1,2022-05-13 09:55:25
1652435726114262000,105.5,1,105.0,2,105.5,15,1,2022-05-13 09:55:26
1652435737545788000,105.5,1,105.0,3,105.5,14,1,2022-05-13 09:55:37
1652435738088339000,105.5,1,105.0,3,105.5,13,1,2022-05-13 09:55:38
1652435753349857000,105.5,1,105.0,4,105.5,12,1,2022-05-13 09:55:53
1652435775946257000,105.5,1,105.0,5,105.5,11,1,2022-05-13 09:56:15
1652435790174376000,105.5,1,105.0,5,105.5,10,1,2022-05-13 09:56:30
1652435800618321000,105.5,1,105.0,5,105.5,13,1,2022-05-13 09:56:40
1652435803506136000,105.5,1,105.0,5,105.5,12,1,2022-05-13 09:56:43
1652435805116293000,105.5,1,105.0,5,105.5,10,1,2022-05-13 09:56:45
1652435806022791000,105.5,1,105.0,5,105.5,9,1,2022-05-13 09:56:46
1652435809325819000,105.5,5,105.0,5,105.5,4,1,2022-05-13 09:56:49
1652435810010868000,105.5,1,105.0,5,105.5,3,1,2022-05-13 09:56:50
1652435814407318000,105.5,1,105.0,5,105.5,2,1,2022-05-13 09:56:54
1652435814542550000,105.5,2,105.0,5,106.0,19,1,2022-05-13 09:56:54
1652435835080961000,105.5,4,105.0,3,105.5,1,2,2022-05-13 09:57:15
1652435835910868000,105.5,1,105.0,3,106.0,9,1,2022-05-13 09:57:15
1652435835910868000,106.0,9,105.0,3,106.0,9,1,2022-05-13 09:57:15
1652435836250435000,106.0,1,105.0,3,106.0,8,1,2022-05-13 09:57:16
1652435837073997000,106.0,1,105.0,3,106.0,7,1,2022-05-13 09:57:17
1652435843745579000,106.0,8,106.0,1,106.5,17,1,2022-05-13 09:57:23
1652435844351556000,106.0,1,105.5,1,106.5,17,2,2022-05-13 09:57:24
1652435848678579000,106.0,5,106.0,6,106.5,16,2,2022-05-13 09:57:28
1652435855070974000,106.5,1,106.0,21,106.5,15,1,2022-05-13 09:57:35
1652435855110572000,106.5,1,106.0,21,106.5,14,1,2022-05-13 09:57:35
1652435855122040000,106.5,1,106.0,21,106.5,13,1,2022-05-13 09:57:35
1652435856170999000,106.5,3,106.0,18,106.5,10,1,2022-05-13 09:57:36
1652435857098498000,106.5,10,106.0,18,107.0,43,1,2022-05-13 09:57:37
1652435861173828000,106.5,1,106.5,8,107.0,41,2,2022-05-13 09:57:41
1652435864311216000,107.0,2,106.5,10,107.0,39,1,2022-05-13 09:57:44
1652435864342337000,107.0,1,106.5,10,107.0,38,1,2022-05-13 09:57:44
1652435864342443000,107.0,1,106.5,10,107.0,37,1,2022-05-13 09:57:44
1652435864343349000,107.0,1,106.5,10,107.0,36,1,2022-05-13 09:57:44
1652435864353517000,107.0,1,106.5,10,107.0,35,1,2022-05-13 09:57:44
1652435864360645000,107.0,1,106.5,10,107.0,34,1,2022-05-13 09:57:44
1652435864440571000,107.0,1,106.5,10,107.0,33,1,2022-05-13 09:57:44
1652435865180834000,107.0,1,106.5,10,107.0,32,1,2022-05-13 09:57:45
1652435866988522000,107.0,2,106.5,11,107.0,30,1,2022-05-13 09:57:46
1652435867303936000,106.5,1,106.5,10,107.0,30,2,2022-05-13 09:57:47
1652435867908317000,107.0,1,106.5,10,107.0,29,1,2022-05-13 09:57:47
1652435876758780000,107.0,11,106.5,9,107.0,19,1,2022-05-13 09:57:56
1652435877685503000,107.0,1,106.5,9,107.0,18,1,2022-05-13 09:57:57
1652435878071893000,107.0,1,106.5,9,107.0,17,1,2022-05-13 09:57:58
1652435879080990000,107.0,1,106.5,10,107.0,16,1,2022-05-13 09:57:59
1652435879349705000,107.0,1,106.5,10,107.0,16,1,2022-05-13 09:57:59
1652435879636810000,107.0,2,106.5,10,107.0,14,1,2022-05-13 09:57:59
1652435879640899000,106.5,3,106.5,7,107.0,14,2,2022-05-13 09:57:59
1652435881984163000,107.0,1,106.5,7,107.0,13,1,2022-05-13 09:58:01
1652435883511713000,107.0,1,106.5,7,107.0,12,1,2022-05-13 09:58:03
1652435886952753000,106.5,5,106.5,2,107.0,12,2,2022-05-13 09:58:06
1652435887019512000,107.0,2,106.5,2,107.0,10,1,2022-05-13 09:58:07
1652435888808426000,107.0,2,106.5,2,107.0,9,1,2022-05-13 09:58:08
1652435889477498000,106.5,1,106.5,1,107.0,10,2,2022-05-13 09:58:09
1652435890095086000,106.5,1,106.0,15,107.0,11,2,2022-05-13 09:58:10
1652435891827638000,106.5,1,106.0,15,106.5,1,2,2022-05-13 09:58:11
1652435898099046000,106.5,1,106.0,15,106.5,3,1,2022-05-13 09:58:18
1652435899758907000,106.5,1,106.0,15,106.5,3,1,2022-05-13 09:58:19
1652435901413763000,106.0,14,106.0,1,106.5,53,2,2022-05-13 09:58:21
1652435901447839000,106.0,1,105.5,1,106.5,53,2,2022-05-13 09:58:21
1652435901613442000,105.5,1,105.0,4,106.5,54,2,2022-05-13 09:58:21
1652435901644468000,106.0,1,105.0,4,106.5,54,1,2022-05-13 09:58:21
1652435902677642000,106.0,1,105.5,1,106.0,8,1,2022-05-13 09:58:22
1652435907200814000,106.0,1,105.5,1,106.0,6,1,2022-05-13 09:58:27
1652435920058152000,106.0,2,105.5,1,106.0,17,1,2022-05-13 09:58:40
1652435920076265000,105.5,1,105.0,4,106.0,17,2,2022-05-13 09:58:40
1652435925747132000,105.5,1,105.0,5,106.0,25,2,2022-05-13 09:58:45
1652435927738582000,106.0,2,105.5,2,106.0,22,1,2022-05-13 09:58:47
1652435928851429000,105.5,1,105.5,1,106.0,24,2,2022-05-13 09:58:48
1652435934777325000,105.5,1,105.0,7,106.0,24,2,2022-05-13 09:58:54
1652435946040405000,105.5,3,105.0,7,106.0,24,1,2022-05-13 09:59:06
1652435998867532000,106.0,10,105.5,12,106.0,4,1,2022-05-13 09:59:58
1652436008900470000,106.0,1,105.5,12,106.0,2,1,2022-05-13 10:00:08
1652436016671673000,106.0,2,106.0,43,106.5,59,1,2022-05-13 10:00:16
1652436020200755000,106.5,1,106.0,43,106.5,53,1,2022-05-13 10:00:20
1652436032310205000,106.5,1,106.0,43,106.5,52,1,2022-05-13 10:00:32
1652436032582932000,106.5,1,106.0,43,106.5,51,1,2022-05-13 10:00:32
1652436033648865000,106.5,10,106.0,43,106.5,41,1,2022-05-13 10:00:33
1652436034769807000,106.5,2,106.0,43,106.5,39,1,2022-05-13 10:00:34
1652436035155723000,106.5,14,106.0,43,106.5,25,1,2022-05-13 10:00:35
1652436035369512000,106.5,2,106.0,43,106.5,23,1,2022-05-13 10:00:35
1652436035393943000,106.5,1,106.0,43,106.5,22,1,2022-05-13 10:00:35
1652436035864932000,106.5,3,106.0,43,106.5,19,1,2022-05-13 10:00:35
1652436036198193000,106.5,2,106.0,43,106.5,17,1,2022-05-13 10:00:36
1652436037352157000,106.5,1,106.0,43,106.5,16,1,2022-05-13 10:00:37
1652436037812778000,106.5,10,106.0,44,106.5,6,1,2022-05-13 10:00:37
1652436037844975000,106.5,1,106.0,44,106.5,5,1,2022-05-13 10:00:37
1652436037987970000,106.5,3,106.0,44,106.5,2,1,2022-05-13 10:00:37
1652436037992066000,106.5,2,106.5,3,107.0,24,1,2022-05-13 10:00:37
1652436041275998000,106.5,1,106.5,4,107.0,23,2,2022-05-13 10:00:41
1652436045012513000,106.5,1,106.5,3,107.0,23,2,2022-05-13 10:00:45
1652436045092428000,106.5,1,106.5,2,107.0,23,2,2022-05-13 10:00:45
1652436048774244000,107.0,19,107.0,1,107.5,26,1,2022-05-13 10:00:48
1652436055808604000,107.0,4,106.5,32,107.0,1,2,2022-05-13 10:00:55
1652436056909002000,107.0,1,106.5,32,107.0,5,1,2022-05-13 10:00:56
1652436057152259000,107.0,1,106.5,32,107.0,4,1,2022-05-13 10:00:57
1652436058458685000,107.0,4,107.0,26,107.5,22,1,2022-05-13 10:00:58
1652436062306940000,107.0,1,107.0,27,107.5,22,2,2022-05-13 10:01:02
1652436063443260000,107.0,1,107.0,27,107.5,22,2,2022-05-13 10:01:03
1652436063651298000,107.0,1,107.0,26,107.5,22,2,2022-05-13 10:01:03
1652436066509308000,107.0,4,107.0,22,107.5,22,2,2022-05-13 10:01:06
1652436068375285000,107.0,1,107.0,51,107.5,22,2,2022-05-13 10:01:08
1652436068603911000,107.0,1,107.0,50,107.5,22,2,2022-05-13 10:01:08
1652436076757630000,107.5,3,107.0,33,107.5,20,1,2022-05-13 10:01:16
1652436076783888000,107.5,1,107.0,33,107.5,19,1,2022-05-13 10:01:16
1652436076786222000,107.5,1,107.0,33,107.5,18,1,2022-05-13 10:01:16
1652436076803762000,107.5,1,107.0,33,107.5,17,1,2022-05-13 10:01:16
1652436076803812000,107.5,1,107.0,33,107.5,16,1,2022-05-13 10:01:16
1652436076804123000,107.5,1,107.0,33,107.5,15,1,2022-05-13 10:01:16
1652436076812439000,107.5,1,107.0,33,107.5,14,1,2022-05-13 10:01:16
1652436076812632000,107.5,1,107.0,33,107.5,13,1,2022-05-13 10:01:16
1652436076818086000,107.5,1,107.0,33,107.5,12,1,2022-05-13 10:01:16
1652436076973520000,107.5,1,107.0,33,107.5,11,1,2022-05-13 10:01:16
1652436079204232000,107.5,10,107.0,33,107.5,1,1,2022-05-13 10:01:19
1652436080164826000,107.5,1,107.0,33,108.0,24,1,2022-05-13 10:01:20
1652436080438924000,108.0,1,107.5,2,108.0,23,1,2022-05-13 10:01:20
1652436080467924000,108.0,1,107.5,2,108.0,22,1,2022-05-13 10:01:20
1652436081538817000,107.5,1,107.5,8,108.0,22,2,2022-05-13 10:01:21
1652436085842855000,107.5,13,107.5,6,108.0,17,2,2022-05-13 10:01:25
1652436085999745000,108.0,2,107.5,6,108.0,15,1,2022-05-13 10:01:25
1652436088721275000,107.5,1,107.0,33,107.5,17,1,2022-05-13 10:01:28
1652436089283492000,107.5,2,107.0,33,107.5,16,1,2022-05-13 10:01:29
1652436089727681000,107.5,1,107.0,33,107.5,15,1,2022-05-13 10:01:29
1652436090158337000,107.5,1,107.0,2,107.5,14,1,2022-05-13 10:01:30
1652436090305871000,107.5,1,107.0,2,107.5,13,1,2022-05-13 10:01:30
1652436091176368000,107.0,1,107.0,1,107.5,14,2,2022-05-13 10:01:31
1652436091814816000,107.0,1,106.5,32,107.0,1,2,2022-05-13 10:01:31
1652436092905405000,107.0,1,106.5,32,107.5,14,1,2022-05-13 10:01:32
1652436093539669000,107.0,1,106.5,32,107.0,1,1,2022-05-13 10:01:33
1652436093996986000,107.0,1,106.5,32,107.5,15,1,2022-05-13 10:01:33
1652436097504304000,107.0,1,106.5,32,107.0,10,1,2022-05-13 10:01:37
1652436097709442000,107.0,1,106.5,2,107.0,10,1,2022-05-13 10:01:37
1652436099253015000,106.5,2,106.0,46,107.0,13,2,2022-05-13 10:01:39
1652436122378773000,106.5,2,106.0,5,106.5,11,1,2022-05-13 10:02:02
1652436152762747000,106.0,1,106.0,20,106.5,16,2,2022-05-13 10:02:32
1652436158488441000,106.0,1,106.0,19,106.5,16,2,2022-05-13 10:02:38
1652436160092251000,106.0,1,106.0,18,106.5,16,2,2022-05-13 10:02:40
1652436163196684000,106.0,1,106.0,17,106.5,16,2,2022-05-13 10:02:43
1652436165180590000,106.0,1,106.0,15,106.5,16,2,2022-05-13 10:02:45
1652436166045134000,106.0,1,106.0,14,106.5,16,2,2022-05-13 10:02:46
1652436184330472000,106.0,1,106.0,13,106.5,16,2,2022-05-13 10:03:04
1652436198543140000,106.0,1,106.0,15,106.5,16,2,2022-05-13 10:03:18
1652436220431630000,106.0,1,106.0,20,106.5,16,2,2022-05-13 10:03:40
1652436260419430000,106.0,3,106.0,14,106.5,17,2,2022-05-13 10:04:20
1652436268579416000,106.0,1,106.0,13,106.5,17,2,2022-05-13 10:04:28
1652436269815718000,106.0,3,106.0,10,106.5,17,2,2022-05-13 10:04:29
1652436270578294000,106.0,9,106.0,1,106.5,17,2,2022-05-13 10:04:30
1652436270608668000,106.0,1,105.5,12,106.5,17,2,2022-05-13 10:04:30
1652436271747098000,105.5,10,105.5,2,106.5,17,2,2022-05-13 10:04:31
1652436271808375000,105.5,1,105.5,1,106.5,17,2,2022-05-13 10:04:31
1652436291255139000,105.5,1,105.5,1,106.0,8,2,2022-05-13 10:04:51
1652436293918374000,105.5,1,105.5,1,106.0,8,2,2022-05-13 10:04:53
1652436313901717000,105.5,1,105.0,29,106.0,18,2,2022-05-13 10:05:13
1652436387922037000,105.0,1,105.0,28,105.5,3,2,2022-05-13 10:06:27
1652436391880000000,105.0,1,105.0,11,105.5,3,2,2022-05-13 10:06:31
1652436405939169000,105.0,1,105.0,10,105.5,4,2,2022-05-13 10:06:45
1652436417020386000,105.0,1,105.0,10,105.5,4,2,2022-05-13 10:06:57
1652436431671701000,105.0,1,105.0,8,105.5,5,2,2022-05-13 10:07:11
1652436431889052000,105.0,1,105.0,7,105.5,5,2,2022-05-13 10:07:11
1652436432180910000,105.0,1,105.0,6,105.5,5,2,2022-05-13 10:07:12
1652436442760316000,105.0,2,105.0,4,105.5,5,2,2022-05-13 10:07:22
1652436448462081000,105.0,2,105.0,3,105.5,5,2,2022-05-13 10:07:28
1652436455865289000,105.5,3,105.0,4,105.5,2,1,2022-05-13 10:07:35
1652436477453660000,105.5,1,105.0,3,106.0,14,2,2022-05-13 10:07:57
1652436517540804000,105.5,1,105.0,5,106.0,16,1,2022-05-13 10:08:37
1652436590110100000,105.5,1,105.5,10,106.0,15,2,2022-05-13 10:09:50
1652436642027067000,106.0,2,105.5,11,106.0,14,1,2022-05-13 10:10:42
1652436656285381000,106.0,2,105.5,11,106.0,12,1,2022-05-13 10:10:56
1652436664508706000,106.0,2,105.5,11,106.0,10,1,2022-05-13 10:11:04
1652436750489824000,106.0,1,105.5,16,106.0,9,1,2022-05-13 10:12:30
1652436791553703000,106.0,1,105.5,16,106.0,10,1,2022-05-13 10:13:11
1652436813229125000,106.0,1,105.5,16,106.0,11,1,2022-05-13 10:13:33
1652436853724955000,106.0,2,105.5,16,106.0,9,1,2022-05-13 10:14:13
1652436871018706000,106.0,1,105.5,16,106.0,9,1,2022-05-13 10:14:31
1652436901876500000,106.0,2,105.5,16,106.0,6,1,2022-05-13 10:15:01
1652436907593381000,106.0,1,105.5,16,106.0,5,1,2022-05-13 10:15:07
1652436908684871000,106.0,1,105.5,16,106.0,4,1,2022-05-13 10:15:08
1652436910221437000,106.0,1,105.5,16,106.0,3,1,2022-05-13 10:15:10
1652436911076864000,106.0,1,105.5,16,106.0,2,1,2022-05-13 10:15:11
1652436915475194000,106.0,1,105.5,15,106.0,1,1,2022-05-13 10:15:15
1652436978490531000,106.0,1,105.5,15,106.5,5,1,2022-05-13 10:16:18
1652436995255868000,106.0,1,105.5,13,106.5,5,1,2022-05-13 10:16:35
1652437010416349000,106.0,1,105.5,13,106.5,5,2,2022-05-13 10:16:50
1652437029766463000,106.5,1,105.5,13,106.5,4,1,2022-05-13 10:17:09
1652437037346331000,106.5,1,105.5,13,106.5,3,1,2022-05-13 10:17:17
1652437047409369000,106.5,1,105.5,13,106.5,3,1,2022-05-13 10:17:27
1652437054641455000,106.0,3,105.5,13,106.5,8,2,2022-05-13 10:17:34
1652437187464042000,106.0,3,106.0,7,106.5,18,1,2022-05-13 10:19:47
1652437230148760000,106.0,1,106.0,9,106.5,11,2,2022-05-13 10:20:30
1652437293411943000,106.5,1,106.0,9,106.5,10,1,2022-05-13 10:21:33
1652437314263531000,106.5,1,106.0,9,106.5,5,1,2022-05-13 10:21:54
1652437314263551000,106.5,1,106.0,9,106.5,4,1,2022-05-13 10:21:54
1652437314992799000,106.5,2,106.0,9,106.5,2,1,2022-05-13 10:21:54
1652437326969136000,106.5,2,106.0,10,107.0,23,1,2022-05-13 10:22:06
1652437346536189000,106.5,2,106.0,10,106.5,3,2,2022-05-13 10:22:26
1652437392086470000,106.5,1,106.0,10,106.5,4,1,2022-05-13 10:23:12
1652437402540617000,106.5,1,106.0,9,106.5,3,1,2022-05-13 10:23:22
1652437434544721000,106.5,1,106.0,10,106.5,2,1,2022-05-13 10:23:54
1652437441891493000,106.5,1,106.0,10,106.5,6,1,2022-05-13 10:24:01
1652437442633687000,106.0,1,106.0,9,106.5,6,2,2022-05-13 10:24:02
1652437504906340000,106.0,1,106.0,8,106.5,8,2,2022-05-13 10:25:04
1652437504931755000,106.0,2,106.0,6,106.5,8,2,2022-05-13 10:25:04
1652437508459990000,106.0,1,106.0,5,106.5,8,2,2022-05-13 10:25:08
1652437510923521000,106.0,2,106.0,3,106.5,8,2,2022-05-13 10:25:10
1652437512585112000,106.0,1,106.0,2,106.5,8,2,2022-05-13 10:25:12
1652437512808120000,106.0,2,105.5,12,106.5,8,2,2022-05-13 10:25:12
1652437528175155000,105.5,1,105.5,11,106.0,8,2,2022-05-13 10:25:28
1652437588910979000,105.5,5,105.5,7,106.0,6,2,2022-05-13 10:26:28
1652437590187107000,105.5,7,105.0,13,105.5,3,2,2022-05-13 10:26:30
1652437702875077000,105.5,2,105.0,21,105.5,2,1,2022-05-13 10:28:22
1652437704275426000,105.5,1,105.0,21,105.5,1,1,2022-05-13 10:28:24
1652437790610373000,105.5,1,105.0,29,105.5,1,2,2022-05-13 10:29:50
1652437852074072000,105.5,2,105.0,27,106.0,7,1,2022-05-13 10:30:52
1652438067601278000,105.5,2,105.5,20,106.0,3,2,2022-05-13 10:34:27
1652438089051394000,105.5,2,105.5,14,106.0,3,2,2022-05-13 10:34:49
1652438207049962000,105.5,1,105.5,15,106.0,7,2,2022-05-13 10:36:47
1652438207717253000,105.5,1,105.5,14,106.0,7,2,2022-05-13 10:36:47
1652438293336558000,105.5,1,105.5,13,106.0,7,2,2022-05-13 10:38:13
1652438480021515000,105.5,10,105.5,5,106.0,12,2,2022-05-13 10:41:20
1652438512254071000,105.5,2,105.5,3,106.0,12,2,2022-05-13 10:41:52
1652438515973731000,105.5,1,105.5,2,106.0,12,2,2022-05-13 10:41:55
1652438516005056000,105.5,1,105.5,1,106.0,12,2,2022-05-13 10:41:56
1652438532596252000,105.5,1,105.5,1,106.0,12,2,2022-05-13 10:42:12
1652438534877042000,105.5,1,105.0,21,106.0,12,2,2022-05-13 10:42:14
1652438682114660000,105.5,1,105.0,21,105.5,9,1,2022-05-13 10:44:42
1652438706029558000,105.0,1,105.0,19,105.5,9,2,2022-05-13 10:45:06
1652438713496364000,105.5,1,105.0,19,105.5,8,1,2022-05-13 10:45:13
1652438862254257000,105.0,1,105.0,19,105.5,10,2,2022-05-13 10:47:42
1652438903105709000,105.0,5,105.0,15,105.5,10,2,2022-05-13 10:48:23
1652438910774345000,105.0,1,105.0,14,105.5,10,2,2022-05-13 10:48:30
1652438975908691000,105.0,1,105.0,13,105.5,11,2,2022-05-13 10:49:35
1652438979100562000,105.0,5,105.0,9,105.5,6,2,2022-05-13 10:49:39
1652438980678452000,105.0,9,104.5,31,105.5,6,2,2022-05-13 10:49:40
1652439078771988000,104.5,10,104.5,22,105.0,16,2,2022-05-13 10:51:18
1652439086810756000,104.5,1,104.5,21,105.0,16,2,2022-05-13 10:51:26
1652439087511530000,104.5,4,104.5,17,105.0,16,2,2022-05-13 10:51:27
1652439090068507000,104.5,1,104.5,16,105.0,18,2,2022-05-13 10:51:30
1652439090246219000,104.5,1,104.5,15,105.0,18,2,2022-05-13 10:51:30
1652439091342549000,104.5,1,104.5,14,105.0,18,2,2022-05-13 10:51:31
1652439092475996000,104.5,2,104.5,12,105.0,18,2,2022-05-13 10:51:32
1652439096725721000,104.5,2,104.5,12,105.0,16,2,2022-05-13 10:51:36
1652439105555063000,104.5,4,104.5,8,105.0,11,2,2022-05-13 10:51:45
1652439107801408000,104.5,1,104.5,7,105.0,10,2,2022-05-13 10:51:47
1652439116009643000,104.5,6,104.0,41,104.5,4,2,2022-05-13 10:51:56
1652439135497180000,104.0,1,104.0,40,104.5,7,2,2022-05-13 10:52:15
1652439143716928000,104.0,1,104.0,39,104.5,9,2,2022-05-13 10:52:23
1652439145833304000,104.0,2,104.0,37,104.5,7,2,2022-05-13 10:52:25
1652439148118723000,104.0,35,104.0,2,104.5,7,2,2022-05-13 10:52:28
1652439151093530000,104.0,1,104.0,1,104.5,8,2,2022-05-13 10:52:31
1652439151269709000,104.0,1,103.5,23,104.5,7,2,2022-05-13 10:52:31
1652439170628275000,103.5,1,103.5,22,104.0,8,2,2022-05-13 10:52:50
1652439174680274000,103.5,5,103.5,17,104.0,9,2,2022-05-13 10:52:54
1652439186246426000,103.5,2,103.5,12,104.0,9,2,2022-05-13 10:53:06
1652439187221390000,104.0,5,103.5,12,104.0,4,1,2022-05-13 10:53:07
1652439188217611000,104.0,4,104.0,1,105.0,8,1,2022-05-13 10:53:08
1652439202021162000,104.0,1,104.0,53,105.0,24,2,2022-05-13 10:53:22
1652439232670943000,104.5,1,104.0,55,105.0,24,2,2022-05-13 10:53:52
1652439250526962000,104.5,1,104.0,55,104.5,4,1,2022-05-13 10:54:10
1652439300405593000,104.0,1,104.0,53,104.5,8,2,2022-05-13 10:55:00
1652439330386878000,104.0,5,104.0,48,104.5,8,2,2022-05-13 10:55:30
1652439408780078000,104.5,1,104.0,49,104.5,8,1,2022-05-13 10:56:48
1652439439111583000,104.5,1,104.0,49,104.5,6,1,2022-05-13 10:57:19
1652439442200137000,104.5,1,104.0,49,104.5,5,1,2022-05-13 10:57:22
1652439444703818000,104.5,2,104.0,49,104.5,3,1,2022-05-13 10:57:24
1652439572840647000,104.0,1,104.0,49,104.5,8,2,2022-05-13 10:59:32
1652439578270681000,104.0,1,104.0,48,104.5,8,2,2022-05-13 10:59:38
1652439629661173000,104.0,1,104.0,47,104.5,10,2,2022-05-13 11:00:29
1652439631801586000,104.0,1,104.0,46,104.5,10,2,2022-05-13 11:00:31
1652439643691915000,104.0,1,104.0,45,104.5,12,2,2022-05-13 11:00:43
1652439676885844000,104.0,1,104.0,44,104.5,12,2,2022-05-13 11:01:16
1652439697332260000,104.0,1,104.0,43,104.5,13,2,2022-05-13 11:01:37
1652439720260257000,104.5,3,104.0,43,104.5,10,1,2022-05-13 11:02:00
1652439754161460000,104.5,1,104.0,43,104.5,8,1,2022-05-13 11:02:34
1652439765351600000,104.5,3,104.0,43,104.5,5,1,2022-05-13 11:02:45
1652439819519942000,104.5,1,104.0,43,104.5,5,1,2022-05-13 11:03:39
1652439894588681000,104.5,1,104.0,44,104.5,5,1,2022-05-13 11:04:54
1652439925249321000,104.5,2,104.0,44,104.5,3,1,2022-05-13 11:05:25
1652439930908674000,104.5,1,104.0,44,104.5,2,1,2022-05-13 11:05:30
1652439935257866000,104.5,1,104.0,44,104.5,1,1,2022-05-13 11:05:35
1652439965461830000,104.5,1,104.0,44,105.0,21,1,2022-05-13 11:06:05
1652439970617935000,105.0,1,104.0,44,105.0,20,1,2022-05-13 11:06:10
1652440126690501000,104.5,2,103.5,18,104.0,5,2,2022-05-13 11:08:46
1652440126690501000,104.0,43,103.5,18,104.0,5,2,2022-05-13 11:08:46
1652440144507684000,104.0,5,103.5,18,105.0,20,1,2022-05-13 11:09:04
1652440152166773000,104.0,1,103.5,18,105.0,20,2,2022-05-13 11:09:12
1652440176326851000,104.0,1,104.0,1,104.5,9,2,2022-05-13 11:09:36
1652440225881757000,104.5,1,104.0,1,104.5,9,1,2022-05-13 11:10:25
1652440350665601000,104.0,1,104.0,4,104.5,9,2,2022-05-13 11:12:30
1652440432504574000,104.0,1,104.0,6,104.5,9,2,2022-05-13 11:13:52
1652440548069516000,104.0,1,104.0,5,104.5,9,2,2022-05-13 11:15:48
1652440556336960000,104.0,1,104.0,4,104.5,9,2,2022-05-13 11:15:56
1652440816730963000,104.5,1,104.0,56,104.5,7,1,2022-05-13 11:20:16
1652440836773279000,104.5,7,104.5,7,105.0,21,1,2022-05-13 11:20:36
1652440871383661000,105.0,2,104.5,8,105.0,5,1,2022-05-13 11:21:11
1652440879208117000,105.0,1,104.5,8,105.0,4,1,2022-05-13 11:21:19
1652440881535539000,105.0,1,104.5,8,105.0,3,1,2022-05-13 11:21:21
1652440881566830000,105.0,1,104.5,8,105.0,2,1,2022-05-13 11:21:21
1652440884208309000,105.0,1,104.5,8,105.0,1,1,2022-05-13 11:21:24
1652440884232638000,105.0,1,104.5,8,105.5,13,1,2022-05-13 11:21:24
1652440923000975000,105.5,1,105.0,3,105.5,10,1,2022-05-13 11:22:03
1652440923180058000,105.5,5,105.0,3,105.5,5,1,2022-05-13 11:22:03
1652440926865434000,105.5,3,104.5,9,105.5,2,1,2022-05-13 11:22:06
1652440931158753000,105.5,1,104.5,9,105.5,1,1,2022-05-13 11:22:11
1652440934818321000,105.5,1,104.5,9,106.0,28,1,2022-05-13 11:22:14
1652440961444934000,105.5,1,105.0,9,105.5,5,1,2022-05-13 11:22:41
1652441001145500000,105.5,1,105.0,7,105.5,4,1,2022-05-13 11:23:21
1652441069233333000,105.5,1,105.0,7,105.5,3,1,2022-05-13 11:24:29
1652441117402893000,105.5,3,105.0,7,106.0,26,1,2022-05-13 11:25:17
1652441156980597000,105.0,9,104.5,26,105.0,21,2,2022-05-13 11:25:56
1652441184691505000,104.5,21,104.5,5,105.5,1,2,2022-05-13 11:26:24
1652441186798075000,105.5,1,104.5,5,106.0,20,1,2022-05-13 11:26:26
1652441201025353000,105.5,3,104.5,35,105.5,5,1,2022-05-13 11:26:41
1652441224455982000,105.5,1,105.0,1,105.5,4,1,2022-05-13 11:27:04
1652441231699445000,105.5,1,105.0,1,105.5,3,1,2022-05-13 11:27:11
1652441802280815000,104.5,1,104.5,35,105.5,11,2,2022-05-13 11:36:42
1652441812641996000,105.0,1,104.5,35,105.5,10,2,2022-05-13 11:36:52
1652441904884607000,105.0,1,105.0,4,105.5,10,1,2022-05-13 11:38:24
1652441940487848000,105.0,2,105.0,2,105.5,12,2,2022-05-13 11:39:00
1652441956378610000,105.0,1,105.0,1,105.5,12,2,2022-05-13 11:39:16
1652441963781455000,105.0,1,104.5,37,105.5,12,2,2022-05-13 11:39:23
1652442052901152000,105.0,1,105.0,2,105.5,10,2,2022-05-13 11:40:52
1652442136058962000,105.0,1,105.0,1,105.5,10,2,2022-05-13 11:42:16
1652442244707557000,105.0,1,104.5,37,105.5,10,2,2022-05-13 11:44:04
1652442454103844000,105.0,1,105.0,19,105.5,9,2,2022-05-13 11:47:34
1652442477602742000,105.0,1,105.0,18,105.5,8,2,2022-05-13 11:47:57
1652442514409556000,105.5,4,105.0,30,105.5,4,1,2022-05-13 11:48:34
1652442524265799000,105.5,4,105.0,30,106.0,30,1,2022-05-13 11:48:44
1652442545213998000,105.5,1,105.0,30,106.0,30,2,2022-05-13 11:49:05
1652442575953771000,105.5,1,105.0,30,105.5,4,1,2022-05-13 11:49:35
1652442629264926000,105.5,7,105.5,11,106.0,30,1,2022-05-13 11:50:29
1652442629711157000,105.5,10,105.5,1,106.0,30,2,2022-05-13 11:50:29
1652442686075846000,105.5,1,105.0,16,106.0,31,1,2022-05-13 11:51:26
1652442759680653000,105.5,2,105.0,16,106.0,30,1,2022-05-13 11:52:39
1652442824177448000,106.0,10,105.5,3,106.0,20,1,2022-05-13 11:53:44
1652442824178088000,106.0,10,105.5,3,106.0,10,1,2022-05-13 11:53:44
1652442844723788000,106.0,1,105.5,4,106.0,9,1,2022-05-13 11:54:04
1652442852311869000,106.0,1,105.5,6,106.0,8,1,2022-05-13 11:54:12
1652442920260279000,106.0,1,105.5,20,106.0,7,1,2022-05-13 11:55:20
1652442922911873000,106.0,2,105.5,20,106.0,5,1,2022-05-13 11:55:22
1652442923623505000,106.0,2,105.5,20,106.0,3,1,2022-05-13 11:55:23
1652442925002654000,106.0,1,105.5,20,106.0,2,1,2022-05-13 11:55:25
1652442925246311000,106.0,1,105.5,20,106.0,1,1,2022-05-13 11:55:25
1652442925275584000,106.0,1,105.5,20,106.5,18,1,2022-05-13 11:55:25
1652442927039156000,106.5,1,106.0,1,106.5,17,1,2022-05-13 11:55:27
1652442927104613000,106.5,1,106.0,1,106.5,16,1,2022-05-13 11:55:27
1652442940808125000,106.5,1,106.0,1,106.5,16,1,2022-05-13 11:55:40
1652442984974608000,106.5,1,106.0,1,106.5,15,1,2022-05-13 11:56:24
1652442987884839000,106.5,1,106.0,1,106.5,14,1,2022-05-13 11:56:27
1652443055982115000,106.0,1,106.0,7,106.5,15,2,2022-05-13 11:57:35
1652443095509370000,106.0,1,106.0,6,106.5,14,2,2022-05-13 11:58:15
1652443100176577000,106.0,6,105.5,27,106.5,14,2,2022-05-13 11:58:20
1652443119604031000,106.5,1,105.5,27,106.5,20,1,2022-05-13 11:58:39
1652443188230763000,106.0,5,106.0,6,106.5,16,2,2022-05-13 11:59:48
1652443210310784000,106.0,1,106.0,7,106.5,18,2,2022-05-13 12:00:10
1652443211532204000,106.0,1,106.0,6,106.5,18,2,2022-05-13 12:00:11
1652443211847693000,106.0,1,106.0,5,106.5,18,2,2022-05-13 12:00:11
1652443215190897000,106.0,2,106.0,3,106.5,18,2,2022-05-13 12:00:15
1652443220524603000,106.0,1,106.0,2,106.5,17,2,2022-05-13 12:00:20
1652443238139773000,106.0,1,106.0,1,106.5,17,2,2022-05-13 12:00:38
1652443239377410000,106.0,1,105.5,27,106.5,17,2,2022-05-13 12:00:39
1652443287057465000,106.0,1,106.0,1,106.5,17,2,2022-05-13 12:01:27
1652443292500581000,106.0,1,105.5,27,106.5,17,2,2022-05-13 12:01:32
1652443365048105000,105.5,1,105.5,26,106.0,5,2,2022-05-13 12:02:45
1652443379741011000,106.0,1,105.5,26,106.0,4,1,2022-05-13 12:02:59
1652443628889136000,106.0,1,105.5,25,106.0,5,1,2022-05-13 12:07:08
1652443700130569000,106.0,3,105.5,25,106.0,4,1,2022-05-13 12:08:20
1652443702086966000,106.0,4,106.0,6,106.5,19,1,2022-05-13 12:08:22
1652443704767575000,106.0,5,106.0,1,106.5,19,2,2022-05-13 12:08:24
1652443704795863000,106.0,1,105.5,25,106.5,19,2,2022-05-13 12:08:24
1652443789335722000,106.0,1,105.5,25,106.5,23,1,2022-05-13 12:09:49
1652443928783954000,106.0,1,105.5,25,106.5,25,2,2022-05-13 12:12:08
1652444019693694000,106.5,1,106.0,1,106.5,26,1,2022-05-13 12:13:39
1652444066717538000,106.5,1,106.0,1,106.5,23,1,2022-05-13 12:14:26
1652444130639145000,106.5,1,106.0,101,106.5,24,1,2022-05-13 12:15:30
1652444133023673000,106.5,8,106.0,101,106.5,16,1,2022-05-13 12:15:33
1652444137589913000,106.5,1,106.0,101,106.5,15,1,2022-05-13 12:15:37
1652444137631033000,106.5,1,106.0,101,106.5,14,1,2022-05-13 12:15:37
1652444137650480000,106.5,2,106.0,101,106.5,12,1,2022-05-13 12:15:37
1652444139535416000,106.5,1,106.0,101,106.5,11,1,2022-05-13 12:15:39
1652444148957308000,106.5,10,106.5,10,107.0,40,1,2022-05-13 12:15:48
1652444151349348000,107.0,2,106.5,10,107.0,38,1,2022-05-13 12:15:51
1652444151372544000,107.0,1,106.5,10,107.0,37,1,2022-05-13 12:15:51
1652444151372560000,107.0,1,106.5,10,107.0,36,1,2022-05-13 12:15:51
1652444151372564000,107.0,1,106.5,10,107.0,35,1,2022-05-13 12:15:51
1652444160424712000,107.0,1,106.5,15,107.0,34,1,2022-05-13 12:16:00
1652444200357868000,107.0,2,106.5,19,107.0,31,1,2022-05-13 12:16:40
1652444200555781000,107.0,1,106.5,19,107.0,30,1,2022-05-13 12:16:40
1652444209421508000,107.0,1,106.5,19,107.0,22,1,2022-05-13 12:16:49
1652444226313142000,106.5,1,106.5,18,107.0,25,2,2022-05-13 12:17:06
1652444234976059000,106.5,1,106.5,17,107.0,26,2,2022-05-13 12:17:14
1652444249363619000,107.0,1,106.5,17,107.0,26,1,2022-05-13 12:17:29
1652444300681372000,107.0,1,106.5,19,107.0,26,1,2022-05-13 12:18:20
1652444315501661000,107.0,2,106.5,19,107.0,24,1,2022-05-13 12:18:35
1652444324489684000,107.0,1,106.5,19,107.0,23,1,2022-05-13 12:18:44
1652444349224087000,107.0,1,106.5,18,107.0,24,1,2022-05-13 12:19:09
1652444355911222000,106.5,1,106.5,13,107.0,24,2,2022-05-13 12:19:15
1652444374055618000,106.5,9,106.5,3,107.0,24,2,2022-05-13 12:19:34
1652444380443726000,106.5,2,106.5,1,107.0,25,2,2022-05-13 12:19:40
1652444382600663000,106.5,1,106.0,106,107.0,25,2,2022-05-13 12:19:42
1652444396812907000,106.5,1,106.0,106,107.0,26,1,2022-05-13 12:19:56
1652444441265949000,106.5,1,106.5,2,107.0,26,2,2022-05-13 12:20:41
1652444452916616000,106.5,2,106.0,103,107.0,24,2,2022-05-13 12:20:52
1652444493875621000,106.5,7,106.5,3,107.0,24,1,2022-05-13 12:21:33
1652444561853479000,106.5,1,106.5,4,107.0,23,2,2022-05-13 12:22:41
1652444566409475000,106.5,2,106.5,2,107.0,23,2,2022-05-13 12:22:46
1652444652783959000,106.5,1,106.5,1,107.0,21,2,2022-05-13 12:24:12
1652444780755324000,106.5,2,106.5,4,107.0,25,2,2022-05-13 12:26:20
1652444979619368000,106.5,1,106.5,3,107.0,26,2,2022-05-13 12:29:39
1652445007258568000,106.5,3,106.0,110,106.5,1,2,2022-05-13 12:30:07
1652445018754121000,106.5,1,106.0,110,106.5,1,1,2022-05-13 12:30:18
1652445027034614000,106.5,1,106.5,4,107.0,26,1,2022-05-13 12:30:27
1652445033659044000,106.5,2,106.5,2,107.0,25,2,2022-05-13 12:30:33
1652445038737656000,106.5,1,106.5,1,107.0,25,2,2022-05-13 12:30:38
1652445122385535000,106.5,1,106.5,3,107.0,25,2,2022-05-13 12:32:02
1652445136950285000,107.0,1,106.5,3,107.0,24,1,2022-05-13 12:32:16
1652445141643425000,106.5,3,106.0,110,107.0,24,2,2022-05-13 12:32:21
1652445168446052000,107.0,5,106.0,110,107.0,19,1,2022-05-13 12:32:48
1652445175642291000,107.0,5,106.5,1,107.0,14,1,2022-05-13 12:32:55
1652445178237886000,107.0,1,106.5,2,107.0,13,1,2022-05-13 12:32:58
1652445179341522000,107.0,9,106.5,2,107.0,4,1,2022-05-13 12:32:59
1652445179374328000,107.0,2,106.5,2,107.0,2,1,2022-05-13 12:32:59
1652445179374486000,107.0,2,106.5,2,107.5,25,1,2022-05-13 12:32:59
1652445181971755000,107.5,1,107.0,17,107.5,24,1,2022-05-13 12:33:01
1652445189825971000,107.5,19,107.0,19,107.5,5,1,2022-05-13 12:33:09
1652445190579490000,107.5,3,107.0,19,107.5,2,1,2022-05-13 12:33:10
1652445190668368000,107.5,1,107.0,18,107.5,1,1,2022-05-13 12:33:10
1652445191529405000,107.5,1,107.0,18,108.0,20,1,2022-05-13 12:33:11
1652445192930362000,107.5,1,107.5,27,108.0,20,2,2022-05-13 12:33:12
1652445194716060000,108.0,1,107.5,18,108.0,19,1,2022-05-13 12:33:14
1652445195383536000,108.0,10,107.5,18,108.0,9,1,2022-05-13 12:33:15
1652445196376120000,108.0,1,107.5,18,108.0,8,1,2022-05-13 12:33:16
1652445196398657000,108.0,1,107.5,18,108.0,7,1,2022-05-13 12:33:16
1652445197134240000,108.0,3,107.5,18,108.0,4,1,2022-05-13 12:33:17
1652445198045662000,108.0,1,107.5,18,108.0,3,1,2022-05-13 12:33:18
1652445198450451000,108.0,1,107.5,18,108.0,2,1,2022-05-13 12:33:18
1652445200736685000,108.0,1,107.5,17,108.0,2,1,2022-05-13 12:33:20
1652445202957837000,108.0,1,107.5,19,108.0,2,1,2022-05-13 12:33:22
1652445203290882000,108.0,1,107.5,17,108.0,1,1,2022-05-13 12:33:23
1652445203485331000,108.0,1,107.5,17,108.5,35,1,2022-05-13 12:33:23
1652445212478316000,108.5,1,108.0,10,108.5,34,1,2022-05-13 12:33:32
1652445212518958000,108.5,1,108.0,10,108.5,33,1,2022-05-13 12:33:32
1652445212539172000,108.5,1,108.0,10,108.5,32,1,2022-05-13 12:33:32
1652445212539369000,108.5,1,108.0,10,108.5,31,1,2022-05-13 12:33:32
1652445218769000000,108.5,2,108.0,10,108.5,30,1,2022-05-13 12:33:38
1652445223222896000,108.5,1,108.0,10,108.5,29,1,2022-05-13 12:33:43
1652445224679773000,108.5,1,108.0,10,108.5,28,1,2022-05-13 12:33:44
1652445229916424000,108.5,3,108.0,9,108.5,25,1,2022-05-13 12:33:49
1652445232284482000,108.5,1,108.0,9,108.5,24,1,2022-05-13 12:33:52
1652445236101324000,108.5,5,108.0,9,108.5,19,1,2022-05-13 12:33:56
1652445237897226000,108.5,5,108.0,9,108.5,15,1,2022-05-13 12:33:57
1652445238735638000,108.5,1,108.0,9,108.5,14,1,2022-05-13 12:33:58
1652445240844784000,108.5,1,108.0,9,108.5,13,1,2022-05-13 12:34:00
1652445241360903000,108.5,1,108.0,9,108.5,12,1,2022-05-13 12:34:01
1652445243071495000,108.5,1,108.0,10,108.5,11,1,2022-05-13 12:34:03
1652445245435924000,108.5,1,108.0,5,108.5,10,1,2022-05-13 12:34:05
1652445248293059000,108.0,1,108.0,4,108.5,13,2,2022-05-13 12:34:08
1652445249722918000,108.0,1,108.0,2,108.5,13,2,2022-05-13 12:34:09
1652445249841955000,108.0,2,107.5,13,108.0,1,2,2022-05-13 12:34:09
1652445251730673000,108.0,1,107.5,13,108.0,1,1,2022-05-13 12:34:11
1652445261106869000,108.0,1,107.5,3,108.0,3,1,2022-05-13 12:34:21
1652445263957691000,108.0,1,107.5,3,108.0,2,1,2022-05-13 12:34:23
1652445269093394000,107.5,4,107.0,12,107.5,6,2,2022-05-13 12:34:29
1652445333603417000,107.5,2,107.0,8,107.5,10,1,2022-05-13 12:35:33
1652445354990836000,107.5,5,107.0,8,107.5,7,1,2022-05-13 12:35:54
1652445357387755000,107.0,2,107.0,6,107.5,7,2,2022-05-13 12:35:57
1652445423564305000,107.5,5,107.0,12,107.5,5,1,2022-05-13 12:37:03
1652445423594274000,107.5,1,107.0,12,107.5,4,1,2022-05-13 12:37:03
1652445425792687000,107.5,1,107.0,12,107.5,2,1,2022-05-13 12:37:05
1652445428819056000,107.5,2,107.5,3,108.0,32,1,2022-05-13 12:37:08
1652445491076983000,107.5,2,107.5,11,108.0,33,2,2022-05-13 12:38:11
1652445506278336000,107.5,1,107.5,11,108.0,33,2,2022-05-13 12:38:26
1652445523798107000,107.5,2,107.5,8,108.0,34,2,2022-05-13 12:38:43
1652445526099591000,107.5,1,107.5,7,108.0,34,2,2022-05-13 12:38:46
1652445529116537000,107.5,1,107.5,6,108.0,34,2,2022-05-13 12:38:49
1652445529375422000,107.5,1,107.5,5,108.0,34,2,2022-05-13 12:38:49
1652445530320807000,107.5,1,107.5,4,108.0,34,2,2022-05-13 12:38:50
1652445535311037000,107.5,1,107.5,3,108.0,34,2,2022-05-13 12:38:55
1652445545519821000,107.5,2,107.5,1,108.0,34,2,2022-05-13 12:39:05
1652445548935394000,107.5,1,107.0,14,108.0,34,2,2022-05-13 12:39:08
1652445587385458000,107.5,1,107.0,14,108.0,31,1,2022-05-13 12:39:47
1652445634370008000,107.5,4,107.5,39,108.0,32,2,2022-05-13 12:40:34
1652445647951121000,108.0,5,107.5,39,108.0,27,1,2022-05-13 12:40:47
1652445649389664000,108.0,10,107.5,39,108.0,17,1,2022-05-13 12:40:49
1652445649416773000,108.0,1,107.5,39,108.0,16,1,2022-05-13 12:40:49
1652445649890417000,108.0,1,107.5,39,108.0,15,1,2022-05-13 12:40:49
1652445649918751000,108.0,1,107.5,39,108.0,14,1,2022-05-13 12:40:49
1652445649918794000,108.0,1,107.5,39,108.0,13,1,2022-05-13 12:40:49
1652445649918810000,108.0,1,107.5,39,108.0,12,1,2022-05-13 12:40:49
1652445649918813000,108.0,1,107.5,39,108.0,11,1,2022-05-13 12:40:49
1652445650140056000,108.0,4,107.5,39,108.0,7,1,2022-05-13 12:40:50
1652445651110690000,108.0,4,107.5,39,108.0,3,1,2022-05-13 12:40:51
1652445651522097000,108.0,2,107.5,39,108.0,1,1,2022-05-13 12:40:51
1652445651775425000,108.0,1,107.5,39,108.5,42,1,2022-05-13 12:40:51
1652445664444298000,108.0,1,108.0,5,108.5,40,2,2022-05-13 12:41:04
1652445667902241000,108.0,1,108.0,3,108.5,40,2,2022-05-13 12:41:07
1652445670623391000,108.0,1,108.0,2,108.5,41,2,2022-05-13 12:41:10
1652445678640808000,108.0,1,108.0,1,108.5,41,2,2022-05-13 12:41:18
1652445681389235000,108.0,1,107.5,1,108.5,41,2,2022-05-13 12:41:21
1652445700272629000,108.0,1,107.5,3,108.0,8,1,2022-05-13 12:41:40
1652445703810984000,108.0,1,107.5,3,108.0,7,1,2022-05-13 12:41:43
1652445707158804000,108.0,1,107.5,3,108.0,6,1,2022-05-13 12:41:47
1652445709201975000,108.0,2,107.5,3,108.0,4,1,2022-05-13 12:41:49
1652445712436562000,108.0,5,107.5,3,108.5,36,1,2022-05-13 12:41:52
1652445712436562000,108.5,5,107.5,3,108.5,36,1,2022-05-13 12:41:52
1652445734632265000,108.5,1,108.0,10,108.5,34,1,2022-05-13 12:42:14
1652445737224393000,108.5,5,108.0,10,108.5,29,1,2022-05-13 12:42:17
1652445738536583000,108.5,1,108.0,10,108.5,28,1,2022-05-13 12:42:18
1652445739467389000,108.5,3,108.0,10,108.5,25,1,2022-05-13 12:42:19
1652445739542395000,108.5,1,108.0,10,108.5,24,1,2022-05-13 12:42:19
1652445739864971000,108.5,3,108.0,10,108.5,21,1,2022-05-13 12:42:19
1652445740114163000,108.5,5,108.0,10,108.5,16,1,2022-05-13 12:42:20
1652445740136981000,108.5,1,108.0,10,108.5,15,1,2022-05-13 12:42:20
1652445740137020000,108.5,1,108.0,10,108.5,14,1,2022-05-13 12:42:20
1652445740137036000,108.5,1,108.0,10,108.5,13,1,2022-05-13 12:42:20
1652445740137052000,108.5,1,108.0,10,108.5,12,1,2022-05-13 12:42:20
1652445740476438000,108.5,2,108.0,10,108.5,10,1,2022-05-13 12:42:20
1652445740817610000,108.5,1,108.0,10,108.5,9,1,2022-05-13 12:42:20
1652445741658377000,108.5,1,108.0,10,108.5,8,1,2022-05-13 12:42:21
1652445741790564000,108.5,1,108.0,10,108.5,7,1,2022-05-13 12:42:21
1652445742092933000,108.5,3,108.0,10,108.5,4,1,2022-05-13 12:42:22
1652445742120398000,108.5,1,108.0,10,108.5,3,1,2022-05-13 12:42:22
1652445742590697000,108.5,1,108.0,10,108.5,2,1,2022-05-13 12:42:22
1652445742848745000,108.5,2,108.0,10,109.0,32,1,2022-05-13 12:42:22
1652445745103075000,108.5,1,108.5,2,109.0,32,2,2022-05-13 12:42:25
1652445755465877000,108.5,1,108.5,4,109.0,32,2,2022-05-13 12:42:35
1652445757174649000,108.5,1,108.5,3,109.0,32,2,2022-05-13 12:42:37
1652445757735592000,108.5,3,108.0,6,108.5,1,2,2022-05-13 12:42:37
1652445767646754000,108.5,1,108.0,5,108.5,4,1,2022-05-13 12:42:47
1652445784994540000,109.0,5,108.5,2,109.0,34,1,2022-05-13 12:43:04
1652445785533102000,108.5,1,108.5,2,109.0,34,2,2022-05-13 12:43:05
1652445798436028000,108.5,1,108.5,4,109.0,34,2,2022-05-13 12:43:18
1652445802558532000,108.5,1,108.5,24,109.0,34,2,2022-05-13 12:43:22
1652445805888444000,108.5,1,108.5,24,109.0,33,2,2022-05-13 12:43:25
1652445807171262000,109.0,1,108.5,26,109.0,32,1,2022-05-13 12:43:27
1652445809409154000,109.0,1,108.5,25,109.0,31,1,2022-05-13 12:43:29
1652445819752926000,109.0,6,108.5,25,109.0,25,1,2022-05-13 12:43:39
1652445821721891000,109.0,1,108.5,25,109.0,23,1,2022-05-13 12:43:41
1652445821721918000,109.0,1,108.5,25,109.0,22,1,2022-05-13 12:43:41
1652445823129762000,109.0,1,108.5,25,109.0,21,1,2022-05-13 12:43:43
1652445824642906000,109.0,1,108.5,25,109.0,20,1,2022-05-13 12:43:44
1652445826596628000,109.0,1,108.5,26,109.0,19,1,2022-05-13 12:43:46
1652445827356823000,109.0,2,108.5,26,109.0,17,1,2022-05-13 12:43:47
1652445827769672000,109.0,1,108.5,26,109.0,16,1,2022-05-13 12:43:47
1652445827993674000,109.0,3,108.5,26,109.0,13,1,2022-05-13 12:43:47
1652445829012344000,109.0,1,108.5,26,109.0,12,1,2022-05-13 12:43:49
1652445829033625000,109.0,1,108.5,26,109.0,11,1,2022-05-13 12:43:49
1652445830178624000,109.0,3,108.5,26,109.0,8,1,2022-05-13 12:43:50
1652445831279815000,109.0,4,108.5,26,109.0,4,1,2022-05-13 12:43:51
1652445831305801000,109.0,1,108.5,26,109.0,3,1,2022-05-13 12:43:51
1652445831305820000,109.0,1,108.5,26,109.0,2,1,2022-05-13 12:43:51
1652445831305823000,109.0,1,108.5,26,109.0,1,1,2022-05-13 12:43:51
1652445831305840000,109.0,1,108.5,26,109.5,37,1,2022-05-13 12:43:51
1652445831911369000,109.5,1,109.0,3,109.5,36,1,2022-05-13 12:43:51
1652445832194275000,109.5,1,109.0,5,109.5,35,1,2022-05-13 12:43:52
1652445833100498000,109.0,1,109.0,4,109.5,35,2,2022-05-13 12:43:53
1652445838322094000,109.5,2,109.0,7,109.5,32,1,2022-05-13 12:43:58
1652445839931474000,109.0,1,109.0,6,109.5,33,2,2022-05-13 12:43:59
1652445840057705000,109.0,1,109.0,5,109.5,33,2,2022-05-13 12:44:00
1652445841689222000,109.0,1,109.0,5,109.5,33,2,2022-05-13 12:44:01
1652445842870479000,109.0,3,109.0,3,109.5,33,2,2022-05-13 12:44:02
1652445843585890000,109.0,1,109.0,2,109.5,34,2,2022-05-13 12:44:03
1652445850671838000,109.0,1,109.0,2,109.5,33,2,2022-05-13 12:44:10
1652445853522825000,109.0,1,109.0,2,109.5,33,2,2022-05-13 12:44:13
1652445855112296000,109.0,1,109.0,2,109.5,32,2,2022-05-13 12:44:15
1652445855520882000,109.5,1,109.0,2,109.5,31,1,2022-05-13 12:44:15
1652445859934319000,109.5,1,109.0,3,109.5,30,1,2022-05-13 12:44:19
1652445869175438000,109.5,1,109.0,2,109.5,31,1,2022-05-13 12:44:29
1652445878062533000,109.0,2,108.5,32,109.5,21,2,2022-05-13 12:44:38
1652445880732266000,109.5,1,109.0,4,109.5,20,1,2022-05-13 12:44:40
1652445881884913000,109.0,1,109.0,3,109.5,21,2,2022-05-13 12:44:41
1652445885352316000,109.5,1,109.0,3,109.5,19,1,2022-05-13 12:44:45
1652445892391671000,109.5,1,109.0,5,109.5,20,1,2022-05-13 12:44:52
1652445909730983000,109.5,1,109.0,7,109.5,20,1,2022-05-13 12:45:09
1652445913609906000,109.5,2,109.0,27,109.5,18,1,2022-05-13 12:45:13
1652445914150641000,109.5,5,109.0,27,109.5,13,1,2022-05-13 12:45:14
1652445914385930000,109.5,5,109.0,27,109.5,8,1,2022-05-13 12:45:14
1652445914418205000,109.5,1,109.0,27,109.5,7,1,2022-05-13 12:45:14
1652445914895851000,109.5,3,109.0,27,109.5,4,1,2022-05-13 12:45:14
1652445914923701000,109.5,1,109.0,27,109.5,3,1,2022-05-13 12:45:14
1652445915096363000,109.5,3,109.5,1,110.0,120,1,2022-05-13 12:45:15
1652445915911211000,110.0,3,109.5,4,110.0,117,1,2022-05-13 12:45:15
1652445916166461000,109.5,3,109.5,3,110.0,117,2,2022-05-13 12:45:16
1652445919572109000,109.5,1,109.5,4,110.0,117,2,2022-05-13 12:45:19
1652445921261014000,109.5,3,109.5,1,110.0,117,2,2022-05-13 12:45:21
1652445922150725000,110.0,1,109.5,21,110.0,116,1,2022-05-13 12:45:22
1652445926338701000,110.0,5,109.5,23,110.0,111,1,2022-05-13 12:45:26
1652445926656084000,110.0,5,109.5,23,110.0,106,1,2022-05-13 12:45:26
1652445927476200000,110.0,5,109.5,25,110.0,101,1,2022-05-13 12:45:27
1652445929333950000,110.0,5,109.5,25,110.0,96,1,2022-05-13 12:45:29
1652445929584232000,109.5,1,109.5,24,110.0,96,2,2022-05-13 12:45:29
1652445930369153000,110.0,5,109.5,24,110.0,91,1,2022-05-13 12:45:30
1652445930691086000,110.0,20,109.5,24,110.0,71,1,2022-05-13 12:45:30
1652445930712569000,110.0,1,109.5,24,110.0,70,1,2022-05-13 12:45:30
1652445930712595000,110.0,1,109.5,24,110.0,69,1,2022-05-13 12:45:30
1652445930712615000,110.0,1,109.5,24,110.0,68,1,2022-05-13 12:45:30
1652445930712634000,110.0,1,109.5,24,110.0,67,1,2022-05-13 12:45:30
1652445930845857000,110.0,5,109.5,24,110.0,62,1,2022-05-13 12:45:30
1652445931232138000,110.0,1,109.5,24,110.0,61,1,2022-05-13 12:45:31
1652445931379229000,110.0,1,109.5,24,110.0,60,1,2022-05-13 12:45:31
1652445931745447000,110.0,4,109.5,24,110.0,56,1,2022-05-13 12:45:31
1652445931872613000,110.0,1,109.5,24,110.0,55,1,2022-05-13 12:45:31
1652445931935164000,110.0,1,109.5,24,110.0,54,1,2022-05-13 12:45:31
1652445932228044000,110.0,1,109.5,24,110.0,53,1,2022-05-13 12:45:32
1652445932359366000,110.0,2,109.5,24,110.0,51,1,2022-05-13 12:45:32
1652445932377498000,110.0,1,109.5,24,110.0,50,1,2022-05-13 12:45:32
1652445932466168000,110.0,1,109.5,24,110.0,49,1,2022-05-13 12:45:32
1652445932519399000,110.0,49,110.0,1,110.5,22,1,2022-05-13 12:45:32
1652445933355718000,110.5,1,110.0,13,110.5,21,1,2022-05-13 12:45:33
1652445933528446000,110.5,1,110.0,13,110.5,20,1,2022-05-13 12:45:33
1652445933561677000,110.5,1,110.0,13,110.5,19,1,2022-05-13 12:45:33
1652445934373235000,110.5,1,110.0,14,110.5,18,1,2022-05-13 12:45:34
1652445935285788000,110.5,1,110.0,16,110.5,17,1,2022-05-13 12:45:35
1652445937621783000,110.5,1,110.0,16,110.5,16,1,2022-05-13 12:45:37
1652445938434272000,110.5,1,110.0,15,110.5,16,1,2022-05-13 12:45:38
1652445938779654000,110.5,1,110.0,15,110.5,15,1,2022-05-13 12:45:38
1652445938867862000,110.5,1,110.0,15,110.5,14,1,2022-05-13 12:45:38
1652445938878613000,110.5,4,110.0,15,110.5,10,1,2022-05-13 12:45:38
1652445938998293000,110.5,1,110.0,14,110.5,9,1,2022-05-13 12:45:38
1652445940387098000,110.5,1,110.0,15,110.5,9,1,2022-05-13 12:45:40
1652445940804020000,110.5,2,110.0,13,110.5,7,1,2022-05-13 12:45:40
1652445940970006000,110.5,1,110.0,13,110.5,6,1,2022-05-13 12:45:40
1652445941007052000,110.5,1,110.0,13,110.5,5,1,2022-05-13 12:45:41
1652445941023913000,110.5,1,110.0,13,110.5,4,1,2022-05-13 12:45:41
1652445941589015000,110.5,2,110.0,13,110.5,2,1,2022-05-13 12:45:41
1652445942005314000,110.5,1,110.0,13,110.5,1,1,2022-05-13 12:45:42
1652445942032405000,110.5,1,110.0,13,111.0,66,1,2022-05-13 12:45:42
1652445942583620000,111.0,1,110.5,2,111.0,65,1,2022-05-13 12:45:42
1652445946550914000,111.0,1,110.5,5,111.0,66,1,2022-05-13 12:45:46
1652445947733755000,111.0,4,110.5,8,111.0,62,1,2022-05-13 12:45:47
1652445949186808000,111.0,1,110.5,8,111.0,61,1,2022-05-13 12:45:49
1652445949304863000,111.0,2,110.5,8,111.0,59,1,2022-05-13 12:45:49
1652445949695628000,110.5,1,110.5,7,111.0,59,2,2022-05-13 12:45:49
1652445950896555000,111.0,1,110.5,9,111.0,58,1,2022-05-13 12:45:50
1652445951194332000,110.5,1,110.5,8,111.0,58,2,2022-05-13 12:45:51
1652445951411549000,110.5,1,110.5,7,111.0,58,2,2022-05-13 12:45:51
1652445951508290000,110.5,1,110.5,6,111.0,58,2,2022-05-13 12:45:51
1652445951647557000,110.5,2,110.5,4,111.0,58,2,2022-05-13 12:45:51
1652445952130556000,110.5,2,110.5,4,111.0,58,2,2022-05-13 12:45:52
1652445952351174000,110.5,1,110.5,3,111.0,58,2,2022-05-13 12:45:52
1652445952597466000,110.5,3,110.0,7,111.0,58,2,2022-05-13 12:45:52
1652445954599658000,110.0,5,109.5,25,110.5,9,2,2022-05-13 12:45:54
1652445957512500000,110.5,1,109.5,25,110.5,16,1,2022-05-13 12:45:57
1652445959762749000,110.5,1,110.0,1,110.5,16,1,2022-05-13 12:45:59
1652445961321612000,110.0,1,110.0,3,110.5,16,2,2022-05-13 12:46:01
1652445961829795000,110.0,1,110.0,2,110.5,16,2,2022-05-13 12:46:01
1652445963225364000,110.0,1,110.0,1,110.5,16,2,2022-05-13 12:46:03
1652445963398008000,110.0,1,109.5,22,110.5,16,2,2022-05-13 12:46:03
1652445969609386000,110.0,1,109.5,23,110.0,3,1,2022-05-13 12:46:09
1652445969802537000,110.0,1,109.5,23,110.0,3,1,2022-05-13 12:46:09
1652445974476502000,110.0,5,109.5,25,110.0,2,1,2022-05-13 12:46:14
1652445974495429000,110.0,1,109.5,25,110.0,1,1,2022-05-13 12:46:14
1652445974495446000,110.0,1,109.5,25,110.5,14,1,2022-05-13 12:46:14
1652445979671311000,110.0,2,110.0,3,110.5,14,2,2022-05-13 12:46:19
1652445981289347000,110.5,1,110.0,3,110.5,13,1,2022-05-13 12:46:21
1652445982868839000,110.0,1,110.0,3,110.5,13,2,2022-05-13 12:46:22
1652445983467302000,110.5,2,110.0,3,110.5,11,1,2022-05-13 12:46:23
1652445992743706000,110.5,1,110.0,7,110.5,10,1,2022-05-13 12:46:32
1652445994238698000,110.5,2,110.0,7,110.5,8,1,2022-05-13 12:46:34
1652445996050465000,110.5,1,110.0,7,110.5,7,1,2022-05-13 12:46:36
1652446004099579000,110.5,1,110.0,9,110.5,7,1,2022-05-13 12:46:44
1652446008211747000,110.5,1,110.0,9,110.5,6,1,2022-05-13 12:46:48
1652446010328373000,110.5,1,110.0,9,110.5,5,1,2022-05-13 12:46:50
1652446014745272000,110.5,1,110.0,9,110.5,4,1,2022-05-13 12:46:54
1652446015389821000,110.5,3,110.0,9,110.5,5,1,2022-05-13 12:46:55
1652446016302618000,110.5,2,110.0,10,110.5,3,1,2022-05-13 12:46:56
1652446018845724000,110.5,1,110.0,10,110.5,2,1,2022-05-13 12:46:58
1652446020512154000,110.5,1,110.0,10,110.5,1,1,2022-05-13 12:47:00
1652446021327136000,110.5,1,110.0,10,110.5,2,1,2022-05-13 12:47:01
1652446024173292000,110.5,1,110.0,11,110.5,1,1,2022-05-13 12:47:04
1652446025020162000,110.5,1,110.0,11,111.0,16,1,2022-05-13 12:47:05
1652446025082554000,111.0,1,110.0,11,111.0,15,1,2022-05-13 12:47:05
1652446028092558000,110.5,1,110.0,12,111.0,15,2,2022-05-13 12:47:08
1652446028502689000,111.0,2,110.0,12,111.0,13,1,2022-05-13 12:47:08
1652446040519018000,111.0,2,110.5,6,111.0,12,1,2022-05-13 12:47:20
1652446041607965000,111.0,1,110.5,6,111.0,11,1,2022-05-13 12:47:21
1652446041822122000,111.0,10,110.5,6,111.0,1,1,2022-05-13 12:47:21
1652446042353736000,111.0,2,111.0,1,111.5,9,1,2022-05-13 12:47:22
1652446043105125000,111.0,1,111.0,2,111.5,9,2,2022-05-13 12:47:23
1652446043264733000,111.5,1,111.0,2,111.5,8,1,2022-05-13 12:47:23
1652446043400805000,111.5,1,111.0,3,111.5,7,1,2022-05-13 12:47:23
1652446043406089000,111.5,1,111.0,3,111.5,6,1,2022-05-13 12:47:23
1652446046774844000,111.5,1,111.0,25,111.5,5,1,2022-05-13 12:47:26
1652446047079453000,111.5,1,111.0,25,111.5,4,1,2022-05-13 12:47:27
1652446048830218000,111.5,1,111.0,26,111.5,5,1,2022-05-13 12:47:28
1652446049249625000,111.5,2,111.0,26,111.5,3,1,2022-05-13 12:47:29
1652446049381427000,111.5,1,111.0,26,111.5,2,1,2022-05-13 12:47:29
1652446049562304000,111.5,1,111.0,26,111.5,1,1,2022-05-13 12:47:29
1652446049630598000,111.5,1,111.0,25,112.0,14,1,2022-05-13 12:47:29
1652446050484922000,111.5,1,111.5,5,112.0,14,2,2022-05-13 12:47:30
1652446050669706000,112.0,2,111.5,5,112.0,12,1,2022-05-13 12:47:30
1652446050760678000,112.0,1,111.5,5,112.0,11,1,2022-05-13 12:47:30
1652446050926545000,112.0,1,111.5,6,112.0,10,1,2022-05-13 12:47:30
1652446050943881000,112.0,1,111.5,6,112.0,9,1,2022-05-13 12:47:30
1652446051185573000,112.0,1,111.5,8,112.0,8,1,2022-05-13 12:47:31
1652446051490150000,111.5,1,111.5,7,112.0,8,2,2022-05-13 12:47:31
1652446051734842000,111.5,1,111.5,7,112.0,8,2,2022-05-13 12:47:31
1652446051808970000,112.0,1,111.5,7,112.0,7,1,2022-05-13 12:47:31
1652446052109257000,112.0,1,111.5,7,112.0,6,1,2022-05-13 12:47:32
1652446052886237000,112.0,1,111.5,18,112.0,5,1,2022-05-13 12:47:32
1652446053635538000,112.0,5,111.5,18,112.5,11,1,2022-05-13 12:47:33
1652446054579049000,112.0,1,111.5,19,112.5,11,2,2022-05-13 12:47:34
1652446055307111000,112.0,1,111.5,10,112.5,11,1,2022-05-13 12:47:35
1652446055699162000,112.0,1,111.5,10,112.5,11,2,2022-05-13 12:47:35
1652446055939409000,112.5,1,112.0,2,112.5,10,1,2022-05-13 12:47:35
1652446056373083000,112.0,3,111.5,10,112.0,2,2,2022-05-13 12:47:36
1652446056397442000,112.0,1,111.5,10,112.0,1,1,2022-05-13 12:47:36
1652446056431971000,112.0,1,111.5,10,112.5,9,1,2022-05-13 12:47:36
1652446056431971000,112.5,1,111.5,10,112.5,9,1,2022-05-13 12:47:36
1652446057290557000,112.0,1,112.0,3,112.5,9,2,2022-05-13 12:47:37
1652446057678653000,112.0,2,112.0,2,112.5,9,2,2022-05-13 12:47:37
1652446059214066000,112.5,5,112.0,5,112.5,4,1,2022-05-13 12:47:39
1652446059801527000,112.0,1,112.0,4,112.5,4,2,2022-05-13 12:47:39
1652446060995714000,112.5,1,112.0,5,112.5,6,1,2022-05-13 12:47:40
1652446062771302000,112.5,1,112.0,16,112.5,8,1,2022-05-13 12:47:42
1652446063745650000,112.0,10,112.0,6,112.5,8,2,2022-05-13 12:47:43
1652446063968065000,112.5,1,112.0,6,112.5,8,1,2022-05-13 12:47:43
1652446065257896000,112.0,3,112.0,5,112.5,8,2,2022-05-13 12:47:45
1652446065722427000,112.5,1,112.0,5,112.5,9,1,2022-05-13 12:47:45
1652446065738399000,112.0,5,111.5,8,112.5,9,2,2022-05-13 12:47:45
1652446069497805000,112.0,1,111.5,5,112.0,1,1,2022-05-13 12:47:49
1652446070261300000,112.0,1,111.5,5,112.5,11,1,2022-05-13 12:47:50
1652446072377721000,112.0,1,112.0,1,112.5,11,2,2022-05-13 12:47:52
1652446072557065000,112.0,1,111.5,7,112.5,11,2,2022-05-13 12:47:52
1652446074319397000,112.0,1,111.5,7,112.0,2,1,2022-05-13 12:47:54
1652446074701187000,111.5,7,111.0,12,111.5,3,2,2022-05-13 12:47:54
1652446075519590000,111.5,1,111.0,12,111.5,2,1,2022-05-13 12:47:55
1652446075944647000,111.5,1,111.0,12,111.5,1,1,2022-05-13 12:47:55
1652446078722715000,111.0,11,110.0,25,110.5,4,2,2022-05-13 12:47:58
1652446078722715000,110.5,31,110.0,25,110.5,4,2,2022-05-13 12:47:58
1652446080757051000,110.5,1,110.0,7,110.5,3,1,2022-05-13 12:48:00
1652446080976531000,110.5,1,110.0,7,110.5,2,1,2022-05-13 12:48:00
1652446081025218000,110.5,1,110.0,7,110.5,1,1,2022-05-13 12:48:01
1652446081219259000,110.5,1,110.0,7,111.0,2,1,2022-05-13 12:48:01
1652446081429795000,110.0,1,110.0,6,111.0,2,2,2022-05-13 12:48:01
1652446082880021000,110.5,1,110.0,6,111.0,6,1,2022-05-13 12:48:02
1652446087203598000,110.5,1,110.0,10,110.5,2,1,2022-05-13 12:48:07
1652446088254152000,110.5,1,110.0,11,110.5,2,1,2022-05-13 12:48:08
1652446089255412000,110.5,1,110.0,12,110.5,1,1,2022-05-13 12:48:09
1652446090136491000,110.5,1,110.5,4,111.0,6,1,2022-05-13 12:48:10
1652446090209294000,110.5,1,110.5,3,111.0,6,2,2022-05-13 12:48:10
1652446091004119000,111.0,1,110.5,4,111.0,5,1,2022-05-13 12:48:11
1652446091156996000,110.5,1,110.5,3,111.0,5,2,2022-05-13 12:48:11
1652446099553549000,111.0,5,110.5,7,111.0,1,1,2022-05-13 12:48:19
1652446100740186000,110.5,1,110.5,6,111.0,2,2,2022-05-13 12:48:20
1652446101102053000,111.0,2,110.5,6,111.5,6,1,2022-05-13 12:48:21
1652446102648690000,111.0,1,111.0,4,111.5,6,2,2022-05-13 12:48:22
1652446102983565000,111.0,1,111.0,3,111.5,4,2,2022-05-13 12:48:22
1652446103605602000,111.0,5,110.5,10,111.0,5,2,2022-05-13 12:48:23
1652446111178363000,111.0,1,110.5,9,111.0,7,1,2022-05-13 12:48:31
1652446113916845000,111.0,6,110.5,9,111.0,1,1,2022-05-13 12:48:33
1652446115623153000,111.0,1,110.5,9,111.5,4,1,2022-05-13 12:48:35
1652446118694371000,111.0,1,110.5,9,111.0,6,1,2022-05-13 12:48:38
1652446120250755000,111.0,1,110.5,8,111.0,5,1,2022-05-13 12:48:40
1652446122697431000,111.0,1,110.5,8,111.0,6,1,2022-05-13 12:48:42
1652446130579602000,111.0,1,110.5,10,111.0,7,1,2022-05-13 12:48:50
1652446134077507000,111.0,1,110.5,10,111.0,6,1,2022-05-13 12:48:54
1652446138803309000,111.0,1,110.5,10,111.0,6,1,2022-05-13 12:48:58
1652446142455152000,111.0,5,110.5,10,111.0,1,1,2022-05-13 12:49:02
1652446143159418000,111.0,1,110.5,10,112.0,11,1,2022-05-13 12:49:03
1652446143159418000,111.5,3,110.5,10,112.0,11,1,2022-05-13 12:49:03
1652446143159418000,112.0,1,110.5,10,112.0,11,1,2022-05-13 12:49:03
1652446145197094000,112.0,5,111.0,4,112.0,7,1,2022-05-13 12:49:05
1652446149584701000,112.0,1,111.5,1,112.0,6,1,2022-05-13 12:49:09
1652446151916958000,112.0,2,111.5,2,112.0,4,1,2022-05-13 12:49:11
1652446157210528000,112.0,1,111.5,2,112.0,3,1,2022-05-13 12:49:17
1652446157704475000,112.0,1,111.5,2,112.0,2,1,2022-05-13 12:49:17
1652446158607900000,112.0,2,111.5,2,112.0,1,1,2022-05-13 12:49:18
1652446160346810000,112.0,1,111.5,1,112.0,2,1,2022-05-13 12:49:20
1652446162831398000,112.0,1,111.5,1,112.0,3,1,2022-05-13 12:49:22
1652446165047787000,112.0,2,111.5,1,112.0,1,1,2022-05-13 12:49:25
1652446166283186000,112.0,1,111.5,1,112.5,9,1,2022-05-13 12:49:26
1652446168809632000,112.0,1,111.5,2,112.0,4,1,2022-05-13 12:49:28
1652446169244909000,111.5,2,111.0,3,111.5,3,2,2022-05-13 12:49:29
1652446170596524000,111.0,4,110.5,9,111.0,1,2,2022-05-13 12:49:30
1652446173615634000,111.0,1,110.5,9,111.5,4,1,2022-05-13 12:49:33
1652446174172247000,110.5,1,110.5,8,111.5,4,2,2022-05-13 12:49:34
1652446177022476000,111.0,2,110.5,7,111.5,3,1,2022-05-13 12:49:37
1652446181065774000,111.0,1,111.0,1,111.5,3,2,2022-05-13 12:49:41
1652446181286744000,111.0,1,110.5,11,111.0,4,2,2022-05-13 12:49:41
1652446185666415000,111.0,1,110.5,9,111.0,4,1,2022-05-13 12:49:45
1652446197079136000,111.0,2,110.5,9,111.0,3,1,2022-05-13 12:49:57
1652446203782935000,111.0,1,110.5,9,111.0,2,1,2022-05-13 12:50:03
1652446204513390000,111.0,1,110.5,9,111.0,1,1,2022-05-13 12:50:04
1652446204994491000,111.0,1,110.5,9,111.5,3,1,2022-05-13 12:50:04
1652446210730976000,111.5,1,111.0,1,111.5,2,1,2022-05-13 12:50:10
1652446218594956000,111.5,1,111.0,3,111.5,1,1,2022-05-13 12:50:18
1652446226208721000,111.5,1,111.0,3,111.5,1,1,2022-05-13 12:50:26
1652446254526235000,111.5,1,111.0,4,111.5,2,1,2022-05-13 12:50:54
1652446257928529000,111.0,3,111.0,1,111.5,2,2,2022-05-13 12:50:57
1652446260246253000,111.5,1,111.0,1,111.5,1,1,2022-05-13 12:51:00
1652446276584654000,111.0,4,110.5,9,111.0,1,2,2022-05-13 12:51:16
1652446284584400000,110.5,2,110.5,7,111.0,2,2,2022-05-13 12:51:24
1652446294727419000,110.5,1,110.5,25,111.0,2,2,2022-05-13 12:51:34
1652446306656835000,110.5,1,110.5,24,111.0,4,2,2022-05-13 12:51:46
1652446308169074000,110.5,1,110.5,25,111.0,6,2,2022-05-13 12:51:48
1652446322770047000,110.5,1,110.5,24,111.0,6,2,2022-05-13 12:52:02
1652446322811656000,110.5,2,110.5,22,111.0,6,2,2022-05-13 12:52:02
1652446324527992000,110.5,22,110.0,18,110.5,3,2,2022-05-13 12:52:04
1652446325667287000,110.0,1,110.0,17,110.5,3,2,2022-05-13 12:52:05
1652446326001980000,110.0,1,110.0,16,110.5,3,2,2022-05-13 12:52:06
1652446327762379000,110.0,1,110.0,13,110.5,3,2,2022-05-13 12:52:07
1652446329222622000,110.0,5,110.0,6,110.5,4,2,2022-05-13 12:52:09
1652446329598358000,110.0,4,110.0,2,110.5,5,2,2022-05-13 12:52:09
1652446329629013000,110.0,2,109.5,26,110.5,5,2,2022-05-13 12:52:09
1652446330481146000,110.0,1,109.5,26,110.0,1,1,2022-05-13 12:52:10
1652446330713142000,109.5,1,109.5,25,110.0,2,2,2022-05-13 12:52:10
1652446333918199000,109.5,5,109.5,18,110.0,3,2,2022-05-13 12:52:13
1652446334995666000,110.0,1,109.5,19,110.0,2,1,2022-05-13 12:52:14
1652446335280334000,109.5,2,109.5,18,110.0,2,2,2022-05-13 12:52:15
1652446335384101000,109.5,1,109.5,17,110.0,2,2,2022-05-13 12:52:15
1652446336597249000,109.5,1,109.5,16,110.0,4,2,2022-05-13 12:52:16
1652446336642341000,110.0,1,109.5,16,110.0,3,1,2022-05-13 12:52:16
1652446365733344000,109.5,1,109.5,15,110.0,12,2,2022-05-13 12:52:45
1652446392285050000,109.5,1,109.5,15,110.0,12,2,2022-05-13 12:53:12
1652446396071822000,109.5,1,109.5,14,110.0,11,2,2022-05-13 12:53:16
1652446414080420000,109.5,1,109.5,13,110.0,10,2,2022-05-13 12:53:34
1652446436539859000,109.5,1,109.5,14,110.0,9,2,2022-05-13 12:53:56
1652446441902583000,110.0,1,109.5,14,110.0,8,1,2022-05-13 12:54:01
1652446442864304000,110.0,3,109.5,14,110.0,5,1,2022-05-13 12:54:02
1652446443606576000,110.0,1,109.5,14,110.0,4,1,2022-05-13 12:54:03
1652446444047294000,110.0,1,109.5,14,110.0,3,1,2022-05-13 12:54:04
1652446444275445000,110.0,1,109.5,14,110.0,2,1,2022-05-13 12:54:04
1652446444529824000,110.0,2,109.5,14,110.5,5,1,2022-05-13 12:54:04
1652446447798314000,110.0,1,110.0,7,110.5,2,2,2022-05-13 12:54:07
1652446457024120000,110.5,1,110.0,9,110.5,2,1,2022-05-13 12:54:17
1652446459300274000,110.5,1,110.0,11,110.5,1,1,2022-05-13 12:54:19
1652446464967522000,111.0,1,110.5,2,111.0,2,1,2022-05-13 12:54:24
1652446467703114000,111.0,2,110.5,3,111.5,7,1,2022-05-13 12:54:27
1652446471242941000,111.0,1,110.5,3,111.5,7,1,2022-05-13 12:54:31
1652446473718323000,111.0,1,110.5,3,111.5,7,2,2022-05-13 12:54:33
1652446476418007000,111.5,7,111.5,3,112.0,17,1,2022-05-13 12:54:36
1652446477981837000,111.5,1,111.5,2,112.0,17,2,2022-05-13 12:54:37
1652446478004202000,111.5,2,110.5,2,112.0,17,2,2022-05-13 12:54:38
1652446483470015000,111.5,1,110.5,1,111.5,2,1,2022-05-13 12:54:43
1652446483662105000,111.5,1,110.5,1,111.5,1,1,2022-05-13 12:54:43
1652446487647539000,111.5,1,110.5,3,111.5,1,1,2022-05-13 12:54:47
1652446490317895000,111.5,1,111.0,1,111.5,1,1,2022-05-13 12:54:50
1652446491041786000,111.5,1,111.0,1,112.0,16,1,2022-05-13 12:54:51
1652446496021563000,111.5,1,111.0,2,111.5,2,1,2022-05-13 12:54:56
1652446498858698000,111.5,2,111.0,2,111.5,1,1,2022-05-13 12:54:58
1652446501863878000,111.5,3,111.0,2,112.0,17,1,2022-05-13 12:55:01
1652446511209301000,111.5,3,111.5,1,112.0,14,2,2022-05-13 12:55:11
1652446511471116000,111.5,1,111.0,2,112.0,14,2,2022-05-13 12:55:11
1652446514958274000,111.0,1,111.0,1,111.5,4,2,2022-05-13 12:55:14
1652446517853722000,111.0,1,110.5,31,111.5,5,2,2022-05-13 12:55:17
1652446535020067000,111.0,1,111.0,1,111.5,7,2,2022-05-13 12:55:35
1652446537142607000,111.0,2,110.5,32,111.5,7,2,2022-05-13 12:55:37
1652446564408918000,111.0,2,110.5,33,111.0,3,1,2022-05-13 12:56:04
1652446568247947000,111.0,1,110.5,33,111.0,3,1,2022-05-13 12:56:08
1652446570333034000,111.0,1,110.5,33,111.0,12,1,2022-05-13 12:56:10
1652446570831127000,111.0,1,110.5,33,111.0,11,1,2022-05-13 12:56:10
1652446572179400000,111.0,2,110.5,33,111.0,9,1,2022-05-13 12:56:12
1652446573817709000,111.0,1,110.5,33,111.0,8,1,2022-05-13 12:56:13
1652446574664406000,111.0,1,110.5,33,111.0,7,1,2022-05-13 12:56:14
1652446574968587000,111.0,1,110.5,33,111.0,6,1,2022-05-13 12:56:14
1652446575988281000,111.0,1,110.5,33,111.0,5,1,2022-05-13 12:56:15
1652446576696846000,111.0,1,110.5,32,111.0,4,1,2022-05-13 12:56:16
1652446578815253000,111.0,1,110.5,32,111.0,3,1,2022-05-13 12:56:18
1652446578856383000,111.0,1,110.5,32,111.0,2,1,2022-05-13 12:56:18
1652446579291652000,111.0,1,110.5,32,111.0,1,1,2022-05-13 12:56:19
1652446579415624000,111.0,1,111.0,1,111.5,6,1,2022-05-13 12:56:19
1652446583997317000,111.0,1,111.0,3,111.5,6,2,2022-05-13 12:56:23
1652446592526828000,111.0,1,111.0,1,111.5,5,2,2022-05-13 12:56:32
1652446601018959000,111.0,1,111.0,1,111.5,5,2,2022-05-13 12:56:41
1652446606270367000,111.0,1,111.0,1,111.5,5,2,2022-05-13 12:56:46
1652446620554824000,111.0,1,110.5,23,111.5,7,2,2022-05-13 12:57:00
1652446626342930000,111.0,1,110.5,23,111.5,7,2,2022-05-13 12:57:06
1652446635941083000,111.0,1,110.5,23,111.5,7,1,2022-05-13 12:57:15
1652446666879941000,111.0,2,110.5,23,111.5,10,1,2022-05-13 12:57:46
1652446675557244000,111.0,2,111.0,1,111.5,10,1,2022-05-13 12:57:55
1652446685862525000,111.0,1,110.5,23,111.5,11,2,2022-05-13 12:58:05
1652446703392202000,111.0,1,110.5,23,111.0,30,1,2022-05-13 12:58:23
1652446705593636000,110.5,2,110.5,4,111.0,30,2,2022-05-13 12:58:25
1652446705627130000,110.5,4,110.0,15,111.0,30,2,2022-05-13 12:58:25
1652446706364883000,110.0,1,110.0,14,111.0,30,2,2022-05-13 12:58:26
1652446714139696000,110.0,2,110.0,12,110.5,6,2,2022-05-13 12:58:34
1652446714270334000,110.0,10,110.0,2,110.5,6,2,2022-05-13 12:58:34
1652446714290493000,110.0,1,110.0,1,110.5,6,2,2022-05-13 12:58:34
1652446714907546000,110.0,1,109.5,10,110.5,6,2,2022-05-13 12:58:34
1652446715145697000,109.5,2,109.5,8,110.5,6,2,2022-05-13 12:58:35
1652446716115570000,109.5,1,109.5,7,110.0,1,2,2022-05-13 12:58:36
1652446716159590000,109.5,2,109.5,5,110.0,1,2,2022-05-13 12:58:36
1652446716847187000,110.0,1,110.0,4,110.5,8,1,2022-05-13 12:58:36
1652446717461863000,110.0,1,110.0,3,110.5,8,2,2022-05-13 12:58:37
1652446717902461000,110.0,2,110.0,1,110.5,8,2,2022-05-13 12:58:37
1652446718664573000,110.0,1,109.5,5,110.5,12,2,2022-05-13 12:58:38
1652446719820119000,109.5,1,109.5,4,110.5,12,2,2022-05-13 12:58:39
1652446730429232000,109.5,1,109.5,4,110.0,3,2,2022-05-13 12:58:50
1652446763920841000,109.5,1,109.5,8,110.0,7,2,2022-05-13 12:59:23
1652446765871259000,109.5,1,109.5,7,110.0,7,2,2022-05-13 12:59:25
1652446770089128000,109.5,4,109.5,3,110.0,7,2,2022-05-13 12:59:30
1652446771411277000,109.5,1,109.5,2,110.0,6,2,2022-05-13 12:59:31
1652446772579767000,109.5,1,109.5,1,110.0,6,2,2022-05-13 12:59:32
1652446773225593000,109.5,1,109.0,27,110.0,7,2,2022-05-13 12:59:33
1652446791171393000,109.0,1,109.0,26,110.0,11,2,2022-05-13 12:59:51
1652446795055809000,109.0,1,109.0,25,110.0,11,2,2022-05-13 12:59:55
1652446796523518000,109.0,2,109.0,23,110.0,11,2,2022-05-13 12:59:56
1652446799103750000,109.0,1,109.0,22,109.5,1,2,2022-05-13 12:59:59
1652446803375167000,109.0,1,109.0,21,109.5,2,2,2022-05-13 13:00:03
1652446803861356000,109.5,1,109.0,21,109.5,1,1,2022-05-13 13:00:03
1652446809862687000,109.5,1,109.0,21,110.0,10,1,2022-05-13 13:00:09
1652446810924412000,109.5,1,109.5,3,110.0,10,2,2022-05-13 13:00:10
1652446817306636000,109.5,1,109.5,4,110.0,10,2,2022-05-13 13:00:17
1652446817650622000,110.0,1,109.5,4,110.0,9,1,2022-05-13 13:00:17
1652446830166772000,110.0,1,109.5,5,110.0,10,1,2022-05-13 13:00:30
1652446849911809000,110.0,2,109.5,6,110.0,8,1,2022-05-13 13:00:49
1652446858354806000,110.0,1,109.5,6,110.0,7,1,2022-05-13 13:00:58
1652446865771295000,109.5,7,109.0,21,110.0,7,2,2022-05-13 13:01:05
1652446865771295000,109.0,1,109.0,21,110.0,7,2,2022-05-13 13:01:05
1652446891298824000,109.0,2,109.0,19,110.0,12,2,2022-05-13 13:01:31
1652446891999552000,109.0,10,109.0,9,110.0,12,2,2022-05-13 13:01:31
1652446893709164000,109.0,1,109.0,8,110.0,12,2,2022-05-13 13:01:33
1652446893722609000,109.0,4,109.0,4,110.0,12,2,2022-05-13 13:01:33
1652446893845033000,109.0,4,108.5,25,109.0,6,2,2022-05-13 13:01:33
1652446894652611000,108.5,1,108.5,24,109.0,6,2,2022-05-13 13:01:34
1652446894899521000,108.5,1,108.5,23,109.0,7,2,2022-05-13 13:01:34
1652446899446082000,108.5,5,108.5,18,109.0,15,2,2022-05-13 13:01:39
1652446901382481000,108.5,10,108.5,8,109.0,15,2,2022-05-13 13:01:41
1652446901420333000,108.5,7,108.5,1,109.0,15,2,2022-05-13 13:01:41
1652446901606492000,108.5,1,108.0,17,109.0,15,2,2022-05-13 13:01:41
1652446901934108000,108.0,1,108.0,16,108.5,18,2,2022-05-13 13:01:41
1652446902110509000,108.0,1,108.0,15,108.5,18,2,2022-05-13 13:01:42
1652446903027182000,108.0,1,108.0,14,108.5,22,2,2022-05-13 13:01:43
1652446905862417000,108.0,2,108.0,11,108.5,28,2,2022-05-13 13:01:45
1652446906032583000,108.0,5,108.0,6,108.5,29,2,2022-05-13 13:01:46
1652446906103094000,108.0,1,108.0,5,108.5,29,2,2022-05-13 13:01:46
1652446906974383000,108.0,2,108.0,3,108.5,29,2,2022-05-13 13:01:46
1652446907183740000,108.0,1,108.0,2,108.5,28,2,2022-05-13 13:01:47
1652446907437185000,108.0,2,107.5,5,108.5,28,2,2022-05-13 13:01:47
1652446907565948000,107.5,5,106.0,115,108.0,3,2,2022-05-13 13:01:47
1652446907565948000,107.0,11,106.0,115,108.0,3,2,2022-05-13 13:01:47
1652446907565948000,106.5,33,106.0,115,108.0,3,2,2022-05-13 13:01:47
1652446907565948000,106.0,4,106.0,115,108.0,3,2,2022-05-13 13:01:47
1652446907591487000,107.5,1,107.5,1,108.0,3,2,2022-05-13 13:01:47
1652446908197928000,108.0,1,107.5,1,108.0,3,1,2022-05-13 13:01:48
1652446908295905000,108.0,3,108.0,1,108.5,28,1,2022-05-13 13:01:48
1652446908333329000,108.0,1,107.5,1,108.5,28,2,2022-05-13 13:01:48
1652446909018541000,108.0,1,107.5,1,108.0,1,1,2022-05-13 13:01:49
1652446909369625000,107.5,1,106.5,5,108.0,1,2,2022-05-13 13:01:49
1652446911757702000,107.5,1,107.0,3,108.0,2,1,2022-05-13 13:01:51
1652446913718940000,107.0,1,107.0,4,107.5,5,2,2022-05-13 13:01:53
1652446914837408000,107.5,5,107.0,8,108.0,2,1,2022-05-13 13:01:54
1652446915723908000,107.0,1,107.0,8,108.0,3,2,2022-05-13 13:01:55
1652446916449675000,107.5,1,107.0,9,108.0,2,1,2022-05-13 13:01:56
1652446918323827000,107.5,1,107.5,4,108.0,2,1,2022-05-13 13:01:58
1652446919132534000,107.5,1,107.5,3,108.0,2,2,2022-05-13 13:01:59
1652446919155022000,107.5,1,107.5,2,108.0,2,2,2022-05-13 13:01:59
1652446919207958000,107.5,1,107.5,1,108.0,2,2,2022-05-13 13:01:59
1652446920747657000,107.5,3,107.0,10,107.5,1,2,2022-05-13 13:02:00
1652446920776125000,107.5,1,107.0,10,108.0,3,1,2022-05-13 13:02:00
1652446921350722000,107.0,1,107.0,9,108.0,3,2,2022-05-13 13:02:01
1652446923321841000,108.0,1,107.5,6,108.0,1,1,2022-05-13 13:02:03
1652446923884281000,108.0,1,107.5,10,108.5,9,1,2022-05-13 13:02:03
1652446927110778000,108.0,1,107.5,11,108.5,6,1,2022-05-13 13:02:07
1652446935011013000,108.0,1,107.5,11,108.0,2,1,2022-05-13 13:02:15
1652446936658526000,108.0,1,107.5,11,108.0,2,1,2022-05-13 13:02:16
1652446937345968000,108.0,1,107.5,11,108.0,1,1,2022-05-13 13:02:17
1652446938513457000,108.0,1,108.0,3,108.5,11,1,2022-05-13 13:02:18
1652446941384177000,108.0,1,108.0,5,108.5,11,2,2022-05-13 13:02:21
1652446943799429000,108.5,10,108.0,4,109.0,1,1,2022-05-13 13:02:23
1652446952451189000,108.5,2,108.5,4,109.0,1,2,2022-05-13 13:02:32
1652446956027248000,108.5,1,108.5,3,109.0,2,2,2022-05-13 13:02:36
1652446962392011000,108.5,3,108.5,1,109.0,3,2,2022-05-13 13:02:42
1652446963942378000,108.5,1,108.0,9,109.0,2,2,2022-05-13 13:02:43
1652446970152640000,108.5,1,108.0,8,108.5,2,1,2022-05-13 13:02:50
1652446973639576000,108.5,1,108.0,7,108.5,1,1,2022-05-13 13:02:53
1652447027062446000,108.5,1,108.5,2,109.0,5,2,2022-05-13 13:03:47
1652447029079718000,108.5,1,108.5,1,109.0,5,2,2022-05-13 13:03:49
1652447030604861000,108.5,1,108.0,8,109.0,5,2,2022-05-13 13:03:50
1652447032387862000,108.5,1,108.0,8,109.0,5,1,2022-05-13 13:03:52
1652447069676147000,108.5,1,108.0,9,109.0,5,2,2022-05-13 13:04:29
1652447073251604000,108.0,1,108.0,8,109.0,5,2,2022-05-13 13:04:33
1652447092241985000,108.0,1,108.0,6,108.5,1,2,2022-05-13 13:04:52
1652447094036148000,108.0,1,108.0,5,108.5,1,2,2022-05-13 13:04:54
1652447096549732000,108.0,1,108.0,4,108.5,1,2,2022-05-13 13:04:56
1652447110465069000,108.0,2,107.5,9,108.5,1,2,2022-05-13 13:05:10
1652447123591201000,108.0,1,107.5,9,108.0,2,1,2022-05-13 13:05:23
1652447125453413000,108.0,1,107.5,9,108.0,1,1,2022-05-13 13:05:25
1652447125579306000,108.0,1,107.5,9,108.5,3,1,2022-05-13 13:05:25
1652447150402195000,108.0,1,108.0,1,108.5,4,2,2022-05-13 13:05:50
1652447165531013000,108.0,1,107.5,9,108.5,6,2,2022-05-13 13:06:05
1652447233961424000,107.5,1,107.5,8,108.0,4,2,2022-05-13 13:07:13
1652447280230532000,107.5,1,107.5,9,108.0,15,2,2022-05-13 13:08:00
1652447301019942000,107.5,1,107.5,8,108.0,5,2,2022-05-13 13:08:21
1652447301434930000,107.5,2,107.5,6,108.0,5,2,2022-05-13 13:08:21
1652447322331691000,107.5,7,107.0,10,108.0,5,2,2022-05-13 13:08:42
1652447323981979000,107.5,1,107.0,10,108.0,5,2,2022-05-13 13:08:43
1652447330593704000,107.5,5,107.0,10,108.0,6,1,2022-05-13 13:08:50
1652447339154124000,107.5,1,107.5,1,108.0,5,2,2022-05-13 13:08:59
1652447349410071000,107.5,1,107.5,2,108.0,15,2,2022-05-13 13:09:09
1652447350844416000,107.5,2,107.0,8,108.0,13,2,2022-05-13 13:09:10
1652447371189396000,107.5,1,107.5,1,108.0,13,2,2022-05-13 13:09:31
1652447379913888000,107.5,1,107.5,5,108.0,13,2,2022-05-13 13:09:39
1652447395608155000,107.5,2,107.5,6,108.0,3,2,2022-05-13 13:09:55
1652447396122530000,107.5,5,107.5,1,108.0,3,2,2022-05-13 13:09:56
1652447399122628000,107.5,1,107.0,7,108.0,3,2,2022-05-13 13:09:59
1652447416070429000,107.5,1,107.0,9,108.0,2,2,2022-05-13 13:10:16
1652447512903373000,107.5,1,107.0,10,107.5,13,1,2022-05-13 13:11:52
1652447512943291000,107.5,12,107.0,10,107.5,1,1,2022-05-13 13:11:52
1652447512976455000,107.5,1,107.0,10,108.0,2,1,2022-05-13 13:11:52
1652447526095271000,108.0,1,107.5,4,108.0,1,1,2022-05-13 13:12:06
1652447528749733000,108.0,1,108.0,3,108.5,5,1,2022-05-13 13:12:08
1652447543473350000,108.5,5,108.0,3,110.5,7,1,2022-05-13 13:12:23
1652447543473350000,109.0,7,108.0,3,110.5,7,1,2022-05-13 13:12:23
1652447543473350000,109.5,7,108.0,3,110.5,7,1,2022-05-13 13:12:23
1652447543473350000,110.0,23,108.0,3,110.5,7,1,2022-05-13 13:12:23
1652447543473350000,110.5,4,108.0,3,110.5,7,1,2022-05-13 13:12:23
1652447550056709000,110.0,1,108.5,4,110.0,1,1,2022-05-13 13:12:30
1652447555172084000,110.0,1,109.0,2,110.0,3,1,2022-05-13 13:12:35
1652447556802297000,110.0,1,109.0,2,110.0,2,1,2022-05-13 13:12:36
1652447558943503000,110.0,3,109.0,2,110.5,7,1,2022-05-13 13:12:38
1652447568576830000,110.0,1,108.5,3,110.0,4,1,2022-05-13 13:12:48
1652447570542263000,110.0,3,109.0,3,110.0,1,1,2022-05-13 13:12:50
1652447577186500000,109.5,1,109.0,2,110.0,3,2,2022-05-13 13:12:57
1652447577257910000,110.0,1,109.0,2,110.0,2,1,2022-05-13 13:12:57
1652447590867013000,110.0,6,109.5,2,110.0,8,1,2022-05-13 13:13:10
1652447590899879000,110.0,1,109.5,2,110.0,7,1,2022-05-13 13:13:10
1652447593140891000,110.0,1,109.5,2,110.0,7,1,2022-05-13 13:13:13
1652447596873386000,110.0,3,109.5,2,110.0,4,1,2022-05-13 13:13:16
1652447596896990000,110.0,1,109.5,2,110.0,3,1,2022-05-13 13:13:16
1652447601062940000,110.0,2,109.5,2,110.0,1,1,2022-05-13 13:13:21
1652447601090853000,110.0,1,109.5,2,110.5,14,1,2022-05-13 13:13:21
1652447612743255000,110.0,1,110.0,2,110.5,14,2,2022-05-13 13:13:32
1652447616809444000,110.0,1,110.0,1,110.5,14,2,2022-05-13 13:13:36
1652447617165843000,110.0,1,109.5,2,110.5,14,2,2022-05-13 13:13:37
1652447619112421000,110.5,1,109.5,2,110.5,13,1,2022-05-13 13:13:39
1652447632583987000,110.5,2,110.0,2,110.5,13,1,2022-05-13 13:13:52
1652447635349195000,110.5,5,110.0,2,110.5,8,1,2022-05-13 13:13:55
1652447637036090000,110.5,5,110.0,2,110.5,3,1,2022-05-13 13:13:57
1652447638370606000,110.5,2,110.0,2,110.5,1,1,2022-05-13 13:13:58
1652447640839374000,110.5,1,110.5,2,111.0,40,2,2022-05-13 13:14:00
1652447643703161000,110.5,2,110.0,2,111.0,40,2,2022-05-13 13:14:03
1652447648887508000,110.5,1,110.0,2,111.0,40,1,2022-05-13 13:14:08
1652447652756617000,110.0,1,110.0,1,110.5,7,2,2022-05-13 13:14:12
1652447655147988000,110.0,1,109.5,2,110.0,1,2,2022-05-13 13:14:15
1652447667270854000,110.5,1,110.0,1,110.5,8,1,2022-05-13 13:14:27
1652447717566299000,110.0,1,110.0,5,110.5,10,2,2022-05-13 13:15:17
1652447722447370000,110.0,5,109.5,6,110.5,10,2,2022-05-13 13:15:22
1652447745712983000,109.5,2,109.5,3,110.0,3,2,2022-05-13 13:15:45
1652447751789804000,109.5,1,109.5,2,110.0,5,2,2022-05-13 13:15:51
1652447756833019000,109.5,1,109.5,1,110.0,6,2,2022-05-13 13:15:56
1652447759448492000,109.5,1,109.0,16,110.0,7,2,2022-05-13 13:15:59
1652447778562038000,109.5,1,109.0,16,110.0,14,1,2022-05-13 13:16:18
