ts,close,volume,bid_price,bid_volume,ask_price,ask_volume,tick_type,datetime
1652432412965169000,285.0,305,284.0,26,285.0,18,1,2022-05-13 09:00:12
1652432413025637000,285.0,1,284.0,26,285.0,17,1,2022-05-13 09:00:13
1652432413040631000,284.0,5,284.0,21,285.0,17,2,2022-05-13 09:00:13
1652432413044920000,284.0,1,284.0,20,285.0,17,2,2022-05-13 09:00:13
1652432413046150000,284.0,1,284.0,19,285.0,17,2,2022-05-13 09:00:13
1652432413059747000,285.0,10,284.0,19,285.0,7,1,2022-05-13 09:00:13
1652432413068692000,285.0,3,284.0,19,285.0,4,1,2022-05-13 09:00:13
1652432413205439000,284.0,9,284.0,10,285.0,42,2,2022-05-13 09:00:13
1652432413327605000,284.0,1,284.0,9,284.5,1,2,2022-05-13 09:00:13
1652432413427522000,284.0,1,284.0,8,284.5,1,2,2022-05-13 09:00:13
1652432413450167000,284.0,3,284.0,5,284.5,1,2,2022-05-13 09:00:13
1652432413458216000,284.0,5,283.5,4,284.5,1,2,2022-05-13 09:00:13
1652432413926777000,284.5,1,283.5,4,284.5,1,1,2022-05-13 09:00:13
1652432414296544000,283.5,1,283.5,3,284.5,1,2,2022-05-13 09:00:14
1652432414607842000,284.5,1,283.5,3,285.0,42,1,2022-05-13 09:00:14
1652432414705622000,283.5,3,283.0,51,285.0,42,2,2022-05-13 09:00:14
1652432414705622000,283.0,4,283.0,51,285.0,42,2,2022-05-13 09:00:14
1652432416165527000,284.5,1,283.0,51,285.0,38,1,2022-05-13 09:00:16
1652432416165527000,285.0,4,283.0,51,285.0,38,1,2022-05-13 09:00:16
1652432416240755000,285.0,1,283.5,1,285.0,37,1,2022-05-13 09:00:16
1652432416336013000,283.5,1,283.0,51,284.0,1,2,2022-05-13 09:00:16
1652432416521905000,284.0,1,283.0,51,285.0,37,1,2022-05-13 09:00:16
1652432417215050000,284.5,3,283.5,3,284.5,15,1,2022-05-13 09:00:17
1652432417731965000,284.5,1,283.5,3,284.5,14,1,2022-05-13 09:00:17
1652432418054574000,284.5,1,283.5,3,284.5,13,1,2022-05-13 09:00:18
1652432418259059000,283.5,3,283.0,5,284.5,14,2,2022-05-13 09:00:18
1652432418259059000,283.0,47,283.0,5,284.5,14,2,2022-05-13 09:00:18
1652432418330592000,284.0,1,283.0,2,284.5,14,2,2022-05-13 09:00:18
1652432418330592000,283.0,3,283.0,2,284.5,14,2,2022-05-13 09:00:18
1652432418331530000,283.0,1,283.0,1,284.5,14,2,2022-05-13 09:00:18
1652432418373598000,284.0,1,283.0,1,284.5,14,1,2022-05-13 09:00:18
1652432418762037000,283.0,1,282.0,4,284.5,14,2,2022-05-13 09:00:18
1652432418762037000,282.0,1,282.0,4,284.5,14,2,2022-05-13 09:00:18
1652432418843978000,283.0,3,282.0,4,284.0,4,2,2022-05-13 09:00:18
1652432419247559000,283.0,1,282.0,4,284.0,9,2,2022-05-13 09:00:19
1652432419478542000,282.0,1,282.0,3,283.5,1,2,2022-05-13 09:00:19
1652432419686932000,283.5,1,282.0,3,284.0,9,1,2022-05-13 09:00:19
1652432420572589000,283.0,1,282.5,1,283.0,3,1,2022-05-13 09:00:20
1652432421253892000,283.0,1,282.5,2,283.0,2,1,2022-05-13 09:00:21
1652432421371099000,282.5,2,282.0,3,283.0,2,2,2022-05-13 09:00:21
1652432421561256000,283.0,1,282.0,3,283.0,1,1,2022-05-13 09:00:21
1652432422031115000,283.5,1,283.0,1,283.5,6,1,2022-05-13 09:00:22
1652432422034586000,283.5,1,283.0,1,283.5,5,1,2022-05-13 09:00:22
1652432422073156000,283.0,2,283.0,1,283.5,5,2,2022-05-13 09:00:22
1652432422102179000,283.0,1,282.0,3,283.5,5,2,2022-05-13 09:00:22
1652432422149093000,283.0,1,282.0,3,283.5,5,2,2022-05-13 09:00:22
1652432422197811000,283.5,1,282.0,3,283.5,4,1,2022-05-13 09:00:22
1652432422695521000,282.0,1,282.0,2,283.0,2,2,2022-05-13 09:00:22
1652432422731907000,282.0,2,281.5,1,283.0,2,2,2022-05-13 09:00:22
1652432423044127000,283.0,1,281.5,1,283.0,1,1,2022-05-13 09:00:23
1652432423111866000,283.0,1,281.5,1,283.5,5,1,2022-05-13 09:00:23
1652432423623911000,281.5,1,281.0,11,282.5,1,2,2022-05-13 09:00:23
1652432423911052000,282.5,1,281.0,11,283.0,1,1,2022-05-13 09:00:23
1652432423983662000,283.0,1,281.0,11,283.5,5,1,2022-05-13 09:00:23
1652432424517483000,281.0,1,281.0,10,283.0,1,2,2022-05-13 09:00:24
1652432424702019000,282.5,1,281.0,10,283.0,1,1,2022-05-13 09:00:24
1652432424927533000,283.0,1,281.5,1,283.0,3,1,2022-05-13 09:00:24
1652432424934666000,283.0,1,281.5,1,283.0,2,1,2022-05-13 09:00:24
1652432425210252000,283.0,1,282.0,1,283.0,2,1,2022-05-13 09:00:25
1652432425400472000,283.0,1,282.0,3,283.0,1,1,2022-05-13 09:00:25
1652432425991155000,283.0,1,282.0,4,283.5,4,1,2022-05-13 09:00:25
1652432426675781000,282.5,1,282.0,4,283.0,5,2,2022-05-13 09:00:26
1652432426774273000,282.0,2,282.0,2,283.0,5,2,2022-05-13 09:00:26
1652432426858596000,283.0,1,282.0,2,283.0,4,1,2022-05-13 09:00:26
1652432426967909000,282.0,1,282.0,1,283.0,4,2,2022-05-13 09:00:26
1652432427071203000,283.0,1,282.0,1,283.0,3,1,2022-05-13 09:00:27
1652432427302409000,283.0,1,282.0,2,283.0,7,1,2022-05-13 09:00:27
1652432427400786000,283.0,1,282.0,2,283.0,6,1,2022-05-13 09:00:27
1652432427445220000,283.0,1,282.0,2,283.0,5,1,2022-05-13 09:00:27
1652432427595637000,283.0,1,282.0,2,283.0,4,1,2022-05-13 09:00:27
1652432427786679000,283.0,1,282.0,3,283.0,3,1,2022-05-13 09:00:27
1652432428035136000,283.0,1,282.0,3,283.0,2,1,2022-05-13 09:00:28
1652432428699186000,282.5,1,282.0,4,283.0,2,1,2022-05-13 09:00:28
1652432428780404000,283.0,1,282.0,4,283.0,2,1,2022-05-13 09:00:28
1652432428866569000,283.0,2,282.0,4,283.5,6,1,2022-05-13 09:00:28
1652432429797590000,283.0,1,283.0,1,283.5,6,2,2022-05-13 09:00:29
1652432429827381000,283.0,1,282.0,6,283.5,6,2,2022-05-13 09:00:29
1652432429827381000,282.0,4,282.0,6,283.5,6,2,2022-05-13 09:00:29
1652432430009228000,283.0,1,282.0,6,283.0,1,1,2022-05-13 09:00:30
1652432430268857000,283.0,1,282.0,6,283.5,6,1,2022-05-13 09:00:30
1652432430411392000,283.5,1,282.0,7,283.5,5,1,2022-05-13 09:00:30
1652432430697750000,283.0,1,282.0,7,283.5,5,2,2022-05-13 09:00:30
1652432430873233000,283.5,1,283.0,1,283.5,4,1,2022-05-13 09:00:30
1652432431079526000,283.5,2,283.0,2,283.5,2,1,2022-05-13 09:00:31
1652432431145876000,283.5,1,283.0,2,283.5,1,1,2022-05-13 09:00:31
1652432431434047000,283.5,1,283.0,4,284.0,17,1,2022-05-13 09:00:31
1652432431434047000,284.0,1,283.0,4,284.0,17,1,2022-05-13 09:00:31
1652432431602680000,284.0,1,283.0,4,284.0,20,1,2022-05-13 09:00:31
1652432431733306000,284.0,2,283.0,4,284.0,18,1,2022-05-13 09:00:31
1652432431846551000,284.0,1,283.0,4,284.0,17,1,2022-05-13 09:00:31
1652432431982055000,284.0,15,283.0,4,284.0,2,1,2022-05-13 09:00:31
1652432432184647000,283.0,1,283.0,4,284.0,2,2,2022-05-13 09:00:32
1652432432881207000,283.5,1,283.5,4,284.0,2,1,2022-05-13 09:00:32
1652432432889191000,284.0,1,283.5,4,284.0,1,1,2022-05-13 09:00:32
1652432432901550000,283.5,1,283.5,3,284.0,1,2,2022-05-13 09:00:32
1652432432912741000,283.5,3,283.0,4,284.0,1,2,2022-05-13 09:00:32
1652432432983845000,284.0,1,284.0,4,284.5,10,1,2022-05-13 09:00:32
1652432433909376000,284.0,2,284.0,6,284.5,10,2,2022-05-13 09:00:33
1652432434472476000,284.5,1,284.0,6,284.5,9,1,2022-05-13 09:00:34
1652432434510791000,284.5,1,284.0,6,284.5,12,1,2022-05-13 09:00:34
1652432434778320000,284.0,5,284.0,1,284.5,12,2,2022-05-13 09:00:34
1652432434883809000,284.0,1,283.0,21,284.5,14,2,2022-05-13 09:00:34
1652432435468572000,284.0,1,283.0,25,284.0,4,1,2022-05-13 09:00:35
1652432435502604000,284.0,1,283.0,25,284.0,3,1,2022-05-13 09:00:35
1652432435701541000,284.0,1,283.0,26,284.0,2,1,2022-05-13 09:00:35
1652432435852241000,283.5,1,283.5,1,284.0,2,1,2022-05-13 09:00:35
1652432435852583000,284.0,1,283.5,1,284.0,1,1,2022-05-13 09:00:35
1652432436329933000,284.0,1,283.5,1,284.5,15,2,2022-05-13 09:00:36
1652432436469180000,284.5,5,284.0,1,284.5,10,1,2022-05-13 09:00:36
1652432436499401000,284.0,1,283.5,1,284.5,10,2,2022-05-13 09:00:36
1652432437159843000,284.5,1,283.5,3,284.5,8,1,2022-05-13 09:00:37
1652432437721839000,284.0,1,284.0,1,284.5,8,1,2022-05-13 09:00:37
1652432437839834000,284.5,1,284.0,1,284.5,7,1,2022-05-13 09:00:37
1652432438048116000,284.5,1,284.0,3,284.5,6,1,2022-05-13 09:00:38
1652432438062582000,284.0,1,284.0,2,284.5,6,2,2022-05-13 09:00:38
1652432438146040000,284.5,1,284.0,2,284.5,6,1,2022-05-13 09:00:38
1652432438255440000,284.0,1,284.0,2,284.5,6,2,2022-05-13 09:00:38
1652432438594674000,284.0,1,284.0,2,284.5,6,2,2022-05-13 09:00:38
1652432438805408000,284.5,1,284.0,4,284.5,5,1,2022-05-13 09:00:38
1652432439182622000,284.5,5,284.0,9,285.0,42,1,2022-05-13 09:00:39
1652432439260779000,285.0,5,284.0,9,285.0,37,1,2022-05-13 09:00:39
1652432439919609000,284.5,1,284.5,3,285.0,41,2,2022-05-13 09:00:39
1652432440208575000,285.0,1,284.5,4,285.0,40,1,2022-05-13 09:00:40
1652432440552786000,284.5,1,284.5,3,285.0,40,2,2022-05-13 09:00:40
1652432440609931000,285.0,2,284.5,3,285.0,38,1,2022-05-13 09:00:40
1652432440838803000,285.0,1,284.5,3,285.0,37,1,2022-05-13 09:00:40
1652432440969967000,284.5,1,284.5,2,285.0,37,2,2022-05-13 09:00:40
1652432440988552000,284.5,1,284.5,1,285.0,37,2,2022-05-13 09:00:40
1652432441278436000,285.0,1,284.5,1,285.0,36,1,2022-05-13 09:00:41
1652432441593278000,285.0,2,284.5,3,285.0,34,1,2022-05-13 09:00:41
1652432441774031000,284.5,3,284.5,1,285.0,34,2,2022-05-13 09:00:41
1652432441774656000,284.5,1,284.0,21,284.5,5,2,2022-05-13 09:00:41
1652432441818337000,284.0,20,284.0,1,284.5,67,2,2022-05-13 09:00:41
1652432441850836000,284.0,1,283.5,13,284.5,69,2,2022-05-13 09:00:41
1652432441961788000,284.0,1,283.5,13,284.5,72,2,2022-05-13 09:00:41
1652432442018268000,284.5,5,283.5,13,284.5,67,1,2022-05-13 09:00:42
1652432442081882000,283.5,13,283.0,13,284.5,67,2,2022-05-13 09:00:42
1652432442081882000,283.0,37,283.0,13,284.5,67,2,2022-05-13 09:00:42
1652432442118668000,284.0,1,283.0,1,284.5,67,2,2022-05-13 09:00:42
1652432442118668000,283.0,12,283.0,1,284.5,67,2,2022-05-13 09:00:42
1652432442118790000,283.0,1,282.5,3,284.5,67,2,2022-05-13 09:00:42
1652432442336912000,284.0,1,283.0,3,284.0,2,1,2022-05-13 09:00:42
1652432442382190000,284.0,1,283.0,3,284.0,1,1,2022-05-13 09:00:42
1652432442448594000,284.0,1,283.0,3,284.5,67,1,2022-05-13 09:00:42
1652432442589389000,283.0,3,282.5,3,284.5,67,2,2022-05-13 09:00:42
1652432442719007000,284.0,1,282.5,3,284.5,67,1,2022-05-13 09:00:42
1652432443111840000,284.0,1,283.0,2,284.0,7,1,2022-05-13 09:00:43
1652432443468213000,283.5,1,283.0,2,284.0,15,2,2022-05-13 09:00:43
1652432443548977000,284.0,1,283.0,2,284.0,14,1,2022-05-13 09:00:43
1652432443846041000,284.0,5,283.0,2,284.0,10,1,2022-05-13 09:00:43
1652432443875230000,284.0,1,283.0,2,284.0,9,1,2022-05-13 09:00:43
1652432443918776000,284.0,3,283.0,2,284.0,6,1,2022-05-13 09:00:43
1652432443995933000,284.0,2,283.0,2,284.0,9,1,2022-05-13 09:00:43
1652432444374166000,283.5,1,283.0,2,283.5,4,1,2022-05-13 09:00:44
1652432444595391000,283.5,1,283.0,2,283.5,3,1,2022-05-13 09:00:44
1652432444827941000,283.5,1,283.0,2,283.5,2,1,2022-05-13 09:00:44
1652432444882177000,283.0,2,282.5,2,283.5,2,2,2022-05-13 09:00:44
1652432444882177000,282.5,1,282.5,2,283.5,2,2,2022-05-13 09:00:44
1652432445020618000,283.5,2,283.0,1,283.5,1,1,2022-05-13 09:00:45
1652432445050007000,283.5,1,283.0,1,284.0,22,1,2022-05-13 09:00:45
1652432445080564000,284.0,3,283.0,1,284.0,21,1,2022-05-13 09:00:45
1652432445081541000,284.0,1,283.0,1,284.0,20,1,2022-05-13 09:00:45
1652432445166557000,284.0,1,283.0,1,284.0,19,1,2022-05-13 09:00:45
1652432445410283000,284.0,1,283.0,2,284.0,18,1,2022-05-13 09:00:45
1652432445429130000,284.0,1,283.0,2,284.0,17,1,2022-05-13 09:00:45
1652432445564342000,284.0,1,283.0,2,284.0,16,1,2022-05-13 09:00:45
1652432445754946000,284.0,1,283.0,2,284.0,15,1,2022-05-13 09:00:45
1652432445837587000,283.5,1,283.0,2,284.0,15,1,2022-05-13 09:00:45
1652432445908134000,283.0,1,283.0,1,284.0,15,2,2022-05-13 09:00:45
1652432445941290000,283.0,1,282.5,2,284.0,15,2,2022-05-13 09:00:45
1652432446377328000,283.0,1,282.5,2,284.0,16,1,2022-05-13 09:00:46
1652432446578052000,284.0,3,283.5,1,284.0,13,1,2022-05-13 09:00:46
1652432446636604000,284.0,1,283.5,1,284.0,12,1,2022-05-13 09:00:46
1652432446948837000,283.5,1,283.0,4,284.0,11,2,2022-05-13 09:00:46
1652432446953533000,284.0,5,283.0,4,284.0,6,1,2022-05-13 09:00:46
1652432447242651000,284.0,1,283.0,4,284.0,15,1,2022-05-13 09:00:47
1652432447400016000,284.0,1,283.5,3,284.0,15,1,2022-05-13 09:00:47
1652432447447733000,284.0,1,283.5,3,284.0,14,1,2022-05-13 09:00:47
1652432447480609000,284.0,1,283.5,3,284.0,13,1,2022-05-13 09:00:47
1652432447490120000,283.5,2,283.5,1,284.0,13,2,2022-05-13 09:00:47
1652432447713997000,283.5,1,283.0,5,284.0,16,2,2022-05-13 09:00:47
1652432448214545000,284.0,2,283.0,9,284.0,15,1,2022-05-13 09:00:48
1652432448319227000,283.5,1,283.0,9,283.5,9,2,2022-05-13 09:00:48
1652432448987721000,283.5,3,283.0,9,283.5,7,1,2022-05-13 09:00:48
1652432449132180000,283.5,2,283.0,9,283.5,8,1,2022-05-13 09:00:49
1652432449208969000,283.5,1,283.0,9,283.5,7,1,2022-05-13 09:00:49
1652432449374619000,283.5,1,283.0,10,283.5,6,1,2022-05-13 09:00:49
1652432449400796000,283.5,1,283.0,10,283.5,5,1,2022-05-13 09:00:49
1652432449406461000,283.5,1,283.0,10,283.5,4,1,2022-05-13 09:00:49
1652432449525804000,283.5,1,283.0,10,283.5,3,1,2022-05-13 09:00:49
1652432449659351000,283.5,1,283.0,10,283.5,2,1,2022-05-13 09:00:49
1652432449674625000,283.5,2,283.0,10,284.0,18,1,2022-05-13 09:00:49
1652432449729735000,284.0,1,283.0,10,284.0,17,1,2022-05-13 09:00:49
1652432450133420000,283.0,5,283.0,6,283.5,10,2,2022-05-13 09:00:50
1652432450261242000,283.5,1,283.0,6,283.5,11,1,2022-05-13 09:00:50
1652432450342805000,283.5,1,283.0,6,283.5,10,1,2022-05-13 09:00:50
1652432450413337000,283.5,1,283.0,8,283.5,9,1,2022-05-13 09:00:50
1652432450489317000,283.5,1,283.0,8,283.5,8,1,2022-05-13 09:00:50
1652432450671120000,283.5,1,283.0,9,283.5,7,1,2022-05-13 09:00:50
1652432450679744000,283.0,1,283.0,8,283.5,7,2,2022-05-13 09:00:50
1652432450919966000,283.5,5,283.0,9,283.5,2,1,2022-05-13 09:00:50
1652432451527324000,283.5,1,283.0,9,283.5,5,1,2022-05-13 09:00:51
1652432452115488000,283.5,1,283.0,13,283.5,4,1,2022-05-13 09:00:52
1652432452238651000,283.5,4,283.5,1,284.0,24,1,2022-05-13 09:00:52
1652432452608371000,283.5,2,283.0,20,284.0,24,2,2022-05-13 09:00:52
1652432452700154000,284.0,1,283.0,20,284.0,23,1,2022-05-13 09:00:52
1652432452745718000,284.0,1,283.0,22,284.0,22,1,2022-05-13 09:00:52
1652432453099571000,283.5,3,283.0,23,283.5,7,2,2022-05-13 09:00:53
1652432453476163000,283.5,1,283.0,25,283.5,6,1,2022-05-13 09:00:53
1652432454063697000,283.0,1,283.0,27,283.5,14,2,2022-05-13 09:00:54
1652432454224134000,283.5,1,283.0,27,283.5,13,1,2022-05-13 09:00:54
1652432454259682000,283.5,1,283.0,27,283.5,12,1,2022-05-13 09:00:54
1652432454301560000,283.5,2,283.0,27,283.5,10,1,2022-05-13 09:00:54
1652432454331996000,283.0,10,283.0,17,283.5,10,2,2022-05-13 09:00:54
1652432454551149000,283.5,1,283.0,19,283.5,9,1,2022-05-13 09:00:54
1652432454623908000,283.0,1,283.0,18,283.5,14,2,2022-05-13 09:00:54
1652432454913451000,283.5,1,283.0,18,283.5,13,1,2022-05-13 09:00:54
1652432455044545000,283.0,1,283.0,17,283.5,13,2,2022-05-13 09:00:55
1652432455256820000,283.0,1,283.0,20,283.5,14,2,2022-05-13 09:00:55
1652432455666601000,283.5,5,283.0,20,283.5,9,1,2022-05-13 09:00:55
1652432455668564000,283.5,1,283.0,20,283.5,8,1,2022-05-13 09:00:55
1652432456119163000,283.5,1,283.0,20,283.5,7,1,2022-05-13 09:00:56
1652432456433730000,283.5,2,283.0,21,283.5,6,1,2022-05-13 09:00:56
1652432456883190000,283.0,2,283.0,20,283.5,6,2,2022-05-13 09:00:56
1652432456972436000,283.5,1,283.0,20,283.5,6,1,2022-05-13 09:00:56
1652432457005000000,283.5,1,283.0,21,283.5,5,1,2022-05-13 09:00:57
1652432457215892000,283.5,1,283.0,21,283.5,4,1,2022-05-13 09:00:57
1652432457315590000,283.5,1,283.0,21,283.5,3,1,2022-05-13 09:00:57
1652432457462429000,283.5,1,283.0,21,283.5,2,1,2022-05-13 09:00:57
1652432457585739000,283.5,1,283.0,23,283.5,1,1,2022-05-13 09:00:57
1652432457797327000,283.5,1,283.0,23,284.0,29,1,2022-05-13 09:00:57
1652432457961183000,283.5,1,283.0,23,284.0,29,2,2022-05-13 09:00:57
1652432457974714000,283.0,1,283.0,22,284.0,29,2,2022-05-13 09:00:57
1652432458208757000,283.0,5,283.0,17,283.5,2,2,2022-05-13 09:00:58
1652432458326130000,283.5,1,283.0,27,283.5,1,1,2022-05-13 09:00:58
1652432458472521000,283.0,1,283.0,26,283.5,1,2,2022-05-13 09:00:58
1652432458987600000,283.5,3,283.0,29,283.5,6,1,2022-05-13 09:00:58
1652432459024344000,283.5,1,283.0,29,283.5,5,1,2022-05-13 09:00:59
1652432459092976000,283.0,10,283.0,19,283.5,5,2,2022-05-13 09:00:59
1652432459112644000,283.5,1,283.0,19,283.5,4,1,2022-05-13 09:00:59
1652432459225104000,283.5,2,283.0,19,283.5,2,1,2022-05-13 09:00:59
1652432459349103000,283.5,1,283.0,19,283.5,11,1,2022-05-13 09:00:59
1652432459730896000,283.5,3,283.0,19,283.5,9,1,2022-05-13 09:00:59
1652432459917170000,283.0,1,283.0,18,283.5,9,2,2022-05-13 09:00:59
1652432459966340000,283.5,1,283.0,18,283.5,8,1,2022-05-13 09:00:59
1652432460296265000,283.5,1,283.0,18,283.5,7,1,2022-05-13 09:01:00
1652432460347509000,283.5,1,283.0,18,283.5,6,1,2022-05-13 09:01:00
1652432460532405000,283.5,1,283.0,18,283.5,5,1,2022-05-13 09:01:00
1652432460641670000,283.0,1,283.0,17,283.5,5,2,2022-05-13 09:01:00
1652432460781271000,283.5,1,283.0,17,283.5,5,1,2022-05-13 09:01:00
1652432460889050000,283.0,16,283.0,1,283.5,5,2,2022-05-13 09:01:00
1652432460930515000,283.0,1,282.5,8,283.5,5,2,2022-05-13 09:01:00
1652432460983260000,282.5,1,282.5,7,283.5,5,2,2022-05-13 09:01:00
1652432461225290000,283.0,1,282.5,7,283.5,10,1,2022-05-13 09:01:01
1652432461360507000,283.5,1,282.5,7,283.5,9,1,2022-05-13 09:01:01
1652432461614125000,283.0,1,282.5,7,283.5,11,1,2022-05-13 09:01:01
1652432461675176000,283.0,1,282.5,7,283.5,11,2,2022-05-13 09:01:01
1652432461931681000,283.5,1,282.5,7,283.5,10,1,2022-05-13 09:01:01
1652432462312609000,282.5,4,282.5,3,283.5,10,2,2022-05-13 09:01:02
1652432462383442000,283.0,2,282.5,3,283.5,10,2,2022-05-13 09:01:02
1652432462404949000,282.5,1,282.5,2,283.5,10,2,2022-05-13 09:01:02
1652432462469064000,283.5,2,282.5,2,283.5,18,1,2022-05-13 09:01:02
1652432462474642000,282.5,2,282.0,27,283.5,18,2,2022-05-13 09:01:02
1652432462632410000,282.5,3,282.0,27,283.5,19,2,2022-05-13 09:01:02
1652432463285487000,282.5,1,282.0,25,283.0,7,2,2022-05-13 09:01:03
1652432464333357000,282.5,1,282.0,25,283.0,14,2,2022-05-13 09:01:04
1652432464563119000,282.5,1,282.0,25,283.0,13,1,2022-05-13 09:01:04
1652432464563119000,283.0,1,282.0,25,283.0,13,1,2022-05-13 09:01:04
1652432464588893000,282.0,10,282.0,15,283.0,13,2,2022-05-13 09:01:04
1652432464804894000,283.0,1,282.0,15,283.0,13,1,2022-05-13 09:01:04
1652432467210478000,282.0,1,282.0,13,283.0,12,2,2022-05-13 09:01:07
1652432467241374000,282.0,3,282.0,10,283.0,12,2,2022-05-13 09:01:07
1652432467248716000,283.0,1,282.0,10,283.0,11,1,2022-05-13 09:01:07
1652432467273191000,282.0,10,281.5,11,283.0,11,2,2022-05-13 09:01:07
1652432467598525000,282.5,1,281.5,11,283.0,11,1,2022-05-13 09:01:07
1652432467598525000,283.0,1,281.5,11,283.0,11,1,2022-05-13 09:01:07
1652432467861346000,283.0,2,281.5,11,283.0,10,1,2022-05-13 09:01:07
1652432468060130000,283.0,1,281.5,11,283.0,9,1,2022-05-13 09:01:08
1652432468710714000,281.5,11,281.0,16,282.5,8,2,2022-05-13 09:01:08
1652432468771103000,282.5,1,282.0,2,282.5,7,1,2022-05-13 09:01:08
1652432469196448000,282.0,3,282.0,1,283.0,10,2,2022-05-13 09:01:09
1652432469303773000,282.0,2,282.0,4,282.5,1,2,2022-05-13 09:01:09
1652432469329498000,282.5,1,282.0,4,283.0,10,1,2022-05-13 09:01:09
1652432469412554000,282.5,1,282.0,4,283.0,10,1,2022-05-13 09:01:09
1652432469860801000,283.0,10,282.0,4,283.0,12,1,2022-05-13 09:01:09
1652432469982937000,282.5,5,282.5,1,283.0,12,2,2022-05-13 09:01:09
1652432470020430000,282.5,1,282.0,4,283.0,12,2,2022-05-13 09:01:10
1652432470040502000,283.0,1,282.0,4,283.0,11,1,2022-05-13 09:01:10
1652432470470177000,282.0,2,282.0,2,283.0,11,2,2022-05-13 09:01:10
1652432471045732000,282.0,2,281.5,9,282.5,6,2,2022-05-13 09:01:11
1652432471378526000,281.5,1,281.5,8,282.0,1,2,2022-05-13 09:01:11
1652432471447968000,281.5,2,281.5,6,282.0,1,2,2022-05-13 09:01:11
1652432471447988000,282.0,1,281.5,6,282.5,6,1,2022-05-13 09:01:11
1652432471643043000,282.5,1,281.5,6,282.5,5,1,2022-05-13 09:01:11
1652432472217593000,282.0,1,281.5,7,282.5,5,2,2022-05-13 09:01:12
1652432472582251000,282.0,1,281.5,7,282.5,5,2,2022-05-13 09:01:12
1652432472768697000,282.5,1,282.0,1,282.5,5,1,2022-05-13 09:01:12
1652432472877504000,282.5,2,282.0,1,282.5,3,1,2022-05-13 09:01:12
1652432473294069000,282.0,1,282.0,2,282.5,4,2,2022-05-13 09:01:13
1652432473379714000,282.0,1,282.0,1,282.5,4,2,2022-05-13 09:01:13
1652432473596145000,282.0,1,281.5,8,282.0,1,2,2022-05-13 09:01:13
1652432473646648000,282.0,1,281.5,8,282.5,4,1,2022-05-13 09:01:13
1652432474177443000,282.5,1,281.5,9,282.5,5,1,2022-05-13 09:01:14
1652432474682205000,282.5,1,282.0,2,282.5,4,1,2022-05-13 09:01:14
1652432474742863000,282.0,1,282.0,1,282.5,4,2,2022-05-13 09:01:14
1652432475768110000,282.5,1,282.0,3,282.5,6,1,2022-05-13 09:01:15
1652432476578177000,282.5,1,282.0,6,282.5,5,1,2022-05-13 09:01:16
1652432476602097000,282.0,1,282.0,5,282.5,5,2,2022-05-13 09:01:16
1652432476612223000,282.0,1,282.0,4,282.5,5,2,2022-05-13 09:01:16
1652432477928267000,282.5,4,282.5,1,283.0,28,1,2022-05-13 09:01:17
1652432478143066000,282.5,1,282.0,8,283.0,29,2,2022-05-13 09:01:18
1652432478641431000,282.0,8,281.5,10,282.5,1,2,2022-05-13 09:01:18
1652432478936468000,282.5,1,281.5,11,283.0,29,1,2022-05-13 09:01:18
1652432479010865000,282.5,1,282.0,1,283.0,29,2,2022-05-13 09:01:19
1652432479274962000,282.5,1,282.0,2,282.5,4,2,2022-05-13 09:01:19
1652432479629073000,282.0,1,282.0,2,282.5,4,2,2022-05-13 09:01:19
1652432480600982000,282.0,1,282.0,1,282.5,4,2,2022-05-13 09:01:20
1652432481071469000,282.5,5,282.0,1,283.0,28,1,2022-05-13 09:01:21
1652432481353158000,282.0,1,282.0,1,283.0,16,2,2022-05-13 09:01:21
1652432481793170000,282.5,1,282.0,1,283.0,16,2,2022-05-13 09:01:21
1652432482582200000,282.0,2,281.5,10,282.0,2,2,2022-05-13 09:01:22
1652432482607951000,281.5,10,281.0,8,282.0,2,2,2022-05-13 09:01:22
1652432482625841000,282.0,1,281.0,8,282.0,1,1,2022-05-13 09:01:22
1652432482792309000,281.0,1,281.0,7,281.5,1,2,2022-05-13 09:01:22
1652432482815374000,281.5,1,281.0,7,282.0,2,1,2022-05-13 09:01:22
1652432483587066000,281.5,1,281.0,7,281.5,2,1,2022-05-13 09:01:23
1652432483661804000,281.0,1,281.0,6,281.5,2,2,2022-05-13 09:01:23
1652432483750093000,281.5,1,281.0,6,281.5,1,1,2022-05-13 09:01:23
1652432483947860000,281.5,1,281.0,6,282.0,3,1,2022-05-13 09:01:23
1652432483947860000,282.0,1,281.0,6,282.0,3,1,2022-05-13 09:01:23
1652432483977601000,282.0,1,281.0,6,282.0,2,1,2022-05-13 09:01:23
1652432483989076000,282.0,1,281.0,6,282.0,1,1,2022-05-13 09:01:23
1652432484017033000,282.0,1,281.0,6,282.5,6,1,2022-05-13 09:01:24
1652432484300603000,281.5,1,281.0,6,282.5,6,1,2022-05-13 09:01:24
1652432484686321000,282.0,2,282.0,3,282.5,6,2,2022-05-13 09:01:24
1652432484721096000,282.0,3,281.0,8,282.5,6,2,2022-05-13 09:01:24
1652432485175825000,281.5,1,281.0,8,282.5,8,2,2022-05-13 09:01:25
1652432485461081000,282.0,1,281.0,8,282.5,8,1,2022-05-13 09:01:25
1652432485772653000,281.0,4,281.0,4,281.5,4,2,2022-05-13 09:01:25
1652432485812743000,281.0,1,281.0,3,281.5,4,2,2022-05-13 09:01:25
1652432485957249000,281.0,2,281.0,1,281.5,4,2,2022-05-13 09:01:25
1652432486100797000,281.5,1,281.0,2,281.5,3,1,2022-05-13 09:01:26
1652432486613920000,281.5,1,281.0,2,281.5,1,1,2022-05-13 09:01:26
1652432486700329000,281.0,2,280.5,10,281.5,1,2,2022-05-13 09:01:26
1652432486700329000,280.5,3,280.5,10,281.5,1,2,2022-05-13 09:01:26
1652432487144916000,281.0,1,280.5,10,281.0,4,1,2022-05-13 09:01:27
1652432487389078000,280.5,1,280.5,9,281.0,4,2,2022-05-13 09:01:27
1652432487527313000,281.0,2,280.5,9,281.0,2,1,2022-05-13 09:01:27
1652432487563163000,280.5,1,280.5,8,281.0,2,2,2022-05-13 09:01:27
1652432487648883000,280.5,1,280.5,7,281.0,2,2,2022-05-13 09:01:27
1652432487677445000,280.5,1,280.5,6,281.0,2,2,2022-05-13 09:01:27
1652432487866282000,280.5,3,280.5,3,281.0,17,2,2022-05-13 09:01:27
1652432488457020000,280.5,1,280.5,2,281.0,18,2,2022-05-13 09:01:28
1652432488479451000,281.0,1,280.5,2,281.0,17,1,2022-05-13 09:01:28
1652432488515368000,280.5,1,280.5,1,281.0,17,2,2022-05-13 09:01:28
1652432488593493000,281.0,1,280.5,1,281.0,16,1,2022-05-13 09:01:28
1652432488636428000,280.5,1,280.0,36,281.0,16,2,2022-05-13 09:01:28
1652432488745046000,280.0,36,279.0,10,280.5,1,2,2022-05-13 09:01:28
1652432488968191000,280.0,1,279.0,10,280.0,2,1,2022-05-13 09:01:28
1652432489087639000,280.0,1,279.0,10,280.0,1,1,2022-05-13 09:01:29
1652432490006657000,279.5,1,279.0,10,279.5,2,1,2022-05-13 09:01:30
1652432490031583000,279.0,1,279.0,9,279.5,2,2,2022-05-13 09:01:30
1652432490152361000,279.0,1,279.0,8,279.5,2,2,2022-05-13 09:01:30
1652432490297920000,279.5,1,279.0,8,279.5,1,1,2022-05-13 09:01:30
1652432490426075000,279.5,1,279.0,8,280.5,5,1,2022-05-13 09:01:30
1652432490426075000,280.0,1,279.0,8,280.5,5,1,2022-05-13 09:01:30
1652432490426075000,280.5,1,279.0,8,280.5,5,1,2022-05-13 09:01:30
1652432490501191000,280.5,1,279.0,8,280.5,4,1,2022-05-13 09:01:30
1652432490653631000,279.0,1,279.0,7,280.5,4,2,2022-05-13 09:01:30
1652432490748572000,279.0,1,279.0,7,280.5,4,2,2022-05-13 09:01:30
1652432490956492000,280.5,1,279.0,7,280.5,3,1,2022-05-13 09:01:30
1652432491413897000,279.0,3,279.0,4,280.5,3,2,2022-05-13 09:01:31
1652432491457902000,279.0,2,279.0,2,280.5,3,2,2022-05-13 09:01:31
1652432491510892000,279.0,2,278.5,6,280.5,3,2,2022-05-13 09:01:31
1652432492087566000,279.0,1,279.0,1,280.0,2,2,2022-05-13 09:01:32
1652432492176168000,279.0,1,278.5,4,280.0,2,2,2022-05-13 09:01:32
1652432492176168000,278.5,2,278.5,4,280.0,2,2,2022-05-13 09:01:32
1652432492371228000,280.0,1,279.0,3,280.0,1,1,2022-05-13 09:01:32
1652432492612474000,279.0,7,278.5,4,279.5,2,2,2022-05-13 09:01:32
1652432494112529000,278.5,1,278.5,3,279.0,2,2,2022-05-13 09:01:34
1652432494554374000,278.5,1,278.5,2,279.0,2,2,2022-05-13 09:01:34
1652432494991061000,278.5,2,278.0,19,279.0,2,2,2022-05-13 09:01:34
1652432494991061000,278.0,1,278.0,19,279.0,2,2,2022-05-13 09:01:34
1652432495130012000,279.0,1,278.0,19,279.0,1,1,2022-05-13 09:01:35
1652432495229348000,279.0,1,278.0,19,279.5,2,1,2022-05-13 09:01:35
1652432495336667000,278.0,4,278.0,15,279.5,3,2,2022-05-13 09:01:35
1652432495698617000,279.5,1,278.0,15,279.5,3,1,2022-05-13 09:01:35
1652432496321536000,279.0,1,279.0,3,279.5,3,2,2022-05-13 09:01:36
1652432496406407000,279.5,1,279.0,3,279.5,2,1,2022-05-13 09:01:36
1652432496618089000,279.0,1,279.0,2,279.5,4,2,2022-05-13 09:01:36
1652432496819653000,279.0,2,278.0,16,279.5,5,2,2022-05-13 09:01:36
1652432497965936000,279.0,1,278.0,16,279.0,4,1,2022-05-13 09:01:37
1652432498082682000,278.0,3,278.0,13,279.0,5,2,2022-05-13 09:01:38
1652432498501847000,278.5,1,278.5,2,279.0,5,2,2022-05-13 09:01:38
1652432499074098000,279.0,1,278.5,4,279.0,6,1,2022-05-13 09:01:39
1652432499306376000,278.5,1,278.5,4,279.0,6,2,2022-05-13 09:01:39
1652432499314107000,279.0,1,278.5,4,279.0,5,1,2022-05-13 09:01:39
1652432499467792000,278.5,4,278.0,13,278.5,1,2,2022-05-13 09:01:39
1652432499611703000,278.5,3,278.5,1,279.0,5,1,2022-05-13 09:01:39
1652432500588454000,278.5,1,278.5,1,279.0,3,2,2022-05-13 09:01:40
1652432500590804000,279.0,1,278.5,1,279.0,2,1,2022-05-13 09:01:40
1652432500898290000,278.5,2,278.0,5,279.0,2,2,2022-05-13 09:01:40
1652432500898290000,278.0,8,278.0,5,279.0,2,2,2022-05-13 09:01:40
1652432501026637000,278.0,2,278.0,2,278.5,2,2,2022-05-13 09:01:41
1652432501063633000,278.5,1,278.0,2,278.5,1,1,2022-05-13 09:01:41
1652432501127838000,278.0,2,277.5,4,278.5,1,2,2022-05-13 09:01:41
1652432501127838000,277.5,3,277.5,4,278.5,1,2,2022-05-13 09:01:41
1652432501135983000,278.5,1,277.5,4,279.0,3,1,2022-05-13 09:01:41
1652432501372341000,279.0,3,278.5,1,279.0,4,1,2022-05-13 09:01:41
1652432501601207000,279.0,1,278.5,2,279.0,3,1,2022-05-13 09:01:41
1652432501850103000,278.5,1,278.5,2,279.0,3,2,2022-05-13 09:01:41
1652432501950577000,279.0,1,278.5,2,279.0,2,1,2022-05-13 09:01:41
1652432502253137000,279.0,1,278.5,3,279.0,1,1,2022-05-13 09:01:42
1652432502638749000,278.5,4,278.0,2,279.0,1,2,2022-05-13 09:01:42
1652432502868708000,279.0,1,278.5,1,279.5,8,1,2022-05-13 09:01:42
1652432502868708000,279.5,1,278.5,1,279.5,8,1,2022-05-13 09:01:42
1652432503553051000,279.5,1,278.5,4,279.5,7,1,2022-05-13 09:01:43
1652432504090767000,278.5,1,278.5,3,279.0,4,2,2022-05-13 09:01:44
1652432504170942000,278.5,3,278.0,3,278.5,1,2,2022-05-13 09:01:44
1652432505284316000,278.5,1,278.0,3,278.5,1,1,2022-05-13 09:01:45
1652432505345386000,278.0,1,278.0,2,278.5,1,2,2022-05-13 09:01:45
1652432505387905000,278.5,1,278.0,2,279.5,7,1,2022-05-13 09:01:45
1652432505690302000,279.0,2,279.0,3,279.5,7,2,2022-05-13 09:01:45
1652432506026100000,279.0,1,279.0,2,279.5,7,2,2022-05-13 09:01:46
1652432507132275000,279.0,2,278.5,3,279.5,7,2,2022-05-13 09:01:47
1652432507132275000,278.5,1,278.5,3,279.5,7,2,2022-05-13 09:01:47
1652432507430309000,278.5,3,278.5,1,279.5,7,2,2022-05-13 09:01:47
1652432508128607000,279.0,1,278.5,5,279.0,2,1,2022-05-13 09:01:48
1652432508506016000,279.0,1,278.5,6,279.0,1,1,2022-05-13 09:01:48
1652432509088296000,279.0,1,278.5,8,279.0,1,1,2022-05-13 09:01:49
1652432509115933000,279.0,1,278.5,9,279.5,7,1,2022-05-13 09:01:49
1652432510150676000,279.0,1,279.0,1,279.5,7,2,2022-05-13 09:01:50
1652432510154312000,279.0,1,278.5,11,279.5,7,2,2022-05-13 09:01:50
1652432510754659000,279.0,1,279.0,3,279.5,11,2,2022-05-13 09:01:50
1652432510909432000,279.5,1,279.0,3,279.5,10,1,2022-05-13 09:01:50
1652432511009511000,279.5,1,279.0,4,279.5,9,1,2022-05-13 09:01:51
1652432511421952000,279.0,1,279.0,6,279.5,9,2,2022-05-13 09:01:51
1652432511887643000,279.5,1,279.0,7,279.5,4,1,2022-05-13 09:01:51
1652432512750696000,279.0,1,279.0,13,279.5,5,2,2022-05-13 09:01:52
1652432512763228000,279.0,13,278.5,15,279.5,5,2,2022-05-13 09:01:52
1652432512771261000,279.5,1,278.5,15,279.5,4,1,2022-05-13 09:01:52
1652432512941565000,279.5,1,279.0,1,279.5,4,1,2022-05-13 09:01:52
1652432513929987000,279.0,1,279.0,3,279.5,5,2,2022-05-13 09:01:53
1652432515090266000,279.5,1,279.0,4,279.5,4,1,2022-05-13 09:01:55
1652432515141126000,279.0,1,279.0,3,279.5,4,2,2022-05-13 09:01:55
1652432515399693000,279.5,1,279.0,5,279.5,3,1,2022-05-13 09:01:55
1652432516083246000,279.0,3,279.0,2,279.5,9,2,2022-05-13 09:01:56
1652432516171933000,279.0,1,279.0,1,279.5,9,2,2022-05-13 09:01:56
1652432516235423000,279.0,1,278.5,18,279.5,9,2,2022-05-13 09:01:56
1652432517811602000,279.0,1,279.0,3,279.5,8,2,2022-05-13 09:01:57
1652432518373285000,279.5,4,279.0,6,279.5,5,1,2022-05-13 09:01:58
1652432518623648000,279.5,1,279.0,7,279.5,4,1,2022-05-13 09:01:58
1652432518664246000,279.5,1,279.0,7,279.5,3,1,2022-05-13 09:01:58
1652432518760377000,279.0,1,279.0,6,279.5,3,2,2022-05-13 09:01:58
1652432519083632000,279.5,1,279.0,6,279.5,2,1,2022-05-13 09:01:59
1652432519430487000,279.0,9,278.5,20,279.0,18,2,2022-05-13 09:01:59
1652432519472287000,279.0,2,278.5,20,279.0,16,1,2022-05-13 09:01:59
1652432519490066000,279.0,1,278.5,20,279.0,15,1,2022-05-13 09:01:59
1652432519502716000,279.0,1,278.5,20,279.0,14,1,2022-05-13 09:01:59
1652432520015196000,279.0,1,278.5,20,279.0,14,1,2022-05-13 09:02:00
1652432520230684000,279.0,1,278.5,20,279.0,15,1,2022-05-13 09:02:00
1652432520273154000,278.5,1,278.5,19,279.0,15,2,2022-05-13 09:02:00
1652432520334405000,279.0,2,278.5,19,279.0,13,1,2022-05-13 09:02:00
1652432520395015000,279.0,10,278.5,19,279.0,6,1,2022-05-13 09:02:00
1652432520412405000,279.0,2,278.5,19,279.0,4,1,2022-05-13 09:02:00
1652432520800038000,278.5,2,278.5,18,279.0,10,2,2022-05-13 09:02:00
1652432520956839000,279.0,2,278.5,17,279.0,8,1,2022-05-13 09:02:00
1652432521374629000,279.0,2,278.5,17,279.0,8,1,2022-05-13 09:02:01
1652432521734321000,278.5,4,278.5,13,279.0,8,2,2022-05-13 09:02:01
1652432522279807000,279.0,1,278.5,13,279.0,7,1,2022-05-13 09:02:02
1652432522345956000,279.0,1,278.5,13,279.0,6,1,2022-05-13 09:02:02
1652432522595489000,278.5,13,278.0,33,279.0,6,2,2022-05-13 09:02:02
1652432522598623000,279.0,1,278.0,33,279.0,5,1,2022-05-13 09:02:02
1652432522893328000,279.0,1,278.0,34,279.0,5,1,2022-05-13 09:02:02
1652432523361783000,278.5,1,278.0,34,278.5,1,2,2022-05-13 09:02:03
1652432523372122000,278.5,1,278.5,1,279.0,3,1,2022-05-13 09:02:03
1652432523567557000,279.0,1,278.5,1,279.0,3,1,2022-05-13 09:02:03
1652432523728271000,279.0,1,278.5,1,279.0,3,1,2022-05-13 09:02:03
1652432523851772000,278.5,1,278.0,34,279.0,3,2,2022-05-13 09:02:03
1652432524942964000,279.0,1,278.0,34,279.0,4,1,2022-05-13 09:02:04
1652432525530614000,279.0,5,279.0,5,279.5,11,1,2022-05-13 09:02:05
1652432525560428000,279.0,1,279.0,4,279.5,11,2,2022-05-13 09:02:05
1652432525603592000,279.0,1,279.0,3,279.5,11,2,2022-05-13 09:02:05
1652432526383687000,279.0,3,279.0,2,279.5,11,2,2022-05-13 09:02:06
1652432526511195000,279.0,1,279.0,1,279.5,11,2,2022-05-13 09:02:06
1652432526825280000,279.5,5,279.0,1,279.5,6,1,2022-05-13 09:02:06
1652432528197285000,279.0,2,278.0,29,279.5,9,2,2022-05-13 09:02:08
1652432528197285000,278.5,3,278.0,29,279.5,9,2,2022-05-13 09:02:08
1652432528197285000,278.0,5,278.0,29,279.5,9,2,2022-05-13 09:02:08
1652432531064743000,279.0,1,278.5,3,279.0,4,1,2022-05-13 09:02:11
1652432532678060000,279.0,1,278.5,14,279.0,3,1,2022-05-13 09:02:12
1652432532718658000,278.5,14,278.0,36,279.0,3,2,2022-05-13 09:02:12
1652432532718739000,279.0,1,278.0,36,279.0,2,1,2022-05-13 09:02:12
1652432533004877000,278.5,1,278.0,35,279.0,5,1,2022-05-13 09:02:13
1652432533128356000,278.0,1,278.0,34,279.0,3,2,2022-05-13 09:02:13
1652432533240277000,279.0,1,278.0,34,279.0,2,1,2022-05-13 09:02:13
1652432533628116000,278.5,1,278.0,37,278.5,1,1,2022-05-13 09:02:13
1652432533639542000,278.5,1,278.0,37,279.0,2,1,2022-05-13 09:02:13
1652432534607752000,279.0,2,278.5,1,279.0,1,1,2022-05-13 09:02:14
1652432534768130000,279.0,1,278.5,2,279.5,9,1,2022-05-13 09:02:14
1652432535407443000,279.5,1,278.5,4,279.5,8,1,2022-05-13 09:02:15
1652432535723967000,279.0,1,278.5,5,279.5,8,2,2022-05-13 09:02:15
1652432535860914000,279.5,2,278.5,5,279.5,6,1,2022-05-13 09:02:15
1652432536977281000,279.0,1,278.5,8,279.0,6,1,2022-05-13 09:02:16
1652432537287997000,278.5,4,278.5,4,279.0,6,2,2022-05-13 09:02:17
1652432537494055000,279.0,1,278.5,4,279.0,5,1,2022-05-13 09:02:17
1652432537829346000,279.0,2,278.5,4,279.0,1,1,2022-05-13 09:02:17
1652432538165150000,279.0,1,279.0,1,279.5,7,1,2022-05-13 09:02:18
1652432538322307000,279.0,1,278.5,6,279.0,1,2,2022-05-13 09:02:18
1652432539107809000,279.0,1,278.5,6,279.5,7,1,2022-05-13 09:02:19
1652432539661966000,279.0,2,278.5,7,279.5,7,2,2022-05-13 09:02:19
1652432539736665000,278.5,1,278.5,6,279.5,7,2,2022-05-13 09:02:19
1652432540772853000,279.0,1,279.0,1,279.5,7,2,2022-05-13 09:02:20
1652432542050091000,279.5,1,279.0,4,279.5,6,1,2022-05-13 09:02:22
1652432542353357000,279.5,1,279.0,8,279.5,5,1,2022-05-13 09:02:22
1652432542494943000,279.5,3,279.0,8,279.5,2,1,2022-05-13 09:02:22
1652432542500315000,279.0,3,279.0,5,279.5,2,2,2022-05-13 09:02:22
1652432542528393000,279.5,2,279.0,5,280.0,48,1,2022-05-13 09:02:22
1652432542558021000,279.0,5,278.5,11,280.0,48,2,2022-05-13 09:02:22
1652432543439567000,279.5,1,279.0,2,280.0,48,2,2022-05-13 09:02:23
1652432543473853000,280.0,1,279.0,2,280.0,47,1,2022-05-13 09:02:23
1652432544312228000,279.0,1,279.0,1,279.5,1,2,2022-05-13 09:02:24
1652432545408908000,279.5,1,279.0,3,279.5,4,1,2022-05-13 09:02:25
1652432546029806000,279.5,1,279.0,5,279.5,4,1,2022-05-13 09:02:26
1652432547368317000,279.5,1,279.0,8,279.5,4,1,2022-05-13 09:02:27
1652432548795710000,279.5,1,279.0,25,279.5,3,1,2022-05-13 09:02:28
1652432548986025000,279.5,3,279.5,2,280.0,37,1,2022-05-13 09:02:28
1652432549168677000,279.5,2,279.0,26,280.0,37,2,2022-05-13 09:02:29
1652432550488858000,280.0,5,279.5,3,280.0,32,1,2022-05-13 09:02:30
1652432550869608000,280.0,2,279.5,3,280.0,30,1,2022-05-13 09:02:30
1652432552526737000,279.5,6,279.0,29,280.0,30,2,2022-05-13 09:02:32
1652432553536613000,280.0,1,279.5,2,280.0,29,1,2022-05-13 09:02:33
1652432555360601000,280.0,1,279.5,5,280.0,33,1,2022-05-13 09:02:35
1652432555362371000,280.0,1,279.5,5,280.0,32,1,2022-05-13 09:02:35
1652432555372744000,279.5,5,279.0,33,280.0,32,2,2022-05-13 09:02:35
1652432555578773000,279.5,1,279.0,33,280.0,32,2,2022-05-13 09:02:35
1652432555995684000,280.0,1,279.0,33,280.0,26,1,2022-05-13 09:02:35
1652432556565214000,280.0,1,279.5,4,280.0,26,1,2022-05-13 09:02:36
1652432556964197000,279.5,2,279.5,3,280.0,26,2,2022-05-13 09:02:36
1652432557433036000,280.0,2,279.5,3,280.0,24,1,2022-05-13 09:02:37
1652432557454168000,280.0,1,279.5,3,280.0,23,1,2022-05-13 09:02:37
1652432559256203000,280.0,1,279.5,11,280.0,23,1,2022-05-13 09:02:39
1652432559423831000,280.0,2,279.5,11,280.0,21,1,2022-05-13 09:02:39
1652432559779426000,280.0,1,279.5,12,280.0,20,1,2022-05-13 09:02:39
1652432559943791000,280.0,4,279.5,12,280.0,16,1,2022-05-13 09:02:39
1652432560001974000,279.5,1,279.5,11,280.0,16,2,2022-05-13 09:02:40
1652432560150015000,280.0,1,279.5,13,280.0,15,1,2022-05-13 09:02:40
1652432560771101000,280.0,1,279.5,16,280.0,19,1,2022-05-13 09:02:40
1652432560804115000,280.0,1,279.5,16,280.0,18,1,2022-05-13 09:02:40
1652432561018069000,280.0,1,279.5,17,280.0,17,1,2022-05-13 09:02:41
1652432561027924000,280.0,1,279.5,17,280.0,16,1,2022-05-13 09:02:41
1652432561085731000,280.0,1,279.5,17,280.0,15,1,2022-05-13 09:02:41
1652432561639589000,280.0,1,279.5,18,280.0,14,1,2022-05-13 09:02:41
1652432561645695000,280.0,1,279.5,18,280.0,13,1,2022-05-13 09:02:41
1652432561778335000,280.0,1,279.5,18,280.0,12,1,2022-05-13 09:02:41
1652432561814252000,280.0,1,279.5,18,280.0,11,1,2022-05-13 09:02:41
1652432561891896000,280.0,1,279.5,18,280.0,10,1,2022-05-13 09:02:41
1652432562016286000,280.0,1,279.5,18,280.0,9,1,2022-05-13 09:02:42
1652432562143290000,280.0,1,279.5,18,280.0,8,1,2022-05-13 09:02:42
1652432562533048000,279.5,18,279.0,26,280.0,8,2,2022-05-13 09:02:42
1652432562629982000,279.0,2,279.0,24,279.5,2,2,2022-05-13 09:02:42
1652432562663344000,279.5,1,279.0,24,279.5,1,1,2022-05-13 09:02:42
1652432562699175000,279.5,1,279.0,24,280.5,7,1,2022-05-13 09:02:42
1652432562699175000,280.0,9,279.0,24,280.5,7,1,2022-05-13 09:02:42
1652432563831562000,280.0,1,279.5,3,280.5,8,1,2022-05-13 09:02:43
1652432563951999000,280.0,1,279.5,3,280.5,7,2,2022-05-13 09:02:43
1652432564319708000,280.0,1,280.0,10,280.5,6,2,2022-05-13 09:02:44
1652432564357796000,280.0,10,279.5,3,280.5,6,2,2022-05-13 09:02:44
1652432565468425000,280.0,1,279.5,3,280.5,6,1,2022-05-13 09:02:45
1652432566223528000,280.5,1,280.0,4,280.5,6,1,2022-05-13 09:02:46
1652432567010621000,280.0,2,280.0,5,280.5,6,2,2022-05-13 09:02:47
1652432567670092000,280.0,4,280.0,1,280.5,6,2,2022-05-13 09:02:47
1652432568215182000,280.0,1,280.0,2,280.5,6,2,2022-05-13 09:02:48
1652432568410086000,280.0,1,280.0,1,280.5,6,2,2022-05-13 09:02:48
1652432570215389000,280.5,1,280.0,6,280.5,7,1,2022-05-13 09:02:50
1652432570270678000,280.5,2,280.0,6,280.5,5,1,2022-05-13 09:02:50
1652432570290715000,280.5,2,280.0,6,280.5,3,1,2022-05-13 09:02:50
1652432570742521000,280.0,2,280.0,8,280.5,5,2,2022-05-13 09:02:50
1652432571737767000,280.5,1,280.0,8,280.5,4,1,2022-05-13 09:02:51
1652432572692393000,280.0,17,280.0,1,280.5,4,2,2022-05-13 09:02:52
1652432573639815000,280.5,1,280.0,3,280.5,3,1,2022-05-13 09:02:53
1652432573893581000,280.5,1,280.0,3,280.5,2,1,2022-05-13 09:02:53
1652432574470113000,280.5,1,280.0,3,280.5,1,1,2022-05-13 09:02:54
1652432575117211000,280.5,1,280.5,2,281.0,19,1,2022-05-13 09:02:55
1652432575137009000,280.5,2,280.0,5,281.0,19,2,2022-05-13 09:02:55
1652432575652812000,281.0,1,280.5,1,281.0,18,1,2022-05-13 09:02:55
1652432575735318000,280.5,1,280.0,5,281.0,18,2,2022-05-13 09:02:55
1652432575735318000,280.0,1,280.0,5,281.0,18,2,2022-05-13 09:02:55
1652432575840620000,280.0,1,280.0,4,280.5,6,2,2022-05-13 09:02:55
1652432576104643000,280.0,4,279.5,12,280.5,6,2,2022-05-13 09:02:56
1652432576609935000,280.5,1,279.5,12,280.5,11,1,2022-05-13 09:02:56
1652432576998980000,280.0,3,280.0,2,280.5,12,1,2022-05-13 09:02:56
1652432577214718000,280.0,2,280.0,1,280.5,14,2,2022-05-13 09:02:57
1652432577244546000,280.0,1,279.5,13,280.5,14,2,2022-05-13 09:02:57
1652432577414505000,280.0,1,279.5,13,280.0,9,2,2022-05-13 09:02:57
1652432577506588000,280.0,5,279.5,15,280.0,8,1,2022-05-13 09:02:57
1652432577574097000,280.0,1,279.5,15,280.0,7,1,2022-05-13 09:02:57
1652432578126859000,280.0,1,279.5,15,280.0,8,1,2022-05-13 09:02:58
1652432578389979000,280.0,1,279.5,15,280.0,9,1,2022-05-13 09:02:58
1652432579039841000,280.0,1,279.5,15,280.0,12,1,2022-05-13 09:02:59
1652432579440954000,280.0,1,279.5,15,280.0,11,1,2022-05-13 09:02:59
1652432579451810000,280.0,3,279.5,15,280.0,8,1,2022-05-13 09:02:59
1652432579667668000,279.5,1,279.5,14,280.0,14,2,2022-05-13 09:02:59
1652432579978495000,279.5,10,279.5,4,280.0,14,2,2022-05-13 09:02:59
1652432580016042000,279.5,4,279.0,33,280.0,14,2,2022-05-13 09:03:00
1652432580084683000,279.0,3,279.0,30,279.5,3,2,2022-05-13 09:03:00
1652432580266797000,279.5,1,279.0,30,279.5,9,1,2022-05-13 09:03:00
1652432580409593000,279.5,1,279.0,30,279.5,7,1,2022-05-13 09:03:00
1652432580919283000,279.5,1,279.0,30,279.5,6,1,2022-05-13 09:03:00
1652432581425457000,279.5,1,279.0,30,279.5,12,1,2022-05-13 09:03:01
1652432582136956000,279.5,1,279.0,31,279.5,19,1,2022-05-13 09:03:02
1652432582684635000,279.5,1,279.0,25,279.5,19,1,2022-05-13 09:03:02
1652432582698125000,279.5,5,279.0,25,279.5,14,1,2022-05-13 09:03:02
1652432582725886000,279.0,6,279.0,19,279.5,14,2,2022-05-13 09:03:02
1652432582761796000,279.0,1,279.0,18,279.5,14,2,2022-05-13 09:03:02
1652432582763651000,279.0,1,279.0,17,279.5,14,2,2022-05-13 09:03:02
1652432582792678000,279.0,17,278.5,26,279.5,14,2,2022-05-13 09:03:02
1652432582870243000,278.5,5,278.5,20,279.0,2,2,2022-05-13 09:03:02
1652432583307215000,279.0,1,278.5,21,279.0,4,1,2022-05-13 09:03:03
1652432583459695000,279.0,1,278.5,20,279.0,3,1,2022-05-13 09:03:03
1652432583912598000,278.5,3,278.5,17,279.0,3,2,2022-05-13 09:03:03
1652432584026185000,279.0,1,278.5,17,279.0,3,1,2022-05-13 09:03:04
1652432584783655000,279.0,1,278.5,17,279.0,6,1,2022-05-13 09:03:04
1652432584796343000,279.0,1,278.5,17,279.0,5,1,2022-05-13 09:03:04
1652432585106707000,279.0,1,278.5,18,279.0,4,1,2022-05-13 09:03:05
1652432585253045000,278.5,4,278.5,14,279.0,4,2,2022-05-13 09:03:05
1652432585539095000,278.5,13,278.5,1,279.0,5,2,2022-05-13 09:03:05
1652432585570613000,278.5,1,278.0,74,279.0,5,2,2022-05-13 09:03:05
1652432585632808000,278.0,16,278.0,58,279.0,6,2,2022-05-13 09:03:05
1652432586783729000,278.0,6,278.0,53,278.5,6,2,2022-05-13 09:03:06
1652432586815522000,278.0,1,278.0,52,278.5,6,2,2022-05-13 09:03:06
1652432586820205000,278.0,4,278.0,48,278.5,6,2,2022-05-13 09:03:06
1652432587144130000,278.0,1,278.0,47,278.5,7,2,2022-05-13 09:03:07
1652432587157215000,278.5,2,278.0,47,278.5,5,1,2022-05-13 09:03:07
1652432587233969000,278.5,1,278.0,47,278.5,3,1,2022-05-13 09:03:07
1652432588004459000,278.0,1,278.0,46,278.5,3,2,2022-05-13 09:03:08
1652432588161757000,278.0,1,278.0,45,278.5,3,2,2022-05-13 09:03:08
1652432588328302000,278.0,3,278.0,42,278.5,3,2,2022-05-13 09:03:08
1652432588363126000,278.0,24,278.0,18,278.5,3,2,2022-05-13 09:03:08
1652432588397191000,278.0,9,278.0,9,278.5,3,2,2022-05-13 09:03:08
1652432588438853000,278.5,1,278.0,9,278.5,3,1,2022-05-13 09:03:08
1652432588464952000,278.0,2,278.0,7,278.5,4,2,2022-05-13 09:03:08
1652432588538185000,278.0,3,278.0,4,278.5,4,2,2022-05-13 09:03:08
1652432588565379000,278.0,4,277.5,8,278.5,5,2,2022-05-13 09:03:08
1652432588744201000,278.0,1,277.5,9,278.5,4,1,2022-05-13 09:03:08
1652432590254447000,277.5,2,277.5,7,278.5,4,2,2022-05-13 09:03:10
1652432590423424000,278.0,1,277.5,6,278.5,4,1,2022-05-13 09:03:10
1652432592574750000,277.5,7,277.0,23,278.0,4,2,2022-05-13 09:03:12
1652432592574750000,277.0,3,277.0,23,278.0,4,2,2022-05-13 09:03:12
1652432593648901000,277.0,1,277.0,22,277.5,3,2,2022-05-13 09:03:13
1652432594343956000,277.5,1,277.0,22,277.5,2,1,2022-05-13 09:03:14
1652432594559809000,277.5,2,277.0,22,278.0,2,1,2022-05-13 09:03:14
1652432595245144000,278.0,1,277.5,1,278.0,2,1,2022-05-13 09:03:15
1652432595318302000,277.5,1,277.0,22,278.0,2,2,2022-05-13 09:03:15
1652432595941314000,277.0,1,277.0,22,278.0,2,2,2022-05-13 09:03:15
1652432596001380000,277.0,1,277.0,21,278.0,2,2,2022-05-13 09:03:16
1652432596149604000,277.5,1,277.5,1,278.0,2,2,2022-05-13 09:03:16
1652432596240446000,278.0,1,277.5,2,278.0,1,1,2022-05-13 09:03:16
1652432596866930000,277.5,1,277.5,1,278.0,2,2,2022-05-13 09:03:16
1652432596869110000,277.5,1,277.0,21,278.0,2,2,2022-05-13 09:03:16
1652432597004075000,278.0,2,278.0,3,278.5,3,1,2022-05-13 09:03:17
1652432597281445000,278.0,2,278.0,1,278.5,3,2,2022-05-13 09:03:17
1652432597862391000,278.5,1,278.0,4,278.5,1,1,2022-05-13 09:03:17
1652432598947606000,278.5,1,278.0,4,278.5,3,1,2022-05-13 09:03:18
1652432599172199000,278.0,1,278.0,4,278.5,3,2,2022-05-13 09:03:19
1652432599778358000,278.5,1,278.0,5,278.5,2,1,2022-05-13 09:03:19
1652432600316704000,278.5,1,278.0,6,278.5,1,1,2022-05-13 09:03:20
1652432600943425000,278.5,1,278.0,6,279.0,7,1,2022-05-13 09:03:20
1652432601238825000,279.0,1,278.0,6,279.0,6,1,2022-05-13 09:03:21
1652432601792003000,278.5,1,278.0,6,279.0,6,1,2022-05-13 09:03:21
1652432603238808000,278.0,1,278.0,7,278.5,1,2,2022-05-13 09:03:23
1652432604760113000,278.0,1,278.0,6,278.5,1,2,2022-05-13 09:03:24
1652432604883067000,278.5,1,278.0,6,279.0,6,1,2022-05-13 09:03:24
1652432605219007000,279.0,1,278.5,1,279.0,5,1,2022-05-13 09:03:25
1652432607250159000,278.5,1,278.5,2,279.0,8,2,2022-05-13 09:03:27
1652432607538596000,278.5,1,278.5,1,279.0,9,2,2022-05-13 09:03:27
1652432607552100000,278.5,1,278.0,11,279.0,9,2,2022-05-13 09:03:27
1652432609276066000,279.0,1,278.5,2,279.0,8,1,2022-05-13 09:03:29
1652432609533158000,279.0,5,278.5,3,279.0,3,1,2022-05-13 09:03:29
1652432609554193000,279.0,3,278.5,3,279.5,4,1,2022-05-13 09:03:29
1652432610390966000,279.0,1,278.5,3,279.5,4,2,2022-05-13 09:03:30
1652432610467908000,278.5,1,278.5,2,279.5,4,2,2022-05-13 09:03:30
1652432610511412000,279.0,1,278.5,2,279.5,4,2,2022-05-13 09:03:30
1652432613794725000,279.0,1,279.0,5,279.5,4,2,2022-05-13 09:03:33
1652432617208496000,279.0,1,279.0,6,279.5,5,2,2022-05-13 09:03:37
1652432617789780000,279.0,1,279.0,5,279.5,4,2,2022-05-13 09:03:37
1652432617970896000,279.0,4,279.0,1,279.5,4,2,2022-05-13 09:03:37
1652432618789757000,279.5,1,279.0,3,279.5,3,1,2022-05-13 09:03:38
1652432619295800000,279.5,1,279.0,3,279.5,2,1,2022-05-13 09:03:39
1652432620204097000,279.0,1,279.0,2,279.5,2,2,2022-05-13 09:03:40
1652432621079277000,279.0,1,279.0,1,279.5,2,2,2022-05-13 09:03:41
1652432621259530000,279.0,1,278.5,8,279.5,2,2,2022-05-13 09:03:41
1652432622495908000,279.0,1,278.5,8,279.5,1,1,2022-05-13 09:03:42
1652432624284365000,279.0,1,278.5,9,279.5,1,1,2022-05-13 09:03:44
1652432624376129000,279.5,1,278.5,9,280.0,17,1,2022-05-13 09:03:44
1652432627477536000,279.5,1,279.0,3,280.0,16,1,2022-05-13 09:03:47
1652432629929241000,279.5,1,279.0,4,279.5,3,1,2022-05-13 09:03:49
1652432630407910000,279.5,1,279.0,5,279.5,2,1,2022-05-13 09:03:50
1652432630444534000,279.5,2,279.0,5,280.0,15,1,2022-05-13 09:03:50
1652432631025956000,279.5,1,279.5,1,280.0,16,2,2022-05-13 09:03:51
1652432631093967000,280.0,1,279.5,1,280.0,15,1,2022-05-13 09:03:51
1652432634223579000,280.0,2,279.5,3,280.0,14,1,2022-05-13 09:03:54
1652432635568666000,280.0,1,279.5,4,280.0,18,1,2022-05-13 09:03:55
1652432635674712000,280.0,1,279.5,6,280.0,16,1,2022-05-13 09:03:55
1652432637059722000,279.5,1,279.5,5,280.0,16,2,2022-05-13 09:03:57
1652432637430640000,280.0,1,279.5,6,280.0,16,1,2022-05-13 09:03:57
1652432637868264000,280.0,1,279.5,6,280.0,10,1,2022-05-13 09:03:57
1652432638788468000,280.0,5,279.5,8,280.0,5,1,2022-05-13 09:03:58
1652432639736064000,280.0,1,279.5,8,280.0,4,1,2022-05-13 09:03:59
1652432639772024000,280.0,1,279.5,9,280.0,3,1,2022-05-13 09:03:59
1652432640061711000,280.0,1,279.5,9,280.0,2,1,2022-05-13 09:04:00
1652432640091957000,280.0,2,279.5,9,280.5,10,1,2022-05-13 09:04:00
1652432640146879000,280.0,1,279.5,8,280.5,9,1,2022-05-13 09:04:00
1652432640743891000,280.0,2,279.5,1,280.5,9,2,2022-05-13 09:04:00
1652432640743891000,279.5,8,279.5,1,280.5,9,2,2022-05-13 09:04:00
1652432641214432000,280.5,1,280.0,2,280.5,8,1,2022-05-13 09:04:01
1652432641315409000,280.5,1,280.0,4,280.5,7,1,2022-05-13 09:04:01
1652432642935913000,280.0,2,280.0,7,280.5,9,2,2022-05-13 09:04:02
1652432642946469000,280.0,2,280.0,6,280.5,9,2,2022-05-13 09:04:02
1652432643006217000,280.0,2,280.0,4,280.5,9,2,2022-05-13 09:04:03
1652432643812547000,280.0,2,280.0,3,280.5,9,2,2022-05-13 09:04:03
1652432643842869000,280.0,1,280.0,2,280.5,9,2,2022-05-13 09:04:03
1652432643843401000,280.0,2,279.5,1,280.5,9,2,2022-05-13 09:04:03
1652432644543607000,280.0,1,279.0,10,280.5,11,2,2022-05-13 09:04:04
1652432645219014000,280.0,1,279.0,10,280.5,11,2,2022-05-13 09:04:05
1652432645854727000,280.0,1,279.0,9,280.0,4,1,2022-05-13 09:04:05
1652432645984827000,280.0,1,279.0,9,280.0,3,1,2022-05-13 09:04:05
1652432646085799000,280.0,1,279.0,9,280.0,2,1,2022-05-13 09:04:06
1652432646241625000,280.0,1,279.0,9,280.0,1,1,2022-05-13 09:04:06
1652432646854220000,280.0,1,279.5,2,280.5,12,1,2022-05-13 09:04:06
1652432647440968000,280.0,1,280.0,2,280.5,11,2,2022-05-13 09:04:07
1652432647549117000,280.0,2,279.5,2,280.0,1,2,2022-05-13 09:04:07
1652432647576368000,279.5,2,279.5,3,280.0,1,2,2022-05-13 09:04:07
1652432647672459000,280.0,1,279.5,3,280.0,1,1,2022-05-13 09:04:07
1652432648162814000,279.5,3,279.5,1,280.0,3,2,2022-05-13 09:04:08
1652432648331131000,280.0,1,279.5,1,280.0,3,1,2022-05-13 09:04:08
1652432648787241000,280.0,3,279.5,2,280.0,3,1,2022-05-13 09:04:08
1652432649122184000,280.0,1,279.5,2,280.0,4,1,2022-05-13 09:04:09
1652432649192627000,280.0,1,279.5,2,280.0,3,1,2022-05-13 09:04:09
1652432649582787000,279.5,1,279.5,1,280.0,3,2,2022-05-13 09:04:09
1652432650391836000,280.0,1,279.5,1,280.0,3,1,2022-05-13 09:04:10
1652432653571603000,280.0,1,279.5,3,280.0,3,1,2022-05-13 09:04:13
1652432654238152000,280.0,1,279.5,3,280.0,2,1,2022-05-13 09:04:14
1652432655082912000,280.0,1,279.5,5,280.0,4,1,2022-05-13 09:04:15
1652432656082731000,280.0,1,279.5,5,280.0,4,1,2022-05-13 09:04:16
1652432657340308000,279.5,1,279.5,4,280.0,2,2,2022-05-13 09:04:17
1652432657426818000,280.0,1,279.5,4,280.0,1,1,2022-05-13 09:04:17
1652432657680705000,279.5,1,279.5,3,280.0,1,2,2022-05-13 09:04:17
1652432658395850000,280.0,1,279.5,3,280.0,1,1,2022-05-13 09:04:18
1652432658773685000,280.0,1,279.5,3,280.0,5,1,2022-05-13 09:04:18
1652432659243703000,280.0,1,279.5,4,280.0,5,1,2022-05-13 09:04:19
1652432660875593000,280.0,1,279.5,6,280.0,4,1,2022-05-13 09:04:20
1652432662115342000,280.0,1,279.5,7,280.0,8,1,2022-05-13 09:04:22
1652432662311353000,280.0,2,279.5,7,280.0,6,1,2022-05-13 09:04:22
1652432662339960000,280.0,1,279.5,7,280.0,5,1,2022-05-13 09:04:22
1652432663201707000,280.0,1,279.5,7,280.0,5,1,2022-05-13 09:04:23
1652432663211655000,280.0,2,279.5,7,280.0,3,1,2022-05-13 09:04:23
1652432664219529000,280.0,3,279.5,10,280.0,1,1,2022-05-13 09:04:24
1652432665624808000,280.0,4,280.0,6,280.5,13,1,2022-05-13 09:04:25
1652432669732239000,280.5,1,280.0,15,280.5,11,1,2022-05-13 09:04:29
1652432669893631000,280.5,1,280.0,15,280.5,10,1,2022-05-13 09:04:29
1652432671308979000,280.5,5,280.0,18,280.5,10,1,2022-05-13 09:04:31
1652432671635484000,280.5,10,280.0,21,281.0,20,1,2022-05-13 09:04:31
1652432671850543000,280.5,1,280.0,20,281.0,20,2,2022-05-13 09:04:31
1652432672313582000,281.0,10,280.0,22,281.0,10,1,2022-05-13 09:04:32
1652432672521208000,280.0,1,280.0,21,281.0,10,2,2022-05-13 09:04:32
1652432675784449000,280.5,1,280.5,7,281.0,10,2,2022-05-13 09:04:35
1652432677180288000,281.0,1,280.5,8,281.0,8,1,2022-05-13 09:04:37
1652432677253057000,280.5,1,280.5,7,281.0,8,2,2022-05-13 09:04:37
1652432680034495000,281.0,1,280.5,11,281.0,12,1,2022-05-13 09:04:40
1652432680201966000,281.0,1,280.5,11,281.0,11,1,2022-05-13 09:04:40
1652432680495322000,280.5,1,280.5,11,281.0,11,2,2022-05-13 09:04:40
1652432681491304000,281.0,1,280.5,11,281.0,9,1,2022-05-13 09:04:41
1652432681534495000,281.0,9,281.0,1,281.5,15,1,2022-05-13 09:04:41
1652432684031542000,281.5,1,281.0,5,281.5,14,1,2022-05-13 09:04:44
1652432684531176000,281.5,1,281.0,5,281.5,13,1,2022-05-13 09:04:44
1652432685902860000,281.0,3,281.0,3,281.5,15,2,2022-05-13 09:04:45
1652432686018371000,281.5,1,281.0,3,281.5,15,1,2022-05-13 09:04:46
1652432686587468000,281.5,1,281.0,4,281.5,13,1,2022-05-13 09:04:46
1652432687153940000,281.5,1,281.0,5,281.5,13,1,2022-05-13 09:04:47
1652432687349365000,281.5,1,281.0,5,281.5,12,1,2022-05-13 09:04:47
1652432687659599000,281.5,10,281.0,10,281.5,2,1,2022-05-13 09:04:47
1652432687681144000,281.5,1,281.0,10,281.5,1,1,2022-05-13 09:04:47
1652432688131429000,281.0,1,281.0,12,281.5,1,2,2022-05-13 09:04:48
1652432688711512000,281.5,1,281.0,11,282.0,71,1,2022-05-13 09:04:48
1652432689110658000,281.5,1,281.0,4,282.0,71,2,2022-05-13 09:04:49
1652432689110658000,281.0,6,281.0,4,282.0,71,2,2022-05-13 09:04:49
1652432689114347000,281.0,3,281.0,1,282.0,71,2,2022-05-13 09:04:49
1652432689151986000,281.5,1,281.0,1,282.0,72,2,2022-05-13 09:04:49
1652432689256124000,281.5,1,281.0,1,282.0,72,1,2022-05-13 09:04:49
1652432690118010000,281.5,2,279.5,14,280.0,1,2,2022-05-13 09:04:50
1652432690118010000,281.0,5,279.5,14,280.0,1,2,2022-05-13 09:04:50
1652432690118010000,280.5,12,279.5,14,280.0,1,2,2022-05-13 09:04:50
1652432690118010000,280.0,30,279.5,14,280.0,1,2,2022-05-13 09:04:50
1652432690136905000,280.0,1,279.5,14,282.0,72,1,2022-05-13 09:04:50
1652432690143165000,279.5,1,279.5,12,280.0,3,2,2022-05-13 09:04:50
1652432690160858000,280.0,1,279.5,12,280.0,2,1,2022-05-13 09:04:50
1652432690160904000,280.0,1,279.5,12,280.0,1,1,2022-05-13 09:04:50
1652432690160940000,280.0,1,279.5,12,280.5,1,1,2022-05-13 09:04:50
1652432690160957000,280.5,1,279.5,12,282.0,72,1,2022-05-13 09:04:50
1652432690628067000,281.0,2,280.0,6,281.0,1,2,2022-05-13 09:04:50
1652432691419837000,281.0,1,280.0,16,281.5,3,1,2022-05-13 09:04:51
1652432692987788000,281.5,1,281.0,3,281.5,2,1,2022-05-13 09:04:52
1652432693116964000,281.0,1,281.0,2,281.5,2,2,2022-05-13 09:04:53
1652432693671632000,281.0,1,281.0,2,281.5,8,2,2022-05-13 09:04:53
1652432694879692000,281.0,1,281.0,1,281.5,14,2,2022-05-13 09:04:54
1652432694912671000,281.0,1,280.5,8,281.5,14,2,2022-05-13 09:04:54
1652432695238529000,281.5,1,280.5,8,281.5,14,1,2022-05-13 09:04:55
1652432695523959000,281.0,1,280.5,8,281.5,17,1,2022-05-13 09:04:55
1652432695812267000,281.5,2,280.5,8,281.5,17,1,2022-05-13 09:04:55
1652432696703221000,281.5,1,281.0,6,281.5,16,1,2022-05-13 09:04:56
1652432696747465000,281.0,5,281.0,1,281.5,18,2,2022-05-13 09:04:56
1652432696749993000,281.0,1,280.5,8,281.5,18,2,2022-05-13 09:04:56
1652432697449827000,281.0,1,280.5,8,281.5,23,1,2022-05-13 09:04:57
1652432697906570000,281.0,1,280.0,22,281.5,23,2,2022-05-13 09:04:57
1652432697906570000,280.5,9,280.0,22,281.5,23,2,2022-05-13 09:04:57
1652432698040784000,280.5,1,280.0,19,281.5,24,2,2022-05-13 09:04:58
1652432698040784000,280.0,1,280.0,19,281.5,24,2,2022-05-13 09:04:58
1652432698068262000,281.5,1,280.0,19,281.5,23,1,2022-05-13 09:04:58
1652432699921476000,281.0,1,280.5,2,281.0,2,1,2022-05-13 09:04:59
1652432700119465000,281.0,1,280.5,2,281.0,1,1,2022-05-13 09:05:00
1652432700208703000,280.5,1,280.5,1,281.0,1,2,2022-05-13 09:05:00
1652432700456314000,280.5,1,280.5,1,281.0,1,2,2022-05-13 09:05:00
1652432700874313000,281.0,1,281.0,1,281.5,20,1,2022-05-13 09:05:00
1652432700899064000,281.0,1,280.5,1,281.5,20,2,2022-05-13 09:05:00
1652432700989765000,280.5,1,280.0,19,281.5,21,2,2022-05-13 09:05:00
1652432701977284000,281.0,1,280.5,4,281.0,2,1,2022-05-13 09:05:01
1652432704231643000,280.5,4,280.5,4,281.0,4,2,2022-05-13 09:05:04
1652432704440094000,281.0,2,280.5,4,281.0,3,1,2022-05-13 09:05:04
1652432704722806000,281.0,1,280.5,5,281.0,2,1,2022-05-13 09:05:04
1652432705239639000,280.5,1,280.5,6,281.0,3,2,2022-05-13 09:05:05
1652432705296660000,280.5,5,280.5,1,281.0,3,2,2022-05-13 09:05:05
1652432705328873000,280.5,1,280.0,20,281.0,3,2,2022-05-13 09:05:05
1652432708147689000,280.5,1,280.5,3,281.0,20,2,2022-05-13 09:05:08
1652432708168012000,280.5,3,280.0,23,281.0,20,2,2022-05-13 09:05:08
1652432708350997000,280.5,1,280.0,21,281.0,21,2,2022-05-13 09:05:08
1652432708350997000,280.0,2,280.0,21,281.0,21,2,2022-05-13 09:05:08
1652432709654964000,280.5,1,280.0,21,280.5,8,1,2022-05-13 09:05:09
1652432709709414000,280.5,1,280.0,21,280.5,8,1,2022-05-13 09:05:09
1652432710048287000,280.5,1,280.0,21,280.5,6,1,2022-05-13 09:05:10
1652432710219920000,280.5,1,280.0,21,280.5,6,1,2022-05-13 09:05:10
1652432710893039000,280.5,1,280.0,21,280.5,5,1,2022-05-13 09:05:10
1652432711639808000,280.5,1,280.0,21,280.5,5,1,2022-05-13 09:05:11
1652432711975897000,280.5,3,280.0,21,280.5,2,1,2022-05-13 09:05:11
1652432712902645000,280.5,1,280.0,22,280.5,3,1,2022-05-13 09:05:12
1652432713433375000,280.5,1,280.0,22,280.5,2,1,2022-05-13 09:05:13
1652432714310817000,280.0,12,280.0,12,280.5,4,2,2022-05-13 09:05:14
1652432715654679000,280.5,1,280.0,14,280.5,4,1,2022-05-13 09:05:15
1652432715834139000,280.5,1,280.0,14,280.5,3,1,2022-05-13 09:05:15
1652432715947346000,280.0,1,280.0,13,280.5,3,2,2022-05-13 09:05:15
1652432716004597000,280.5,2,280.0,13,280.5,1,1,2022-05-13 09:05:16
1652432716037913000,280.5,1,280.5,2,281.0,40,1,2022-05-13 09:05:16
1652432716358524000,280.5,1,280.5,2,281.0,43,2,2022-05-13 09:05:16
1652432716591973000,280.5,1,280.5,1,281.0,43,2,2022-05-13 09:05:16
1652432716592570000,280.5,1,280.0,13,281.0,43,2,2022-05-13 09:05:16
1652432716641932000,280.0,1,280.0,12,280.5,23,2,2022-05-13 09:05:16
1652432718771841000,280.5,1,280.0,12,280.5,26,1,2022-05-13 09:05:18
1652432718924955000,280.5,2,280.0,12,280.5,24,1,2022-05-13 09:05:18
1652432719397247000,280.0,1,280.0,11,280.5,23,2,2022-05-13 09:05:19
1652432719443998000,280.5,3,280.0,11,280.5,20,1,2022-05-13 09:05:19
1652432719898977000,280.0,5,280.0,7,280.5,22,2,2022-05-13 09:05:19
1652432720056065000,280.0,1,280.0,6,280.5,22,2,2022-05-13 09:05:20
1652432720712774000,280.0,1,280.0,5,280.5,25,2,2022-05-13 09:05:20
1652432720790922000,280.0,5,279.5,11,280.5,25,2,2022-05-13 09:05:20
1652432720969069000,280.5,1,279.5,11,280.5,24,1,2022-05-13 09:05:20
1652432721369926000,280.5,1,279.5,11,280.5,24,1,2022-05-13 09:05:21
1652432721404009000,280.0,1,279.5,11,280.5,24,2,2022-05-13 09:05:21
1652432721542205000,280.0,1,280.0,2,280.5,24,1,2022-05-13 09:05:21
1652432721577003000,280.0,2,279.5,11,280.5,24,2,2022-05-13 09:05:21
1652432722765599000,280.0,1,279.5,9,280.0,2,1,2022-05-13 09:05:22
1652432723070100000,280.0,1,279.5,9,280.0,2,1,2022-05-13 09:05:23
1652432723248549000,280.0,1,279.5,9,280.0,3,1,2022-05-13 09:05:23
1652432724044806000,280.0,2,279.5,9,280.0,1,1,2022-05-13 09:05:24
1652432724112738000,280.0,1,279.5,9,280.5,24,1,2022-05-13 09:05:24
1652432724618485000,280.5,3,280.0,1,280.5,22,1,2022-05-13 09:05:24
1652432727291618000,280.5,1,280.0,6,280.5,28,1,2022-05-13 09:05:27
1652432728336118000,280.0,1,280.0,5,280.5,28,2,2022-05-13 09:05:28
1652432728883776000,280.5,1,280.0,5,280.5,28,1,2022-05-13 09:05:28
1652432729974803000,280.0,1,280.0,5,280.5,28,2,2022-05-13 09:05:29
1652432730621992000,280.0,2,280.0,3,280.5,28,2,2022-05-13 09:05:30
1652432731966848000,280.0,1,280.0,2,280.5,30,2,2022-05-13 09:05:31
1652432733073917000,280.0,2,280.0,1,280.5,31,2,2022-05-13 09:05:33
1652432733344100000,280.0,1,279.5,10,280.5,31,2,2022-05-13 09:05:33
1652432733369322000,280.0,1,280.0,2,280.5,31,1,2022-05-13 09:05:33
1652432733563111000,280.5,1,280.0,2,280.5,31,1,2022-05-13 09:05:33
1652432733795441000,280.0,1,280.0,1,280.5,33,2,2022-05-13 09:05:33
1652432734536642000,280.5,1,280.0,6,280.5,32,1,2022-05-13 09:05:34
1652432734581300000,280.0,1,280.0,5,280.5,32,2,2022-05-13 09:05:34
1652432734958856000,280.0,3,280.0,2,280.5,31,2,2022-05-13 09:05:34
1652432735037833000,280.0,1,280.0,1,280.5,31,2,2022-05-13 09:05:35
1652432735327104000,280.0,1,279.5,9,280.5,32,2,2022-05-13 09:05:35
1652432735327104000,279.5,1,279.5,9,280.5,32,2,2022-05-13 09:05:35
1652432737097552000,280.0,1,279.5,9,280.0,3,1,2022-05-13 09:05:37
1652432739331614000,280.0,1,279.5,8,280.0,6,1,2022-05-13 09:05:39
1652432740421637000,280.0,1,279.5,8,280.0,9,1,2022-05-13 09:05:40
1652432740673137000,279.5,1,279.5,7,280.0,10,2,2022-05-13 09:05:40
1652432740821739000,279.5,7,277.5,26,278.0,7,2,2022-05-13 09:05:40
1652432740821739000,279.0,26,277.5,26,278.0,7,2,2022-05-13 09:05:40
1652432740821739000,278.5,24,277.5,26,278.0,7,2,2022-05-13 09:05:40
1652432740821739000,278.0,61,277.5,26,278.0,7,2,2022-05-13 09:05:40
1652432740842005000,278.0,1,277.5,26,278.0,6,1,2022-05-13 09:05:40
1652432740842155000,278.0,2,277.5,26,278.0,4,1,2022-05-13 09:05:40
1652432740849753000,277.5,1,277.5,25,278.0,7,2,2022-05-13 09:05:40
1652432740856074000,277.5,1,277.5,24,278.0,10,2,2022-05-13 09:05:40
1652432740859981000,277.5,1,277.5,23,278.0,10,2,2022-05-13 09:05:40
1652432740863817000,277.5,1,277.5,22,278.0,10,2,2022-05-13 09:05:40
1652432740865449000,278.0,3,277.5,22,278.0,7,1,2022-05-13 09:05:40
1652432740877994000,277.5,1,277.5,21,278.0,7,2,2022-05-13 09:05:40
1652432740966167000,277.5,1,277.5,20,278.0,7,2,2022-05-13 09:05:40
1652432741004341000,278.0,1,277.5,20,278.0,6,1,2022-05-13 09:05:41
1652432741887337000,278.0,1,277.5,21,278.0,5,1,2022-05-13 09:05:41
1652432741932331000,277.5,1,277.5,20,278.0,5,2,2022-05-13 09:05:41
1652432742037526000,278.0,1,277.5,20,278.0,4,1,2022-05-13 09:05:42
1652432742211836000,278.0,1,277.5,20,278.0,3,1,2022-05-13 09:05:42
1652432742579196000,278.0,1,277.5,19,278.0,3,1,2022-05-13 09:05:42
1652432742750325000,278.0,3,277.5,19,278.5,1,1,2022-05-13 09:05:42
1652432743422346000,278.5,1,277.5,19,279.0,1,1,2022-05-13 09:05:43
1652432743510469000,277.5,2,277.5,18,279.0,1,2,2022-05-13 09:05:43
1652432743552158000,279.0,1,277.5,18,280.0,13,1,2022-05-13 09:05:43
1652432746055909000,279.5,1,278.0,2,280.0,17,1,2022-05-13 09:05:46
1652432746055909000,280.0,1,278.0,2,280.0,17,1,2022-05-13 09:05:46
1652432746437105000,279.0,1,278.0,3,279.5,4,1,2022-05-13 09:05:46
1652432747697558000,279.5,2,278.0,5,279.5,4,1,2022-05-13 09:05:47
1652432750991791000,279.0,1,279.0,1,279.5,4,2,2022-05-13 09:05:50
1652432753502776000,279.0,1,278.5,3,279.5,11,2,2022-05-13 09:05:53
1652432758915094000,279.0,1,278.5,2,279.0,3,1,2022-05-13 09:05:58
1652432764636749000,279.0,1,278.5,13,279.0,10,1,2022-05-13 09:06:04
1652432764685258000,278.5,10,278.5,3,279.0,10,2,2022-05-13 09:06:04
1652432764710797000,278.5,3,278.0,21,279.0,10,2,2022-05-13 09:06:04
1652432765164704000,279.0,10,278.0,22,279.0,1,1,2022-05-13 09:06:05
1652432766901915000,279.0,1,279.0,3,279.5,9,2,2022-05-13 09:06:06
1652432767334235000,279.0,2,279.0,3,279.5,9,2,2022-05-13 09:06:07
1652432767433437000,279.0,1,279.0,2,279.5,9,2,2022-05-13 09:06:07
1652432767471619000,279.0,2,278.5,1,279.5,9,2,2022-05-13 09:06:07
1652432769028564000,279.0,1,278.5,1,279.0,9,1,2022-05-13 09:06:09
1652432769209318000,278.5,1,278.0,22,279.0,9,2,2022-05-13 09:06:09
1652432769430726000,279.0,1,278.0,22,279.0,8,1,2022-05-13 09:06:09
1652432771990123000,279.0,1,278.0,26,279.0,8,1,2022-05-13 09:06:11
1652432775867800000,278.5,2,278.5,2,279.0,8,2,2022-05-13 09:06:15
1652432778579703000,278.5,1,278.5,6,279.0,11,2,2022-05-13 09:06:18
1652432780147482000,279.0,1,278.5,8,279.0,9,1,2022-05-13 09:06:20
1652432781039798000,278.5,1,278.5,7,279.0,9,2,2022-05-13 09:06:21
1652432781871393000,278.5,2,278.5,5,279.0,9,2,2022-05-13 09:06:21
1652432783294452000,278.5,1,278.5,6,279.0,9,2,2022-05-13 09:06:23
1652432785987174000,278.5,1,278.5,10,279.0,11,2,2022-05-13 09:06:25
1652432787633454000,278.5,1,278.5,12,279.0,11,2,2022-05-13 09:06:27
1652432787670558000,279.0,1,278.5,12,279.0,10,1,2022-05-13 09:06:27
1652432787745581000,278.5,2,278.5,10,279.0,10,2,2022-05-13 09:06:27
1652432793360157000,279.0,2,278.5,13,279.0,8,1,2022-05-13 09:06:33
1652432797135473000,279.0,1,278.5,13,279.0,16,1,2022-05-13 09:06:37
1652432798203146000,279.0,1,278.5,14,279.0,16,1,2022-05-13 09:06:38
1652432798466932000,278.5,2,278.5,12,279.0,16,2,2022-05-13 09:06:38
1652432798498983000,278.5,2,278.5,10,279.0,15,2,2022-05-13 09:06:38
1652432798737840000,279.0,1,278.5,11,279.0,14,1,2022-05-13 09:06:38
1652432800135223000,279.0,1,278.5,11,279.0,13,1,2022-05-13 09:06:40
1652432801932755000,278.5,2,278.5,10,279.0,13,2,2022-05-13 09:06:41
1652432801971989000,278.5,1,278.5,9,279.0,13,2,2022-05-13 09:06:41
1652432802052527000,279.0,5,278.5,9,279.0,8,1,2022-05-13 09:06:42
1652432802756242000,279.0,1,278.5,9,279.0,7,1,2022-05-13 09:06:42
1652432803039181000,279.0,1,278.5,9,279.0,7,1,2022-05-13 09:06:43
1652432805198199000,279.0,1,278.5,9,279.0,8,1,2022-05-13 09:06:45
1652432809028720000,279.0,1,278.5,9,279.0,10,1,2022-05-13 09:06:49
1652432809127488000,279.0,1,278.5,9,279.0,9,1,2022-05-13 09:06:49
1652432809636720000,279.0,1,278.5,11,279.0,7,1,2022-05-13 09:06:49
1652432810467225000,279.0,3,278.5,11,279.0,4,1,2022-05-13 09:06:50
1652432812649854000,279.0,1,278.5,11,279.0,5,1,2022-05-13 09:06:52
1652432813665585000,279.0,1,278.5,11,279.0,6,1,2022-05-13 09:06:53
1652432815057961000,279.0,1,278.5,11,279.0,5,1,2022-05-13 09:06:55
1652432815859734000,278.5,1,278.5,11,279.0,5,2,2022-05-13 09:06:55
1652432817248260000,279.0,1,278.5,11,279.0,4,1,2022-05-13 09:06:57
1652432817826215000,279.0,1,278.5,13,279.0,3,1,2022-05-13 09:06:57
1652432818290434000,279.0,1,278.5,13,279.0,3,1,2022-05-13 09:06:58
1652432818729281000,279.0,1,278.5,13,279.0,2,1,2022-05-13 09:06:58
1652432818741215000,279.0,1,278.5,13,279.0,1,1,2022-05-13 09:06:58
1652432818825604000,279.0,1,278.5,13,279.0,1,1,2022-05-13 09:06:58
1652432819193218000,279.0,1,278.5,13,279.5,9,1,2022-05-13 09:06:59
1652432820260162000,279.0,1,279.0,8,279.5,8,1,2022-05-13 09:07:00
1652432821380861000,279.0,2,279.0,7,279.5,8,2,2022-05-13 09:07:01
1652432821925567000,279.0,1,279.0,7,279.5,8,2,2022-05-13 09:07:01
1652432822216346000,279.0,1,279.0,6,279.5,8,2,2022-05-13 09:07:02
1652432822714050000,279.0,2,279.0,5,279.5,8,2,2022-05-13 09:07:02
1652432822714421000,279.0,2,279.0,3,279.5,8,2,2022-05-13 09:07:02
1652432823009488000,279.0,1,279.0,2,279.5,8,2,2022-05-13 09:07:03
1652432823866251000,279.0,2,278.5,13,279.5,8,2,2022-05-13 09:07:03
1652432825827175000,278.5,10,278.5,5,279.5,8,2,2022-05-13 09:07:05
1652432825888278000,278.5,5,278.0,43,279.0,2,2,2022-05-13 09:07:05
1652432825917680000,278.0,3,278.0,40,279.0,2,2,2022-05-13 09:07:05
1652432827311773000,279.0,1,278.5,8,279.5,11,2,2022-05-13 09:07:07
1652432832568589000,279.0,1,278.5,8,279.0,5,1,2022-05-13 09:07:12
1652432834445178000,278.5,1,278.5,7,279.0,7,2,2022-05-13 09:07:14
1652432839353920000,278.5,1,278.5,6,279.0,7,2,2022-05-13 09:07:19
1652432844154225000,279.0,10,278.5,7,279.5,10,1,2022-05-13 09:07:24
1652432844445422000,278.5,1,278.5,6,279.5,10,2,2022-05-13 09:07:24
1652432844612286000,279.0,1,278.5,6,279.5,10,1,2022-05-13 09:07:24
1652432845316783000,278.5,1,278.5,5,279.5,10,2,2022-05-13 09:07:25
1652432845866091000,279.5,1,278.5,5,279.5,9,1,2022-05-13 09:07:25
1652432846349805000,278.5,2,278.5,3,279.5,9,2,2022-05-13 09:07:26
1652432854815728000,279.0,1,278.5,5,279.0,3,1,2022-05-13 09:07:34
1652432854976379000,279.0,1,278.5,5,279.0,2,1,2022-05-13 09:07:34
1652432855021094000,279.0,1,278.5,5,279.0,1,1,2022-05-13 09:07:35
1652432857017412000,278.5,5,278.0,43,278.5,20,2,2022-05-13 09:07:37
1652432858367159000,278.5,1,278.0,42,278.5,21,1,2022-05-13 09:07:38
1652432859709281000,278.5,1,278.0,42,278.5,20,1,2022-05-13 09:07:39
1652432862023775000,278.0,3,278.0,39,278.5,20,2,2022-05-13 09:07:42
1652432862059553000,278.0,10,278.0,29,278.5,20,2,2022-05-13 09:07:42
1652432862095783000,278.0,1,278.0,28,278.5,20,2,2022-05-13 09:07:42
1652432862205191000,278.0,1,278.0,27,278.5,20,2,2022-05-13 09:07:42
1652432862237855000,278.0,2,278.0,25,278.5,20,2,2022-05-13 09:07:42
1652432862270254000,278.0,1,278.0,24,278.5,20,2,2022-05-13 09:07:42
1652432863084602000,278.0,2,278.0,22,278.5,21,2,2022-05-13 09:07:43
1652432863106293000,278.0,1,278.0,21,278.5,21,2,2022-05-13 09:07:43
1652432864386433000,278.5,1,278.0,22,278.5,20,1,2022-05-13 09:07:44
1652432864678351000,278.0,1,278.0,22,278.5,20,2,2022-05-13 09:07:44
1652432864708362000,278.0,1,278.0,21,278.5,20,2,2022-05-13 09:07:44
1652432864726712000,278.0,1,278.0,20,278.5,20,2,2022-05-13 09:07:44
1652432865608431000,278.0,6,278.0,14,278.5,20,2,2022-05-13 09:07:45
1652432865641647000,278.0,2,278.0,12,278.5,20,2,2022-05-13 09:07:45
1652432865643690000,278.0,1,278.0,11,278.5,20,2,2022-05-13 09:07:45
1652432865919646000,278.0,5,278.0,6,278.5,20,2,2022-05-13 09:07:45
1652432865938950000,278.0,2,278.0,4,278.5,20,2,2022-05-13 09:07:45
1652432865942838000,278.0,4,277.5,25,278.5,20,2,2022-05-13 09:07:45
1652432867129674000,277.5,5,277.5,20,278.0,5,2,2022-05-13 09:07:47
1652432867169685000,277.5,1,277.5,18,278.0,7,2,2022-05-13 09:07:47
1652432867972366000,277.5,5,277.5,13,278.0,8,2,2022-05-13 09:07:47
1652432868003161000,277.5,5,277.5,8,278.0,8,2,2022-05-13 09:07:48
1652432868036657000,277.5,4,277.5,4,278.0,8,2,2022-05-13 09:07:48
1652432868071480000,277.5,1,277.5,3,278.0,8,2,2022-05-13 09:07:48
1652432868102387000,277.5,1,277.5,2,278.0,9,2,2022-05-13 09:07:48
1652432868342236000,277.5,2,277.0,66,278.0,9,2,2022-05-13 09:07:48
1652432868358708000,277.0,1,277.0,65,278.0,9,2,2022-05-13 09:07:48
1652432870688949000,277.0,1,277.0,61,277.5,3,2,2022-05-13 09:07:50
1652432870767152000,277.0,1,277.0,60,277.5,3,2,2022-05-13 09:07:50
1652432873197764000,277.0,1,277.0,57,277.5,4,2,2022-05-13 09:07:53
1652432873245396000,277.0,1,277.0,56,277.5,4,2,2022-05-13 09:07:53
1652432873529465000,277.0,1,277.0,55,277.5,4,2,2022-05-13 09:07:53
1652432874230579000,277.0,1,277.0,54,277.5,7,2,2022-05-13 09:07:54
1652432874292611000,277.0,1,277.0,53,277.5,8,2,2022-05-13 09:07:54
1652432874496590000,277.0,1,277.0,52,277.5,9,2,2022-05-13 09:07:54
1652432874547964000,277.5,1,277.0,52,277.5,8,1,2022-05-13 09:07:54
1652432874574086000,277.5,1,277.0,52,277.5,7,1,2022-05-13 09:07:54
1652432874824192000,277.5,1,277.0,52,277.5,6,1,2022-05-13 09:07:54
1652432875158386000,277.5,2,277.0,54,277.5,4,1,2022-05-13 09:07:55
1652432875281441000,277.0,1,277.0,53,277.5,4,2,2022-05-13 09:07:55
1652432875342859000,277.0,5,277.0,48,277.5,4,2,2022-05-13 09:07:55
1652432875568219000,277.0,4,277.0,44,277.5,4,2,2022-05-13 09:07:55
1652432875682328000,277.5,1,277.0,44,277.5,3,1,2022-05-13 09:07:55
1652432876106884000,277.0,1,277.0,43,277.5,3,2,2022-05-13 09:07:56
1652432876514100000,277.0,1,277.0,42,277.5,3,2,2022-05-13 09:07:56
1652432876560245000,277.0,1,277.0,41,277.5,3,2,2022-05-13 09:07:56
1652432876575960000,277.0,1,277.0,40,277.5,3,2,2022-05-13 09:07:56
1652432877518482000,277.5,1,277.0,40,277.5,3,1,2022-05-13 09:07:57
1652432877610344000,277.0,4,277.0,36,277.5,3,2,2022-05-13 09:07:57
1652432877752202000,277.0,1,277.0,35,277.5,3,2,2022-05-13 09:07:57
1652432878898771000,277.0,5,277.0,30,277.5,3,2,2022-05-13 09:07:58
1652432879008807000,277.5,1,277.0,30,277.5,2,1,2022-05-13 09:07:59
1652432880151926000,277.0,1,277.0,29,277.5,2,2,2022-05-13 09:08:00
1652432880337559000,277.0,1,277.0,28,277.5,2,2,2022-05-13 09:08:00
1652432880702857000,277.0,10,277.0,18,277.5,2,2,2022-05-13 09:08:00
1652432880744681000,277.0,1,277.0,17,277.5,2,2,2022-05-13 09:08:00
1652432880850862000,277.0,6,277.0,11,277.5,2,2,2022-05-13 09:08:00
1652432880961011000,277.0,7,277.0,4,277.5,3,2,2022-05-13 09:08:00
1652432880996310000,277.0,1,277.0,3,277.5,3,2,2022-05-13 09:08:00
1652432881475401000,277.0,2,276.5,14,277.0,1,2,2022-05-13 09:08:01
1652432881671447000,276.5,1,276.5,13,277.0,1,2,2022-05-13 09:08:01
1652432881806312000,277.0,1,277.0,1,277.5,3,1,2022-05-13 09:08:01
1652432881923068000,277.0,1,276.5,13,277.5,3,2,2022-05-13 09:08:01
1652432881956592000,277.0,1,276.5,13,277.5,3,1,2022-05-13 09:08:01
1652432882573715000,276.5,4,276.5,9,277.0,5,2,2022-05-13 09:08:02
1652432883123139000,277.0,1,276.5,9,277.0,10,1,2022-05-13 09:08:03
1652432883301343000,277.0,2,276.5,9,277.0,9,1,2022-05-13 09:08:03
1652432884441101000,276.5,1,276.5,7,277.0,12,2,2022-05-13 09:08:04
1652432885646891000,276.5,1,276.5,7,277.0,12,2,2022-05-13 09:08:05
1652432885956823000,277.0,1,276.5,6,277.0,11,1,2022-05-13 09:08:05
1652432886316349000,276.5,1,276.5,5,277.0,12,2,2022-05-13 09:08:06
1652432886491935000,276.5,4,276.5,1,277.0,13,2,2022-05-13 09:08:06
1652432887165052000,276.5,1,276.5,1,277.0,13,2,2022-05-13 09:08:07
1652432887311791000,276.5,1,276.0,30,276.5,3,2,2022-05-13 09:08:07
1652432887344572000,276.5,3,276.0,30,277.0,13,1,2022-05-13 09:08:07
1652432888037037000,277.0,1,276.0,30,277.0,12,1,2022-05-13 09:08:08
1652432888087882000,276.5,1,276.0,30,277.0,12,2,2022-05-13 09:08:08
1652432888348202000,276.0,1,276.0,29,277.0,12,2,2022-05-13 09:08:08
1652432888412194000,276.5,1,276.0,29,277.0,12,1,2022-05-13 09:08:08
1652432888654079000,276.5,1,276.5,21,277.0,17,2,2022-05-13 09:08:08
1652432888682636000,277.0,17,276.5,21,277.5,10,1,2022-05-13 09:08:08
1652432888853501000,276.5,1,276.5,28,277.0,1,2,2022-05-13 09:08:08
1652432889009593000,276.5,10,276.5,20,277.0,1,2,2022-05-13 09:08:09
1652432889048287000,276.5,1,276.5,18,277.0,2,2,2022-05-13 09:08:09
1652432889916964000,277.0,1,276.5,16,277.0,2,1,2022-05-13 09:08:09
1652432890829179000,276.5,1,276.5,18,277.0,2,2,2022-05-13 09:08:10
1652432891129788000,277.0,2,276.5,26,277.5,9,1,2022-05-13 09:08:11
1652432892015436000,276.5,1,276.5,30,277.0,1,2,2022-05-13 09:08:12
1652432892050614000,277.0,1,276.5,30,277.5,9,1,2022-05-13 09:08:12
1652432892415168000,277.0,1,277.0,2,277.5,9,2,2022-05-13 09:08:12
1652432892973080000,277.0,1,277.0,2,277.5,9,2,2022-05-13 09:08:12
1652432893098873000,277.0,1,277.0,3,277.5,9,2,2022-05-13 09:08:13
1652432893568372000,277.0,3,276.5,32,277.0,21,2,2022-05-13 09:08:13
1652432893745529000,277.0,1,276.5,29,277.0,22,1,2022-05-13 09:08:13
1652432894885139000,277.0,1,276.5,30,277.0,24,1,2022-05-13 09:08:14
1652432894907914000,277.0,2,276.5,30,277.0,24,1,2022-05-13 09:08:14
1652432894956199000,277.0,2,276.5,30,277.0,22,1,2022-05-13 09:08:14
1652432894959431000,277.0,1,276.5,30,277.0,21,1,2022-05-13 09:08:14
1652432894981650000,277.0,2,276.5,31,277.0,19,1,2022-05-13 09:08:14
1652432894986800000,277.0,8,276.5,31,277.0,11,1,2022-05-13 09:08:14
1652432894997641000,277.0,1,276.5,31,277.0,10,1,2022-05-13 09:08:14
1652432895010639000,277.0,10,276.5,33,277.5,9,1,2022-05-13 09:08:15
1652432895375299000,277.0,1,277.0,1,277.5,9,2,2022-05-13 09:08:15
1652432895587199000,277.5,1,277.0,2,277.5,8,1,2022-05-13 09:08:15
1652432895611893000,277.0,1,277.0,1,277.5,8,2,2022-05-13 09:08:15
1652432896030245000,277.0,1,276.5,33,277.5,8,2,2022-05-13 09:08:16
1652432897213389000,277.0,1,276.5,39,277.5,11,2,2022-05-13 09:08:17
1652432897675250000,276.5,1,276.5,38,277.0,7,2,2022-05-13 09:08:17
1652432898005756000,277.0,1,276.5,38,277.0,6,1,2022-05-13 09:08:18
1652432898011883000,277.0,1,276.5,38,277.0,5,1,2022-05-13 09:08:18
1652432898293724000,277.0,1,276.5,38,277.0,4,1,2022-05-13 09:08:18
1652432898381267000,276.5,1,276.5,37,277.0,4,2,2022-05-13 09:08:18
1652432899165434000,277.0,1,276.5,37,277.0,4,1,2022-05-13 09:08:19
1652432899287664000,277.0,1,276.5,37,277.0,3,1,2022-05-13 09:08:19
1652432899431978000,277.0,1,276.5,38,277.0,2,1,2022-05-13 09:08:19
1652432899563019000,277.0,2,276.5,38,277.0,3,1,2022-05-13 09:08:19
1652432899695440000,277.0,1,276.5,38,277.0,2,1,2022-05-13 09:08:19
1652432899725013000,277.0,2,276.5,38,277.5,11,1,2022-05-13 09:08:19
1652432900926140000,277.0,1,277.0,15,277.5,11,2,2022-05-13 09:08:20
1652432901816066000,277.0,1,277.0,16,277.5,11,2,2022-05-13 09:08:21
1652432903147531000,277.5,8,277.0,26,277.5,3,1,2022-05-13 09:08:23
1652432903168558000,277.5,3,277.0,26,278.0,10,1,2022-05-13 09:08:23
1652432904237345000,277.5,1,277.5,4,278.0,10,2,2022-05-13 09:08:24
1652432904336068000,277.5,1,277.5,3,278.0,10,2,2022-05-13 09:08:24
1652432907021585000,277.5,1,277.5,6,278.0,10,2,2022-05-13 09:08:27
1652432907369742000,277.5,2,277.5,5,278.0,10,2,2022-05-13 09:08:27
1652432907760361000,277.5,1,277.5,4,278.0,10,2,2022-05-13 09:08:27
1652432909492250000,277.5,5,277.0,40,278.0,10,2,2022-05-13 09:08:29
1652432909555820000,277.5,1,277.0,39,277.5,32,1,2022-05-13 09:08:29
1652432909975520000,277.5,3,277.0,28,277.5,29,1,2022-05-13 09:08:29
1652432910246734000,277.5,10,277.0,28,277.5,19,1,2022-05-13 09:08:30
1652432910649820000,277.5,1,277.0,28,277.5,18,1,2022-05-13 09:08:30
1652432910799450000,277.5,1,277.0,28,277.5,17,1,2022-05-13 09:08:30
1652432911356771000,277.5,5,277.0,29,277.5,12,1,2022-05-13 09:08:31
1652432911406823000,277.0,4,277.0,25,277.5,12,2,2022-05-13 09:08:31
1652432911435232000,277.0,1,277.0,24,277.5,12,2,2022-05-13 09:08:31
1652432912236483000,277.0,1,277.0,25,277.5,16,2,2022-05-13 09:08:32
1652432912716631000,277.5,18,277.5,2,278.0,11,1,2022-05-13 09:08:32
1652432914190925000,277.5,1,277.5,3,278.0,11,2,2022-05-13 09:08:34
1652432914946155000,277.5,1,277.5,2,278.0,11,2,2022-05-13 09:08:34
1652432914977145000,277.5,1,277.5,1,278.0,11,2,2022-05-13 09:08:34
1652432915037738000,277.5,1,277.0,23,278.0,11,2,2022-05-13 09:08:35
1652432915425987000,277.5,1,277.5,7,278.0,12,2,2022-05-13 09:08:35
1652432916502080000,277.5,1,277.5,7,278.0,12,2,2022-05-13 09:08:36
1652432919008984000,278.0,1,277.5,14,278.0,11,1,2022-05-13 09:08:39
1652432919154390000,278.0,1,277.5,14,278.0,10,1,2022-05-13 09:08:39
1652432919558004000,278.0,1,277.5,15,278.0,9,1,2022-05-13 09:08:39
1652432919584487000,278.0,4,277.5,15,278.0,5,1,2022-05-13 09:08:39
1652432919607647000,278.0,5,277.5,15,278.5,9,1,2022-05-13 09:08:39
1652432920870271000,278.0,1,278.0,8,278.5,9,2,2022-05-13 09:08:40
1652432924023378000,278.5,2,278.0,10,278.5,7,1,2022-05-13 09:08:44
1652432924870628000,278.5,5,278.0,10,278.5,2,1,2022-05-13 09:08:44
1652432924900752000,278.5,2,278.0,10,279.0,9,1,2022-05-13 09:08:44
1652432925912857000,278.5,1,278.0,10,279.0,9,2,2022-05-13 09:08:45
1652432926433207000,278.0,1,278.0,10,279.0,9,2,2022-05-13 09:08:46
1652432926511245000,279.0,1,278.0,12,279.0,8,1,2022-05-13 09:08:46
1652432927181769000,278.5,1,278.0,12,279.0,8,1,2022-05-13 09:08:47
1652432930583978000,279.0,5,278.5,1,279.0,5,1,2022-05-13 09:08:50
1652432931330751000,278.5,1,278.0,15,279.0,5,2,2022-05-13 09:08:51
1652432934146160000,278.5,1,278.5,5,279.0,6,2,2022-05-13 09:08:54
1652432935964861000,279.0,2,278.5,6,279.0,4,1,2022-05-13 09:08:55
1652432937324071000,279.0,1,278.5,6,279.0,3,1,2022-05-13 09:08:57
1652432937394366000,279.0,1,278.5,6,279.0,2,1,2022-05-13 09:08:57
1652432938451517000,279.0,1,278.5,7,279.0,3,1,2022-05-13 09:08:58
1652432938613061000,278.5,1,278.5,6,279.0,3,2,2022-05-13 09:08:58
1652432940338452000,278.5,1,278.5,6,279.0,4,2,2022-05-13 09:09:00
1652432940657173000,278.5,1,278.5,8,279.0,4,2,2022-05-13 09:09:00
1652432943484730000,278.5,1,278.5,12,279.0,4,2,2022-05-13 09:09:03
1652432944056651000,279.0,1,278.5,13,279.0,3,1,2022-05-13 09:09:04
1652432944439335000,279.0,1,278.5,14,279.0,3,1,2022-05-13 09:09:04
1652432946234182000,279.0,1,278.5,16,279.0,2,1,2022-05-13 09:09:06
1652432946572146000,279.0,1,278.5,16,279.0,1,1,2022-05-13 09:09:06
1652432947488581000,279.0,1,278.5,16,279.0,1,1,2022-05-13 09:09:07
1652432947982973000,279.0,1,278.5,15,279.0,3,1,2022-05-13 09:09:07
1652432950890696000,279.0,1,278.5,16,279.0,4,1,2022-05-13 09:09:10
1652432953280652000,279.0,5,278.5,17,279.5,8,1,2022-05-13 09:09:13
1652432953280652000,279.5,3,278.5,17,279.5,8,1,2022-05-13 09:09:13
1652432954922509000,279.0,1,279.0,1,279.5,7,2,2022-05-13 09:09:14
1652432959006597000,279.0,1,279.0,5,279.5,8,2,2022-05-13 09:09:19
1652432959675454000,279.5,1,279.0,7,279.5,6,1,2022-05-13 09:09:19
1652432959808035000,279.0,1,279.0,6,279.5,6,2,2022-05-13 09:09:19
1652432960034485000,279.0,1,279.0,5,279.5,6,2,2022-05-13 09:09:20
1652432961160130000,279.0,3,279.0,3,279.5,8,2,2022-05-13 09:09:21
1652432961365078000,279.0,1,279.0,2,279.5,9,2,2022-05-13 09:09:21
1652432967471740000,279.0,1,279.0,12,279.5,11,2,2022-05-13 09:09:27
1652432972539072000,279.5,2,279.0,19,279.5,8,1,2022-05-13 09:09:32
1652432975143274000,279.0,1,279.0,20,279.5,9,2,2022-05-13 09:09:35
1652432977012007000,279.0,1,279.0,19,279.5,10,2,2022-05-13 09:09:37
1652432979360695000,279.0,2,279.0,18,279.5,15,2,2022-05-13 09:09:39
1652432979391995000,279.0,5,279.0,13,279.5,15,2,2022-05-13 09:09:39
1652432979397407000,279.0,2,279.0,11,279.5,15,2,2022-05-13 09:09:39
1652432979423768000,279.0,11,278.5,17,279.5,15,2,2022-05-13 09:09:39
1652432980003082000,279.0,1,278.5,17,279.5,14,1,2022-05-13 09:09:40
1652432984194650000,279.0,1,278.5,17,279.0,7,1,2022-05-13 09:09:44
1652432986843973000,279.0,1,278.5,17,279.0,11,1,2022-05-13 09:09:46
1652432988174725000,279.0,1,278.5,18,279.0,16,1,2022-05-13 09:09:48
1652432993670184000,279.0,1,278.5,18,279.0,18,1,2022-05-13 09:09:53
1652432994181139000,279.0,1,278.5,18,279.0,19,1,2022-05-13 09:09:54
1652432994628184000,279.0,1,278.5,19,279.0,18,1,2022-05-13 09:09:54
1652432995534334000,279.0,1,278.5,18,279.0,16,1,2022-05-13 09:09:55
1652432997113864000,279.0,1,278.5,18,279.0,15,1,2022-05-13 09:09:57
1652432997164021000,279.0,1,278.5,18,279.0,14,1,2022-05-13 09:09:57
1652432998581265000,279.0,1,278.5,18,279.0,13,1,2022-05-13 09:09:58
1652433000415405000,278.5,1,278.5,17,279.0,14,2,2022-05-13 09:10:00
1652433000652361000,279.0,1,278.5,17,279.0,13,1,2022-05-13 09:10:00
1652433001666820000,279.0,1,278.5,17,279.0,12,1,2022-05-13 09:10:01
1652433001939360000,279.0,1,278.5,17,279.0,13,1,2022-05-13 09:10:01
1652433005513122000,278.5,1,278.5,16,279.0,17,2,2022-05-13 09:10:05
1652433007960168000,279.0,3,278.5,16,279.0,18,1,2022-05-13 09:10:07
1652433008216185000,279.0,1,278.5,16,279.0,16,1,2022-05-13 09:10:08
1652433008645258000,278.5,1,278.5,15,279.0,16,2,2022-05-13 09:10:08
1652433010933939000,279.0,1,278.5,16,279.0,11,1,2022-05-13 09:10:10
1652433011312926000,278.5,1,278.5,15,279.0,11,2,2022-05-13 09:10:11
1652433013350562000,279.0,2,278.5,16,279.0,9,1,2022-05-13 09:10:13
1652433014300731000,279.0,1,278.5,16,279.0,13,1,2022-05-13 09:10:14
1652433014680225000,278.5,1,278.5,15,279.0,13,2,2022-05-13 09:10:14
1652433016241216000,279.0,1,278.5,16,279.0,14,1,2022-05-13 09:10:16
1652433019516492000,279.0,1,278.5,17,279.0,14,1,2022-05-13 09:10:19
1652433021527209000,279.0,1,278.5,18,279.0,13,1,2022-05-13 09:10:21
1652433021813508000,279.0,1,278.5,18,279.0,14,1,2022-05-13 09:10:21
1652433023947566000,279.0,2,278.5,20,279.0,12,1,2022-05-13 09:10:23
1652433025869430000,279.0,1,278.5,20,279.0,14,1,2022-05-13 09:10:25
1652433028178654000,279.0,2,278.5,21,279.0,16,1,2022-05-13 09:10:28
1652433028205536000,278.5,2,278.5,19,279.0,16,2,2022-05-13 09:10:28
1652433042733432000,278.5,1,278.5,22,279.0,18,2,2022-05-13 09:10:42
1652433042764956000,278.5,1,278.5,21,279.0,18,2,2022-05-13 09:10:42
1652433045700414000,278.5,1,278.5,23,279.0,18,2,2022-05-13 09:10:45
1652433046927385000,278.5,1,278.5,22,279.0,18,2,2022-05-13 09:10:46
1652433050512157000,278.5,11,278.5,11,279.0,18,2,2022-05-13 09:10:50
1652433050540579000,278.5,2,278.5,9,279.0,19,2,2022-05-13 09:10:50
1652433050543087000,278.5,1,278.5,8,279.0,19,2,2022-05-13 09:10:50
1652433050563362000,278.5,2,278.5,6,279.0,19,2,2022-05-13 09:10:50
1652433050629397000,278.5,2,278.5,4,279.0,19,2,2022-05-13 09:10:50
1652433050659748000,278.5,2,278.5,2,279.0,19,2,2022-05-13 09:10:50
1652433050694208000,278.5,1,278.5,1,279.0,19,2,2022-05-13 09:10:50
1652433050724454000,278.5,1,278.0,23,279.0,19,2,2022-05-13 09:10:50
1652433050818421000,279.0,1,278.0,23,279.0,14,1,2022-05-13 09:10:50
1652433052163392000,278.5,3,278.0,23,278.5,1,1,2022-05-13 09:10:52
1652433052223149000,278.0,1,278.0,22,278.5,1,2,2022-05-13 09:10:52
1652433054634718000,278.5,1,278.0,22,278.5,9,1,2022-05-13 09:10:54
1652433055623562000,278.5,1,278.0,22,278.5,9,1,2022-05-13 09:10:55
1652433055653909000,278.5,1,278.0,22,278.5,8,1,2022-05-13 09:10:55
1652433066887982000,278.0,1,278.0,22,278.5,15,2,2022-05-13 09:11:06
1652433069768388000,278.5,1,278.0,23,278.5,14,1,2022-05-13 09:11:09
1652433070121653000,278.5,1,278.0,23,278.5,13,1,2022-05-13 09:11:10
1652433070153441000,278.5,13,278.0,23,279.0,14,1,2022-05-13 09:11:10
1652433072032101000,278.5,1,278.0,22,279.0,13,2,2022-05-13 09:11:12
1652433072823194000,278.5,1,278.0,22,279.0,13,1,2022-05-13 09:11:12
1652433073763329000,278.5,2,278.0,22,279.0,13,1,2022-05-13 09:11:13
1652433077796838000,278.5,2,278.5,3,279.0,14,2,2022-05-13 09:11:17
1652433079783125000,278.5,1,278.5,2,279.0,14,2,2022-05-13 09:11:19
1652433082472415000,278.5,1,278.5,1,279.0,14,2,2022-05-13 09:11:22
1652433084428262000,278.5,1,278.5,3,279.0,29,2,2022-05-13 09:11:24
1652433089360031000,278.5,1,278.5,6,279.0,29,2,2022-05-13 09:11:29
1652433097740479000,278.5,1,278.5,5,279.0,29,2,2022-05-13 09:11:37
1652433101385172000,278.5,1,278.5,5,279.0,29,2,2022-05-13 09:11:41
1652433109377895000,278.5,1,278.5,6,279.0,34,2,2022-05-13 09:11:49
1652433122034198000,278.5,1,278.5,8,279.0,33,2,2022-05-13 09:12:02
1652433122449127000,278.5,1,278.5,7,279.0,33,2,2022-05-13 09:12:02
1652433122856793000,278.5,1,278.5,6,279.0,33,2,2022-05-13 09:12:02
1652433124717369000,279.0,2,278.5,12,279.0,30,1,2022-05-13 09:12:04
1652433124746899000,279.0,10,278.5,12,279.0,20,1,2022-05-13 09:12:04
1652433124779018000,279.0,6,278.5,12,279.0,14,1,2022-05-13 09:12:04
1652433124779404000,279.0,8,278.5,12,279.0,6,1,2022-05-13 09:12:04
1652433124782485000,279.0,6,278.5,13,279.5,8,1,2022-05-13 09:12:04
1652433124809110000,279.0,3,278.5,13,279.5,8,1,2022-05-13 09:12:04
1652433124912949000,279.5,5,279.0,3,279.5,3,1,2022-05-13 09:12:04
1652433125003584000,279.5,2,279.0,3,279.5,1,1,2022-05-13 09:12:05
1652433125039247000,279.5,1,279.0,3,280.0,24,1,2022-05-13 09:12:05
1652433125163349000,280.0,4,279.0,11,280.0,20,1,2022-05-13 09:12:05
1652433125329115000,280.0,1,279.5,7,280.0,19,1,2022-05-13 09:12:05
1652433125365051000,280.0,2,279.5,7,280.0,17,1,2022-05-13 09:12:05
1652433125365872000,280.0,17,279.5,7,280.5,17,1,2022-05-13 09:12:05
1652433125382577000,279.5,1,279.5,6,280.5,17,2,2022-05-13 09:12:05
1652433125483436000,280.5,9,279.5,11,280.5,8,1,2022-05-13 09:12:05
1652433125519876000,280.5,1,279.5,11,280.5,7,1,2022-05-13 09:12:05
1652433125653287000,279.5,1,279.5,10,280.5,7,2,2022-05-13 09:12:05
1652433125673980000,280.5,7,279.5,10,281.0,58,1,2022-05-13 09:12:05
1652433125768687000,279.5,2,279.5,9,281.0,58,2,2022-05-13 09:12:05
1652433126645561000,280.0,1,280.0,4,281.0,58,2,2022-05-13 09:12:06
1652433130016794000,280.0,1,280.0,2,281.0,59,2,2022-05-13 09:12:10
1652433130882172000,281.0,1,280.0,3,281.0,57,1,2022-05-13 09:12:10
1652433131126641000,281.0,1,280.0,3,281.0,55,1,2022-05-13 09:12:11
1652433132959311000,281.0,1,280.0,3,281.0,54,1,2022-05-13 09:12:12
1652433134697114000,281.0,1,280.0,5,281.0,53,1,2022-05-13 09:12:14
1652433135944068000,281.0,1,280.0,5,281.0,53,1,2022-05-13 09:12:15
1652433137032397000,281.0,1,280.0,5,281.0,51,1,2022-05-13 09:12:17
1652433137071472000,281.0,1,280.0,5,281.0,50,1,2022-05-13 09:12:17
1652433137572134000,280.0,1,280.0,4,281.0,50,2,2022-05-13 09:12:17
1652433137842056000,281.0,1,280.0,4,281.0,49,1,2022-05-13 09:12:17
1652433138633770000,280.5,1,280.0,4,281.0,49,2,2022-05-13 09:12:18
1652433139261181000,281.0,1,280.0,6,281.0,48,1,2022-05-13 09:12:19
1652433140698499000,280.5,1,280.0,8,281.0,48,1,2022-05-13 09:12:20
1652433140829848000,281.0,11,280.0,8,281.0,37,1,2022-05-13 09:12:20
1652433142791666000,281.0,1,280.0,12,281.0,36,1,2022-05-13 09:12:22
1652433142905972000,281.0,1,280.0,12,281.0,35,1,2022-05-13 09:12:22
1652433143929786000,281.0,1,280.5,1,281.0,34,1,2022-05-13 09:12:23
1652433143984216000,281.0,3,280.5,1,281.0,31,1,2022-05-13 09:12:23
1652433144862222000,281.0,1,280.5,2,281.0,30,1,2022-05-13 09:12:24
1652433145113751000,281.0,1,280.5,2,281.0,29,1,2022-05-13 09:12:25
1652433145587956000,281.0,1,280.5,2,281.0,28,1,2022-05-13 09:12:25
1652433146436462000,281.0,1,280.5,2,281.0,27,1,2022-05-13 09:12:26
1652433146944460000,281.0,1,280.5,2,281.0,26,1,2022-05-13 09:12:26
1652433147678855000,281.0,1,280.5,2,281.0,26,1,2022-05-13 09:12:27
1652433148024164000,281.0,1,280.5,2,281.0,25,1,2022-05-13 09:12:28
1652433148263150000,281.0,1,280.5,2,281.0,24,1,2022-05-13 09:12:28
1652433149568952000,281.0,1,280.5,2,281.0,23,1,2022-05-13 09:12:29
1652433149685255000,281.0,2,280.5,2,281.0,21,1,2022-05-13 09:12:29
1652433149783215000,281.0,1,280.5,2,281.0,20,1,2022-05-13 09:12:29
1652433150989753000,281.0,1,280.5,2,281.0,20,1,2022-05-13 09:12:30
1652433151201780000,281.0,1,280.5,2,281.0,19,1,2022-05-13 09:12:31
1652433151297183000,281.0,1,280.5,2,281.0,18,1,2022-05-13 09:12:31
1652433151369943000,281.0,1,280.5,2,281.0,17,1,2022-05-13 09:12:31
1652433151424216000,280.5,1,280.5,1,281.0,17,2,2022-05-13 09:12:31
1652433151902381000,280.5,2,280.0,4,281.0,17,2,2022-05-13 09:12:31
1652433151902381000,280.0,8,280.0,4,281.0,17,2,2022-05-13 09:12:31
1652433152514919000,280.5,1,280.0,4,281.0,20,1,2022-05-13 09:12:32
1652433153405127000,280.5,1,280.0,4,281.0,16,1,2022-05-13 09:12:33
1652433153405127000,281.0,2,280.0,4,281.0,16,1,2022-05-13 09:12:33
1652433153430580000,281.0,1,280.0,4,281.0,6,1,2022-05-13 09:12:33
1652433154379926000,281.0,1,280.5,1,281.0,5,1,2022-05-13 09:12:34
1652433154671276000,281.0,1,280.5,1,281.0,4,1,2022-05-13 09:12:34
1652433156799168000,281.0,1,280.5,1,281.0,4,1,2022-05-13 09:12:36
1652433157407984000,281.0,1,280.5,2,281.0,4,1,2022-05-13 09:12:37
1652433157446174000,281.0,1,280.5,2,281.0,3,1,2022-05-13 09:12:37
1652433158483196000,281.0,1,280.5,2,281.0,7,1,2022-05-13 09:12:38
1652433158823615000,280.5,1,280.5,1,281.0,8,2,2022-05-13 09:12:38
1652433162102252000,280.5,7,280.5,12,281.0,11,2,2022-05-13 09:12:42
1652433162133056000,280.5,2,280.5,10,281.0,12,2,2022-05-13 09:12:42
1652433162135720000,280.5,1,280.5,9,281.0,12,2,2022-05-13 09:12:42
1652433162162202000,280.5,6,280.5,3,281.0,12,2,2022-05-13 09:12:42
1652433162163403000,280.5,3,280.0,10,280.5,6,2,2022-05-13 09:12:42
1652433162674596000,280.5,5,280.0,11,280.5,3,1,2022-05-13 09:12:42
1652433162677881000,280.5,1,280.0,11,280.5,2,1,2022-05-13 09:12:42
1652433163053144000,280.5,1,280.0,11,280.5,1,1,2022-05-13 09:12:43
1652433163545689000,280.5,1,280.0,12,281.0,13,1,2022-05-13 09:12:43
1652433164006011000,281.0,5,280.0,13,281.0,9,1,2022-05-13 09:12:44
1652433165922196000,280.5,1,280.0,13,281.0,9,1,2022-05-13 09:12:45
1652433168516517000,281.0,1,280.5,3,281.0,12,1,2022-05-13 09:12:48
1652433168634024000,281.0,1,280.5,7,281.0,11,1,2022-05-13 09:12:48
1652433170893507000,281.0,1,280.5,12,281.0,10,1,2022-05-13 09:12:50
1652433172090764000,281.0,1,280.5,13,281.0,14,1,2022-05-13 09:12:52
1652433172599648000,281.0,1,280.5,13,281.0,13,1,2022-05-13 09:12:52
1652433173002183000,281.0,1,280.5,15,281.0,12,1,2022-05-13 09:12:53
1652433173602369000,281.0,1,280.5,16,281.0,11,1,2022-05-13 09:12:53
1652433173625568000,281.0,1,280.5,16,281.0,10,1,2022-05-13 09:12:53
1652433174080304000,281.0,1,280.5,16,281.0,10,1,2022-05-13 09:12:54
1652433174474745000,281.0,3,280.5,16,281.0,7,1,2022-05-13 09:12:54
1652433176042978000,281.0,1,280.5,17,281.0,8,1,2022-05-13 09:12:56
1652433176251949000,281.0,1,280.5,16,281.0,8,1,2022-05-13 09:12:56
1652433177144578000,281.0,1,280.5,16,281.0,8,1,2022-05-13 09:12:57
1652433177156666000,281.0,1,280.5,16,281.0,7,1,2022-05-13 09:12:57
1652433177426857000,281.0,5,280.5,16,281.0,2,1,2022-05-13 09:12:57
1652433177655965000,281.0,1,280.5,16,281.0,1,1,2022-05-13 09:12:57
1652433178208141000,281.0,1,281.0,5,281.5,24,1,2022-05-13 09:12:58
1652433178258739000,281.0,1,281.0,4,281.5,24,2,2022-05-13 09:12:58
1652433178857541000,281.5,1,281.0,4,281.5,24,1,2022-05-13 09:12:58
1652433178920313000,281.5,1,281.0,5,281.5,23,1,2022-05-13 09:12:58
1652433178973563000,281.5,1,281.0,5,281.5,22,1,2022-05-13 09:12:58
1652433178994882000,281.0,1,281.0,4,281.5,22,2,2022-05-13 09:12:58
1652433179058228000,281.0,1,281.0,3,281.5,22,2,2022-05-13 09:12:59
1652433179103745000,281.5,1,281.0,3,281.5,26,1,2022-05-13 09:12:59
1652433179599720000,281.0,2,281.0,1,281.5,26,2,2022-05-13 09:12:59
1652433182742782000,281.0,4,281.0,12,281.5,27,2,2022-05-13 09:13:02
1652433182776928000,281.0,12,280.5,16,281.5,27,2,2022-05-13 09:13:02
1652433182854122000,280.5,10,280.5,6,281.0,2,2,2022-05-13 09:13:02
1652433182884180000,280.5,2,280.5,4,281.0,2,2,2022-05-13 09:13:02
1652433182889721000,280.5,1,280.5,3,281.0,5,2,2022-05-13 09:13:02
1652433182889843000,280.5,1,280.5,2,281.0,5,2,2022-05-13 09:13:02
1652433182907855000,281.0,1,280.5,2,281.0,4,1,2022-05-13 09:13:02
1652433182950069000,280.5,2,280.0,18,281.0,3,2,2022-05-13 09:13:02
1652433183424100000,281.0,1,280.0,17,281.0,4,1,2022-05-13 09:13:03
1652433184442641000,281.0,1,280.5,1,281.0,11,1,2022-05-13 09:13:04
1652433187754186000,280.5,3,280.0,13,281.0,11,2,2022-05-13 09:13:07
1652433187786295000,280.0,3,280.0,10,281.0,11,2,2022-05-13 09:13:07
1652433188041408000,280.5,1,280.0,10,281.0,13,1,2022-05-13 09:13:08
1652433188944512000,281.0,1,280.5,2,281.0,15,1,2022-05-13 09:13:08
1652433189570312000,281.0,1,280.5,2,281.0,18,1,2022-05-13 09:13:09
1652433193232606000,280.5,1,280.5,2,281.0,14,2,2022-05-13 09:13:13
1652433193264493000,280.5,2,280.0,16,281.0,14,2,2022-05-13 09:13:13
1652433193516754000,281.0,1,280.0,19,281.0,13,1,2022-05-13 09:13:13
1652433196101728000,280.5,1,280.0,19,280.5,2,1,2022-05-13 09:13:16
1652433197659224000,280.5,4,280.0,20,281.0,15,1,2022-05-13 09:13:17
1652433197659224000,281.0,1,280.0,20,281.0,15,1,2022-05-13 09:13:17
1652433198021769000,281.0,1,280.5,1,281.0,13,1,2022-05-13 09:13:18
1652433198359025000,280.5,1,280.0,20,280.5,1,2,2022-05-13 09:13:18
1652433200104490000,280.5,3,280.5,2,281.0,14,1,2022-05-13 09:13:20
1652433200291548000,280.5,2,280.0,21,281.0,14,2,2022-05-13 09:13:20
1652433200960000000,280.5,1,280.0,21,281.0,13,1,2022-05-13 09:13:20
1652433203337612000,280.5,1,280.0,21,280.5,4,1,2022-05-13 09:13:23
1652433204536459000,280.5,1,280.0,19,280.5,5,1,2022-05-13 09:13:24
1652433204872408000,280.0,1,280.0,18,280.5,6,2,2022-05-13 09:13:24
1652433205218679000,280.5,2,280.0,18,280.5,4,1,2022-05-13 09:13:25
1652433205262783000,280.0,1,280.0,17,280.5,4,2,2022-05-13 09:13:25
1652433206080867000,280.5,1,280.0,17,280.5,3,1,2022-05-13 09:13:26
1652433206826806000,280.5,1,280.0,17,280.5,4,1,2022-05-13 09:13:26
1652433208036312000,280.5,1,280.0,18,280.5,3,1,2022-05-13 09:13:28
1652433209036885000,280.5,4,280.5,5,281.0,18,1,2022-05-13 09:13:29
1652433209098840000,280.5,1,280.5,4,281.0,18,2,2022-05-13 09:13:29
1652433209833179000,280.5,3,280.5,1,281.0,18,2,2022-05-13 09:13:29
1652433209859817000,280.5,1,280.0,18,281.0,18,2,2022-05-13 09:13:29
1652433210344260000,280.5,2,280.0,19,281.0,16,1,2022-05-13 09:13:30
1652433210344260000,281.0,2,280.0,19,281.0,16,1,2022-05-13 09:13:30
1652433212272447000,281.0,1,280.0,19,281.0,15,1,2022-05-13 09:13:32
1652433212772479000,280.5,1,280.0,19,280.5,4,1,2022-05-13 09:13:32
1652433216477293000,280.5,3,280.0,18,280.5,3,1,2022-05-13 09:13:36
1652433216548762000,280.5,1,280.0,18,280.5,2,1,2022-05-13 09:13:36
1652433216941122000,280.5,1,280.0,20,280.5,1,1,2022-05-13 09:13:36
1652433217101754000,280.5,1,280.0,20,281.0,10,1,2022-05-13 09:13:37
1652433217156150000,280.5,1,280.0,19,281.0,10,2,2022-05-13 09:13:37
1652433218100273000,280.5,1,280.5,1,281.0,10,2,2022-05-13 09:13:38
1652433218932937000,280.5,1,280.0,22,280.5,2,2,2022-05-13 09:13:38
1652433221549316000,280.5,2,280.0,26,281.0,11,1,2022-05-13 09:13:41
1652433232373350000,281.0,1,280.5,12,281.0,13,1,2022-05-13 09:13:52
1652433234286387000,280.5,1,280.5,13,281.0,13,2,2022-05-13 09:13:54
1652433234717687000,281.0,1,280.5,13,281.0,12,1,2022-05-13 09:13:54
1652433244822533000,281.0,1,280.5,16,281.0,19,1,2022-05-13 09:14:04
1652433246552438000,280.5,1,280.5,15,281.0,19,2,2022-05-13 09:14:06
1652433246586939000,280.5,3,280.5,12,281.0,19,2,2022-05-13 09:14:06
1652433246620267000,280.5,1,280.5,11,281.0,19,2,2022-05-13 09:14:06
1652433246771054000,280.5,4,280.5,7,281.0,19,2,2022-05-13 09:14:06
1652433246798997000,280.5,7,280.0,29,281.0,19,2,2022-05-13 09:14:06
1652433248675762000,280.5,1,280.0,29,280.5,2,1,2022-05-13 09:14:08
1652433249219188000,280.0,1,280.0,33,280.5,6,2,2022-05-13 09:14:09
1652433251199193000,280.5,1,280.0,33,280.5,7,1,2022-05-13 09:14:11
1652433253491966000,280.5,1,280.0,33,280.5,18,1,2022-05-13 09:14:13
1652433254904578000,280.5,2,280.0,34,280.5,17,1,2022-05-13 09:14:14
1652433257037026000,280.5,1,280.0,34,280.5,18,1,2022-05-13 09:14:17
1652433264066978000,280.5,1,280.0,37,280.5,25,1,2022-05-13 09:14:24
1652433265679790000,280.5,1,280.0,37,280.5,24,1,2022-05-13 09:14:25
1652433266164192000,280.5,5,280.0,37,280.5,19,1,2022-05-13 09:14:26
1652433266206489000,280.0,1,280.0,36,280.5,19,2,2022-05-13 09:14:26
1652433268913954000,280.0,1,280.0,35,280.5,22,2,2022-05-13 09:14:28
1652433271293272000,280.0,1,280.0,35,280.5,21,2,2022-05-13 09:14:31
1652433278929515000,280.0,1,280.0,32,280.5,20,2,2022-05-13 09:14:38
1652433279937579000,280.0,1,280.0,30,280.5,20,2,2022-05-13 09:14:39
1652433280633813000,280.5,1,280.0,40,280.5,19,1,2022-05-13 09:14:40
1652433282691036000,280.0,1,280.0,39,280.5,19,2,2022-05-13 09:14:42
1652433282714994000,280.0,1,280.0,38,280.5,19,2,2022-05-13 09:14:42
1652433285401011000,280.5,1,280.0,38,280.5,18,1,2022-05-13 09:14:45
1652433285436264000,280.5,13,280.0,38,280.5,5,1,2022-05-13 09:14:45
1652433285466116000,280.5,5,280.0,38,281.0,12,1,2022-05-13 09:14:45
1652433285516924000,280.0,1,280.0,40,281.0,12,2,2022-05-13 09:14:45
1652433286064204000,281.0,1,280.5,15,281.0,10,1,2022-05-13 09:14:46
1652433286112257000,281.0,10,280.5,15,281.5,34,1,2022-05-13 09:14:46
1652433286132786000,281.5,16,280.5,14,281.5,17,1,2022-05-13 09:14:46
1652433286154026000,281.5,11,281.0,3,281.5,6,1,2022-05-13 09:14:46
1652433286154135000,281.5,6,281.0,3,282.0,44,1,2022-05-13 09:14:46
1652433286171712000,281.0,1,281.0,2,282.0,44,2,2022-05-13 09:14:46
1652433286223992000,282.0,11,281.5,1,282.0,33,1,2022-05-13 09:14:46
1652433286281324000,282.0,1,280.5,14,282.0,32,1,2022-05-13 09:14:46
1652433286323449000,282.0,2,281.0,3,282.0,30,1,2022-05-13 09:14:46
1652433286330390000,282.0,11,281.0,1,282.0,19,1,2022-05-13 09:14:46
1652433286361583000,282.0,1,281.0,3,282.0,18,1,2022-05-13 09:14:46
1652433286416755000,281.0,1,281.0,2,282.0,18,2,2022-05-13 09:14:46
1652433286456950000,282.0,4,281.0,2,282.0,14,1,2022-05-13 09:14:46
1652433286510828000,282.0,1,281.0,2,282.0,13,1,2022-05-13 09:14:46
1652433286545484000,282.0,1,281.0,2,282.0,12,1,2022-05-13 09:14:46
1652433286583859000,282.0,1,281.0,2,282.0,11,1,2022-05-13 09:14:46
1652433286592343000,282.0,1,281.0,2,282.0,10,1,2022-05-13 09:14:46
1652433286636911000,282.0,1,281.0,2,282.0,9,1,2022-05-13 09:14:46
1652433286665856000,282.0,3,281.0,2,282.0,6,1,2022-05-13 09:14:46
1652433286713930000,282.0,1,281.0,2,282.0,5,1,2022-05-13 09:14:46
1652433286719092000,282.0,1,281.0,2,282.0,4,1,2022-05-13 09:14:46
1652433286739737000,282.0,4,281.0,2,282.5,23,1,2022-05-13 09:14:46
1652433288409402000,282.0,1,281.5,2,282.5,23,2,2022-05-13 09:14:48
1652433288595557000,282.0,1,281.5,2,282.5,23,2,2022-05-13 09:14:48
1652433292882941000,282.5,1,282.0,1,282.5,22,1,2022-05-13 09:14:52
1652433292936310000,282.5,2,282.0,1,282.5,21,1,2022-05-13 09:14:52
1652433294424902000,282.0,2,281.0,5,282.0,1,2,2022-05-13 09:14:54
1652433294957207000,282.0,2,282.0,8,282.5,21,1,2022-05-13 09:14:54
1652433295890820000,282.5,1,282.0,8,282.5,20,1,2022-05-13 09:14:55
1652433295916958000,282.0,8,281.0,7,282.5,20,2,2022-05-13 09:14:55
1652433297228380000,281.0,1,281.0,7,282.5,20,2,2022-05-13 09:14:57
1652433298047073000,281.5,1,281.0,5,281.5,1,1,2022-05-13 09:14:58
1652433298667872000,281.5,1,281.0,5,282.0,1,1,2022-05-13 09:14:58
1652433299918185000,282.0,1,281.0,9,282.0,3,1,2022-05-13 09:14:59
1652433302049690000,282.0,1,281.5,3,282.0,7,1,2022-05-13 09:15:02
1652433302516265000,281.5,1,281.5,5,282.0,6,2,2022-05-13 09:15:02
1652433304230243000,282.0,10,281.5,8,282.0,6,1,2022-05-13 09:15:04
1652433305059944000,281.5,1,281.5,8,282.0,6,2,2022-05-13 09:15:05
1652433305242059000,282.0,1,281.5,9,282.0,5,1,2022-05-13 09:15:05
1652433305544140000,282.0,2,281.5,9,282.0,4,1,2022-05-13 09:15:05
1652433306293369000,282.0,1,281.5,9,282.0,6,1,2022-05-13 09:15:06
1652433306702384000,282.0,2,281.5,9,282.0,4,1,2022-05-13 09:15:06
1652433307051504000,282.0,2,281.5,9,282.0,2,1,2022-05-13 09:15:07
1652433307111948000,282.0,1,281.5,9,282.0,5,1,2022-05-13 09:15:07
1652433307147549000,282.0,1,281.5,9,282.0,4,1,2022-05-13 09:15:07
1652433307793790000,282.0,1,281.5,10,282.0,3,1,2022-05-13 09:15:07
1652433308495797000,282.0,4,282.0,6,282.5,20,1,2022-05-13 09:15:08
