symbol,datetime,NaOb_r,NbOa_r,NaOb_s,NbOa_s,bid1,ask1,odd_bid1,odd_ask1,bidQty1,askQty1,odd_bidQty1,odd_askQty1,simulate,triggerbyOdd
006208,2022-10-28 10:32:24.691577,0.0,-0.0017699115044248481,0.0,-0.10000000000000142,56.4,56.45,56.45,56.5,80.0,2.0,5193.0,14689.0,True,True
006208,2022-10-28 10:32:24.727389,0.0,-0.0017699115044248481,0.0,-0.10000000000000142,56.4,56.45,56.45,56.5,80.0,2.0,5193.0,14689.0,False,False
006208,2022-10-28 10:32:24.737324,0.0,-0.0017699115044248481,0.0,-0.10000000000000142,56.4,56.45,56.45,56.5,80.0,52.0,5193.0,14689.0,False,False
006208,2022-10-28 10:32:25.450216,0.0,-0.0017699115044248481,0.0,-0.10000000000000142,56.4,56.45,56.45,56.5,80.0,152.0,5193.0,14689.0,False,False
006208,2022-10-28 10:32:29.725697,0.0,-0.0017699115044248481,0.0,-0.10000000000000142,56.4,56.45,56.45,56.5,80.0,151.0,5193.0,14689.0,False,False
006208,2022-10-28 10:32:32.358157,0.0,-0.0017699115044248481,0.0,-0.10000000000000142,56.4,56.45,56.45,56.5,80.0,151.0,5193.0,14689.0,False,False
006208,2022-10-28 10:32:32.460330,0.0,-0.0017699115044248481,0.0,-0.10000000000000142,56.4,56.45,56.45,56.5,80.0,201.0,5193.0,14689.0,False,False
006208,2022-10-28 10:32:32.480199,0.0,-0.0017699115044248481,0.0,-0.10000000000000142,56.4,56.45,56.45,56.5,80.0,201.0,5193.0,14689.0,False,False
006208,2022-10-28 10:32:33.745973,0.0,-0.0017699115044248481,0.0,-0.10000000000000142,56.4,56.45,56.45,56.5,80.0,151.0,5193.0,14689.0,False,False
006208,2022-10-28 10:32:33.840532,0.0,-0.0017699115044248481,0.0,-0.10000000000000142,56.4,56.45,56.45,56.5,80.0,151.0,5193.0,14689.0,False,False
006208,2022-10-28 10:32:33.901757,0.0,-0.0017699115044248481,0.0,-0.10000000000000142,56.4,56.45,56.45,56.5,80.0,151.0,5193.0,14689.0,False,False
006208,2022-10-28 10:32:34.542399,0.0,-0.0017699115044248481,0.0,-0.10000000000000142,56.4,56.45,56.45,56.5,80.0,151.0,5193.0,14689.0,False,False
006208,2022-10-28 10:32:34.545347,0.0,-0.0017699115044248481,0.0,-0.10000000000000142,56.4,56.45,56.45,56.5,80.0,151.0,5193.0,14689.0,False,False
006208,2022-10-28 10:32:34.687609,0.0,-0.0017699115044248481,0.0,-0.10000000000000142,56.4,56.45,56.45,56.5,80.0,151.0,5193.0,14689.0,False,False
006208,2022-10-28 10:32:34.728661,0.0,-0.0017699115044248481,0.0,-0.10000000000000142,56.4,56.45,56.45,56.5,80.0,151.0,5203.0,14600.0,True,True
006208,2022-10-28 10:32:34.838274,0.0,-0.0017699115044248481,0.0,-0.10000000000000142,56.4,56.45,56.45,56.5,80.0,151.0,5203.0,14600.0,False,False
006208,2022-10-28 10:32:35.228329,0.0,-0.0017699115044248481,0.0,-0.10000000000000142,56.4,56.45,56.45,56.5,80.0,151.0,5203.0,14600.0,False,False
006208,2022-10-28 10:32:36.369236,0.0,-0.0017699115044248481,0.0,-0.10000000000000142,56.4,56.45,56.45,56.5,80.0,151.0,5203.0,14600.0,False,False
006208,2022-10-28 10:32:36.428908,0.0,-0.0017699115044248481,0.0,-0.10000000000000142,56.4,56.45,56.45,56.5,80.0,151.0,5203.0,14600.0,False,False
006208,2022-10-28 10:32:36.560925,0.0,-0.0017699115044248481,0.0,-0.10000000000000142,56.4,56.45,56.45,56.5,80.0,151.0,5203.0,14600.0,False,False
006208,2022-10-28 10:32:37.840560,0.0,-0.0017699115044248481,0.0,-0.10000000000000142,56.4,56.45,56.45,56.5,80.0,151.0,5203.0,14600.0,False,False
006208,2022-10-28 10:32:38.776285,0.0,-0.0017699115044248481,0.0,-0.10000000000000142,56.4,56.45,56.45,56.5,80.0,151.0,5203.0,14600.0,False,False
006208,2022-10-28 10:32:38.851240,0.0,-0.0017699115044248481,0.0,-0.10000000000000142,56.4,56.45,56.45,56.5,80.0,151.0,5203.0,14600.0,False,False
006208,2022-10-28 10:32:38.944721,0.0,-0.0017699115044248481,0.0,-0.10000000000000142,56.4,56.45,56.45,56.5,80.0,151.0,5203.0,14600.0,False,False
006208,2022-10-28 10:32:39.085351,0.0,-0.0017699115044248481,0.0,-0.10000000000000142,56.4,56.45,56.45,56.5,80.0,151.0,5203.0,14600.0,False,False
006208,2022-10-28 10:32:39.098589,0.0,-0.0017699115044248481,0.0,-0.10000000000000142,56.4,56.45,56.45,56.5,80.0,151.0,5203.0,14600.0,False,False
006208,2022-10-28 10:32:39.843766,0.0,-0.0017699115044248481,0.0,-0.10000000000000142,56.4,56.45,56.45,56.5,80.0,151.0,5203.0,14600.0,False,False
006208,2022-10-28 10:32:42.036115,0.0,-0.0017699115044248481,0.0,-0.10000000000000142,56.4,56.45,56.45,56.5,80.0,151.0,5203.0,14600.0,False,False
006208,2022-10-28 10:32:44.671699,0.0,-0.0017699115044248481,0.0,-0.10000000000000142,56.4,56.45,56.45,56.5,80.0,151.0,5203.0,14600.0,False,False
006208,2022-10-28 10:32:44.682539,0.0,-0.0017699115044248481,0.0,-0.10000000000000142,56.4,56.45,56.45,56.5,80.0,151.0,5203.0,14600.0,False,False
006208,2022-10-28 10:32:44.771959,0.0,-0.0017699115044248481,0.0,-0.10000000000000142,56.4,56.45,56.45,56.5,80.0,151.0,5003.0,14440.0,True,True
006208,2022-10-28 10:32:44.805499,0.0,-0.0017699115044248481,0.0,-0.10000000000000142,56.4,56.45,56.45,56.5,80.0,151.0,5003.0,14440.0,False,False
006208,2022-10-28 10:32:44.841355,0.0,-0.0017699115044248481,0.0,-0.10000000000000142,56.4,56.45,56.45,56.5,80.0,151.0,5003.0,14440.0,False,False
006208,2022-10-28 10:32:45.285648,0.0,-0.0017699115044248481,0.0,-0.10000000000000142,56.4,56.45,56.45,56.5,80.0,151.0,5003.0,14440.0,False,False
006208,2022-10-28 10:32:47.485361,0.0,-0.0017699115044248481,0.0,-0.10000000000000142,56.4,56.45,56.45,56.5,79.0,151.0,5003.0,14440.0,False,False
006208,2022-10-28 10:32:47.646621,0.0,-0.0017699115044248481,0.0,-0.10000000000000142,56.4,56.45,56.45,56.5,80.0,151.0,5003.0,14440.0,False,False
006208,2022-10-28 10:32:51.440945,0.0,-0.0017699115044248481,0.0,-0.10000000000000142,56.4,56.45,56.45,56.5,80.0,151.0,5003.0,14440.0,False,False
006208,2022-10-28 10:32:51.451291,0.0,-0.0017699115044248481,0.0,-0.10000000000000142,56.4,56.45,56.45,56.5,80.0,201.0,5003.0,14440.0,False,False
006208,2022-10-28 10:32:54.806944,0.0,-0.0017699115044248481,0.0,-0.10000000000000142,56.4,56.45,56.45,56.5,80.0,201.0,5003.0,14390.0,True,True
006208,2022-10-28 10:32:55.283769,0.0,-0.0017699115044248481,0.0,-0.10000000000000142,56.4,56.45,56.45,56.5,80.0,201.0,5003.0,14390.0,False,False
006208,2022-10-28 10:32:55.294307,0.0,-0.0017699115044248481,0.0,-0.10000000000000142,56.4,56.45,56.45,56.5,80.0,201.0,5003.0,14390.0,False,False
006208,2022-10-28 10:32:55.431925,0.0,-0.0017699115044248481,0.0,-0.10000000000000142,56.4,56.45,56.45,56.5,80.0,201.0,5003.0,14390.0,False,False
006208,2022-10-28 10:32:55.870862,0.0,-0.0017699115044248481,0.0,-0.10000000000000142,56.4,56.45,56.45,56.5,80.0,201.0,5003.0,14390.0,False,False
006208,2022-10-28 10:32:56.090075,0.0,-0.0017699115044248481,0.0,-0.10000000000000142,56.4,56.45,56.45,56.5,80.0,201.0,5003.0,14390.0,False,False
006208,2022-10-28 10:32:56.332177,0.0,-0.0017699115044248481,0.0,-0.10000000000000142,56.4,56.45,56.45,56.5,80.0,151.0,5003.0,14390.0,False,False
006208,2022-10-28 10:32:56.343750,0.0,-0.0017699115044248481,0.0,-0.10000000000000142,56.4,56.45,56.45,56.5,80.0,151.0,5003.0,14390.0,False,False
006208,2022-10-28 10:32:56.470079,0.0,-0.0017699115044248481,0.0,-0.10000000000000142,56.4,56.45,56.45,56.5,80.0,151.0,5003.0,14390.0,False,False
006208,2022-10-28 10:33:04.845047,0.0,-0.0017699115044248481,0.0,-0.10000000000000142,56.4,56.45,56.45,56.5,80.0,151.0,5003.0,14385.0,True,True
006208,2022-10-28 10:33:05.864239,0.0,-0.0017699115044248481,0.0,-0.10000000000000142,56.4,56.45,56.45,56.5,80.0,151.0,5003.0,14385.0,False,False
006208,2022-10-28 10:33:05.868183,0.0,-0.0017699115044248481,0.0,-0.10000000000000142,56.4,56.45,56.45,56.5,80.0,151.0,5003.0,14385.0,False,False
006208,2022-10-28 10:33:06.030355,0.0,-0.0017699115044248481,0.0,-0.10000000000000142,56.4,56.45,56.45,56.5,80.0,201.0,5003.0,14385.0,False,False
006208,2022-10-28 10:33:06.233429,0.0,-0.0017699115044248481,0.0,-0.10000000000000142,56.4,56.45,56.45,56.5,80.0,201.0,5003.0,14385.0,False,False
006208,2022-10-28 10:33:06.252866,0.0,-0.0017699115044248481,0.0,-0.10000000000000142,56.4,56.45,56.45,56.5,80.0,201.0,5003.0,14385.0,False,False
006208,2022-10-28 10:33:06.479443,0.0,-0.0017699115044248481,0.0,-0.10000000000000142,56.4,56.45,56.45,56.5,80.0,201.0,5003.0,14385.0,False,False
006208,2022-10-28 10:33:10.130074,0.0,-0.0017699115044248481,0.0,-0.10000000000000142,56.4,56.45,56.45,56.5,80.0,201.0,5003.0,14385.0,False,False
006208,2022-10-28 10:33:10.487468,0.0,-0.0017699115044248481,0.0,-0.10000000000000142,56.4,56.45,56.45,56.5,80.0,201.0,5003.0,14385.0,False,False
006208,2022-10-28 10:33:10.546561,0.0,-0.0017699115044248481,0.0,-0.10000000000000142,56.4,56.45,56.45,56.5,80.0,201.0,5003.0,14385.0,False,False
006208,2022-10-28 10:33:10.612159,0.0,-0.0017699115044248481,0.0,-0.10000000000000142,56.4,56.45,56.45,56.5,80.0,201.0,5003.0,14385.0,False,False
006208,2022-10-28 10:33:11.160800,0.0,-0.0017699115044248481,0.0,-0.10000000000000142,56.4,56.45,56.45,56.5,80.0,181.0,5003.0,14385.0,False,False
006208,2022-10-28 10:33:11.592360,0.0,-0.0017699115044248481,0.0,-0.10000000000000142,56.4,56.45,56.45,56.5,80.0,131.0,5003.0,14385.0,False,False
006208,2022-10-28 10:33:11.602985,0.0,-0.0017699115044248481,0.0,-0.10000000000000142,56.4,56.45,56.45,56.5,80.0,131.0,5003.0,14385.0,False,False
006208,2022-10-28 10:33:11.709759,0.0,-0.0017699115044248481,0.0,-0.10000000000000142,56.4,56.45,56.45,56.5,80.0,131.0,5003.0,14385.0,False,False
006208,2022-10-28 10:33:13.735038,0.0,-0.0017699115044248481,0.0,-0.10000000000000142,56.4,56.45,56.45,56.5,80.0,130.0,5003.0,14385.0,False,False
006208,2022-10-28 10:33:13.772577,0.0,-0.0017699115044248481,0.0,-0.10000000000000142,56.4,56.45,56.45,56.5,80.0,50.0,5003.0,14385.0,False,False
006208,2022-10-28 10:33:14.012891,0.0,-0.0017699115044248481,0.0,-0.10000000000000142,56.4,56.45,56.45,56.5,80.0,50.0,5003.0,14385.0,False,False
006208,2022-10-28 10:33:14.773443,0.0,-0.0017699115044248481,0.0,-0.10000000000000142,56.4,56.45,56.45,56.5,80.0,50.0,5003.0,14385.0,False,False
006208,2022-10-28 10:33:14.848421,0.0,-0.0017699115044248481,0.0,-0.10000000000000142,56.4,56.45,56.45,56.5,80.0,50.0,5003.0,14385.0,False,False
006208,2022-10-28 10:33:14.908777,0.0,-0.0017699115044248481,0.0,-0.10000000000000142,56.4,56.45,56.45,56.5,80.0,50.0,5003.0,14009.0,True,True
006208,2022-10-28 10:33:15.289517,0.0,-0.0017699115044248481,0.0,-0.10000000000000142,56.4,56.45,56.45,56.5,80.0,50.0,5003.0,14009.0,False,False
006208,2022-10-28 10:33:16.401673,0.0,-0.0017699115044248481,0.0,-0.10000000000000142,56.4,56.45,56.45,56.5,80.0,50.0,5003.0,14009.0,False,False
006208,2022-10-28 10:33:16.477289,0.0,-0.0017699115044248481,0.0,-0.10000000000000142,56.4,56.45,56.45,56.5,80.0,50.0,5003.0,14009.0,False,False
006208,2022-10-28 10:33:16.602168,0.0,-0.0017699115044248481,0.0,-0.10000000000000142,56.4,56.45,56.45,56.5,80.0,50.0,5003.0,14009.0,False,False
006208,2022-10-28 10:33:16.613571,0.0,-0.0017699115044248481,0.0,-0.10000000000000142,56.4,56.45,56.45,56.5,80.0,50.0,5003.0,14009.0,False,False
006208,2022-10-28 10:33:19.122317,0.0,-0.0017699115044248481,0.0,-0.10000000000000142,56.4,56.45,56.45,56.5,80.0,50.0,5003.0,14009.0,False,False
006208,2022-10-28 10:33:22.171149,0.0,-0.0017699115044248481,0.0,-0.10000000000000142,56.4,56.45,56.45,56.5,80.0,50.0,5003.0,14009.0,False,False
006208,2022-10-28 10:33:24.835853,0.0,-0.0017699115044248481,0.0,-0.10000000000000142,56.4,56.45,56.45,56.5,80.0,50.0,5003.0,14009.0,False,False
006208,2022-10-28 10:33:26.609405,0.0,-0.0017699115044248481,0.0,-0.10000000000000142,56.4,56.45,56.45,56.5,80.0,50.0,5003.0,14009.0,False,False
006208,2022-10-28 10:33:26.612617,0.0,-0.0017699115044248481,0.0,-0.10000000000000142,56.4,56.45,56.45,56.5,80.0,50.0,5003.0,14009.0,False,False
006208,2022-10-28 10:33:26.737067,0.0,-0.0017699115044248481,0.0,-0.10000000000000142,56.4,56.45,56.45,56.5,80.0,50.0,5003.0,14009.0,False,False
006208,2022-10-28 10:33:26.770845,0.0,-0.0017699115044248481,0.0,-0.10000000000000142,56.4,56.45,56.45,56.5,80.0,50.0,5003.0,14009.0,False,False
006208,2022-10-28 10:33:27.771688,0.0,-0.0017699115044248481,0.0,-0.10000000000000142,56.4,56.45,56.45,56.5,80.0,50.0,5003.0,14009.0,False,False
006208,2022-10-28 10:33:32.175364,0.0,-0.0017699115044248481,0.0,-0.10000000000000142,56.4,56.45,56.45,56.5,82.0,50.0,5003.0,14009.0,False,False
006208,2022-10-28 10:33:32.316160,0.0,-0.0017699115044248481,0.0,-0.10000000000000142,56.4,56.45,56.45,56.5,82.0,50.0,5003.0,14009.0,False,False
006208,2022-10-28 10:33:32.340692,0.0,-0.0017699115044248481,0.0,-0.10000000000000142,56.4,56.45,56.45,56.5,82.0,50.0,5003.0,14009.0,False,False
006208,2022-10-28 10:33:33.342064,0.0,-0.0017699115044248481,0.0,-0.10000000000000142,56.4,56.45,56.45,56.5,82.0,150.0,5003.0,14009.0,False,False
006208,2022-10-28 10:33:33.411776,0.0,-0.0017699115044248481,0.0,-0.10000000000000142,56.4,56.45,56.45,56.5,82.0,150.0,5003.0,14009.0,False,False
006208,2022-10-28 10:33:33.412202,0.0,-0.0017699115044248481,0.0,-0.10000000000000142,56.4,56.45,56.45,56.5,82.0,150.0,5003.0,14009.0,False,False
006208,2022-10-28 10:33:33.493822,0.0,-0.0017699115044248481,0.0,-0.10000000000000142,56.4,56.45,56.45,56.5,82.0,150.0,5003.0,14009.0,False,False
006208,2022-10-28 10:33:36.733910,0.0,-0.0017699115044248481,0.0,-0.10000000000000142,56.4,56.45,56.45,56.5,82.0,150.0,5003.0,14009.0,False,False
006208,2022-10-28 10:33:36.737441,0.0,-0.0017699115044248481,0.0,-0.10000000000000142,56.4,56.45,56.45,56.5,82.0,150.0,5003.0,14009.0,False,False
006208,2022-10-28 10:33:36.866872,0.0,-0.0017699115044248481,0.0,-0.10000000000000142,56.4,56.45,56.45,56.5,82.0,150.0,5003.0,14009.0,False,False
006208,2022-10-28 10:33:39.091615,0.0,-0.0017699115044248481,0.0,-0.10000000000000142,56.4,56.45,56.45,56.5,82.0,150.0,5003.0,14009.0,False,False
006208,2022-10-28 10:33:39.458110,0.0,-0.0017699115044248481,0.0,-0.10000000000000142,56.4,56.45,56.45,56.5,82.0,149.0,5003.0,14009.0,False,False
006208,2022-10-28 10:33:39.527771,0.0,-0.0017699115044248481,0.0,-0.10000000000000142,56.4,56.45,56.45,56.5,82.0,149.0,5003.0,14009.0,False,False
006208,2022-10-28 10:33:39.829076,0.0,-0.0017699115044248481,0.0,-0.10000000000000142,56.4,56.45,56.45,56.5,82.0,149.0,5003.0,14009.0,False,False
006208,2022-10-28 10:33:39.829256,0.0,-0.0017699115044248481,0.0,-0.10000000000000142,56.4,56.45,56.45,56.5,82.0,149.0,5003.0,14009.0,False,False
006208,2022-10-28 10:33:45.030259,0.0,-0.0017699115044248481,0.0,-0.10000000000000142,56.4,56.45,56.45,56.5,82.0,149.0,5003.0,14009.0,True,True
006208,2022-10-28 10:33:46.864422,0.0,-0.0017699115044248481,0.0,-0.10000000000000142,56.4,56.45,56.45,56.5,82.0,149.0,5003.0,14009.0,False,False
006208,2022-10-28 10:33:46.870582,0.0,-0.0017699115044248481,0.0,-0.10000000000000142,56.4,56.45,56.45,56.5,82.0,149.0,5003.0,14009.0,False,False
006208,2022-10-28 10:33:47.003704,0.0,-0.0017699115044248481,0.0,-0.10000000000000142,56.4,56.45,56.45,56.5,82.0,49.0,5003.0,14009.0,False,False
006208,2022-10-28 10:33:47.016496,0.0,-0.0017699115044248481,0.0,-0.10000000000000142,56.4,56.45,56.45,56.5,82.0,49.0,5003.0,14009.0,False,False
006208,2022-10-28 10:33:47.227048,0.0,-0.0017699115044248481,0.0,-0.10000000000000142,56.4,56.45,56.45,56.5,82.0,49.0,5003.0,14009.0,False,False
006208,2022-10-28 10:33:47.559744,0.0,-0.0017699115044248481,0.0,-0.10000000000000142,56.4,56.45,56.45,56.5,82.0,49.0,5003.0,14009.0,False,False
006208,2022-10-28 10:33:47.605948,-0.0008849557522123686,-0.0017699115044248481,-0.04999999999999716,-0.10000000000000142,56.4,56.5,56.45,56.5,82.0,325.0,5003.0,14009.0,False,False
006208,2022-10-28 10:33:47.690103,-0.0008849557522123686,-0.0017699115044248481,-0.04999999999999716,-0.10000000000000142,56.4,56.5,56.45,56.5,82.0,325.0,5003.0,14009.0,False,False
006208,2022-10-28 10:33:47.804225,-0.0008849557522123686,-0.0017699115044248481,-0.04999999999999716,-0.10000000000000142,56.4,56.5,56.45,56.5,82.0,285.0,5003.0,14009.0,False,False
006208,2022-10-28 10:33:47.927829,-0.0008849557522123686,-0.0017699115044248481,-0.04999999999999716,-0.10000000000000142,56.4,56.5,56.45,56.5,82.0,285.0,5003.0,14009.0,False,False
006208,2022-10-28 10:33:50.337350,-0.0008849557522123686,-0.0017699115044248481,-0.04999999999999716,-0.10000000000000142,56.4,56.5,56.45,56.5,82.0,285.0,5003.0,14009.0,False,False
006208,2022-10-28 10:33:50.347472,-0.0008849557522123686,-0.0017699115044248481,-0.04999999999999716,-0.10000000000000142,56.4,56.5,56.45,56.5,82.0,285.0,5003.0,14009.0,False,False
006208,2022-10-28 10:33:50.829401,-0.0008849557522123686,-0.0017699115044248481,-0.04999999999999716,-0.10000000000000142,56.4,56.5,56.45,56.5,82.0,285.0,5003.0,14009.0,False,False
006208,2022-10-28 10:33:50.852251,-0.0008849557522123686,-0.0017699115044248481,-0.04999999999999716,-0.10000000000000142,56.4,56.5,56.45,56.5,82.0,285.0,5003.0,14009.0,False,False
006208,2022-10-28 10:33:51.390270,-0.0008849557522123686,-0.0017699115044248481,-0.04999999999999716,-0.10000000000000142,56.4,56.5,56.45,56.5,82.0,285.0,5003.0,14009.0,False,False
006208,2022-10-28 10:33:51.423496,-0.0008849557522123686,-0.0017699115044248481,-0.04999999999999716,-0.10000000000000142,56.4,56.5,56.45,56.5,82.0,285.0,5003.0,14009.0,False,False
006208,2022-10-28 10:33:52.837160,-0.0008849557522123686,-0.0017699115044248481,-0.04999999999999716,-0.10000000000000142,56.4,56.5,56.45,56.5,82.0,285.0,5003.0,14009.0,False,False
006208,2022-10-28 10:33:52.867458,-0.0008849557522123686,-0.0017699115044248481,-0.04999999999999716,-0.10000000000000142,56.4,56.5,56.45,56.5,82.0,285.0,5003.0,14009.0,False,False
006208,2022-10-28 10:33:52.898309,-0.0008849557522123686,-0.0017699115044248481,-0.04999999999999716,-0.10000000000000142,56.4,56.5,56.45,56.5,82.0,285.0,5003.0,14009.0,False,False
006208,2022-10-28 10:33:55.070413,-0.0008849557522123686,-0.0017699115044248481,-0.04999999999999716,-0.10000000000000142,56.4,56.5,56.45,56.5,82.0,285.0,5103.0,14009.0,True,True
006208,2022-10-28 10:33:56.846243,-0.0008849557522123686,-0.0017699115044248481,-0.04999999999999716,-0.10000000000000142,56.4,56.5,56.45,56.5,82.0,285.0,5103.0,14009.0,False,False
006208,2022-10-28 10:33:57.926361,-0.0008849557522123686,-0.0017699115044248481,-0.04999999999999716,-0.10000000000000142,56.4,56.5,56.45,56.5,82.0,285.0,5103.0,14009.0,False,False
006208,2022-10-28 10:33:57.930303,-0.0008849557522123686,-0.0017699115044248481,-0.04999999999999716,-0.10000000000000142,56.4,56.5,56.45,56.5,82.0,285.0,5103.0,14009.0,False,False
006208,2022-10-28 10:33:58.062363,-0.0008849557522123686,-0.0017699115044248481,-0.04999999999999716,-0.10000000000000142,56.4,56.5,56.45,56.5,82.0,285.0,5103.0,14009.0,False,False
006208,2022-10-28 10:34:04.336674,-0.0008849557522123686,-0.0017699115044248481,-0.04999999999999716,-0.10000000000000142,56.4,56.5,56.45,56.5,82.0,235.0,5103.0,14009.0,False,False
006208,2022-10-28 10:34:04.371126,0.0,-0.0017699115044248481,0.0,-0.10000000000000142,56.4,56.45,56.45,56.5,82.0,50.0,5103.0,14009.0,False,False
006208,2022-10-28 10:34:04.468813,0.0,-0.0017699115044248481,0.0,-0.10000000000000142,56.4,56.45,56.45,56.5,82.0,50.0,5103.0,14009.0,False,False
006208,2022-10-28 10:34:04.515669,0.0,-0.0017699115044248481,0.0,-0.10000000000000142,56.4,56.45,56.45,56.5,82.0,50.0,5103.0,13909.0,False,True
006208,2022-10-28 10:34:04.579466,0.0,-0.0017699115044248481,0.0,-0.10000000000000142,56.4,56.45,56.45,56.5,82.0,50.0,5103.0,13909.0,False,False
006208,2022-10-28 10:34:04.707573,0.0,-0.0017699115044248481,0.0,-0.10000000000000142,56.4,56.45,56.45,56.5,82.0,50.0,5103.0,13909.0,False,False
006208,2022-10-28 10:34:05.442781,0.0,-0.0017699115044248481,0.0,-0.10000000000000142,56.4,56.45,56.45,56.5,82.0,150.0,5103.0,13909.0,False,False
006208,2022-10-28 10:34:07.000409,0.0,-0.0017699115044248481,0.0,-0.10000000000000142,56.4,56.45,56.45,56.5,82.0,150.0,5103.0,13909.0,False,False
006208,2022-10-28 10:34:08.387183,0.0,-0.0017699115044248481,0.0,-0.10000000000000142,56.4,56.45,56.45,56.5,82.0,150.0,5103.0,13909.0,False,False
006208,2022-10-28 10:34:10.304440,0.0,-0.0017699115044248481,0.0,-0.10000000000000142,56.4,56.45,56.45,56.5,82.0,150.0,5103.0,13909.0,False,False
006208,2022-10-28 10:34:10.397593,0.0,-0.0017699115044248481,0.0,-0.10000000000000142,56.4,56.45,56.45,56.5,82.0,150.0,5103.0,13909.0,False,False
006208,2022-10-28 10:34:10.960938,0.0,-0.0017699115044248481,0.0,-0.10000000000000142,56.4,56.45,56.45,56.5,82.0,150.0,5103.0,13909.0,False,False
006208,2022-10-28 10:34:11.052178,0.0,-0.0017699115044248481,0.0,-0.10000000000000142,56.4,56.45,56.45,56.5,82.0,150.0,5103.0,13909.0,False,False
006208,2022-10-28 10:34:11.076443,0.0,-0.0017699115044248481,0.0,-0.10000000000000142,56.4,56.45,56.45,56.5,82.0,150.0,5103.0,13909.0,False,False
006208,2022-10-28 10:34:11.919792,0.0,-0.0017699115044248481,0.0,-0.10000000000000142,56.4,56.45,56.45,56.5,82.0,150.0,5103.0,13909.0,False,False
006208,2022-10-28 10:34:14.562689,0.0,-0.0017699115044248481,0.0,-0.10000000000000142,56.4,56.45,56.45,56.5,82.0,150.0,5103.0,13909.0,True,True
006208,2022-10-28 10:34:14.697032,0.0,-0.0017699115044248481,0.0,-0.10000000000000142,56.4,56.45,56.45,56.5,82.0,150.0,5103.0,13909.0,False,False
006208,2022-10-28 10:34:14.700722,0.0,-0.0017699115044248481,0.0,-0.10000000000000142,56.4,56.45,56.45,56.5,82.0,150.0,5103.0,13909.0,False,False
006208,2022-10-28 10:34:14.849382,0.0,-0.0017699115044248481,0.0,-0.10000000000000142,56.4,56.45,56.45,56.5,82.0,150.0,5103.0,13909.0,False,False
006208,2022-10-28 10:34:14.989810,0.0,-0.0017699115044248481,0.0,-0.10000000000000142,56.4,56.45,56.45,56.5,82.0,150.0,5103.0,13909.0,False,False
006208,2022-10-28 10:34:15.046676,0.0,-0.0017699115044248481,0.0,-0.10000000000000142,56.4,56.45,56.45,56.5,82.0,150.0,5103.0,13909.0,False,False
006208,2022-10-28 10:34:17.441345,0.0,-0.0017699115044248481,0.0,-0.10000000000000142,56.4,56.45,56.45,56.5,82.0,150.0,5103.0,13909.0,False,False
006208,2022-10-28 10:34:17.441534,0.0,-0.0017699115044248481,0.0,-0.10000000000000142,56.4,56.45,56.45,56.5,82.0,150.0,5103.0,13909.0,False,False
006208,2022-10-28 10:34:17.626325,0.0,-0.0017699115044248481,0.0,-0.10000000000000142,56.4,56.45,56.45,56.5,82.0,190.0,5103.0,13909.0,False,False
006208,2022-10-28 10:34:17.977691,0.0,-0.0017699115044248481,0.0,-0.10000000000000142,56.4,56.45,56.45,56.5,82.0,150.0,5103.0,13909.0,False,False
006208,2022-10-28 10:34:20.204118,0.0,-0.0017699115044248481,0.0,-0.10000000000000142,56.4,56.45,56.45,56.5,82.0,190.0,5103.0,13909.0,False,False
006208,2022-10-28 10:34:20.594001,0.0,-0.0017699115044248481,0.0,-0.10000000000000142,56.4,56.45,56.45,56.5,82.0,150.0,5103.0,13909.0,False,False
006208,2022-10-28 10:34:24.603982,0.0,-0.0017699115044248481,0.0,-0.10000000000000142,56.4,56.45,56.45,56.5,82.0,150.0,5103.0,13889.0,True,True
006208,2022-10-28 10:34:24.825487,0.0,-0.0017699115044248481,0.0,-0.10000000000000142,56.4,56.45,56.45,56.5,82.0,150.0,5103.0,13889.0,False,False
006208,2022-10-28 10:34:24.829582,0.0,-0.0017699115044248481,0.0,-0.10000000000000142,56.4,56.45,56.45,56.5,82.0,150.0,5103.0,13889.0,False,False
006208,2022-10-28 10:34:24.960405,0.0,-0.0017699115044248481,0.0,-0.10000000000000142,56.4,56.45,56.45,56.5,82.0,150.0,5103.0,13889.0,False,False
006208,2022-10-28 10:34:27.059804,0.0,-0.0017699115044248481,0.0,-0.10000000000000142,56.4,56.45,56.45,56.5,82.0,190.0,5103.0,13889.0,False,False
006208,2022-10-28 10:34:30.457177,0.0,-0.0017699115044248481,0.0,-0.10000000000000142,56.4,56.45,56.45,56.5,84.0,190.0,5103.0,13889.0,False,False
006208,2022-10-28 10:34:31.399909,0.0,-0.0017699115044248481,0.0,-0.10000000000000142,56.4,56.45,56.45,56.5,84.0,150.0,5103.0,13889.0,False,False
006208,2022-10-28 10:34:34.638867,0.0,-0.0017699115044248481,0.0,-0.10000000000000142,56.4,56.45,56.45,56.5,84.0,150.0,5121.0,13889.0,True,True
006208,2022-10-28 10:34:34.953187,0.0,-0.0017699115044248481,0.0,-0.10000000000000142,56.4,56.45,56.45,56.5,84.0,150.0,5121.0,13889.0,False,False
006208,2022-10-28 10:34:34.957797,0.0,-0.0017699115044248481,0.0,-0.10000000000000142,56.4,56.45,56.45,56.5,84.0,150.0,5121.0,13889.0,False,False
006208,2022-10-28 10:34:35.109656,0.0,-0.0017699115044248481,0.0,-0.10000000000000142,56.4,56.45,56.45,56.5,84.0,150.0,5121.0,13889.0,False,False
006208,2022-10-28 10:34:35.406595,0.0,-0.0017699115044248481,0.0,-0.10000000000000142,56.4,56.45,56.45,56.5,84.0,190.0,5121.0,13889.0,False,False
006208,2022-10-28 10:34:35.505204,0.0,-0.0017699115044248481,0.0,-0.10000000000000142,56.4,56.45,56.45,56.5,84.0,190.0,5121.0,13889.0,False,False
006208,2022-10-28 10:34:37.034155,0.0,-0.0017699115044248481,0.0,-0.10000000000000142,56.4,56.45,56.45,56.5,84.0,190.0,5121.0,13889.0,False,False
006208,2022-10-28 10:34:44.678002,0.0,-0.0017699115044248481,0.0,-0.10000000000000142,56.4,56.45,56.45,56.5,84.0,190.0,5298.0,13889.0,True,True
006208,2022-10-28 10:34:45.498157,0.0,-0.0017699115044248481,0.0,-0.10000000000000142,56.4,56.45,56.45,56.5,84.0,190.0,5298.0,13889.0,False,False
006208,2022-10-28 10:34:45.508631,0.0,-0.0017699115044248481,0.0,-0.10000000000000142,56.4,56.45,56.45,56.5,84.0,190.0,5298.0,13889.0,False,False
006208,2022-10-28 10:34:45.647314,0.0,-0.0017699115044248481,0.0,-0.10000000000000142,56.4,56.45,56.45,56.5,84.0,190.0,5298.0,13889.0,False,False
006208,2022-10-28 10:34:46.086445,0.0,-0.0017699115044248481,0.0,-0.10000000000000142,56.4,56.45,56.45,56.5,84.0,190.0,5298.0,13889.0,False,False
006208,2022-10-28 10:34:54.719190,0.0,-0.0017699115044248481,0.0,-0.10000000000000142,56.4,56.45,56.45,56.5,84.0,190.0,5298.0,13377.0,True,True
006208,2022-10-28 10:34:56.084850,0.0,-0.0017699115044248481,0.0,-0.10000000000000142,56.4,56.45,56.45,56.5,84.0,190.0,5298.0,13377.0,False,False
006208,2022-10-28 10:34:56.087116,0.0,-0.0017699115044248481,0.0,-0.10000000000000142,56.4,56.45,56.45,56.5,84.0,190.0,5298.0,13377.0,False,False
006208,2022-10-28 10:34:56.243107,0.0,-0.0017699115044248481,0.0,-0.10000000000000142,56.4,56.45,56.45,56.5,84.0,190.0,5298.0,13377.0,False,False
006208,2022-10-28 10:34:56.661970,0.0,-0.0017699115044248481,0.0,-0.10000000000000142,56.4,56.45,56.45,56.5,84.0,190.0,5298.0,13377.0,False,False
006208,2022-10-28 10:35:01.087069,0.0,-0.0017699115044248481,0.0,-0.10000000000000142,56.4,56.45,56.45,56.5,83.0,189.0,5298.0,13377.0,False,False
006208,2022-10-28 10:35:04.884685,0.0,-0.0017699115044248481,0.0,-0.10000000000000142,56.4,56.45,56.45,56.5,83.0,189.0,5298.0,13377.0,True,True
006208,2022-10-28 10:35:06.579513,0.0,-0.0017699115044248481,0.0,-0.10000000000000142,56.4,56.45,56.45,56.5,83.0,189.0,5298.0,13377.0,False,False
006208,2022-10-28 10:35:06.579530,0.0,-0.0017699115044248481,0.0,-0.10000000000000142,56.4,56.45,56.45,56.5,83.0,189.0,5298.0,13377.0,False,False
006208,2022-10-28 10:35:06.712714,0.0,-0.0017699115044248481,0.0,-0.10000000000000142,56.4,56.45,56.45,56.5,83.0,189.0,5298.0,13377.0,False,False
006208,2022-10-28 10:35:06.732205,0.0,-0.0017699115044248481,0.0,-0.10000000000000142,56.4,56.45,56.45,56.5,83.0,189.0,5298.0,13377.0,False,False
006208,2022-10-28 10:35:07.166725,0.0,-0.0017699115044248481,0.0,-0.10000000000000142,56.4,56.45,56.45,56.5,83.0,189.0,5298.0,13377.0,False,False
006208,2022-10-28 10:35:14.526869,0.0,-0.0017699115044248481,0.0,-0.10000000000000142,56.4,56.45,56.45,56.5,83.0,140.0,5298.0,13377.0,False,False
006208,2022-10-28 10:35:14.526929,0.0,-0.0017699115044248481,0.0,-0.10000000000000142,56.4,56.45,56.45,56.5,33.0,140.0,5298.0,13377.0,False,False
006208,2022-10-28 10:35:14.821031,0.0,-0.0017699115044248481,0.0,-0.10000000000000142,56.4,56.45,56.45,56.5,33.0,140.0,5298.0,13377.0,False,False
006208,2022-10-28 10:35:15.019438,0.0,-0.0017699115044248481,0.0,-0.10000000000000142,56.4,56.45,56.45,56.5,33.0,140.0,5298.0,13377.0,False,False
006208,2022-10-28 10:35:15.080899,0.0,-0.0017699115044248481,0.0,-0.10000000000000142,56.4,56.45,56.45,56.5,33.0,140.0,5418.0,12877.0,True,True
006208,2022-10-28 10:35:15.313250,0.0,-0.0017699115044248481,0.0,-0.10000000000000142,56.4,56.45,56.45,56.5,33.0,140.0,5418.0,12877.0,False,False
006208,2022-10-28 10:35:17.112512,0.0,-0.0017699115044248481,0.0,-0.10000000000000142,56.4,56.45,56.45,56.5,33.0,140.0,5418.0,12877.0,False,False
006208,2022-10-28 10:35:17.115751,0.0,-0.0017699115044248481,0.0,-0.10000000000000142,56.4,56.45,56.45,56.5,33.0,140.0,5418.0,12877.0,False,False
006208,2022-10-28 10:35:17.260724,0.0,-0.0017699115044248481,0.0,-0.10000000000000142,56.4,56.45,56.45,56.5,33.0,140.0,5418.0,12877.0,False,False
006208,2022-10-28 10:35:17.693694,0.0,-0.0017699115044248481,0.0,-0.10000000000000142,56.4,56.45,56.45,56.5,33.0,140.0,5418.0,12877.0,False,False
006208,2022-10-28 10:35:20.136201,0.0,-0.0017699115044248481,0.0,-0.10000000000000142,56.4,56.45,56.45,56.5,33.0,140.0,5418.0,12877.0,False,False
006208,2022-10-28 10:35:20.136565,0.0,-0.0017699115044248481,0.0,-0.10000000000000142,56.4,56.45,56.45,56.5,33.0,190.0,5418.0,12877.0,False,False
006208,2022-10-28 10:35:20.424577,0.0,-0.0017699115044248481,0.0,-0.10000000000000142,56.4,56.45,56.45,56.5,33.0,190.0,5418.0,12877.0,False,False
006208,2022-10-28 10:35:21.072574,0.0,-0.0017699115044248481,0.0,-0.10000000000000142,56.4,56.45,56.45,56.5,33.0,190.0,5418.0,12877.0,False,False
006208,2022-10-28 10:35:25.092593,-0.0008857395925598865,-0.0008857395925598865,-0.05000000000000426,-0.05000000000000426,56.4,56.45,56.4,56.45,33.0,190.0,15165.0,1542.0,True,True
006208,2022-10-28 10:35:27.664456,-0.0008857395925598865,-0.0008857395925598865,-0.05000000000000426,-0.05000000000000426,56.4,56.45,56.4,56.45,33.0,190.0,15165.0,1542.0,False,False
006208,2022-10-28 10:35:27.668294,-0.0008857395925598865,-0.0008857395925598865,-0.05000000000000426,-0.05000000000000426,56.4,56.45,56.4,56.45,33.0,190.0,15165.0,1542.0,False,False
006208,2022-10-28 10:35:27.811233,-0.0008857395925598865,-0.0008857395925598865,-0.05000000000000426,-0.05000000000000426,56.4,56.45,56.4,56.45,33.0,190.0,15165.0,1542.0,False,False
006208,2022-10-28 10:35:35.120769,-0.0008857395925598865,-0.0008857395925598865,-0.05000000000000426,-0.05000000000000426,56.4,56.45,56.4,56.45,33.0,190.0,15165.0,1842.0,True,True
006208,2022-10-28 10:35:36.332703,-0.0008857395925598865,-0.0008857395925598865,-0.05000000000000426,-0.05000000000000426,56.4,56.45,56.4,56.45,32.0,190.0,15165.0,1842.0,False,False
006208,2022-10-28 10:35:37.773176,-0.0008857395925598865,-0.0008857395925598865,-0.05000000000000426,-0.05000000000000426,56.4,56.45,56.4,56.45,32.0,190.0,15165.0,1842.0,False,False
006208,2022-10-28 10:35:37.776930,-0.0008857395925598865,-0.0008857395925598865,-0.05000000000000426,-0.05000000000000426,56.4,56.45,56.4,56.45,32.0,190.0,15165.0,1842.0,False,False
006208,2022-10-28 10:35:37.918344,-0.0008857395925598865,-0.0008857395925598865,-0.05000000000000426,-0.05000000000000426,56.4,56.45,56.4,56.45,32.0,190.0,15165.0,1842.0,False,False
006208,2022-10-28 10:35:45.145369,-0.0008857395925598865,-0.0008857395925598865,-0.05000000000000426,-0.05000000000000426,56.4,56.45,56.4,56.45,32.0,190.0,15165.0,1492.0,True,True
006208,2022-10-28 10:35:47.890062,-0.0008857395925598865,-0.0008857395925598865,-0.05000000000000426,-0.05000000000000426,56.4,56.45,56.4,56.45,32.0,190.0,15165.0,1492.0,False,False
006208,2022-10-28 10:35:47.903287,-0.0008857395925598865,-0.0008857395925598865,-0.05000000000000426,-0.05000000000000426,56.4,56.45,56.4,56.45,32.0,190.0,15165.0,1492.0,False,False
006208,2022-10-28 10:35:48.042297,-0.0008857395925598865,-0.0008857395925598865,-0.05000000000000426,-0.05000000000000426,56.4,56.45,56.4,56.45,32.0,190.0,15165.0,1492.0,False,False
006208,2022-10-28 10:35:49.636292,-0.0008857395925598865,-0.0008857395925598865,-0.05000000000000426,-0.05000000000000426,56.4,56.45,56.4,56.45,32.0,190.0,15165.0,1492.0,False,False
006208,2022-10-28 10:35:49.636410,-0.0008857395925598865,-0.0008857395925598865,-0.05000000000000426,-0.05000000000000426,56.4,56.45,56.4,56.45,32.0,190.0,15165.0,1492.0,False,False
006208,2022-10-28 10:35:51.005958,-0.0008857395925598865,-0.0008857395925598865,-0.05000000000000426,-0.05000000000000426,56.4,56.45,56.4,56.45,32.0,190.0,15165.0,1492.0,False,False
006208,2022-10-28 10:35:51.005982,-0.0008857395925598865,-0.0008857395925598865,-0.05000000000000426,-0.05000000000000426,56.4,56.45,56.4,56.45,32.0,190.0,15165.0,1492.0,False,False
006208,2022-10-28 10:35:55.492193,-0.0008857395925598865,-0.0008857395925598865,-0.05000000000000426,-0.05000000000000426,56.4,56.45,56.4,56.45,32.0,190.0,15165.0,1492.0,False,False
006208,2022-10-28 10:35:55.529071,-0.0008857395925598865,-0.0008857395925598865,-0.05000000000000426,-0.05000000000000426,56.4,56.45,56.4,56.45,32.0,240.0,15165.0,1492.0,False,False
006208,2022-10-28 10:35:55.727418,-0.0008857395925598865,-0.0008857395925598865,-0.05000000000000426,-0.05000000000000426,56.4,56.45,56.4,56.45,32.0,240.0,15165.0,1492.0,False,False
006208,2022-10-28 10:35:56.528494,-0.0008857395925598865,-0.001771479185119551,-0.05000000000000426,-0.10000000000000142,56.35,56.45,56.4,56.45,93.0,240.0,15165.0,1492.0,False,False
006208,2022-10-28 10:35:56.529238,-0.0008857395925598865,-0.001771479185119551,-0.05000000000000426,-0.10000000000000142,56.35,56.45,56.4,56.45,93.0,240.0,15165.0,1492.0,False,False
006208,2022-10-28 10:35:56.616848,-0.0008857395925598865,-0.001771479185119551,-0.05000000000000426,-0.10000000000000142,56.35,56.45,56.4,56.45,93.0,240.0,15165.0,1492.0,False,False
006208,2022-10-28 10:35:56.633295,-0.0008857395925598865,-0.001771479185119551,-0.05000000000000426,-0.10000000000000142,56.35,56.45,56.4,56.45,53.0,240.0,15165.0,1492.0,False,False
006208,2022-10-28 10:35:56.761192,-0.0008857395925598865,-0.001771479185119551,-0.05000000000000426,-0.10000000000000142,56.35,56.45,56.4,56.45,53.0,240.0,15165.0,1492.0,False,False
006208,2022-10-28 10:35:57.169910,-0.0008857395925598865,-0.001771479185119551,-0.05000000000000426,-0.10000000000000142,56.35,56.45,56.4,56.45,53.0,240.0,15165.0,1492.0,False,False
006208,2022-10-28 10:35:57.214783,-0.0008857395925598865,-0.001771479185119551,-0.05000000000000426,-0.10000000000000142,56.35,56.45,56.4,56.45,53.0,240.0,15165.0,1492.0,False,False
006208,2022-10-28 10:35:57.516588,-0.0008857395925598865,-0.001771479185119551,-0.05000000000000426,-0.10000000000000142,56.35,56.45,56.4,56.45,53.0,190.0,15165.0,1492.0,False,False
006208,2022-10-28 10:35:57.579643,-0.0008857395925598865,-0.001771479185119551,-0.05000000000000426,-0.10000000000000142,56.35,56.45,56.4,56.45,53.0,190.0,15165.0,1492.0,False,False
006208,2022-10-28 10:35:57.600038,-0.0008857395925598865,-0.001771479185119551,-0.05000000000000426,-0.10000000000000142,56.35,56.45,56.4,56.45,53.0,190.0,15165.0,1492.0,False,False
006208,2022-10-28 10:35:57.633920,-0.0008857395925598865,-0.001771479185119551,-0.05000000000000426,-0.10000000000000142,56.35,56.45,56.4,56.45,53.0,190.0,15165.0,1492.0,False,False
006208,2022-10-28 10:36:00.640901,-0.0008857395925598865,-0.001771479185119551,-0.05000000000000426,-0.10000000000000142,56.35,56.45,56.4,56.45,19.0,190.0,15165.0,1492.0,False,False
006208,2022-10-28 10:36:00.654106,-0.0008857395925598865,-0.001771479185119551,-0.05000000000000426,-0.10000000000000142,56.35,56.45,56.4,56.45,19.0,190.0,15165.0,1492.0,False,False
006208,2022-10-28 10:36:04.296015,-0.0008857395925598865,-0.001771479185119551,-0.05000000000000426,-0.10000000000000142,56.35,56.45,56.4,56.45,19.0,190.0,15165.0,1492.0,False,False
006208,2022-10-28 10:36:04.336498,-0.0008857395925598865,-0.001771479185119551,-0.05000000000000426,-0.10000000000000142,56.35,56.45,56.4,56.45,19.0,190.0,15165.0,1492.0,False,False
006208,2022-10-28 10:36:05.230945,-0.0008857395925598865,-0.001771479185119551,-0.05000000000000426,-0.10000000000000142,56.35,56.45,56.4,56.45,19.0,190.0,15215.0,1492.0,True,True
006208,2022-10-28 10:36:05.622089,-0.0008857395925598865,-0.001771479185119551,-0.05000000000000426,-0.10000000000000142,56.35,56.45,56.4,56.45,19.0,190.0,15215.0,1492.0,False,False
006208,2022-10-28 10:36:05.633267,-0.0008857395925598865,-0.001771479185119551,-0.05000000000000426,-0.10000000000000142,56.35,56.45,56.4,56.45,19.0,240.0,15215.0,1492.0,False,False
006208,2022-10-28 10:36:06.736166,-0.0008857395925598865,-0.001771479185119551,-0.05000000000000426,-0.10000000000000142,56.35,56.45,56.4,56.45,19.0,240.0,15215.0,1492.0,False,False
006208,2022-10-28 10:36:06.744305,-0.0008857395925598865,-0.001771479185119551,-0.05000000000000426,-0.10000000000000142,56.35,56.45,56.4,56.45,19.0,240.0,15215.0,1492.0,False,False
006208,2022-10-28 10:36:06.806527,-0.0008857395925598865,-0.001771479185119551,-0.05000000000000426,-0.10000000000000142,56.35,56.45,56.4,56.45,19.0,240.0,15215.0,1492.0,False,False
006208,2022-10-28 10:36:06.879789,-0.0008857395925598865,-0.001771479185119551,-0.05000000000000426,-0.10000000000000142,56.35,56.45,56.4,56.45,19.0,240.0,15215.0,1492.0,False,False
006208,2022-10-28 10:36:07.103900,0.0,-0.001771479185119551,0.0,-0.10000000000000142,56.35,56.4,56.4,56.45,19.0,10.0,15215.0,1492.0,False,False
006208,2022-10-28 10:36:07.223257,0.0,-0.001771479185119551,0.0,-0.10000000000000142,56.35,56.4,56.4,56.45,19.0,10.0,15215.0,1492.0,False,False
006208,2022-10-28 10:36:07.293864,0.0,-0.001771479185119551,0.0,-0.10000000000000142,56.35,56.4,56.4,56.45,19.0,10.0,15215.0,1492.0,False,False
006208,2022-10-28 10:36:07.418636,0.0,-0.001771479185119551,0.0,-0.10000000000000142,56.35,56.4,56.4,56.45,19.0,10.0,15215.0,1492.0,False,False
006208,2022-10-28 10:36:12.999896,0.0,-0.001771479185119551,0.0,-0.10000000000000142,56.35,56.4,56.4,56.45,19.0,10.0,15215.0,1492.0,False,False
006208,2022-10-28 10:36:12.999938,0.0,-0.001771479185119551,0.0,-0.10000000000000142,56.35,56.4,56.4,56.45,19.0,10.0,15215.0,1492.0,False,False
006208,2022-10-28 10:36:15.253959,0.0,-0.001771479185119551,0.0,-0.10000000000000142,56.35,56.4,56.4,56.45,19.0,10.0,15215.0,1492.0,False,False
006208,2022-10-28 10:36:15.272487,0.0,-0.001771479185119551,0.0,-0.10000000000000142,56.35,56.4,56.4,56.45,19.0,10.0,15215.0,1242.0,True,True
006208,2022-10-28 10:36:15.277517,0.0,-0.001771479185119551,0.0,-0.10000000000000142,56.35,56.4,56.4,56.45,19.0,10.0,15215.0,1242.0,False,False
006208,2022-10-28 10:36:15.416162,0.0,-0.001771479185119551,0.0,-0.10000000000000142,56.35,56.4,56.4,56.45,19.0,10.0,15215.0,1242.0,False,False
006208,2022-10-28 10:36:17.409406,0.0,-0.001771479185119551,0.0,-0.10000000000000142,56.35,56.4,56.4,56.45,19.0,10.0,15215.0,1242.0,False,False
006208,2022-10-28 10:36:17.413531,0.0,-0.001771479185119551,0.0,-0.10000000000000142,56.35,56.4,56.4,56.45,19.0,10.0,15215.0,1242.0,False,False
006208,2022-10-28 10:36:17.551776,0.0,-0.001771479185119551,0.0,-0.10000000000000142,56.35,56.4,56.4,56.45,19.0,10.0,15215.0,1242.0,False,False
006208,2022-10-28 10:36:17.651600,0.0,-0.001771479185119551,0.0,-0.10000000000000142,56.35,56.4,56.4,56.45,19.0,10.0,15215.0,1242.0,False,False
006208,2022-10-28 10:36:18.138753,0.0,-0.001771479185119551,0.0,-0.10000000000000142,56.35,56.4,56.4,56.45,19.0,10.0,15215.0,1242.0,False,False
006208,2022-10-28 10:36:18.139070,0.0,-0.001771479185119551,0.0,-0.10000000000000142,56.35,56.4,56.4,56.45,19.0,10.0,15215.0,1242.0,False,False
006208,2022-10-28 10:36:22.652131,0.0,-0.001771479185119551,0.0,-0.10000000000000142,56.35,56.4,56.4,56.45,19.0,10.0,15215.0,1242.0,False,False
006208,2022-10-28 10:36:22.657684,0.0,-0.001771479185119551,0.0,-0.10000000000000142,56.35,56.4,56.4,56.45,19.0,10.0,15215.0,1242.0,False,False
006208,2022-10-28 10:36:25.299124,0.0,-0.001771479185119551,0.0,-0.10000000000000142,56.35,56.4,56.4,56.45,19.0,10.0,15215.0,1722.0,True,True
006208,2022-10-28 10:36:27.174857,0.0,-0.001771479185119551,0.0,-0.10000000000000142,56.35,56.4,56.4,56.45,19.0,10.0,15215.0,1722.0,False,False
006208,2022-10-28 10:36:27.175356,0.0,-0.001771479185119551,0.0,-0.10000000000000142,56.35,56.4,56.4,56.45,19.0,10.0,15215.0,1722.0,False,False
006208,2022-10-28 10:36:27.525755,0.0,-0.001771479185119551,0.0,-0.10000000000000142,56.35,56.4,56.4,56.45,19.0,10.0,15215.0,1722.0,False,False
006208,2022-10-28 10:36:27.529490,0.0,-0.001771479185119551,0.0,-0.10000000000000142,56.35,56.4,56.4,56.45,19.0,10.0,15215.0,1722.0,False,False
006208,2022-10-28 10:36:27.659870,0.0,-0.001771479185119551,0.0,-0.10000000000000142,56.35,56.4,56.4,56.45,19.0,10.0,15215.0,1722.0,False,False
006208,2022-10-28 10:36:31.732561,0.0,-0.001771479185119551,0.0,-0.10000000000000142,56.35,56.4,56.4,56.45,19.0,10.0,15215.0,1722.0,False,False
006208,2022-10-28 10:36:31.733002,0.0,-0.001771479185119551,0.0,-0.10000000000000142,56.35,56.4,56.4,56.45,19.0,10.0,15215.0,1722.0,False,False
006208,2022-10-28 10:36:35.323912,0.0,-0.001771479185119551,0.0,-0.10000000000000142,56.35,56.4,56.4,56.45,19.0,10.0,15215.0,1702.0,True,True
006208,2022-10-28 10:36:37.645448,0.0,-0.001771479185119551,0.0,-0.10000000000000142,56.35,56.4,56.4,56.45,19.0,10.0,15215.0,1702.0,False,False
006208,2022-10-28 10:36:37.647986,0.0,-0.001771479185119551,0.0,-0.10000000000000142,56.35,56.4,56.4,56.45,19.0,10.0,15215.0,1702.0,False,False
006208,2022-10-28 10:36:37.827102,0.0,-0.001771479185119551,0.0,-0.10000000000000142,56.35,56.4,56.4,56.45,19.0,10.0,15215.0,1702.0,False,False
006208,2022-10-28 10:36:37.949802,0.0,-0.001771479185119551,0.0,-0.10000000000000142,56.35,56.4,56.4,56.45,20.0,10.0,15215.0,1702.0,False,False
006208,2022-10-28 10:36:38.351491,0.0,-0.001771479185119551,0.0,-0.10000000000000142,56.35,56.4,56.4,56.45,20.0,10.0,15215.0,1702.0,False,False
006208,2022-10-28 10:36:38.514880,0.0,-0.001771479185119551,0.0,-0.10000000000000142,56.35,56.4,56.4,56.45,20.0,10.0,15215.0,1702.0,False,False
006208,2022-10-28 10:36:38.537128,0.0,-0.001771479185119551,0.0,-0.10000000000000142,56.35,56.4,56.4,56.45,20.0,10.0,15215.0,1702.0,False,False
006208,2022-10-28 10:36:41.288892,0.0,-0.001771479185119551,0.0,-0.10000000000000142,56.35,56.4,56.4,56.45,21.0,10.0,15215.0,1702.0,False,False
006208,2022-10-28 10:36:41.516993,0.0,-0.001771479185119551,0.0,-0.10000000000000142,56.35,56.4,56.4,56.45,21.0,10.0,15215.0,1702.0,False,False
006208,2022-10-28 10:36:41.517422,0.0,-0.001771479185119551,0.0,-0.10000000000000142,56.35,56.4,56.4,56.45,21.0,10.0,15215.0,1702.0,False,False
006208,2022-10-28 10:36:41.951466,0.0,-0.001771479185119551,0.0,-0.10000000000000142,56.35,56.4,56.4,56.45,21.0,10.0,15215.0,1702.0,False,False
006208,2022-10-28 10:36:41.951669,0.0,-0.001771479185119551,0.0,-0.10000000000000142,56.35,56.4,56.4,56.45,21.0,10.0,15215.0,1702.0,False,False
006208,2022-10-28 10:36:42.252658,0.0,-0.001771479185119551,0.0,-0.10000000000000142,56.35,56.4,56.4,56.45,21.0,10.0,15215.0,1702.0,False,False
006208,2022-10-28 10:36:42.257763,0.0,-0.001771479185119551,0.0,-0.10000000000000142,56.35,56.4,56.4,56.45,21.0,10.0,15215.0,1702.0,False,False
006208,2022-10-28 10:36:45.351871,0.0,-0.001771479185119551,0.0,-0.10000000000000142,56.35,56.4,56.4,56.45,21.0,10.0,15415.0,1636.0,True,True
006208,2022-10-28 10:36:47.755938,0.0,-0.001771479185119551,0.0,-0.10000000000000142,56.35,56.4,56.4,56.45,21.0,10.0,15415.0,1636.0,False,False
006208,2022-10-28 10:36:47.766772,0.0,-0.001771479185119551,0.0,-0.10000000000000142,56.35,56.4,56.4,56.45,21.0,10.0,15415.0,1636.0,False,False
006208,2022-10-28 10:36:47.904658,0.0,-0.001771479185119551,0.0,-0.10000000000000142,56.35,56.4,56.4,56.45,21.0,10.0,15415.0,1636.0,False,False
006208,2022-10-28 10:36:55.419803,0.0,-0.001771479185119551,0.0,-0.10000000000000142,56.35,56.4,56.4,56.45,21.0,10.0,15415.0,1548.0,True,True
006208,2022-10-28 10:36:55.735315,0.0,-0.001771479185119551,0.0,-0.10000000000000142,56.35,56.4,56.4,56.45,21.0,9.0,15415.0,1548.0,False,False
006208,2022-10-28 10:36:57.577644,0.0,-0.001771479185119551,0.0,-0.10000000000000142,56.35,56.4,56.4,56.45,21.0,9.0,15415.0,1548.0,False,False
006208,2022-10-28 10:36:57.588792,0.0,-0.001771479185119551,0.0,-0.10000000000000142,56.35,56.4,56.4,56.45,21.0,9.0,15415.0,1548.0,False,False
006208,2022-10-28 10:36:57.880028,0.0,-0.001771479185119551,0.0,-0.10000000000000142,56.35,56.4,56.4,56.45,21.0,9.0,15415.0,1548.0,False,False
006208,2022-10-28 10:36:57.884077,0.0,-0.001771479185119551,0.0,-0.10000000000000142,56.35,56.4,56.4,56.45,21.0,9.0,15415.0,1548.0,False,False
006208,2022-10-28 10:36:58.056152,0.0,-0.001771479185119551,0.0,-0.10000000000000142,56.35,56.4,56.4,56.45,21.0,9.0,15415.0,1548.0,False,False
006208,2022-10-28 10:36:58.196175,0.0,-0.001771479185119551,0.0,-0.10000000000000142,56.35,56.4,56.4,56.45,21.0,9.0,15415.0,1548.0,False,False
006208,2022-10-28 10:36:58.246465,0.0,-0.001771479185119551,0.0,-0.10000000000000142,56.35,56.4,56.4,56.45,21.0,9.0,15415.0,1548.0,False,False
006208,2022-10-28 10:37:04.655704,0.0,-0.001771479185119551,0.0,-0.10000000000000142,56.35,56.4,56.4,56.45,21.0,9.0,15415.0,1499.0,False,True
006208,2022-10-28 10:37:06.289963,0.0,-0.001771479185119551,0.0,-0.10000000000000142,56.35,56.4,56.4,56.45,21.0,9.0,15415.0,1499.0,False,False
006208,2022-10-28 10:37:06.298674,0.0,-0.001771479185119551,0.0,-0.10000000000000142,56.35,56.4,56.4,56.45,21.0,9.0,15415.0,1499.0,False,False
006208,2022-10-28 10:37:06.876458,0.0,-0.001771479185119551,0.0,-0.10000000000000142,56.35,56.4,56.4,56.45,21.0,9.0,15415.0,1499.0,False,False
006208,2022-10-28 10:37:07.997345,0.0,-0.001771479185119551,0.0,-0.10000000000000142,56.35,56.4,56.4,56.45,21.0,9.0,15415.0,1499.0,False,False
006208,2022-10-28 10:37:08.000055,0.0,-0.001771479185119551,0.0,-0.10000000000000142,56.35,56.4,56.4,56.45,21.0,9.0,15415.0,1499.0,False,False
006208,2022-10-28 10:37:08.132314,0.0,-0.001771479185119551,0.0,-0.10000000000000142,56.35,56.4,56.4,56.45,21.0,9.0,15415.0,1499.0,False,False
006208,2022-10-28 10:37:14.685777,0.0,-0.001771479185119551,0.0,-0.10000000000000142,56.35,56.4,56.4,56.45,21.0,9.0,15503.0,1499.0,True,True
006208,2022-10-28 10:37:18.138817,0.0,-0.001771479185119551,0.0,-0.10000000000000142,56.35,56.4,56.4,56.45,21.0,9.0,15503.0,1499.0,False,False
006208,2022-10-28 10:37:18.141861,0.0,-0.001771479185119551,0.0,-0.10000000000000142,56.35,56.4,56.4,56.45,21.0,9.0,15503.0,1499.0,False,False
006208,2022-10-28 10:37:18.267760,0.0,-0.001771479185119551,0.0,-0.10000000000000142,56.35,56.4,56.4,56.45,21.0,9.0,15503.0,1499.0,False,False
006208,2022-10-28 10:37:20.734141,0.0,-0.001771479185119551,0.0,-0.10000000000000142,56.35,56.4,56.4,56.45,21.0,9.0,15503.0,1499.0,False,False
006208,2022-10-28 10:37:20.734421,0.0,-0.001771479185119551,0.0,-0.10000000000000142,56.35,56.4,56.4,56.45,21.0,9.0,15503.0,1499.0,False,False
006208,2022-10-28 10:37:21.945649,0.0,-0.001771479185119551,0.0,-0.10000000000000142,56.35,56.4,56.4,56.45,21.0,9.0,15503.0,1499.0,False,False
006208,2022-10-28 10:37:22.341779,0.0,-0.001771479185119551,0.0,-0.10000000000000142,56.35,56.4,56.4,56.45,21.0,9.0,15503.0,1499.0,False,False
006208,2022-10-28 10:37:22.424955,0.0,-0.001771479185119551,0.0,-0.10000000000000142,56.35,56.4,56.4,56.45,21.0,9.0,15503.0,1499.0,False,False
006208,2022-10-28 10:37:22.516844,0.0,-0.001771479185119551,0.0,-0.10000000000000142,56.35,56.4,56.4,56.45,21.0,9.0,15503.0,1499.0,False,False
006208,2022-10-28 10:37:22.517907,0.0,-0.001771479185119551,0.0,-0.10000000000000142,56.35,56.4,56.4,56.45,21.0,9.0,15503.0,1499.0,False,False
006208,2022-10-28 10:37:22.618036,0.0,-0.001771479185119551,0.0,-0.10000000000000142,56.35,56.4,56.4,56.45,21.0,49.0,15503.0,1499.0,False,False
006208,2022-10-28 10:37:22.945648,0.0,-0.001771479185119551,0.0,-0.10000000000000142,56.35,56.4,56.4,56.45,21.0,149.0,15503.0,1499.0,False,False
006208,2022-10-28 10:37:23.044218,0.0,-0.001771479185119551,0.0,-0.10000000000000142,56.35,56.4,56.4,56.45,21.0,149.0,15503.0,1499.0,False,False
006208,2022-10-28 10:37:23.197215,0.0,-0.001771479185119551,0.0,-0.10000000000000142,56.35,56.4,56.4,56.45,21.0,149.0,15503.0,1499.0,False,False
006208,2022-10-28 10:37:23.305573,0.0,-0.001771479185119551,0.0,-0.10000000000000142,56.35,56.4,56.4,56.45,21.0,199.0,15503.0,1499.0,False,False
006208,2022-10-28 10:37:23.438887,0.0,-0.001771479185119551,0.0,-0.10000000000000142,56.35,56.4,56.4,56.45,21.0,199.0,15503.0,1499.0,False,False
006208,2022-10-28 10:37:23.520583,0.0,-0.001771479185119551,0.0,-0.10000000000000142,56.35,56.4,56.4,56.45,21.0,199.0,15503.0,1499.0,False,False
006208,2022-10-28 10:37:24.298955,0.0,-0.001771479185119551,0.0,-0.10000000000000142,56.35,56.4,56.4,56.45,21.0,199.0,15503.0,1499.0,False,False
006208,2022-10-28 10:37:24.304432,0.0,-0.001771479185119551,0.0,-0.10000000000000142,56.35,56.4,56.4,56.45,21.0,199.0,15503.0,1499.0,False,False
006208,2022-10-28 10:37:24.309182,0.0,-0.001771479185119551,0.0,-0.10000000000000142,56.35,56.4,56.4,56.45,21.0,199.0,15503.0,1499.0,False,False
006208,2022-10-28 10:37:24.520800,0.0,-0.001771479185119551,0.0,-0.10000000000000142,56.35,56.4,56.4,56.45,21.0,199.0,15503.0,1499.0,False,False
006208,2022-10-28 10:37:24.607650,0.0,-0.0026572187776794376,0.0,-0.15000000000000568,56.3,56.4,56.4,56.45,131.0,199.0,15503.0,1499.0,False,False
006208,2022-10-28 10:37:24.650665,0.0,-0.0026572187776794376,0.0,-0.15000000000000568,56.3,56.4,56.4,56.45,131.0,199.0,15503.0,1499.0,False,False
006208,2022-10-28 10:37:24.777311,0.0,-0.0026572187776794376,0.0,-0.15000000000000568,56.3,56.4,56.4,56.45,131.0,199.0,15503.0,1496.0,True,True
006208,2022-10-28 10:37:24.706357,0.0,-0.0026572187776794376,0.0,-0.15000000000000568,56.3,56.4,56.4,56.45,131.0,199.0,15503.0,1496.0,False,False
006208,2022-10-28 10:37:24.815544,0.0,-0.0026572187776794376,0.0,-0.15000000000000568,56.3,56.4,56.4,56.45,91.0,199.0,15503.0,1496.0,False,False
006208,2022-10-28 10:37:24.972730,0.0,-0.0026572187776794376,0.0,-0.15000000000000568,56.3,56.4,56.4,56.45,91.0,199.0,15503.0,1496.0,False,False
006208,2022-10-28 10:37:25.607800,0.0,-0.0026572187776794376,0.0,-0.15000000000000568,56.3,56.4,56.4,56.45,91.0,199.0,15503.0,1496.0,False,False
006208,2022-10-28 10:37:25.776289,0.0,-0.0026572187776794376,0.0,-0.15000000000000568,56.3,56.4,56.4,56.45,91.0,199.0,15503.0,1496.0,False,False
006208,2022-10-28 10:37:25.776418,0.0,-0.0026572187776794376,0.0,-0.15000000000000568,56.3,56.4,56.4,56.45,91.0,199.0,15503.0,1496.0,False,False
006208,2022-10-28 10:37:25.968996,0.0,-0.0026572187776794376,0.0,-0.15000000000000568,56.3,56.4,56.4,56.45,91.0,199.0,15503.0,1496.0,False,False
006208,2022-10-28 10:37:26.642632,0.0,-0.0026572187776794376,0.0,-0.15000000000000568,56.3,56.4,56.4,56.45,91.0,199.0,15503.0,1496.0,False,False
006208,2022-10-28 10:37:26.652890,0.0,-0.0026572187776794376,0.0,-0.15000000000000568,56.3,56.4,56.4,56.45,91.0,199.0,15503.0,1496.0,False,False
006208,2022-10-28 10:37:26.958107,0.0,-0.0026572187776794376,0.0,-0.15000000000000568,56.3,56.4,56.4,56.45,91.0,199.0,15503.0,1496.0,False,False
006208,2022-10-28 10:37:26.968714,0.0,-0.0026572187776794376,0.0,-0.15000000000000568,56.3,56.4,56.4,56.45,91.0,199.0,15503.0,1496.0,False,False
006208,2022-10-28 10:37:27.160385,0.0,-0.0026572187776794376,0.0,-0.15000000000000568,56.3,56.4,56.4,56.45,91.0,199.0,15503.0,1496.0,False,False
006208,2022-10-28 10:37:27.160442,0.0,-0.0026572187776794376,0.0,-0.15000000000000568,56.3,56.4,56.4,56.45,91.0,199.0,15503.0,1496.0,False,False
006208,2022-10-28 10:37:27.194932,0.0,-0.0026572187776794376,0.0,-0.15000000000000568,56.3,56.4,56.4,56.45,91.0,199.0,15503.0,1496.0,False,False
006208,2022-10-28 10:37:27.396295,0.0,-0.0026572187776794376,0.0,-0.15000000000000568,56.3,56.4,56.4,56.45,91.0,199.0,15503.0,1496.0,False,False
006208,2022-10-28 10:37:27.529658,0.0,-0.0026572187776794376,0.0,-0.15000000000000568,56.3,56.4,56.4,56.45,91.0,199.0,15503.0,1496.0,False,False
006208,2022-10-28 10:37:28.008199,0.0,-0.0026572187776794376,0.0,-0.15000000000000568,56.3,56.4,56.4,56.45,91.0,199.0,15503.0,1496.0,False,False
006208,2022-10-28 10:37:28.195024,0.0,-0.0026572187776794376,0.0,-0.15000000000000568,56.3,56.4,56.4,56.45,91.0,199.0,15503.0,1496.0,False,False
006208,2022-10-28 10:37:29.470357,0.0,-0.0026572187776794376,0.0,-0.15000000000000568,56.3,56.4,56.4,56.45,57.0,199.0,15503.0,1496.0,False,False
006208,2022-10-28 10:37:29.501527,0.0,-0.0026572187776794376,0.0,-0.15000000000000568,56.3,56.4,56.4,56.45,57.0,199.0,15503.0,1496.0,False,False
006208,2022-10-28 10:37:29.965169,0.0,-0.0026572187776794376,0.0,-0.15000000000000568,56.3,56.4,56.4,56.45,57.0,199.0,15503.0,1496.0,False,False
006208,2022-10-28 10:37:29.996263,0.0,-0.0026572187776794376,0.0,-0.15000000000000568,56.3,56.4,56.4,56.45,57.0,199.0,15503.0,1496.0,False,False
006208,2022-10-28 10:37:30.187876,0.0,-0.0026572187776794376,0.0,-0.15000000000000568,56.3,56.4,56.4,56.45,57.0,199.0,15503.0,1496.0,False,False
006208,2022-10-28 10:37:30.778247,0.0,-0.0026572187776794376,0.0,-0.15000000000000568,56.3,56.4,56.4,56.45,57.0,199.0,15503.0,1496.0,False,False
006208,2022-10-28 10:37:30.996237,0.0008873114463177068,-0.0026572187776794376,0.04999999999999716,-0.15000000000000568,56.3,56.35,56.4,56.45,57.0,100.0,15503.0,1496.0,False,False
006208,2022-10-28 10:37:31.051677,0.0008873114463177068,-0.0026572187776794376,0.04999999999999716,-0.15000000000000568,56.3,56.35,56.4,56.45,54.0,100.0,15503.0,1496.0,False,False
006208,2022-10-28 10:37:31.038722,0.0008873114463177068,-0.0026572187776794376,0.04999999999999716,-0.15000000000000568,56.3,56.35,56.4,56.45,57.0,100.0,15503.0,1496.0,False,False
006208,2022-10-28 10:37:31.146528,0.0008873114463177068,-0.0026572187776794376,0.04999999999999716,-0.15000000000000568,56.3,56.35,56.4,56.45,54.0,100.0,15503.0,1496.0,False,False
006208,2022-10-28 10:37:31.344513,0.0008873114463177068,-0.0026572187776794376,0.04999999999999716,-0.15000000000000568,56.3,56.35,56.4,56.45,54.0,100.0,15503.0,1496.0,False,False
006208,2022-10-28 10:37:31.362541,0.0008873114463177068,-0.0026572187776794376,0.04999999999999716,-0.15000000000000568,56.3,56.35,56.4,56.45,54.0,140.0,15503.0,1496.0,False,False
006208,2022-10-28 10:37:31.554346,0.0008873114463177068,-0.0026572187776794376,0.04999999999999716,-0.15000000000000568,56.3,56.35,56.4,56.45,54.0,139.0,15503.0,1496.0,False,False
006208,2022-10-28 10:37:31.962226,0.0008873114463177068,-0.0026572187776794376,0.04999999999999716,-0.15000000000000568,56.3,56.35,56.4,56.45,54.0,99.0,15503.0,1496.0,False,False
006208,2022-10-28 10:37:32.133058,0.0008873114463177068,-0.0026572187776794376,0.04999999999999716,-0.15000000000000568,56.3,56.35,56.4,56.45,54.0,99.0,15503.0,1496.0,False,False
006208,2022-10-28 10:37:32.168027,0.0,-0.0026572187776794376,0.0,-0.15000000000000568,56.3,56.4,56.4,56.45,54.0,239.0,15503.0,1496.0,False,False
006208,2022-10-28 10:37:32.294860,0.0,-0.0026572187776794376,0.0,-0.15000000000000568,56.3,56.4,56.4,56.45,54.0,239.0,15503.0,1496.0,False,False
006208,2022-10-28 10:37:32.382971,0.0,-0.0026572187776794376,0.0,-0.15000000000000568,56.3,56.4,56.4,56.45,54.0,199.0,15503.0,1496.0,False,False
006208,2022-10-28 10:37:32.504484,0.0,-0.0026572187776794376,0.0,-0.15000000000000568,56.3,56.4,56.4,56.45,54.0,199.0,15503.0,1496.0,False,False
006208,2022-10-28 10:37:32.615467,0.0,-0.0026572187776794376,0.0,-0.15000000000000568,56.3,56.4,56.4,56.45,54.0,199.0,15503.0,1496.0,False,False
006208,2022-10-28 10:37:33.088811,0.0,-0.0026572187776794376,0.0,-0.15000000000000568,56.3,56.4,56.4,56.45,54.0,199.0,15503.0,1496.0,False,False
006208,2022-10-28 10:37:33.167782,0.0008873114463177068,-0.0026572187776794376,0.04999999999999716,-0.15000000000000568,56.3,56.35,56.4,56.45,54.0,100.0,15503.0,1496.0,False,False
006208,2022-10-28 10:37:33.295237,0.0008873114463177068,-0.0026572187776794376,0.04999999999999716,-0.15000000000000568,56.3,56.35,56.4,56.45,54.0,100.0,15503.0,1496.0,False,False
006208,2022-10-28 10:37:33.382906,0.0008873114463177068,-0.0026572187776794376,0.04999999999999716,-0.15000000000000568,56.3,56.35,56.4,56.45,54.0,100.0,15503.0,1496.0,False,False
006208,2022-10-28 10:37:33.442582,0.0008873114463177068,-0.0026572187776794376,0.04999999999999716,-0.15000000000000568,56.3,56.35,56.4,56.45,54.0,140.0,15503.0,1496.0,False,False
006208,2022-10-28 10:37:34.641016,0.0008873114463177068,-0.0026572187776794376,0.04999999999999716,-0.15000000000000568,56.3,56.35,56.4,56.45,54.0,140.0,15503.0,1496.0,False,False
006208,2022-10-28 10:37:34.668568,0.0008873114463177068,-0.0026572187776794376,0.04999999999999716,-0.15000000000000568,56.3,56.35,56.4,56.45,54.0,40.0,15503.0,1496.0,False,False
006208,2022-10-28 10:37:34.805398,0.0008873114463177068,-0.0026572187776794376,0.04999999999999716,-0.15000000000000568,56.3,56.35,56.4,56.45,54.0,40.0,15503.0,2451.0,True,True
006208,2022-10-28 10:37:34.955028,0.0,-0.0026572187776794376,0.0,-0.15000000000000568,56.3,56.4,56.4,56.45,54.0,239.0,15503.0,2451.0,False,False
006208,2022-10-28 10:37:34.994336,0.0,-0.0026572187776794376,0.0,-0.15000000000000568,56.3,56.4,56.4,56.45,54.0,199.0,15503.0,2451.0,False,False
006208,2022-10-28 10:37:35.500069,0.0,-0.0026572187776794376,0.0,-0.15000000000000568,56.3,56.4,56.4,56.45,54.0,199.0,15503.0,2451.0,False,False
006208,2022-10-28 10:37:35.509497,0.0,-0.0026572187776794376,0.0,-0.15000000000000568,56.3,56.4,56.4,56.45,54.0,199.0,15503.0,2451.0,False,False
006208,2022-10-28 10:37:35.668528,0.0008873114463177068,-0.0026572187776794376,0.04999999999999716,-0.15000000000000568,56.3,56.35,56.4,56.45,54.0,40.0,15503.0,2451.0,False,False
006208,2022-10-28 10:37:35.842817,0.0008873114463177068,-0.0026572187776794376,0.04999999999999716,-0.15000000000000568,56.3,56.35,56.4,56.45,54.0,40.0,15503.0,2451.0,False,False
006208,2022-10-28 10:37:36.371214,0.0,-0.0026572187776794376,0.0,-0.15000000000000568,56.3,56.4,56.4,56.45,54.0,239.0,15503.0,2451.0,False,False
006208,2022-10-28 10:37:36.430437,0.0,-0.0026572187776794376,0.0,-0.15000000000000568,56.3,56.4,56.4,56.45,54.0,199.0,15503.0,2451.0,False,False
006208,2022-10-28 10:37:36.510887,0.0,-0.0026572187776794376,0.0,-0.15000000000000568,56.3,56.4,56.4,56.45,54.0,199.0,15503.0,2451.0,False,False
006208,2022-10-28 10:37:36.658825,0.0008873114463177068,-0.0026572187776794376,0.04999999999999716,-0.15000000000000568,56.3,56.35,56.4,56.45,54.0,40.0,15503.0,2451.0,False,False
006208,2022-10-28 10:37:36.875908,0.0008873114463177068,-0.0026572187776794376,0.04999999999999716,-0.15000000000000568,56.3,56.35,56.4,56.45,54.0,40.0,15503.0,2451.0,False,False
006208,2022-10-28 10:37:37.456338,0.0008873114463177068,-0.0026572187776794376,0.04999999999999716,-0.15000000000000568,56.3,56.35,56.4,56.45,54.0,40.0,15503.0,2451.0,False,False
006208,2022-10-28 10:37:37.510839,0.0008873114463177068,-0.0026572187776794376,0.04999999999999716,-0.15000000000000568,56.3,56.35,56.4,56.45,54.0,140.0,15503.0,2451.0,False,False
006208,2022-10-28 10:37:38.207813,0.0008873114463177068,-0.0026572187776794376,0.04999999999999716,-0.15000000000000568,56.3,56.35,56.4,56.45,54.0,140.0,15503.0,2451.0,False,False
006208,2022-10-28 10:37:38.307781,0.0008873114463177068,-0.0026572187776794376,0.04999999999999716,-0.15000000000000568,56.3,56.35,56.4,56.45,54.0,140.0,15503.0,2451.0,False,False
006208,2022-10-28 10:37:38.426391,0.0008873114463177068,-0.0026572187776794376,0.04999999999999716,-0.15000000000000568,56.3,56.35,56.4,56.45,54.0,140.0,15503.0,2451.0,False,False
006208,2022-10-28 10:37:38.426510,0.0008873114463177068,-0.0026572187776794376,0.04999999999999716,-0.15000000000000568,56.3,56.35,56.4,56.45,54.0,140.0,15503.0,2451.0,False,False
006208,2022-10-28 10:37:40.531155,0.0008873114463177068,-0.0026572187776794376,0.04999999999999716,-0.15000000000000568,56.3,56.35,56.4,56.45,54.0,140.0,15503.0,2451.0,False,False
006208,2022-10-28 10:37:40.531254,0.0008873114463177068,-0.0026572187776794376,0.04999999999999716,-0.15000000000000568,56.3,56.35,56.4,56.45,54.0,140.0,15503.0,2451.0,False,False
006208,2022-10-28 10:37:42.179396,0.0008873114463177068,-0.0026572187776794376,0.04999999999999716,-0.15000000000000568,56.3,56.35,56.4,56.45,54.0,100.0,15503.0,2451.0,False,False
006208,2022-10-28 10:37:42.249377,0.0,-0.0026572187776794376,0.0,-0.15000000000000568,56.3,56.4,56.4,56.45,54.0,239.0,15503.0,2451.0,False,False
006208,2022-10-28 10:37:42.332364,0.0,-0.0026572187776794376,0.0,-0.15000000000000568,56.3,56.4,56.4,56.45,54.0,199.0,15503.0,2451.0,False,False
006208,2022-10-28 10:37:43.189380,0.0,-0.0026572187776794376,0.0,-0.15000000000000568,56.3,56.4,56.4,56.45,54.0,199.0,15503.0,2451.0,False,False
006208,2022-10-28 10:37:43.286156,0.0008873114463177068,-0.0026572187776794376,0.04999999999999716,-0.15000000000000568,56.3,56.35,56.4,56.45,54.0,140.0,15503.0,2451.0,False,False
006208,2022-10-28 10:37:43.389961,0.0008873114463177068,-0.0026572187776794376,0.04999999999999716,-0.15000000000000568,56.3,56.35,56.4,56.45,54.0,140.0,15503.0,2451.0,False,False
006208,2022-10-28 10:37:43.585640,0.0008873114463177068,-0.0026572187776794376,0.04999999999999716,-0.15000000000000568,56.3,56.35,56.4,56.45,54.0,140.0,15503.0,2451.0,False,False
006208,2022-10-28 10:37:44.834488,0.0008873114463177068,-0.0026572187776794376,0.04999999999999716,-0.15000000000000568,56.3,56.35,56.4,56.45,54.0,140.0,15503.0,2451.0,True,True
006208,2022-10-28 10:37:46.300841,0.0008873114463177068,-0.0026572187776794376,0.04999999999999716,-0.15000000000000568,56.3,56.35,56.4,56.45,54.0,140.0,15503.0,2451.0,False,False
006208,2022-10-28 10:37:46.303788,0.0008873114463177068,-0.0026572187776794376,0.04999999999999716,-0.15000000000000568,56.3,56.35,56.4,56.45,54.0,140.0,15503.0,2451.0,False,False
006208,2022-10-28 10:37:46.313731,0.0008873114463177068,-0.0026572187776794376,0.04999999999999716,-0.15000000000000568,56.3,56.35,56.4,56.45,54.0,140.0,15503.0,2451.0,False,False
006208,2022-10-28 10:37:46.494821,0.0008873114463177068,-0.0026572187776794376,0.04999999999999716,-0.15000000000000568,56.3,56.35,56.4,56.45,54.0,140.0,15503.0,2451.0,False,False
006208,2022-10-28 10:37:46.763234,0.0008873114463177068,-0.0026572187776794376,0.04999999999999716,-0.15000000000000568,56.3,56.35,56.4,56.45,4.0,140.0,15503.0,2451.0,False,False
006208,2022-10-28 10:37:47.268491,0.0008873114463177068,-0.0026572187776794376,0.04999999999999716,-0.15000000000000568,56.3,56.35,56.4,56.45,4.0,140.0,15503.0,2451.0,False,False
006208,2022-10-28 10:37:47.268605,0.0008873114463177068,-0.0026572187776794376,0.04999999999999716,-0.15000000000000568,56.3,56.35,56.4,56.45,4.0,140.0,15503.0,2451.0,False,False
006208,2022-10-28 10:37:47.350662,0.0008873114463177068,-0.0026572187776794376,0.04999999999999716,-0.15000000000000568,56.3,56.35,56.4,56.45,4.0,140.0,15503.0,2451.0,False,False
006208,2022-10-28 10:37:48.851996,0.0008873114463177068,-0.0026572187776794376,0.04999999999999716,-0.15000000000000568,56.3,56.35,56.4,56.45,4.0,140.0,15503.0,2451.0,False,False
006208,2022-10-28 10:37:49.616137,0.0008873114463177068,-0.0026572187776794376,0.04999999999999716,-0.15000000000000568,56.3,56.35,56.4,56.45,4.0,140.0,15503.0,2451.0,False,False
006208,2022-10-28 10:37:49.667763,0.0008873114463177068,-0.0026572187776794376,0.04999999999999716,-0.15000000000000568,56.3,56.35,56.4,56.45,4.0,140.0,15503.0,2451.0,False,False
006208,2022-10-28 10:37:50.307597,0.0008873114463177068,-0.0026572187776794376,0.04999999999999716,-0.15000000000000568,56.3,56.35,56.4,56.45,4.0,140.0,15503.0,2451.0,False,False
006208,2022-10-28 10:37:50.418832,0.0008873114463177068,-0.0026572187776794376,0.04999999999999716,-0.15000000000000568,56.3,56.35,56.4,56.45,4.0,140.0,15503.0,2451.0,False,False
006208,2022-10-28 10:37:51.396812,0.0008873114463177068,-0.0026572187776794376,0.04999999999999716,-0.15000000000000568,56.3,56.35,56.4,56.45,4.0,139.0,15503.0,2451.0,False,False
006208,2022-10-28 10:37:51.775724,0.0008873114463177068,-0.0026572187776794376,0.04999999999999716,-0.15000000000000568,56.3,56.35,56.4,56.45,4.0,139.0,15503.0,2451.0,False,False
006208,2022-10-28 10:37:52.215566,0.0008873114463177068,-0.0026572187776794376,0.04999999999999716,-0.15000000000000568,56.3,56.35,56.4,56.45,4.0,139.0,15503.0,2451.0,False,False
006208,2022-10-28 10:37:52.222125,0.0008873114463177068,-0.0026572187776794376,0.04999999999999716,-0.15000000000000568,56.3,56.35,56.4,56.45,4.0,139.0,15503.0,2451.0,False,False
006208,2022-10-28 10:37:52.351101,0.0008873114463177068,-0.0026572187776794376,0.04999999999999716,-0.15000000000000568,56.3,56.35,56.4,56.45,4.0,139.0,15503.0,2451.0,False,False
006208,2022-10-28 10:37:52.698188,0.0008873114463177068,-0.0026572187776794376,0.04999999999999716,-0.15000000000000568,56.3,56.35,56.4,56.45,4.0,139.0,15503.0,2451.0,False,False
006208,2022-10-28 10:37:52.734541,0.0008873114463177068,-0.0026572187776794376,0.04999999999999716,-0.15000000000000568,56.3,56.35,56.4,56.45,4.0,139.0,15503.0,2451.0,False,False
006208,2022-10-28 10:37:53.575257,0.0008873114463177068,-0.0026572187776794376,0.04999999999999716,-0.15000000000000568,56.3,56.35,56.4,56.45,4.0,139.0,15503.0,2451.0,False,False
006208,2022-10-28 10:37:53.593984,0.001776198934280604,-0.003542958370239213,0.10000000000000142,-0.20000000000000284,56.25,56.3,56.4,56.45,198.0,1.0,15503.0,2451.0,False,False
006208,2022-10-28 10:37:53.660859,0.001776198934280604,-0.003542958370239213,0.10000000000000142,-0.20000000000000284,56.25,56.3,56.4,56.45,198.0,1.0,15503.0,2451.0,False,False
006208,2022-10-28 10:37:53.784862,0.001776198934280604,-0.003542958370239213,0.10000000000000142,-0.20000000000000284,56.25,56.3,56.4,56.45,198.0,1.0,15503.0,2451.0,False,False
006208,2022-10-28 10:37:53.911513,0.001776198934280604,-0.003542958370239213,0.10000000000000142,-0.20000000000000284,56.25,56.3,56.4,56.45,198.0,1.0,15503.0,2451.0,False,False
006208,2022-10-28 10:37:54.038186,0.001776198934280604,-0.003542958370239213,0.10000000000000142,-0.20000000000000284,56.25,56.3,56.4,56.45,198.0,1.0,15503.0,2451.0,False,False
006208,2022-10-28 10:37:54.144277,0.001776198934280604,-0.003542958370239213,0.10000000000000142,-0.20000000000000284,56.25,56.3,56.4,56.45,198.0,1.0,15503.0,2451.0,False,False
006208,2022-10-28 10:37:54.864622,0.001776198934280604,-0.003542958370239213,0.10000000000000142,-0.20000000000000284,56.25,56.3,56.4,56.45,198.0,1.0,15603.0,2402.0,True,True
006208,2022-10-28 10:37:56.230528,0.001776198934280604,-0.003542958370239213,0.10000000000000142,-0.20000000000000284,56.25,56.3,56.4,56.45,198.0,1.0,15603.0,2402.0,False,False
006208,2022-10-28 10:37:56.233483,0.001776198934280604,-0.003542958370239213,0.10000000000000142,-0.20000000000000284,56.25,56.3,56.4,56.45,198.0,1.0,15603.0,2402.0,False,False
006208,2022-10-28 10:37:56.603010,0.001776198934280604,-0.003542958370239213,0.10000000000000142,-0.20000000000000284,56.25,56.3,56.4,56.45,198.0,1.0,15603.0,2402.0,False,False
006208,2022-10-28 10:37:56.611203,0.001776198934280604,-0.003542958370239213,0.10000000000000142,-0.20000000000000284,56.25,56.3,56.4,56.45,198.0,1.0,15603.0,2402.0,False,False
006208,2022-10-28 10:37:56.846647,0.001776198934280604,-0.003542958370239213,0.10000000000000142,-0.20000000000000284,56.25,56.3,56.4,56.45,164.0,1.0,15603.0,2402.0,False,False
006208,2022-10-28 10:37:56.860049,0.001776198934280604,-0.003542958370239213,0.10000000000000142,-0.20000000000000284,56.25,56.3,56.4,56.45,164.0,1.0,15603.0,2402.0,False,False
006208,2022-10-28 10:37:58.356063,0.001776198934280604,-0.003542958370239213,0.10000000000000142,-0.20000000000000284,56.25,56.3,56.4,56.45,164.0,1.0,15603.0,2402.0,False,False
006208,2022-10-28 10:37:58.394848,0.001776198934280604,-0.003542958370239213,0.10000000000000142,-0.20000000000000284,56.25,56.3,56.4,56.45,164.0,1.0,15603.0,2402.0,False,False
006208,2022-10-28 10:37:58.625666,0.001776198934280604,-0.003542958370239213,0.10000000000000142,-0.20000000000000284,56.25,56.3,56.4,56.45,164.0,1.0,15603.0,2402.0,False,False
006208,2022-10-28 10:37:58.635386,0.001776198934280604,-0.003542958370239213,0.10000000000000142,-0.20000000000000284,56.25,56.3,56.4,56.45,164.0,1.0,15603.0,2402.0,False,False
006208,2022-10-28 10:37:58.741865,0.001776198934280604,-0.003542958370239213,0.10000000000000142,-0.20000000000000284,56.25,56.3,56.4,56.45,164.0,1.0,15603.0,2402.0,False,False
006208,2022-10-28 10:37:59.066266,0.001776198934280604,-0.003542958370239213,0.10000000000000142,-0.20000000000000284,56.25,56.3,56.4,56.45,164.0,1.0,15603.0,2402.0,False,False
006208,2022-10-28 10:37:59.161679,0.001776198934280604,-0.003542958370239213,0.10000000000000142,-0.20000000000000284,56.25,56.3,56.4,56.45,164.0,1.0,15603.0,2402.0,False,False
006208,2022-10-28 10:37:59.404156,0.001776198934280604,-0.003542958370239213,0.10000000000000142,-0.20000000000000284,56.25,56.3,56.4,56.45,164.0,1.0,15603.0,2402.0,False,False
006208,2022-10-28 10:37:59.458065,0.001776198934280604,-0.003542958370239213,0.10000000000000142,-0.20000000000000284,56.25,56.3,56.4,56.45,164.0,1.0,15603.0,2402.0,False,False
006208,2022-10-28 10:37:59.475163,0.001776198934280604,-0.003542958370239213,0.10000000000000142,-0.20000000000000284,56.25,56.3,56.4,56.45,164.0,1.0,15603.0,2402.0,False,False
006208,2022-10-28 10:37:59.552326,0.001776198934280604,-0.003542958370239213,0.10000000000000142,-0.20000000000000284,56.25,56.3,56.4,56.45,164.0,1.0,15603.0,2402.0,False,False
006208,2022-10-28 10:38:00.066492,0.001776198934280604,-0.003542958370239213,0.10000000000000142,-0.20000000000000284,56.25,56.3,56.4,56.45,164.0,1.0,15603.0,2402.0,False,False
006208,2022-10-28 10:38:02.248491,0.001776198934280604,-0.003542958370239213,0.10000000000000142,-0.20000000000000284,56.25,56.3,56.4,56.45,164.0,1.0,15603.0,2402.0,False,False
006208,2022-10-28 10:38:02.248519,0.001776198934280604,-0.003542958370239213,0.10000000000000142,-0.20000000000000284,56.25,56.3,56.4,56.45,164.0,1.0,15603.0,2402.0,False,False
006208,2022-10-28 10:38:02.349856,0.001776198934280604,-0.003542958370239213,0.10000000000000142,-0.20000000000000284,56.25,56.3,56.4,56.45,164.0,1.0,15603.0,2402.0,False,False
006208,2022-10-28 10:38:02.542985,0.001776198934280604,-0.003542958370239213,0.10000000000000142,-0.20000000000000284,56.25,56.3,56.4,56.45,164.0,1.0,15603.0,2402.0,False,False
006208,2022-10-28 10:38:02.549913,0.001776198934280604,-0.003542958370239213,0.10000000000000142,-0.20000000000000284,56.25,56.3,56.4,56.45,164.0,1.0,15603.0,2402.0,False,False
006208,2022-10-28 10:38:03.112441,0.001776198934280604,-0.003542958370239213,0.10000000000000142,-0.20000000000000284,56.25,56.3,56.4,56.45,164.0,1.0,15603.0,2402.0,False,False
006208,2022-10-28 10:38:03.128306,0.001776198934280604,-0.003542958370239213,0.10000000000000142,-0.20000000000000284,56.25,56.3,56.4,56.45,164.0,1.0,15603.0,2402.0,False,False
006208,2022-10-28 10:38:03.626623,0.001776198934280604,-0.003542958370239213,0.10000000000000142,-0.20000000000000284,56.25,56.3,56.4,56.45,164.0,1.0,15603.0,2402.0,False,False
006208,2022-10-28 10:38:03.834059,0.001776198934280604,-0.003542958370239213,0.10000000000000142,-0.20000000000000284,56.25,56.3,56.4,56.45,164.0,1.0,15603.0,2402.0,False,False
006208,2022-10-28 10:38:03.836981,0.001776198934280604,-0.003542958370239213,0.10000000000000142,-0.20000000000000284,56.25,56.3,56.4,56.45,164.0,1.0,15603.0,2402.0,False,False
006208,2022-10-28 10:38:03.973866,0.001776198934280604,-0.003542958370239213,0.10000000000000142,-0.20000000000000284,56.25,56.3,56.4,56.45,164.0,1.0,15603.0,2402.0,False,False
006208,2022-10-28 10:38:04.168267,0.001776198934280604,-0.003542958370239213,0.10000000000000142,-0.20000000000000284,56.25,56.3,56.4,56.45,164.0,1.0,15603.0,2402.0,False,False
006208,2022-10-28 10:38:04.213898,0.001776198934280604,-0.003542958370239213,0.10000000000000142,-0.20000000000000284,56.25,56.3,56.4,56.45,164.0,1.0,15603.0,2402.0,False,False
006208,2022-10-28 10:38:04.320090,0.001776198934280604,-0.003542958370239213,0.10000000000000142,-0.20000000000000284,56.25,56.3,56.4,56.45,164.0,1.0,15603.0,2402.0,False,False
006208,2022-10-28 10:38:04.572795,0.001776198934280604,-0.003542958370239213,0.10000000000000142,-0.20000000000000284,56.25,56.3,56.4,56.45,164.0,1.0,15603.0,2402.0,False,False
006208,2022-10-28 10:38:04.572893,0.001776198934280604,-0.003542958370239213,0.10000000000000142,-0.20000000000000284,56.25,56.3,56.4,56.45,164.0,1.0,15603.0,2402.0,False,False
006208,2022-10-28 10:38:04.698430,0.001776198934280604,-0.003542958370239213,0.10000000000000142,-0.20000000000000284,56.25,56.3,56.4,56.45,164.0,1.0,15603.0,2402.0,False,False
006208,2022-10-28 10:38:04.905552,0.001776198934280604,-0.003542958370239213,0.10000000000000142,-0.20000000000000284,56.25,56.3,56.4,56.45,164.0,1.0,15742.0,2025.0,True,True
006208,2022-10-28 10:38:05.502269,0.001776198934280604,-0.003542958370239213,0.10000000000000142,-0.20000000000000284,56.25,56.3,56.4,56.45,164.0,1.0,15742.0,2025.0,False,False
006208,2022-10-28 10:38:05.512887,0.001776198934280604,-0.003542958370239213,0.10000000000000142,-0.20000000000000284,56.25,56.3,56.4,56.45,164.0,1.0,15742.0,2025.0,False,False
006208,2022-10-28 10:38:06.096847,0.001776198934280604,-0.003542958370239213,0.10000000000000142,-0.20000000000000284,56.25,56.3,56.4,56.45,164.0,1.0,15742.0,2025.0,False,False
006208,2022-10-28 10:38:06.101762,0.001776198934280604,-0.003542958370239213,0.10000000000000142,-0.20000000000000284,56.25,56.3,56.4,56.45,164.0,1.0,15742.0,2025.0,False,False
006208,2022-10-28 10:38:06.264396,0.001776198934280604,-0.003542958370239213,0.10000000000000142,-0.20000000000000284,56.25,56.3,56.4,56.45,164.0,1.0,15742.0,2025.0,False,False
006208,2022-10-28 10:38:06.402093,0.001776198934280604,-0.003542958370239213,0.10000000000000142,-0.20000000000000284,56.25,56.3,56.4,56.45,164.0,1.0,15742.0,2025.0,False,False
006208,2022-10-28 10:38:06.620180,0.001776198934280604,-0.003542958370239213,0.10000000000000142,-0.20000000000000284,56.25,56.3,56.4,56.45,164.0,1.0,15742.0,2025.0,False,False
006208,2022-10-28 10:38:06.620389,0.001776198934280604,-0.003542958370239213,0.10000000000000142,-0.20000000000000284,56.25,56.3,56.4,56.45,164.0,1.0,15742.0,2025.0,False,False
006208,2022-10-28 10:38:07.197987,0.001776198934280604,-0.003542958370239213,0.10000000000000142,-0.20000000000000284,56.25,56.3,56.4,56.45,164.0,1.0,15742.0,2025.0,False,False
006208,2022-10-28 10:38:07.224703,0.001776198934280604,-0.003542958370239213,0.10000000000000142,-0.20000000000000284,56.25,56.3,56.4,56.45,124.0,1.0,15742.0,2025.0,False,False
006208,2022-10-28 10:38:07.318143,0.001776198934280604,-0.003542958370239213,0.10000000000000142,-0.20000000000000284,56.25,56.3,56.4,56.45,124.0,1.0,15742.0,2025.0,False,False
006208,2022-10-28 10:38:07.543091,0.001776198934280604,-0.003542958370239213,0.10000000000000142,-0.20000000000000284,56.25,56.3,56.4,56.45,64.0,1.0,15742.0,2025.0,False,False
006208,2022-10-28 10:38:07.864956,0.001776198934280604,-0.003542958370239213,0.10000000000000142,-0.20000000000000284,56.25,56.3,56.4,56.45,64.0,1.0,15742.0,2025.0,False,False
006208,2022-10-28 10:38:07.875288,0.001776198934280604,-0.003542958370239213,0.10000000000000142,-0.20000000000000284,56.25,56.3,56.4,56.45,64.0,1.0,15742.0,2025.0,False,False
006208,2022-10-28 10:38:08.265784,0.001776198934280604,-0.003542958370239213,0.10000000000000142,-0.20000000000000284,56.25,56.3,56.4,56.45,64.0,1.0,15742.0,2025.0,False,False
006208,2022-10-28 10:38:08.282348,0.001776198934280604,-0.003542958370239213,0.10000000000000142,-0.20000000000000284,56.25,56.3,56.4,56.45,64.0,1.0,15742.0,2025.0,False,False
006208,2022-10-28 10:38:09.775318,0.001776198934280604,-0.003542958370239213,0.10000000000000142,-0.20000000000000284,56.25,56.3,56.4,56.45,64.0,1.0,15742.0,2025.0,False,False
006208,2022-10-28 10:38:11.809145,0.001776198934280604,-0.003542958370239213,0.10000000000000142,-0.20000000000000284,56.25,56.3,56.4,56.45,64.0,1.0,15742.0,2025.0,False,False
006208,2022-10-28 10:38:13.952637,0.001776198934280604,-0.003542958370239213,0.10000000000000142,-0.20000000000000284,56.25,56.3,56.4,56.45,64.0,1.0,15742.0,2025.0,False,False
006208,2022-10-28 10:38:13.957302,0.001776198934280604,-0.003542958370239213,0.10000000000000142,-0.20000000000000284,56.25,56.3,56.4,56.45,64.0,1.0,15742.0,2025.0,False,False
006208,2022-10-28 10:38:14.087531,0.001776198934280604,-0.003542958370239213,0.10000000000000142,-0.20000000000000284,56.25,56.3,56.4,56.45,64.0,1.0,15742.0,2025.0,False,False
006208,2022-10-28 10:38:14.938779,0.001776198934280604,-0.003542958370239213,0.10000000000000142,-0.20000000000000284,56.25,56.3,56.4,56.45,64.0,1.0,15742.0,1935.0,True,True
006208,2022-10-28 10:38:21.980101,0.001776198934280604,-0.003542958370239213,0.10000000000000142,-0.20000000000000284,56.25,56.3,56.4,56.45,64.0,1.0,15742.0,1935.0,False,False
006208,2022-10-28 10:38:22.969477,0.001776198934280604,-0.003542958370239213,0.10000000000000142,-0.20000000000000284,56.25,56.3,56.4,56.45,64.0,1.0,15742.0,1935.0,False,False
006208,2022-10-28 10:38:24.070112,0.001776198934280604,-0.003542958370239213,0.10000000000000142,-0.20000000000000284,56.25,56.3,56.4,56.45,64.0,1.0,15742.0,1935.0,False,False
006208,2022-10-28 10:38:24.073487,0.001776198934280604,-0.003542958370239213,0.10000000000000142,-0.20000000000000284,56.25,56.3,56.4,56.45,64.0,1.0,15742.0,1935.0,False,False
006208,2022-10-28 10:38:24.206938,0.001776198934280604,-0.003542958370239213,0.10000000000000142,-0.20000000000000284,56.25,56.3,56.4,56.45,64.0,1.0,15742.0,1935.0,False,False
006208,2022-10-28 10:38:26.494711,0.001776198934280604,-0.003542958370239213,0.10000000000000142,-0.20000000000000284,56.25,56.3,56.4,56.45,64.0,1.0,15742.0,1935.0,False,False
006208,2022-10-28 10:38:27.964228,0.001776198934280604,-0.003542958370239213,0.10000000000000142,-0.20000000000000284,56.25,56.3,56.4,56.45,64.0,1.0,15742.0,1935.0,False,False
006208,2022-10-28 10:38:28.365100,0.001776198934280604,-0.003542958370239213,0.10000000000000142,-0.20000000000000284,56.25,56.3,56.4,56.45,64.0,1.0,15742.0,1935.0,False,False
006208,2022-10-28 10:38:32.402516,0.001776198934280604,-0.003542958370239213,0.10000000000000142,-0.20000000000000284,56.25,56.3,56.4,56.45,64.0,1.0,15742.0,1935.0,False,False
006208,2022-10-28 10:38:34.203486,0.001776198934280604,-0.003542958370239213,0.10000000000000142,-0.20000000000000284,56.25,56.3,56.4,56.45,64.0,1.0,15742.0,1935.0,False,False
006208,2022-10-28 10:38:34.207251,0.001776198934280604,-0.003542958370239213,0.10000000000000142,-0.20000000000000284,56.25,56.3,56.4,56.45,64.0,1.0,15742.0,1935.0,False,False
006208,2022-10-28 10:38:34.339604,0.001776198934280604,-0.003542958370239213,0.10000000000000142,-0.20000000000000284,56.25,56.3,56.4,56.45,64.0,1.0,15742.0,1935.0,False,False
006208,2022-10-28 10:38:34.997364,0.001776198934280604,-0.003542958370239213,0.10000000000000142,-0.20000000000000284,56.25,56.3,56.4,56.45,64.0,1.0,15732.0,1935.0,True,True
006208,2022-10-28 10:38:35.964019,0.0008873114463177068,-0.003542958370239213,0.04999999999999716,-0.20000000000000284,56.25,56.35,56.4,56.45,64.0,189.0,15732.0,1935.0,False,False
006208,2022-10-28 10:38:35.985853,0.0008873114463177068,-0.003542958370239213,0.04999999999999716,-0.20000000000000284,56.25,56.35,56.4,56.45,64.0,189.0,15732.0,1935.0,False,False
006208,2022-10-28 10:38:36.052067,0.0008873114463177068,-0.003542958370239213,0.04999999999999716,-0.20000000000000284,56.25,56.35,56.4,56.45,64.0,189.0,15732.0,1935.0,False,False
006208,2022-10-28 10:38:36.280965,0.0008873114463177068,-0.003542958370239213,0.04999999999999716,-0.20000000000000284,56.25,56.35,56.4,56.45,64.0,149.0,15732.0,1935.0,False,False
006208,2022-10-28 10:38:36.903355,0.0008873114463177068,-0.003542958370239213,0.04999999999999716,-0.20000000000000284,56.25,56.35,56.4,56.45,64.0,149.0,15732.0,1935.0,False,False
006208,2022-10-28 10:38:36.903682,0.0008873114463177068,-0.003542958370239213,0.04999999999999716,-0.20000000000000284,56.25,56.35,56.4,56.45,64.0,169.0,15732.0,1935.0,False,False
006208,2022-10-28 10:38:37.264940,0.0008873114463177068,-0.003542958370239213,0.04999999999999716,-0.20000000000000284,56.25,56.35,56.4,56.45,64.0,169.0,15732.0,1935.0,False,False
006208,2022-10-28 10:38:37.265327,0.0008873114463177068,-0.003542958370239213,0.04999999999999716,-0.20000000000000284,56.25,56.35,56.4,56.45,64.0,149.0,15732.0,1935.0,False,False
006208,2022-10-28 10:38:37.622720,0.0008873114463177068,-0.003542958370239213,0.04999999999999716,-0.20000000000000284,56.25,56.35,56.4,56.45,64.0,149.0,15732.0,1935.0,False,False
006208,2022-10-28 10:38:37.642864,0.0008873114463177068,-0.003542958370239213,0.04999999999999716,-0.20000000000000284,56.25,56.35,56.4,56.45,64.0,149.0,15732.0,1935.0,False,False
006208,2022-10-28 10:38:38.435483,0.0008873114463177068,-0.003542958370239213,0.04999999999999716,-0.20000000000000284,56.25,56.35,56.4,56.45,64.0,149.0,15732.0,1935.0,False,False
006208,2022-10-28 10:38:38.456253,0.0008873114463177068,-0.003542958370239213,0.04999999999999716,-0.20000000000000284,56.25,56.35,56.4,56.45,64.0,149.0,15732.0,1935.0,False,False
006208,2022-10-28 10:38:40.450813,0.0008873114463177068,-0.003542958370239213,0.04999999999999716,-0.20000000000000284,56.25,56.35,56.4,56.45,64.0,149.0,15732.0,1935.0,False,False
006208,2022-10-28 10:38:41.027844,0.0008873114463177068,-0.003542958370239213,0.04999999999999716,-0.20000000000000284,56.25,56.35,56.4,56.45,64.0,149.0,15732.0,1935.0,False,False
006208,2022-10-28 10:38:41.041059,0.0008873114463177068,-0.003542958370239213,0.04999999999999716,-0.20000000000000284,56.25,56.35,56.4,56.45,64.0,149.0,15732.0,1935.0,False,False
006208,2022-10-28 10:38:41.257966,0.0008873114463177068,-0.003542958370239213,0.04999999999999716,-0.20000000000000284,56.25,56.35,56.4,56.45,63.0,149.0,15732.0,1935.0,False,False
006208,2022-10-28 10:38:42.196656,0.0008873114463177068,-0.003542958370239213,0.04999999999999716,-0.20000000000000284,56.25,56.35,56.4,56.45,63.0,149.0,15732.0,1935.0,False,False
006208,2022-10-28 10:38:42.233561,0.0008873114463177068,-0.003542958370239213,0.04999999999999716,-0.20000000000000284,56.25,56.35,56.4,56.45,63.0,149.0,15732.0,1935.0,False,False
006208,2022-10-28 10:38:45.026493,0.0008873114463177068,-0.003542958370239213,0.04999999999999716,-0.20000000000000284,56.25,56.35,56.4,56.45,63.0,149.0,15732.0,1935.0,True,True
006208,2022-10-28 10:38:45.912550,0.0008873114463177068,-0.003542958370239213,0.04999999999999716,-0.20000000000000284,56.25,56.35,56.4,56.45,64.0,149.0,15732.0,1935.0,False,False
006208,2022-10-28 10:38:46.279479,0.0008873114463177068,-0.003542958370239213,0.04999999999999716,-0.20000000000000284,56.25,56.35,56.4,56.45,64.0,149.0,15732.0,1935.0,False,False
006208,2022-10-28 10:38:46.282030,0.0008873114463177068,-0.003542958370239213,0.04999999999999716,-0.20000000000000284,56.25,56.35,56.4,56.45,64.0,149.0,15732.0,1935.0,False,False
006208,2022-10-28 10:38:46.415035,0.0008873114463177068,-0.003542958370239213,0.04999999999999716,-0.20000000000000284,56.25,56.35,56.4,56.45,64.0,149.0,15732.0,1935.0,False,False
006208,2022-10-28 10:38:47.541494,0.0008873114463177068,-0.003542958370239213,0.04999999999999716,-0.20000000000000284,56.25,56.35,56.4,56.45,64.0,149.0,15732.0,1935.0,False,False
006208,2022-10-28 10:38:47.541693,0.0008873114463177068,-0.003542958370239213,0.04999999999999716,-0.20000000000000284,56.25,56.35,56.4,56.45,64.0,199.0,15732.0,1935.0,False,False
006208,2022-10-28 10:38:55.057608,0.0008873114463177068,-0.003542958370239213,0.04999999999999716,-0.20000000000000284,56.25,56.35,56.4,56.45,64.0,199.0,15493.0,1913.0,True,True
006208,2022-10-28 10:38:56.391994,0.0008873114463177068,-0.003542958370239213,0.04999999999999716,-0.20000000000000284,56.25,56.35,56.4,56.45,64.0,199.0,15493.0,1913.0,False,False
006208,2022-10-28 10:38:56.395876,0.0008873114463177068,-0.003542958370239213,0.04999999999999716,-0.20000000000000284,56.25,56.35,56.4,56.45,64.0,199.0,15493.0,1913.0,False,False
006208,2022-10-28 10:38:56.522750,0.0008873114463177068,-0.003542958370239213,0.04999999999999716,-0.20000000000000284,56.25,56.35,56.4,56.45,64.0,199.0,15493.0,1913.0,False,False
006208,2022-10-28 10:38:56.532221,0.0008873114463177068,-0.003542958370239213,0.04999999999999716,-0.20000000000000284,56.25,56.35,56.4,56.45,64.0,199.0,15493.0,1913.0,False,False
006208,2022-10-28 10:38:58.419370,0.0008873114463177068,-0.003542958370239213,0.04999999999999716,-0.20000000000000284,56.25,56.35,56.4,56.45,64.0,199.0,15493.0,1913.0,False,False
006208,2022-10-28 10:39:02.143631,0.0008873114463177068,-0.003542958370239213,0.04999999999999716,-0.20000000000000284,56.25,56.35,56.4,56.45,64.0,199.0,15493.0,1913.0,False,False
006208,2022-10-28 10:39:02.144050,0.0008873114463177068,-0.003542958370239213,0.04999999999999716,-0.20000000000000284,56.25,56.35,56.4,56.45,64.0,219.0,15493.0,1913.0,False,False
006208,2022-10-28 10:39:05.092855,0.0008873114463177068,-0.003542958370239213,0.04999999999999716,-0.20000000000000284,56.25,56.35,56.4,56.45,64.0,219.0,15493.0,1864.0,True,True
006208,2022-10-28 10:39:05.571848,0.0008873114463177068,-0.003542958370239213,0.04999999999999716,-0.20000000000000284,56.25,56.35,56.4,56.45,64.0,199.0,15493.0,1864.0,False,False
006208,2022-10-28 10:39:05.639768,0.0008873114463177068,-0.003542958370239213,0.04999999999999716,-0.20000000000000284,56.25,56.35,56.4,56.45,64.0,199.0,15493.0,1864.0,False,False
006208,2022-10-28 10:39:06.032420,0.0008873114463177068,-0.003542958370239213,0.04999999999999716,-0.20000000000000284,56.25,56.35,56.4,56.45,64.0,199.0,15493.0,1864.0,False,False
006208,2022-10-28 10:39:06.082002,0.0008873114463177068,-0.003542958370239213,0.04999999999999716,-0.20000000000000284,56.25,56.35,56.4,56.45,64.0,199.0,15493.0,1864.0,False,False
006208,2022-10-28 10:39:06.223904,0.0008873114463177068,-0.003542958370239213,0.04999999999999716,-0.20000000000000284,56.25,56.35,56.4,56.45,64.0,219.0,15493.0,1864.0,False,False
006208,2022-10-28 10:39:06.360639,0.0008873114463177068,-0.003542958370239213,0.04999999999999716,-0.20000000000000284,56.25,56.35,56.4,56.45,64.0,219.0,15493.0,1864.0,False,False
006208,2022-10-28 10:39:06.512199,0.0008873114463177068,-0.003542958370239213,0.04999999999999716,-0.20000000000000284,56.25,56.35,56.4,56.45,64.0,219.0,15493.0,1864.0,False,False
006208,2022-10-28 10:39:06.637765,0.0008873114463177068,-0.003542958370239213,0.04999999999999716,-0.20000000000000284,56.25,56.35,56.4,56.45,64.0,219.0,15493.0,1864.0,False,False
006208,2022-10-28 10:39:06.644740,0.0008873114463177068,-0.003542958370239213,0.04999999999999716,-0.20000000000000284,56.25,56.35,56.4,56.45,64.0,219.0,15493.0,1864.0,False,False
006208,2022-10-28 10:39:07.039242,0.0008873114463177068,-0.003542958370239213,0.04999999999999716,-0.20000000000000284,56.25,56.35,56.4,56.45,64.0,199.0,15493.0,1864.0,False,False
006208,2022-10-28 10:39:07.053717,0.0008873114463177068,-0.003542958370239213,0.04999999999999716,-0.20000000000000284,56.25,56.35,56.4,56.45,64.0,199.0,15493.0,1864.0,False,False
006208,2022-10-28 10:39:07.147096,0.0008873114463177068,-0.003542958370239213,0.04999999999999716,-0.20000000000000284,56.25,56.35,56.4,56.45,64.0,199.0,15493.0,1864.0,False,False
006208,2022-10-28 10:39:07.463264,0.0008873114463177068,-0.003542958370239213,0.04999999999999716,-0.20000000000000284,56.25,56.35,56.4,56.45,64.0,149.0,15493.0,1864.0,False,False
006208,2022-10-28 10:39:08.138919,0.0008873114463177068,-0.003542958370239213,0.04999999999999716,-0.20000000000000284,56.25,56.35,56.4,56.45,63.0,149.0,15493.0,1864.0,False,False
006208,2022-10-28 10:39:08.245866,0.0008873114463177068,-0.003542958370239213,0.04999999999999716,-0.20000000000000284,56.25,56.35,56.4,56.45,63.0,219.0,15493.0,1864.0,False,False
006208,2022-10-28 10:39:13.586486,0.0008873114463177068,-0.003542958370239213,0.04999999999999716,-0.20000000000000284,56.25,56.35,56.4,56.45,63.0,219.0,15493.0,1864.0,False,False
006208,2022-10-28 10:39:13.586612,0.0008873114463177068,-0.003542958370239213,0.04999999999999716,-0.20000000000000284,56.25,56.35,56.4,56.45,63.0,219.0,15493.0,1864.0,False,False
006208,2022-10-28 10:39:13.741372,0.0008873114463177068,-0.003542958370239213,0.04999999999999716,-0.20000000000000284,56.25,56.35,56.4,56.45,63.0,219.0,15493.0,1864.0,False,False
006208,2022-10-28 10:39:13.839715,0.0008873114463177068,-0.003542958370239213,0.04999999999999716,-0.20000000000000284,56.25,56.35,56.4,56.45,63.0,219.0,15493.0,1864.0,False,False
006208,2022-10-28 10:39:14.180182,0.0008873114463177068,-0.003542958370239213,0.04999999999999716,-0.20000000000000284,56.25,56.35,56.4,56.45,63.0,219.0,15493.0,1864.0,False,False
006208,2022-10-28 10:39:14.180545,0.0008873114463177068,-0.003542958370239213,0.04999999999999716,-0.20000000000000284,56.25,56.35,56.4,56.45,63.0,219.0,15493.0,1864.0,False,False
006208,2022-10-28 10:39:14.643052,0.0008873114463177068,-0.003542958370239213,0.04999999999999716,-0.20000000000000284,56.25,56.35,56.4,56.45,63.0,219.0,15493.0,1864.0,False,False
006208,2022-10-28 10:39:14.756147,0.0008873114463177068,-0.003542958370239213,0.04999999999999716,-0.20000000000000284,56.25,56.35,56.4,56.45,63.0,199.0,15493.0,1864.0,False,False
006208,2022-10-28 10:39:14.791827,0.0008873114463177068,-0.003542958370239213,0.04999999999999716,-0.20000000000000284,56.25,56.35,56.4,56.45,63.0,199.0,15493.0,1864.0,False,False
006208,2022-10-28 10:39:15.124074,0.0008873114463177068,-0.003542958370239213,0.04999999999999716,-0.20000000000000284,56.25,56.35,56.4,56.45,63.0,199.0,659.0,2498.0,True,True
006208,2022-10-28 10:39:15.171619,0.0008873114463177068,-0.003542958370239213,0.04999999999999716,-0.20000000000000284,56.25,56.35,56.4,56.45,63.0,99.0,659.0,2498.0,False,False
006208,2022-10-28 10:39:16.171696,0.0008873114463177068,-0.003542958370239213,0.04999999999999716,-0.20000000000000284,56.25,56.35,56.4,56.45,63.0,199.0,659.0,2498.0,False,False
006208,2022-10-28 10:39:16.625872,0.0008873114463177068,-0.003542958370239213,0.04999999999999716,-0.20000000000000284,56.25,56.35,56.4,56.45,63.0,199.0,659.0,2498.0,False,False
006208,2022-10-28 10:39:16.628574,0.0008873114463177068,-0.003542958370239213,0.04999999999999716,-0.20000000000000284,56.25,56.35,56.4,56.45,63.0,199.0,659.0,2498.0,False,False
006208,2022-10-28 10:39:16.653550,0.0008873114463177068,-0.003542958370239213,0.04999999999999716,-0.20000000000000284,56.25,56.35,56.4,56.45,63.0,99.0,659.0,2498.0,False,False
006208,2022-10-28 10:39:16.760746,0.0008873114463177068,-0.003542958370239213,0.04999999999999716,-0.20000000000000284,56.25,56.35,56.4,56.45,63.0,99.0,659.0,2498.0,False,False
006208,2022-10-28 10:39:17.654157,0.0008873114463177068,-0.003542958370239213,0.04999999999999716,-0.20000000000000284,56.25,56.35,56.4,56.45,63.0,199.0,659.0,2498.0,False,False
006208,2022-10-28 10:39:19.154020,0.0008873114463177068,-0.003542958370239213,0.04999999999999716,-0.20000000000000284,56.25,56.35,56.4,56.45,63.0,199.0,659.0,2498.0,False,False
006208,2022-10-28 10:39:19.154396,0.0008873114463177068,-0.003542958370239213,0.04999999999999716,-0.20000000000000284,56.25,56.35,56.4,56.45,63.0,219.0,659.0,2498.0,False,False
006208,2022-10-28 10:39:22.862018,0.0008873114463177068,-0.003542958370239213,0.04999999999999716,-0.20000000000000284,56.25,56.35,56.4,56.45,63.0,219.0,659.0,2498.0,False,False
006208,2022-10-28 10:39:22.862468,0.0008873114463177068,-0.003542958370239213,0.04999999999999716,-0.20000000000000284,56.25,56.35,56.4,56.45,63.0,199.0,659.0,2498.0,False,False
006208,2022-10-28 10:39:22.984644,0.0008873114463177068,-0.003542958370239213,0.04999999999999716,-0.20000000000000284,56.25,56.35,56.4,56.45,63.0,199.0,659.0,2498.0,False,False
006208,2022-10-28 10:39:23.033734,0.0008873114463177068,-0.003542958370239213,0.04999999999999716,-0.20000000000000284,56.25,56.35,56.4,56.45,63.0,199.0,659.0,2498.0,False,False
006208,2022-10-28 10:39:23.585578,0.0008873114463177068,-0.003542958370239213,0.04999999999999716,-0.20000000000000284,56.25,56.35,56.4,56.45,63.0,149.0,659.0,2498.0,False,False
006208,2022-10-28 10:39:23.595345,0.0008873114463177068,-0.003542958370239213,0.04999999999999716,-0.20000000000000284,56.25,56.35,56.4,56.45,63.0,149.0,659.0,2498.0,False,False
006208,2022-10-28 10:39:25.153226,0.0008873114463177068,-0.003542958370239213,0.04999999999999716,-0.20000000000000284,56.25,56.35,56.4,56.45,63.0,149.0,659.0,2498.0,True,True
006208,2022-10-28 10:39:26.748027,0.0008873114463177068,-0.003542958370239213,0.04999999999999716,-0.20000000000000284,56.25,56.35,56.4,56.45,63.0,149.0,659.0,2498.0,False,False
006208,2022-10-28 10:39:26.755572,0.0008873114463177068,-0.003542958370239213,0.04999999999999716,-0.20000000000000284,56.25,56.35,56.4,56.45,63.0,149.0,659.0,2498.0,False,False
006208,2022-10-28 10:39:26.875860,0.0008873114463177068,-0.003542958370239213,0.04999999999999716,-0.20000000000000284,56.25,56.35,56.4,56.45,63.0,49.0,659.0,2498.0,False,False
006208,2022-10-28 10:39:26.883134,0.0008873114463177068,-0.003542958370239213,0.04999999999999716,-0.20000000000000284,56.25,56.35,56.4,56.45,63.0,49.0,659.0,2498.0,False,False
006208,2022-10-28 10:39:27.775516,0.0008873114463177068,-0.003542958370239213,0.04999999999999716,-0.20000000000000284,56.25,56.35,56.4,56.45,63.0,149.0,659.0,2498.0,False,False
006208,2022-10-28 10:39:28.398457,0.0008873114463177068,-0.003542958370239213,0.04999999999999716,-0.20000000000000284,56.25,56.35,56.4,56.45,63.0,149.0,659.0,2498.0,False,False
006208,2022-10-28 10:39:29.014472,0.0008873114463177068,-0.003542958370239213,0.04999999999999716,-0.20000000000000284,56.25,56.35,56.4,56.45,63.0,149.0,659.0,2498.0,False,False
006208,2022-10-28 10:39:29.014538,0.0008873114463177068,-0.003542958370239213,0.04999999999999716,-0.20000000000000284,56.25,56.35,56.4,56.45,63.0,169.0,659.0,2498.0,False,False
006208,2022-10-28 10:39:29.940588,0.0008873114463177068,-0.003542958370239213,0.04999999999999716,-0.20000000000000284,56.25,56.35,56.4,56.45,63.0,149.0,659.0,2498.0,False,False
006208,2022-10-28 10:39:29.949389,0.0008873114463177068,-0.003542958370239213,0.04999999999999716,-0.20000000000000284,56.25,56.35,56.4,56.45,63.0,149.0,659.0,2498.0,False,False
006208,2022-10-28 10:39:36.863419,0.0008873114463177068,-0.003542958370239213,0.04999999999999716,-0.20000000000000284,56.25,56.35,56.4,56.45,63.0,149.0,659.0,2498.0,False,False
006208,2022-10-28 10:39:36.865070,0.0008873114463177068,-0.003542958370239213,0.04999999999999716,-0.20000000000000284,56.25,56.35,56.4,56.45,63.0,149.0,659.0,2498.0,False,False
006208,2022-10-28 10:39:36.998278,0.0008873114463177068,-0.003542958370239213,0.04999999999999716,-0.20000000000000284,56.25,56.35,56.4,56.45,63.0,149.0,659.0,2498.0,False,False
006208,2022-10-28 10:39:37.002390,0.0008873114463177068,-0.003542958370239213,0.04999999999999716,-0.20000000000000284,56.25,56.35,56.4,56.45,63.0,149.0,659.0,2498.0,False,False
006208,2022-10-28 10:39:37.268932,0.0008873114463177068,-0.003542958370239213,0.04999999999999716,-0.20000000000000284,56.25,56.35,56.4,56.45,63.0,149.0,659.0,2498.0,False,False
006208,2022-10-28 10:39:39.865397,0.0008873114463177068,-0.003542958370239213,0.04999999999999716,-0.20000000000000284,56.25,56.35,56.4,56.45,63.0,149.0,659.0,2498.0,False,False
006208,2022-10-28 10:39:39.871045,0.0008873114463177068,-0.003542958370239213,0.04999999999999716,-0.20000000000000284,56.25,56.35,56.4,56.45,63.0,169.0,659.0,2498.0,False,False
006208,2022-10-28 10:39:39.881310,0.0008873114463177068,-0.003542958370239213,0.04999999999999716,-0.20000000000000284,56.25,56.35,56.4,56.45,63.0,219.0,659.0,2498.0,False,False
006208,2022-10-28 10:39:40.230363,0.0008873114463177068,-0.003542958370239213,0.04999999999999716,-0.20000000000000284,56.25,56.35,56.4,56.45,63.0,219.0,659.0,2498.0,False,False
006208,2022-10-28 10:39:40.297921,0.0008873114463177068,-0.003542958370239213,0.04999999999999716,-0.20000000000000284,56.25,56.35,56.4,56.45,63.0,219.0,659.0,2498.0,False,False
006208,2022-10-28 10:39:40.314315,0.0008873114463177068,-0.003542958370239213,0.04999999999999716,-0.20000000000000284,56.25,56.35,56.4,56.45,63.0,219.0,659.0,2498.0,False,False
006208,2022-10-28 10:39:43.130734,0.0008873114463177068,-0.003542958370239213,0.04999999999999716,-0.20000000000000284,56.25,56.35,56.4,56.45,63.0,199.0,659.0,2498.0,False,False
006208,2022-10-28 10:39:43.217609,0.0008873114463177068,-0.003542958370239213,0.04999999999999716,-0.20000000000000284,56.25,56.35,56.4,56.45,63.0,219.0,659.0,2498.0,False,False
006208,2022-10-28 10:39:43.326893,0.0008873114463177068,-0.003542958370239213,0.04999999999999716,-0.20000000000000284,56.25,56.35,56.4,56.45,63.0,219.0,659.0,2498.0,False,False
006208,2022-10-28 10:39:43.373144,0.0008873114463177068,-0.003542958370239213,0.04999999999999716,-0.20000000000000284,56.25,56.35,56.4,56.45,63.0,219.0,659.0,2498.0,False,False
006208,2022-10-28 10:39:45.211429,0.0008873114463177068,-0.003542958370239213,0.04999999999999716,-0.20000000000000284,56.25,56.35,56.4,56.45,63.0,219.0,1312.0,2498.0,True,True
006208,2022-10-28 10:39:46.464116,0.0008873114463177068,-0.003542958370239213,0.04999999999999716,-0.20000000000000284,56.25,56.35,56.4,56.45,63.0,219.0,1312.0,2498.0,False,False
006208,2022-10-28 10:39:46.479301,0.0008873114463177068,-0.003542958370239213,0.04999999999999716,-0.20000000000000284,56.25,56.35,56.4,56.45,63.0,149.0,1312.0,2498.0,False,False
006208,2022-10-28 10:39:46.607072,0.0008873114463177068,-0.003542958370239213,0.04999999999999716,-0.20000000000000284,56.25,56.35,56.4,56.45,63.0,149.0,1312.0,2498.0,False,False
006208,2022-10-28 10:39:46.980574,0.0008873114463177068,-0.003542958370239213,0.04999999999999716,-0.20000000000000284,56.25,56.35,56.4,56.45,63.0,149.0,1312.0,2498.0,False,False
006208,2022-10-28 10:39:46.985134,0.0008873114463177068,-0.003542958370239213,0.04999999999999716,-0.20000000000000284,56.25,56.35,56.4,56.45,63.0,149.0,1312.0,2498.0,False,False
006208,2022-10-28 10:39:47.112604,0.0008873114463177068,-0.003542958370239213,0.04999999999999716,-0.20000000000000284,56.25,56.35,56.4,56.45,63.0,219.0,1312.0,2498.0,False,False
006208,2022-10-28 10:39:47.115066,0.0008873114463177068,-0.003542958370239213,0.04999999999999716,-0.20000000000000284,56.25,56.35,56.4,56.45,63.0,219.0,1312.0,2498.0,False,False
006208,2022-10-28 10:39:47.298256,0.0008873114463177068,-0.003542958370239213,0.04999999999999716,-0.20000000000000284,56.25,56.35,56.4,56.45,63.0,219.0,1312.0,2498.0,False,False
006208,2022-10-28 10:39:48.461390,0.0008873114463177068,-0.003542958370239213,0.04999999999999716,-0.20000000000000284,56.25,56.35,56.4,56.45,63.0,219.0,1312.0,2498.0,False,False
006208,2022-10-28 10:39:48.461605,0.0008873114463177068,-0.003542958370239213,0.04999999999999716,-0.20000000000000284,56.25,56.35,56.4,56.45,63.0,269.0,1312.0,2498.0,False,False
006208,2022-10-28 10:39:48.895046,0.0008873114463177068,-0.003542958370239213,0.04999999999999716,-0.20000000000000284,56.25,56.35,56.4,56.45,63.0,269.0,1312.0,2498.0,False,False
006208,2022-10-28 10:39:48.909612,0.0008873114463177068,-0.003542958370239213,0.04999999999999716,-0.20000000000000284,56.25,56.35,56.4,56.45,63.0,199.0,1312.0,2498.0,False,False
006208,2022-10-28 10:39:49.105451,0.0008873114463177068,-0.003542958370239213,0.04999999999999716,-0.20000000000000284,56.25,56.35,56.4,56.45,63.0,199.0,1312.0,2498.0,False,False
006208,2022-10-28 10:39:49.501964,0.0008873114463177068,-0.003542958370239213,0.04999999999999716,-0.20000000000000284,56.25,56.35,56.4,56.45,62.0,199.0,1312.0,2498.0,False,False
006208,2022-10-28 10:39:49.771045,0.0008873114463177068,-0.003542958370239213,0.04999999999999716,-0.20000000000000284,56.25,56.35,56.4,56.45,62.0,199.0,1312.0,2498.0,False,False
006208,2022-10-28 10:39:49.784139,0.0008873114463177068,-0.003542958370239213,0.04999999999999716,-0.20000000000000284,56.25,56.35,56.4,56.45,62.0,269.0,1312.0,2498.0,False,False
006208,2022-10-28 10:39:49.900176,0.0008873114463177068,-0.003542958370239213,0.04999999999999716,-0.20000000000000284,56.25,56.35,56.4,56.45,62.0,269.0,1312.0,2498.0,False,False
006208,2022-10-28 10:39:50.117375,0.0008873114463177068,-0.003542958370239213,0.04999999999999716,-0.20000000000000284,56.25,56.35,56.4,56.45,62.0,269.0,1312.0,2498.0,False,False
006208,2022-10-28 10:39:55.248502,0.0008873114463177068,-0.003542958370239213,0.04999999999999716,-0.20000000000000284,56.25,56.35,56.4,56.45,62.0,269.0,1312.0,2498.0,True,True
006208,2022-10-28 10:39:56.529285,0.0008873114463177068,-0.003542958370239213,0.04999999999999716,-0.20000000000000284,56.25,56.35,56.4,56.45,62.0,249.0,1312.0,2498.0,False,False
