symbol,datetime,NaOb_r,NbOa_r,NaOb_s,NbOa_s,bid1,ask1,odd_bid1,odd_ask1,bidQty1,askQty1,odd_bidQty1,odd_askQty1,simulate,triggerbyOdd
2317,2022-10-28 10:32:38.650603,-0.004784688995215336,-0.004784688995215336,-0.5,-0.5,104.0,104.5,104.0,104.5,437.0,3199.0,16038.0,18652.0,True,True
2317,2022-10-28 10:32:39.560242,-0.004784688995215336,-0.004784688995215336,-0.5,-0.5,104.0,104.5,104.0,104.5,436.0,3199.0,16038.0,18652.0,False,False
2317,2022-10-28 10:32:45.688384,-0.004784688995215336,-0.004784688995215336,-0.5,-0.5,104.0,104.5,104.0,104.5,436.0,3199.0,16038.0,18652.0,False,False
2317,2022-10-28 10:32:47.892166,-0.004784688995215336,-0.004784688995215336,-0.5,-0.5,104.0,104.5,104.0,104.5,443.0,3199.0,16038.0,18652.0,False,False
2317,2022-10-28 10:32:47.917208,-0.004784688995215336,-0.004784688995215336,-0.5,-0.5,104.0,104.5,104.0,104.5,442.0,3199.0,16038.0,18652.0,False,False
2317,2022-10-28 10:32:48.546213,-0.004784688995215336,-0.004784688995215336,-0.5,-0.5,104.0,104.5,104.0,104.5,442.0,3199.0,16038.0,18652.0,False,False
2317,2022-10-28 10:32:48.688726,-0.004784688995215336,-0.004784688995215336,-0.5,-0.5,104.0,104.5,104.0,104.5,442.0,3199.0,16038.0,18652.0,True,True
2317,2022-10-28 10:32:49.216434,-0.004784688995215336,-0.004784688995215336,-0.5,-0.5,104.0,104.5,104.0,104.5,440.0,3199.0,16038.0,18652.0,False,False
2317,2022-10-28 10:32:50.177006,-0.004784688995215336,-0.004784688995215336,-0.5,-0.5,104.0,104.5,104.0,104.5,440.0,3199.0,16038.0,18652.0,False,False
2317,2022-10-28 10:32:50.395164,-0.004784688995215336,-0.004784688995215336,-0.5,-0.5,104.0,104.5,104.0,104.5,440.0,3199.0,16038.0,18652.0,False,False
2317,2022-10-28 10:32:51.556698,-0.004784688995215336,-0.004784688995215336,-0.5,-0.5,104.0,104.5,104.0,104.5,440.0,3199.0,16038.0,18652.0,False,False
2317,2022-10-28 10:32:54.958450,-0.004784688995215336,-0.004784688995215336,-0.5,-0.5,104.0,104.5,104.0,104.5,440.0,3200.0,16038.0,18652.0,False,False
2317,2022-10-28 10:32:55.960102,-0.004784688995215336,-0.004784688995215336,-0.5,-0.5,104.0,104.5,104.0,104.5,440.0,3200.0,16038.0,18652.0,False,False
2317,2022-10-28 10:32:56.332745,-0.004784688995215336,-0.004784688995215336,-0.5,-0.5,104.0,104.5,104.0,104.5,440.0,3200.0,16038.0,18652.0,False,False
2317,2022-10-28 10:32:57.028779,-0.004784688995215336,-0.004784688995215336,-0.5,-0.5,104.0,104.5,104.0,104.5,446.0,3200.0,16038.0,18652.0,False,False
2317,2022-10-28 10:32:57.805394,-0.004784688995215336,-0.004784688995215336,-0.5,-0.5,104.0,104.5,104.0,104.5,445.0,3200.0,16038.0,18652.0,False,False
2317,2022-10-28 10:32:58.723799,-0.004784688995215336,-0.004784688995215336,-0.5,-0.5,104.0,104.5,104.0,104.5,445.0,3200.0,16977.0,18652.0,True,True
2317,2022-10-28 10:33:00.921679,-0.004784688995215336,-0.004784688995215336,-0.5,-0.5,104.0,104.5,104.0,104.5,444.0,3200.0,16977.0,18652.0,False,False
2317,2022-10-28 10:33:01.769242,-0.004784688995215336,-0.004784688995215336,-0.5,-0.5,104.0,104.5,104.0,104.5,444.0,3200.0,16977.0,18652.0,False,False
2317,2022-10-28 10:33:03.481385,-0.004784688995215336,-0.004784688995215336,-0.5,-0.5,104.0,104.5,104.0,104.5,451.0,3200.0,16977.0,18652.0,False,False
2317,2022-10-28 10:33:05.853941,-0.004784688995215336,-0.004784688995215336,-0.5,-0.5,104.0,104.5,104.0,104.5,451.0,3200.0,16977.0,18652.0,False,False
2317,2022-10-28 10:33:06.175315,-0.004784688995215336,-0.004784688995215336,-0.5,-0.5,104.0,104.5,104.0,104.5,450.0,3200.0,16977.0,18652.0,False,False
2317,2022-10-28 10:33:06.186973,-0.004784688995215336,-0.004784688995215336,-0.5,-0.5,104.0,104.5,104.0,104.5,450.0,3203.0,16977.0,18652.0,False,False
2317,2022-10-28 10:33:06.764099,-0.004784688995215336,-0.004784688995215336,-0.5,-0.5,104.0,104.5,104.0,104.5,450.0,3203.0,16977.0,18652.0,False,False
2317,2022-10-28 10:33:09.033831,-0.004784688995215336,-0.004784688995215336,-0.5,-0.5,104.0,104.5,104.0,104.5,448.0,3203.0,16977.0,18652.0,False,False
2317,2022-10-28 10:33:09.037621,-0.004784688995215336,-0.004784688995215336,-0.5,-0.5,104.0,104.5,104.0,104.5,448.0,3203.0,16977.0,18652.0,False,False
2317,2022-10-28 10:33:09.159655,-0.004784688995215336,-0.004784688995215336,-0.5,-0.5,104.0,104.5,104.0,104.5,439.0,3203.0,16977.0,18652.0,False,False
2317,2022-10-28 10:33:09.736083,-0.004784688995215336,-0.004784688995215336,-0.5,-0.5,104.0,104.5,104.0,104.5,438.0,3203.0,16977.0,18652.0,False,False
2317,2022-10-28 10:33:10.744297,-0.004784688995215336,-0.004784688995215336,-0.5,-0.5,104.0,104.5,104.0,104.5,437.0,3203.0,16977.0,18652.0,False,False
2317,2022-10-28 10:33:11.240550,-0.004784688995215336,-0.004784688995215336,-0.5,-0.5,104.0,104.5,104.0,104.5,443.0,3203.0,16977.0,18652.0,False,False
2317,2022-10-28 10:33:11.542710,-0.004784688995215336,-0.004784688995215336,-0.5,-0.5,104.0,104.5,104.0,104.5,443.0,3201.0,16977.0,18652.0,False,False
2317,2022-10-28 10:33:11.607737,-0.004784688995215336,-0.004784688995215336,-0.5,-0.5,104.0,104.5,104.0,104.5,443.0,3201.0,16977.0,18652.0,False,False
2317,2022-10-28 10:33:12.148411,-0.004784688995215336,-0.004784688995215336,-0.5,-0.5,104.0,104.5,104.0,104.5,449.0,3201.0,16977.0,18652.0,False,False
2317,2022-10-28 10:33:14.594150,-0.004784688995215336,-0.004784688995215336,-0.5,-0.5,104.0,104.5,104.0,104.5,449.0,3202.0,16977.0,18652.0,False,False
2317,2022-10-28 10:33:15.389032,-0.004784688995215336,-0.004784688995215336,-0.5,-0.5,104.0,104.5,104.0,104.5,449.0,3202.0,16977.0,18652.0,False,False
2317,2022-10-28 10:33:15.941637,-0.004784688995215336,-0.004784688995215336,-0.5,-0.5,104.0,104.5,104.0,104.5,449.0,3202.0,16977.0,18652.0,False,False
2317,2022-10-28 10:33:17.598273,-0.004784688995215336,-0.004784688995215336,-0.5,-0.5,104.0,104.5,104.0,104.5,449.0,3202.0,16977.0,18652.0,False,False
2317,2022-10-28 10:33:18.071612,-0.004784688995215336,-0.004784688995215336,-0.5,-0.5,104.0,104.5,104.0,104.5,449.0,3202.0,16977.0,18652.0,False,False
2317,2022-10-28 10:33:18.817409,-0.004784688995215336,-0.004784688995215336,-0.5,-0.5,104.0,104.5,104.0,104.5,449.0,3202.0,16779.0,18652.0,True,True
2317,2022-10-28 10:33:19.074367,-0.004784688995215336,-0.004784688995215336,-0.5,-0.5,104.0,104.5,104.0,104.5,448.0,3202.0,16779.0,18652.0,False,False
2317,2022-10-28 10:33:21.141517,-0.004784688995215336,-0.004784688995215336,-0.5,-0.5,104.0,104.5,104.0,104.5,454.0,3202.0,16779.0,18652.0,False,False
2317,2022-10-28 10:33:25.437492,-0.004784688995215336,-0.004784688995215336,-0.5,-0.5,104.0,104.5,104.0,104.5,454.0,3202.0,16779.0,18652.0,False,False
2317,2022-10-28 10:33:25.552791,-0.004784688995215336,-0.004784688995215336,-0.5,-0.5,104.0,104.5,104.0,104.5,454.0,3204.0,16779.0,18652.0,False,False
2317,2022-10-28 10:33:27.485839,-0.004784688995215336,-0.004784688995215336,-0.5,-0.5,104.0,104.5,104.0,104.5,464.0,3204.0,16779.0,18652.0,False,False
2317,2022-10-28 10:33:28.857632,-0.004784688995215336,-0.004784688995215336,-0.5,-0.5,104.0,104.5,104.0,104.5,464.0,3204.0,16874.0,18652.0,True,True
2317,2022-10-28 10:33:28.972483,-0.004784688995215336,-0.004784688995215336,-0.5,-0.5,104.0,104.5,104.0,104.5,464.0,3197.0,16874.0,18652.0,False,False
2317,2022-10-28 10:33:30.694678,-0.004784688995215336,-0.004784688995215336,-0.5,-0.5,104.0,104.5,104.0,104.5,464.0,3197.0,16874.0,18652.0,False,False
2317,2022-10-28 10:33:31.045517,-0.004784688995215336,-0.004784688995215336,-0.5,-0.5,104.0,104.5,104.0,104.5,471.0,3197.0,16874.0,18652.0,False,False
2317,2022-10-28 10:33:32.153986,-0.004784688995215336,-0.004784688995215336,-0.5,-0.5,104.0,104.5,104.0,104.5,466.0,3192.0,16874.0,18652.0,False,False
2317,2022-10-28 10:33:32.562739,-0.004784688995215336,-0.004784688995215336,-0.5,-0.5,104.0,104.5,104.0,104.5,466.0,3183.0,16874.0,18652.0,False,False
2317,2022-10-28 10:33:33.583539,-0.004784688995215336,-0.004784688995215336,-0.5,-0.5,104.0,104.5,104.0,104.5,466.0,3183.0,16874.0,18652.0,False,False
2317,2022-10-28 10:33:36.644084,-0.004784688995215336,-0.004784688995215336,-0.5,-0.5,104.0,104.5,104.0,104.5,467.0,3183.0,16874.0,18652.0,False,False
2317,2022-10-28 10:33:37.150360,-0.004784688995215336,-0.004784688995215336,-0.5,-0.5,104.0,104.5,104.0,104.5,467.0,3183.0,16874.0,18652.0,False,False
2317,2022-10-28 10:33:37.378384,-0.004784688995215336,-0.004784688995215336,-0.5,-0.5,104.0,104.5,104.0,104.5,467.0,3183.0,16874.0,18652.0,False,False
2317,2022-10-28 10:33:38.516369,-0.004784688995215336,-0.004784688995215336,-0.5,-0.5,104.0,104.5,104.0,104.5,467.0,3183.0,16874.0,18652.0,False,False
2317,2022-10-28 10:33:38.796339,-0.004784688995215336,-0.004784688995215336,-0.5,-0.5,104.0,104.5,104.0,104.5,467.0,3183.0,16874.0,18652.0,False,False
2317,2022-10-28 10:33:38.894342,-0.004784688995215336,-0.004784688995215336,-0.5,-0.5,104.0,104.5,104.0,104.5,467.0,3183.0,16874.0,18752.0,True,True
2317,2022-10-28 10:33:39.512156,-0.004784688995215336,-0.004784688995215336,-0.5,-0.5,104.0,104.5,104.0,104.5,462.0,3183.0,16874.0,18752.0,False,False
2317,2022-10-28 10:33:39.700217,-0.004784688995215336,-0.004784688995215336,-0.5,-0.5,104.0,104.5,104.0,104.5,462.0,3192.0,16874.0,18752.0,False,False
2317,2022-10-28 10:33:40.488717,-0.004784688995215336,-0.004784688995215336,-0.5,-0.5,104.0,104.5,104.0,104.5,462.0,3192.0,16874.0,18752.0,False,False
2317,2022-10-28 10:33:40.653616,-0.004784688995215336,-0.004784688995215336,-0.5,-0.5,104.0,104.5,104.0,104.5,469.0,3192.0,16874.0,18752.0,False,False
2317,2022-10-28 10:33:44.554790,-0.004784688995215336,-0.004784688995215336,-0.5,-0.5,104.0,104.5,104.0,104.5,471.0,3192.0,16874.0,18752.0,False,False
2317,2022-10-28 10:33:44.720018,-0.004784688995215336,-0.004784688995215336,-0.5,-0.5,104.0,104.5,104.0,104.5,471.0,3192.0,16874.0,18752.0,False,False
2317,2022-10-28 10:33:45.773829,-0.004784688995215336,-0.004784688995215336,-0.5,-0.5,104.0,104.5,104.0,104.5,472.0,3192.0,16874.0,18752.0,False,False
2317,2022-10-28 10:33:46.339483,-0.004784688995215336,-0.004784688995215336,-0.5,-0.5,104.0,104.5,104.0,104.5,471.0,3192.0,16874.0,18752.0,False,False
2317,2022-10-28 10:33:48.886104,-0.004784688995215336,-0.004784688995215336,-0.5,-0.5,104.0,104.5,104.0,104.5,477.0,3192.0,16874.0,18752.0,False,False
2317,2022-10-28 10:33:48.934827,-0.004784688995215336,-0.004784688995215336,-0.5,-0.5,104.0,104.5,104.0,104.5,477.0,3192.0,16874.0,18752.0,True,True
2317,2022-10-28 10:33:48.992266,-0.004784688995215336,-0.004784688995215336,-0.5,-0.5,104.0,104.5,104.0,104.5,477.0,3209.0,16874.0,18752.0,False,False
2317,2022-10-28 10:33:53.328107,-0.004784688995215336,-0.004784688995215336,-0.5,-0.5,104.0,104.5,104.0,104.5,477.0,3210.0,16874.0,18752.0,False,False
2317,2022-10-28 10:33:55.496264,-0.004784688995215336,-0.004784688995215336,-0.5,-0.5,104.0,104.5,104.0,104.5,483.0,3210.0,16874.0,18752.0,False,False
2317,2022-10-28 10:33:57.545497,-0.004784688995215336,-0.004784688995215336,-0.5,-0.5,104.0,104.5,104.0,104.5,483.0,3210.0,16874.0,18752.0,False,False
2317,2022-10-28 10:33:58.494081,-0.004784688995215336,-0.004784688995215336,-0.5,-0.5,104.0,104.5,104.0,104.5,483.0,3211.0,16874.0,18752.0,False,False
2317,2022-10-28 10:33:58.985339,-0.004784688995215336,-0.004784688995215336,-0.5,-0.5,104.0,104.5,104.0,104.5,483.0,3211.0,17324.0,18852.0,True,True
2317,2022-10-28 10:34:00.797872,-0.004784688995215336,-0.004784688995215336,-0.5,-0.5,104.0,104.5,104.0,104.5,484.0,3211.0,17324.0,18852.0,False,False
2317,2022-10-28 10:34:01.186717,-0.004784688995215336,-0.004784688995215336,-0.5,-0.5,104.0,104.5,104.0,104.5,484.0,3214.0,17324.0,18852.0,False,False
2317,2022-10-28 10:34:01.315022,-0.004784688995215336,-0.004784688995215336,-0.5,-0.5,104.0,104.5,104.0,104.5,482.0,3214.0,17324.0,18852.0,False,False
2317,2022-10-28 10:34:05.001796,-0.004784688995215336,-0.004784688995215336,-0.5,-0.5,104.0,104.5,104.0,104.5,482.0,3214.0,17324.0,18852.0,False,False
2317,2022-10-28 10:34:06.641467,-0.004784688995215336,-0.004784688995215336,-0.5,-0.5,104.0,104.5,104.0,104.5,482.0,3214.0,17324.0,18852.0,False,False
2317,2022-10-28 10:34:06.859132,-0.004784688995215336,-0.004784688995215336,-0.5,-0.5,104.0,104.5,104.0,104.5,488.0,3214.0,17324.0,18852.0,False,False
2317,2022-10-28 10:34:08.423025,-0.004784688995215336,-0.004784688995215336,-0.5,-0.5,104.0,104.5,104.0,104.5,488.0,3214.0,16325.0,17653.0,False,True
2317,2022-10-28 10:34:08.806277,-0.004784688995215336,-0.004784688995215336,-0.5,-0.5,104.0,104.5,104.0,104.5,488.0,3214.0,16325.0,17653.0,False,False
2317,2022-10-28 10:34:14.526191,-0.004784688995215336,-0.004784688995215336,-0.5,-0.5,104.0,104.5,104.0,104.5,495.0,3214.0,16325.0,17653.0,False,False
2317,2022-10-28 10:34:15.220412,-0.004784688995215336,-0.004784688995215336,-0.5,-0.5,104.0,104.5,104.0,104.5,492.0,3211.0,16325.0,17653.0,False,False
2317,2022-10-28 10:34:17.413049,-0.004784688995215336,-0.004784688995215336,-0.5,-0.5,104.0,104.5,104.0,104.5,492.0,3211.0,16325.0,17653.0,False,False
2317,2022-10-28 10:34:18.462547,-0.004784688995215336,-0.004784688995215336,-0.5,-0.5,104.0,104.5,104.0,104.5,492.0,3211.0,17334.0,18652.0,True,True
2317,2022-10-28 10:34:21.776072,-0.004784688995215336,-0.004784688995215336,-0.5,-0.5,104.0,104.5,104.0,104.5,492.0,3211.0,17334.0,18652.0,False,False
2317,2022-10-28 10:34:22.106439,-0.004784688995215336,-0.004784688995215336,-0.5,-0.5,104.0,104.5,104.0,104.5,491.0,3211.0,17334.0,18652.0,False,False
2317,2022-10-28 10:34:24.084809,-0.004784688995215336,-0.004784688995215336,-0.5,-0.5,104.0,104.5,104.0,104.5,489.0,3211.0,17334.0,18652.0,False,False
2317,2022-10-28 10:34:24.164453,-0.004784688995215336,-0.004784688995215336,-0.5,-0.5,104.0,104.5,104.0,104.5,496.0,3211.0,17334.0,18652.0,False,False
2317,2022-10-28 10:34:26.308059,-0.004784688995215336,-0.004784688995215336,-0.5,-0.5,104.0,104.5,104.0,104.5,498.0,3211.0,17334.0,18652.0,False,False
2317,2022-10-28 10:34:28.429676,-0.004784688995215336,-0.004784688995215336,-0.5,-0.5,104.0,104.5,104.0,104.5,495.0,3211.0,17334.0,18652.0,False,False
2317,2022-10-28 10:34:28.504392,-0.004784688995215336,-0.004784688995215336,-0.5,-0.5,104.0,104.5,104.0,104.5,495.0,3211.0,17314.0,18552.0,True,True
2317,2022-10-28 10:34:28.635462,-0.004784688995215336,-0.004784688995215336,-0.5,-0.5,104.0,104.5,104.0,104.5,496.0,3211.0,17314.0,18552.0,False,False
2317,2022-10-28 10:34:28.721654,-0.004784688995215336,-0.004784688995215336,-0.5,-0.5,104.0,104.5,104.0,104.5,466.0,3211.0,17314.0,18552.0,False,False
2317,2022-10-28 10:34:29.250775,-0.004784688995215336,-0.004784688995215336,-0.5,-0.5,104.0,104.5,104.0,104.5,456.0,3211.0,17314.0,18552.0,False,False
2317,2022-10-28 10:34:29.564665,-0.004784688995215336,-0.004784688995215336,-0.5,-0.5,104.0,104.5,104.0,104.5,456.0,3211.0,17314.0,18552.0,False,False
2317,2022-10-28 10:34:30.166574,-0.004784688995215336,-0.004784688995215336,-0.5,-0.5,104.0,104.5,104.0,104.5,456.0,3241.0,17314.0,18552.0,False,False
2317,2022-10-28 10:34:31.330331,-0.004784688995215336,-0.004784688995215336,-0.5,-0.5,104.0,104.5,104.0,104.5,456.0,3241.0,17314.0,18552.0,False,False
2317,2022-10-28 10:34:31.924494,-0.004784688995215336,-0.004784688995215336,-0.5,-0.5,104.0,104.5,104.0,104.5,463.0,3241.0,17314.0,18552.0,False,False
2317,2022-10-28 10:34:34.636547,-0.004784688995215336,-0.004784688995215336,-0.5,-0.5,104.0,104.5,104.0,104.5,458.0,3241.0,17314.0,18552.0,False,False
2317,2022-10-28 10:34:34.667793,-0.004784688995215336,-0.004784688995215336,-0.5,-0.5,104.0,104.5,104.0,104.5,458.0,3251.0,17314.0,18552.0,False,False
2317,2022-10-28 10:34:35.239044,-0.004784688995215336,-0.004784688995215336,-0.5,-0.5,104.0,104.5,104.0,104.5,458.0,3252.0,17314.0,18552.0,False,False
2317,2022-10-28 10:34:36.070421,-0.004784688995215336,-0.004784688995215336,-0.5,-0.5,104.0,104.5,104.0,104.5,450.0,3252.0,17314.0,18552.0,False,False
2317,2022-10-28 10:34:37.562305,-0.004784688995215336,-0.004784688995215336,-0.5,-0.5,104.0,104.5,104.0,104.5,450.0,3258.0,17314.0,18552.0,False,False
2317,2022-10-28 10:34:38.117194,-0.004784688995215336,-0.004784688995215336,-0.5,-0.5,104.0,104.5,104.0,104.5,445.0,3258.0,17314.0,18552.0,False,False
2317,2022-10-28 10:34:38.455582,-0.004784688995215336,-0.004784688995215336,-0.5,-0.5,104.0,104.5,104.0,104.5,445.0,3259.0,17314.0,18552.0,False,False
2317,2022-10-28 10:34:40.312928,-0.004784688995215336,-0.004784688995215336,-0.5,-0.5,104.0,104.5,104.0,104.5,444.0,3258.0,17314.0,18552.0,False,False
2317,2022-10-28 10:34:40.599749,-0.004784688995215336,-0.004784688995215336,-0.5,-0.5,104.0,104.5,104.0,104.5,444.0,3257.0,17314.0,18552.0,False,False
2317,2022-10-28 10:34:40.790479,-0.004784688995215336,-0.004784688995215336,-0.5,-0.5,104.0,104.5,104.0,104.5,444.0,3257.0,17314.0,18552.0,False,False
2317,2022-10-28 10:34:42.069177,-0.004784688995215336,-0.004784688995215336,-0.5,-0.5,104.0,104.5,104.0,104.5,444.0,3257.0,17314.0,18552.0,False,False
2317,2022-10-28 10:34:42.550989,-0.004784688995215336,-0.004784688995215336,-0.5,-0.5,104.0,104.5,104.0,104.5,451.0,3257.0,17314.0,18552.0,False,False
2317,2022-10-28 10:34:43.061178,-0.004784688995215336,-0.004784688995215336,-0.5,-0.5,104.0,104.5,104.0,104.5,450.0,3256.0,17314.0,18552.0,False,False
2317,2022-10-28 10:34:43.562601,-0.004784688995215336,-0.004784688995215336,-0.5,-0.5,104.0,104.5,104.0,104.5,449.0,3256.0,17314.0,18552.0,False,False
2317,2022-10-28 10:34:43.863230,-0.004784688995215336,-0.004784688995215336,-0.5,-0.5,104.0,104.5,104.0,104.5,444.0,3256.0,17314.0,18552.0,False,False
2317,2022-10-28 10:34:44.430556,-0.004784688995215336,-0.004784688995215336,-0.5,-0.5,104.0,104.5,104.0,104.5,444.0,3257.0,17314.0,18552.0,False,False
2317,2022-10-28 10:34:45.272328,-0.004784688995215336,-0.004784688995215336,-0.5,-0.5,104.0,104.5,104.0,104.5,443.0,3256.0,17314.0,18552.0,False,False
2317,2022-10-28 10:34:45.892804,-0.004784688995215336,-0.004784688995215336,-0.5,-0.5,104.0,104.5,104.0,104.5,443.0,3254.0,17314.0,18552.0,False,False
2317,2022-10-28 10:34:49.275161,-0.004784688995215336,-0.004784688995215336,-0.5,-0.5,104.0,104.5,104.0,104.5,443.0,3256.0,17314.0,18552.0,False,False
2317,2022-10-28 10:34:50.133849,-0.004784688995215336,-0.004784688995215336,-0.5,-0.5,104.0,104.5,104.0,104.5,451.0,3256.0,17314.0,18552.0,False,False
2317,2022-10-28 10:34:54.299966,-0.004784688995215336,-0.004784688995215336,-0.5,-0.5,104.0,104.5,104.0,104.5,451.0,3257.0,17314.0,18552.0,False,False
2317,2022-10-28 10:34:56.786458,-0.004784688995215336,-0.004784688995215336,-0.5,-0.5,104.0,104.5,104.0,104.5,458.0,3257.0,17314.0,18552.0,False,False
2317,2022-10-28 10:34:58.600916,-0.004784688995215336,-0.004784688995215336,-0.5,-0.5,104.0,104.5,104.0,104.5,458.0,3257.0,17334.0,18536.0,True,True
2317,2022-10-28 10:34:59.434250,-0.004784688995215336,-0.004784688995215336,-0.5,-0.5,104.0,104.5,104.0,104.5,458.0,3257.0,17334.0,18536.0,False,False
2317,2022-10-28 10:35:00.094006,-0.004784688995215336,-0.004784688995215336,-0.5,-0.5,104.0,104.5,104.0,104.5,458.0,3258.0,17334.0,18536.0,False,False
2317,2022-10-28 10:35:00.256539,-0.004784688995215336,-0.004784688995215336,-0.5,-0.5,104.0,104.5,104.0,104.5,456.0,3256.0,17334.0,18536.0,False,False
2317,2022-10-28 10:35:00.257312,-0.004784688995215336,-0.004784688995215336,-0.5,-0.5,104.0,104.5,104.0,104.5,456.0,3257.0,17334.0,18536.0,False,False
2317,2022-10-28 10:35:01.287305,-0.004784688995215336,-0.004784688995215336,-0.5,-0.5,104.0,104.5,104.0,104.5,456.0,3258.0,17334.0,18536.0,False,False
2317,2022-10-28 10:35:03.233430,-0.004784688995215336,-0.004784688995215336,-0.5,-0.5,104.0,104.5,104.0,104.5,455.0,3257.0,17334.0,18536.0,False,False
2317,2022-10-28 10:35:06.852617,-0.004784688995215336,-0.004784688995215336,-0.5,-0.5,104.0,104.5,104.0,104.5,461.0,3257.0,17334.0,18536.0,False,False
2317,2022-10-28 10:35:06.988912,-0.004784688995215336,-0.004784688995215336,-0.5,-0.5,104.0,104.5,104.0,104.5,460.0,3257.0,17334.0,18536.0,False,False
2317,2022-10-28 10:35:07.209371,-0.004784688995215336,-0.004784688995215336,-0.5,-0.5,104.0,104.5,104.0,104.5,460.0,3257.0,17334.0,18536.0,False,False
2317,2022-10-28 10:35:08.304579,-0.004784688995215336,-0.004784688995215336,-0.5,-0.5,104.0,104.5,104.0,104.5,459.0,3257.0,17334.0,18536.0,False,False
2317,2022-10-28 10:35:08.787597,-0.004784688995215336,-0.004784688995215336,-0.5,-0.5,104.0,104.5,104.0,104.5,459.0,3257.0,17434.0,18536.0,True,True
2317,2022-10-28 10:35:09.184808,-0.004784688995215336,-0.004784688995215336,-0.5,-0.5,104.0,104.5,104.0,104.5,458.0,3256.0,17434.0,18536.0,False,False
2317,2022-10-28 10:35:09.891002,-0.004784688995215336,-0.004784688995215336,-0.5,-0.5,104.0,104.5,104.0,104.5,458.0,3254.0,17434.0,18536.0,False,False
2317,2022-10-28 10:35:10.197078,-0.004784688995215336,-0.004784688995215336,-0.5,-0.5,104.0,104.5,104.0,104.5,458.0,3255.0,17434.0,18536.0,False,False
2317,2022-10-28 10:35:10.420554,-0.004784688995215336,-0.004784688995215336,-0.5,-0.5,104.0,104.5,104.0,104.5,457.0,3255.0,17434.0,18536.0,False,False
2317,2022-10-28 10:35:13.241603,-0.004784688995215336,-0.004784688995215336,-0.5,-0.5,104.0,104.5,104.0,104.5,457.0,3255.0,17434.0,18536.0,False,False
2317,2022-10-28 10:35:13.513802,-0.004784688995215336,-0.004784688995215336,-0.5,-0.5,104.0,104.5,104.0,104.5,464.0,3255.0,17434.0,18536.0,False,False
2317,2022-10-28 10:35:15.074973,-0.004784688995215336,-0.004784688995215336,-0.5,-0.5,104.0,104.5,104.0,104.5,464.0,3255.0,17434.0,18536.0,False,False
2317,2022-10-28 10:35:15.078943,-0.004784688995215336,-0.004784688995215336,-0.5,-0.5,104.0,104.5,104.0,104.5,464.0,3255.0,17434.0,18536.0,False,False
2317,2022-10-28 10:35:17.164387,-0.004784688995215336,-0.004784688995215336,-0.5,-0.5,104.0,104.5,104.0,104.5,464.0,3257.0,17434.0,18536.0,False,False
2317,2022-10-28 10:35:18.093437,-0.004784688995215336,-0.004784688995215336,-0.5,-0.5,104.0,104.5,104.0,104.5,462.0,3257.0,17434.0,18536.0,False,False
2317,2022-10-28 10:35:18.984577,-0.004784688995215336,-0.004784688995215336,-0.5,-0.5,104.0,104.5,104.0,104.5,462.0,3257.0,17434.0,18536.0,True,True
2317,2022-10-28 10:35:19.209362,-0.004784688995215336,-0.004784688995215336,-0.5,-0.5,104.0,104.5,104.0,104.5,462.0,3257.0,17434.0,18536.0,False,False
2317,2022-10-28 10:35:20.551675,-0.004784688995215336,-0.004784688995215336,-0.5,-0.5,104.0,104.5,104.0,104.5,461.0,3256.0,17434.0,18536.0,False,False
2317,2022-10-28 10:35:21.117284,-0.004784688995215336,-0.004784688995215336,-0.5,-0.5,104.0,104.5,104.0,104.5,460.0,3255.0,17434.0,18536.0,False,False
2317,2022-10-28 10:35:22.387384,-0.004784688995215336,-0.004784688995215336,-0.5,-0.5,104.0,104.5,104.0,104.5,460.0,3255.0,17434.0,18536.0,False,False
2317,2022-10-28 10:35:24.374142,-0.004784688995215336,-0.004784688995215336,-0.5,-0.5,104.0,104.5,104.0,104.5,460.0,3255.0,17434.0,18536.0,False,False
2317,2022-10-28 10:35:24.576448,-0.004784688995215336,-0.004784688995215336,-0.5,-0.5,104.0,104.5,104.0,104.5,467.0,3255.0,17434.0,18536.0,False,False
2317,2022-10-28 10:35:24.977102,-0.004784688995215336,-0.004784688995215336,-0.5,-0.5,104.0,104.5,104.0,104.5,467.0,3255.0,17434.0,18536.0,False,False
2317,2022-10-28 10:35:25.978105,-0.004784688995215336,-0.004784688995215336,-0.5,-0.5,104.0,104.5,104.0,104.5,466.0,3255.0,17434.0,18536.0,False,False
2317,2022-10-28 10:35:26.300828,-0.004784688995215336,-0.004784688995215336,-0.5,-0.5,104.0,104.5,104.0,104.5,465.0,3255.0,17434.0,18536.0,False,False
2317,2022-10-28 10:35:28.871941,-0.004784688995215336,-0.004784688995215336,-0.5,-0.5,104.0,104.5,104.0,104.5,465.0,3255.0,17434.0,18536.0,False,False
2317,2022-10-28 10:35:29.003227,-0.004784688995215336,-0.004784688995215336,-0.5,-0.5,104.0,104.5,104.0,104.5,465.0,3255.0,17434.0,18136.0,True,True
2317,2022-10-28 10:35:29.752073,-0.004784688995215336,-0.004784688995215336,-0.5,-0.5,104.0,104.5,104.0,104.5,465.0,3255.0,17434.0,18136.0,False,False
2317,2022-10-28 10:35:29.781285,-0.004784688995215336,-0.004784688995215336,-0.5,-0.5,104.0,104.5,104.0,104.5,465.0,3261.0,17434.0,18136.0,False,False
2317,2022-10-28 10:35:31.107312,-0.004784688995215336,-0.004784688995215336,-0.5,-0.5,104.0,104.5,104.0,104.5,465.0,3261.0,17434.0,18136.0,False,False
2317,2022-10-28 10:35:31.927933,-0.004784688995215336,-0.004784688995215336,-0.5,-0.5,104.0,104.5,104.0,104.5,465.0,3261.0,17434.0,18136.0,False,False
2317,2022-10-28 10:35:32.564086,-0.004784688995215336,-0.004784688995215336,-0.5,-0.5,104.0,104.5,104.0,104.5,464.0,3261.0,17434.0,18136.0,False,False
2317,2022-10-28 10:35:35.277839,-0.004784688995215336,-0.004784688995215336,-0.5,-0.5,104.0,104.5,104.0,104.5,464.0,3261.0,17434.0,18136.0,False,False
2317,2022-10-28 10:35:37.147290,-0.004784688995215336,-0.004784688995215336,-0.5,-0.5,104.0,104.5,104.0,104.5,464.0,3262.0,17434.0,18136.0,False,False
2317,2022-10-28 10:35:39.020981,-0.004784688995215336,-0.004784688995215336,-0.5,-0.5,104.0,104.5,104.0,104.5,464.0,3262.0,17534.0,18136.0,True,True
2317,2022-10-28 10:35:39.433062,-0.004784688995215336,-0.004784688995215336,-0.5,-0.5,104.0,104.5,104.0,104.5,464.0,3269.0,17534.0,18136.0,False,False
2317,2022-10-28 10:35:39.802195,-0.004784688995215336,-0.004784688995215336,-0.5,-0.5,104.0,104.5,104.0,104.5,464.0,3269.0,17534.0,18136.0,False,False
2317,2022-10-28 10:35:40.108010,-0.004784688995215336,-0.004784688995215336,-0.5,-0.5,104.0,104.5,104.0,104.5,464.0,3270.0,17534.0,18136.0,False,False
2317,2022-10-28 10:35:40.238082,-0.004784688995215336,-0.004784688995215336,-0.5,-0.5,104.0,104.5,104.0,104.5,463.0,3270.0,17534.0,18136.0,False,False
2317,2022-10-28 10:35:41.672630,-0.004784688995215336,-0.004784688995215336,-0.5,-0.5,104.0,104.5,104.0,104.5,463.0,3271.0,17534.0,18136.0,False,False
2317,2022-10-28 10:35:44.938372,-0.004784688995215336,-0.004784688995215336,-0.5,-0.5,104.0,104.5,104.0,104.5,463.0,3271.0,17534.0,18136.0,False,False
2317,2022-10-28 10:35:47.154736,-0.004784688995215336,-0.004784688995215336,-0.5,-0.5,104.0,104.5,104.0,104.5,464.0,3271.0,17534.0,18136.0,False,False
2317,2022-10-28 10:35:47.840452,-0.004784688995215336,-0.004784688995215336,-0.5,-0.5,104.0,104.5,104.0,104.5,464.0,3271.0,17534.0,18136.0,False,False
2317,2022-10-28 10:35:47.861965,-0.004784688995215336,-0.004784688995215336,-0.5,-0.5,104.0,104.5,104.0,104.5,464.0,3271.0,17534.0,18136.0,False,False
2317,2022-10-28 10:35:48.065302,-0.004784688995215336,-0.004784688995215336,-0.5,-0.5,104.0,104.5,104.0,104.5,463.0,3271.0,17534.0,18136.0,False,False
2317,2022-10-28 10:35:49.040673,-0.004784688995215336,-0.004784688995215336,-0.5,-0.5,104.0,104.5,104.0,104.5,463.0,3271.0,17567.0,17841.0,True,True
2317,2022-10-28 10:35:50.751923,-0.004784688995215336,-0.004784688995215336,-0.5,-0.5,104.0,104.5,104.0,104.5,458.0,3266.0,17567.0,17841.0,False,False
2317,2022-10-28 10:35:50.878144,-0.004784688995215336,-0.004784688995215336,-0.5,-0.5,104.0,104.5,104.0,104.5,449.0,3266.0,17567.0,17841.0,False,False
2317,2022-10-28 10:35:51.269415,-0.004784688995215336,-0.004784688995215336,-0.5,-0.5,104.0,104.5,104.0,104.5,449.0,3267.0,17567.0,17841.0,False,False
2317,2022-10-28 10:35:52.799692,-0.004784688995215336,-0.004784688995215336,-0.5,-0.5,104.0,104.5,104.0,104.5,448.0,3267.0,17567.0,17841.0,False,False
2317,2022-10-28 10:35:53.067800,-0.004784688995215336,-0.004784688995215336,-0.5,-0.5,104.0,104.5,104.0,104.5,448.0,3267.0,17567.0,17841.0,False,False
2317,2022-10-28 10:35:55.323840,-0.004784688995215336,-0.004784688995215336,-0.5,-0.5,104.0,104.5,104.0,104.5,448.0,3267.0,17567.0,17841.0,False,False
2317,2022-10-28 10:35:55.355852,-0.004784688995215336,-0.004784688995215336,-0.5,-0.5,104.0,104.5,104.0,104.5,448.0,3369.0,17567.0,17841.0,False,False
2317,2022-10-28 10:35:55.386695,-0.004784688995215336,-0.004784688995215336,-0.5,-0.5,104.0,104.5,104.0,104.5,446.0,3369.0,17567.0,17841.0,False,False
2317,2022-10-28 10:35:55.456182,-0.004784688995215336,-0.004784688995215336,-0.5,-0.5,104.0,104.5,104.0,104.5,446.0,3375.0,17567.0,17841.0,False,False
2317,2022-10-28 10:35:55.511957,-0.004784688995215336,-0.004784688995215336,-0.5,-0.5,104.0,104.5,104.0,104.5,444.0,3375.0,17567.0,17841.0,False,False
2317,2022-10-28 10:35:55.601922,-0.004784688995215336,-0.004784688995215336,-0.5,-0.5,104.0,104.5,104.0,104.5,444.0,3277.0,17567.0,17841.0,False,False
2317,2022-10-28 10:35:55.707657,-0.004784688995215336,-0.004784688995215336,-0.5,-0.5,104.0,104.5,104.0,104.5,444.0,3277.0,17567.0,17841.0,False,False
2317,2022-10-28 10:35:55.827420,-0.004784688995215336,-0.004784688995215336,-0.5,-0.5,104.0,104.5,104.0,104.5,444.0,3277.0,17567.0,17841.0,False,False
2317,2022-10-28 10:35:55.914001,-0.004784688995215336,-0.004784688995215336,-0.5,-0.5,104.0,104.5,104.0,104.5,444.0,3277.0,17567.0,17841.0,False,False
2317,2022-10-28 10:35:55.914352,-0.004784688995215336,-0.004784688995215336,-0.5,-0.5,104.0,104.5,104.0,104.5,444.0,3267.0,17567.0,17841.0,False,False
2317,2022-10-28 10:35:56.119620,-0.004784688995215336,-0.004784688995215336,-0.5,-0.5,104.0,104.5,104.0,104.5,444.0,3267.0,17567.0,17841.0,False,False
2317,2022-10-28 10:35:58.022862,-0.004784688995215336,-0.004784688995215336,-0.5,-0.5,104.0,104.5,104.0,104.5,444.0,3267.0,17567.0,17841.0,False,False
2317,2022-10-28 10:35:58.070534,-0.004784688995215336,-0.004784688995215336,-0.5,-0.5,104.0,104.5,104.0,104.5,444.0,3267.0,17567.0,17841.0,False,False
2317,2022-10-28 10:35:59.077499,-0.004784688995215336,-0.004784688995215336,-0.5,-0.5,104.0,104.5,104.0,104.5,444.0,3267.0,17567.0,18341.0,True,True
2317,2022-10-28 10:35:59.322141,-0.004784688995215336,-0.004784688995215336,-0.5,-0.5,104.0,104.5,104.0,104.5,424.0,3267.0,17567.0,18341.0,False,False
2317,2022-10-28 10:36:00.089996,-0.004784688995215336,-0.004784688995215336,-0.5,-0.5,104.0,104.5,104.0,104.5,410.0,3267.0,17567.0,18341.0,False,False
2317,2022-10-28 10:36:03.012020,-0.004784688995215336,-0.004784688995215336,-0.5,-0.5,104.0,104.5,104.0,104.5,410.0,3267.0,17567.0,18341.0,False,False
2317,2022-10-28 10:36:03.292258,-0.004784688995215336,-0.004784688995215336,-0.5,-0.5,104.0,104.5,104.0,104.5,410.0,3267.0,17567.0,18341.0,False,False
2317,2022-10-28 10:36:04.260091,-0.004784688995215336,-0.004784688995215336,-0.5,-0.5,104.0,104.5,104.0,104.5,410.0,3267.0,17567.0,18341.0,False,False
2317,2022-10-28 10:36:05.053710,-0.004784688995215336,-0.004784688995215336,-0.5,-0.5,104.0,104.5,104.0,104.5,409.0,3267.0,17567.0,18341.0,False,False
2317,2022-10-28 10:36:05.380430,-0.004784688995215336,-0.004784688995215336,-0.5,-0.5,104.0,104.5,104.0,104.5,408.0,3267.0,17567.0,18341.0,False,False
2317,2022-10-28 10:36:05.910437,-0.004784688995215336,-0.004784688995215336,-0.5,-0.5,104.0,104.5,104.0,104.5,408.0,3268.0,17567.0,18341.0,False,False
2317,2022-10-28 10:36:06.503837,-0.004784688995215336,-0.004784688995215336,-0.5,-0.5,104.0,104.5,104.0,104.5,408.0,3268.0,17567.0,18341.0,False,False
2317,2022-10-28 10:36:07.751137,-0.004784688995215336,-0.004784688995215336,-0.5,-0.5,104.0,104.5,104.0,104.5,408.0,3269.0,17567.0,18341.0,False,False
2317,2022-10-28 10:36:08.122946,-0.004784688995215336,-0.004784688995215336,-0.5,-0.5,104.0,104.5,104.0,104.5,398.0,3269.0,17567.0,18341.0,False,False
2317,2022-10-28 10:36:09.109827,-0.004784688995215336,-0.004784688995215336,-0.5,-0.5,104.0,104.5,104.0,104.5,398.0,3269.0,17178.0,18352.0,True,True
2317,2022-10-28 10:36:09.804487,-0.004784688995215336,-0.004784688995215336,-0.5,-0.5,104.0,104.5,104.0,104.5,397.0,3269.0,17178.0,18352.0,False,False
2317,2022-10-28 10:36:10.919831,-0.004784688995215336,-0.004784688995215336,-0.5,-0.5,104.0,104.5,104.0,104.5,397.0,3269.0,17178.0,18352.0,False,False
2317,2022-10-28 10:36:12.417074,-0.004784688995215336,-0.004784688995215336,-0.5,-0.5,104.0,104.5,104.0,104.5,397.0,3269.0,17178.0,18352.0,False,False
2317,2022-10-28 10:36:12.663502,-0.004784688995215336,-0.004784688995215336,-0.5,-0.5,104.0,104.5,104.0,104.5,397.0,3274.0,17178.0,18352.0,False,False
2317,2022-10-28 10:36:13.057422,-0.004784688995215336,-0.004784688995215336,-0.5,-0.5,104.0,104.5,104.0,104.5,398.0,3274.0,17178.0,18352.0,False,False
2317,2022-10-28 10:36:18.061654,-0.004784688995215336,-0.004784688995215336,-0.5,-0.5,104.0,104.5,104.0,104.5,391.0,3274.0,17178.0,18352.0,False,False
2317,2022-10-28 10:36:18.090882,-0.004784688995215336,-0.004784688995215336,-0.5,-0.5,104.0,104.5,104.0,104.5,312.0,3274.0,17178.0,18352.0,False,False
2317,2022-10-28 10:36:18.155667,-0.004784688995215336,-0.004784688995215336,-0.5,-0.5,104.0,104.5,104.0,104.5,282.0,3274.0,17178.0,18352.0,False,False
2317,2022-10-28 10:36:18.231377,-0.004784688995215336,-0.004784688995215336,-0.5,-0.5,104.0,104.5,104.0,104.5,282.0,3257.0,17178.0,18352.0,False,False
2317,2022-10-28 10:36:19.135229,-0.004784688995215336,-0.004784688995215336,-0.5,-0.5,104.0,104.5,104.0,104.5,282.0,3257.0,16778.0,18452.0,True,True
2317,2022-10-28 10:36:19.994043,-0.004784688995215336,-0.004784688995215336,-0.5,-0.5,104.0,104.5,104.0,104.5,282.0,3258.0,16778.0,18452.0,False,False
2317,2022-10-28 10:36:20.254773,-0.004784688995215336,-0.004784688995215336,-0.5,-0.5,104.0,104.5,104.0,104.5,282.0,3264.0,16778.0,18452.0,False,False
2317,2022-10-28 10:36:21.432951,-0.004784688995215336,-0.004784688995215336,-0.5,-0.5,104.0,104.5,104.0,104.5,282.0,3266.0,16778.0,18452.0,False,False
2317,2022-10-28 10:36:22.479930,-0.004784688995215336,-0.004784688995215336,-0.5,-0.5,104.0,104.5,104.0,104.5,282.0,3267.0,16778.0,18452.0,False,False
2317,2022-10-28 10:36:23.576488,-0.004784688995215336,-0.004784688995215336,-0.5,-0.5,104.0,104.5,104.0,104.5,152.0,3267.0,16778.0,18452.0,False,False
2317,2022-10-28 10:36:26.781540,-0.004784688995215336,-0.004784688995215336,-0.5,-0.5,104.0,104.5,104.0,104.5,151.0,3267.0,16778.0,18452.0,False,False
2317,2022-10-28 10:36:26.861949,-0.004784688995215336,-0.004784688995215336,-0.5,-0.5,104.0,104.5,104.0,104.5,150.0,3267.0,16778.0,18452.0,False,False
2317,2022-10-28 10:36:28.250513,-0.004784688995215336,-0.004784688995215336,-0.5,-0.5,104.0,104.5,104.0,104.5,150.0,3267.0,16778.0,18452.0,False,False
2317,2022-10-28 10:36:28.813004,-0.004784688995215336,-0.004784688995215336,-0.5,-0.5,104.0,104.5,104.0,104.5,150.0,3261.0,16778.0,18452.0,False,False
2317,2022-10-28 10:36:28.925377,-0.004784688995215336,-0.004784688995215336,-0.5,-0.5,104.0,104.5,104.0,104.5,149.0,3261.0,16778.0,18452.0,False,False
2317,2022-10-28 10:36:30.198716,-0.004784688995215336,-0.004784688995215336,-0.5,-0.5,104.0,104.5,104.0,104.5,148.0,3261.0,16778.0,18452.0,False,False
2317,2022-10-28 10:36:31.506037,-0.004784688995215336,-0.004784688995215336,-0.5,-0.5,104.0,104.5,104.0,104.5,148.0,3261.0,16778.0,18452.0,False,False
2317,2022-10-28 10:36:32.716175,-0.004784688995215336,-0.004784688995215336,-0.5,-0.5,104.0,104.5,104.0,104.5,148.0,3262.0,16778.0,18452.0,False,False
2317,2022-10-28 10:36:32.777324,-0.004784688995215336,-0.004784688995215336,-0.5,-0.5,104.0,104.5,104.0,104.5,138.0,3262.0,16778.0,18452.0,False,False
2317,2022-10-28 10:36:32.914847,-0.004784688995215336,-0.004784688995215336,-0.5,-0.5,104.0,104.5,104.0,104.5,138.0,3288.0,16778.0,18452.0,False,False
2317,2022-10-28 10:36:32.958128,-0.004784688995215336,-0.004784688995215336,-0.5,-0.5,104.0,104.5,104.0,104.5,138.0,3288.0,16778.0,18452.0,False,False
2317,2022-10-28 10:36:34.553919,-0.004784688995215336,-0.004784688995215336,-0.5,-0.5,104.0,104.5,104.0,104.5,128.0,3288.0,16778.0,18452.0,False,False
2317,2022-10-28 10:36:34.577623,-0.004784688995215336,-0.004784688995215336,-0.5,-0.5,104.0,104.5,104.0,104.5,128.0,3289.0,16778.0,18452.0,False,False
2317,2022-10-28 10:36:34.920819,-0.004784688995215336,-0.004784688995215336,-0.5,-0.5,104.0,104.5,104.0,104.5,127.0,3289.0,16778.0,18452.0,False,False
2317,2022-10-28 10:36:35.241331,-0.004784688995215336,-0.004784688995215336,-0.5,-0.5,104.0,104.5,104.0,104.5,127.0,3289.0,16778.0,18452.0,False,False
2317,2022-10-28 10:36:35.967351,-0.004784688995215336,-0.004784688995215336,-0.5,-0.5,104.0,104.5,104.0,104.5,127.0,3289.0,16778.0,18452.0,False,False
2317,2022-10-28 10:36:37.615073,-0.004784688995215336,-0.004784688995215336,-0.5,-0.5,104.0,104.5,104.0,104.5,127.0,3289.0,16778.0,18452.0,False,False
2317,2022-10-28 10:36:39.371651,-0.004784688995215336,-0.004784688995215336,-0.5,-0.5,104.0,104.5,104.0,104.5,127.0,3294.0,16778.0,18452.0,False,False
2317,2022-10-28 10:36:39.494598,-0.004784688995215336,-0.004784688995215336,-0.5,-0.5,104.0,104.5,104.0,104.5,127.0,3294.0,16778.0,18452.0,False,False
2317,2022-10-28 10:36:39.578588,-0.004784688995215336,-0.004784688995215336,-0.5,-0.5,104.0,104.5,104.0,104.5,105.0,3294.0,16778.0,18452.0,False,False
2317,2022-10-28 10:36:39.656369,-0.004784688995215336,-0.004784688995215336,-0.5,-0.5,104.0,104.5,104.0,104.5,116.0,3294.0,16778.0,18452.0,False,False
2317,2022-10-28 10:36:42.175668,-0.004784688995215336,-0.004784688995215336,-0.5,-0.5,104.0,104.5,104.0,104.5,116.0,3294.0,16778.0,18452.0,False,False
2317,2022-10-28 10:36:43.774894,-0.004784688995215336,-0.004784688995215336,-0.5,-0.5,104.0,104.5,104.0,104.5,115.0,3294.0,16778.0,18452.0,False,False
2317,2022-10-28 10:36:46.423981,-0.004784688995215336,-0.004784688995215336,-0.5,-0.5,104.0,104.5,104.0,104.5,114.0,3294.0,16778.0,18452.0,False,False
2317,2022-10-28 10:36:47.447388,-0.004784688995215336,-0.004784688995215336,-0.5,-0.5,104.0,104.5,104.0,104.5,114.0,3294.0,16778.0,18452.0,False,False
2317,2022-10-28 10:36:49.190312,-0.004784688995215336,-0.004784688995215336,-0.5,-0.5,104.0,104.5,104.0,104.5,114.0,3294.0,16778.0,18452.0,False,False
2317,2022-10-28 10:36:49.220921,-0.004784688995215336,-0.004784688995215336,-0.5,-0.5,104.0,104.5,104.0,104.5,114.0,3294.0,16278.0,18452.0,True,True
2317,2022-10-28 10:36:49.541310,-0.004784688995215336,-0.004784688995215336,-0.5,-0.5,104.0,104.5,104.0,104.5,114.0,3293.0,16278.0,18452.0,False,False
2317,2022-10-28 10:36:49.723330,-0.004784688995215336,-0.004784688995215336,-0.5,-0.5,104.0,104.5,104.0,104.5,114.0,3293.0,16278.0,18452.0,False,False
2317,2022-10-28 10:36:50.429634,-0.004784688995215336,-0.004784688995215336,-0.5,-0.5,104.0,104.5,104.0,104.5,113.0,3292.0,16278.0,18452.0,False,False
2317,2022-10-28 10:36:50.962331,-0.004784688995215336,-0.004784688995215336,-0.5,-0.5,104.0,104.5,104.0,104.5,112.0,3292.0,16278.0,18452.0,False,False
2317,2022-10-28 10:36:51.404682,-0.004784688995215336,-0.004784688995215336,-0.5,-0.5,104.0,104.5,104.0,104.5,112.0,3292.0,16278.0,18452.0,False,False
2317,2022-10-28 10:36:54.074583,-0.004784688995215336,-0.004784688995215336,-0.5,-0.5,104.0,104.5,104.0,104.5,109.0,3292.0,16278.0,18452.0,False,False
2317,2022-10-28 10:36:55.246162,-0.004784688995215336,-0.004784688995215336,-0.5,-0.5,104.0,104.5,104.0,104.5,109.0,3292.0,16278.0,18452.0,False,False
2317,2022-10-28 10:36:56.201942,-0.004784688995215336,-0.004784688995215336,-0.5,-0.5,104.0,104.5,104.0,104.5,109.0,3292.0,16278.0,18452.0,False,False
2317,2022-10-28 10:36:56.526143,-0.004784688995215336,-0.004784688995215336,-0.5,-0.5,104.0,104.5,104.0,104.5,109.0,3292.0,16278.0,18452.0,False,False
2317,2022-10-28 10:36:57.053078,-0.004784688995215336,-0.004784688995215336,-0.5,-0.5,104.0,104.5,104.0,104.5,104.0,3292.0,16278.0,18452.0,False,False
2317,2022-10-28 10:36:57.794211,-0.004784688995215336,-0.004784688995215336,-0.5,-0.5,104.0,104.5,104.0,104.5,103.0,3292.0,16278.0,18452.0,False,False
2317,2022-10-28 10:36:58.516780,-0.004784688995215336,-0.004784688995215336,-0.5,-0.5,104.0,104.5,104.0,104.5,103.0,3292.0,16278.0,18452.0,False,False
2317,2022-10-28 10:36:59.009356,-0.004784688995215336,-0.004784688995215336,-0.5,-0.5,104.0,104.5,104.0,104.5,102.0,3292.0,16278.0,18452.0,False,False
2317,2022-10-28 10:37:00.762486,-0.004784688995215336,-0.004784688995215336,-0.5,-0.5,104.0,104.5,104.0,104.5,101.0,3292.0,16278.0,18452.0,False,False
2317,2022-10-28 10:37:02.052253,-0.004784688995215336,-0.004784688995215336,-0.5,-0.5,104.0,104.5,104.0,104.5,101.0,3293.0,16278.0,18452.0,False,False
2317,2022-10-28 10:37:02.325370,-0.004784688995215336,-0.004784688995215336,-0.5,-0.5,104.0,104.5,104.0,104.5,101.0,3293.0,16278.0,18452.0,False,False
2317,2022-10-28 10:37:02.394222,-0.004784688995215336,-0.004784688995215336,-0.5,-0.5,104.0,104.5,104.0,104.5,51.0,3293.0,16278.0,18452.0,False,False
2317,2022-10-28 10:37:02.452058,-0.004784688995215336,-0.004784688995215336,-0.5,-0.5,104.0,104.5,104.0,104.5,51.0,3293.0,16278.0,18452.0,False,False
2317,2022-10-28 10:37:02.452574,-0.004784688995215336,-0.004784688995215336,-0.5,-0.5,104.0,104.5,104.0,104.5,51.0,3293.0,16278.0,18452.0,False,False
2317,2022-10-28 10:37:02.707428,-0.004784688995215336,-0.004784688995215336,-0.5,-0.5,104.0,104.5,104.0,104.5,50.0,3293.0,16278.0,18452.0,False,False
2317,2022-10-28 10:37:02.850097,-0.004784688995215336,-0.004784688995215336,-0.5,-0.5,104.0,104.5,104.0,104.5,50.0,3294.0,16278.0,18452.0,False,False
2317,2022-10-28 10:37:02.979333,-0.004784688995215336,-0.004784688995215336,-0.5,-0.5,104.0,104.5,104.0,104.5,50.0,3294.0,16278.0,18452.0,False,False
2317,2022-10-28 10:37:02.979352,-0.004784688995215336,-0.004784688995215336,-0.5,-0.5,104.0,104.5,104.0,104.5,50.0,3294.0,16278.0,18452.0,False,False
2317,2022-10-28 10:37:03.171381,-0.004784688995215336,-0.004784688995215336,-0.5,-0.5,104.0,104.5,104.0,104.5,44.0,3294.0,16278.0,18452.0,False,False
2317,2022-10-28 10:37:03.367494,-0.004784688995215336,-0.004784688995215336,-0.5,-0.5,104.0,104.5,104.0,104.5,43.0,3294.0,16278.0,18452.0,False,False
2317,2022-10-28 10:37:04.714790,-0.004784688995215336,-0.004784688995215336,-0.5,-0.5,104.0,104.5,104.0,104.5,43.0,3294.0,16278.0,18452.0,False,False
2317,2022-10-28 10:37:04.788305,-0.004784688995215336,-0.004784688995215336,-0.5,-0.5,104.0,104.5,104.0,104.5,43.0,3294.0,16278.0,18452.0,False,False
2317,2022-10-28 10:37:05.632539,-0.004784688995215336,-0.004784688995215336,-0.5,-0.5,104.0,104.5,104.0,104.5,43.0,3296.0,16278.0,18452.0,False,False
2317,2022-10-28 10:37:05.661836,-0.004784688995215336,-0.004784688995215336,-0.5,-0.5,104.0,104.5,104.0,104.5,43.0,3396.0,16278.0,18452.0,False,False
2317,2022-10-28 10:37:05.723648,-0.004784688995215336,-0.004784688995215336,-0.5,-0.5,104.0,104.5,104.0,104.5,41.0,3396.0,16278.0,18452.0,False,False
2317,2022-10-28 10:37:05.762162,-0.004784688995215336,-0.004784688995215336,-0.5,-0.5,104.0,104.5,104.0,104.5,41.0,3302.0,16278.0,18452.0,False,False
2317,2022-10-28 10:37:05.847568,-0.004784688995215336,-0.004784688995215336,-0.5,-0.5,104.0,104.5,104.0,104.5,39.0,3302.0,16278.0,18452.0,False,False
2317,2022-10-28 10:37:05.909082,-0.004784688995215336,-0.004784688995215336,-0.5,-0.5,104.0,104.5,104.0,104.5,39.0,3300.0,16278.0,18452.0,False,False
2317,2022-10-28 10:37:05.972639,-0.004784688995215336,-0.004784688995215336,-0.5,-0.5,104.0,104.5,104.0,104.5,37.0,3402.0,16278.0,18452.0,False,False
2317,2022-10-28 10:37:06.040245,-0.004784688995215336,-0.004784688995215336,-0.5,-0.5,104.0,104.5,104.0,104.5,37.0,3412.0,16278.0,18452.0,False,False
2317,2022-10-28 10:37:06.097382,-0.004784688995215336,-0.004784688995215336,-0.5,-0.5,104.0,104.5,104.0,104.5,35.0,3412.0,16278.0,18452.0,False,False
2317,2022-10-28 10:37:06.219008,-0.004784688995215336,-0.004784688995215336,-0.5,-0.5,104.0,104.5,104.0,104.5,35.0,3412.0,16278.0,18452.0,False,False
2317,2022-10-28 10:37:06.221960,-0.004784688995215336,-0.004784688995215336,-0.5,-0.5,104.0,104.5,104.0,104.5,33.0,3412.0,16278.0,18452.0,False,False
2317,2022-10-28 10:37:06.254933,-0.004784688995215336,-0.004784688995215336,-0.5,-0.5,104.0,104.5,104.0,104.5,33.0,3422.0,16278.0,18452.0,False,False
2317,2022-10-28 10:37:06.502344,-0.004784688995215336,-0.004784688995215336,-0.5,-0.5,104.0,104.5,104.0,104.5,33.0,3423.0,16278.0,18452.0,False,False
2317,2022-10-28 10:37:08.475623,-0.004784688995215336,-0.004784688995215336,-0.5,-0.5,104.0,104.5,104.0,104.5,33.0,3423.0,14779.0,17453.0,False,True
2317,2022-10-28 10:37:11.522330,-0.004784688995215336,-0.004784688995215336,-0.5,-0.5,104.0,104.5,104.0,104.5,32.0,3423.0,14779.0,17453.0,False,False
2317,2022-10-28 10:37:12.078495,-0.004784688995215336,-0.004784688995215336,-0.5,-0.5,104.0,104.5,104.0,104.5,31.0,3422.0,14779.0,17453.0,False,False
2317,2022-10-28 10:37:15.023551,-0.004784688995215336,-0.004784688995215336,-0.5,-0.5,104.0,104.5,104.0,104.5,31.0,3422.0,14779.0,17453.0,False,False
2317,2022-10-28 10:37:15.852129,-0.004784688995215336,-0.004784688995215336,-0.5,-0.5,104.0,104.5,104.0,104.5,31.0,3472.0,14779.0,17453.0,False,False
2317,2022-10-28 10:37:15.866301,-0.004784688995215336,-0.004784688995215336,-0.5,-0.5,104.0,104.5,104.0,104.5,31.0,3472.0,14779.0,17453.0,False,False
2317,2022-10-28 10:37:16.758768,-0.004784688995215336,-0.004784688995215336,-0.5,-0.5,104.0,104.5,104.0,104.5,30.0,3472.0,14779.0,17453.0,False,False
2317,2022-10-28 10:37:17.083469,-0.004784688995215336,-0.004784688995215336,-0.5,-0.5,104.0,104.5,104.0,104.5,30.0,3472.0,14779.0,17453.0,False,False
2317,2022-10-28 10:37:17.366773,-0.004784688995215336,-0.004784688995215336,-0.5,-0.5,104.0,104.5,104.0,104.5,30.0,3472.0,14779.0,17453.0,False,False
2317,2022-10-28 10:37:17.586644,-0.004784688995215336,-0.004784688995215336,-0.5,-0.5,104.0,104.5,104.0,104.5,30.0,3472.0,14779.0,17453.0,False,False
2317,2022-10-28 10:37:18.508867,-0.004784688995215336,-0.004784688995215336,-0.5,-0.5,104.0,104.5,104.0,104.5,30.0,3472.0,15778.0,18452.0,True,True
2317,2022-10-28 10:37:18.967272,-0.004784688995215336,-0.004784688995215336,-0.5,-0.5,104.0,104.5,104.0,104.5,29.0,3472.0,15778.0,18452.0,False,False
2317,2022-10-28 10:37:22.264426,-0.004784688995215336,-0.009569377990430672,-0.5,-1.0,103.5,104.5,104.0,104.5,7254.0,3472.0,15778.0,18452.0,False,False
2317,2022-10-28 10:37:22.296542,-0.004784688995215336,-0.009569377990430672,-0.5,-1.0,103.5,104.5,104.0,104.5,7204.0,3472.0,15778.0,18452.0,False,False
2317,2022-10-28 10:37:22.308274,-0.004784688995215336,-0.009569377990430672,-0.5,-1.0,103.5,104.5,104.0,104.5,7194.0,3777.0,15778.0,18452.0,False,False
2317,2022-10-28 10:37:22.351321,-0.004784688995215336,-0.009569377990430672,-0.5,-1.0,103.5,104.5,104.0,104.5,7244.0,3777.0,15778.0,18452.0,False,False
2317,2022-10-28 10:37:22.412279,0.0,-0.009569377990430672,0.0,-1.0,103.5,104.0,104.0,104.5,7183.0,42.0,15778.0,18452.0,False,False
2317,2022-10-28 10:37:22.437870,0.0,-0.009569377990430672,0.0,-1.0,103.5,104.0,104.0,104.5,7183.0,42.0,15778.0,18452.0,False,False
2317,2022-10-28 10:37:22.538264,0.0,-0.009569377990430672,0.0,-1.0,103.5,104.0,104.0,104.5,7183.0,52.0,15778.0,18452.0,False,False
2317,2022-10-28 10:37:22.660379,0.0,-0.009569377990430672,0.0,-1.0,103.5,104.0,104.0,104.5,7183.0,43.0,15778.0,18452.0,False,False
2317,2022-10-28 10:37:22.811551,0.0,-0.009569377990430672,0.0,-1.0,103.5,104.0,104.0,104.5,7183.0,43.0,15778.0,18452.0,False,False
2317,2022-10-28 10:37:22.976356,0.0,-0.009569377990430672,0.0,-1.0,103.5,104.0,104.0,104.5,7183.0,43.0,15778.0,18452.0,False,False
2317,2022-10-28 10:37:22.976418,0.0,-0.009569377990430672,0.0,-1.0,103.5,104.0,104.0,104.5,7183.0,43.0,15778.0,18452.0,False,False
2317,2022-10-28 10:37:23.246029,0.0,-0.009569377990430672,0.0,-1.0,103.5,104.0,104.0,104.5,7183.0,83.0,15778.0,18452.0,False,False
2317,2022-10-28 10:37:23.301580,0.0,-0.009569377990430672,0.0,-1.0,103.5,104.0,104.0,104.5,7183.0,83.0,15778.0,18452.0,False,False
2317,2022-10-28 10:37:23.326322,0.0,-0.009569377990430672,0.0,-1.0,103.5,104.0,104.0,104.5,7183.0,83.0,15778.0,18452.0,False,False
2317,2022-10-28 10:37:23.754481,0.0,-0.009569377990430672,0.0,-1.0,103.5,104.0,104.0,104.5,7183.0,73.0,15778.0,18452.0,False,False
2317,2022-10-28 10:37:23.775734,0.0,-0.009569377990430672,0.0,-1.0,103.5,104.0,104.0,104.5,7183.0,73.0,15778.0,18452.0,False,False
2317,2022-10-28 10:37:23.954747,0.0,-0.009569377990430672,0.0,-1.0,103.5,104.0,104.0,104.5,7183.0,73.0,15778.0,18452.0,False,False
2317,2022-10-28 10:37:24.127803,0.0,-0.009569377990430672,0.0,-1.0,103.5,104.0,104.0,104.5,7183.0,73.0,15778.0,18452.0,False,False
2317,2022-10-28 10:37:24.152806,0.0,-0.009569377990430672,0.0,-1.0,103.5,104.0,104.0,104.5,7183.0,73.0,15778.0,18452.0,False,False
2317,2022-10-28 10:37:24.209772,0.0,-0.009569377990430672,0.0,-1.0,103.5,104.0,104.0,104.5,7183.0,73.0,15778.0,18452.0,False,False
2317,2022-10-28 10:37:24.303921,0.0,-0.009569377990430672,0.0,-1.0,103.5,104.0,104.0,104.5,7183.0,73.0,15778.0,18452.0,False,False
2317,2022-10-28 10:37:24.432991,0.0,-0.009569377990430672,0.0,-1.0,103.5,104.0,104.0,104.5,7183.0,80.0,15778.0,18452.0,False,False
2317,2022-10-28 10:37:24.471451,0.0,-0.009569377990430672,0.0,-1.0,103.5,104.0,104.0,104.5,7183.0,118.0,15778.0,18452.0,False,False
2317,2022-10-28 10:37:24.690461,0.0,-0.009569377990430672,0.0,-1.0,103.5,104.0,104.0,104.5,7183.0,118.0,15778.0,18452.0,False,False
2317,2022-10-28 10:37:24.803850,0.0,-0.009569377990430672,0.0,-1.0,103.5,104.0,104.0,104.5,7183.0,118.0,15778.0,18452.0,False,False
2317,2022-10-28 10:37:24.836328,0.0,-0.009569377990430672,0.0,-1.0,103.5,104.0,104.0,104.5,7183.0,118.0,15778.0,18452.0,False,False
2317,2022-10-28 10:37:25.288239,0.0,-0.009569377990430672,0.0,-1.0,103.5,104.0,104.0,104.5,7183.0,121.0,15778.0,18452.0,False,False
2317,2022-10-28 10:37:25.999717,0.0,-0.009569377990430672,0.0,-1.0,103.5,104.0,104.0,104.5,7184.0,121.0,15778.0,18452.0,False,False
2317,2022-10-28 10:37:27.360679,0.0,-0.009569377990430672,0.0,-1.0,103.5,104.0,104.0,104.5,7184.0,116.0,15778.0,18452.0,False,False
2317,2022-10-28 10:37:27.423043,0.0,-0.009569377990430672,0.0,-1.0,103.5,104.0,104.0,104.5,7184.0,89.0,15778.0,18452.0,False,False
2317,2022-10-28 10:37:28.248026,0.0,-0.009569377990430672,0.0,-1.0,103.5,104.0,104.0,104.5,7184.0,90.0,15778.0,18452.0,False,False
2317,2022-10-28 10:37:28.537909,0.0,-0.009569377990430672,0.0,-1.0,103.5,104.0,104.0,104.5,7184.0,90.0,14889.0,28492.0,True,True
2317,2022-10-28 10:37:29.118526,0.0,-0.009569377990430672,0.0,-1.0,103.5,104.0,104.0,104.5,7184.0,92.0,14889.0,28492.0,False,False
2317,2022-10-28 10:37:29.499528,0.0,-0.009569377990430672,0.0,-1.0,103.5,104.0,104.0,104.5,7184.0,91.0,14889.0,28492.0,False,False
2317,2022-10-28 10:37:29.925553,0.0,-0.009569377990430672,0.0,-1.0,103.5,104.0,104.0,104.5,7184.0,91.0,14889.0,28492.0,False,False
2317,2022-10-28 10:37:30.902849,0.0,-0.009569377990430672,0.0,-1.0,103.5,104.0,104.0,104.5,7184.0,90.0,14889.0,28492.0,False,False
2317,2022-10-28 10:37:30.965446,0.0,-0.009569377990430672,0.0,-1.0,103.5,104.0,104.0,104.5,7184.0,89.0,14889.0,28492.0,False,False
2317,2022-10-28 10:37:31.158942,0.0,-0.009569377990430672,0.0,-1.0,103.5,104.0,104.0,104.5,7184.0,89.0,14889.0,28492.0,False,False
2317,2022-10-28 10:37:31.756867,0.0,-0.009569377990430672,0.0,-1.0,103.5,104.0,104.0,104.5,7184.0,91.0,14889.0,28492.0,False,False
2317,2022-10-28 10:37:32.469554,0.0,-0.009569377990430672,0.0,-1.0,103.5,104.0,104.0,104.5,7184.0,90.0,14889.0,28492.0,False,False
2317,2022-10-28 10:37:32.893402,0.0,-0.009569377990430672,0.0,-1.0,103.5,104.0,104.0,104.5,7183.0,90.0,14889.0,28492.0,False,False
2317,2022-10-28 10:37:33.216576,0.0,-0.009569377990430672,0.0,-1.0,103.5,104.0,104.0,104.5,7178.0,90.0,14889.0,28492.0,False,False
2317,2022-10-28 10:37:33.840447,0.0,-0.009569377990430672,0.0,-1.0,103.5,104.0,104.0,104.5,7178.0,90.0,14889.0,28492.0,False,False
2317,2022-10-28 10:37:34.026470,0.0,-0.009569377990430672,0.0,-1.0,103.5,104.0,104.0,104.5,7179.0,90.0,14889.0,28492.0,False,False
2317,2022-10-28 10:37:34.701576,0.0,-0.009569377990430672,0.0,-1.0,103.5,104.0,104.0,104.5,7179.0,89.0,14889.0,28492.0,False,False
2317,2022-10-28 10:37:34.816760,0.0,-0.009569377990430672,0.0,-1.0,103.5,104.0,104.0,104.5,7179.0,89.0,14889.0,28492.0,False,False
2317,2022-10-28 10:37:36.752604,0.0,-0.009569377990430672,0.0,-1.0,103.5,104.0,104.0,104.5,7179.0,89.0,14889.0,28492.0,False,False
2317,2022-10-28 10:37:37.032016,0.0,-0.009569377990430672,0.0,-1.0,103.5,104.0,104.0,104.5,7179.0,89.0,14889.0,28492.0,False,False
2317,2022-10-28 10:37:37.032567,0.0,-0.009569377990430672,0.0,-1.0,103.5,104.0,104.0,104.5,7179.0,89.0,14889.0,28492.0,False,False
2317,2022-10-28 10:37:37.142787,0.0,-0.009569377990430672,0.0,-1.0,103.5,104.0,104.0,104.5,7179.0,94.0,14889.0,28492.0,False,False
2317,2022-10-28 10:37:37.846983,0.0,-0.009569377990430672,0.0,-1.0,103.5,104.0,104.0,104.5,7179.0,95.0,14889.0,28492.0,False,False
2317,2022-10-28 10:37:38.127367,0.0,-0.009569377990430672,0.0,-1.0,103.5,104.0,104.0,104.5,7179.0,100.0,14889.0,28492.0,False,False
2317,2022-10-28 10:37:38.179334,0.0,-0.009569377990430672,0.0,-1.0,103.5,104.0,104.0,104.5,7179.0,100.0,14889.0,28492.0,False,False
2317,2022-10-28 10:37:38.569057,0.0,-0.009569377990430672,0.0,-1.0,103.5,104.0,104.0,104.5,7179.0,100.0,14883.0,28492.0,True,True
2317,2022-10-28 10:37:40.947756,0.0,-0.009569377990430672,0.0,-1.0,103.5,104.0,104.0,104.5,7179.0,100.0,14883.0,28492.0,False,False
2317,2022-10-28 10:37:40.983626,0.0,-0.009569377990430672,0.0,-1.0,103.5,104.0,104.0,104.5,7179.0,108.0,14883.0,28492.0,False,False
2317,2022-10-28 10:37:42.061895,0.0,-0.009569377990430672,0.0,-1.0,103.5,104.0,104.0,104.5,7179.0,109.0,14883.0,28492.0,False,False
2317,2022-10-28 10:37:43.761889,0.0,-0.009569377990430672,0.0,-1.0,103.5,104.0,104.0,104.5,7179.0,110.0,14883.0,28492.0,False,False
2317,2022-10-28 10:37:48.070731,0.0,-0.009569377990430672,0.0,-1.0,103.5,104.0,104.0,104.5,7179.0,30.0,14883.0,28492.0,False,False
2317,2022-10-28 10:37:48.313232,0.0,-0.009569377990430672,0.0,-1.0,103.5,104.0,104.0,104.5,7179.0,32.0,14883.0,28492.0,False,False
2317,2022-10-28 10:37:48.605341,0.0,-0.009569377990430672,0.0,-1.0,103.5,104.0,104.0,104.5,7179.0,32.0,14883.0,28492.0,True,True
2317,2022-10-28 10:37:50.852974,0.0,-0.009569377990430672,0.0,-1.0,103.5,104.0,104.0,104.5,7179.0,32.0,14883.0,28492.0,False,False
2317,2022-10-28 10:37:52.121086,0.0,-0.009569377990430672,0.0,-1.0,103.5,104.0,104.0,104.5,7179.0,32.0,14883.0,28492.0,False,False
2317,2022-10-28 10:37:52.170552,0.0,-0.009569377990430672,0.0,-1.0,103.5,104.0,104.0,104.5,7178.0,32.0,14883.0,28492.0,False,False
2317,2022-10-28 10:37:52.610089,0.0,-0.009569377990430672,0.0,-1.0,103.5,104.0,104.0,104.5,7178.0,32.0,14883.0,28492.0,False,False
2317,2022-10-28 10:37:52.678170,0.0,-0.009569377990430672,0.0,-1.0,103.5,104.0,104.0,104.5,7178.0,37.0,14883.0,28492.0,False,False
2317,2022-10-28 10:37:54.797590,0.0,-0.009569377990430672,0.0,-1.0,103.5,104.0,104.0,104.5,7178.0,37.0,14883.0,28492.0,False,False
2317,2022-10-28 10:37:54.968142,0.0,-0.009569377990430672,0.0,-1.0,103.5,104.0,104.0,104.5,7178.0,36.0,14883.0,28492.0,False,False
2317,2022-10-28 10:37:55.680861,0.0,-0.009569377990430672,0.0,-1.0,103.5,104.0,104.0,104.5,7178.0,37.0,14883.0,28492.0,False,False
2317,2022-10-28 10:37:56.144685,0.0,-0.009569377990430672,0.0,-1.0,103.5,104.0,104.0,104.5,7178.0,37.0,14883.0,28492.0,False,False
2317,2022-10-28 10:37:56.378684,0.0,-0.009569377990430672,0.0,-1.0,103.5,104.0,104.0,104.5,7178.0,38.0,14883.0,28492.0,False,False
2317,2022-10-28 10:37:57.252135,0.0,-0.009569377990430672,0.0,-1.0,103.5,104.0,104.0,104.5,7178.0,37.0,14883.0,28492.0,False,False
2317,2022-10-28 10:37:59.021385,0.0,-0.009569377990430672,0.0,-1.0,103.5,104.0,104.0,104.5,7178.0,37.0,14883.0,28492.0,False,False
2317,2022-10-28 10:37:59.036437,0.0,-0.009569377990430672,0.0,-1.0,103.5,104.0,104.0,104.5,7178.0,37.0,14883.0,28492.0,False,False
2317,2022-10-28 10:37:59.168861,0.0,-0.009569377990430672,0.0,-1.0,103.5,104.0,104.0,104.5,7178.0,87.0,14883.0,28492.0,False,False
2317,2022-10-28 10:37:59.868452,0.0,-0.009569377990430672,0.0,-1.0,103.5,104.0,104.0,104.5,7178.0,87.0,14883.0,28492.0,False,False
2317,2022-10-28 10:38:00.394641,0.0,-0.009569377990430672,0.0,-1.0,103.5,104.0,104.0,104.5,7178.0,97.0,14883.0,28492.0,False,False
2317,2022-10-28 10:38:04.511639,0.0,-0.009569377990430672,0.0,-1.0,103.5,104.0,104.0,104.5,7178.0,97.0,14883.0,28492.0,False,False
2317,2022-10-28 10:38:05.307204,0.0,-0.009569377990430672,0.0,-1.0,103.5,104.0,104.0,104.5,7178.0,97.0,14883.0,28492.0,False,False
2317,2022-10-28 10:38:05.581240,0.0,-0.009569377990430672,0.0,-1.0,103.5,104.0,104.0,104.5,7178.0,107.0,14883.0,28492.0,False,False
2317,2022-10-28 10:38:05.605802,0.0,-0.009569377990430672,0.0,-1.0,103.5,104.0,104.0,104.5,7180.0,107.0,14883.0,28492.0,False,False
2317,2022-10-28 10:38:06.141834,0.0,-0.009569377990430672,0.0,-1.0,103.5,104.0,104.0,104.5,7180.0,109.0,14883.0,28492.0,False,False
2317,2022-10-28 10:38:12.389592,0.0,-0.009569377990430672,0.0,-1.0,103.5,104.0,104.0,104.5,7180.0,119.0,14883.0,28492.0,False,False
2317,2022-10-28 10:38:12.860844,0.0,-0.009569377990430672,0.0,-1.0,103.5,104.0,104.0,104.5,7190.0,119.0,14883.0,28492.0,False,False
2317,2022-10-28 10:38:14.113077,0.0,-0.009569377990430672,0.0,-1.0,103.5,104.0,104.0,104.5,7191.0,119.0,14883.0,28492.0,False,False
2317,2022-10-28 10:38:18.031802,0.0,-0.009569377990430672,0.0,-1.0,103.5,104.0,104.0,104.5,7191.0,104.0,14883.0,28492.0,False,False
2317,2022-10-28 10:38:18.107673,0.0,-0.009569377990430672,0.0,-1.0,103.5,104.0,104.0,104.5,7191.0,103.0,14883.0,28492.0,False,False
2317,2022-10-28 10:38:18.181804,0.0,-0.009569377990430672,0.0,-1.0,103.5,104.0,104.0,104.5,7191.0,103.0,14883.0,28492.0,False,False
2317,2022-10-28 10:38:18.272862,0.0,-0.009569377990430672,0.0,-1.0,103.5,104.0,104.0,104.5,7191.0,103.0,14883.0,28492.0,False,False
2317,2022-10-28 10:38:18.404912,0.0,-0.009569377990430672,0.0,-1.0,103.5,104.0,104.0,104.5,7191.0,109.0,14883.0,28492.0,False,False
2317,2022-10-28 10:38:18.698339,0.0,-0.009569377990430672,0.0,-1.0,103.5,104.0,104.0,104.5,7191.0,109.0,14883.0,28392.0,True,True
2317,2022-10-28 10:38:18.897105,0.0,-0.009569377990430672,0.0,-1.0,103.5,104.0,104.0,104.5,7191.0,109.0,14883.0,28392.0,False,False
2317,2022-10-28 10:38:18.980876,0.0,-0.009569377990430672,0.0,-1.0,103.5,104.0,104.0,104.5,7191.0,108.0,14883.0,28392.0,False,False
2317,2022-10-28 10:38:19.087160,0.0,-0.009569377990430672,0.0,-1.0,103.5,104.0,104.0,104.5,7191.0,109.0,14883.0,28392.0,False,False
2317,2022-10-28 10:38:20.111993,0.0,-0.009569377990430672,0.0,-1.0,103.5,104.0,104.0,104.5,7191.0,109.0,14883.0,28392.0,False,False
2317,2022-10-28 10:38:22.722354,0.0,-0.009569377990430672,0.0,-1.0,103.5,104.0,104.0,104.5,7191.0,110.0,14883.0,28392.0,False,False
2317,2022-10-28 10:38:23.110353,0.0,-0.009569377990430672,0.0,-1.0,103.5,104.0,104.0,104.5,7191.0,110.0,14883.0,28392.0,False,False
2317,2022-10-28 10:38:23.640095,0.0,-0.009569377990430672,0.0,-1.0,103.5,104.0,104.0,104.5,7191.0,111.0,14883.0,28392.0,False,False
2317,2022-10-28 10:38:27.031393,0.0,-0.009569377990430672,0.0,-1.0,103.5,104.0,104.0,104.5,7191.0,110.0,14883.0,28392.0,False,False
2317,2022-10-28 10:38:28.720784,0.0,-0.009569377990430672,0.0,-1.0,103.5,104.0,104.0,104.5,7191.0,110.0,14883.0,28392.0,False,False
2317,2022-10-28 10:38:28.729401,0.0,-0.009569377990430672,0.0,-1.0,103.5,104.0,104.0,104.5,7191.0,110.0,14401.0,28392.0,True,True
2317,2022-10-28 10:38:29.674224,0.0,-0.009569377990430672,0.0,-1.0,103.5,104.0,104.0,104.5,7191.0,112.0,14401.0,28392.0,False,False
2317,2022-10-28 10:38:31.174316,0.0,-0.009569377990430672,0.0,-1.0,103.5,104.0,104.0,104.5,7191.0,117.0,14401.0,28392.0,False,False
2317,2022-10-28 10:38:33.948254,0.0,-0.009569377990430672,0.0,-1.0,103.5,104.0,104.0,104.5,7191.0,117.0,14401.0,28392.0,False,False
2317,2022-10-28 10:38:36.861739,0.0,-0.009569377990430672,0.0,-1.0,103.5,104.0,104.0,104.5,7190.0,117.0,14401.0,28392.0,False,False
2317,2022-10-28 10:38:37.752403,0.0,-0.009569377990430672,0.0,-1.0,103.5,104.0,104.0,104.5,7190.0,117.0,14401.0,28392.0,False,False
2317,2022-10-28 10:38:37.937271,0.0,-0.009569377990430672,0.0,-1.0,103.5,104.0,104.0,104.5,7190.0,117.0,14401.0,28392.0,False,False
2317,2022-10-28 10:38:38.637389,0.0,-0.009569377990430672,0.0,-1.0,103.5,104.0,104.0,104.5,7190.0,117.0,14401.0,28392.0,False,False
2317,2022-10-28 10:38:38.755384,0.0,-0.009569377990430672,0.0,-1.0,103.5,104.0,104.0,104.5,7190.0,117.0,14391.0,28392.0,True,True
2317,2022-10-28 10:38:39.622750,0.0,-0.009569377990430672,0.0,-1.0,103.5,104.0,104.0,104.5,7190.0,118.0,14391.0,28392.0,False,False
2317,2022-10-28 10:38:40.417205,0.0,-0.009569377990430672,0.0,-1.0,103.5,104.0,104.0,104.5,7190.0,117.0,14391.0,28392.0,False,False
2317,2022-10-28 10:38:41.963453,0.0,-0.009569377990430672,0.0,-1.0,103.5,104.0,104.0,104.5,7190.0,116.0,14391.0,28392.0,False,False
2317,2022-10-28 10:38:41.989619,0.0,-0.009569377990430672,0.0,-1.0,103.5,104.0,104.0,104.5,7190.0,115.0,14391.0,28392.0,False,False
2317,2022-10-28 10:38:42.510463,0.0,-0.009569377990430672,0.0,-1.0,103.5,104.0,104.0,104.5,7190.0,120.0,14391.0,28392.0,False,False
2317,2022-10-28 10:38:43.383145,0.0,-0.009569377990430672,0.0,-1.0,103.5,104.0,104.0,104.5,7190.0,120.0,14391.0,28392.0,False,False
2317,2022-10-28 10:38:44.946009,0.0,-0.009569377990430672,0.0,-1.0,103.5,104.0,104.0,104.5,7190.0,121.0,14391.0,28392.0,False,False
2317,2022-10-28 10:38:45.890003,0.0,-0.009569377990430672,0.0,-1.0,103.5,104.0,104.0,104.5,7190.0,121.0,14391.0,28392.0,False,False
2317,2022-10-28 10:38:47.083661,0.0,-0.009569377990430672,0.0,-1.0,103.5,104.0,104.0,104.5,7190.0,106.0,14391.0,28392.0,False,False
2317,2022-10-28 10:38:48.173863,0.0,-0.009569377990430672,0.0,-1.0,103.5,104.0,104.0,104.5,7190.0,106.0,14391.0,28392.0,False,False
2317,2022-10-28 10:38:48.552983,0.0,-0.009569377990430672,0.0,-1.0,103.5,104.0,104.0,104.5,7190.0,106.0,14391.0,28392.0,False,False
2317,2022-10-28 10:38:48.785114,0.0,-0.009569377990430672,0.0,-1.0,103.5,104.0,104.0,104.5,7190.0,106.0,14381.0,28392.0,True,True
2317,2022-10-28 10:38:49.140890,0.0,-0.009569377990430672,0.0,-1.0,103.5,104.0,104.0,104.5,7191.0,106.0,14381.0,28392.0,False,False
2317,2022-10-28 10:38:51.383126,0.0,-0.009569377990430672,0.0,-1.0,103.5,104.0,104.0,104.5,7192.0,106.0,14381.0,28392.0,False,False
2317,2022-10-28 10:38:53.601361,0.0,-0.009569377990430672,0.0,-1.0,103.5,104.0,104.0,104.5,7192.0,106.0,14381.0,28392.0,False,False
2317,2022-10-28 10:38:55.041138,0.0,-0.009569377990430672,0.0,-1.0,103.5,104.0,104.0,104.5,7192.0,107.0,14381.0,28392.0,False,False
2317,2022-10-28 10:38:56.117244,0.0,-0.009569377990430672,0.0,-1.0,103.5,104.0,104.0,104.5,7202.0,107.0,14381.0,28392.0,False,False
2317,2022-10-28 10:38:56.280571,0.0,-0.009569377990430672,0.0,-1.0,103.5,104.0,104.0,104.5,7202.0,107.0,14381.0,28392.0,False,False
2317,2022-10-28 10:38:56.340489,0.0,-0.009569377990430672,0.0,-1.0,103.5,104.0,104.0,104.5,7202.0,107.0,14381.0,28392.0,False,False
2317,2022-10-28 10:38:57.804570,0.0,-0.009569377990430672,0.0,-1.0,103.5,104.0,104.0,104.5,7202.0,107.0,14381.0,28392.0,False,False
2317,2022-10-28 10:38:58.821350,0.0,-0.009569377990430672,0.0,-1.0,103.5,104.0,104.0,104.5,7202.0,107.0,14131.0,28392.0,True,True
2317,2022-10-28 10:38:59.895547,0.0,-0.009569377990430672,0.0,-1.0,103.5,104.0,104.0,104.5,7202.0,107.0,14131.0,28392.0,False,False
2317,2022-10-28 10:39:01.772591,0.0,-0.009569377990430672,0.0,-1.0,103.5,104.0,104.0,104.5,7202.0,107.0,14131.0,28392.0,False,False
2317,2022-10-28 10:39:02.103434,0.0,-0.009569377990430672,0.0,-1.0,103.5,104.0,104.0,104.5,7201.0,107.0,14131.0,28392.0,False,False
2317,2022-10-28 10:39:03.030398,0.0,-0.009569377990430672,0.0,-1.0,103.5,104.0,104.0,104.5,7201.0,97.0,14131.0,28392.0,False,False
2317,2022-10-28 10:39:04.523807,0.0,-0.009569377990430672,0.0,-1.0,103.5,104.0,104.0,104.5,7201.0,97.0,14131.0,28392.0,False,False
2317,2022-10-28 10:39:05.074217,0.0,-0.009569377990430672,0.0,-1.0,103.5,104.0,104.0,104.5,7201.0,98.0,14131.0,28392.0,False,False
2317,2022-10-28 10:39:05.994992,0.0,-0.009569377990430672,0.0,-1.0,103.5,104.0,104.0,104.5,7201.0,97.0,14131.0,28392.0,False,False
2317,2022-10-28 10:39:06.044936,0.0,-0.009569377990430672,0.0,-1.0,103.5,104.0,104.0,104.5,7201.0,97.0,14131.0,28392.0,False,False
2317,2022-10-28 10:39:07.020016,0.0,-0.009569377990430672,0.0,-1.0,103.5,104.0,104.0,104.5,7201.0,98.0,14131.0,28392.0,False,False
2317,2022-10-28 10:39:07.296307,0.0,-0.009569377990430672,0.0,-1.0,103.5,104.0,104.0,104.5,7201.0,82.0,14131.0,28392.0,False,False
2317,2022-10-28 10:39:07.502504,0.0,-0.009569377990430672,0.0,-1.0,103.5,104.0,104.0,104.5,7201.0,83.0,14131.0,28392.0,False,False
2317,2022-10-28 10:39:08.855579,0.0,-0.009569377990430672,0.0,-1.0,103.5,104.0,104.0,104.5,7201.0,83.0,14167.0,28392.0,True,True
2317,2022-10-28 10:39:09.118834,0.0,-0.009569377990430672,0.0,-1.0,103.5,104.0,104.0,104.5,7201.0,83.0,14167.0,28392.0,False,False
2317,2022-10-28 10:39:09.474036,0.0,-0.009569377990430672,0.0,-1.0,103.5,104.0,104.0,104.5,7202.0,83.0,14167.0,28392.0,False,False
2317,2022-10-28 10:39:11.717060,0.0,-0.009569377990430672,0.0,-1.0,103.5,104.0,104.0,104.5,7202.0,83.0,14167.0,28392.0,False,False
2317,2022-10-28 10:39:14.149432,0.0,-0.009569377990430672,0.0,-1.0,103.5,104.0,104.0,104.5,7201.0,83.0,14167.0,28392.0,False,False
2317,2022-10-28 10:39:17.650450,0.0,-0.009569377990430672,0.0,-1.0,103.5,104.0,104.0,104.5,7201.0,83.0,14167.0,28392.0,False,False
2317,2022-10-28 10:39:17.709809,0.0,-0.009569377990430672,0.0,-1.0,103.5,104.0,104.0,104.5,7201.0,83.0,14167.0,28392.0,False,False
2317,2022-10-28 10:39:17.921995,0.0,-0.009569377990430672,0.0,-1.0,103.5,104.0,104.0,104.5,7200.0,83.0,14167.0,28392.0,False,False
2317,2022-10-28 10:39:19.777767,0.0,-0.009569377990430672,0.0,-1.0,103.5,104.0,104.0,104.5,7201.0,83.0,14167.0,28392.0,False,False
2317,2022-10-28 10:39:20.867599,0.0,-0.009569377990430672,0.0,-1.0,103.5,104.0,104.0,104.5,7201.0,84.0,14167.0,28392.0,False,False
2317,2022-10-28 10:39:21.899867,0.0,-0.009569377990430672,0.0,-1.0,103.5,104.0,104.0,104.5,7201.0,85.0,14167.0,28392.0,False,False
2317,2022-10-28 10:39:22.573821,0.0,-0.009569377990430672,0.0,-1.0,103.5,104.0,104.0,104.5,7201.0,85.0,14167.0,28392.0,False,False
2317,2022-10-28 10:39:22.827766,0.0,-0.009569377990430672,0.0,-1.0,103.5,104.0,104.0,104.5,7201.0,84.0,14167.0,28392.0,False,False
2317,2022-10-28 10:39:23.879629,0.0,-0.009569377990430672,0.0,-1.0,103.5,104.0,104.0,104.5,7201.0,84.0,14167.0,28392.0,False,False
2317,2022-10-28 10:39:28.134067,0.0,-0.009569377990430672,0.0,-1.0,103.5,104.0,104.0,104.5,7201.0,84.0,14167.0,28392.0,False,False
2317,2022-10-28 10:39:28.675928,0.0,-0.009569377990430672,0.0,-1.0,103.5,104.0,104.0,104.5,7202.0,84.0,14167.0,28392.0,False,False
2317,2022-10-28 10:39:28.730280,0.0,-0.009569377990430672,0.0,-1.0,103.5,104.0,104.0,104.5,7202.0,84.0,14167.0,28392.0,False,False
2317,2022-10-28 10:39:28.916867,0.0,-0.009569377990430672,0.0,-1.0,103.5,104.0,104.0,104.5,7202.0,84.0,14572.0,28392.0,True,True
2317,2022-10-28 10:39:29.004191,0.0,-0.009569377990430672,0.0,-1.0,103.5,104.0,104.0,104.5,7202.0,83.0,14572.0,28392.0,False,False
2317,2022-10-28 10:39:29.079131,0.0,-0.009569377990430672,0.0,-1.0,103.5,104.0,104.0,104.5,7203.0,83.0,14572.0,28392.0,False,False
2317,2022-10-28 10:39:31.532644,0.0,-0.009569377990430672,0.0,-1.0,103.5,104.0,104.0,104.5,7203.0,84.0,14572.0,28392.0,False,False
2317,2022-10-28 10:39:33.666053,0.0,-0.009569377990430672,0.0,-1.0,103.5,104.0,104.0,104.5,7203.0,88.0,14572.0,28392.0,False,False
2317,2022-10-28 10:39:35.956056,0.0,-0.009569377990430672,0.0,-1.0,103.5,104.0,104.0,104.5,7203.0,88.0,14572.0,28392.0,False,False
2317,2022-10-28 10:39:38.792399,0.0,-0.009569377990430672,0.0,-1.0,103.5,104.0,104.0,104.5,7203.0,88.0,14572.0,28392.0,False,False
2317,2022-10-28 10:39:38.954207,0.0,-0.009569377990430672,0.0,-1.0,103.5,104.0,104.0,104.5,7203.0,88.0,14672.0,28392.0,True,True
2317,2022-10-28 10:39:39.684743,0.0,-0.009569377990430672,0.0,-1.0,103.5,104.0,104.0,104.5,7203.0,87.0,14672.0,28392.0,False,False
2317,2022-10-28 10:39:39.762077,0.0,-0.009569377990430672,0.0,-1.0,103.5,104.0,104.0,104.5,7202.0,86.0,14672.0,28392.0,False,False
2317,2022-10-28 10:39:39.830654,0.0,-0.009569377990430672,0.0,-1.0,103.5,104.0,104.0,104.5,7201.0,86.0,14672.0,28392.0,False,False
2317,2022-10-28 10:39:39.839819,0.0,-0.009569377990430672,0.0,-1.0,103.5,104.0,104.0,104.5,7201.0,86.0,14672.0,28392.0,False,False
2317,2022-10-28 10:39:44.097528,0.0,-0.009569377990430672,0.0,-1.0,103.5,104.0,104.0,104.5,7201.0,86.0,14672.0,28392.0,False,False
2317,2022-10-28 10:39:44.979385,0.0,-0.009569377990430672,0.0,-1.0,103.5,104.0,104.0,104.5,7201.0,57.0,14672.0,28392.0,False,False
2317,2022-10-28 10:39:45.992020,0.0,-0.009569377990430672,0.0,-1.0,103.5,104.0,104.0,104.5,7201.0,57.0,14672.0,28392.0,False,False
2317,2022-10-28 10:39:46.515249,0.0,-0.009569377990430672,0.0,-1.0,103.5,104.0,104.0,104.5,7201.0,57.0,14672.0,28392.0,False,False
2317,2022-10-28 10:39:47.002084,0.0,-0.009569377990430672,0.0,-1.0,103.5,104.0,104.0,104.5,7201.0,58.0,14672.0,28392.0,False,False
2317,2022-10-28 10:39:48.082772,0.0,-0.009569377990430672,0.0,-1.0,103.5,104.0,104.0,104.5,7201.0,58.0,14672.0,28392.0,False,False
2317,2022-10-28 10:39:48.388819,0.0,-0.009569377990430672,0.0,-1.0,103.5,104.0,104.0,104.5,7201.0,57.0,14672.0,28392.0,False,False
2317,2022-10-28 10:39:48.588256,0.0,-0.009569377990430672,0.0,-1.0,103.5,104.0,104.0,104.5,7201.0,57.0,14672.0,28392.0,False,False
2317,2022-10-28 10:39:48.718600,0.0,-0.009569377990430672,0.0,-1.0,103.5,104.0,104.0,104.5,7201.0,62.0,14672.0,28392.0,False,False
2317,2022-10-28 10:39:48.996578,0.0,-0.009569377990430672,0.0,-1.0,103.5,104.0,104.0,104.5,7201.0,62.0,14524.0,28392.0,True,True
2317,2022-10-28 10:39:49.193016,0.0,-0.009569377990430672,0.0,-1.0,103.5,104.0,104.0,104.5,7201.0,62.0,14524.0,28392.0,False,False
2317,2022-10-28 10:39:50.103029,0.0,-0.009569377990430672,0.0,-1.0,103.5,104.0,104.0,104.5,7201.0,61.0,14524.0,28392.0,False,False
2317,2022-10-28 10:39:50.424766,0.0,-0.009569377990430672,0.0,-1.0,103.5,104.0,104.0,104.5,7201.0,61.0,14524.0,28392.0,False,False
2317,2022-10-28 10:39:51.081769,0.0,-0.009569377990430672,0.0,-1.0,103.5,104.0,104.0,104.5,7201.0,61.0,14524.0,28392.0,False,False
2317,2022-10-28 10:39:51.421132,0.0,-0.009569377990430672,0.0,-1.0,103.5,104.0,104.0,104.5,7201.0,61.0,14524.0,28392.0,False,False
2317,2022-10-28 10:39:51.954841,0.0,-0.009569377990430672,0.0,-1.0,103.5,104.0,104.0,104.5,7201.0,61.0,14524.0,28392.0,False,False
2317,2022-10-28 10:39:52.295485,0.0,-0.009569377990430672,0.0,-1.0,103.5,104.0,104.0,104.5,7201.0,62.0,14524.0,28392.0,False,False
2317,2022-10-28 10:39:52.756076,0.0,-0.009569377990430672,0.0,-1.0,103.5,104.0,104.0,104.5,7202.0,62.0,14524.0,28392.0,False,False
2317,2022-10-28 10:39:53.013129,0.0,-0.009569377990430672,0.0,-1.0,103.5,104.0,104.0,104.5,7202.0,61.0,14524.0,28392.0,False,False
2317,2022-10-28 10:39:53.022298,0.0,-0.009569377990430672,0.0,-1.0,103.5,104.0,104.0,104.5,7203.0,61.0,14524.0,28392.0,False,False
2317,2022-10-28 10:39:53.998817,0.0,-0.009569377990430672,0.0,-1.0,103.5,104.0,104.0,104.5,7203.0,63.0,14524.0,28392.0,False,False
2317,2022-10-28 10:39:54.036836,0.0,-0.009569377990430672,0.0,-1.0,103.5,104.0,104.0,104.5,7203.0,68.0,14524.0,28392.0,False,False
2317,2022-10-28 10:39:54.750457,0.0,-0.009569377990430672,0.0,-1.0,103.5,104.0,104.0,104.5,7203.0,68.0,14524.0,28392.0,False,False
2317,2022-10-28 10:39:55.179941,0.0,-0.009569377990430672,0.0,-1.0,103.5,104.0,104.0,104.5,7203.0,68.0,14524.0,28392.0,False,False
2317,2022-10-28 10:39:56.168209,0.0,-0.009569377990430672,0.0,-1.0,103.5,104.0,104.0,104.5,7203.0,68.0,14524.0,28392.0,False,False
2317,2022-10-28 10:39:57.524565,0.0,-0.009569377990430672,0.0,-1.0,103.5,104.0,104.0,104.5,7203.0,68.0,14524.0,28392.0,False,False
2317,2022-10-28 10:39:58.691374,0.0,-0.009569377990430672,0.0,-1.0,103.5,104.0,104.0,104.5,7203.0,69.0,14524.0,28392.0,False,False
2317,2022-10-28 10:39:59.053455,0.0,-0.009569377990430672,0.0,-1.0,103.5,104.0,104.0,104.5,7203.0,70.0,14524.0,28392.0,False,False
2317,2022-10-28 10:39:59.068470,0.0,-0.009569377990430672,0.0,-1.0,103.5,104.0,104.0,104.5,7203.0,70.0,14524.0,28392.0,True,True
2317,2022-10-28 10:40:00.548631,0.0,-0.009569377990430672,0.0,-1.0,103.5,104.0,104.0,104.5,7203.0,70.0,14524.0,28392.0,False,False
2317,2022-10-28 10:40:00.980241,0.0,-0.009569377990430672,0.0,-1.0,103.5,104.0,104.0,104.5,7203.0,70.0,14524.0,28392.0,False,False
2317,2022-10-28 10:40:02.604722,0.0,-0.009569377990430672,0.0,-1.0,103.5,104.0,104.0,104.5,7203.0,71.0,14524.0,28392.0,False,False
2317,2022-10-28 10:40:03.845747,0.0,-0.009569377990430672,0.0,-1.0,103.5,104.0,104.0,104.5,7203.0,71.0,14524.0,28392.0,False,False
2317,2022-10-28 10:40:04.022777,0.0,-0.009569377990430672,0.0,-1.0,103.5,104.0,104.0,104.5,7203.0,73.0,14524.0,28392.0,False,False
2317,2022-10-28 10:40:04.037166,0.0,-0.009569377990430672,0.0,-1.0,103.5,104.0,104.0,104.5,7203.0,77.0,14524.0,28392.0,False,False
2317,2022-10-28 10:40:05.575881,0.0,-0.009569377990430672,0.0,-1.0,103.5,104.0,104.0,104.5,7203.0,80.0,14524.0,28392.0,False,False
2317,2022-10-28 10:40:06.643792,0.0,-0.009569377990430672,0.0,-1.0,103.5,104.0,104.0,104.5,7202.0,80.0,14524.0,28392.0,False,False
2317,2022-10-28 10:40:07.947168,0.0,-0.009569377990430672,0.0,-1.0,103.5,104.0,104.0,104.5,7202.0,81.0,14524.0,28392.0,False,False
2317,2022-10-28 10:40:08.057231,0.0,-0.009569377990430672,0.0,-1.0,103.5,104.0,104.0,104.5,7202.0,82.0,14524.0,28392.0,False,False
2317,2022-10-28 10:40:08.564679,0.0,-0.009569377990430672,0.0,-1.0,103.5,104.0,104.0,104.5,7202.0,82.0,14674.0,28392.0,False,True
2317,2022-10-28 10:40:11.312873,0.0,-0.009569377990430672,0.0,-1.0,103.5,104.0,104.0,104.5,7202.0,82.0,14674.0,28392.0,False,False
2317,2022-10-28 10:40:15.152902,0.0,-0.009569377990430672,0.0,-1.0,103.5,104.0,104.0,104.5,7202.0,82.0,14674.0,28392.0,False,False
2317,2022-10-28 10:40:16.011413,0.0,-0.009569377990430672,0.0,-1.0,103.5,104.0,104.0,104.5,7202.0,78.0,14674.0,28392.0,False,False
2317,2022-10-28 10:40:16.143482,0.0,-0.009569377990430672,0.0,-1.0,103.5,104.0,104.0,104.5,7202.0,77.0,14674.0,28392.0,False,False
2317,2022-10-28 10:40:18.639777,0.0,-0.009569377990430672,0.0,-1.0,103.5,104.0,104.0,104.5,7202.0,77.0,13675.0,28392.0,True,True
2317,2022-10-28 10:40:18.749294,0.0,-0.009569377990430672,0.0,-1.0,103.5,104.0,104.0,104.5,7202.0,77.0,13675.0,28392.0,False,False
2317,2022-10-28 10:40:19.096841,0.0,-0.009569377990430672,0.0,-1.0,103.5,104.0,104.0,104.5,7202.0,80.0,13675.0,28392.0,False,False
2317,2022-10-28 10:40:20.147954,0.0,-0.009569377990430672,0.0,-1.0,103.5,104.0,104.0,104.5,7202.0,81.0,13675.0,28392.0,False,False
2317,2022-10-28 10:40:20.185822,0.0,-0.009569377990430672,0.0,-1.0,103.5,104.0,104.0,104.5,7202.0,81.0,13675.0,28392.0,False,False
2317,2022-10-28 10:40:20.477911,0.0,-0.009569377990430672,0.0,-1.0,103.5,104.0,104.0,104.5,7202.0,81.0,13675.0,28392.0,False,False
2317,2022-10-28 10:40:22.363650,0.0,-0.009569377990430672,0.0,-1.0,103.5,104.0,104.0,104.5,7202.0,81.0,13675.0,28392.0,False,False
2317,2022-10-28 10:40:22.643082,0.0,-0.009569377990430672,0.0,-1.0,103.5,104.0,104.0,104.5,7202.0,84.0,13675.0,28392.0,False,False
2317,2022-10-28 10:40:23.588690,0.0,-0.009569377990430672,0.0,-1.0,103.5,104.0,104.0,104.5,7202.0,85.0,13675.0,28392.0,False,False
2317,2022-10-28 10:40:24.369017,0.0,-0.009569377990430672,0.0,-1.0,103.5,104.0,104.0,104.5,7202.0,86.0,13675.0,28392.0,False,False
2317,2022-10-28 10:40:25.437948,0.0,-0.009569377990430672,0.0,-1.0,103.5,104.0,104.0,104.5,7202.0,85.0,13675.0,28392.0,False,False
2317,2022-10-28 10:40:25.535417,0.0,-0.009569377990430672,0.0,-1.0,103.5,104.0,104.0,104.5,7203.0,85.0,13675.0,28392.0,False,False
2317,2022-10-28 10:40:25.890202,0.0,-0.009569377990430672,0.0,-1.0,103.5,104.0,104.0,104.5,7203.0,85.0,13675.0,28392.0,False,False
2317,2022-10-28 10:40:27.213956,0.0,-0.009569377990430672,0.0,-1.0,103.5,104.0,104.0,104.5,7203.0,85.0,13675.0,28392.0,False,False
2317,2022-10-28 10:40:28.711449,0.0,-0.009569377990430672,0.0,-1.0,103.5,104.0,104.0,104.5,7203.0,85.0,13675.0,28392.0,True,True
2317,2022-10-28 10:40:28.913834,0.0,-0.009569377990430672,0.0,-1.0,103.5,104.0,104.0,104.5,7203.0,85.0,13675.0,28392.0,False,False
2317,2022-10-28 10:40:28.976402,0.0,-0.009569377990430672,0.0,-1.0,103.5,104.0,104.0,104.5,7203.0,88.0,13675.0,28392.0,False,False
2317,2022-10-28 10:40:34.329893,0.0,-0.009569377990430672,0.0,-1.0,103.5,104.0,104.0,104.5,7203.0,88.0,13675.0,28392.0,False,False
2317,2022-10-28 10:40:34.711543,0.0,-0.009569377990430672,0.0,-1.0,103.5,104.0,104.0,104.5,7203.0,88.0,13675.0,28392.0,False,False
2317,2022-10-28 10:40:35.658033,0.0,-0.009569377990430672,0.0,-1.0,103.5,104.0,104.0,104.5,7203.0,89.0,13675.0,28392.0,False,False
2317,2022-10-28 10:40:35.713428,0.0,-0.009569377990430672,0.0,-1.0,103.5,104.0,104.0,104.5,7204.0,89.0,13675.0,28392.0,False,False
2317,2022-10-28 10:40:35.840162,0.0,-0.009569377990430672,0.0,-1.0,103.5,104.0,104.0,104.5,7204.0,92.0,13675.0,28392.0,False,False
2317,2022-10-28 10:40:36.296820,0.0,-0.009569377990430672,0.0,-1.0,103.5,104.0,104.0,104.5,7203.0,92.0,13675.0,28392.0,False,False
2317,2022-10-28 10:40:38.757946,0.0,-0.009569377990430672,0.0,-1.0,103.5,104.0,104.0,104.5,7203.0,92.0,12539.0,28392.0,True,True
2317,2022-10-28 10:40:40.213265,0.0,-0.009569377990430672,0.0,-1.0,103.5,104.0,104.0,104.5,7203.0,91.0,12539.0,28392.0,False,False
2317,2022-10-28 10:40:41.368007,0.0,-0.009569377990430672,0.0,-1.0,103.5,104.0,104.0,104.5,7203.0,90.0,12539.0,28392.0,False,False
2317,2022-10-28 10:40:43.794355,0.0,-0.009569377990430672,0.0,-1.0,103.5,104.0,104.0,104.5,7203.0,90.0,12539.0,28392.0,False,False
2317,2022-10-28 10:40:43.990119,0.0,-0.009569377990430672,0.0,-1.0,103.5,104.0,104.0,104.5,7202.0,90.0,12539.0,28392.0,False,False
2317,2022-10-28 10:40:44.398205,0.0,-0.009569377990430672,0.0,-1.0,103.5,104.0,104.0,104.5,7202.0,91.0,12539.0,28392.0,False,False
2317,2022-10-28 10:40:45.894339,0.0,-0.009569377990430672,0.0,-1.0,103.5,104.0,104.0,104.5,7202.0,91.0,12539.0,28392.0,False,False
2317,2022-10-28 10:40:46.273055,0.0,-0.009569377990430672,0.0,-1.0,103.5,104.0,104.0,104.5,7202.0,92.0,12539.0,28392.0,False,False
2317,2022-10-28 10:40:46.461532,0.0,-0.009569377990430672,0.0,-1.0,103.5,104.0,104.0,104.5,7202.0,93.0,12539.0,28392.0,False,False
2317,2022-10-28 10:40:46.863468,0.0,-0.009569377990430672,0.0,-1.0,103.5,104.0,104.0,104.5,7202.0,93.0,12539.0,28392.0,False,False
2317,2022-10-28 10:40:47.067737,0.0,-0.009569377990430672,0.0,-1.0,103.5,104.0,104.0,104.5,7202.0,93.0,12539.0,28392.0,False,False
2317,2022-10-28 10:40:47.073984,0.0,-0.009569377990430672,0.0,-1.0,103.5,104.0,104.0,104.5,7202.0,93.0,12539.0,28392.0,False,False
2317,2022-10-28 10:40:48.804419,0.0,-0.009569377990430672,0.0,-1.0,103.5,104.0,104.0,104.5,7202.0,93.0,12309.0,28392.0,True,True
2317,2022-10-28 10:40:50.047380,0.0,-0.009569377990430672,0.0,-1.0,103.5,104.0,104.0,104.5,7201.0,93.0,12309.0,28392.0,False,False
2317,2022-10-28 10:40:51.955914,0.0,-0.009569377990430672,0.0,-1.0,103.5,104.0,104.0,104.5,7201.0,92.0,12309.0,28392.0,False,False
2317,2022-10-28 10:40:52.092586,0.0,-0.009569377990430672,0.0,-1.0,103.5,104.0,104.0,104.5,7201.0,92.0,12309.0,28392.0,False,False
2317,2022-10-28 10:40:53.822147,0.0,-0.009569377990430672,0.0,-1.0,103.5,104.0,104.0,104.5,7201.0,92.0,12309.0,28392.0,False,False
2317,2022-10-28 10:40:55.487163,0.0,-0.009569377990430672,0.0,-1.0,103.5,104.0,104.0,104.5,7200.0,92.0,12309.0,28392.0,False,False
2317,2022-10-28 10:40:58.848904,0.0,-0.009569377990430672,0.0,-1.0,103.5,104.0,104.0,104.5,7200.0,92.0,11909.0,28392.0,True,True
2317,2022-10-28 10:41:00.288113,0.0,-0.009569377990430672,0.0,-1.0,103.5,104.0,104.0,104.5,7200.0,92.0,11909.0,28392.0,False,False
2317,2022-10-28 10:41:03.062295,0.0,-0.009569377990430672,0.0,-1.0,103.5,104.0,104.0,104.5,7200.0,93.0,11909.0,28392.0,False,False
2317,2022-10-28 10:41:03.251097,0.0,-0.009569377990430672,0.0,-1.0,103.5,104.0,104.0,104.5,7200.0,92.0,11909.0,28392.0,False,False
2317,2022-10-28 10:41:08.889981,0.0,-0.009569377990430672,0.0,-1.0,103.5,104.0,104.0,104.5,7200.0,92.0,11709.0,28292.0,True,True
2317,2022-10-28 10:41:08.911921,0.0,-0.009569377990430672,0.0,-1.0,103.5,104.0,104.0,104.5,7200.0,99.0,11709.0,28292.0,False,False
2317,2022-10-28 10:41:09.605774,0.0,-0.009569377990430672,0.0,-1.0,103.5,104.0,104.0,104.5,7200.0,99.0,11709.0,28292.0,False,False
2317,2022-10-28 10:41:13.052470,0.0,-0.009569377990430672,0.0,-1.0,103.5,104.0,104.0,104.5,7200.0,99.0,11709.0,28292.0,False,False
2317,2022-10-28 10:41:18.933269,0.0,-0.009569377990430672,0.0,-1.0,103.5,104.0,104.0,104.5,7200.0,99.0,11609.0,28292.0,True,True
2317,2022-10-28 10:41:21.376368,0.0,-0.009569377990430672,0.0,-1.0,103.5,104.0,104.0,104.5,7200.0,99.0,11609.0,28292.0,False,False
2317,2022-10-28 10:41:22.057202,0.0,-0.009569377990430672,0.0,-1.0,103.5,104.0,104.0,104.5,7200.0,99.0,11609.0,28292.0,False,False
2317,2022-10-28 10:41:22.763621,0.0,-0.009569377990430672,0.0,-1.0,103.5,104.0,104.0,104.5,7200.0,99.0,11609.0,28292.0,False,False
2317,2022-10-28 10:41:22.890867,0.0,-0.009569377990430672,0.0,-1.0,103.5,104.0,104.0,104.5,7200.0,99.0,11609.0,28292.0,False,False
2317,2022-10-28 10:41:24.626443,0.0,-0.009569377990430672,0.0,-1.0,103.5,104.0,104.0,104.5,7200.0,99.0,11609.0,28292.0,False,False
2317,2022-10-28 10:41:24.728755,0.0,-0.009569377990430672,0.0,-1.0,103.5,104.0,104.0,104.5,7200.0,101.0,11609.0,28292.0,False,False
2317,2022-10-28 10:41:26.423474,0.0,-0.009569377990430672,0.0,-1.0,103.5,104.0,104.0,104.5,7200.0,101.0,11609.0,28292.0,False,False
2317,2022-10-28 10:41:27.067995,0.0,-0.009569377990430672,0.0,-1.0,103.5,104.0,104.0,104.5,7200.0,101.0,11609.0,28292.0,False,False
2317,2022-10-28 10:41:27.107509,0.0,-0.009569377990430672,0.0,-1.0,103.5,104.0,104.0,104.5,7200.0,101.0,11609.0,28292.0,False,False
2317,2022-10-28 10:41:27.284950,0.0,-0.009569377990430672,0.0,-1.0,103.5,104.0,104.0,104.5,7200.0,100.0,11609.0,28292.0,False,False
2317,2022-10-28 10:41:28.973799,0.0,-0.009569377990430672,0.0,-1.0,103.5,104.0,104.0,104.5,7200.0,100.0,11609.0,28292.0,True,True
2317,2022-10-28 10:41:29.823289,0.0,-0.009569377990430672,0.0,-1.0,103.5,104.0,104.0,104.5,7200.0,104.0,11609.0,28292.0,False,False
2317,2022-10-28 10:41:33.734038,0.0,-0.009569377990430672,0.0,-1.0,103.5,104.0,104.0,104.5,7200.0,105.0,11609.0,28292.0,False,False
2317,2022-10-28 10:41:38.245979,0.0,-0.009569377990430672,0.0,-1.0,103.5,104.0,104.0,104.5,7200.0,105.0,11609.0,28292.0,False,False
2317,2022-10-28 10:41:38.265418,0.0,-0.009569377990430672,0.0,-1.0,103.5,104.0,104.0,104.5,7200.0,111.0,11609.0,28292.0,False,False
2317,2022-10-28 10:41:39.013083,0.0,-0.009569377990430672,0.0,-1.0,103.5,104.0,104.0,104.5,7200.0,111.0,11309.0,28292.0,True,True
2317,2022-10-28 10:41:39.215516,0.0,-0.009569377990430672,0.0,-1.0,103.5,104.0,104.0,104.5,7200.0,110.0,11309.0,28292.0,False,False
2317,2022-10-28 10:41:39.496634,0.0,-0.009569377990430672,0.0,-1.0,103.5,104.0,104.0,104.5,7199.0,110.0,11309.0,28292.0,False,False
2317,2022-10-28 10:41:42.603061,0.0,-0.009569377990430672,0.0,-1.0,103.5,104.0,104.0,104.5,7199.0,150.0,11309.0,28292.0,False,False
2317,2022-10-28 10:41:43.410286,0.0,-0.009569377990430672,0.0,-1.0,103.5,104.0,104.0,104.5,7199.0,150.0,11309.0,28292.0,False,False
2317,2022-10-28 10:41:43.590681,0.0,-0.009569377990430672,0.0,-1.0,103.5,104.0,104.0,104.5,7199.0,150.0,11309.0,28292.0,False,False
2317,2022-10-28 10:41:44.664582,0.0,-0.009569377990430672,0.0,-1.0,103.5,104.0,104.0,104.5,7199.0,149.0,11309.0,28292.0,False,False
2317,2022-10-28 10:41:47.028341,0.0,-0.009569377990430672,0.0,-1.0,103.5,104.0,104.0,104.5,7198.0,149.0,11309.0,28292.0,False,False
2317,2022-10-28 10:41:48.929530,0.0,-0.009569377990430672,0.0,-1.0,103.5,104.0,104.0,104.5,7198.0,150.0,11309.0,28292.0,False,False
2317,2022-10-28 10:41:49.052500,0.0,-0.009569377990430672,0.0,-1.0,103.5,104.0,104.0,104.5,7198.0,150.0,11359.0,28292.0,True,True
2317,2022-10-28 10:41:49.944997,0.0,-0.009569377990430672,0.0,-1.0,103.5,104.0,104.0,104.5,7198.0,150.0,11359.0,28292.0,False,False
2317,2022-10-28 10:41:50.283742,0.0,-0.009569377990430672,0.0,-1.0,103.5,104.0,104.0,104.5,7198.0,150.0,11359.0,28292.0,False,False
2317,2022-10-28 10:41:50.318492,0.0,-0.009569377990430672,0.0,-1.0,103.5,104.0,104.0,104.5,7198.0,149.0,11359.0,28292.0,False,False
2317,2022-10-28 10:41:51.621068,0.0,-0.009569377990430672,0.0,-1.0,103.5,104.0,104.0,104.5,7198.0,149.0,11359.0,28292.0,False,False
2317,2022-10-28 10:41:51.761285,0.0,-0.009569377990430672,0.0,-1.0,103.5,104.0,104.0,104.5,7198.0,150.0,11359.0,28292.0,False,False
2317,2022-10-28 10:41:51.908117,0.0,-0.009569377990430672,0.0,-1.0,103.5,104.0,104.0,104.5,7198.0,150.0,11359.0,28292.0,False,False
2317,2022-10-28 10:41:52.116717,0.0,-0.009569377990430672,0.0,-1.0,103.5,104.0,104.0,104.5,7198.0,121.0,11359.0,28292.0,False,False
2317,2022-10-28 10:41:52.209080,0.0,-0.009569377990430672,0.0,-1.0,103.5,104.0,104.0,104.5,7198.0,121.0,11359.0,28292.0,False,False
2317,2022-10-28 10:41:52.331816,0.0,-0.009569377990430672,0.0,-1.0,103.5,104.0,104.0,104.5,7198.0,121.0,11359.0,28292.0,False,False
2317,2022-10-28 10:41:52.446269,0.0,-0.009569377990430672,0.0,-1.0,103.5,104.0,104.0,104.5,7198.0,128.0,11359.0,28292.0,False,False
2317,2022-10-28 10:41:52.937881,0.0,-0.009569377990430672,0.0,-1.0,103.5,104.0,104.0,104.5,7198.0,128.0,11359.0,28292.0,False,False
2317,2022-10-28 10:41:53.091065,0.0,-0.009569377990430672,0.0,-1.0,103.5,104.0,104.0,104.5,7198.0,128.0,11359.0,28292.0,False,False
2317,2022-10-28 10:41:53.178499,0.0,-0.009569377990430672,0.0,-1.0,103.5,104.0,104.0,104.5,7199.0,128.0,11359.0,28292.0,False,False
2317,2022-10-28 10:41:55.936543,0.0,-0.009569377990430672,0.0,-1.0,103.5,104.0,104.0,104.5,7199.0,128.0,11359.0,28292.0,False,False
2317,2022-10-28 10:41:56.305406,0.0,-0.009569377990430672,0.0,-1.0,103.5,104.0,104.0,104.5,7199.0,129.0,11359.0,28292.0,False,False
2317,2022-10-28 10:41:57.367526,0.0,-0.009569377990430672,0.0,-1.0,103.5,104.0,104.0,104.5,7199.0,129.0,11359.0,28292.0,False,False
2317,2022-10-28 10:41:58.356661,0.0,-0.009569377990430672,0.0,-1.0,103.5,104.0,104.0,104.5,7198.0,129.0,11359.0,28292.0,False,False
2317,2022-10-28 10:41:59.094007,0.0,-0.009569377990430672,0.0,-1.0,103.5,104.0,104.0,104.5,7198.0,129.0,11369.0,28292.0,True,True
2317,2022-10-28 10:41:59.146248,0.0,-0.009569377990430672,0.0,-1.0,103.5,104.0,104.0,104.5,7199.0,129.0,11369.0,28292.0,False,False
2317,2022-10-28 10:41:59.353515,0.0,-0.009569377990430672,0.0,-1.0,103.5,104.0,104.0,104.5,7199.0,130.0,11369.0,28292.0,False,False
2317,2022-10-28 10:42:00.320353,0.0,-0.009569377990430672,0.0,-1.0,103.5,104.0,104.0,104.5,7199.0,131.0,11369.0,28292.0,False,False
2317,2022-10-28 10:42:01.648447,0.0,-0.009569377990430672,0.0,-1.0,103.5,104.0,104.0,104.5,7199.0,131.0,11369.0,28292.0,False,False
2317,2022-10-28 10:42:02.540271,0.0,-0.009569377990430672,0.0,-1.0,103.5,104.0,104.0,104.5,7199.0,132.0,11369.0,28292.0,False,False
2317,2022-10-28 10:42:03.396316,0.0,-0.009569377990430672,0.0,-1.0,103.5,104.0,104.0,104.5,7199.0,135.0,11369.0,28292.0,False,False
2317,2022-10-28 10:42:04.962625,0.0,-0.009569377990430672,0.0,-1.0,103.5,104.0,104.0,104.5,7199.0,133.0,11369.0,28292.0,False,False
2317,2022-10-28 10:42:05.045783,0.0,-0.009569377990430672,0.0,-1.0,103.5,104.0,104.0,104.5,7199.0,132.0,11369.0,28292.0,False,False
2317,2022-10-28 10:42:08.971701,0.0,-0.009569377990430672,0.0,-1.0,103.5,104.0,104.0,104.5,7199.0,138.0,11369.0,28292.0,False,False
2317,2022-10-28 10:42:09.138968,0.0,-0.009569377990430672,0.0,-1.0,103.5,104.0,104.0,104.5,7199.0,138.0,11319.0,28292.0,True,True
2317,2022-10-28 10:42:10.389036,0.0,-0.009569377990430672,0.0,-1.0,103.5,104.0,104.0,104.5,7199.0,172.0,11319.0,28292.0,False,False
2317,2022-10-28 10:42:11.309243,0.0,-0.009569377990430672,0.0,-1.0,103.5,104.0,104.0,104.5,7199.0,172.0,11319.0,28292.0,False,False
2317,2022-10-28 10:42:13.570231,0.0,-0.009569377990430672,0.0,-1.0,103.5,104.0,104.0,104.5,7199.0,171.0,11319.0,28292.0,False,False
2317,2022-10-28 10:42:13.638213,0.0,-0.009569377990430672,0.0,-1.0,103.5,104.0,104.0,104.5,7227.0,171.0,11319.0,28292.0,False,False
2317,2022-10-28 10:42:14.346250,0.0,-0.009569377990430672,0.0,-1.0,103.5,104.0,104.0,104.5,7227.0,170.0,11319.0,28292.0,False,False
2317,2022-10-28 10:42:15.302623,0.0,-0.009569377990430672,0.0,-1.0,103.5,104.0,104.0,104.5,7227.0,170.0,11319.0,28292.0,False,False
2317,2022-10-28 10:42:15.619295,0.0,-0.009569377990430672,0.0,-1.0,103.5,104.0,104.0,104.5,7227.0,171.0,11319.0,28292.0,False,False
2317,2022-10-28 10:42:15.797510,0.0,-0.009569377990430672,0.0,-1.0,103.5,104.0,104.0,104.5,7227.0,171.0,11319.0,28292.0,False,False
2317,2022-10-28 10:42:18.995862,0.0,-0.009569377990430672,0.0,-1.0,103.5,104.0,104.0,104.5,7226.0,170.0,11319.0,28292.0,False,False
2317,2022-10-28 10:42:19.190324,0.0,-0.009569377990430672,0.0,-1.0,103.5,104.0,104.0,104.5,7226.0,170.0,11169.0,28242.0,True,True
2317,2022-10-28 10:42:20.334251,0.0,-0.009569377990430672,0.0,-1.0,103.5,104.0,104.0,104.5,7226.0,169.0,11169.0,28242.0,False,False
2317,2022-10-28 10:42:20.407659,0.0,-0.009569377990430672,0.0,-1.0,103.5,104.0,104.0,104.5,7226.0,168.0,11169.0,28242.0,False,False
2317,2022-10-28 10:42:22.053434,0.0,-0.009569377990430672,0.0,-1.0,103.5,104.0,104.0,104.5,7226.0,168.0,11169.0,28242.0,False,False
2317,2022-10-28 10:42:22.462680,0.0,-0.009569377990430672,0.0,-1.0,103.5,104.0,104.0,104.5,7226.0,168.0,11169.0,28242.0,False,False
2317,2022-10-28 10:42:22.776705,0.0,-0.009569377990430672,0.0,-1.0,103.5,104.0,104.0,104.5,7225.0,168.0,11169.0,28242.0,False,False
2317,2022-10-28 10:42:22.831475,0.0,-0.009569377990430672,0.0,-1.0,103.5,104.0,104.0,104.5,7225.0,167.0,11169.0,28242.0,False,False
2317,2022-10-28 10:42:22.909678,0.0,-0.009569377990430672,0.0,-1.0,103.5,104.0,104.0,104.5,7253.0,167.0,11169.0,28242.0,False,False
2317,2022-10-28 10:42:25.404285,0.0,-0.009569377990430672,0.0,-1.0,103.5,104.0,104.0,104.5,7253.0,167.0,11169.0,28242.0,False,False
2317,2022-10-28 10:42:25.448828,0.0,-0.009569377990430672,0.0,-1.0,103.5,104.0,104.0,104.5,7253.0,167.0,11169.0,28242.0,False,False
2317,2022-10-28 10:42:26.054647,0.0,-0.009569377990430672,0.0,-1.0,103.5,104.0,104.0,104.5,7273.0,167.0,11169.0,28242.0,False,False
2317,2022-10-28 10:42:26.236987,0.0,-0.009569377990430672,0.0,-1.0,103.5,104.0,104.0,104.5,7273.0,167.0,11169.0,28242.0,False,False
2317,2022-10-28 10:42:28.174120,0.0,-0.009569377990430672,0.0,-1.0,103.5,104.0,104.0,104.5,7279.0,167.0,11169.0,28242.0,False,False
2317,2022-10-28 10:42:29.229463,0.0,-0.009569377990430672,0.0,-1.0,103.5,104.0,104.0,104.5,7279.0,167.0,11169.0,28367.0,True,True
2317,2022-10-28 10:42:29.445684,0.0,-0.009569377990430672,0.0,-1.0,103.5,104.0,104.0,104.5,7278.0,167.0,11169.0,28367.0,False,False
2317,2022-10-28 10:42:29.825215,0.0,-0.009569377990430672,0.0,-1.0,103.5,104.0,104.0,104.5,7278.0,167.0,11169.0,28367.0,False,False
2317,2022-10-28 10:42:30.434740,0.0,-0.009569377990430672,0.0,-1.0,103.5,104.0,104.0,104.5,7278.0,167.0,11169.0,28367.0,False,False
2317,2022-10-28 10:42:30.528322,0.0,-0.009569377990430672,0.0,-1.0,103.5,104.0,104.0,104.5,7278.0,167.0,11169.0,28367.0,False,False
2317,2022-10-28 10:42:37.048642,0.0,-0.009569377990430672,0.0,-1.0,103.5,104.0,104.0,104.5,7279.0,167.0,11169.0,28367.0,False,False
2317,2022-10-28 10:42:37.383246,0.0,-0.009569377990430672,0.0,-1.0,103.5,104.0,104.0,104.5,7279.0,166.0,11169.0,28367.0,False,False
2317,2022-10-28 10:42:38.438190,0.0,-0.009569377990430672,0.0,-1.0,103.5,104.0,104.0,104.5,7279.0,170.0,11169.0,28367.0,False,False
2317,2022-10-28 10:42:39.267611,0.0,-0.009569377990430672,0.0,-1.0,103.5,104.0,104.0,104.5,7279.0,170.0,11216.0,28202.0,True,True
2317,2022-10-28 10:42:43.746571,0.0,-0.009569377990430672,0.0,-1.0,103.5,104.0,104.0,104.5,7279.0,170.0,11216.0,28202.0,False,False
2317,2022-10-28 10:42:45.667648,0.0,-0.009569377990430672,0.0,-1.0,103.5,104.0,104.0,104.5,7279.0,170.0,11216.0,28202.0,False,False
2317,2022-10-28 10:42:46.417556,0.0,-0.009569377990430672,0.0,-1.0,103.5,104.0,104.0,104.5,7279.0,170.0,11216.0,28202.0,False,False
2317,2022-10-28 10:42:46.503128,0.0,-0.009569377990430672,0.0,-1.0,103.5,104.0,104.0,104.5,7279.0,170.0,11216.0,28202.0,False,False
2317,2022-10-28 10:42:47.148640,0.0,-0.009569377990430672,0.0,-1.0,103.5,104.0,104.0,104.5,7279.0,180.0,11216.0,28202.0,False,False
2317,2022-10-28 10:42:49.309795,0.0,-0.009569377990430672,0.0,-1.0,103.5,104.0,104.0,104.5,7279.0,180.0,11216.0,28252.0,True,True
2317,2022-10-28 10:42:49.433458,0.0,-0.009569377990430672,0.0,-1.0,103.5,104.0,104.0,104.5,7279.0,180.0,11216.0,28252.0,False,False
2317,2022-10-28 10:42:51.060709,0.0,-0.009569377990430672,0.0,-1.0,103.5,104.0,104.0,104.5,7278.0,180.0,11216.0,28252.0,False,False
2317,2022-10-28 10:42:51.087191,0.0,-0.009569377990430672,0.0,-1.0,103.5,104.0,104.0,104.5,7278.0,179.0,11216.0,28252.0,False,False
2317,2022-10-28 10:42:51.822616,0.0,-0.009569377990430672,0.0,-1.0,103.5,104.0,104.0,104.5,7278.0,179.0,11216.0,28252.0,False,False
2317,2022-10-28 10:42:51.923983,0.0,-0.009569377990430672,0.0,-1.0,103.5,104.0,104.0,104.5,7278.0,179.0,11216.0,28252.0,False,False
2317,2022-10-28 10:42:53.336037,0.0,-0.009569377990430672,0.0,-1.0,103.5,104.0,104.0,104.5,7278.0,180.0,11216.0,28252.0,False,False
2317,2022-10-28 10:42:54.177988,0.0,-0.009569377990430672,0.0,-1.0,103.5,104.0,104.0,104.5,7277.0,180.0,11216.0,28252.0,False,False
2317,2022-10-28 10:42:55.034337,0.0,-0.009569377990430672,0.0,-1.0,103.5,104.0,104.0,104.5,7257.0,180.0,11216.0,28252.0,False,False
2317,2022-10-28 10:42:57.500493,0.0,-0.009569377990430672,0.0,-1.0,103.5,104.0,104.0,104.5,7258.0,180.0,11216.0,28252.0,False,False
2317,2022-10-28 10:42:59.348925,0.0,-0.009569377990430672,0.0,-1.0,103.5,104.0,104.0,104.5,7258.0,180.0,11235.0,28252.0,True,True
2317,2022-10-28 10:43:00.462083,0.0,-0.009569377990430672,0.0,-1.0,103.5,104.0,104.0,104.5,7248.0,180.0,11235.0,28252.0,False,False
2317,2022-10-28 10:43:00.889699,0.0,-0.009569377990430672,0.0,-1.0,103.5,104.0,104.0,104.5,7248.0,180.0,11235.0,28252.0,False,False
2317,2022-10-28 10:43:01.413915,0.0,-0.009569377990430672,0.0,-1.0,103.5,104.0,104.0,104.5,7248.0,179.0,11235.0,28252.0,False,False
2317,2022-10-28 10:43:01.551993,0.0,-0.009569377990430672,0.0,-1.0,103.5,104.0,104.0,104.5,7248.0,179.0,11235.0,28252.0,False,False
2317,2022-10-28 10:43:03.659619,0.0,-0.009569377990430672,0.0,-1.0,103.5,104.0,104.0,104.5,7248.0,179.0,11235.0,28252.0,False,False
2317,2022-10-28 10:43:05.188867,0.0,-0.009569377990430672,0.0,-1.0,103.5,104.0,104.0,104.5,7248.0,179.0,11235.0,28252.0,False,False
2317,2022-10-28 10:43:05.571500,0.0,-0.009569377990430672,0.0,-1.0,103.5,104.0,104.0,104.5,7251.0,179.0,11235.0,28252.0,False,False
2317,2022-10-28 10:43:06.047462,0.0,-0.009569377990430672,0.0,-1.0,103.5,104.0,104.0,104.5,7251.0,179.0,11235.0,28252.0,False,False
2317,2022-10-28 10:43:06.728114,0.0,-0.009569377990430672,0.0,-1.0,103.5,104.0,104.0,104.5,7251.0,179.0,11235.0,28252.0,False,False
2317,2022-10-28 10:43:08.593086,0.0,-0.009569377990430672,0.0,-1.0,103.5,104.0,104.0,104.5,7251.0,179.0,12534.0,28255.0,False,True
2317,2022-10-28 10:43:09.022982,0.0,-0.009569377990430672,0.0,-1.0,103.5,104.0,104.0,104.5,7251.0,179.0,12534.0,28255.0,False,False
2317,2022-10-28 10:43:09.885650,0.0,-0.009569377990430672,0.0,-1.0,103.5,104.0,104.0,104.5,7251.0,184.0,12534.0,28255.0,False,False
2317,2022-10-28 10:43:11.130859,0.0,-0.009569377990430672,0.0,-1.0,103.5,104.0,104.0,104.5,7251.0,185.0,12534.0,28255.0,False,False
2317,2022-10-28 10:43:11.172564,0.0,-0.009569377990430672,0.0,-1.0,103.5,104.0,104.0,104.5,7252.0,185.0,12534.0,28255.0,False,False
2317,2022-10-28 10:43:11.746476,0.0,-0.009569377990430672,0.0,-1.0,103.5,104.0,104.0,104.5,7252.0,186.0,12534.0,28255.0,False,False
2317,2022-10-28 10:43:12.262464,0.0,-0.009569377990430672,0.0,-1.0,103.5,104.0,104.0,104.5,7252.0,186.0,12534.0,28255.0,False,False
2317,2022-10-28 10:43:14.192083,0.0,-0.009569377990430672,0.0,-1.0,103.5,104.0,104.0,104.5,7252.0,186.0,12534.0,28255.0,False,False
2317,2022-10-28 10:43:16.135482,0.0,-0.009569377990430672,0.0,-1.0,103.5,104.0,104.0,104.5,7252.0,187.0,12534.0,28255.0,False,False
2317,2022-10-28 10:43:16.752744,0.0,-0.009569377990430672,0.0,-1.0,103.5,104.0,104.0,104.5,7252.0,186.0,12534.0,28255.0,False,False
2317,2022-10-28 10:43:18.129321,0.0,-0.009569377990430672,0.0,-1.0,103.5,104.0,104.0,104.5,7251.0,186.0,12534.0,28255.0,False,False
2317,2022-10-28 10:43:18.186746,0.0,-0.009569377990430672,0.0,-1.0,103.5,104.0,104.0,104.5,7251.0,186.0,12534.0,28255.0,False,False
2317,2022-10-28 10:43:18.208218,0.0,-0.009569377990430672,0.0,-1.0,103.5,104.0,104.0,104.5,7251.0,186.0,12534.0,28255.0,False,False
2317,2022-10-28 10:43:18.631207,0.0,-0.009569377990430672,0.0,-1.0,103.5,104.0,104.0,104.5,7251.0,186.0,11535.0,28255.0,True,True
2317,2022-10-28 10:43:20.429426,0.0,-0.009569377990430672,0.0,-1.0,103.5,104.0,104.0,104.5,7250.0,186.0,11535.0,28255.0,False,False
2317,2022-10-28 10:43:20.444890,0.0,-0.009569377990430672,0.0,-1.0,103.5,104.0,104.0,104.5,7250.0,186.0,11535.0,28255.0,False,False
2317,2022-10-28 10:43:21.167048,0.0,-0.009569377990430672,0.0,-1.0,103.5,104.0,104.0,104.5,7250.0,187.0,11535.0,28255.0,False,False
2317,2022-10-28 10:43:21.221643,0.0,-0.009569377990430672,0.0,-1.0,103.5,104.0,104.0,104.5,7250.0,187.0,11535.0,28255.0,False,False
2317,2022-10-28 10:43:22.199425,0.0,-0.009569377990430672,0.0,-1.0,103.5,104.0,104.0,104.5,7250.0,202.0,11535.0,28255.0,False,False
2317,2022-10-28 10:43:22.485506,0.0,-0.009569377990430672,0.0,-1.0,103.5,104.0,104.0,104.5,7246.0,202.0,11535.0,28255.0,False,False
2317,2022-10-28 10:43:24.457149,0.0,-0.009569377990430672,0.0,-1.0,103.5,104.0,104.0,104.5,7246.0,201.0,11535.0,28255.0,False,False
2317,2022-10-28 10:43:24.732051,0.0,-0.009569377990430672,0.0,-1.0,103.5,104.0,104.0,104.5,7246.0,202.0,11535.0,28255.0,False,False
2317,2022-10-28 10:43:27.583488,0.0,-0.009569377990430672,0.0,-1.0,103.5,104.0,104.0,104.5,7246.0,202.0,11535.0,28255.0,False,False
2317,2022-10-28 10:43:27.928909,0.0,-0.009569377990430672,0.0,-1.0,103.5,104.0,104.0,104.5,7246.0,212.0,11535.0,28255.0,False,False
2317,2022-10-28 10:43:28.668279,0.0,-0.009569377990430672,0.0,-1.0,103.5,104.0,104.0,104.5,7246.0,212.0,11213.0,28255.0,True,True
2317,2022-10-28 10:43:31.141270,0.0,-0.009569377990430672,0.0,-1.0,103.5,104.0,104.0,104.5,7245.0,212.0,11213.0,28255.0,False,False
2317,2022-10-28 10:43:32.381037,0.0,-0.009569377990430672,0.0,-1.0,103.5,104.0,104.0,104.5,7245.0,212.0,11213.0,28255.0,False,False
2317,2022-10-28 10:43:33.346777,0.0,-0.009569377990430672,0.0,-1.0,103.5,104.0,104.0,104.5,7245.0,213.0,11213.0,28255.0,False,False
2317,2022-10-28 10:43:33.825971,0.0,-0.009569377990430672,0.0,-1.0,103.5,104.0,104.0,104.5,7245.0,214.0,11213.0,28255.0,False,False
2317,2022-10-28 10:43:35.281998,0.0,-0.009569377990430672,0.0,-1.0,103.5,104.0,104.0,104.5,7245.0,215.0,11213.0,28255.0,False,False
2317,2022-10-28 10:43:40.027803,0.0,-0.009569377990430672,0.0,-1.0,103.5,104.0,104.0,104.5,7245.0,215.0,11213.0,28255.0,False,False
2317,2022-10-28 10:43:41.988953,0.0,-0.009569377990430672,0.0,-1.0,103.5,104.0,104.0,104.5,7245.0,215.0,11213.0,28255.0,False,False
2317,2022-10-28 10:43:42.067469,0.0,-0.009569377990430672,0.0,-1.0,103.5,104.0,104.0,104.5,7248.0,215.0,11213.0,28255.0,False,False
2317,2022-10-28 10:43:44.360502,0.0,-0.009569377990430672,0.0,-1.0,103.5,104.0,104.0,104.5,7249.0,215.0,11213.0,28255.0,False,False
2317,2022-10-28 10:43:45.149227,0.0,-0.009569377990430672,0.0,-1.0,103.5,104.0,104.0,104.5,7249.0,215.0,11213.0,28255.0,False,False
2317,2022-10-28 10:43:48.496114,0.0,-0.009569377990430672,0.0,-1.0,103.5,104.0,104.0,104.5,7249.0,214.0,11213.0,28255.0,False,False
2317,2022-10-28 10:43:48.756783,0.0,-0.009569377990430672,0.0,-1.0,103.5,104.0,104.0,104.5,7249.0,214.0,11213.0,28255.0,True,True
2317,2022-10-28 10:43:48.984416,0.0,-0.009569377990430672,0.0,-1.0,103.5,104.0,104.0,104.5,7249.0,208.0,11213.0,28255.0,False,False
2317,2022-10-28 10:43:49.172387,0.0,-0.009569377990430672,0.0,-1.0,103.5,104.0,104.0,104.5,7249.0,207.0,11213.0,28255.0,False,False
2317,2022-10-28 10:43:55.093156,0.0,-0.009569377990430672,0.0,-1.0,103.5,104.0,104.0,104.5,7248.0,207.0,11213.0,28255.0,False,False
2317,2022-10-28 10:43:58.136545,0.0,-0.009569377990430672,0.0,-1.0,103.5,104.0,104.0,104.5,7248.0,207.0,11213.0,28255.0,False,False
2317,2022-10-28 10:44:07.591507,0.0,-0.009569377990430672,0.0,-1.0,103.5,104.0,104.0,104.5,7248.0,208.0,11213.0,28255.0,False,False
2317,2022-10-28 10:44:08.855565,0.0,-0.009569377990430672,0.0,-1.0,103.5,104.0,104.0,104.5,7248.0,208.0,11214.0,28255.0,True,True
