symbol,datetime,NaOb_r,NbOa_r,NaOb_s,NbOa_s,bid1,ask1,odd_bid1,odd_ask1,bidQty1,askQty1,odd_bidQty1,odd_askQty1,simulate,triggerbyOdd
2330,2022-10-28 10:32:34.126527,0.0,-0.002624671916010457,0.0,-1.0,380.0,380.5,380.5,381.0,1494.0,122.0,22279.0,8583.0,True,True
2330,2022-10-28 10:32:36.545284,0.0,-0.002624671916010457,0.0,-1.0,380.0,380.5,380.5,381.0,1495.0,122.0,22279.0,8583.0,False,False
2330,2022-10-28 10:32:37.357758,0.0,-0.002624671916010457,0.0,-1.0,380.0,380.5,380.5,381.0,1500.0,122.0,22279.0,8583.0,False,False
2330,2022-10-28 10:32:39.804813,0.0,-0.002624671916010457,0.0,-1.0,380.0,380.5,380.5,381.0,1500.0,121.0,22279.0,8583.0,False,False
2330,2022-10-28 10:32:42.634226,0.0,-0.002624671916010457,0.0,-1.0,380.0,380.5,380.5,381.0,1500.0,141.0,22279.0,8583.0,False,False
2330,2022-10-28 10:32:42.686275,0.0,-0.002624671916010457,0.0,-1.0,380.0,380.5,380.5,381.0,1500.0,146.0,22279.0,8583.0,False,False
2330,2022-10-28 10:32:43.223657,0.0,-0.002624671916010457,0.0,-1.0,380.0,380.5,380.5,381.0,1500.0,147.0,22279.0,8583.0,False,False
2330,2022-10-28 10:32:44.169546,0.0,-0.002624671916010457,0.0,-1.0,380.0,380.5,380.5,381.0,1500.0,147.0,22268.0,8083.0,True,True
2330,2022-10-28 10:32:46.816605,0.0,-0.002624671916010457,0.0,-1.0,380.0,380.5,380.5,381.0,1500.0,147.0,22268.0,8083.0,False,False
2330,2022-10-28 10:32:47.855486,0.0,-0.002624671916010457,0.0,-1.0,380.0,380.5,380.5,381.0,1499.0,147.0,22268.0,8083.0,False,False
2330,2022-10-28 10:32:48.117475,0.0,-0.002624671916010457,0.0,-1.0,380.0,380.5,380.5,381.0,1499.0,147.0,22268.0,8083.0,False,False
2330,2022-10-28 10:32:48.410859,0.0,-0.002624671916010457,0.0,-1.0,380.0,380.5,380.5,381.0,1500.0,147.0,22268.0,8083.0,False,False
2330,2022-10-28 10:32:48.762619,0.0,-0.002624671916010457,0.0,-1.0,380.0,380.5,380.5,381.0,1510.0,147.0,22268.0,8083.0,False,False
2330,2022-10-28 10:32:51.307681,0.0,-0.002624671916010457,0.0,-1.0,380.0,380.5,380.5,381.0,1510.0,146.0,22268.0,8083.0,False,False
2330,2022-10-28 10:32:51.403794,0.0,-0.002624671916010457,0.0,-1.0,380.0,380.5,380.5,381.0,1509.0,146.0,22268.0,8083.0,False,False
2330,2022-10-28 10:32:52.009210,0.0,-0.002624671916010457,0.0,-1.0,380.0,380.5,380.5,381.0,1510.0,146.0,22268.0,8083.0,False,False
2330,2022-10-28 10:32:54.204539,0.0,-0.002624671916010457,0.0,-1.0,380.0,380.5,380.5,381.0,1510.0,146.0,22098.0,8098.0,True,True
2330,2022-10-28 10:32:55.222462,0.0,-0.002624671916010457,0.0,-1.0,380.0,380.5,380.5,381.0,1510.0,145.0,22098.0,8098.0,False,False
2330,2022-10-28 10:32:58.094940,0.0,-0.002624671916010457,0.0,-1.0,380.0,380.5,380.5,381.0,1510.0,145.0,22098.0,8098.0,False,False
2330,2022-10-28 10:32:59.219417,0.0,-0.002624671916010457,0.0,-1.0,380.0,380.5,380.5,381.0,1510.0,145.0,22098.0,8098.0,False,False
2330,2022-10-28 10:32:59.413220,0.0,-0.002624671916010457,0.0,-1.0,380.0,380.5,380.5,381.0,1510.0,145.0,22098.0,8098.0,False,False
2330,2022-10-28 10:33:01.394011,0.0,-0.002624671916010457,0.0,-1.0,380.0,380.5,380.5,381.0,1510.0,145.0,22098.0,8098.0,False,False
2330,2022-10-28 10:33:01.464844,0.0,-0.002624671916010457,0.0,-1.0,380.0,380.5,380.5,381.0,1510.0,145.0,22098.0,8098.0,False,False
2330,2022-10-28 10:33:01.947967,0.0,-0.002624671916010457,0.0,-1.0,380.0,380.5,380.5,381.0,1510.0,145.0,22098.0,8098.0,False,False
2330,2022-10-28 10:33:02.339512,0.0,-0.002624671916010457,0.0,-1.0,380.0,380.5,380.5,381.0,1510.0,145.0,22098.0,8098.0,False,False
2330,2022-10-28 10:33:04.242635,0.0,-0.002624671916010457,0.0,-1.0,380.0,380.5,380.5,381.0,1510.0,145.0,22161.0,8036.0,True,True
2330,2022-10-28 10:33:04.312893,0.0,-0.002624671916010457,0.0,-1.0,380.0,380.5,380.5,381.0,1510.0,145.0,22161.0,8036.0,False,False
2330,2022-10-28 10:33:05.006104,0.0,-0.002624671916010457,0.0,-1.0,380.0,380.5,380.5,381.0,1512.0,145.0,22161.0,8036.0,False,False
2330,2022-10-28 10:33:05.967241,0.0,-0.002624671916010457,0.0,-1.0,380.0,380.5,380.5,381.0,1511.0,145.0,22161.0,8036.0,False,False
2330,2022-10-28 10:33:06.637428,0.0,-0.002624671916010457,0.0,-1.0,380.0,380.5,380.5,381.0,1511.0,145.0,22161.0,8036.0,False,False
2330,2022-10-28 10:33:07.113464,0.0,-0.002624671916010457,0.0,-1.0,380.0,380.5,380.5,381.0,1511.0,145.0,22161.0,8036.0,False,False
2330,2022-10-28 10:33:07.884131,0.0,-0.002624671916010457,0.0,-1.0,380.0,380.5,380.5,381.0,1511.0,145.0,22161.0,8036.0,False,False
2330,2022-10-28 10:33:09.116109,0.0,-0.002624671916010457,0.0,-1.0,380.0,380.5,380.5,381.0,1511.0,145.0,22161.0,8036.0,False,False
2330,2022-10-28 10:33:09.199519,0.0,-0.002624671916010457,0.0,-1.0,380.0,380.5,380.5,381.0,1513.0,145.0,22161.0,8036.0,False,False
2330,2022-10-28 10:33:09.514114,0.0,-0.002624671916010457,0.0,-1.0,380.0,380.5,380.5,381.0,1512.0,145.0,22161.0,8036.0,False,False
2330,2022-10-28 10:33:09.617165,0.0,-0.002624671916010457,0.0,-1.0,380.0,380.5,380.5,381.0,1511.0,145.0,22161.0,8036.0,False,False
2330,2022-10-28 10:33:09.862863,0.0,-0.002624671916010457,0.0,-1.0,380.0,380.5,380.5,381.0,1511.0,145.0,22161.0,8036.0,False,False
2330,2022-10-28 10:33:10.005709,0.0,-0.002624671916010457,0.0,-1.0,380.0,380.5,380.5,381.0,1511.0,145.0,22161.0,8036.0,False,False
2330,2022-10-28 10:33:10.297788,0.0,-0.002624671916010457,0.0,-1.0,380.0,380.5,380.5,381.0,1512.0,145.0,22161.0,8036.0,False,False
2330,2022-10-28 10:33:10.430547,0.0,-0.002624671916010457,0.0,-1.0,380.0,380.5,380.5,381.0,1513.0,145.0,22161.0,8036.0,False,False
2330,2022-10-28 10:33:11.549631,0.0,-0.002624671916010457,0.0,-1.0,380.0,380.5,380.5,381.0,1513.0,143.0,22161.0,8036.0,False,False
2330,2022-10-28 10:33:14.305328,0.0,-0.002624671916010457,0.0,-1.0,380.0,380.5,380.5,381.0,1513.0,143.0,22211.0,7158.0,True,True
2330,2022-10-28 10:33:14.415631,0.0,-0.002624671916010457,0.0,-1.0,380.0,380.5,380.5,381.0,1513.0,143.0,22211.0,7158.0,False,False
2330,2022-10-28 10:33:17.940921,0.0,-0.002624671916010457,0.0,-1.0,380.0,380.5,380.5,381.0,1513.0,143.0,22211.0,7158.0,False,False
2330,2022-10-28 10:33:18.103892,0.0,-0.002624671916010457,0.0,-1.0,380.0,380.5,380.5,381.0,1514.0,143.0,22211.0,7158.0,False,False
2330,2022-10-28 10:33:18.510638,0.0,-0.002624671916010457,0.0,-1.0,380.0,380.5,380.5,381.0,1513.0,143.0,22211.0,7158.0,False,False
2330,2022-10-28 10:33:19.078399,0.0,-0.002624671916010457,0.0,-1.0,380.0,380.5,380.5,381.0,1513.0,142.0,22211.0,7158.0,False,False
2330,2022-10-28 10:33:19.191246,0.0,-0.002624671916010457,0.0,-1.0,380.0,380.5,380.5,381.0,1512.0,142.0,22211.0,7158.0,False,False
2330,2022-10-28 10:33:19.358945,0.0,-0.002624671916010457,0.0,-1.0,380.0,380.5,380.5,381.0,1512.0,142.0,22211.0,7158.0,False,False
2330,2022-10-28 10:33:19.449318,0.0,-0.002624671916010457,0.0,-1.0,380.0,380.5,380.5,381.0,1513.0,142.0,22211.0,7158.0,False,False
2330,2022-10-28 10:33:19.726463,0.0,-0.002624671916010457,0.0,-1.0,380.0,380.5,380.5,381.0,1512.0,142.0,22211.0,7158.0,False,False
2330,2022-10-28 10:33:19.756426,0.0,-0.002624671916010457,0.0,-1.0,380.0,380.5,380.5,381.0,1512.0,142.0,22211.0,7158.0,False,False
2330,2022-10-28 10:33:20.171139,0.0,-0.002624671916010457,0.0,-1.0,380.0,380.5,380.5,381.0,1511.0,142.0,22211.0,7158.0,False,False
2330,2022-10-28 10:33:20.471284,0.0,-0.002624671916010457,0.0,-1.0,380.0,380.5,380.5,381.0,1512.0,142.0,22211.0,7158.0,False,False
2330,2022-10-28 10:33:20.692605,0.0,-0.002624671916010457,0.0,-1.0,380.0,380.5,380.5,381.0,1512.0,142.0,22211.0,7158.0,False,False
2330,2022-10-28 10:33:22.103384,0.0,-0.002624671916010457,0.0,-1.0,380.0,380.5,380.5,381.0,1512.0,140.0,22211.0,7158.0,False,False
2330,2022-10-28 10:33:22.472772,0.0,-0.002624671916010457,0.0,-1.0,380.0,380.5,380.5,381.0,1512.0,140.0,22211.0,7158.0,False,False
2330,2022-10-28 10:33:24.348572,0.0,-0.002624671916010457,0.0,-1.0,380.0,380.5,380.5,381.0,1512.0,140.0,22633.0,7133.0,True,True
2330,2022-10-28 10:33:26.673817,0.0,-0.002624671916010457,0.0,-1.0,380.0,380.5,380.5,381.0,1512.0,141.0,22633.0,7133.0,False,False
2330,2022-10-28 10:33:31.828295,0.0,-0.002624671916010457,0.0,-1.0,380.0,380.5,380.5,381.0,1512.0,140.0,22633.0,7133.0,False,False
2330,2022-10-28 10:33:32.217863,0.0,-0.002624671916010457,0.0,-1.0,380.0,380.5,380.5,381.0,1511.0,140.0,22633.0,7133.0,False,False
2330,2022-10-28 10:33:33.200672,0.0,-0.002624671916010457,0.0,-1.0,380.0,380.5,380.5,381.0,1513.0,140.0,22633.0,7133.0,False,False
2330,2022-10-28 10:33:33.255793,0.0,-0.002624671916010457,0.0,-1.0,380.0,380.5,380.5,381.0,1513.0,140.0,22633.0,7133.0,False,False
2330,2022-10-28 10:33:33.607392,0.0,-0.002624671916010457,0.0,-1.0,380.0,380.5,380.5,381.0,1513.0,140.0,22633.0,7133.0,False,False
2330,2022-10-28 10:33:34.264383,0.0,-0.002624671916010457,0.0,-1.0,380.0,380.5,380.5,381.0,1513.0,139.0,22633.0,7133.0,False,False
2330,2022-10-28 10:33:34.392845,0.0,-0.002624671916010457,0.0,-1.0,380.0,380.5,380.5,381.0,1513.0,139.0,22638.0,7088.0,True,True
2330,2022-10-28 10:33:34.449267,0.0,-0.002624671916010457,0.0,-1.0,380.0,380.5,380.5,381.0,1513.0,139.0,22638.0,7088.0,False,False
2330,2022-10-28 10:33:34.551472,0.0,-0.002624671916010457,0.0,-1.0,380.0,380.5,380.5,381.0,1514.0,139.0,22638.0,7088.0,False,False
2330,2022-10-28 10:33:36.575458,0.0,-0.002624671916010457,0.0,-1.0,380.0,380.5,380.5,381.0,1514.0,139.0,22638.0,7088.0,False,False
2330,2022-10-28 10:33:37.185413,0.0,-0.002624671916010457,0.0,-1.0,380.0,380.5,380.5,381.0,1514.0,139.0,22638.0,7088.0,False,False
2330,2022-10-28 10:33:37.212654,0.0,-0.002624671916010457,0.0,-1.0,380.0,380.5,380.5,381.0,1514.0,139.0,22638.0,7088.0,False,False
2330,2022-10-28 10:33:38.014756,0.0,-0.002624671916010457,0.0,-1.0,380.0,380.5,380.5,381.0,1514.0,138.0,22638.0,7088.0,False,False
2330,2022-10-28 10:33:41.159809,0.0,-0.002624671916010457,0.0,-1.0,380.0,380.5,380.5,381.0,1514.0,138.0,22638.0,7088.0,False,False
2330,2022-10-28 10:33:42.084681,0.0,-0.002624671916010457,0.0,-1.0,380.0,380.5,380.5,381.0,1514.0,138.0,22638.0,7088.0,False,False
2330,2022-10-28 10:33:44.428878,0.0,-0.002624671916010457,0.0,-1.0,380.0,380.5,380.5,381.0,1514.0,138.0,22666.0,9237.0,True,True
2330,2022-10-28 10:33:44.709314,0.0,-0.002624671916010457,0.0,-1.0,380.0,380.5,380.5,381.0,1514.0,138.0,22666.0,9237.0,False,False
2330,2022-10-28 10:33:46.298492,0.0,-0.002624671916010457,0.0,-1.0,380.0,380.5,380.5,381.0,1514.0,138.0,22666.0,9237.0,False,False
2330,2022-10-28 10:33:46.317172,0.0,-0.002624671916010457,0.0,-1.0,380.0,380.5,380.5,381.0,1514.0,138.0,22666.0,9237.0,False,False
2330,2022-10-28 10:33:46.499447,0.0,-0.002624671916010457,0.0,-1.0,380.0,380.5,380.5,381.0,1514.0,138.0,22666.0,9237.0,False,False
2330,2022-10-28 10:33:46.611086,0.0,-0.002624671916010457,0.0,-1.0,380.0,380.5,380.5,381.0,1514.0,138.0,22666.0,9237.0,False,False
2330,2022-10-28 10:33:47.553133,0.0,-0.002624671916010457,0.0,-1.0,380.0,380.5,380.5,381.0,1514.0,138.0,22666.0,9237.0,False,False
2330,2022-10-28 10:33:48.017443,0.0,-0.002624671916010457,0.0,-1.0,380.0,380.5,380.5,381.0,1513.0,138.0,22666.0,9237.0,False,False
2330,2022-10-28 10:33:50.914888,0.0,-0.002624671916010457,0.0,-1.0,380.0,380.5,380.5,381.0,1513.0,138.0,22666.0,9237.0,False,False
2330,2022-10-28 10:33:51.031169,0.0,-0.002624671916010457,0.0,-1.0,380.0,380.5,380.5,381.0,1513.0,138.0,22666.0,9237.0,False,False
2330,2022-10-28 10:33:53.400384,0.0,-0.002624671916010457,0.0,-1.0,380.0,380.5,380.5,381.0,1512.0,138.0,22666.0,9237.0,False,False
2330,2022-10-28 10:33:54.469041,0.0,-0.002624671916010457,0.0,-1.0,380.0,380.5,380.5,381.0,1512.0,138.0,22656.0,9182.0,True,True
2330,2022-10-28 10:33:56.805617,0.0,-0.002624671916010457,0.0,-1.0,380.0,380.5,380.5,381.0,1511.0,138.0,22656.0,9182.0,False,False
2330,2022-10-28 10:33:56.995984,0.0,-0.002624671916010457,0.0,-1.0,380.0,380.5,380.5,381.0,1511.0,138.0,22656.0,9182.0,False,False
2330,2022-10-28 10:34:00.889024,0.0,-0.002624671916010457,0.0,-1.0,380.0,380.5,380.5,381.0,1512.0,138.0,22656.0,9182.0,False,False
2330,2022-10-28 10:34:01.707137,0.0,-0.002624671916010457,0.0,-1.0,380.0,380.5,380.5,381.0,1512.0,138.0,22656.0,9182.0,False,False
2330,2022-10-28 10:34:01.798994,0.0,-0.002624671916010457,0.0,-1.0,380.0,380.5,380.5,381.0,1512.0,138.0,22656.0,9182.0,False,False
2330,2022-10-28 10:34:01.845738,0.0,-0.002624671916010457,0.0,-1.0,380.0,380.5,380.5,381.0,1512.0,138.0,22656.0,9182.0,False,False
2330,2022-10-28 10:34:01.973794,0.0,-0.002624671916010457,0.0,-1.0,380.0,380.5,380.5,381.0,1512.0,138.0,22656.0,9182.0,False,False
2330,2022-10-28 10:34:02.102030,0.0,-0.002624671916010457,0.0,-1.0,380.0,380.5,380.5,381.0,1512.0,139.0,22656.0,9182.0,False,False
2330,2022-10-28 10:34:02.227752,0.0,-0.002624671916010457,0.0,-1.0,380.0,380.5,380.5,381.0,1512.0,139.0,22656.0,9182.0,False,False
2330,2022-10-28 10:34:02.390316,0.0,-0.002624671916010457,0.0,-1.0,380.0,380.5,380.5,381.0,1512.0,139.0,22656.0,9182.0,False,False
2330,2022-10-28 10:34:02.506730,0.0,-0.002624671916010457,0.0,-1.0,380.0,380.5,380.5,381.0,1512.0,139.0,22656.0,9182.0,False,False
2330,2022-10-28 10:34:02.548743,0.0,-0.002624671916010457,0.0,-1.0,380.0,380.5,380.5,381.0,1512.0,139.0,22656.0,9182.0,False,False
2330,2022-10-28 10:34:02.727165,0.0,-0.002624671916010457,0.0,-1.0,380.0,380.5,380.5,381.0,1512.0,139.0,22656.0,9182.0,False,False
2330,2022-10-28 10:34:02.794447,0.0,-0.002624671916010457,0.0,-1.0,380.0,380.5,380.5,381.0,1512.0,139.0,22656.0,9182.0,False,False
2330,2022-10-28 10:34:02.898167,0.0,-0.002624671916010457,0.0,-1.0,380.0,380.5,380.5,381.0,1512.0,139.0,22656.0,9182.0,False,False
2330,2022-10-28 10:34:03.115230,0.0,-0.002624671916010457,0.0,-1.0,380.0,380.5,380.5,381.0,1512.0,139.0,22656.0,9182.0,False,False
2330,2022-10-28 10:34:03.268281,0.0,-0.002624671916010457,0.0,-1.0,380.0,380.5,380.5,381.0,1512.0,139.0,22656.0,9182.0,False,False
2330,2022-10-28 10:34:03.296098,0.0,-0.002624671916010457,0.0,-1.0,380.0,380.5,380.5,381.0,1512.0,139.0,22656.0,9182.0,False,False
2330,2022-10-28 10:34:03.496713,0.0,-0.002624671916010457,0.0,-1.0,380.0,380.5,380.5,381.0,1512.0,139.0,22656.0,9182.0,False,False
2330,2022-10-28 10:34:03.619465,0.0,-0.002624671916010457,0.0,-1.0,380.0,380.5,380.5,381.0,1512.0,139.0,22656.0,9182.0,False,False
2330,2022-10-28 10:34:03.697544,0.0,-0.002624671916010457,0.0,-1.0,380.0,380.5,380.5,381.0,1512.0,139.0,22656.0,9182.0,False,False
2330,2022-10-28 10:34:03.797967,0.0,-0.002624671916010457,0.0,-1.0,380.0,380.5,380.5,381.0,1512.0,139.0,22656.0,9182.0,False,False
2330,2022-10-28 10:34:03.912931,0.0,-0.002624671916010457,0.0,-1.0,380.0,380.5,380.5,381.0,1512.0,139.0,22694.0,8501.0,False,True
2330,2022-10-28 10:34:03.915612,0.0,-0.002624671916010457,0.0,-1.0,380.0,380.5,380.5,381.0,1512.0,139.0,22694.0,8501.0,False,False
2330,2022-10-28 10:34:04.323320,0.0,-0.002624671916010457,0.0,-1.0,380.0,380.5,380.5,381.0,1512.0,139.0,22694.0,8501.0,False,False
2330,2022-10-28 10:34:05.266617,0.0,-0.002624671916010457,0.0,-1.0,380.0,380.5,380.5,381.0,1512.0,139.0,22694.0,8501.0,False,False
2330,2022-10-28 10:34:06.200784,0.0,-0.002624671916010457,0.0,-1.0,380.0,380.5,380.5,381.0,1512.0,139.0,22694.0,8501.0,False,False
2330,2022-10-28 10:34:06.494650,0.0,-0.002624671916010457,0.0,-1.0,380.0,380.5,380.5,381.0,1511.0,139.0,22694.0,8501.0,False,False
2330,2022-10-28 10:34:06.866118,0.0,-0.002624671916010457,0.0,-1.0,380.0,380.5,380.5,381.0,1511.0,139.0,22694.0,8501.0,False,False
2330,2022-10-28 10:34:06.960255,0.0,-0.002624671916010457,0.0,-1.0,380.0,380.5,380.5,381.0,1511.0,138.0,22694.0,8501.0,False,False
2330,2022-10-28 10:34:06.960584,0.0,-0.002624671916010457,0.0,-1.0,380.0,380.5,380.5,381.0,1512.0,138.0,22694.0,8501.0,False,False
2330,2022-10-28 10:34:06.961532,0.0,-0.002624671916010457,0.0,-1.0,380.0,380.5,380.5,381.0,1512.0,137.0,22694.0,8501.0,False,False
2330,2022-10-28 10:34:06.964568,0.0,-0.002624671916010457,0.0,-1.0,380.0,380.5,380.5,381.0,1512.0,137.0,22694.0,8501.0,False,False
2330,2022-10-28 10:34:07.043402,0.0,-0.002624671916010457,0.0,-1.0,380.0,380.5,380.5,381.0,1512.0,137.0,22694.0,8501.0,False,False
2330,2022-10-28 10:34:07.648345,0.0,-0.002624671916010457,0.0,-1.0,380.0,380.5,380.5,381.0,1512.0,137.0,22694.0,8501.0,False,False
2330,2022-10-28 10:34:07.685335,0.0,-0.002624671916010457,0.0,-1.0,380.0,380.5,380.5,381.0,1514.0,137.0,22694.0,8501.0,False,False
2330,2022-10-28 10:34:08.258096,0.0,-0.002624671916010457,0.0,-1.0,380.0,380.5,380.5,381.0,1514.0,136.0,22694.0,8501.0,False,False
2330,2022-10-28 10:34:08.342432,0.0,-0.002624671916010457,0.0,-1.0,380.0,380.5,380.5,381.0,1513.0,136.0,22694.0,8501.0,False,False
2330,2022-10-28 10:34:08.511601,0.0,-0.002624671916010457,0.0,-1.0,380.0,380.5,380.5,381.0,1513.0,136.0,22694.0,8501.0,False,False
2330,2022-10-28 10:34:08.860785,0.0,-0.002624671916010457,0.0,-1.0,380.0,380.5,380.5,381.0,1514.0,136.0,22694.0,8501.0,False,False
2330,2022-10-28 10:34:09.151063,0.0,-0.002624671916010457,0.0,-1.0,380.0,380.5,380.5,381.0,1514.0,136.0,22694.0,8501.0,False,False
2330,2022-10-28 10:34:10.686901,0.0,-0.002624671916010457,0.0,-1.0,380.0,380.5,380.5,381.0,1515.0,136.0,22694.0,8501.0,False,False
2330,2022-10-28 10:34:11.865108,0.0,-0.002624671916010457,0.0,-1.0,380.0,380.5,380.5,381.0,1515.0,136.0,22694.0,8501.0,False,False
2330,2022-10-28 10:34:11.878422,0.0,-0.002624671916010457,0.0,-1.0,380.0,380.5,380.5,381.0,1515.0,135.0,22694.0,8501.0,False,False
2330,2022-10-28 10:34:12.068604,0.0,-0.002624671916010457,0.0,-1.0,380.0,380.5,380.5,381.0,1515.0,136.0,22694.0,8501.0,False,False
2330,2022-10-28 10:34:13.090854,0.0,-0.002624671916010457,0.0,-1.0,380.0,380.5,380.5,381.0,1516.0,136.0,22694.0,8501.0,False,False
2330,2022-10-28 10:34:13.397478,0.0,-0.002624671916010457,0.0,-1.0,380.0,380.5,380.5,381.0,1516.0,136.0,22694.0,8501.0,False,False
2330,2022-10-28 10:34:13.959224,0.0,-0.002624671916010457,0.0,-1.0,380.0,380.5,380.5,381.0,1516.0,136.0,22690.0,9494.0,True,True
2330,2022-10-28 10:34:14.135386,0.0,-0.002624671916010457,0.0,-1.0,380.0,380.5,380.5,381.0,1516.0,136.0,22690.0,9494.0,False,False
2330,2022-10-28 10:34:14.317173,0.0,-0.002624671916010457,0.0,-1.0,380.0,380.5,380.5,381.0,1515.0,135.0,22690.0,9494.0,False,False
2330,2022-10-28 10:34:14.505685,0.0,-0.002624671916010457,0.0,-1.0,380.0,380.5,380.5,381.0,1515.0,134.0,22690.0,9494.0,False,False
2330,2022-10-28 10:34:14.750637,0.0,-0.002624671916010457,0.0,-1.0,380.0,380.5,380.5,381.0,1514.0,134.0,22690.0,9494.0,False,False
2330,2022-10-28 10:34:14.951279,0.0,-0.002624671916010457,0.0,-1.0,380.0,380.5,380.5,381.0,1513.0,134.0,22690.0,9494.0,False,False
2330,2022-10-28 10:34:15.536829,0.0,-0.002624671916010457,0.0,-1.0,380.0,380.5,380.5,381.0,1513.0,135.0,22690.0,9494.0,False,False
2330,2022-10-28 10:34:16.437152,0.0,-0.002624671916010457,0.0,-1.0,380.0,380.5,380.5,381.0,1514.0,135.0,22690.0,9494.0,False,False
2330,2022-10-28 10:34:16.855889,0.0,-0.002624671916010457,0.0,-1.0,380.0,380.5,380.5,381.0,1514.0,135.0,22690.0,9494.0,False,False
2330,2022-10-28 10:34:17.208034,0.0,-0.002624671916010457,0.0,-1.0,380.0,380.5,380.5,381.0,1514.0,135.0,22690.0,9494.0,False,False
2330,2022-10-28 10:34:18.614662,0.0,-0.002624671916010457,0.0,-1.0,380.0,380.5,380.5,381.0,1514.0,135.0,22690.0,9494.0,False,False
2330,2022-10-28 10:34:18.719185,0.0,-0.002624671916010457,0.0,-1.0,380.0,380.5,380.5,381.0,1514.0,135.0,22690.0,9494.0,False,False
2330,2022-10-28 10:34:18.731393,0.0,-0.002624671916010457,0.0,-1.0,380.0,380.5,380.5,381.0,1513.0,135.0,22690.0,9494.0,False,False
2330,2022-10-28 10:34:20.672940,0.0,-0.002624671916010457,0.0,-1.0,380.0,380.5,380.5,381.0,1513.0,135.0,22690.0,9494.0,False,False
2330,2022-10-28 10:34:20.832386,0.0,-0.002624671916010457,0.0,-1.0,380.0,380.5,380.5,381.0,1513.0,135.0,22690.0,9494.0,False,False
2330,2022-10-28 10:34:21.237834,0.0,-0.002624671916010457,0.0,-1.0,380.0,380.5,380.5,381.0,1513.0,135.0,22690.0,9494.0,False,False
2330,2022-10-28 10:34:21.392274,0.0,-0.002624671916010457,0.0,-1.0,380.0,380.5,380.5,381.0,1513.0,135.0,22690.0,9494.0,False,False
2330,2022-10-28 10:34:22.361515,0.0,-0.002624671916010457,0.0,-1.0,380.0,380.5,380.5,381.0,1513.0,135.0,22690.0,9494.0,False,False
2330,2022-10-28 10:34:22.472331,0.0,-0.002624671916010457,0.0,-1.0,380.0,380.5,380.5,381.0,1513.0,135.0,22690.0,9494.0,False,False
2330,2022-10-28 10:34:22.590192,0.0,-0.002624671916010457,0.0,-1.0,380.0,380.5,380.5,381.0,1513.0,135.0,22690.0,9494.0,False,False
2330,2022-10-28 10:34:22.633472,0.0,-0.002624671916010457,0.0,-1.0,380.0,380.5,380.5,381.0,1513.0,138.0,22690.0,9494.0,False,False
2330,2022-10-28 10:34:22.717570,0.0,-0.002624671916010457,0.0,-1.0,380.0,380.5,380.5,381.0,1513.0,139.0,22690.0,9494.0,False,False
2330,2022-10-28 10:34:23.048835,0.0,-0.002624671916010457,0.0,-1.0,380.0,380.5,380.5,381.0,1513.0,139.0,22690.0,9494.0,False,False
2330,2022-10-28 10:34:23.206733,0.0,-0.002624671916010457,0.0,-1.0,380.0,380.5,380.5,381.0,1513.0,139.0,22690.0,9494.0,False,False
2330,2022-10-28 10:34:24.001433,0.0,-0.002624671916010457,0.0,-1.0,380.0,380.5,380.5,381.0,1513.0,139.0,22850.0,9284.0,True,True
2330,2022-10-28 10:34:27.733316,0.0,-0.002624671916010457,0.0,-1.0,380.0,380.5,380.5,381.0,1513.0,139.0,22850.0,9284.0,False,False
2330,2022-10-28 10:34:28.801856,0.0,-0.002624671916010457,0.0,-1.0,380.0,380.5,380.5,381.0,1513.0,139.0,22850.0,9284.0,False,False
2330,2022-10-28 10:34:28.945194,0.0,-0.002624671916010457,0.0,-1.0,380.0,380.5,380.5,381.0,1513.0,139.0,22850.0,9284.0,False,False
2330,2022-10-28 10:34:34.036489,0.0,-0.002624671916010457,0.0,-1.0,380.0,380.5,380.5,381.0,1513.0,139.0,22756.0,9280.0,True,True
2330,2022-10-28 10:34:34.329910,0.0,-0.002624671916010457,0.0,-1.0,380.0,380.5,380.5,381.0,1514.0,139.0,22756.0,9280.0,False,False
2330,2022-10-28 10:34:35.172469,0.0,-0.002624671916010457,0.0,-1.0,380.0,380.5,380.5,381.0,1514.0,140.0,22756.0,9280.0,False,False
2330,2022-10-28 10:34:39.968305,0.0,-0.002624671916010457,0.0,-1.0,380.0,380.5,380.5,381.0,1514.0,140.0,22756.0,9280.0,False,False
2330,2022-10-28 10:34:40.019326,0.0,-0.002624671916010457,0.0,-1.0,380.0,380.5,380.5,381.0,1513.0,140.0,22756.0,9280.0,False,False
2330,2022-10-28 10:34:40.253815,0.0,-0.002624671916010457,0.0,-1.0,380.0,380.5,380.5,381.0,1512.0,140.0,22756.0,9280.0,False,False
2330,2022-10-28 10:34:40.288025,0.0,-0.002624671916010457,0.0,-1.0,380.0,380.5,380.5,381.0,1512.0,143.0,22756.0,9280.0,False,False
2330,2022-10-28 10:34:40.842087,0.0,-0.002624671916010457,0.0,-1.0,380.0,380.5,380.5,381.0,1512.0,145.0,22756.0,9280.0,False,False
2330,2022-10-28 10:34:40.940698,0.0,-0.002624671916010457,0.0,-1.0,380.0,380.5,380.5,381.0,1512.0,145.0,22756.0,9280.0,False,False
2330,2022-10-28 10:34:41.630301,0.0,-0.002624671916010457,0.0,-1.0,380.0,380.5,380.5,381.0,1512.0,142.0,22756.0,9280.0,False,False
2330,2022-10-28 10:34:42.339001,0.0,-0.002624671916010457,0.0,-1.0,380.0,380.5,380.5,381.0,1511.0,142.0,22756.0,9280.0,False,False
2330,2022-10-28 10:34:42.362333,0.0,-0.002624671916010457,0.0,-1.0,380.0,380.5,380.5,381.0,1511.0,145.0,22756.0,9280.0,False,False
2330,2022-10-28 10:34:42.413573,0.0,-0.002624671916010457,0.0,-1.0,380.0,380.5,380.5,381.0,1508.0,145.0,22756.0,9280.0,False,False
2330,2022-10-28 10:34:44.075595,0.0,-0.002624671916010457,0.0,-1.0,380.0,380.5,380.5,381.0,1508.0,145.0,22887.0,9290.0,True,True
2330,2022-10-28 10:34:45.179977,0.0,-0.002624671916010457,0.0,-1.0,380.0,380.5,380.5,381.0,1507.0,145.0,22887.0,9290.0,False,False
2330,2022-10-28 10:34:45.937258,0.0,-0.002624671916010457,0.0,-1.0,380.0,380.5,380.5,381.0,1507.0,144.0,22887.0,9290.0,False,False
2330,2022-10-28 10:34:49.125846,0.0,-0.002624671916010457,0.0,-1.0,380.0,380.5,380.5,381.0,1506.0,144.0,22887.0,9290.0,False,False
2330,2022-10-28 10:34:49.742582,0.0,-0.002624671916010457,0.0,-1.0,380.0,380.5,380.5,381.0,1506.0,142.0,22887.0,9290.0,False,False
2330,2022-10-28 10:34:49.744846,0.0,-0.002624671916010457,0.0,-1.0,380.0,380.5,380.5,381.0,1505.0,142.0,22887.0,9290.0,False,False
2330,2022-10-28 10:34:50.468620,0.0,-0.002624671916010457,0.0,-1.0,380.0,380.5,380.5,381.0,1504.0,141.0,22887.0,9290.0,False,False
2330,2022-10-28 10:34:51.899873,0.0,-0.002624671916010457,0.0,-1.0,380.0,380.5,380.5,381.0,1504.0,140.0,22887.0,9290.0,False,False
2330,2022-10-28 10:34:51.932615,0.0,-0.002624671916010457,0.0,-1.0,380.0,380.5,380.5,381.0,1504.0,137.0,22887.0,9290.0,False,False
2330,2022-10-28 10:34:54.117279,0.0,-0.002624671916010457,0.0,-1.0,380.0,380.5,380.5,381.0,1504.0,137.0,21240.0,9743.0,True,True
2330,2022-10-28 10:34:54.693418,0.0,-0.002624671916010457,0.0,-1.0,380.0,380.5,380.5,381.0,1504.0,137.0,21240.0,9743.0,False,False
2330,2022-10-28 10:34:54.815320,0.0,-0.002624671916010457,0.0,-1.0,380.0,380.5,380.5,381.0,1504.0,137.0,21240.0,9743.0,False,False
2330,2022-10-28 10:34:55.049940,0.0,-0.002624671916010457,0.0,-1.0,380.0,380.5,380.5,381.0,1503.0,137.0,21240.0,9743.0,False,False
2330,2022-10-28 10:34:56.042252,0.0,-0.002624671916010457,0.0,-1.0,380.0,380.5,380.5,381.0,1503.0,136.0,21240.0,9743.0,False,False
2330,2022-10-28 10:34:56.069048,0.0,-0.002624671916010457,0.0,-1.0,380.0,380.5,380.5,381.0,1506.0,136.0,21240.0,9743.0,False,False
2330,2022-10-28 10:34:56.129782,0.0,-0.002624671916010457,0.0,-1.0,380.0,380.5,380.5,381.0,1504.0,136.0,21240.0,9743.0,False,False
2330,2022-10-28 10:34:56.314049,0.0,-0.002624671916010457,0.0,-1.0,380.0,380.5,380.5,381.0,1505.0,136.0,21240.0,9743.0,False,False
2330,2022-10-28 10:34:56.792462,0.0,-0.002624671916010457,0.0,-1.0,380.0,380.5,380.5,381.0,1505.0,135.0,21240.0,9743.0,False,False
2330,2022-10-28 10:34:57.472904,0.0,-0.002624671916010457,0.0,-1.0,380.0,380.5,380.5,381.0,1505.0,136.0,21240.0,9743.0,False,False
2330,2022-10-28 10:34:57.559115,0.0,-0.002624671916010457,0.0,-1.0,380.0,380.5,380.5,381.0,1505.0,136.0,21240.0,9743.0,False,False
2330,2022-10-28 10:34:59.070291,0.0,-0.002624671916010457,0.0,-1.0,380.0,380.5,380.5,381.0,1506.0,136.0,21240.0,9743.0,False,False
2330,2022-10-28 10:34:59.798522,0.0,-0.002624671916010457,0.0,-1.0,380.0,380.5,380.5,381.0,1506.0,139.0,21240.0,9743.0,False,False
2330,2022-10-28 10:35:00.325474,0.0,-0.002624671916010457,0.0,-1.0,380.0,380.5,380.5,381.0,1503.0,139.0,21240.0,9743.0,False,False
2330,2022-10-28 10:35:00.631849,0.0,-0.002624671916010457,0.0,-1.0,380.0,380.5,380.5,381.0,1503.0,142.0,21240.0,9743.0,False,False
2330,2022-10-28 10:35:00.877702,0.0,-0.002624671916010457,0.0,-1.0,380.0,380.5,380.5,381.0,1503.0,142.0,21240.0,9743.0,False,False
2330,2022-10-28 10:35:02.816701,0.0,-0.002624671916010457,0.0,-1.0,380.0,380.5,380.5,381.0,1505.0,142.0,21240.0,9743.0,False,False
2330,2022-10-28 10:35:04.286164,0.0,-0.002624671916010457,0.0,-1.0,380.0,380.5,380.5,381.0,1505.0,142.0,21760.0,9743.0,True,True
2330,2022-10-28 10:35:06.096871,0.0,-0.002624671916010457,0.0,-1.0,380.0,380.5,380.5,381.0,1505.0,139.0,21760.0,9743.0,False,False
2330,2022-10-28 10:35:06.201146,0.0,-0.002624671916010457,0.0,-1.0,380.0,380.5,380.5,381.0,1505.0,139.0,21760.0,9743.0,False,False
2330,2022-10-28 10:35:06.256881,0.0,-0.002624671916010457,0.0,-1.0,380.0,380.5,380.5,381.0,1508.0,139.0,21760.0,9743.0,False,False
2330,2022-10-28 10:35:06.385783,0.0,-0.002624671916010457,0.0,-1.0,380.0,380.5,380.5,381.0,1507.0,139.0,21760.0,9743.0,False,False
2330,2022-10-28 10:35:07.438434,0.0,-0.002624671916010457,0.0,-1.0,380.0,380.5,380.5,381.0,1507.0,139.0,21760.0,9743.0,False,False
2330,2022-10-28 10:35:07.474402,0.0,-0.002624671916010457,0.0,-1.0,380.0,380.5,380.5,381.0,1507.0,142.0,21760.0,9743.0,False,False
2330,2022-10-28 10:35:07.561154,0.0,-0.002624671916010457,0.0,-1.0,380.0,380.5,380.5,381.0,1507.0,142.0,21760.0,9743.0,False,False
2330,2022-10-28 10:35:08.363601,0.0,-0.002624671916010457,0.0,-1.0,380.0,380.5,380.5,381.0,1507.0,142.0,21760.0,9743.0,False,False
2330,2022-10-28 10:35:08.396123,0.0,-0.002624671916010457,0.0,-1.0,380.0,380.5,380.5,381.0,1504.0,142.0,21760.0,9743.0,False,False
2330,2022-10-28 10:35:09.459886,0.0,-0.002624671916010457,0.0,-1.0,380.0,380.5,380.5,381.0,1504.0,142.0,21760.0,9743.0,False,False
2330,2022-10-28 10:35:12.648357,0.0,-0.002624671916010457,0.0,-1.0,380.0,380.5,380.5,381.0,1504.0,154.0,21760.0,9743.0,False,False
2330,2022-10-28 10:35:12.712479,0.0,-0.002624671916010457,0.0,-1.0,380.0,380.5,380.5,381.0,1504.0,158.0,21760.0,9743.0,False,False
2330,2022-10-28 10:35:12.801955,0.0,-0.002624671916010457,0.0,-1.0,380.0,380.5,380.5,381.0,1504.0,159.0,21760.0,9743.0,False,False
2330,2022-10-28 10:35:13.541477,0.0,-0.002624671916010457,0.0,-1.0,380.0,380.5,380.5,381.0,1504.0,159.0,21760.0,9743.0,False,False
2330,2022-10-28 10:35:13.959354,0.0,-0.002624671916010457,0.0,-1.0,380.0,380.5,380.5,381.0,1504.0,159.0,21760.0,9743.0,False,False
2330,2022-10-28 10:35:14.480905,0.0,-0.002624671916010457,0.0,-1.0,380.0,380.5,380.5,381.0,1504.0,159.0,22091.0,9743.0,True,True
2330,2022-10-28 10:35:14.639900,0.0,-0.002624671916010457,0.0,-1.0,380.0,380.5,380.5,381.0,1504.0,159.0,22091.0,9743.0,False,False
2330,2022-10-28 10:35:14.770753,0.0,-0.002624671916010457,0.0,-1.0,380.0,380.5,380.5,381.0,1504.0,158.0,22091.0,9743.0,False,False
2330,2022-10-28 10:35:14.778011,0.0,-0.002624671916010457,0.0,-1.0,380.0,380.5,380.5,381.0,1504.0,158.0,22091.0,9743.0,False,False
2330,2022-10-28 10:35:14.847271,0.0,-0.002624671916010457,0.0,-1.0,380.0,380.5,380.5,381.0,1504.0,157.0,22091.0,9743.0,False,False
2330,2022-10-28 10:35:14.980474,0.0,-0.002624671916010457,0.0,-1.0,380.0,380.5,380.5,381.0,1502.0,157.0,22091.0,9743.0,False,False
2330,2022-10-28 10:35:15.269675,0.0,-0.002624671916010457,0.0,-1.0,380.0,380.5,380.5,381.0,1502.0,153.0,22091.0,9743.0,False,False
2330,2022-10-28 10:35:15.369997,0.0,-0.002624671916010457,0.0,-1.0,380.0,380.5,380.5,381.0,1502.0,156.0,22091.0,9743.0,False,False
2330,2022-10-28 10:35:15.374200,0.0,-0.002624671916010457,0.0,-1.0,380.0,380.5,380.5,381.0,1502.0,156.0,22091.0,9743.0,False,False
2330,2022-10-28 10:35:15.613792,0.0,-0.002624671916010457,0.0,-1.0,380.0,380.5,380.5,381.0,1502.0,156.0,22091.0,9743.0,False,False
2330,2022-10-28 10:35:15.888048,0.0,-0.002624671916010457,0.0,-1.0,380.0,380.5,380.5,381.0,1502.0,156.0,22091.0,9743.0,False,False
2330,2022-10-28 10:35:16.008031,0.0,-0.002624671916010457,0.0,-1.0,380.0,380.5,380.5,381.0,1502.0,156.0,22091.0,9743.0,False,False
2330,2022-10-28 10:35:16.407810,0.0,-0.002624671916010457,0.0,-1.0,380.0,380.5,380.5,381.0,1302.0,156.0,22091.0,9743.0,False,False
2330,2022-10-28 10:35:16.408343,0.0,-0.002624671916010457,0.0,-1.0,380.0,380.5,380.5,381.0,952.0,156.0,22091.0,9743.0,False,False
2330,2022-10-28 10:35:16.489711,0.0,-0.002624671916010457,0.0,-1.0,380.0,380.5,380.5,381.0,952.0,157.0,22091.0,9743.0,False,False
2330,2022-10-28 10:35:16.490713,0.0,-0.002624671916010457,0.0,-1.0,380.0,380.5,380.5,381.0,952.0,156.0,22091.0,9743.0,False,False
2330,2022-10-28 10:35:16.529031,0.0,-0.002624671916010457,0.0,-1.0,380.0,380.5,380.5,381.0,952.0,156.0,22091.0,9743.0,False,False
2330,2022-10-28 10:35:16.648067,0.0,-0.002624671916010457,0.0,-1.0,380.0,380.5,380.5,381.0,952.0,156.0,22091.0,9743.0,False,False
2330,2022-10-28 10:35:16.770579,0.0,-0.002624671916010457,0.0,-1.0,380.0,380.5,380.5,381.0,952.0,156.0,22091.0,9743.0,False,False
2330,2022-10-28 10:35:17.130284,0.0,-0.002624671916010457,0.0,-1.0,380.0,380.5,380.5,381.0,952.0,156.0,22091.0,9743.0,False,False
2330,2022-10-28 10:35:17.254184,0.0,-0.002624671916010457,0.0,-1.0,380.0,380.5,380.5,381.0,952.0,156.0,22091.0,9743.0,False,False
2330,2022-10-28 10:35:17.298801,0.0,-0.002624671916010457,0.0,-1.0,380.0,380.5,380.5,381.0,802.0,156.0,22091.0,9743.0,False,False
2330,2022-10-28 10:35:17.403219,0.0,-0.002624671916010457,0.0,-1.0,380.0,380.5,380.5,381.0,554.0,157.0,22091.0,9743.0,False,False
2330,2022-10-28 10:35:17.535549,0.0,-0.002624671916010457,0.0,-1.0,380.0,380.5,380.5,381.0,554.0,157.0,22091.0,9743.0,False,False
2330,2022-10-28 10:35:17.674991,0.0,-0.002624671916010457,0.0,-1.0,380.0,380.5,380.5,381.0,554.0,157.0,22091.0,9743.0,False,False
2330,2022-10-28 10:35:18.441606,0.0,-0.002624671916010457,0.0,-1.0,380.0,380.5,380.5,381.0,554.0,157.0,22091.0,9743.0,False,False
2330,2022-10-28 10:35:20.202895,0.0,-0.002624671916010457,0.0,-1.0,380.0,380.5,380.5,381.0,554.0,156.0,22091.0,9743.0,False,False
2330,2022-10-28 10:35:20.381509,0.0,-0.002624671916010457,0.0,-1.0,380.0,380.5,380.5,381.0,552.0,156.0,22091.0,9743.0,False,False
2330,2022-10-28 10:35:20.388911,0.0,-0.002624671916010457,0.0,-1.0,380.0,380.5,380.5,381.0,551.0,156.0,22091.0,9743.0,False,False
2330,2022-10-28 10:35:20.424895,0.0,-0.002624671916010457,0.0,-1.0,380.0,380.5,380.5,381.0,551.0,156.0,22091.0,9743.0,False,False
2330,2022-10-28 10:35:20.543809,0.0,-0.002624671916010457,0.0,-1.0,380.0,380.5,380.5,381.0,551.0,156.0,22091.0,9743.0,False,False
2330,2022-10-28 10:35:20.750845,0.0,-0.002624671916010457,0.0,-1.0,380.0,380.5,380.5,381.0,551.0,157.0,22091.0,9743.0,False,False
2330,2022-10-28 10:35:21.032851,0.0,-0.002624671916010457,0.0,-1.0,380.0,380.5,380.5,381.0,549.0,155.0,22091.0,9743.0,False,False
2330,2022-10-28 10:35:22.536600,0.0,-0.002624671916010457,0.0,-1.0,380.0,380.5,380.5,381.0,549.0,155.0,22091.0,9743.0,False,False
2330,2022-10-28 10:35:23.675749,0.0,-0.002624671916010457,0.0,-1.0,380.0,380.5,380.5,381.0,549.0,155.0,22091.0,9743.0,False,False
2330,2022-10-28 10:35:23.799790,0.0,-0.002624671916010457,0.0,-1.0,380.0,380.5,380.5,381.0,549.0,155.0,22091.0,9743.0,False,False
2330,2022-10-28 10:35:24.491068,0.0,-0.002624671916010457,0.0,-1.0,380.0,380.5,380.5,381.0,549.0,155.0,22064.0,13441.0,True,True
2330,2022-10-28 10:35:27.789421,0.0,-0.002624671916010457,0.0,-1.0,380.0,380.5,380.5,381.0,549.0,155.0,22064.0,13441.0,False,False
2330,2022-10-28 10:35:28.193433,0.0,-0.002624671916010457,0.0,-1.0,380.0,380.5,380.5,381.0,549.0,154.0,22064.0,13441.0,False,False
2330,2022-10-28 10:35:29.925865,0.0,-0.002624671916010457,0.0,-1.0,380.0,380.5,380.5,381.0,549.0,153.0,22064.0,13441.0,False,False
2330,2022-10-28 10:35:30.003651,0.0,-0.002624671916010457,0.0,-1.0,380.0,380.5,380.5,381.0,549.0,154.0,22064.0,13441.0,False,False
2330,2022-10-28 10:35:30.047967,0.0,-0.002624671916010457,0.0,-1.0,380.0,380.5,380.5,381.0,549.0,154.0,22064.0,13441.0,False,False
2330,2022-10-28 10:35:31.744196,0.0,-0.002624671916010457,0.0,-1.0,380.0,380.5,380.5,381.0,549.0,153.0,22064.0,13441.0,False,False
2330,2022-10-28 10:35:33.740340,0.0,-0.002624671916010457,0.0,-1.0,380.0,380.5,380.5,381.0,549.0,152.0,22064.0,13441.0,False,False
2330,2022-10-28 10:35:34.511234,0.0,-0.002624671916010457,0.0,-1.0,380.0,380.5,380.5,381.0,549.0,152.0,22660.0,13741.0,True,True
2330,2022-10-28 10:35:35.046287,0.0,-0.002624671916010457,0.0,-1.0,380.0,380.5,380.5,381.0,544.0,152.0,22660.0,13741.0,False,False
2330,2022-10-28 10:35:35.269331,0.0,-0.002624671916010457,0.0,-1.0,380.0,380.5,380.5,381.0,543.0,152.0,22660.0,13741.0,False,False
2330,2022-10-28 10:35:35.386017,0.0,-0.002624671916010457,0.0,-1.0,380.0,380.5,380.5,381.0,541.0,152.0,22660.0,13741.0,False,False
2330,2022-10-28 10:35:35.437271,0.0,-0.002624671916010457,0.0,-1.0,380.0,380.5,380.5,381.0,541.0,153.0,22660.0,13741.0,False,False
2330,2022-10-28 10:35:36.276578,0.0,-0.002624671916010457,0.0,-1.0,380.0,380.5,380.5,381.0,541.0,152.0,22660.0,13741.0,False,False
2330,2022-10-28 10:35:36.620302,0.0,-0.002624671916010457,0.0,-1.0,380.0,380.5,380.5,381.0,541.0,152.0,22660.0,13741.0,False,False
2330,2022-10-28 10:35:37.426989,0.0,-0.002624671916010457,0.0,-1.0,380.0,380.5,380.5,381.0,541.0,153.0,22660.0,13741.0,False,False
2330,2022-10-28 10:35:40.868106,0.0,-0.002624671916010457,0.0,-1.0,380.0,380.5,380.5,381.0,541.0,153.0,22660.0,13741.0,False,False
2330,2022-10-28 10:35:41.561477,0.0,-0.002624671916010457,0.0,-1.0,380.0,380.5,380.5,381.0,541.0,153.0,22660.0,13741.0,False,False
2330,2022-10-28 10:35:41.811907,0.0,-0.002624671916010457,0.0,-1.0,380.0,380.5,380.5,381.0,541.0,153.0,22660.0,13741.0,False,False
2330,2022-10-28 10:35:43.112987,0.0,-0.002624671916010457,0.0,-1.0,380.0,380.5,380.5,381.0,541.0,153.0,22660.0,13741.0,False,False
2330,2022-10-28 10:35:44.544819,0.0,-0.002624671916010457,0.0,-1.0,380.0,380.5,380.5,381.0,541.0,153.0,23023.0,15749.0,True,True
2330,2022-10-28 10:35:45.394589,0.0,-0.002624671916010457,0.0,-1.0,380.0,380.5,380.5,381.0,541.0,153.0,23023.0,15749.0,False,False
2330,2022-10-28 10:35:47.673536,0.0,-0.002624671916010457,0.0,-1.0,380.0,380.5,380.5,381.0,540.0,153.0,23023.0,15749.0,False,False
2330,2022-10-28 10:35:50.525500,0.0,-0.002624671916010457,0.0,-1.0,380.0,380.5,380.5,381.0,540.0,153.0,23023.0,15749.0,False,False
2330,2022-10-28 10:35:54.310168,0.0,-0.002624671916010457,0.0,-1.0,380.0,380.5,380.5,381.0,539.0,153.0,23023.0,15749.0,False,False
2330,2022-10-28 10:35:54.487277,0.0,-0.002624671916010457,0.0,-1.0,380.0,380.5,380.5,381.0,539.0,154.0,23023.0,15749.0,False,False
2330,2022-10-28 10:35:54.575006,0.0,-0.002624671916010457,0.0,-1.0,380.0,380.5,380.5,381.0,539.0,154.0,23073.0,17747.0,True,True
2330,2022-10-28 10:35:55.004703,0.0,-0.002624671916010457,0.0,-1.0,380.0,380.5,380.5,381.0,539.0,154.0,23073.0,17747.0,False,False
2330,2022-10-28 10:35:55.414714,0.0,-0.002624671916010457,0.0,-1.0,380.0,380.5,380.5,381.0,539.0,267.0,23073.0,17747.0,False,False
2330,2022-10-28 10:35:55.448624,0.0,-0.002624671916010457,0.0,-1.0,380.0,380.5,380.5,381.0,535.0,267.0,23073.0,17747.0,False,False
2330,2022-10-28 10:35:55.448657,0.0,-0.002624671916010457,0.0,-1.0,380.0,380.5,380.5,381.0,529.0,267.0,23073.0,17747.0,False,False
2330,2022-10-28 10:35:55.449239,0.0,-0.002624671916010457,0.0,-1.0,380.0,380.5,380.5,381.0,528.0,267.0,23073.0,17747.0,False,False
2330,2022-10-28 10:35:55.449242,0.0,-0.002624671916010457,0.0,-1.0,380.0,380.5,380.5,381.0,527.0,267.0,23073.0,17747.0,False,False
2330,2022-10-28 10:35:55.466755,0.0,-0.002624671916010457,0.0,-1.0,380.0,380.5,380.5,381.0,527.0,272.0,23073.0,17747.0,False,False
2330,2022-10-28 10:35:55.521910,0.0,-0.002624671916010457,0.0,-1.0,380.0,380.5,380.5,381.0,527.0,272.0,23073.0,17747.0,False,False
2330,2022-10-28 10:35:55.652340,0.0,-0.002624671916010457,0.0,-1.0,380.0,380.5,380.5,381.0,527.0,272.0,23073.0,17747.0,False,False
2330,2022-10-28 10:35:56.589795,0.0,-0.002624671916010457,0.0,-1.0,380.0,380.5,380.5,381.0,528.0,272.0,23073.0,17747.0,False,False
2330,2022-10-28 10:35:57.220841,0.0,-0.002624671916010457,0.0,-1.0,380.0,380.5,380.5,381.0,528.0,272.0,23073.0,17747.0,False,False
2330,2022-10-28 10:35:57.484640,0.0,-0.002624671916010457,0.0,-1.0,380.0,380.5,380.5,381.0,528.0,270.0,23073.0,17747.0,False,False
2330,2022-10-28 10:35:57.769147,0.0,-0.002624671916010457,0.0,-1.0,380.0,380.5,380.5,381.0,528.0,270.0,23073.0,17747.0,False,False
2330,2022-10-28 10:35:58.079499,0.0,-0.002624671916010457,0.0,-1.0,380.0,380.5,380.5,381.0,528.0,269.0,23073.0,17747.0,False,False
2330,2022-10-28 10:35:58.110570,0.0,-0.002624671916010457,0.0,-1.0,380.0,380.5,380.5,381.0,529.0,269.0,23073.0,17747.0,False,False
2330,2022-10-28 10:35:59.641351,0.0,-0.002624671916010457,0.0,-1.0,380.0,380.5,380.5,381.0,529.0,269.0,23073.0,17747.0,False,False
2330,2022-10-28 10:36:00.156613,0.0,-0.002624671916010457,0.0,-1.0,380.0,380.5,380.5,381.0,529.0,269.0,23073.0,17747.0,False,False
2330,2022-10-28 10:36:00.494596,0.0,-0.002624671916010457,0.0,-1.0,380.0,380.5,380.5,381.0,530.0,269.0,23073.0,17747.0,False,False
2330,2022-10-28 10:36:00.540946,0.0,-0.002624671916010457,0.0,-1.0,380.0,380.5,380.5,381.0,531.0,269.0,23073.0,17747.0,False,False
2330,2022-10-28 10:36:04.544053,0.0,-0.002624671916010457,0.0,-1.0,380.0,380.5,380.5,381.0,531.0,269.0,23073.0,17747.0,False,False
2330,2022-10-28 10:36:04.629292,0.0,-0.002624671916010457,0.0,-1.0,380.0,380.5,380.5,381.0,531.0,269.0,23444.0,17789.0,True,True
2330,2022-10-28 10:36:05.327850,0.0,-0.002624671916010457,0.0,-1.0,380.0,380.5,380.5,381.0,531.0,268.0,23444.0,17789.0,False,False
2330,2022-10-28 10:36:05.583956,0.0,-0.002624671916010457,0.0,-1.0,380.0,380.5,380.5,381.0,530.0,268.0,23444.0,17789.0,False,False
2330,2022-10-28 10:36:06.280921,0.0,-0.002624671916010457,0.0,-1.0,380.0,380.5,380.5,381.0,529.0,268.0,23444.0,17789.0,False,False
2330,2022-10-28 10:36:08.880087,0.0,-0.002624671916010457,0.0,-1.0,380.0,380.5,380.5,381.0,529.0,268.0,23444.0,17789.0,False,False
2330,2022-10-28 10:36:09.809754,0.0,-0.002624671916010457,0.0,-1.0,380.0,380.5,380.5,381.0,530.0,268.0,23444.0,17789.0,False,False
2330,2022-10-28 10:36:10.383742,0.0,-0.002624671916010457,0.0,-1.0,380.0,380.5,380.5,381.0,530.0,268.0,23444.0,17789.0,False,False
2330,2022-10-28 10:36:13.493326,0.0,-0.002624671916010457,0.0,-1.0,380.0,380.5,380.5,381.0,530.0,269.0,23444.0,17789.0,False,False
2330,2022-10-28 10:36:13.757925,0.0,-0.002624671916010457,0.0,-1.0,380.0,380.5,380.5,381.0,530.0,269.0,23444.0,17789.0,False,False
2330,2022-10-28 10:36:14.133296,0.0,-0.002624671916010457,0.0,-1.0,380.0,380.5,380.5,381.0,530.0,269.0,23444.0,17789.0,False,False
2330,2022-10-28 10:36:14.230581,0.0,-0.002624671916010457,0.0,-1.0,380.0,380.5,380.5,381.0,530.0,328.0,23444.0,17789.0,False,False
2330,2022-10-28 10:36:14.308597,0.0,-0.002624671916010457,0.0,-1.0,380.0,380.5,380.5,381.0,530.0,328.0,23444.0,17789.0,False,False
2330,2022-10-28 10:36:14.670793,0.0,-0.002624671916010457,0.0,-1.0,380.0,380.5,380.5,381.0,530.0,328.0,23731.0,19787.0,True,True
2330,2022-10-28 10:36:14.843272,0.0,-0.002624671916010457,0.0,-1.0,380.0,380.5,380.5,381.0,529.0,328.0,23731.0,19787.0,False,False
2330,2022-10-28 10:36:16.181578,0.0,-0.002624671916010457,0.0,-1.0,380.0,380.5,380.5,381.0,530.0,328.0,23731.0,19787.0,False,False
2330,2022-10-28 10:36:16.363075,0.0,-0.002624671916010457,0.0,-1.0,380.0,380.5,380.5,381.0,530.0,328.0,23731.0,19787.0,False,False
2330,2022-10-28 10:36:17.342503,0.0,-0.002624671916010457,0.0,-1.0,380.0,380.5,380.5,381.0,525.0,328.0,23731.0,19787.0,False,False
2330,2022-10-28 10:36:17.528941,0.0,-0.002624671916010457,0.0,-1.0,380.0,380.5,380.5,381.0,525.0,329.0,23731.0,19787.0,False,False
2330,2022-10-28 10:36:17.683185,0.0,-0.002624671916010457,0.0,-1.0,380.0,380.5,380.5,381.0,523.0,329.0,23731.0,19787.0,False,False
2330,2022-10-28 10:36:18.101007,0.0,-0.002624671916010457,0.0,-1.0,380.0,380.5,380.5,381.0,523.0,328.0,23731.0,19787.0,False,False
2330,2022-10-28 10:36:18.687785,0.0,-0.002624671916010457,0.0,-1.0,380.0,380.5,380.5,381.0,523.0,326.0,23731.0,19787.0,False,False
2330,2022-10-28 10:36:18.728987,0.0,-0.002624671916010457,0.0,-1.0,380.0,380.5,380.5,381.0,523.0,329.0,23731.0,19787.0,False,False
2330,2022-10-28 10:36:18.996835,0.0,-0.002624671916010457,0.0,-1.0,380.0,380.5,380.5,381.0,524.0,329.0,23731.0,19787.0,False,False
2330,2022-10-28 10:36:19.681622,0.0,-0.002624671916010457,0.0,-1.0,380.0,380.5,380.5,381.0,524.0,330.0,23731.0,19787.0,False,False
2330,2022-10-28 10:36:21.485573,0.0,-0.002624671916010457,0.0,-1.0,380.0,380.5,380.5,381.0,524.0,330.0,23731.0,19787.0,False,False
2330,2022-10-28 10:36:22.147844,0.0,-0.002624671916010457,0.0,-1.0,380.0,380.5,380.5,381.0,525.0,330.0,23731.0,19787.0,False,False
2330,2022-10-28 10:36:23.210207,0.0,-0.002624671916010457,0.0,-1.0,380.0,380.5,380.5,381.0,527.0,330.0,23731.0,19787.0,False,False
2330,2022-10-28 10:36:23.667692,0.0,-0.002624671916010457,0.0,-1.0,380.0,380.5,380.5,381.0,527.0,330.0,23731.0,19787.0,False,False
2330,2022-10-28 10:36:24.345499,0.0,-0.002624671916010457,0.0,-1.0,380.0,380.5,380.5,381.0,527.0,330.0,23731.0,19787.0,False,False
2330,2022-10-28 10:36:24.697355,0.0,-0.002624671916010457,0.0,-1.0,380.0,380.5,380.5,381.0,527.0,330.0,23745.0,19787.0,True,True
2330,2022-10-28 10:36:27.144389,0.0,-0.002624671916010457,0.0,-1.0,380.0,380.5,380.5,381.0,526.0,330.0,23745.0,19787.0,False,False
2330,2022-10-28 10:36:27.147434,0.0,-0.002624671916010457,0.0,-1.0,380.0,380.5,380.5,381.0,526.0,330.0,23745.0,19787.0,False,False
2330,2022-10-28 10:36:27.603705,0.0,-0.002624671916010457,0.0,-1.0,380.0,380.5,380.5,381.0,526.0,336.0,23745.0,19787.0,False,False
2330,2022-10-28 10:36:29.446882,0.0,-0.002624671916010457,0.0,-1.0,380.0,380.5,380.5,381.0,526.0,337.0,23745.0,19787.0,False,False
2330,2022-10-28 10:36:30.500392,0.0,-0.002624671916010457,0.0,-1.0,380.0,380.5,380.5,381.0,526.0,337.0,23745.0,19787.0,False,False
2330,2022-10-28 10:36:31.700780,0.0,-0.002624671916010457,0.0,-1.0,380.0,380.5,380.5,381.0,526.0,336.0,23745.0,19787.0,False,False
2330,2022-10-28 10:36:34.676511,0.0,-0.002624671916010457,0.0,-1.0,380.0,380.5,380.5,381.0,526.0,336.0,23745.0,19787.0,False,False
2330,2022-10-28 10:36:34.722670,0.0,-0.002624671916010457,0.0,-1.0,380.0,380.5,380.5,381.0,526.0,336.0,19493.0,19774.0,True,True
2330,2022-10-28 10:36:38.516371,0.0,-0.002624671916010457,0.0,-1.0,380.0,380.5,380.5,381.0,525.0,335.0,19493.0,19774.0,False,False
2330,2022-10-28 10:36:41.484389,0.0,-0.002624671916010457,0.0,-1.0,380.0,380.5,380.5,381.0,525.0,334.0,19493.0,19774.0,False,False
2330,2022-10-28 10:36:41.924904,0.0,-0.002624671916010457,0.0,-1.0,380.0,380.5,380.5,381.0,524.0,334.0,19493.0,19774.0,False,False
2330,2022-10-28 10:36:42.590332,0.0,-0.002624671916010457,0.0,-1.0,380.0,380.5,380.5,381.0,523.0,333.0,19493.0,19774.0,False,False
2330,2022-10-28 10:36:42.938327,0.0,-0.002624671916010457,0.0,-1.0,380.0,380.5,380.5,381.0,523.0,333.0,19493.0,19774.0,False,False
2330,2022-10-28 10:36:43.559475,0.0,-0.002624671916010457,0.0,-1.0,380.0,380.5,380.5,381.0,525.0,333.0,19493.0,19774.0,False,False
2330,2022-10-28 10:36:43.898161,0.0,-0.002624671916010457,0.0,-1.0,380.0,380.5,380.5,381.0,525.0,334.0,19493.0,19774.0,False,False
2330,2022-10-28 10:36:44.300532,0.0,-0.002624671916010457,0.0,-1.0,380.0,380.5,380.5,381.0,525.0,339.0,19493.0,19774.0,False,False
2330,2022-10-28 10:36:44.751146,0.0,-0.002624671916010457,0.0,-1.0,380.0,380.5,380.5,381.0,525.0,339.0,18978.0,19774.0,True,True
2330,2022-10-28 10:36:46.152518,0.0,-0.002624671916010457,0.0,-1.0,380.0,380.5,380.5,381.0,527.0,339.0,18978.0,19774.0,False,False
2330,2022-10-28 10:36:47.142854,0.0,-0.002624671916010457,0.0,-1.0,380.0,380.5,380.5,381.0,525.0,339.0,18978.0,19774.0,False,False
2330,2022-10-28 10:36:49.167696,0.0,-0.002624671916010457,0.0,-1.0,380.0,380.5,380.5,381.0,526.0,339.0,18978.0,19774.0,False,False
2330,2022-10-28 10:36:50.200609,0.0,-0.002624671916010457,0.0,-1.0,380.0,380.5,380.5,381.0,526.0,339.0,18978.0,19774.0,False,False
2330,2022-10-28 10:36:51.079630,0.0,-0.002624671916010457,0.0,-1.0,380.0,380.5,380.5,381.0,526.0,339.0,18978.0,19774.0,False,False
2330,2022-10-28 10:36:52.408879,0.0,-0.002624671916010457,0.0,-1.0,380.0,380.5,380.5,381.0,527.0,339.0,18978.0,19774.0,False,False
2330,2022-10-28 10:36:54.256036,0.0,-0.002624671916010457,0.0,-1.0,380.0,380.5,380.5,381.0,530.0,339.0,18978.0,19774.0,False,False
2330,2022-10-28 10:36:54.819048,0.0,-0.002624671916010457,0.0,-1.0,380.0,380.5,380.5,381.0,530.0,339.0,19112.0,19774.0,True,True
2330,2022-10-28 10:36:57.349777,0.0,-0.002624671916010457,0.0,-1.0,380.0,380.5,380.5,381.0,528.0,339.0,19112.0,19774.0,False,False
2330,2022-10-28 10:36:57.549911,0.0,-0.002624671916010457,0.0,-1.0,380.0,380.5,380.5,381.0,528.0,338.0,19112.0,19774.0,False,False
2330,2022-10-28 10:36:57.552264,0.0,-0.002624671916010457,0.0,-1.0,380.0,380.5,380.5,381.0,527.0,338.0,19112.0,19774.0,False,False
2330,2022-10-28 10:36:59.029295,0.0,-0.002624671916010457,0.0,-1.0,380.0,380.5,380.5,381.0,530.0,338.0,19112.0,19774.0,False,False
2330,2022-10-28 10:37:00.768793,0.0,-0.002624671916010457,0.0,-1.0,380.0,380.5,380.5,381.0,530.0,337.0,19112.0,19774.0,False,False
2330,2022-10-28 10:37:00.813611,0.0,-0.002624671916010457,0.0,-1.0,380.0,380.5,380.5,381.0,530.0,342.0,19112.0,19774.0,False,False
2330,2022-10-28 10:37:00.951574,0.0,-0.002624671916010457,0.0,-1.0,380.0,380.5,380.5,381.0,530.0,342.0,19112.0,19774.0,False,False
2330,2022-10-28 10:37:04.053742,0.0,-0.002624671916010457,0.0,-1.0,380.0,380.5,380.5,381.0,530.0,342.0,19055.0,18775.0,False,True
2330,2022-10-28 10:37:04.085578,0.0,-0.002624671916010457,0.0,-1.0,380.0,380.5,380.5,381.0,530.0,341.0,19055.0,18775.0,False,False
2330,2022-10-28 10:37:05.630694,0.0,-0.002624671916010457,0.0,-1.0,380.0,380.5,380.5,381.0,530.0,341.0,19055.0,18775.0,False,False
2330,2022-10-28 10:37:06.246848,0.0,-0.002624671916010457,0.0,-1.0,380.0,380.5,380.5,381.0,529.0,341.0,19055.0,18775.0,False,False
2330,2022-10-28 10:37:06.336769,0.0,-0.002624671916010457,0.0,-1.0,380.0,380.5,380.5,381.0,529.0,341.0,19055.0,18775.0,False,False
2330,2022-10-28 10:37:07.638164,0.0,-0.002624671916010457,0.0,-1.0,380.0,380.5,380.5,381.0,529.0,341.0,19055.0,18775.0,False,False
2330,2022-10-28 10:37:08.011634,0.0,-0.002624671916010457,0.0,-1.0,380.0,380.5,380.5,381.0,529.0,351.0,19055.0,18775.0,False,False
2330,2022-10-28 10:37:08.162602,0.0,-0.002624671916010457,0.0,-1.0,380.0,380.5,380.5,381.0,529.0,351.0,19055.0,18775.0,False,False
2330,2022-10-28 10:37:08.360049,0.0,-0.002624671916010457,0.0,-1.0,380.0,380.5,380.5,381.0,533.0,351.0,19055.0,18775.0,False,False
2330,2022-10-28 10:37:09.008132,0.0,-0.002624671916010457,0.0,-1.0,380.0,380.5,380.5,381.0,533.0,351.0,19055.0,18775.0,False,False
2330,2022-10-28 10:37:10.734066,0.0,-0.002624671916010457,0.0,-1.0,380.0,380.5,380.5,381.0,533.0,352.0,19055.0,18775.0,False,False
2330,2022-10-28 10:37:10.969937,0.0,-0.002624671916010457,0.0,-1.0,380.0,380.5,380.5,381.0,533.0,352.0,19055.0,18775.0,False,False
2330,2022-10-28 10:37:11.700102,0.0,-0.002624671916010457,0.0,-1.0,380.0,380.5,380.5,381.0,532.0,351.0,19055.0,18775.0,False,False
2330,2022-10-28 10:37:13.101813,0.0,-0.002624671916010457,0.0,-1.0,380.0,380.5,380.5,381.0,532.0,352.0,19055.0,18775.0,False,False
2330,2022-10-28 10:37:14.038753,0.0,-0.002624671916010457,0.0,-1.0,380.0,380.5,380.5,381.0,532.0,352.0,19055.0,18775.0,False,False
2330,2022-10-28 10:37:14.083971,0.0,-0.002624671916010457,0.0,-1.0,380.0,380.5,380.5,381.0,532.0,352.0,17921.0,19774.0,True,True
2330,2022-10-28 10:37:14.491829,0.0,-0.002624671916010457,0.0,-1.0,380.0,380.5,380.5,381.0,531.0,352.0,17921.0,19774.0,False,False
2330,2022-10-28 10:37:17.190712,0.0,-0.002624671916010457,0.0,-1.0,380.0,380.5,380.5,381.0,531.0,358.0,17921.0,19774.0,False,False
2330,2022-10-28 10:37:19.619212,0.0,-0.002624671916010457,0.0,-1.0,380.0,380.5,380.5,381.0,530.0,358.0,17921.0,19774.0,False,False
2330,2022-10-28 10:37:20.711830,0.0,-0.002624671916010457,0.0,-1.0,380.0,380.5,380.5,381.0,530.0,356.0,17921.0,19774.0,False,False
2330,2022-10-28 10:37:20.713062,0.0,-0.002624671916010457,0.0,-1.0,380.0,380.5,380.5,381.0,531.0,356.0,17921.0,19774.0,False,False
2330,2022-10-28 10:37:20.939900,0.0,-0.002624671916010457,0.0,-1.0,380.0,380.5,380.5,381.0,531.0,356.0,17921.0,19774.0,False,False
2330,2022-10-28 10:37:22.303716,0.0,-0.002624671916010457,0.0,-1.0,380.0,380.5,380.5,381.0,531.0,356.0,17921.0,19774.0,False,False
2330,2022-10-28 10:37:22.351707,0.0,-0.002624671916010457,0.0,-1.0,380.0,380.5,380.5,381.0,525.0,356.0,17921.0,19774.0,False,False
2330,2022-10-28 10:37:22.351723,0.0,-0.002624671916010457,0.0,-1.0,380.0,380.5,380.5,381.0,521.0,356.0,17921.0,19774.0,False,False
2330,2022-10-28 10:37:22.429064,0.0,-0.002624671916010457,0.0,-1.0,380.0,380.5,380.5,381.0,521.0,356.0,17921.0,19774.0,False,False
2330,2022-10-28 10:37:22.435199,0.0,-0.002624671916010457,0.0,-1.0,380.0,380.5,380.5,381.0,521.0,356.0,17921.0,19774.0,False,False
2330,2022-10-28 10:37:22.463984,0.0,-0.002624671916010457,0.0,-1.0,380.0,380.5,380.5,381.0,521.0,356.0,17921.0,19774.0,False,False
2330,2022-10-28 10:37:22.512007,0.0,-0.002624671916010457,0.0,-1.0,380.0,380.5,380.5,381.0,520.0,376.0,17921.0,19774.0,False,False
2330,2022-10-28 10:37:22.540160,0.0,-0.002624671916010457,0.0,-1.0,380.0,380.5,380.5,381.0,520.0,376.0,17921.0,19774.0,False,False
2330,2022-10-28 10:37:22.750032,0.0,-0.002624671916010457,0.0,-1.0,380.0,380.5,380.5,381.0,520.0,376.0,17921.0,19774.0,False,False
2330,2022-10-28 10:37:22.973918,0.0,-0.002624671916010457,0.0,-1.0,380.0,380.5,380.5,381.0,520.0,375.0,17921.0,19774.0,False,False
2330,2022-10-28 10:37:23.003538,0.0,-0.002624671916010457,0.0,-1.0,380.0,380.5,380.5,381.0,525.0,375.0,17921.0,19774.0,False,False
2330,2022-10-28 10:37:23.007569,0.0,-0.002624671916010457,0.0,-1.0,380.0,380.5,380.5,381.0,500.0,375.0,17921.0,19774.0,False,False
2330,2022-10-28 10:37:23.044038,0.0,-0.002624671916010457,0.0,-1.0,380.0,380.5,380.5,381.0,500.0,355.0,17921.0,19774.0,False,False
2330,2022-10-28 10:37:23.100836,0.0,-0.002624671916010457,0.0,-1.0,380.0,380.5,380.5,381.0,500.0,359.0,17921.0,19774.0,False,False
2330,2022-10-28 10:37:23.221421,0.0,-0.002624671916010457,0.0,-1.0,380.0,380.5,380.5,381.0,498.0,359.0,17921.0,19774.0,False,False
2330,2022-10-28 10:37:23.221689,0.0,-0.002624671916010457,0.0,-1.0,380.0,380.5,380.5,381.0,490.0,359.0,17921.0,19774.0,False,False
2330,2022-10-28 10:37:23.232751,0.0,-0.002624671916010457,0.0,-1.0,380.0,380.5,380.5,381.0,486.0,379.0,17921.0,19774.0,False,False
2330,2022-10-28 10:37:23.264406,0.0,-0.002624671916010457,0.0,-1.0,380.0,380.5,380.5,381.0,378.0,359.0,17921.0,19774.0,False,False
2330,2022-10-28 10:37:23.300120,0.0,-0.002624671916010457,0.0,-1.0,380.0,380.5,380.5,381.0,200.0,359.0,17921.0,19774.0,False,False
2330,2022-10-28 10:37:23.304879,0.0,-0.002624671916010457,0.0,-1.0,380.0,380.5,380.5,381.0,200.0,359.0,17921.0,19774.0,False,False
2330,2022-10-28 10:37:23.330843,0.0,-0.002624671916010457,0.0,-1.0,380.0,380.5,380.5,381.0,109.0,359.0,17921.0,19774.0,False,False
2330,2022-10-28 10:37:23.330891,0.0,-0.002624671916010457,0.0,-1.0,380.0,380.5,380.5,381.0,75.0,359.0,17921.0,19774.0,False,False
2330,2022-10-28 10:37:23.373287,0.0,-0.002624671916010457,0.0,-1.0,380.0,380.5,380.5,381.0,51.0,368.0,17921.0,19774.0,False,False
2330,2022-10-28 10:37:23.375500,0.0,-0.002624671916010457,0.0,-1.0,380.0,380.5,380.5,381.0,43.0,368.0,17921.0,19774.0,False,False
2330,2022-10-28 10:37:23.401898,0.0,-0.002624671916010457,0.0,-1.0,380.0,380.5,380.5,381.0,43.0,367.0,17921.0,19774.0,False,False
2330,2022-10-28 10:37:23.406582,0.0,-0.002624671916010457,0.0,-1.0,380.0,380.5,380.5,381.0,43.0,335.0,17921.0,19774.0,False,False
2330,2022-10-28 10:37:23.422987,0.0,-0.002624671916010457,0.0,-1.0,380.0,380.5,380.5,381.0,45.0,334.0,17921.0,19774.0,False,False
2330,2022-10-28 10:37:23.447556,0.0,-0.002624671916010457,0.0,-1.0,380.0,380.5,380.5,381.0,33.0,334.0,17921.0,19774.0,False,False
2330,2022-10-28 10:37:23.478657,0.0,-0.002624671916010457,0.0,-1.0,380.0,380.5,380.5,381.0,32.0,333.0,17921.0,19774.0,False,False
2330,2022-10-28 10:37:23.523852,0.0,-0.002624671916010457,0.0,-1.0,380.0,380.5,380.5,381.0,31.0,333.0,17921.0,19774.0,False,False
2330,2022-10-28 10:37:23.535335,0.0,-0.002624671916010457,0.0,-1.0,380.0,380.5,380.5,381.0,30.0,344.0,17921.0,19774.0,False,False
2330,2022-10-28 10:37:23.552220,0.0,-0.002624671916010457,0.0,-1.0,380.0,380.5,380.5,381.0,30.0,343.0,17921.0,19774.0,False,False
2330,2022-10-28 10:37:23.667194,0.0,-0.002624671916010457,0.0,-1.0,380.0,380.5,380.5,381.0,29.0,345.0,17921.0,19774.0,False,False
2330,2022-10-28 10:37:23.690312,0.0,-0.002624671916010457,0.0,-1.0,380.0,380.5,380.5,381.0,29.0,380.0,17921.0,19774.0,False,False
2330,2022-10-28 10:37:23.691536,0.0,-0.002624671916010457,0.0,-1.0,380.0,380.5,380.5,381.0,27.0,380.0,17921.0,19774.0,False,False
2330,2022-10-28 10:37:23.732448,0.0,-0.002624671916010457,0.0,-1.0,380.0,380.5,380.5,381.0,3.0,380.0,17921.0,19774.0,False,False
2330,2022-10-28 10:37:23.796436,0.0,-0.002624671916010457,0.0,-1.0,380.0,380.5,380.5,381.0,3.0,380.0,17921.0,19774.0,False,False
2330,2022-10-28 10:37:23.835355,0.0,-0.002624671916010457,0.0,-1.0,380.0,380.5,380.5,381.0,2.0,380.0,17921.0,19774.0,False,False
2330,2022-10-28 10:37:23.965245,0.0,-0.002624671916010457,0.0,-1.0,380.0,380.5,380.5,381.0,2.0,380.0,17921.0,19774.0,False,False
2330,2022-10-28 10:37:24.006743,0.0,-0.002624671916010457,0.0,-1.0,380.0,380.5,380.5,381.0,2.0,380.0,17921.0,19774.0,False,False
2330,2022-10-28 10:37:24.175493,0.0,-0.002624671916010457,0.0,-1.0,380.0,380.5,380.5,381.0,2.0,380.0,17071.0,17774.0,True,True
2330,2022-10-28 10:37:24.091338,0.0,-0.002624671916010457,0.0,-1.0,380.0,380.5,380.5,381.0,2.0,381.0,17071.0,17774.0,False,False
2330,2022-10-28 10:37:24.262672,0.0,-0.002624671916010457,0.0,-1.0,380.0,380.5,380.5,381.0,2.0,379.0,17071.0,17774.0,False,False
2330,2022-10-28 10:37:24.367844,0.0,-0.002624671916010457,0.0,-1.0,380.0,380.5,380.5,381.0,2.0,379.0,17071.0,17774.0,False,False
2330,2022-10-28 10:37:24.469704,0.0,-0.002624671916010457,0.0,-1.0,380.0,380.5,380.5,381.0,1.0,379.0,17071.0,17774.0,False,False
2330,2022-10-28 10:37:24.546161,0.0,-0.003937007874015741,0.0,-1.5,379.5,380.5,380.5,381.0,377.0,379.0,17071.0,17774.0,False,False
2330,2022-10-28 10:37:24.573990,0.001315789473684159,-0.003937007874015741,0.5,-1.5,379.5,380.0,380.5,381.0,377.0,3.0,17071.0,17774.0,False,False
2330,2022-10-28 10:37:24.645338,0.001315789473684159,-0.003937007874015741,0.5,-1.5,379.5,380.0,380.5,381.0,376.0,4.0,17071.0,17774.0,False,False
2330,2022-10-28 10:37:24.779531,0.001315789473684159,-0.003937007874015741,0.5,-1.5,379.5,380.0,380.5,381.0,376.0,5.0,17071.0,17774.0,False,False
2330,2022-10-28 10:37:24.824866,0.001315789473684159,-0.003937007874015741,0.5,-1.5,379.5,380.0,380.5,381.0,376.0,6.0,17071.0,17774.0,False,False
2330,2022-10-28 10:37:25.350859,0.001315789473684159,-0.003937007874015741,0.5,-1.5,379.5,380.0,380.5,381.0,376.0,6.0,17071.0,17774.0,False,False
2330,2022-10-28 10:37:25.401714,0.001315789473684159,-0.003937007874015741,0.5,-1.5,379.5,380.0,380.5,381.0,376.0,1.0,17071.0,17774.0,False,False
2330,2022-10-28 10:37:25.399893,0.001315789473684159,-0.003937007874015741,0.5,-1.5,379.5,380.0,380.5,381.0,376.0,7.0,17071.0,17774.0,False,False
2330,2022-10-28 10:37:25.611875,0.001315789473684159,-0.003937007874015741,0.5,-1.5,379.5,380.0,380.5,381.0,376.0,1.0,17071.0,17774.0,False,False
2330,2022-10-28 10:37:25.667422,0.001315789473684159,-0.003937007874015741,0.5,-1.5,379.5,380.0,380.5,381.0,376.0,4.0,17071.0,17774.0,False,False
2330,2022-10-28 10:37:25.834742,0.001315789473684159,-0.003937007874015741,0.5,-1.5,379.5,380.0,380.5,381.0,376.0,4.0,17071.0,17774.0,False,False
2330,2022-10-28 10:37:26.655059,0.001315789473684159,-0.003937007874015741,0.5,-1.5,379.5,380.0,380.5,381.0,376.0,4.0,17071.0,17774.0,False,False
2330,2022-10-28 10:37:26.691934,0.001315789473684159,-0.003937007874015741,0.5,-1.5,379.5,380.0,380.5,381.0,376.0,5.0,17071.0,17774.0,False,False
2330,2022-10-28 10:37:27.495209,0.001315789473684159,-0.003937007874015741,0.5,-1.5,379.5,380.0,380.5,381.0,376.0,5.0,17071.0,17774.0,False,False
2330,2022-10-28 10:37:27.499554,0.0,-0.003937007874015741,0.0,-1.5,379.5,380.5,380.5,381.0,376.0,376.0,17071.0,17774.0,False,False
2330,2022-10-28 10:37:27.534766,0.001315789473684159,-0.003937007874015741,0.5,-1.5,379.5,380.0,380.5,381.0,376.0,3.0,17071.0,17774.0,False,False
2330,2022-10-28 10:37:27.698410,0.001315789473684159,-0.003937007874015741,0.5,-1.5,379.5,380.0,380.5,381.0,376.0,3.0,17071.0,17774.0,False,False
2330,2022-10-28 10:37:27.734653,0.001315789473684159,-0.003937007874015741,0.5,-1.5,379.5,380.0,380.5,381.0,376.0,4.0,17071.0,17774.0,False,False
2330,2022-10-28 10:37:27.936894,0.0,-0.003937007874015741,0.0,-1.5,379.5,380.5,380.5,381.0,376.0,374.0,17071.0,17774.0,False,False
2330,2022-10-28 10:37:27.981854,0.001315789473684159,-0.003937007874015741,0.5,-1.5,379.5,380.0,380.5,381.0,376.0,3.0,17071.0,17774.0,False,False
2330,2022-10-28 10:37:28.183915,0.001315789473684159,-0.003937007874015741,0.5,-1.5,379.5,380.0,380.5,381.0,376.0,4.0,17071.0,17774.0,False,False
2330,2022-10-28 10:37:29.331838,0.001315789473684159,-0.003937007874015741,0.5,-1.5,379.5,380.0,380.5,381.0,376.0,5.0,17071.0,17774.0,False,False
2330,2022-10-28 10:37:29.599142,0.0,-0.003937007874015741,0.0,-1.5,379.5,380.5,380.5,381.0,376.0,374.0,17071.0,17774.0,False,False
2330,2022-10-28 10:37:29.627682,0.001315789473684159,-0.003937007874015741,0.5,-1.5,379.5,380.0,380.5,381.0,376.0,3.0,17071.0,17774.0,False,False
2330,2022-10-28 10:37:29.646606,0.001315789473684159,-0.003937007874015741,0.5,-1.5,379.5,380.0,380.5,381.0,376.0,5.0,17071.0,17774.0,False,False
2330,2022-10-28 10:37:29.851102,0.001315789473684159,-0.003937007874015741,0.5,-1.5,379.5,380.0,380.5,381.0,376.0,6.0,17071.0,17774.0,False,False
2330,2022-10-28 10:37:29.894723,0.001315789473684159,-0.003937007874015741,0.5,-1.5,379.5,380.0,380.5,381.0,376.0,7.0,17071.0,17774.0,False,False
2330,2022-10-28 10:37:30.002886,0.001315789473684159,-0.003937007874015741,0.5,-1.5,379.5,380.0,380.5,381.0,376.0,25.0,17071.0,17774.0,False,False
2330,2022-10-28 10:37:30.154526,0.001315789473684159,-0.003937007874015741,0.5,-1.5,379.5,380.0,380.5,381.0,375.0,25.0,17071.0,17774.0,False,False
2330,2022-10-28 10:37:30.358901,0.001315789473684159,-0.003937007874015741,0.5,-1.5,379.5,380.0,380.5,381.0,375.0,25.0,17071.0,17774.0,False,False
2330,2022-10-28 10:37:30.459050,0.001315789473684159,-0.003937007874015741,0.5,-1.5,379.5,380.0,380.5,381.0,375.0,25.0,17071.0,17774.0,False,False
2330,2022-10-28 10:37:31.684814,0.001315789473684159,-0.003937007874015741,0.5,-1.5,379.5,380.0,380.5,381.0,375.0,18.0,17071.0,17774.0,False,False
2330,2022-10-28 10:37:31.743348,0.001315789473684159,-0.003937007874015741,0.5,-1.5,379.5,380.0,380.5,381.0,375.0,18.0,17071.0,17774.0,False,False
2330,2022-10-28 10:37:31.756596,0.001315789473684159,-0.003937007874015741,0.5,-1.5,379.5,380.0,380.5,381.0,375.0,18.0,17071.0,17774.0,False,False
2330,2022-10-28 10:37:31.821162,0.001315789473684159,-0.003937007874015741,0.5,-1.5,379.5,380.0,380.5,381.0,375.0,17.0,17071.0,17774.0,False,False
2330,2022-10-28 10:37:31.870247,0.001315789473684159,-0.003937007874015741,0.5,-1.5,379.5,380.0,380.5,381.0,375.0,21.0,17071.0,17774.0,False,False
2330,2022-10-28 10:37:32.148833,0.001315789473684159,-0.003937007874015741,0.5,-1.5,379.5,380.0,380.5,381.0,375.0,21.0,17071.0,17774.0,False,False
2330,2022-10-28 10:37:32.151738,0.001315789473684159,-0.003937007874015741,0.5,-1.5,379.5,380.0,380.5,381.0,375.0,21.0,17071.0,17774.0,False,False
2330,2022-10-28 10:37:33.047572,0.001315789473684159,-0.003937007874015741,0.5,-1.5,379.5,380.0,380.5,381.0,375.0,28.0,17071.0,17774.0,False,False
2330,2022-10-28 10:37:33.059281,0.001315789473684159,-0.003937007874015741,0.5,-1.5,379.5,380.0,380.5,381.0,358.0,28.0,17071.0,17774.0,False,False
2330,2022-10-28 10:37:33.264776,0.001315789473684159,-0.003937007874015741,0.5,-1.5,379.5,380.0,380.5,381.0,358.0,26.0,17071.0,17774.0,False,False
2330,2022-10-28 10:37:33.380009,0.001315789473684159,-0.003937007874015741,0.5,-1.5,379.5,380.0,380.5,381.0,358.0,26.0,17071.0,17774.0,False,False
2330,2022-10-28 10:37:34.141125,0.001315789473684159,-0.003937007874015741,0.5,-1.5,379.5,380.0,380.5,381.0,358.0,24.0,17071.0,17774.0,False,False
2330,2022-10-28 10:37:34.204315,0.001315789473684159,-0.003937007874015741,0.5,-1.5,379.5,380.0,380.5,381.0,358.0,24.0,15131.0,17774.0,True,True
2330,2022-10-28 10:37:34.599533,0.001315789473684159,-0.003937007874015741,0.5,-1.5,379.5,380.0,380.5,381.0,358.0,25.0,15131.0,17774.0,False,False
2330,2022-10-28 10:37:34.753357,0.001315789473684159,-0.003937007874015741,0.5,-1.5,379.5,380.0,380.5,381.0,358.0,30.0,15131.0,17774.0,False,False
2330,2022-10-28 10:37:36.456751,0.001315789473684159,-0.003937007874015741,0.5,-1.5,379.5,380.0,380.5,381.0,357.0,30.0,15131.0,17774.0,False,False
2330,2022-10-28 10:37:36.823419,0.001315789473684159,-0.003937007874015741,0.5,-1.5,379.5,380.0,380.5,381.0,357.0,30.0,15131.0,17774.0,False,False
2330,2022-10-28 10:37:36.889452,0.001315789473684159,-0.003937007874015741,0.5,-1.5,379.5,380.0,380.5,381.0,357.0,30.0,15131.0,17774.0,False,False
2330,2022-10-28 10:37:37.289907,0.001315789473684159,-0.003937007874015741,0.5,-1.5,379.5,380.0,380.5,381.0,357.0,30.0,15131.0,17774.0,False,False
2330,2022-10-28 10:37:37.294198,0.001315789473684159,-0.003937007874015741,0.5,-1.5,379.5,380.0,380.5,381.0,357.0,30.0,15131.0,17774.0,False,False
2330,2022-10-28 10:37:37.418369,0.001315789473684159,-0.003937007874015741,0.5,-1.5,379.5,380.0,380.5,381.0,359.0,64.0,15131.0,17774.0,False,False
2330,2022-10-28 10:37:37.495467,0.001315789473684159,-0.003937007874015741,0.5,-1.5,379.5,380.0,380.5,381.0,359.0,65.0,15131.0,17774.0,False,False
2330,2022-10-28 10:37:39.544886,0.001315789473684159,-0.003937007874015741,0.5,-1.5,379.5,380.0,380.5,381.0,359.0,71.0,15131.0,17774.0,False,False
2330,2022-10-28 10:37:40.367696,0.001315789473684159,-0.003937007874015741,0.5,-1.5,379.5,380.0,380.5,381.0,359.0,71.0,15131.0,17774.0,False,False
2330,2022-10-28 10:37:40.887131,0.001315789473684159,-0.003937007874015741,0.5,-1.5,379.5,380.0,380.5,381.0,359.0,72.0,15131.0,17774.0,False,False
2330,2022-10-28 10:37:40.901303,0.001315789473684159,-0.003937007874015741,0.5,-1.5,379.5,380.0,380.5,381.0,359.0,72.0,15131.0,17774.0,False,False
2330,2022-10-28 10:37:41.612082,0.001315789473684159,-0.003937007874015741,0.5,-1.5,379.5,380.0,380.5,381.0,359.0,72.0,15131.0,17774.0,False,False
2330,2022-10-28 10:37:42.212437,0.001315789473684159,-0.003937007874015741,0.5,-1.5,379.5,380.0,380.5,381.0,359.0,79.0,15131.0,17774.0,False,False
2330,2022-10-28 10:37:42.267568,0.001315789473684159,-0.003937007874015741,0.5,-1.5,379.5,380.0,380.5,381.0,359.0,84.0,15131.0,17774.0,False,False
2330,2022-10-28 10:37:42.805748,0.001315789473684159,-0.003937007874015741,0.5,-1.5,379.5,380.0,380.5,381.0,359.0,84.0,15131.0,17774.0,False,False
2330,2022-10-28 10:37:43.340742,0.001315789473684159,-0.003937007874015741,0.5,-1.5,379.5,380.0,380.5,381.0,359.0,84.0,15131.0,17774.0,False,False
2330,2022-10-28 10:37:44.076007,0.001315789473684159,-0.003937007874015741,0.5,-1.5,379.5,380.0,380.5,381.0,359.0,84.0,15131.0,17774.0,False,False
2330,2022-10-28 10:37:44.232672,0.001315789473684159,-0.003937007874015741,0.5,-1.5,379.5,380.0,380.5,381.0,359.0,84.0,14481.0,17774.0,True,True
2330,2022-10-28 10:37:44.773339,0.001315789473684159,-0.003937007874015741,0.5,-1.5,379.5,380.0,380.5,381.0,359.0,89.0,14481.0,17774.0,False,False
2330,2022-10-28 10:37:45.108773,0.001315789473684159,-0.003937007874015741,0.5,-1.5,379.5,380.0,380.5,381.0,359.0,89.0,14481.0,17774.0,False,False
2330,2022-10-28 10:37:45.350854,0.001315789473684159,-0.003937007874015741,0.5,-1.5,379.5,380.0,380.5,381.0,359.0,90.0,14481.0,17774.0,False,False
2330,2022-10-28 10:37:45.950606,0.001315789473684159,-0.003937007874015741,0.5,-1.5,379.5,380.0,380.5,381.0,358.0,90.0,14481.0,17774.0,False,False
2330,2022-10-28 10:37:45.952497,0.001315789473684159,-0.003937007874015741,0.5,-1.5,379.5,380.0,380.5,381.0,358.0,90.0,14481.0,17774.0,False,False
2330,2022-10-28 10:37:46.955823,0.001315789473684159,-0.003937007874015741,0.5,-1.5,379.5,380.0,380.5,381.0,358.0,91.0,14481.0,17774.0,False,False
2330,2022-10-28 10:37:47.902088,0.001315789473684159,-0.003937007874015741,0.5,-1.5,379.5,380.0,380.5,381.0,358.0,93.0,14481.0,17774.0,False,False
2330,2022-10-28 10:37:48.427289,0.001315789473684159,-0.003937007874015741,0.5,-1.5,379.5,380.0,380.5,381.0,358.0,94.0,14481.0,17774.0,False,False
2330,2022-10-28 10:37:48.503879,0.001315789473684159,-0.003937007874015741,0.5,-1.5,379.5,380.0,380.5,381.0,358.0,94.0,14481.0,17774.0,False,False
2330,2022-10-28 10:37:48.595833,0.001315789473684159,-0.003937007874015741,0.5,-1.5,379.5,380.0,380.5,381.0,357.0,94.0,14481.0,17774.0,False,False
2330,2022-10-28 10:37:48.797140,0.001315789473684159,-0.003937007874015741,0.5,-1.5,379.5,380.0,380.5,381.0,356.0,94.0,14481.0,17774.0,False,False
2330,2022-10-28 10:37:49.139084,0.001315789473684159,-0.003937007874015741,0.5,-1.5,379.5,380.0,380.5,381.0,356.0,94.0,14481.0,17774.0,False,False
2330,2022-10-28 10:37:49.309635,0.001315789473684159,-0.003937007874015741,0.5,-1.5,379.5,380.0,380.5,381.0,356.0,94.0,14481.0,17774.0,False,False
2330,2022-10-28 10:37:50.057454,0.001315789473684159,-0.003937007874015741,0.5,-1.5,379.5,380.0,380.5,381.0,355.0,94.0,14481.0,17774.0,False,False
2330,2022-10-28 10:37:50.672034,0.001315789473684159,-0.003937007874015741,0.5,-1.5,379.5,380.0,380.5,381.0,355.0,99.0,14481.0,17774.0,False,False
2330,2022-10-28 10:37:51.430349,0.001315789473684159,-0.003937007874015741,0.5,-1.5,379.5,380.0,380.5,381.0,355.0,100.0,14481.0,17774.0,False,False
2330,2022-10-28 10:37:51.512413,0.001315789473684159,-0.003937007874015741,0.5,-1.5,379.5,380.0,380.5,381.0,354.0,100.0,14481.0,17774.0,False,False
2330,2022-10-28 10:37:51.653017,0.001315789473684159,-0.003937007874015741,0.5,-1.5,379.5,380.0,380.5,381.0,353.0,100.0,14481.0,17774.0,False,False
2330,2022-10-28 10:37:51.922951,0.001315789473684159,-0.003937007874015741,0.5,-1.5,379.5,380.0,380.5,381.0,353.0,100.0,14481.0,17774.0,False,False
2330,2022-10-28 10:37:52.154994,0.001315789473684159,-0.003937007874015741,0.5,-1.5,379.5,380.0,380.5,381.0,353.0,248.0,14481.0,17774.0,False,False
2330,2022-10-28 10:37:52.196344,0.001315789473684159,-0.003937007874015741,0.5,-1.5,379.5,380.0,380.5,381.0,353.0,280.0,14481.0,17774.0,False,False
2330,2022-10-28 10:37:52.229691,0.001315789473684159,-0.003937007874015741,0.5,-1.5,379.5,380.0,380.5,381.0,353.0,280.0,14481.0,17774.0,False,False
2330,2022-10-28 10:37:52.672863,0.001315789473684159,-0.003937007874015741,0.5,-1.5,379.5,380.0,380.5,381.0,353.0,278.0,14481.0,17774.0,False,False
2330,2022-10-28 10:37:53.011685,0.001315789473684159,-0.003937007874015741,0.5,-1.5,379.5,380.0,380.5,381.0,353.0,278.0,14481.0,17774.0,False,False
2330,2022-10-28 10:37:53.263456,0.001315789473684159,-0.003937007874015741,0.5,-1.5,379.5,380.0,380.5,381.0,353.0,279.0,14481.0,17774.0,False,False
2330,2022-10-28 10:37:53.768647,0.001315789473684159,-0.003937007874015741,0.5,-1.5,379.5,380.0,380.5,381.0,353.0,280.0,14481.0,17774.0,False,False
2330,2022-10-28 10:37:53.778490,0.001315789473684159,-0.003937007874015741,0.5,-1.5,379.5,380.0,380.5,381.0,353.0,280.0,14481.0,17774.0,False,False
2330,2022-10-28 10:37:53.871351,0.001315789473684159,-0.003937007874015741,0.5,-1.5,379.5,380.0,380.5,381.0,352.0,280.0,14481.0,17774.0,False,False
2330,2022-10-28 10:37:54.263275,0.001315789473684159,-0.003937007874015741,0.5,-1.5,379.5,380.0,380.5,381.0,352.0,280.0,11319.0,17774.0,True,True
2330,2022-10-28 10:37:55.523102,0.001315789473684159,-0.003937007874015741,0.5,-1.5,379.5,380.0,380.5,381.0,352.0,281.0,11319.0,17774.0,False,False
2330,2022-10-28 10:37:57.091082,0.001315789473684159,-0.003937007874015741,0.5,-1.5,379.5,380.0,380.5,381.0,352.0,377.0,11319.0,17774.0,False,False
2330,2022-10-28 10:37:57.135151,0.001315789473684159,-0.003937007874015741,0.5,-1.5,379.5,380.0,380.5,381.0,352.0,385.0,11319.0,17774.0,False,False
2330,2022-10-28 10:37:57.171213,0.001315789473684159,-0.003937007874015741,0.5,-1.5,379.5,380.0,380.5,381.0,352.0,385.0,11319.0,17774.0,False,False
2330,2022-10-28 10:37:57.511507,0.001315789473684159,-0.003937007874015741,0.5,-1.5,379.5,380.0,380.5,381.0,352.0,385.0,11319.0,17774.0,False,False
2330,2022-10-28 10:37:57.546198,0.001315789473684159,-0.003937007874015741,0.5,-1.5,379.5,380.0,380.5,381.0,352.0,391.0,11319.0,17774.0,False,False
2330,2022-10-28 10:37:57.973784,0.001315789473684159,-0.003937007874015741,0.5,-1.5,379.5,380.0,380.5,381.0,351.0,391.0,11319.0,17774.0,False,False
2330,2022-10-28 10:37:58.078611,0.001315789473684159,-0.003937007874015741,0.5,-1.5,379.5,380.0,380.5,381.0,351.0,391.0,11319.0,17774.0,False,False
2330,2022-10-28 10:37:58.178724,0.001315789473684159,-0.003937007874015741,0.5,-1.5,379.5,380.0,380.5,381.0,351.0,515.0,11319.0,17774.0,False,False
2330,2022-10-28 10:37:58.218949,0.001315789473684159,-0.003937007874015741,0.5,-1.5,379.5,380.0,380.5,381.0,327.0,515.0,11319.0,17774.0,False,False
2330,2022-10-28 10:37:58.273839,0.001315789473684159,-0.003937007874015741,0.5,-1.5,379.5,380.0,380.5,381.0,325.0,515.0,11319.0,17774.0,False,False
2330,2022-10-28 10:37:58.277797,0.001315789473684159,-0.003937007874015741,0.5,-1.5,379.5,380.0,380.5,381.0,325.0,515.0,11319.0,17774.0,False,False
2330,2022-10-28 10:37:58.304936,0.001315789473684159,-0.003937007874015741,0.5,-1.5,379.5,380.0,380.5,381.0,325.0,515.0,11319.0,17774.0,False,False
2330,2022-10-28 10:37:58.434471,0.001315789473684159,-0.003937007874015741,0.5,-1.5,379.5,380.0,380.5,381.0,325.0,515.0,11319.0,17774.0,False,False
2330,2022-10-28 10:37:58.594480,0.001315789473684159,-0.003937007874015741,0.5,-1.5,379.5,380.0,380.5,381.0,325.0,512.0,11319.0,17774.0,False,False
2330,2022-10-28 10:37:58.695100,0.001315789473684159,-0.003937007874015741,0.5,-1.5,379.5,380.0,380.5,381.0,323.0,512.0,11319.0,17774.0,False,False
2330,2022-10-28 10:37:58.723883,0.001315789473684159,-0.003937007874015741,0.5,-1.5,379.5,380.0,380.5,381.0,323.0,512.0,11319.0,17774.0,False,False
2330,2022-10-28 10:37:59.057611,0.001315789473684159,-0.003937007874015741,0.5,-1.5,379.5,380.0,380.5,381.0,323.0,512.0,11319.0,17774.0,False,False
2330,2022-10-28 10:37:59.058756,0.001315789473684159,-0.003937007874015741,0.5,-1.5,379.5,380.0,380.5,381.0,323.0,558.0,11319.0,17774.0,False,False
2330,2022-10-28 10:37:59.615663,0.001315789473684159,-0.003937007874015741,0.5,-1.5,379.5,380.0,380.5,381.0,320.0,558.0,11319.0,17774.0,False,False
2330,2022-10-28 10:37:59.654574,0.001315789473684159,-0.003937007874015741,0.5,-1.5,379.5,380.0,380.5,381.0,319.0,558.0,11319.0,17774.0,False,False
2330,2022-10-28 10:37:59.860760,0.001315789473684159,-0.003937007874015741,0.5,-1.5,379.5,380.0,380.5,381.0,319.0,561.0,11319.0,17774.0,False,False
2330,2022-10-28 10:38:00.059978,0.001315789473684159,-0.003937007874015741,0.5,-1.5,379.5,380.0,380.5,381.0,319.0,561.0,11319.0,17774.0,False,False
2330,2022-10-28 10:38:00.696999,0.001315789473684159,-0.003937007874015741,0.5,-1.5,379.5,380.0,380.5,381.0,319.0,562.0,11319.0,17774.0,False,False
2330,2022-10-28 10:38:02.384689,0.001315789473684159,-0.003937007874015741,0.5,-1.5,379.5,380.0,380.5,381.0,323.0,562.0,11319.0,17774.0,False,False
2330,2022-10-28 10:38:02.506701,0.001315789473684159,-0.003937007874015741,0.5,-1.5,379.5,380.0,380.5,381.0,323.0,561.0,11319.0,17774.0,False,False
2330,2022-10-28 10:38:02.585545,0.001315789473684159,-0.003937007874015741,0.5,-1.5,379.5,380.0,380.5,381.0,298.0,561.0,11319.0,17774.0,False,False
2330,2022-10-28 10:38:02.968773,0.001315789473684159,-0.003937007874015741,0.5,-1.5,379.5,380.0,380.5,381.0,298.0,557.0,11319.0,17774.0,False,False
2330,2022-10-28 10:38:03.076893,0.001315789473684159,-0.003937007874015741,0.5,-1.5,379.5,380.0,380.5,381.0,296.0,557.0,11319.0,17774.0,False,False
2330,2022-10-28 10:38:03.764718,0.001315789473684159,-0.003937007874015741,0.5,-1.5,379.5,380.0,380.5,381.0,296.0,558.0,11319.0,17774.0,False,False
2330,2022-10-28 10:38:03.969114,0.001315789473684159,-0.003937007874015741,0.5,-1.5,379.5,380.0,380.5,381.0,296.0,558.0,11319.0,17774.0,False,False
2330,2022-10-28 10:38:03.995136,0.001315789473684159,-0.003937007874015741,0.5,-1.5,379.5,380.0,380.5,381.0,159.0,558.0,11319.0,17774.0,False,False
2330,2022-10-28 10:38:04.033522,0.001315789473684159,-0.003937007874015741,0.5,-1.5,379.5,380.0,380.5,381.0,135.0,558.0,11319.0,17774.0,False,False
2330,2022-10-28 10:38:04.034867,0.001315789473684159,-0.003937007874015741,0.5,-1.5,379.5,380.0,380.5,381.0,135.0,558.0,11319.0,17774.0,False,False
2330,2022-10-28 10:38:04.043639,0.001315789473684159,-0.003937007874015741,0.5,-1.5,379.5,380.0,380.5,381.0,124.0,558.0,11319.0,17774.0,False,False
2330,2022-10-28 10:38:04.092385,0.001315789473684159,-0.003937007874015741,0.5,-1.5,379.5,380.0,380.5,381.0,121.0,557.0,11319.0,17774.0,False,False
2330,2022-10-28 10:38:04.107277,0.001315789473684159,-0.003937007874015741,0.5,-1.5,379.5,380.0,380.5,381.0,121.0,541.0,11319.0,17774.0,False,False
2330,2022-10-28 10:38:04.152842,0.001315789473684159,-0.003937007874015741,0.5,-1.5,379.5,380.0,380.5,381.0,119.0,541.0,11319.0,17774.0,False,False
2330,2022-10-28 10:38:04.158872,0.001315789473684159,-0.003937007874015741,0.5,-1.5,379.5,380.0,380.5,381.0,119.0,541.0,11319.0,17774.0,False,False
2330,2022-10-28 10:38:04.217036,0.001315789473684159,-0.003937007874015741,0.5,-1.5,379.5,380.0,380.5,381.0,118.0,541.0,11319.0,17774.0,False,False
2330,2022-10-28 10:38:04.258224,0.001315789473684159,-0.003937007874015741,0.5,-1.5,379.5,380.0,380.5,381.0,116.0,541.0,11319.0,17774.0,False,False
2330,2022-10-28 10:38:04.273340,0.001315789473684159,-0.003937007874015741,0.5,-1.5,379.5,380.0,380.5,381.0,116.0,543.0,11319.0,17774.0,False,False
2330,2022-10-28 10:38:04.303843,0.001315789473684159,-0.003937007874015741,0.5,-1.5,379.5,380.0,380.5,381.0,116.0,543.0,11114.0,17674.0,True,True
2330,2022-10-28 10:38:04.354043,0.001315789473684159,-0.003937007874015741,0.5,-1.5,379.5,380.0,380.5,381.0,116.0,543.0,11114.0,17674.0,False,False
2330,2022-10-28 10:38:04.547150,0.001315789473684159,-0.003937007874015741,0.5,-1.5,379.5,380.0,380.5,381.0,116.0,543.0,11114.0,17674.0,False,False
2330,2022-10-28 10:38:04.815149,0.001315789473684159,-0.003937007874015741,0.5,-1.5,379.5,380.0,380.5,381.0,85.0,543.0,11114.0,17674.0,False,False
2330,2022-10-28 10:38:04.904813,0.001315789473684159,-0.003937007874015741,0.5,-1.5,379.5,380.0,380.5,381.0,84.0,543.0,11114.0,17674.0,False,False
2330,2022-10-28 10:38:04.965386,0.001315789473684159,-0.003937007874015741,0.5,-1.5,379.5,380.0,380.5,381.0,84.0,543.0,11114.0,17674.0,False,False
2330,2022-10-28 10:38:05.023042,0.001315789473684159,-0.003937007874015741,0.5,-1.5,379.5,380.0,380.5,381.0,83.0,543.0,11114.0,17674.0,False,False
2330,2022-10-28 10:38:05.067036,0.001315789473684159,-0.003937007874015741,0.5,-1.5,379.5,380.0,380.5,381.0,81.0,543.0,11114.0,17674.0,False,False
2330,2022-10-28 10:38:05.468479,0.001315789473684159,-0.003937007874015741,0.5,-1.5,379.5,380.0,380.5,381.0,81.0,535.0,11114.0,17674.0,False,False
2330,2022-10-28 10:38:05.506096,0.001315789473684159,-0.003937007874015741,0.5,-1.5,379.5,380.0,380.5,381.0,81.0,535.0,11114.0,17674.0,False,False
2330,2022-10-28 10:38:05.536587,0.001315789473684159,-0.003937007874015741,0.5,-1.5,379.5,380.0,380.5,381.0,81.0,535.0,11114.0,17674.0,False,False
2330,2022-10-28 10:38:05.636782,0.001315789473684159,-0.003937007874015741,0.5,-1.5,379.5,380.0,380.5,381.0,81.0,535.0,11114.0,17674.0,False,False
2330,2022-10-28 10:38:05.707663,0.001315789473684159,-0.003937007874015741,0.5,-1.5,379.5,380.0,380.5,381.0,81.0,533.0,11114.0,17674.0,False,False
2330,2022-10-28 10:38:05.822102,0.001315789473684159,-0.003937007874015741,0.5,-1.5,379.5,380.0,380.5,381.0,81.0,533.0,11114.0,17674.0,False,False
2330,2022-10-28 10:38:06.058726,0.001315789473684159,-0.003937007874015741,0.5,-1.5,379.5,380.0,380.5,381.0,65.0,533.0,11114.0,17674.0,False,False
2330,2022-10-28 10:38:06.100408,0.001315789473684159,-0.003937007874015741,0.5,-1.5,379.5,380.0,380.5,381.0,63.0,533.0,11114.0,17674.0,False,False
2330,2022-10-28 10:38:06.161326,0.001315789473684159,-0.003937007874015741,0.5,-1.5,379.5,380.0,380.5,381.0,61.0,533.0,11114.0,17674.0,False,False
2330,2022-10-28 10:38:06.176258,0.001315789473684159,-0.003937007874015741,0.5,-1.5,379.5,380.0,380.5,381.0,61.0,531.0,11114.0,17674.0,False,False
2330,2022-10-28 10:38:06.221279,0.001315789473684159,-0.003937007874015741,0.5,-1.5,379.5,380.0,380.5,381.0,60.0,531.0,11114.0,17674.0,False,False
2330,2022-10-28 10:38:07.130209,0.001315789473684159,-0.005249343832021025,0.5,-2.0,379.0,380.0,380.5,381.0,368.0,531.0,11114.0,17674.0,False,False
2330,2022-10-28 10:38:07.147352,0.001315789473684159,-0.005249343832021025,0.5,-2.0,379.0,380.0,380.5,381.0,368.0,536.0,11114.0,17674.0,False,False
2330,2022-10-28 10:38:07.163323,0.001315789473684159,-0.005249343832021025,0.5,-2.0,379.0,380.0,380.5,381.0,368.0,536.0,11114.0,17674.0,False,False
2330,2022-10-28 10:38:07.172174,0.001315789473684159,-0.005249343832021025,0.5,-2.0,379.0,380.0,380.5,381.0,363.0,536.0,11114.0,17674.0,False,False
2330,2022-10-28 10:38:07.289242,0.001315789473684159,-0.005249343832021025,0.5,-2.0,379.0,380.0,380.5,381.0,363.0,536.0,11114.0,17674.0,False,False
2330,2022-10-28 10:38:07.322254,0.001315789473684159,-0.005249343832021025,0.5,-2.0,379.0,380.0,380.5,381.0,363.0,536.0,11114.0,17674.0,False,False
2330,2022-10-28 10:38:07.322720,0.001315789473684159,-0.005249343832021025,0.5,-2.0,379.0,380.0,380.5,381.0,363.0,536.0,11114.0,17674.0,False,False
2330,2022-10-28 10:38:07.527507,0.001315789473684159,-0.005249343832021025,0.5,-2.0,379.0,380.0,380.5,381.0,364.0,538.0,11114.0,17674.0,False,False
2330,2022-10-28 10:38:07.595681,0.001315789473684159,-0.005249343832021025,0.5,-2.0,379.0,380.0,380.5,381.0,360.0,538.0,11114.0,17674.0,False,False
2330,2022-10-28 10:38:07.624597,0.001315789473684159,-0.005249343832021025,0.5,-2.0,379.0,380.0,380.5,381.0,359.0,538.0,11114.0,17674.0,False,False
2330,2022-10-28 10:38:07.658114,0.001315789473684159,-0.005249343832021025,0.5,-2.0,379.0,380.0,380.5,381.0,362.0,538.0,11114.0,17674.0,False,False
2330,2022-10-28 10:38:07.828593,0.001315789473684159,-0.005249343832021025,0.5,-2.0,379.0,380.0,380.5,381.0,362.0,529.0,11114.0,17674.0,False,False
2330,2022-10-28 10:38:08.199191,0.001315789473684159,-0.005249343832021025,0.5,-2.0,379.0,380.0,380.5,381.0,362.0,529.0,11114.0,17674.0,False,False
2330,2022-10-28 10:38:08.236375,0.001315789473684159,-0.005249343832021025,0.5,-2.0,379.0,380.0,380.5,381.0,361.0,529.0,11114.0,17674.0,False,False
2330,2022-10-28 10:38:08.285654,0.001315789473684159,-0.005249343832021025,0.5,-2.0,379.0,380.0,380.5,381.0,361.0,529.0,11114.0,17674.0,False,False
2330,2022-10-28 10:38:08.931324,0.0026350461133068936,-0.005249343832021025,1.0,-2.0,379.0,379.5,380.5,381.0,361.0,3.0,11114.0,17674.0,False,False
2330,2022-10-28 10:38:08.968005,0.0026350461133068936,-0.005249343832021025,1.0,-2.0,379.0,379.5,380.5,381.0,362.0,3.0,11114.0,17674.0,False,False
2330,2022-10-28 10:38:09.153795,0.0026350461133068936,-0.005249343832021025,1.0,-2.0,379.0,379.5,380.5,381.0,362.0,3.0,11114.0,17674.0,False,False
2330,2022-10-28 10:38:09.294765,0.0026350461133068936,-0.005249343832021025,1.0,-2.0,379.0,379.5,380.5,381.0,361.0,3.0,11114.0,17674.0,False,False
2330,2022-10-28 10:38:09.358556,0.0026350461133068936,-0.005249343832021025,1.0,-2.0,379.0,379.5,380.5,381.0,348.0,3.0,11114.0,17674.0,False,False
2330,2022-10-28 10:38:09.398477,0.0026350461133068936,-0.005249343832021025,1.0,-2.0,379.0,379.5,380.5,381.0,347.0,3.0,11114.0,17674.0,False,False
2330,2022-10-28 10:38:09.606448,0.0026350461133068936,-0.005249343832021025,1.0,-2.0,379.0,379.5,380.5,381.0,347.0,2.0,11114.0,17674.0,False,False
2330,2022-10-28 10:38:10.133717,0.0026350461133068936,-0.005249343832021025,1.0,-2.0,379.0,379.5,380.5,381.0,347.0,2.0,11114.0,17674.0,False,False
2330,2022-10-28 10:38:10.317655,0.0026350461133068936,-0.005249343832021025,1.0,-2.0,379.0,379.5,380.5,381.0,347.0,2.0,11114.0,17674.0,False,False
2330,2022-10-28 10:38:10.624705,0.0026350461133068936,-0.005249343832021025,1.0,-2.0,379.0,379.5,380.5,381.0,347.0,3.0,11114.0,17674.0,False,False
2330,2022-10-28 10:38:11.066964,0.0026350461133068936,-0.005249343832021025,1.0,-2.0,379.0,379.5,380.5,381.0,347.0,3.0,11114.0,17674.0,False,False
2330,2022-10-28 10:38:11.079614,0.0026350461133068936,-0.005249343832021025,1.0,-2.0,379.0,379.5,380.5,381.0,347.0,3.0,11114.0,17674.0,False,False
2330,2022-10-28 10:38:11.648858,0.0026350461133068936,-0.005249343832021025,1.0,-2.0,379.0,379.5,380.5,381.0,347.0,3.0,11114.0,17674.0,False,False
2330,2022-10-28 10:38:11.773623,0.0026350461133068936,-0.005249343832021025,1.0,-2.0,379.0,379.5,380.5,381.0,346.0,3.0,11114.0,17674.0,False,False
2330,2022-10-28 10:38:11.787942,0.0026350461133068936,-0.005249343832021025,1.0,-2.0,379.0,379.5,380.5,381.0,346.0,5.0,11114.0,17674.0,False,False
2330,2022-10-28 10:38:11.840997,0.0026350461133068936,-0.005249343832021025,1.0,-2.0,379.0,379.5,380.5,381.0,346.0,5.0,11114.0,17674.0,False,False
2330,2022-10-28 10:38:11.878106,0.0026350461133068936,-0.005249343832021025,1.0,-2.0,379.0,379.5,380.5,381.0,346.0,6.0,11114.0,17674.0,False,False
2330,2022-10-28 10:38:12.307456,0.0026350461133068936,-0.005249343832021025,1.0,-2.0,379.0,379.5,380.5,381.0,346.0,6.0,11114.0,17674.0,False,False
2330,2022-10-28 10:38:12.700409,0.0026350461133068936,-0.005249343832021025,1.0,-2.0,379.0,379.5,380.5,381.0,346.0,6.0,11114.0,17674.0,False,False
2330,2022-10-28 10:38:12.922489,0.0026350461133068936,-0.005249343832021025,1.0,-2.0,379.0,379.5,380.5,381.0,346.0,6.0,11114.0,17674.0,False,False
2330,2022-10-28 10:38:13.205495,0.0026350461133068936,-0.005249343832021025,1.0,-2.0,379.0,379.5,380.5,381.0,346.0,5.0,11114.0,17674.0,False,False
2330,2022-10-28 10:38:13.926077,0.0026350461133068936,-0.005249343832021025,1.0,-2.0,379.0,379.5,380.5,381.0,346.0,5.0,11114.0,17674.0,False,False
2330,2022-10-28 10:38:13.961968,0.0026350461133068936,-0.005249343832021025,1.0,-2.0,379.0,379.5,380.5,381.0,346.0,5.0,11114.0,17674.0,False,False
2330,2022-10-28 10:38:14.036966,0.0026350461133068936,-0.005249343832021025,1.0,-2.0,379.0,379.5,380.5,381.0,346.0,6.0,11114.0,17674.0,False,False
2330,2022-10-28 10:38:14.313032,0.0026350461133068936,-0.005249343832021025,1.0,-2.0,379.0,379.5,380.5,381.0,346.0,7.0,11114.0,17674.0,False,False
2330,2022-10-28 10:38:14.335309,0.0026350461133068936,-0.005249343832021025,1.0,-2.0,379.0,379.5,380.5,381.0,346.0,7.0,9468.0,24673.0,True,True
2330,2022-10-28 10:38:14.389044,0.0026350461133068936,-0.005249343832021025,1.0,-2.0,379.0,379.5,380.5,381.0,346.0,7.0,9468.0,24673.0,False,False
2330,2022-10-28 10:38:14.610239,0.0026350461133068936,-0.005249343832021025,1.0,-2.0,379.0,379.5,380.5,381.0,346.0,13.0,9468.0,24673.0,False,False
2330,2022-10-28 10:38:14.922808,0.0026350461133068936,-0.005249343832021025,1.0,-2.0,379.0,379.5,380.5,381.0,346.0,13.0,9468.0,24673.0,False,False
2330,2022-10-28 10:38:15.005954,0.0026350461133068936,-0.005249343832021025,1.0,-2.0,379.0,379.5,380.5,381.0,347.0,13.0,9468.0,24673.0,False,False
2330,2022-10-28 10:38:15.065430,0.0026350461133068936,-0.005249343832021025,1.0,-2.0,379.0,379.5,380.5,381.0,346.0,13.0,9468.0,24673.0,False,False
2330,2022-10-28 10:38:15.784656,0.0026350461133068936,-0.005249343832021025,1.0,-2.0,379.0,379.5,380.5,381.0,346.0,13.0,9468.0,24673.0,False,False
2330,2022-10-28 10:38:15.817315,0.0026350461133068936,-0.005249343832021025,1.0,-2.0,379.0,379.5,380.5,381.0,346.0,13.0,9468.0,24673.0,False,False
2330,2022-10-28 10:38:15.918981,0.0026350461133068936,-0.005249343832021025,1.0,-2.0,379.0,379.5,380.5,381.0,346.0,12.0,9468.0,24673.0,False,False
2330,2022-10-28 10:38:16.066180,0.0026350461133068936,-0.005249343832021025,1.0,-2.0,379.0,379.5,380.5,381.0,346.0,11.0,9468.0,24673.0,False,False
2330,2022-10-28 10:38:16.975927,0.0026350461133068936,-0.005249343832021025,1.0,-2.0,379.0,379.5,380.5,381.0,345.0,11.0,9468.0,24673.0,False,False
2330,2022-10-28 10:38:17.553805,0.0026350461133068936,-0.005249343832021025,1.0,-2.0,379.0,379.5,380.5,381.0,345.0,11.0,9468.0,24673.0,False,False
2330,2022-10-28 10:38:18.133639,0.0026350461133068936,-0.005249343832021025,1.0,-2.0,379.0,379.5,380.5,381.0,345.0,11.0,9468.0,24673.0,False,False
2330,2022-10-28 10:38:18.139512,0.0026350461133068936,-0.005249343832021025,1.0,-2.0,379.0,379.5,380.5,381.0,345.0,11.0,9468.0,24673.0,False,False
2330,2022-10-28 10:38:18.171885,0.0026350461133068936,-0.005249343832021025,1.0,-2.0,379.0,379.5,380.5,381.0,345.0,11.0,9468.0,24673.0,False,False
2330,2022-10-28 10:38:18.359741,0.0026350461133068936,-0.005249343832021025,1.0,-2.0,379.0,379.5,380.5,381.0,345.0,11.0,9468.0,24673.0,False,False
2330,2022-10-28 10:38:18.503484,0.0026350461133068936,-0.005249343832021025,1.0,-2.0,379.0,379.5,380.5,381.0,345.0,11.0,9468.0,24673.0,False,False
2330,2022-10-28 10:38:18.642205,0.0026350461133068936,-0.005249343832021025,1.0,-2.0,379.0,379.5,380.5,381.0,345.0,17.0,9468.0,24673.0,False,False
2330,2022-10-28 10:38:18.755900,0.0026350461133068936,-0.005249343832021025,1.0,-2.0,379.0,379.5,380.5,381.0,345.0,17.0,9468.0,24673.0,False,False
2330,2022-10-28 10:38:18.890433,0.0026350461133068936,-0.005249343832021025,1.0,-2.0,379.0,379.5,380.5,381.0,346.0,17.0,9468.0,24673.0,False,False
2330,2022-10-28 10:38:19.030097,0.0026350461133068936,-0.005249343832021025,1.0,-2.0,379.0,379.5,380.5,381.0,345.0,17.0,9468.0,24673.0,False,False
2330,2022-10-28 10:38:19.306799,0.0026350461133068936,-0.005249343832021025,1.0,-2.0,379.0,379.5,380.5,381.0,345.0,17.0,9468.0,24673.0,False,False
2330,2022-10-28 10:38:19.887451,0.0026350461133068936,-0.005249343832021025,1.0,-2.0,379.0,379.5,380.5,381.0,345.0,17.0,9468.0,24673.0,False,False
2330,2022-10-28 10:38:20.142497,0.0026350461133068936,-0.005249343832021025,1.0,-2.0,379.0,379.5,380.5,381.0,344.0,17.0,9468.0,24673.0,False,False
2330,2022-10-28 10:38:20.649424,0.0026350461133068936,-0.005249343832021025,1.0,-2.0,379.0,379.5,380.5,381.0,343.0,17.0,9468.0,24673.0,False,False
2330,2022-10-28 10:38:21.723720,0.0026350461133068936,-0.005249343832021025,1.0,-2.0,379.0,379.5,380.5,381.0,343.0,17.0,9468.0,24673.0,False,False
2330,2022-10-28 10:38:21.880647,0.0026350461133068936,-0.005249343832021025,1.0,-2.0,379.0,379.5,380.5,381.0,343.0,17.0,9468.0,24673.0,False,False
2330,2022-10-28 10:38:21.897836,0.0026350461133068936,-0.005249343832021025,1.0,-2.0,379.0,379.5,380.5,381.0,343.0,17.0,9468.0,24673.0,False,False
2330,2022-10-28 10:38:21.943330,0.0026350461133068936,-0.005249343832021025,1.0,-2.0,379.0,379.5,380.5,381.0,343.0,16.0,9468.0,24673.0,False,False
2330,2022-10-28 10:38:22.900063,0.0026350461133068936,-0.005249343832021025,1.0,-2.0,379.0,379.5,380.5,381.0,343.0,16.0,9468.0,24673.0,False,False
2330,2022-10-28 10:38:22.944090,0.0026350461133068936,-0.005249343832021025,1.0,-2.0,379.0,379.5,380.5,381.0,342.0,16.0,9468.0,24673.0,False,False
2330,2022-10-28 10:38:22.990463,0.0026350461133068936,-0.005249343832021025,1.0,-2.0,379.0,379.5,380.5,381.0,341.0,16.0,9468.0,24673.0,False,False
2330,2022-10-28 10:38:23.013789,0.0026350461133068936,-0.005249343832021025,1.0,-2.0,379.0,379.5,380.5,381.0,340.0,16.0,9468.0,24673.0,False,False
2330,2022-10-28 10:38:23.036257,0.0026350461133068936,-0.005249343832021025,1.0,-2.0,379.0,379.5,380.5,381.0,340.0,16.0,9468.0,24673.0,False,False
2330,2022-10-28 10:38:23.162694,0.0026350461133068936,-0.005249343832021025,1.0,-2.0,379.0,379.5,380.5,381.0,340.0,16.0,9468.0,24673.0,False,False
2330,2022-10-28 10:38:23.187582,0.0026350461133068936,-0.005249343832021025,1.0,-2.0,379.0,379.5,380.5,381.0,340.0,16.0,9468.0,24673.0,False,False
2330,2022-10-28 10:38:23.316158,0.0026350461133068936,-0.005249343832021025,1.0,-2.0,379.0,379.5,380.5,381.0,340.0,16.0,9468.0,24673.0,False,False
2330,2022-10-28 10:38:23.517928,0.0026350461133068936,-0.005249343832021025,1.0,-2.0,379.0,379.5,380.5,381.0,340.0,22.0,9468.0,24673.0,False,False
2330,2022-10-28 10:38:23.794374,0.0026350461133068936,-0.005249343832021025,1.0,-2.0,379.0,379.5,380.5,381.0,340.0,22.0,9468.0,24673.0,False,False
2330,2022-10-28 10:38:24.367483,0.0026350461133068936,-0.005249343832021025,1.0,-2.0,379.0,379.5,380.5,381.0,340.0,22.0,6310.0,39724.0,True,True
2330,2022-10-28 10:38:24.562808,0.0026350461133068936,-0.005249343832021025,1.0,-2.0,379.0,379.5,380.5,381.0,340.0,23.0,6310.0,39724.0,False,False
2330,2022-10-28 10:38:25.162290,0.0026350461133068936,-0.005249343832021025,1.0,-2.0,379.0,379.5,380.5,381.0,340.0,23.0,6310.0,39724.0,False,False
2330,2022-10-28 10:38:25.426564,0.0026350461133068936,-0.005249343832021025,1.0,-2.0,379.0,379.5,380.5,381.0,339.0,23.0,6310.0,39724.0,False,False
2330,2022-10-28 10:38:25.687873,0.0026350461133068936,-0.005249343832021025,1.0,-2.0,379.0,379.5,380.5,381.0,340.0,23.0,6310.0,39724.0,False,False
2330,2022-10-28 10:38:25.850558,0.0026350461133068936,-0.005249343832021025,1.0,-2.0,379.0,379.5,380.5,381.0,340.0,24.0,6310.0,39724.0,False,False
2330,2022-10-28 10:38:25.853493,0.0026350461133068936,-0.005249343832021025,1.0,-2.0,379.0,379.5,380.5,381.0,340.0,24.0,6310.0,39724.0,False,False
2330,2022-10-28 10:38:25.998609,0.0026350461133068936,-0.005249343832021025,1.0,-2.0,379.0,379.5,380.5,381.0,340.0,28.0,6310.0,39724.0,False,False
2330,2022-10-28 10:38:26.043848,0.0026350461133068936,-0.005249343832021025,1.0,-2.0,379.0,379.5,380.5,381.0,340.0,28.0,6310.0,39724.0,False,False
2330,2022-10-28 10:38:26.317524,0.0026350461133068936,-0.005249343832021025,1.0,-2.0,379.0,379.5,380.5,381.0,340.0,28.0,6310.0,39724.0,False,False
2330,2022-10-28 10:38:26.427986,0.0026350461133068936,-0.005249343832021025,1.0,-2.0,379.0,379.5,380.5,381.0,340.0,28.0,6310.0,39724.0,False,False
2330,2022-10-28 10:38:26.453065,0.0026350461133068936,-0.005249343832021025,1.0,-2.0,379.0,379.5,380.5,381.0,340.0,26.0,6310.0,39724.0,False,False
2330,2022-10-28 10:38:26.580989,0.0026350461133068936,-0.005249343832021025,1.0,-2.0,379.0,379.5,380.5,381.0,339.0,26.0,6310.0,39724.0,False,False
2330,2022-10-28 10:38:27.226896,0.0026350461133068936,-0.005249343832021025,1.0,-2.0,379.0,379.5,380.5,381.0,339.0,31.0,6310.0,39724.0,False,False
2330,2022-10-28 10:38:27.228192,0.0026350461133068936,-0.005249343832021025,1.0,-2.0,379.0,379.5,380.5,381.0,339.0,31.0,6310.0,39724.0,False,False
2330,2022-10-28 10:38:27.850432,0.0026350461133068936,-0.005249343832021025,1.0,-2.0,379.0,379.5,380.5,381.0,339.0,31.0,6310.0,39724.0,False,False
2330,2022-10-28 10:38:27.851749,0.0026350461133068936,-0.005249343832021025,1.0,-2.0,379.0,379.5,380.5,381.0,339.0,31.0,6310.0,39724.0,False,False
2330,2022-10-28 10:38:27.939091,0.0026350461133068936,-0.005249343832021025,1.0,-2.0,379.0,379.5,380.5,381.0,338.0,31.0,6310.0,39724.0,False,False
2330,2022-10-28 10:38:28.341729,0.0026350461133068936,-0.005249343832021025,1.0,-2.0,379.0,379.5,380.5,381.0,338.0,30.0,6310.0,39724.0,False,False
2330,2022-10-28 10:38:28.630276,0.0026350461133068936,-0.005249343832021025,1.0,-2.0,379.0,379.5,380.5,381.0,338.0,30.0,6310.0,39724.0,False,False
2330,2022-10-28 10:38:29.040280,0.0026350461133068936,-0.005249343832021025,1.0,-2.0,379.0,379.5,380.5,381.0,338.0,39.0,6310.0,39724.0,False,False
2330,2022-10-28 10:38:29.213625,0.0026350461133068936,-0.005249343832021025,1.0,-2.0,379.0,379.5,380.5,381.0,338.0,45.0,6310.0,39724.0,False,False
2330,2022-10-28 10:38:29.370938,0.0026350461133068936,-0.005249343832021025,1.0,-2.0,379.0,379.5,380.5,381.0,338.0,45.0,6310.0,39724.0,False,False
2330,2022-10-28 10:38:31.057977,0.0026350461133068936,-0.005249343832021025,1.0,-2.0,379.0,379.5,380.5,381.0,338.0,45.0,6310.0,39724.0,False,False
2330,2022-10-28 10:38:31.136235,0.0026350461133068936,-0.005249343832021025,1.0,-2.0,379.0,379.5,380.5,381.0,338.0,45.0,6310.0,39724.0,False,False
2330,2022-10-28 10:38:31.273970,0.0026350461133068936,-0.005249343832021025,1.0,-2.0,379.0,379.5,380.5,381.0,338.0,45.0,6310.0,39724.0,False,False
2330,2022-10-28 10:38:31.374178,0.0026350461133068936,-0.005249343832021025,1.0,-2.0,379.0,379.5,380.5,381.0,338.0,45.0,6310.0,39724.0,False,False
2330,2022-10-28 10:38:31.432123,0.0026350461133068936,-0.005249343832021025,1.0,-2.0,379.0,379.5,380.5,381.0,338.0,45.0,6310.0,39724.0,False,False
2330,2022-10-28 10:38:31.568950,0.0026350461133068936,-0.005249343832021025,1.0,-2.0,379.0,379.5,380.5,381.0,338.0,45.0,6310.0,39724.0,False,False
2330,2022-10-28 10:38:31.670150,0.0026350461133068936,-0.005249343832021025,1.0,-2.0,379.0,379.5,380.5,381.0,338.0,45.0,6310.0,39724.0,False,False
2330,2022-10-28 10:38:31.933811,0.0026350461133068936,-0.005249343832021025,1.0,-2.0,379.0,379.5,380.5,381.0,338.0,45.0,6310.0,39724.0,False,False
2330,2022-10-28 10:38:32.023469,0.0026350461133068936,-0.005249343832021025,1.0,-2.0,379.0,379.5,380.5,381.0,338.0,45.0,6310.0,39724.0,False,False
2330,2022-10-28 10:38:32.100364,0.0026350461133068936,-0.005249343832021025,1.0,-2.0,379.0,379.5,380.5,381.0,338.0,45.0,6310.0,39724.0,False,False
2330,2022-10-28 10:38:32.369394,0.0026350461133068936,-0.005249343832021025,1.0,-2.0,379.0,379.5,380.5,381.0,337.0,45.0,6310.0,39724.0,False,False
2330,2022-10-28 10:38:32.767835,0.0026350461133068936,-0.005249343832021025,1.0,-2.0,379.0,379.5,380.5,381.0,337.0,45.0,6310.0,39724.0,False,False
2330,2022-10-28 10:38:32.908918,0.0026350461133068936,-0.005249343832021025,1.0,-2.0,379.0,379.5,380.5,381.0,336.0,45.0,6310.0,39724.0,False,False
2330,2022-10-28 10:38:32.924224,0.0026350461133068936,-0.005249343832021025,1.0,-2.0,379.0,379.5,380.5,381.0,337.0,45.0,6310.0,39724.0,False,False
2330,2022-10-28 10:38:33.101365,0.0026350461133068936,-0.005249343832021025,1.0,-2.0,379.0,379.5,380.5,381.0,336.0,45.0,6310.0,39724.0,False,False
2330,2022-10-28 10:38:33.631710,0.0026350461133068936,-0.005249343832021025,1.0,-2.0,379.0,379.5,380.5,381.0,336.0,45.0,6310.0,39724.0,False,False
2330,2022-10-28 10:38:33.942063,0.0026350461133068936,-0.005249343832021025,1.0,-2.0,379.0,379.5,380.5,381.0,336.0,45.0,6310.0,39724.0,False,False
2330,2022-10-28 10:38:34.058331,0.0026350461133068936,-0.005249343832021025,1.0,-2.0,379.0,379.5,380.5,381.0,336.0,45.0,6310.0,39724.0,False,False
2330,2022-10-28 10:38:34.139948,0.0026350461133068936,-0.005249343832021025,1.0,-2.0,379.0,379.5,380.5,381.0,335.0,50.0,6310.0,39724.0,False,False
2330,2022-10-28 10:38:34.371992,0.0026350461133068936,-0.005249343832021025,1.0,-2.0,379.0,379.5,380.5,381.0,335.0,50.0,6310.0,39724.0,False,False
2330,2022-10-28 10:38:34.395622,0.0026350461133068936,-0.005249343832021025,1.0,-2.0,379.0,379.5,380.5,381.0,335.0,50.0,5897.0,68723.0,True,True
2330,2022-10-28 10:38:35.274863,0.0026350461133068936,-0.005249343832021025,1.0,-2.0,379.0,379.5,380.5,381.0,335.0,50.0,5897.0,68723.0,False,False
2330,2022-10-28 10:38:35.500095,0.0026350461133068936,-0.005249343832021025,1.0,-2.0,379.0,379.5,380.5,381.0,335.0,50.0,5897.0,68723.0,False,False
2330,2022-10-28 10:38:36.139794,0.0026350461133068936,-0.005249343832021025,1.0,-2.0,379.0,379.5,380.5,381.0,335.0,50.0,5897.0,68723.0,False,False
2330,2022-10-28 10:38:36.141544,0.0026350461133068936,-0.005249343832021025,1.0,-2.0,379.0,379.5,380.5,381.0,335.0,50.0,5897.0,68723.0,False,False
2330,2022-10-28 10:38:36.309189,0.0026350461133068936,-0.005249343832021025,1.0,-2.0,379.0,379.5,380.5,381.0,336.0,50.0,5897.0,68723.0,False,False
2330,2022-10-28 10:38:36.799241,0.0026350461133068936,-0.005249343832021025,1.0,-2.0,379.0,379.5,380.5,381.0,335.0,50.0,5897.0,68723.0,False,False
2330,2022-10-28 10:38:36.990444,0.0026350461133068936,-0.005249343832021025,1.0,-2.0,379.0,379.5,380.5,381.0,335.0,50.0,5897.0,68723.0,False,False
2330,2022-10-28 10:38:37.234004,0.0026350461133068936,-0.005249343832021025,1.0,-2.0,379.0,379.5,380.5,381.0,335.0,49.0,5897.0,68723.0,False,False
2330,2022-10-28 10:38:37.309690,0.0026350461133068936,-0.005249343832021025,1.0,-2.0,379.0,379.5,380.5,381.0,335.0,49.0,5897.0,68723.0,False,False
2330,2022-10-28 10:38:37.627764,0.0026350461133068936,-0.005249343832021025,1.0,-2.0,379.0,379.5,380.5,381.0,334.0,49.0,5897.0,68723.0,False,False
2330,2022-10-28 10:38:38.071272,0.0026350461133068936,-0.005249343832021025,1.0,-2.0,379.0,379.5,380.5,381.0,333.0,49.0,5897.0,68723.0,False,False
2330,2022-10-28 10:38:38.164746,0.0026350461133068936,-0.005249343832021025,1.0,-2.0,379.0,379.5,380.5,381.0,333.0,49.0,5897.0,68723.0,False,False
2330,2022-10-28 10:38:38.753598,0.0026350461133068936,-0.005249343832021025,1.0,-2.0,379.0,379.5,380.5,381.0,332.0,49.0,5897.0,68723.0,False,False
2330,2022-10-28 10:38:38.898813,0.0026350461133068936,-0.005249343832021025,1.0,-2.0,379.0,379.5,380.5,381.0,332.0,49.0,5897.0,68723.0,False,False
2330,2022-10-28 10:38:39.207798,0.0026350461133068936,-0.005249343832021025,1.0,-2.0,379.0,379.5,380.5,381.0,331.0,49.0,5897.0,68723.0,False,False
2330,2022-10-28 10:38:39.330135,0.0026350461133068936,-0.005249343832021025,1.0,-2.0,379.0,379.5,380.5,381.0,332.0,49.0,5897.0,68723.0,False,False
2330,2022-10-28 10:38:39.388896,0.0026350461133068936,-0.005249343832021025,1.0,-2.0,379.0,379.5,380.5,381.0,332.0,49.0,5897.0,68723.0,False,False
2330,2022-10-28 10:38:39.614214,0.0026350461133068936,-0.005249343832021025,1.0,-2.0,379.0,379.5,380.5,381.0,331.0,49.0,5897.0,68723.0,False,False
2330,2022-10-28 10:38:40.403795,0.0026350461133068936,-0.005249343832021025,1.0,-2.0,379.0,379.5,380.5,381.0,331.0,49.0,5897.0,68723.0,False,False
2330,2022-10-28 10:38:40.612982,0.0026350461133068936,-0.005249343832021025,1.0,-2.0,379.0,379.5,380.5,381.0,331.0,55.0,5897.0,68723.0,False,False
2330,2022-10-28 10:38:40.647843,0.0026350461133068936,-0.005249343832021025,1.0,-2.0,379.0,379.5,380.5,381.0,331.0,60.0,5897.0,68723.0,False,False
