symbol,datetime,NaOb_r,NbOa_r,NaOb_s,NbOa_s,bid1,ask1,odd_bid1,odd_ask1,bidQty1,askQty1,odd_bidQty1,odd_askQty1,simulate,triggerbyOdd
2603,2022-10-28 10:32:36.140451,-0.0035842293906810374,-0.0035842293906810374,-0.5,-0.5,139.0,139.5,139.0,139.5,912.0,500.0,7196.0,1720.0,True,True
2603,2022-10-28 10:32:39.014634,-0.0035842293906810374,-0.0035842293906810374,-0.5,-0.5,139.0,139.5,139.0,139.5,912.0,500.0,7196.0,1720.0,False,False
2603,2022-10-28 10:32:39.350737,-0.0035842293906810374,-0.0035842293906810374,-0.5,-0.5,139.0,139.5,139.0,139.5,915.0,500.0,7196.0,1720.0,False,False
2603,2022-10-28 10:32:40.546157,-0.0035842293906810374,-0.0035842293906810374,-0.5,-0.5,139.0,139.5,139.0,139.5,915.0,500.0,7196.0,1720.0,False,False
2603,2022-10-28 10:32:41.197827,-0.0035842293906810374,-0.0035842293906810374,-0.5,-0.5,139.0,139.5,139.0,139.5,915.0,500.0,7196.0,1720.0,False,False
2603,2022-10-28 10:32:41.657762,-0.0035842293906810374,-0.0035842293906810374,-0.5,-0.5,139.0,139.5,139.0,139.5,915.0,500.0,7196.0,1720.0,False,False
2603,2022-10-28 10:32:41.772843,-0.0035842293906810374,-0.0035842293906810374,-0.5,-0.5,139.0,139.5,139.0,139.5,915.0,500.0,7196.0,1720.0,False,False
2603,2022-10-28 10:32:42.697310,-0.0035842293906810374,-0.0035842293906810374,-0.5,-0.5,139.0,139.5,139.0,139.5,915.0,500.0,7196.0,1720.0,False,False
2603,2022-10-28 10:32:43.107397,-0.0035842293906810374,-0.0035842293906810374,-0.5,-0.5,139.0,139.5,139.0,139.5,914.0,500.0,7196.0,1720.0,False,False
2603,2022-10-28 10:32:43.326295,-0.0035842293906810374,-0.0035842293906810374,-0.5,-0.5,139.0,139.5,139.0,139.5,914.0,499.0,7196.0,1720.0,False,False
2603,2022-10-28 10:32:46.256919,-0.0035842293906810374,-0.0035842293906810374,-0.5,-0.5,139.0,139.5,139.0,139.5,913.0,498.0,7196.0,1720.0,False,False
2603,2022-10-28 10:32:46.332920,-0.0035842293906810374,-0.0035842293906810374,-0.5,-0.5,139.0,139.5,139.0,139.5,913.0,498.0,7196.0,1720.0,False,False
2603,2022-10-28 10:32:46.334536,-0.0035842293906810374,-0.0035842293906810374,-0.5,-0.5,139.0,139.5,139.0,139.5,913.0,505.0,7196.0,1720.0,False,False
2603,2022-10-28 10:32:48.816008,-0.0035842293906810374,-0.0035842293906810374,-0.5,-0.5,139.0,139.5,139.0,139.5,913.0,505.0,7196.0,1720.0,False,False
2603,2022-10-28 10:32:50.785632,-0.0035842293906810374,-0.0035842293906810374,-0.5,-0.5,139.0,139.5,139.0,139.5,913.0,465.0,7196.0,1720.0,False,False
2603,2022-10-28 10:32:53.138296,-0.0035842293906810374,-0.0035842293906810374,-0.5,-0.5,139.0,139.5,139.0,139.5,913.0,465.0,7196.0,1720.0,False,False
2603,2022-10-28 10:32:54.809486,-0.0035842293906810374,-0.0035842293906810374,-0.5,-0.5,139.0,139.5,139.0,139.5,913.0,462.0,7196.0,1720.0,False,False
2603,2022-10-28 10:32:54.839797,-0.0035842293906810374,-0.0035842293906810374,-0.5,-0.5,139.0,139.5,139.0,139.5,910.0,462.0,7196.0,1720.0,False,False
2603,2022-10-28 10:32:55.018353,-0.0035842293906810374,-0.0035842293906810374,-0.5,-0.5,139.0,139.5,139.0,139.5,910.0,462.0,7196.0,1720.0,False,False
2603,2022-10-28 10:32:55.605319,-0.0035842293906810374,-0.0035842293906810374,-0.5,-0.5,139.0,139.5,139.0,139.5,910.0,462.0,7196.0,1720.0,False,False
2603,2022-10-28 10:32:55.818074,-0.0035842293906810374,-0.0035842293906810374,-0.5,-0.5,139.0,139.5,139.0,139.5,910.0,462.0,7196.0,1720.0,False,False
2603,2022-10-28 10:32:56.212946,-0.0035842293906810374,-0.0035842293906810374,-0.5,-0.5,139.0,139.5,139.0,139.5,910.0,462.0,7196.0,1720.0,True,True
2603,2022-10-28 10:32:56.570199,-0.0035842293906810374,-0.0035842293906810374,-0.5,-0.5,139.0,139.5,139.0,139.5,911.0,462.0,7196.0,1720.0,False,False
2603,2022-10-28 10:32:58.414350,-0.0035842293906810374,-0.0035842293906810374,-0.5,-0.5,139.0,139.5,139.0,139.5,911.0,463.0,7196.0,1720.0,False,False
2603,2022-10-28 10:33:00.284285,-0.0035842293906810374,-0.0035842293906810374,-0.5,-0.5,139.0,139.5,139.0,139.5,912.0,463.0,7196.0,1720.0,False,False
2603,2022-10-28 10:33:02.063767,-0.0035842293906810374,-0.0035842293906810374,-0.5,-0.5,139.0,139.5,139.0,139.5,912.0,464.0,7196.0,1720.0,False,False
2603,2022-10-28 10:33:02.326905,-0.0035842293906810374,-0.0035842293906810374,-0.5,-0.5,139.0,139.5,139.0,139.5,908.0,464.0,7196.0,1720.0,False,False
2603,2022-10-28 10:33:02.396485,-0.0035842293906810374,-0.0035842293906810374,-0.5,-0.5,139.0,139.5,139.0,139.5,907.0,464.0,7196.0,1720.0,False,False
2603,2022-10-28 10:33:05.100344,-0.0035842293906810374,-0.0035842293906810374,-0.5,-0.5,139.0,139.5,139.0,139.5,907.0,465.0,7196.0,1720.0,False,False
2603,2022-10-28 10:33:08.831166,-0.0035842293906810374,-0.0035842293906810374,-0.5,-0.5,139.0,139.5,139.0,139.5,908.0,465.0,7196.0,1720.0,False,False
2603,2022-10-28 10:33:10.586778,-0.0035842293906810374,-0.0035842293906810374,-0.5,-0.5,139.0,139.5,139.0,139.5,908.0,465.0,7196.0,1720.0,False,False
2603,2022-10-28 10:33:10.996467,-0.0035842293906810374,-0.0035842293906810374,-0.5,-0.5,139.0,139.5,139.0,139.5,908.0,461.0,7196.0,1720.0,False,False
2603,2022-10-28 10:33:12.013677,-0.0035842293906810374,-0.0035842293906810374,-0.5,-0.5,139.0,139.5,139.0,139.5,908.0,462.0,7196.0,1720.0,False,False
2603,2022-10-28 10:33:12.048190,-0.0035842293906810374,-0.0035842293906810374,-0.5,-0.5,139.0,139.5,139.0,139.5,909.0,462.0,7196.0,1720.0,False,False
2603,2022-10-28 10:33:14.792306,-0.0035842293906810374,-0.0035842293906810374,-0.5,-0.5,139.0,139.5,139.0,139.5,909.0,462.0,7196.0,1720.0,False,False
2603,2022-10-28 10:33:15.350413,-0.0035842293906810374,-0.0035842293906810374,-0.5,-0.5,139.0,139.5,139.0,139.5,909.0,462.0,7196.0,1720.0,False,False
2603,2022-10-28 10:33:16.313399,-0.0035842293906810374,-0.0035842293906810374,-0.5,-0.5,139.0,139.5,139.0,139.5,909.0,462.0,7696.0,1720.0,True,True
2603,2022-10-28 10:33:17.188320,-0.0035842293906810374,-0.0035842293906810374,-0.5,-0.5,139.0,139.5,139.0,139.5,909.0,462.0,7696.0,1720.0,False,False
2603,2022-10-28 10:33:18.069517,-0.0035842293906810374,-0.0035842293906810374,-0.5,-0.5,139.0,139.5,139.0,139.5,909.0,462.0,7696.0,1720.0,False,False
2603,2022-10-28 10:33:20.348521,-0.0035842293906810374,-0.0035842293906810374,-0.5,-0.5,139.0,139.5,139.0,139.5,909.0,464.0,7696.0,1720.0,False,False
2603,2022-10-28 10:33:20.474310,-0.0035842293906810374,-0.0035842293906810374,-0.5,-0.5,139.0,139.5,139.0,139.5,909.0,464.0,7696.0,1720.0,False,False
2603,2022-10-28 10:33:21.952439,-0.0035842293906810374,-0.0035842293906810374,-0.5,-0.5,139.0,139.5,139.0,139.5,908.0,464.0,7696.0,1720.0,False,False
2603,2022-10-28 10:33:22.834001,-0.0035842293906810374,-0.0035842293906810374,-0.5,-0.5,139.0,139.5,139.0,139.5,909.0,464.0,7696.0,1720.0,False,False
2603,2022-10-28 10:33:23.811055,-0.0035842293906810374,-0.0035842293906810374,-0.5,-0.5,139.0,139.5,139.0,139.5,909.0,465.0,7696.0,1720.0,False,False
2603,2022-10-28 10:33:25.414363,-0.0035842293906810374,-0.0035842293906810374,-0.5,-0.5,139.0,139.5,139.0,139.5,909.0,465.0,7696.0,1720.0,False,False
2603,2022-10-28 10:33:25.453590,-0.0035842293906810374,-0.0035842293906810374,-0.5,-0.5,139.0,139.5,139.0,139.5,909.0,468.0,7696.0,1720.0,False,False
2603,2022-10-28 10:33:26.359691,-0.0035842293906810374,-0.0035842293906810374,-0.5,-0.5,139.0,139.5,139.0,139.5,909.0,468.0,7696.0,1750.0,True,True
2603,2022-10-28 10:33:27.582227,-0.0035842293906810374,-0.0035842293906810374,-0.5,-0.5,139.0,139.5,139.0,139.5,909.0,468.0,7696.0,1750.0,False,False
2603,2022-10-28 10:33:28.359728,-0.0035842293906810374,-0.0035842293906810374,-0.5,-0.5,139.0,139.5,139.0,139.5,908.0,467.0,7696.0,1750.0,False,False
2603,2022-10-28 10:33:28.389707,-0.0035842293906810374,-0.0035842293906810374,-0.5,-0.5,139.0,139.5,139.0,139.5,907.0,467.0,7696.0,1750.0,False,False
2603,2022-10-28 10:33:30.091501,-0.0035842293906810374,-0.0035842293906810374,-0.5,-0.5,139.0,139.5,139.0,139.5,907.0,466.0,7696.0,1750.0,False,False
2603,2022-10-28 10:33:31.182303,-0.0035842293906810374,-0.0035842293906810374,-0.5,-0.5,139.0,139.5,139.0,139.5,907.0,456.0,7696.0,1750.0,False,False
2603,2022-10-28 10:33:31.266971,-0.0035842293906810374,-0.0035842293906810374,-0.5,-0.5,139.0,139.5,139.0,139.5,905.0,456.0,7696.0,1750.0,False,False
2603,2022-10-28 10:33:31.602394,-0.0035842293906810374,-0.0035842293906810374,-0.5,-0.5,139.0,139.5,139.0,139.5,905.0,455.0,7696.0,1750.0,False,False
2603,2022-10-28 10:33:31.946724,-0.0035842293906810374,-0.0035842293906810374,-0.5,-0.5,139.0,139.5,139.0,139.5,905.0,457.0,7696.0,1750.0,False,False
2603,2022-10-28 10:33:32.742925,-0.0035842293906810374,-0.0035842293906810374,-0.5,-0.5,139.0,139.5,139.0,139.5,905.0,457.0,7696.0,1750.0,False,False
2603,2022-10-28 10:33:34.434083,-0.0035842293906810374,-0.0035842293906810374,-0.5,-0.5,139.0,139.5,139.0,139.5,906.0,457.0,7696.0,1750.0,False,False
2603,2022-10-28 10:33:35.920056,-0.0035842293906810374,-0.0035842293906810374,-0.5,-0.5,139.0,139.5,139.0,139.5,906.0,457.0,7696.0,1750.0,False,False
2603,2022-10-28 10:33:36.399828,-0.0035842293906810374,-0.0035842293906810374,-0.5,-0.5,139.0,139.5,139.0,139.5,906.0,457.0,7696.0,1650.0,True,True
2603,2022-10-28 10:33:37.084849,-0.0035842293906810374,-0.0035842293906810374,-0.5,-0.5,139.0,139.5,139.0,139.5,907.0,457.0,7696.0,1650.0,False,False
2603,2022-10-28 10:33:37.628892,-0.0035842293906810374,-0.0035842293906810374,-0.5,-0.5,139.0,139.5,139.0,139.5,905.0,457.0,7696.0,1650.0,False,False
2603,2022-10-28 10:33:37.711256,-0.0035842293906810374,-0.0035842293906810374,-0.5,-0.5,139.0,139.5,139.0,139.5,904.0,457.0,7696.0,1650.0,False,False
2603,2022-10-28 10:33:38.540352,-0.0035842293906810374,-0.0035842293906810374,-0.5,-0.5,139.0,139.5,139.0,139.5,903.0,457.0,7696.0,1650.0,False,False
2603,2022-10-28 10:33:39.428710,-0.0035842293906810374,-0.0035842293906810374,-0.5,-0.5,139.0,139.5,139.0,139.5,902.0,457.0,7696.0,1650.0,False,False
2603,2022-10-28 10:33:41.419577,-0.0035842293906810374,-0.0035842293906810374,-0.5,-0.5,139.0,139.5,139.0,139.5,907.0,457.0,7696.0,1650.0,False,False
2603,2022-10-28 10:33:43.240250,-0.0035842293906810374,-0.0035842293906810374,-0.5,-0.5,139.0,139.5,139.0,139.5,907.0,456.0,7696.0,1650.0,False,False
2603,2022-10-28 10:33:43.687330,-0.0035842293906810374,-0.0035842293906810374,-0.5,-0.5,139.0,139.5,139.0,139.5,907.0,455.0,7696.0,1650.0,False,False
2603,2022-10-28 10:33:47.515546,-0.0035842293906810374,-0.0035842293906810374,-0.5,-0.5,139.0,139.5,139.0,139.5,908.0,455.0,7696.0,1650.0,False,False
2603,2022-10-28 10:33:48.066237,-0.0035842293906810374,-0.0035842293906810374,-0.5,-0.5,139.0,139.5,139.0,139.5,908.0,455.0,7696.0,1650.0,False,False
2603,2022-10-28 10:33:48.554720,-0.0035842293906810374,-0.0035842293906810374,-0.5,-0.5,139.0,139.5,139.0,139.5,909.0,455.0,7696.0,1650.0,False,False
2603,2022-10-28 10:33:48.952862,-0.0035842293906810374,-0.0035842293906810374,-0.5,-0.5,139.0,139.5,139.0,139.5,909.0,455.0,7696.0,1650.0,False,False
2603,2022-10-28 10:33:52.650960,-0.0035842293906810374,-0.0035842293906810374,-0.5,-0.5,139.0,139.5,139.0,139.5,909.0,455.0,7696.0,1650.0,False,False
2603,2022-10-28 10:33:52.739980,-0.0035842293906810374,-0.0035842293906810374,-0.5,-0.5,139.0,139.5,139.0,139.5,909.0,457.0,7696.0,1650.0,False,False
2603,2022-10-28 10:33:53.469131,-0.0035842293906810374,-0.0035842293906810374,-0.5,-0.5,139.0,139.5,139.0,139.5,908.0,457.0,7696.0,1650.0,False,False
2603,2022-10-28 10:33:54.763722,-0.0035842293906810374,-0.0035842293906810374,-0.5,-0.5,139.0,139.5,139.0,139.5,914.0,457.0,7696.0,1650.0,False,False
2603,2022-10-28 10:33:55.456944,-0.0035842293906810374,-0.0035842293906810374,-0.5,-0.5,139.0,139.5,139.0,139.5,914.0,458.0,7696.0,1650.0,False,False
2603,2022-10-28 10:33:56.603885,-0.0035842293906810374,-0.0035842293906810374,-0.5,-0.5,139.0,139.5,139.0,139.5,915.0,458.0,7696.0,1650.0,False,False
2603,2022-10-28 10:33:59.520153,-0.0035842293906810374,-0.0035842293906810374,-0.5,-0.5,139.0,139.5,139.0,139.5,915.0,456.0,7696.0,1650.0,False,False
2603,2022-10-28 10:34:00.713971,-0.0035842293906810374,-0.0035842293906810374,-0.5,-0.5,139.0,139.5,139.0,139.5,915.0,456.0,7696.0,1650.0,False,False
2603,2022-10-28 10:34:01.379145,-0.0035842293906810374,-0.0035842293906810374,-0.5,-0.5,139.0,139.5,139.0,139.5,916.0,456.0,7696.0,1650.0,False,False
2603,2022-10-28 10:34:02.751770,-0.0035842293906810374,-0.0035842293906810374,-0.5,-0.5,139.0,139.5,139.0,139.5,916.0,456.0,7696.0,1650.0,False,False
2603,2022-10-28 10:34:02.961467,-0.0035842293906810374,-0.0035842293906810374,-0.5,-0.5,139.0,139.5,139.0,139.5,917.0,456.0,7696.0,1650.0,False,False
2603,2022-10-28 10:34:05.920978,-0.0035842293906810374,-0.0035842293906810374,-0.5,-0.5,139.0,139.5,139.0,139.5,917.0,456.0,8196.0,1950.0,False,True
2603,2022-10-28 10:34:06.303352,-0.0035842293906810374,-0.0035842293906810374,-0.5,-0.5,139.0,139.5,139.0,139.5,917.0,455.0,8196.0,1950.0,False,False
2603,2022-10-28 10:34:11.203947,-0.0035842293906810374,-0.0035842293906810374,-0.5,-0.5,139.0,139.5,139.0,139.5,916.0,455.0,8196.0,1950.0,False,False
2603,2022-10-28 10:34:11.524247,-0.0035842293906810374,-0.0035842293906810374,-0.5,-0.5,139.0,139.5,139.0,139.5,915.0,455.0,8196.0,1950.0,False,False
2603,2022-10-28 10:34:11.749328,-0.0035842293906810374,-0.0035842293906810374,-0.5,-0.5,139.0,139.5,139.0,139.5,910.0,455.0,8196.0,1950.0,False,False
2603,2022-10-28 10:34:14.943507,-0.0035842293906810374,-0.0035842293906810374,-0.5,-0.5,139.0,139.5,139.0,139.5,907.0,455.0,8196.0,1950.0,False,False
2603,2022-10-28 10:34:15.017323,-0.0035842293906810374,-0.0035842293906810374,-0.5,-0.5,139.0,139.5,139.0,139.5,906.0,455.0,8196.0,1950.0,False,False
2603,2022-10-28 10:34:15.020397,-0.0035842293906810374,-0.0035842293906810374,-0.5,-0.5,139.0,139.5,139.0,139.5,906.0,455.0,8196.0,1950.0,False,False
2603,2022-10-28 10:34:15.062962,-0.0035842293906810374,-0.0035842293906810374,-0.5,-0.5,139.0,139.5,139.0,139.5,904.0,455.0,8196.0,1950.0,False,False
2603,2022-10-28 10:34:15.096651,-0.0035842293906810374,-0.0035842293906810374,-0.5,-0.5,139.0,139.5,139.0,139.5,904.0,455.0,8196.0,1950.0,False,False
2603,2022-10-28 10:34:15.148388,-0.0035842293906810374,-0.0035842293906810374,-0.5,-0.5,139.0,139.5,139.0,139.5,904.0,454.0,8196.0,1950.0,False,False
2603,2022-10-28 10:34:15.968286,-0.0035842293906810374,-0.0035842293906810374,-0.5,-0.5,139.0,139.5,139.0,139.5,904.0,454.0,8196.0,2330.0,True,True
2603,2022-10-28 10:34:16.411538,-0.0035842293906810374,-0.0035842293906810374,-0.5,-0.5,139.0,139.5,139.0,139.5,904.0,454.0,8196.0,2330.0,False,False
2603,2022-10-28 10:34:17.791637,-0.0035842293906810374,-0.0035842293906810374,-0.5,-0.5,139.0,139.5,139.0,139.5,904.0,454.0,8196.0,2330.0,False,False
2603,2022-10-28 10:34:21.296657,-0.0035842293906810374,-0.0035842293906810374,-0.5,-0.5,139.0,139.5,139.0,139.5,905.0,454.0,8196.0,2330.0,False,False
2603,2022-10-28 10:34:22.408691,-0.0035842293906810374,-0.0035842293906810374,-0.5,-0.5,139.0,139.5,139.0,139.5,905.0,453.0,8196.0,2330.0,False,False
2603,2022-10-28 10:34:24.989677,-0.0035842293906810374,-0.0035842293906810374,-0.5,-0.5,139.0,139.5,139.0,139.5,905.0,454.0,8196.0,2330.0,False,False
2603,2022-10-28 10:34:25.133276,-0.0035842293906810374,-0.0035842293906810374,-0.5,-0.5,139.0,139.5,139.0,139.5,905.0,454.0,8196.0,2330.0,False,False
2603,2022-10-28 10:34:28.599984,-0.0035842293906810374,-0.0035842293906810374,-0.5,-0.5,139.0,139.5,139.0,139.5,904.0,454.0,8196.0,2330.0,False,False
2603,2022-10-28 10:34:28.601801,-0.0035842293906810374,-0.0035842293906810374,-0.5,-0.5,139.0,139.5,139.0,139.5,904.0,455.0,8196.0,2330.0,False,False
2603,2022-10-28 10:34:28.684887,-0.0035842293906810374,-0.0035842293906810374,-0.5,-0.5,139.0,139.5,139.0,139.5,904.0,455.0,8196.0,2330.0,False,False
2603,2022-10-28 10:34:29.740947,-0.0035842293906810374,-0.0035842293906810374,-0.5,-0.5,139.0,139.5,139.0,139.5,904.0,455.0,8196.0,2330.0,False,False
2603,2022-10-28 10:34:30.506278,-0.0035842293906810374,-0.0035842293906810374,-0.5,-0.5,139.0,139.5,139.0,139.5,904.0,455.0,8196.0,2330.0,False,False
2603,2022-10-28 10:34:32.666038,-0.0035842293906810374,-0.0035842293906810374,-0.5,-0.5,139.0,139.5,139.0,139.5,904.0,455.0,8196.0,2330.0,False,False
2603,2022-10-28 10:34:35.456771,-0.0035842293906810374,-0.0035842293906810374,-0.5,-0.5,139.0,139.5,139.0,139.5,904.0,455.0,8196.0,2330.0,False,False
2603,2022-10-28 10:34:36.043487,-0.0035842293906810374,-0.0035842293906810374,-0.5,-0.5,139.0,139.5,139.0,139.5,904.0,455.0,8296.0,2230.0,True,True
2603,2022-10-28 10:34:38.206091,-0.0035842293906810374,-0.0035842293906810374,-0.5,-0.5,139.0,139.5,139.0,139.5,904.0,455.0,8296.0,2230.0,False,False
2603,2022-10-28 10:34:38.505366,-0.0035842293906810374,-0.0035842293906810374,-0.5,-0.5,139.0,139.5,139.0,139.5,904.0,455.0,8296.0,2230.0,False,False
2603,2022-10-28 10:34:38.753203,-0.0035842293906810374,-0.0035842293906810374,-0.5,-0.5,139.0,139.5,139.0,139.5,904.0,454.0,8296.0,2230.0,False,False
2603,2022-10-28 10:34:39.499698,-0.0035842293906810374,-0.0035842293906810374,-0.5,-0.5,139.0,139.5,139.0,139.5,903.0,454.0,8296.0,2230.0,False,False
2603,2022-10-28 10:34:39.582904,-0.0035842293906810374,-0.0035842293906810374,-0.5,-0.5,139.0,139.5,139.0,139.5,903.0,454.0,8296.0,2230.0,False,False
2603,2022-10-28 10:34:39.584317,-0.0035842293906810374,-0.0035842293906810374,-0.5,-0.5,139.0,139.5,139.0,139.5,903.0,453.0,8296.0,2230.0,False,False
2603,2022-10-28 10:34:43.819126,-0.0035842293906810374,-0.0035842293906810374,-0.5,-0.5,139.0,139.5,139.0,139.5,903.0,455.0,8296.0,2230.0,False,False
2603,2022-10-28 10:34:44.383034,-0.0035842293906810374,-0.0035842293906810374,-0.5,-0.5,139.0,139.5,139.0,139.5,903.0,455.0,8296.0,2230.0,False,False
2603,2022-10-28 10:34:44.888789,-0.0035842293906810374,-0.0035842293906810374,-0.5,-0.5,139.0,139.5,139.0,139.5,903.0,455.0,8296.0,2230.0,False,False
2603,2022-10-28 10:34:46.342872,-0.0035842293906810374,-0.0035842293906810374,-0.5,-0.5,139.0,139.5,139.0,139.5,903.0,455.0,8296.0,2230.0,False,False
2603,2022-10-28 10:34:47.861638,-0.0035842293906810374,-0.0035842293906810374,-0.5,-0.5,139.0,139.5,139.0,139.5,903.0,455.0,8296.0,2230.0,False,False
2603,2022-10-28 10:34:49.014164,-0.0035842293906810374,-0.0035842293906810374,-0.5,-0.5,139.0,139.5,139.0,139.5,903.0,454.0,8296.0,2230.0,False,False
2603,2022-10-28 10:34:49.160719,-0.0035842293906810374,-0.0035842293906810374,-0.5,-0.5,139.0,139.5,139.0,139.5,903.0,454.0,8296.0,2230.0,False,False
2603,2022-10-28 10:34:49.230554,-0.0035842293906810374,-0.0035842293906810374,-0.5,-0.5,139.0,139.5,139.0,139.5,902.0,454.0,8296.0,2230.0,False,False
2603,2022-10-28 10:34:50.503578,-0.0035842293906810374,-0.0035842293906810374,-0.5,-0.5,139.0,139.5,139.0,139.5,902.0,453.0,8296.0,2230.0,False,False
2603,2022-10-28 10:34:52.553993,-0.0035842293906810374,-0.0035842293906810374,-0.5,-0.5,139.0,139.5,139.0,139.5,902.0,453.0,8296.0,2230.0,False,False
2603,2022-10-28 10:34:53.641385,-0.0035842293906810374,-0.0035842293906810374,-0.5,-0.5,139.0,139.5,139.0,139.5,902.0,453.0,8296.0,2230.0,False,False
2603,2022-10-28 10:34:53.871858,-0.0035842293906810374,-0.0035842293906810374,-0.5,-0.5,139.0,139.5,139.0,139.5,902.0,453.0,8296.0,2230.0,False,False
2603,2022-10-28 10:34:54.172542,-0.0035842293906810374,-0.0035842293906810374,-0.5,-0.5,139.0,139.5,139.0,139.5,901.0,453.0,8296.0,2230.0,False,False
2603,2022-10-28 10:34:56.120673,-0.0035842293906810374,-0.0035842293906810374,-0.5,-0.5,139.0,139.5,139.0,139.5,901.0,453.0,8296.0,2229.0,True,True
2603,2022-10-28 10:34:56.579386,-0.0035842293906810374,-0.0035842293906810374,-0.5,-0.5,139.0,139.5,139.0,139.5,901.0,453.0,8296.0,2229.0,False,False
2603,2022-10-28 10:34:57.537254,-0.0035842293906810374,-0.0035842293906810374,-0.5,-0.5,139.0,139.5,139.0,139.5,901.0,454.0,8296.0,2229.0,False,False
2603,2022-10-28 10:34:59.825672,-0.0035842293906810374,-0.0035842293906810374,-0.5,-0.5,139.0,139.5,139.0,139.5,902.0,454.0,8296.0,2229.0,False,False
2603,2022-10-28 10:35:00.350890,-0.0035842293906810374,-0.0035842293906810374,-0.5,-0.5,139.0,139.5,139.0,139.5,902.0,454.0,8296.0,2229.0,False,False
2603,2022-10-28 10:35:01.187912,-0.0035842293906810374,-0.0035842293906810374,-0.5,-0.5,139.0,139.5,139.0,139.5,902.0,455.0,8296.0,2229.0,False,False
2603,2022-10-28 10:35:02.321578,-0.0035842293906810374,-0.0035842293906810374,-0.5,-0.5,139.0,139.5,139.0,139.5,902.0,455.0,8296.0,2229.0,False,False
2603,2022-10-28 10:35:06.281871,-0.0035842293906810374,-0.0035842293906810374,-0.5,-0.5,139.0,139.5,139.0,139.5,902.0,455.0,8316.0,2229.0,True,True
2603,2022-10-28 10:35:07.039287,-0.0035842293906810374,-0.0035842293906810374,-0.5,-0.5,139.0,139.5,139.0,139.5,902.0,455.0,8316.0,2229.0,False,False
2603,2022-10-28 10:35:09.985298,-0.0035842293906810374,-0.0035842293906810374,-0.5,-0.5,139.0,139.5,139.0,139.5,902.0,455.0,8316.0,2229.0,False,False
2603,2022-10-28 10:35:10.712813,-0.0035842293906810374,-0.0035842293906810374,-0.5,-0.5,139.0,139.5,139.0,139.5,922.0,455.0,8316.0,2229.0,False,False
2603,2022-10-28 10:35:10.899154,-0.0035842293906810374,-0.0035842293906810374,-0.5,-0.5,139.0,139.5,139.0,139.5,922.0,456.0,8316.0,2229.0,False,False
2603,2022-10-28 10:35:12.998297,-0.0035842293906810374,-0.0035842293906810374,-0.5,-0.5,139.0,139.5,139.0,139.5,922.0,456.0,8316.0,2229.0,False,False
2603,2022-10-28 10:35:13.673400,-0.0035842293906810374,-0.0035842293906810374,-0.5,-0.5,139.0,139.5,139.0,139.5,922.0,456.0,8316.0,2229.0,False,False
2603,2022-10-28 10:35:15.262451,-0.0035842293906810374,-0.0035842293906810374,-0.5,-0.5,139.0,139.5,139.0,139.5,923.0,456.0,8316.0,2229.0,False,False
2603,2022-10-28 10:35:15.965926,-0.0035842293906810374,-0.0035842293906810374,-0.5,-0.5,139.0,139.5,139.0,139.5,939.0,456.0,8316.0,2229.0,False,False
2603,2022-10-28 10:35:20.108144,-0.0035842293906810374,-0.0035842293906810374,-0.5,-0.5,139.0,139.5,139.0,139.5,939.0,456.0,8316.0,2229.0,False,False
2603,2022-10-28 10:35:22.268829,-0.0035842293906810374,-0.0035842293906810374,-0.5,-0.5,139.0,139.5,139.0,139.5,939.0,456.0,8316.0,2229.0,False,False
2603,2022-10-28 10:35:24.241818,-0.0035842293906810374,-0.0035842293906810374,-0.5,-0.5,139.0,139.5,139.0,139.5,939.0,456.0,8316.0,2229.0,False,False
2603,2022-10-28 10:35:24.323808,-0.0035842293906810374,-0.0035842293906810374,-0.5,-0.5,139.0,139.5,139.0,139.5,939.0,456.0,8316.0,2229.0,False,False
2603,2022-10-28 10:35:25.316669,-0.0035842293906810374,-0.0035842293906810374,-0.5,-0.5,139.0,139.5,139.0,139.5,939.0,455.0,8316.0,2229.0,False,False
2603,2022-10-28 10:35:26.494336,-0.0035842293906810374,-0.0035842293906810374,-0.5,-0.5,139.0,139.5,139.0,139.5,939.0,455.0,8366.0,3029.0,True,True
2603,2022-10-28 10:35:27.098400,-0.0035842293906810374,-0.0035842293906810374,-0.5,-0.5,139.0,139.5,139.0,139.5,939.0,455.0,8366.0,3029.0,False,False
2603,2022-10-28 10:35:27.676187,-0.0035842293906810374,-0.0035842293906810374,-0.5,-0.5,139.0,139.5,139.0,139.5,938.0,455.0,8366.0,3029.0,False,False
2603,2022-10-28 10:35:29.122603,-0.0035842293906810374,-0.0035842293906810374,-0.5,-0.5,139.0,139.5,139.0,139.5,938.0,456.0,8366.0,3029.0,False,False
2603,2022-10-28 10:35:30.028701,-0.0035842293906810374,-0.0035842293906810374,-0.5,-0.5,139.0,139.5,139.0,139.5,938.0,457.0,8366.0,3029.0,False,False
2603,2022-10-28 10:35:30.341142,-0.0035842293906810374,-0.0035842293906810374,-0.5,-0.5,139.0,139.5,139.0,139.5,938.0,458.0,8366.0,3029.0,False,False
2603,2022-10-28 10:35:31.102207,-0.0035842293906810374,-0.0035842293906810374,-0.5,-0.5,139.0,139.5,139.0,139.5,938.0,458.0,8366.0,3029.0,False,False
2603,2022-10-28 10:35:31.349010,-0.0035842293906810374,-0.0035842293906810374,-0.5,-0.5,139.0,139.5,139.0,139.5,938.0,458.0,8366.0,3029.0,False,False
2603,2022-10-28 10:35:31.426994,-0.0035842293906810374,-0.0035842293906810374,-0.5,-0.5,139.0,139.5,139.0,139.5,938.0,458.0,8366.0,3029.0,False,False
2603,2022-10-28 10:35:31.598981,-0.0035842293906810374,-0.0035842293906810374,-0.5,-0.5,139.0,139.5,139.0,139.5,938.0,498.0,8366.0,3029.0,False,False
2603,2022-10-28 10:35:32.038593,-0.0035842293906810374,-0.0035842293906810374,-0.5,-0.5,139.0,139.5,139.0,139.5,938.0,498.0,8366.0,3029.0,False,False
2603,2022-10-28 10:35:32.235546,-0.0035842293906810374,-0.0035842293906810374,-0.5,-0.5,139.0,139.5,139.0,139.5,938.0,458.0,8366.0,3029.0,False,False
2603,2022-10-28 10:35:32.694656,-0.0035842293906810374,-0.0035842293906810374,-0.5,-0.5,139.0,139.5,139.0,139.5,938.0,458.0,8366.0,3029.0,False,False
2603,2022-10-28 10:35:33.003796,-0.0035842293906810374,-0.0035842293906810374,-0.5,-0.5,139.0,139.5,139.0,139.5,938.0,458.0,8366.0,3029.0,False,False
2603,2022-10-28 10:35:36.523964,-0.0035842293906810374,-0.0035842293906810374,-0.5,-0.5,139.0,139.5,139.0,139.5,938.0,458.0,8366.0,3029.0,True,True
2603,2022-10-28 10:35:36.616384,-0.0035842293906810374,-0.0035842293906810374,-0.5,-0.5,139.0,139.5,139.0,139.5,938.0,458.0,8366.0,3029.0,False,False
2603,2022-10-28 10:35:37.328759,-0.0035842293906810374,-0.0035842293906810374,-0.5,-0.5,139.0,139.5,139.0,139.5,938.0,458.0,8366.0,3029.0,False,False
2603,2022-10-28 10:35:37.728345,-0.0035842293906810374,-0.0035842293906810374,-0.5,-0.5,139.0,139.5,139.0,139.5,938.0,458.0,8366.0,3029.0,False,False
2603,2022-10-28 10:35:37.732153,-0.0035842293906810374,-0.0035842293906810374,-0.5,-0.5,139.0,139.5,139.0,139.5,938.0,460.0,8366.0,3029.0,False,False
2603,2022-10-28 10:35:39.668658,-0.0035842293906810374,-0.0035842293906810374,-0.5,-0.5,139.0,139.5,139.0,139.5,938.0,460.0,8366.0,3029.0,False,False
2603,2022-10-28 10:35:41.477507,-0.0035842293906810374,-0.0035842293906810374,-0.5,-0.5,139.0,139.5,139.0,139.5,938.0,460.0,8366.0,3029.0,False,False
2603,2022-10-28 10:35:42.957780,-0.0035842293906810374,-0.0035842293906810374,-0.5,-0.5,139.0,139.5,139.0,139.5,938.0,460.0,8366.0,3029.0,False,False
2603,2022-10-28 10:35:43.744607,-0.0035842293906810374,-0.0035842293906810374,-0.5,-0.5,139.0,139.5,139.0,139.5,939.0,460.0,8366.0,3029.0,False,False
2603,2022-10-28 10:35:45.798942,-0.0035842293906810374,-0.0035842293906810374,-0.5,-0.5,139.0,139.5,139.0,139.5,944.0,460.0,8366.0,3029.0,False,False
2603,2022-10-28 10:35:46.174510,-0.0035842293906810374,-0.0035842293906810374,-0.5,-0.5,139.0,139.5,139.0,139.5,943.0,460.0,8366.0,3029.0,False,False
2603,2022-10-28 10:35:46.549087,-0.0035842293906810374,-0.0035842293906810374,-0.5,-0.5,139.0,139.5,139.0,139.5,943.0,460.0,8371.0,3029.0,True,True
2603,2022-10-28 10:35:47.110804,-0.0035842293906810374,-0.0035842293906810374,-0.5,-0.5,139.0,139.5,139.0,139.5,943.0,460.0,8371.0,3029.0,False,False
2603,2022-10-28 10:35:47.189199,-0.0035842293906810374,-0.0035842293906810374,-0.5,-0.5,139.0,139.5,139.0,139.5,943.0,460.0,8371.0,3029.0,False,False
2603,2022-10-28 10:35:48.921611,-0.0035842293906810374,-0.0035842293906810374,-0.5,-0.5,139.0,139.5,139.0,139.5,943.0,460.0,8371.0,3029.0,False,False
2603,2022-10-28 10:35:48.933974,-0.0035842293906810374,-0.0035842293906810374,-0.5,-0.5,139.0,139.5,139.0,139.5,943.0,460.0,8371.0,3029.0,False,False
2603,2022-10-28 10:35:49.043219,-0.0035842293906810374,-0.0035842293906810374,-0.5,-0.5,139.0,139.5,139.0,139.5,943.0,461.0,8371.0,3029.0,False,False
2603,2022-10-28 10:35:49.233147,-0.0035842293906810374,-0.0035842293906810374,-0.5,-0.5,139.0,139.5,139.0,139.5,944.0,461.0,8371.0,3029.0,False,False
2603,2022-10-28 10:35:50.966775,-0.0035842293906810374,-0.0035842293906810374,-0.5,-0.5,139.0,139.5,139.0,139.5,944.0,461.0,8371.0,3029.0,False,False
2603,2022-10-28 10:35:52.267499,-0.0035842293906810374,-0.0035842293906810374,-0.5,-0.5,139.0,139.5,139.0,139.5,587.0,461.0,8371.0,3029.0,False,False
2603,2022-10-28 10:35:52.304244,-0.0035842293906810374,-0.0035842293906810374,-0.5,-0.5,139.0,139.5,139.0,139.5,255.0,461.0,8371.0,3029.0,False,False
2603,2022-10-28 10:35:52.304261,-0.0035842293906810374,-0.0035842293906810374,-0.5,-0.5,139.0,139.5,139.0,139.5,252.0,461.0,8371.0,3029.0,False,False
2603,2022-10-28 10:35:52.304482,-0.0035842293906810374,-0.0035842293906810374,-0.5,-0.5,139.0,139.5,139.0,139.5,252.0,467.0,8371.0,3029.0,False,False
2603,2022-10-28 10:35:52.304592,-0.0035842293906810374,-0.0035842293906810374,-0.5,-0.5,139.0,139.5,139.0,139.5,183.0,467.0,8371.0,3029.0,False,False
2603,2022-10-28 10:35:52.305049,-0.0035842293906810374,-0.0035842293906810374,-0.5,-0.5,139.0,139.5,139.0,139.5,182.0,467.0,8371.0,3029.0,False,False
2603,2022-10-28 10:35:52.305175,-0.0035842293906810374,-0.0035842293906810374,-0.5,-0.5,139.0,139.5,139.0,139.5,180.0,467.0,8371.0,3029.0,False,False
2603,2022-10-28 10:35:52.305219,-0.0035842293906810374,-0.0035842293906810374,-0.5,-0.5,139.0,139.5,139.0,139.5,178.0,467.0,8371.0,3029.0,False,False
2603,2022-10-28 10:35:52.305264,-0.0035842293906810374,-0.0035842293906810374,-0.5,-0.5,139.0,139.5,139.0,139.5,176.0,467.0,8371.0,3029.0,False,False
2603,2022-10-28 10:35:52.305308,-0.0035842293906810374,-0.0035842293906810374,-0.5,-0.5,139.0,139.5,139.0,139.5,174.0,467.0,8371.0,3029.0,False,False
2603,2022-10-28 10:35:52.305899,-0.0035842293906810374,-0.0035842293906810374,-0.5,-0.5,139.0,139.5,139.0,139.5,162.0,467.0,8371.0,3029.0,False,False
2603,2022-10-28 10:35:52.305927,-0.0035842293906810374,-0.0035842293906810374,-0.5,-0.5,139.0,139.5,139.0,139.5,142.0,467.0,8371.0,3029.0,False,False
2603,2022-10-28 10:35:52.306242,-0.0035842293906810374,-0.0035842293906810374,-0.5,-0.5,139.0,139.5,139.0,139.5,134.0,467.0,8371.0,3029.0,False,False
2603,2022-10-28 10:35:52.307617,-0.0035842293906810374,-0.0035842293906810374,-0.5,-0.5,139.0,139.5,139.0,139.5,132.0,364.0,8371.0,3029.0,False,False
2603,2022-10-28 10:35:52.311704,-0.0035842293906810374,-0.0035842293906810374,-0.5,-0.5,139.0,139.5,139.0,139.5,82.0,364.0,8371.0,3029.0,False,False
2603,2022-10-28 10:35:52.311807,-0.0035842293906810374,-0.0035842293906810374,-0.5,-0.5,139.0,139.5,139.0,139.5,81.0,364.0,8371.0,3029.0,False,False
2603,2022-10-28 10:35:52.311904,-0.0035842293906810374,-0.0035842293906810374,-0.5,-0.5,139.0,139.5,139.0,139.5,47.0,364.0,8371.0,3029.0,False,False
2603,2022-10-28 10:35:52.312565,-0.0035842293906810374,-0.0035842293906810374,-0.5,-0.5,139.0,139.5,139.0,139.5,45.0,364.0,8371.0,3029.0,False,False
2603,2022-10-28 10:35:52.313116,-0.0035842293906810374,-0.0035842293906810374,-0.5,-0.5,139.0,139.5,139.0,139.5,35.0,364.0,8371.0,3029.0,False,False
2603,2022-10-28 10:35:52.313149,-0.0035842293906810374,-0.0035842293906810374,-0.5,-0.5,139.0,139.5,139.0,139.5,5.0,364.0,8371.0,3029.0,False,False
2603,2022-10-28 10:35:52.314043,-0.0035842293906810374,-0.0035842293906810374,-0.5,-0.5,139.0,139.5,139.0,139.5,3.0,364.0,8371.0,3029.0,False,False
2603,2022-10-28 10:35:52.314297,-0.0035842293906810374,-0.0035842293906810374,-0.5,-0.5,139.0,139.5,139.0,139.5,1.0,364.0,8371.0,3029.0,False,False
2603,2022-10-28 10:35:52.315465,0.0,-0.007168458781361964,0.0,-1.0,138.5,139.0,139.0,139.5,807.0,29.0,8371.0,3029.0,False,False
2603,2022-10-28 10:35:52.346180,0.0,-0.007168458781361964,0.0,-1.0,138.5,139.0,139.0,139.5,803.0,141.0,8371.0,3029.0,False,False
2603,2022-10-28 10:35:52.348980,0.0,-0.007168458781361964,0.0,-1.0,138.5,139.0,139.0,139.5,800.0,141.0,8371.0,3029.0,False,False
2603,2022-10-28 10:35:52.358686,0.0,-0.007168458781361964,0.0,-1.0,138.5,139.0,139.0,139.5,800.0,154.0,8371.0,3029.0,False,False
2603,2022-10-28 10:35:52.364154,0.0,-0.007168458781361964,0.0,-1.0,138.5,139.0,139.0,139.5,800.0,154.0,8371.0,3029.0,False,False
2603,2022-10-28 10:35:52.375813,0.0,-0.007168458781361964,0.0,-1.0,138.5,139.0,139.0,139.5,790.0,154.0,8371.0,3029.0,False,False
2603,2022-10-28 10:35:52.375845,0.0,-0.007168458781361964,0.0,-1.0,138.5,139.0,139.0,139.5,775.0,154.0,8371.0,3029.0,False,False
2603,2022-10-28 10:35:52.407942,0.0,-0.007168458781361964,0.0,-1.0,138.5,139.0,139.0,139.5,773.0,188.0,8371.0,3029.0,False,False
2603,2022-10-28 10:35:52.408938,0.0,-0.007168458781361964,0.0,-1.0,138.5,139.0,139.0,139.5,772.0,188.0,8371.0,3029.0,False,False
2603,2022-10-28 10:35:52.426477,0.0,-0.007168458781361964,0.0,-1.0,138.5,139.0,139.0,139.5,771.0,219.0,8371.0,3029.0,False,False
2603,2022-10-28 10:35:52.446877,0.0,-0.007168458781361964,0.0,-1.0,138.5,139.0,139.0,139.5,763.0,228.0,8371.0,3029.0,False,False
2603,2022-10-28 10:35:52.447125,0.0,-0.007168458781361964,0.0,-1.0,138.5,139.0,139.0,139.5,760.0,228.0,8371.0,3029.0,False,False
2603,2022-10-28 10:35:52.459548,0.0,-0.007168458781361964,0.0,-1.0,138.5,139.0,139.0,139.5,639.0,228.0,8371.0,3029.0,False,False
2603,2022-10-28 10:35:52.467798,0.0,-0.007168458781361964,0.0,-1.0,138.5,139.0,139.0,139.5,625.0,228.0,8371.0,3029.0,False,False
2603,2022-10-28 10:35:52.494264,0.0,-0.007168458781361964,0.0,-1.0,138.5,139.0,139.0,139.5,625.0,263.0,8371.0,3029.0,False,False
2603,2022-10-28 10:35:52.521324,0.0,-0.007168458781361964,0.0,-1.0,138.5,139.0,139.0,139.5,621.0,263.0,8371.0,3029.0,False,False
2603,2022-10-28 10:35:52.593896,0.0,-0.007168458781361964,0.0,-1.0,138.5,139.0,139.0,139.5,621.0,273.0,8371.0,3029.0,False,False
2603,2022-10-28 10:35:52.634192,0.0,-0.007168458781361964,0.0,-1.0,138.5,139.0,139.0,139.5,611.0,273.0,8371.0,3029.0,False,False
2603,2022-10-28 10:35:52.680443,0.0,-0.007168458781361964,0.0,-1.0,138.5,139.0,139.0,139.5,599.0,273.0,8371.0,3029.0,False,False
2603,2022-10-28 10:35:52.705717,0.0,-0.007168458781361964,0.0,-1.0,138.5,139.0,139.0,139.5,589.0,292.0,8371.0,3029.0,False,False
2603,2022-10-28 10:35:52.705897,0.0,-0.007168458781361964,0.0,-1.0,138.5,139.0,139.0,139.5,588.0,292.0,8371.0,3029.0,False,False
2603,2022-10-28 10:35:52.702278,0.0,-0.007168458781361964,0.0,-1.0,138.5,139.0,139.0,139.5,599.0,292.0,8371.0,3029.0,False,False
2603,2022-10-28 10:35:52.835551,0.0,-0.007168458781361964,0.0,-1.0,138.5,139.0,139.0,139.5,588.0,293.0,8371.0,3029.0,False,False
2603,2022-10-28 10:35:53.288533,0.0,-0.007168458781361964,0.0,-1.0,138.5,139.0,139.0,139.5,587.0,293.0,8371.0,3029.0,False,False
2603,2022-10-28 10:35:53.356182,0.0,-0.007168458781361964,0.0,-1.0,138.5,139.0,139.0,139.5,587.0,292.0,8371.0,3029.0,False,False
2603,2022-10-28 10:35:53.356933,0.0,-0.007168458781361964,0.0,-1.0,138.5,139.0,139.0,139.5,583.0,292.0,8371.0,3029.0,False,False
2603,2022-10-28 10:35:53.364391,0.0,-0.007168458781361964,0.0,-1.0,138.5,139.0,139.0,139.5,371.0,292.0,8371.0,3029.0,False,False
2603,2022-10-28 10:35:53.396817,0.0,-0.007168458781361964,0.0,-1.0,138.5,139.0,139.0,139.5,362.0,292.0,8371.0,3029.0,False,False
2603,2022-10-28 10:35:53.397391,0.0,-0.007168458781361964,0.0,-1.0,138.5,139.0,139.0,139.5,359.0,292.0,8371.0,3029.0,False,False
2603,2022-10-28 10:35:53.399443,0.0,-0.007168458781361964,0.0,-1.0,138.5,139.0,139.0,139.5,359.0,292.0,8371.0,3029.0,False,False
2603,2022-10-28 10:35:53.469736,0.0,-0.007168458781361964,0.0,-1.0,138.5,139.0,139.0,139.5,328.0,284.0,8371.0,3029.0,False,False
2603,2022-10-28 10:35:53.464429,0.0,-0.007168458781361964,0.0,-1.0,138.5,139.0,139.0,139.5,359.0,284.0,8371.0,3029.0,False,False
2603,2022-10-28 10:35:53.501976,0.0,-0.007168458781361964,0.0,-1.0,138.5,139.0,139.0,139.5,319.0,284.0,8371.0,3029.0,False,False
2603,2022-10-28 10:35:53.502241,0.0,-0.007168458781361964,0.0,-1.0,138.5,139.0,139.0,139.5,316.0,284.0,8371.0,3029.0,False,False
2603,2022-10-28 10:35:53.580901,0.0,-0.007168458781361964,0.0,-1.0,138.5,139.0,139.0,139.5,310.0,278.0,8371.0,3029.0,False,False
2603,2022-10-28 10:35:53.606058,0.0,-0.007168458781361964,0.0,-1.0,138.5,139.0,139.0,139.5,310.0,288.0,8371.0,3029.0,False,False
2603,2022-10-28 10:35:53.694065,0.0,-0.007168458781361964,0.0,-1.0,138.5,139.0,139.0,139.5,310.0,281.0,8371.0,3029.0,False,False
2603,2022-10-28 10:35:53.651683,0.0,-0.007168458781361964,0.0,-1.0,138.5,139.0,139.0,139.5,310.0,286.0,8371.0,3029.0,False,False
2603,2022-10-28 10:35:53.765536,0.0,-0.007168458781361964,0.0,-1.0,138.5,139.0,139.0,139.5,308.0,281.0,8371.0,3029.0,False,False
2603,2022-10-28 10:35:53.837212,0.0,-0.007168458781361964,0.0,-1.0,138.5,139.0,139.0,139.5,308.0,284.0,8371.0,3029.0,False,False
2603,2022-10-28 10:35:54.105230,0.0,-0.007168458781361964,0.0,-1.0,138.5,139.0,139.0,139.5,308.0,284.0,8371.0,3029.0,False,False
2603,2022-10-28 10:35:54.133926,0.0,-0.007168458781361964,0.0,-1.0,138.5,139.0,139.0,139.5,308.0,284.0,8371.0,3029.0,False,False
2603,2022-10-28 10:35:54.137482,0.0,-0.007168458781361964,0.0,-1.0,138.5,139.0,139.0,139.5,308.0,287.0,8371.0,3029.0,False,False
2603,2022-10-28 10:35:54.304841,0.0,-0.007168458781361964,0.0,-1.0,138.5,139.0,139.0,139.5,307.0,287.0,8371.0,3029.0,False,False
2603,2022-10-28 10:35:54.366373,0.0,-0.007168458781361964,0.0,-1.0,138.5,139.0,139.0,139.5,306.0,287.0,8371.0,3029.0,False,False
2603,2022-10-28 10:35:54.385073,0.0,-0.007168458781361964,0.0,-1.0,138.5,139.0,139.0,139.5,295.0,287.0,8371.0,3029.0,False,False
2603,2022-10-28 10:35:54.390565,0.0,-0.007168458781361964,0.0,-1.0,138.5,139.0,139.0,139.5,295.0,287.0,8371.0,3029.0,False,False
2603,2022-10-28 10:35:54.447722,0.0,-0.007168458781361964,0.0,-1.0,138.5,139.0,139.0,139.5,295.0,284.0,8371.0,3029.0,False,False
2603,2022-10-28 10:35:54.452021,0.0,-0.007168458781361964,0.0,-1.0,138.5,139.0,139.0,139.5,294.0,284.0,8371.0,3029.0,False,False
2603,2022-10-28 10:35:54.450880,0.0,-0.007168458781361964,0.0,-1.0,138.5,139.0,139.0,139.5,295.0,284.0,8371.0,3029.0,False,False
2603,2022-10-28 10:35:54.608905,0.0,-0.007168458781361964,0.0,-1.0,138.5,139.0,139.0,139.5,293.0,283.0,8371.0,3029.0,False,False
2603,2022-10-28 10:35:54.517925,0.0,-0.007168458781361964,0.0,-1.0,138.5,139.0,139.0,139.5,294.0,283.0,8371.0,3029.0,False,False
2603,2022-10-28 10:35:54.679563,0.0,-0.007168458781361964,0.0,-1.0,138.5,139.0,139.0,139.5,293.0,282.0,8371.0,3029.0,False,False
2603,2022-10-28 10:35:54.834204,0.0,-0.007168458781361964,0.0,-1.0,138.5,139.0,139.0,139.5,293.0,282.0,8371.0,3029.0,False,False
2603,2022-10-28 10:35:54.834303,0.0,-0.007168458781361964,0.0,-1.0,138.5,139.0,139.0,139.5,293.0,286.0,8371.0,3029.0,False,False
2603,2022-10-28 10:35:54.903896,0.0,-0.007168458781361964,0.0,-1.0,138.5,139.0,139.0,139.5,293.0,286.0,8371.0,3029.0,False,False
2603,2022-10-28 10:35:55.324346,0.0,-0.007168458781361964,0.0,-1.0,138.5,139.0,139.0,139.5,292.0,286.0,8371.0,3029.0,False,False
2603,2022-10-28 10:35:55.390502,0.0,-0.007168458781361964,0.0,-1.0,138.5,139.0,139.0,139.5,282.0,286.0,8371.0,3029.0,False,False
2603,2022-10-28 10:35:55.475343,0.0,-0.007168458781361964,0.0,-1.0,138.5,139.0,139.0,139.5,281.0,286.0,8371.0,3029.0,False,False
2603,2022-10-28 10:35:55.982315,0.0,-0.007168458781361964,0.0,-1.0,138.5,139.0,139.0,139.5,281.0,287.0,8371.0,3029.0,False,False
2603,2022-10-28 10:35:55.990303,0.0,-0.007168458781361964,0.0,-1.0,138.5,139.0,139.0,139.5,241.0,287.0,8371.0,3029.0,False,False
2603,2022-10-28 10:35:56.042804,0.0,-0.007168458781361964,0.0,-1.0,138.5,139.0,139.0,139.5,237.0,287.0,8371.0,3029.0,False,False
2603,2022-10-28 10:35:56.051048,0.0,-0.007168458781361964,0.0,-1.0,138.5,139.0,139.0,139.5,237.0,286.0,8371.0,3029.0,False,False
2603,2022-10-28 10:35:56.067564,0.0,-0.007168458781361964,0.0,-1.0,138.5,139.0,139.0,139.5,236.0,280.0,8371.0,3029.0,False,False
2603,2022-10-28 10:35:56.063853,0.0,-0.007168458781361964,0.0,-1.0,138.5,139.0,139.0,139.5,237.0,280.0,8371.0,3029.0,False,False
2603,2022-10-28 10:35:56.131462,0.0,-0.007168458781361964,0.0,-1.0,138.5,139.0,139.0,139.5,230.0,280.0,8371.0,3029.0,False,False
2603,2022-10-28 10:35:56.215383,0.0,-0.007168458781361964,0.0,-1.0,138.5,139.0,139.0,139.5,230.0,278.0,8371.0,3029.0,False,False
2603,2022-10-28 10:35:56.341124,0.0,-0.007168458781361964,0.0,-1.0,138.5,139.0,139.0,139.5,229.0,278.0,8371.0,3029.0,False,False
2603,2022-10-28 10:35:56.393417,0.0,-0.007168458781361964,0.0,-1.0,138.5,139.0,139.0,139.5,228.0,278.0,8371.0,3029.0,False,False
2603,2022-10-28 10:35:56.468601,0.0,-0.007168458781361964,0.0,-1.0,138.5,139.0,139.0,139.5,226.0,278.0,8371.0,3029.0,False,False
2603,2022-10-28 10:35:56.581670,0.0,-0.007168458781361964,0.0,-1.0,138.5,139.0,139.0,139.5,226.0,278.0,6072.0,21210.0,True,True
2603,2022-10-28 10:35:56.815861,0.0,-0.007168458781361964,0.0,-1.0,138.5,139.0,139.0,139.5,226.0,278.0,6072.0,21210.0,False,False
2603,2022-10-28 10:35:56.817746,0.0,-0.007168458781361964,0.0,-1.0,138.5,139.0,139.0,139.5,226.0,278.0,6072.0,21210.0,False,False
2603,2022-10-28 10:35:56.872276,0.0,-0.007168458781361964,0.0,-1.0,138.5,139.0,139.0,139.5,225.0,278.0,6072.0,21210.0,False,False
2603,2022-10-28 10:35:56.875684,0.0,-0.007168458781361964,0.0,-1.0,138.5,139.0,139.0,139.5,225.0,283.0,6072.0,21210.0,False,False
2603,2022-10-28 10:35:57.099148,0.0,-0.007168458781361964,0.0,-1.0,138.5,139.0,139.0,139.5,215.0,283.0,6072.0,21210.0,False,False
2603,2022-10-28 10:35:57.111083,0.0,-0.007168458781361964,0.0,-1.0,138.5,139.0,139.0,139.5,215.0,284.0,6072.0,21210.0,False,False
2603,2022-10-28 10:35:57.181485,0.0,-0.007168458781361964,0.0,-1.0,138.5,139.0,139.0,139.5,215.0,282.0,6072.0,21210.0,False,False
2603,2022-10-28 10:35:57.349982,0.0,-0.007168458781361964,0.0,-1.0,138.5,139.0,139.0,139.5,214.0,282.0,6072.0,21210.0,False,False
2603,2022-10-28 10:35:57.384778,0.0,-0.007168458781361964,0.0,-1.0,138.5,139.0,139.0,139.5,214.0,288.0,6072.0,21210.0,False,False
2603,2022-10-28 10:35:57.475024,0.0,-0.007168458781361964,0.0,-1.0,138.5,139.0,139.0,139.5,212.0,288.0,6072.0,21210.0,False,False
2603,2022-10-28 10:35:57.660423,0.0,-0.007168458781361964,0.0,-1.0,138.5,139.0,139.0,139.5,212.0,328.0,6072.0,21210.0,False,False
2603,2022-10-28 10:35:57.974019,0.0,-0.007168458781361964,0.0,-1.0,138.5,139.0,139.0,139.5,202.0,328.0,6072.0,21210.0,False,False
2603,2022-10-28 10:35:57.998777,0.0,-0.007168458781361964,0.0,-1.0,138.5,139.0,139.0,139.5,202.0,288.0,6072.0,21210.0,False,False
2603,2022-10-28 10:35:58.078227,0.0,-0.007168458781361964,0.0,-1.0,138.5,139.0,139.0,139.5,202.0,286.0,6072.0,21210.0,False,False
2603,2022-10-28 10:35:58.228795,0.0,-0.007168458781361964,0.0,-1.0,138.5,139.0,139.0,139.5,202.0,294.0,6072.0,21210.0,False,False
2603,2022-10-28 10:35:58.277883,0.0,-0.007168458781361964,0.0,-1.0,138.5,139.0,139.0,139.5,202.0,318.0,6072.0,21210.0,False,False
2603,2022-10-28 10:35:58.367260,0.0,-0.007168458781361964,0.0,-1.0,138.5,139.0,139.0,139.5,201.0,318.0,6072.0,21210.0,False,False
2603,2022-10-28 10:35:59.064819,0.0,-0.007168458781361964,0.0,-1.0,138.5,139.0,139.0,139.5,200.0,318.0,6072.0,21210.0,False,False
2603,2022-10-28 10:35:59.141612,0.0,-0.007168458781361964,0.0,-1.0,138.5,139.0,139.0,139.5,198.0,318.0,6072.0,21210.0,False,False
2603,2022-10-28 10:35:59.378964,0.0,-0.007168458781361964,0.0,-1.0,138.5,139.0,139.0,139.5,197.0,318.0,6072.0,21210.0,False,False
2603,2022-10-28 10:36:00.397815,0.0,-0.007168458781361964,0.0,-1.0,138.5,139.0,139.0,139.5,196.0,318.0,6072.0,21210.0,False,False
2603,2022-10-28 10:36:00.424583,0.0,-0.007168458781361964,0.0,-1.0,138.5,139.0,139.0,139.5,191.0,318.0,6072.0,21210.0,False,False
2603,2022-10-28 10:36:00.464459,0.0,-0.007168458781361964,0.0,-1.0,138.5,139.0,139.0,139.5,191.0,317.0,6072.0,21210.0,False,False
2603,2022-10-28 10:36:00.506157,0.0,-0.007168458781361964,0.0,-1.0,138.5,139.0,139.0,139.5,190.0,317.0,6072.0,21210.0,False,False
2603,2022-10-28 10:36:00.871920,0.0,-0.007168458781361964,0.0,-1.0,138.5,139.0,139.0,139.5,189.0,317.0,6072.0,21210.0,False,False
2603,2022-10-28 10:36:00.927837,0.0,-0.007168458781361964,0.0,-1.0,138.5,139.0,139.0,139.5,188.0,317.0,6072.0,21210.0,False,False
2603,2022-10-28 10:36:00.998158,0.0,-0.007168458781361964,0.0,-1.0,138.5,139.0,139.0,139.5,188.0,316.0,6072.0,21210.0,False,False
2603,2022-10-28 10:36:01.033274,0.0,-0.007168458781361964,0.0,-1.0,138.5,139.0,139.0,139.5,188.0,317.0,6072.0,21210.0,False,False
2603,2022-10-28 10:36:01.124706,0.0,-0.007168458781361964,0.0,-1.0,138.5,139.0,139.0,139.5,186.0,317.0,6072.0,21210.0,False,False
2603,2022-10-28 10:36:01.199061,0.0,-0.007168458781361964,0.0,-1.0,138.5,139.0,139.0,139.5,185.0,317.0,6072.0,21210.0,False,False
2603,2022-10-28 10:36:01.210320,0.0,-0.007168458781361964,0.0,-1.0,138.5,139.0,139.0,139.5,163.0,317.0,6072.0,21210.0,False,False
2603,2022-10-28 10:36:01.183234,0.0,-0.007168458781361964,0.0,-1.0,138.5,139.0,139.0,139.5,186.0,317.0,6072.0,21210.0,False,False
2603,2022-10-28 10:36:01.292471,0.0,-0.007168458781361964,0.0,-1.0,138.5,139.0,139.0,139.5,163.0,314.0,6072.0,21210.0,False,False
2603,2022-10-28 10:36:01.415960,0.0,-0.007168458781361964,0.0,-1.0,138.5,139.0,139.0,139.5,162.0,315.0,6072.0,21210.0,False,False
2603,2022-10-28 10:36:01.455048,0.0,-0.007168458781361964,0.0,-1.0,138.5,139.0,139.0,139.5,152.0,315.0,6072.0,21210.0,False,False
2603,2022-10-28 10:36:01.520991,0.0,-0.007168458781361964,0.0,-1.0,138.5,139.0,139.0,139.5,149.0,315.0,6072.0,21210.0,False,False
2603,2022-10-28 10:36:01.587501,0.0,-0.007168458781361964,0.0,-1.0,138.5,139.0,139.0,139.5,149.0,314.0,6072.0,21210.0,False,False
2603,2022-10-28 10:36:01.704491,0.0,-0.007168458781361964,0.0,-1.0,138.5,139.0,139.0,139.5,109.0,314.0,6072.0,21210.0,False,False
2603,2022-10-28 10:36:01.774297,0.0,-0.007168458781361964,0.0,-1.0,138.5,139.0,139.0,139.5,89.0,314.0,6072.0,21210.0,False,False
2603,2022-10-28 10:36:01.776081,0.0,-0.007168458781361964,0.0,-1.0,138.5,139.0,139.0,139.5,89.0,303.0,6072.0,21210.0,False,False
2603,2022-10-28 10:36:01.779838,0.0,-0.007168458781361964,0.0,-1.0,138.5,139.0,139.0,139.5,78.0,303.0,6072.0,21210.0,False,False
2603,2022-10-28 10:36:01.792766,0.0,-0.007168458781361964,0.0,-1.0,138.5,139.0,139.0,139.5,66.0,303.0,6072.0,21210.0,False,False
2603,2022-10-28 10:36:01.794871,0.0,-0.007168458781361964,0.0,-1.0,138.5,139.0,139.0,139.5,65.0,289.0,6072.0,21210.0,False,False
2603,2022-10-28 10:36:01.806438,0.0,-0.007168458781361964,0.0,-1.0,138.5,139.0,139.0,139.5,35.0,249.0,6072.0,21210.0,False,False
2603,2022-10-28 10:36:01.807186,0.0,-0.007168458781361964,0.0,-1.0,138.5,139.0,139.0,139.5,25.0,249.0,6072.0,21210.0,False,False
2603,2022-10-28 10:36:01.806673,0.0,-0.007168458781361964,0.0,-1.0,138.5,139.0,139.0,139.5,35.0,249.0,6072.0,21210.0,False,False
2603,2022-10-28 10:36:01.868286,0.0,-0.007168458781361964,0.0,-1.0,138.5,139.0,139.0,139.5,23.0,249.0,6072.0,21210.0,False,False
2603,2022-10-28 10:36:02.020792,0.0,-0.007168458781361964,0.0,-1.0,138.5,139.0,139.0,139.5,23.0,249.0,6072.0,21210.0,False,False
2603,2022-10-28 10:36:02.020941,0.0,-0.007168458781361964,0.0,-1.0,138.5,139.0,139.0,139.5,23.0,245.0,6072.0,21210.0,False,False
2603,2022-10-28 10:36:02.433400,0.0,-0.007168458781361964,0.0,-1.0,138.5,139.0,139.0,139.5,22.0,245.0,6072.0,21210.0,False,False
2603,2022-10-28 10:36:02.537928,0.0,-0.007168458781361964,0.0,-1.0,138.5,139.0,139.0,139.5,12.0,245.0,6072.0,21210.0,False,False
2603,2022-10-28 10:36:02.572929,0.0,-0.007168458781361964,0.0,-1.0,138.5,139.0,139.0,139.5,12.0,245.0,6072.0,21210.0,False,False
2603,2022-10-28 10:36:02.600260,0.0,-0.007168458781361964,0.0,-1.0,138.5,139.0,139.0,139.5,12.0,245.0,6072.0,21210.0,False,False
2603,2022-10-28 10:36:02.666471,0.0,-0.007168458781361964,0.0,-1.0,138.5,139.0,139.0,139.5,11.0,245.0,6072.0,21210.0,False,False
2603,2022-10-28 10:36:02.698822,0.0,-0.007168458781361964,0.0,-1.0,138.5,139.0,139.0,139.5,10.0,245.0,6072.0,21210.0,False,False
2603,2022-10-28 10:36:02.673451,0.0,-0.007168458781361964,0.0,-1.0,138.5,139.0,139.0,139.5,11.0,245.0,6072.0,21210.0,False,False
2603,2022-10-28 10:36:02.865768,0.0,-0.007168458781361964,0.0,-1.0,138.5,139.0,139.0,139.5,10.0,245.0,6072.0,21210.0,False,False
2603,2022-10-28 10:36:02.946889,0.0,-0.007168458781361964,0.0,-1.0,138.5,139.0,139.0,139.5,10.0,245.0,6072.0,21210.0,False,False
2603,2022-10-28 10:36:03.171577,0.0,-0.007168458781361964,0.0,-1.0,138.5,139.0,139.0,139.5,29.0,245.0,6072.0,21210.0,False,False
2603,2022-10-28 10:36:03.210195,0.0,-0.007168458781361964,0.0,-1.0,138.5,139.0,139.0,139.5,59.0,245.0,6072.0,21210.0,False,False
2603,2022-10-28 10:36:03.361555,0.0,-0.007168458781361964,0.0,-1.0,138.5,139.0,139.0,139.5,59.0,245.0,6072.0,21210.0,False,False
2603,2022-10-28 10:36:03.451677,0.0,-0.007168458781361964,0.0,-1.0,138.5,139.0,139.0,139.5,58.0,247.0,6072.0,21210.0,False,False
2603,2022-10-28 10:36:03.434460,0.0,-0.007168458781361964,0.0,-1.0,138.5,139.0,139.0,139.5,59.0,247.0,6072.0,21210.0,False,False
2603,2022-10-28 10:36:03.504519,0.0,-0.007168458781361964,0.0,-1.0,138.5,139.0,139.0,139.5,57.0,247.0,6072.0,21210.0,False,False
2603,2022-10-28 10:36:03.657554,0.0,-0.007168458781361964,0.0,-1.0,138.5,139.0,139.0,139.5,55.0,247.0,6072.0,21210.0,False,False
2603,2022-10-28 10:36:03.941021,0.0,-0.007168458781361964,0.0,-1.0,138.5,139.0,139.0,139.5,55.0,247.0,6072.0,21210.0,False,False
2603,2022-10-28 10:36:03.942846,0.0,-0.007168458781361964,0.0,-1.0,138.5,139.0,139.0,139.5,55.0,251.0,6072.0,21210.0,False,False
2603,2022-10-28 10:36:04.780387,0.0,-0.007168458781361964,0.0,-1.0,138.5,139.0,139.0,139.5,55.0,251.0,6072.0,21210.0,False,False
2603,2022-10-28 10:36:05.413312,0.0,-0.007168458781361964,0.0,-1.0,138.5,139.0,139.0,139.5,56.0,251.0,6072.0,21210.0,False,False
2603,2022-10-28 10:36:05.488611,0.0,-0.007168458781361964,0.0,-1.0,138.5,139.0,139.0,139.5,55.0,251.0,6072.0,21210.0,False,False
2603,2022-10-28 10:36:05.573783,0.0,-0.007168458781361964,0.0,-1.0,138.5,139.0,139.0,139.5,54.0,251.0,6072.0,21210.0,False,False
2603,2022-10-28 10:36:05.680226,0.0,-0.007168458781361964,0.0,-1.0,138.5,139.0,139.0,139.5,54.0,251.0,6072.0,21210.0,False,False
2603,2022-10-28 10:36:05.883257,0.0,-0.007168458781361964,0.0,-1.0,138.5,139.0,139.0,139.5,49.0,251.0,6072.0,21210.0,False,False
2603,2022-10-28 10:36:05.887998,0.0,-0.007168458781361964,0.0,-1.0,138.5,139.0,139.0,139.5,48.0,251.0,6072.0,21210.0,False,False
2603,2022-10-28 10:36:06.095324,0.0,-0.007168458781361964,0.0,-1.0,138.5,139.0,139.0,139.5,48.0,251.0,6072.0,21210.0,False,False
2603,2022-10-28 10:36:06.101176,0.0,-0.007168458781361964,0.0,-1.0,138.5,139.0,139.0,139.5,48.0,251.0,6072.0,21210.0,False,False
2603,2022-10-28 10:36:06.229352,0.0,-0.007168458781361964,0.0,-1.0,138.5,139.0,139.0,139.5,50.0,257.0,6072.0,21210.0,False,False
2603,2022-10-28 10:36:06.635019,0.0,-0.007168458781361964,0.0,-1.0,138.5,139.0,139.0,139.5,50.0,257.0,6072.0,21210.0,True,True
2603,2022-10-28 10:36:06.668698,0.0,-0.007168458781361964,0.0,-1.0,138.5,139.0,139.0,139.5,51.0,257.0,6072.0,21210.0,False,False
2603,2022-10-28 10:36:06.895763,0.0,-0.007168458781361964,0.0,-1.0,138.5,139.0,139.0,139.5,51.0,257.0,6072.0,21210.0,False,False
2603,2022-10-28 10:36:08.092994,0.0,-0.007168458781361964,0.0,-1.0,138.5,139.0,139.0,139.5,52.0,257.0,6072.0,21210.0,False,False
2603,2022-10-28 10:36:08.148415,0.0,-0.007168458781361964,0.0,-1.0,138.5,139.0,139.0,139.5,52.0,257.0,6072.0,21210.0,False,False
2603,2022-10-28 10:36:08.760523,0.0,-0.007168458781361964,0.0,-1.0,138.5,139.0,139.0,139.5,52.0,257.0,6072.0,21210.0,False,False
2603,2022-10-28 10:36:08.847352,0.0,-0.007168458781361964,0.0,-1.0,138.5,139.0,139.0,139.5,52.0,260.0,6072.0,21210.0,False,False
2603,2022-10-28 10:36:08.977838,0.0,-0.007168458781361964,0.0,-1.0,138.5,139.0,139.0,139.5,55.0,260.0,6072.0,21210.0,False,False
2603,2022-10-28 10:36:09.394977,0.0,-0.007168458781361964,0.0,-1.0,138.5,139.0,139.0,139.5,70.0,260.0,6072.0,21210.0,False,False
2603,2022-10-28 10:36:09.433603,0.0,-0.007168458781361964,0.0,-1.0,138.5,139.0,139.0,139.5,75.0,258.0,6072.0,21210.0,False,False
2603,2022-10-28 10:36:09.572459,0.0,-0.007168458781361964,0.0,-1.0,138.5,139.0,139.0,139.5,75.0,242.0,6072.0,21210.0,False,False
2603,2022-10-28 10:36:09.626861,0.0,-0.007168458781361964,0.0,-1.0,138.5,139.0,139.0,139.5,74.0,242.0,6072.0,21210.0,False,False
2603,2022-10-28 10:36:09.630067,0.0,-0.007168458781361964,0.0,-1.0,138.5,139.0,139.0,139.5,74.0,242.0,6072.0,21210.0,False,False
2603,2022-10-28 10:36:09.827443,0.0,-0.007168458781361964,0.0,-1.0,138.5,139.0,139.0,139.5,74.0,238.0,6072.0,21210.0,False,False
2603,2022-10-28 10:36:09.861247,0.0,-0.007168458781361964,0.0,-1.0,138.5,139.0,139.0,139.5,74.0,238.0,6072.0,21210.0,False,False
2603,2022-10-28 10:36:09.894795,0.0,-0.007168458781361964,0.0,-1.0,138.5,139.0,139.0,139.5,74.0,238.0,6072.0,21210.0,False,False
2603,2022-10-28 10:36:10.210624,0.0,-0.007168458781361964,0.0,-1.0,138.5,139.0,139.0,139.5,74.0,239.0,6072.0,21210.0,False,False
2603,2022-10-28 10:36:10.841791,0.0,-0.007168458781361964,0.0,-1.0,138.5,139.0,139.0,139.5,74.0,239.0,6072.0,21210.0,False,False
2603,2022-10-28 10:36:10.962075,0.0,-0.007168458781361964,0.0,-1.0,138.5,139.0,139.0,139.5,74.0,239.0,6072.0,21210.0,False,False
2603,2022-10-28 10:36:11.374562,0.0,-0.007168458781361964,0.0,-1.0,138.5,139.0,139.0,139.5,74.0,239.0,6072.0,21210.0,False,False
2603,2022-10-28 10:36:11.650985,0.0,-0.007168458781361964,0.0,-1.0,138.5,139.0,139.0,139.5,73.0,239.0,6072.0,21210.0,False,False
2603,2022-10-28 10:36:12.133850,0.0,-0.007168458781361964,0.0,-1.0,138.5,139.0,139.0,139.5,73.0,239.0,6072.0,21210.0,False,False
2603,2022-10-28 10:36:12.288872,0.0,-0.007168458781361964,0.0,-1.0,138.5,139.0,139.0,139.5,73.0,240.0,6072.0,21210.0,False,False
2603,2022-10-28 10:36:12.345935,0.0,-0.007168458781361964,0.0,-1.0,138.5,139.0,139.0,139.5,73.0,240.0,6072.0,21210.0,False,False
2603,2022-10-28 10:36:13.246749,0.0,-0.007168458781361964,0.0,-1.0,138.5,139.0,139.0,139.5,73.0,240.0,6072.0,21210.0,False,False
2603,2022-10-28 10:36:13.276731,0.0,-0.007168458781361964,0.0,-1.0,138.5,139.0,139.0,139.5,72.0,240.0,6072.0,21210.0,False,False
2603,2022-10-28 10:36:13.521662,0.0,-0.007168458781361964,0.0,-1.0,138.5,139.0,139.0,139.5,70.0,240.0,6072.0,21210.0,False,False
2603,2022-10-28 10:36:13.852639,0.0,-0.007168458781361964,0.0,-1.0,138.5,139.0,139.0,139.5,70.0,240.0,6072.0,21210.0,False,False
2603,2022-10-28 10:36:14.131692,0.0,-0.007168458781361964,0.0,-1.0,138.5,139.0,139.0,139.5,70.0,240.0,6072.0,21210.0,False,False
2603,2022-10-28 10:36:14.157354,0.0,-0.007168458781361964,0.0,-1.0,138.5,139.0,139.0,139.5,71.0,240.0,6072.0,21210.0,False,False
2603,2022-10-28 10:36:14.556664,0.0,-0.007168458781361964,0.0,-1.0,138.5,139.0,139.0,139.5,71.0,240.0,6072.0,21210.0,False,False
2603,2022-10-28 10:36:14.714376,0.0,-0.007168458781361964,0.0,-1.0,138.5,139.0,139.0,139.5,71.0,240.0,6072.0,21210.0,False,False
2603,2022-10-28 10:36:14.859358,0.0,-0.007168458781361964,0.0,-1.0,138.5,139.0,139.0,139.5,72.0,240.0,6072.0,21210.0,False,False
2603,2022-10-28 10:36:14.913083,0.0,-0.007168458781361964,0.0,-1.0,138.5,139.0,139.0,139.5,72.0,240.0,6072.0,21210.0,False,False
2603,2022-10-28 10:36:15.005729,0.0,-0.007168458781361964,0.0,-1.0,138.5,139.0,139.0,139.5,73.0,240.0,6072.0,21210.0,False,False
2603,2022-10-28 10:36:15.722281,0.0,-0.007168458781361964,0.0,-1.0,138.5,139.0,139.0,139.5,73.0,240.0,6072.0,21210.0,False,False
2603,2022-10-28 10:36:15.956990,0.0,-0.007168458781361964,0.0,-1.0,138.5,139.0,139.0,139.5,74.0,240.0,6072.0,21210.0,False,False
2603,2022-10-28 10:36:15.965031,0.0,-0.007168458781361964,0.0,-1.0,138.5,139.0,139.0,139.5,74.0,240.0,6072.0,21210.0,False,False
2603,2022-10-28 10:36:16.091666,0.0,-0.007168458781361964,0.0,-1.0,138.5,139.0,139.0,139.5,74.0,220.0,6072.0,21210.0,False,False
2603,2022-10-28 10:36:16.348317,0.0,-0.007168458781361964,0.0,-1.0,138.5,139.0,139.0,139.5,74.0,220.0,6072.0,21210.0,False,False
2603,2022-10-28 10:36:16.581578,0.0,-0.007168458781361964,0.0,-1.0,138.5,139.0,139.0,139.5,73.0,220.0,6072.0,21210.0,False,False
2603,2022-10-28 10:36:16.676247,0.0,-0.007168458781361964,0.0,-1.0,138.5,139.0,139.0,139.5,73.0,220.0,8072.0,23210.0,True,True
2603,2022-10-28 10:36:16.867405,0.0,-0.007168458781361964,0.0,-1.0,138.5,139.0,139.0,139.5,73.0,220.0,8072.0,23210.0,False,False
2603,2022-10-28 10:36:17.514224,0.0,-0.007168458781361964,0.0,-1.0,138.5,139.0,139.0,139.5,73.0,225.0,8072.0,23210.0,False,False
2603,2022-10-28 10:36:17.644037,0.0,-0.007168458781361964,0.0,-1.0,138.5,139.0,139.0,139.5,74.0,225.0,8072.0,23210.0,False,False
2603,2022-10-28 10:36:17.708844,0.0,-0.007168458781361964,0.0,-1.0,138.5,139.0,139.0,139.5,74.0,225.0,8072.0,23210.0,False,False
2603,2022-10-28 10:36:17.789261,0.0,-0.007168458781361964,0.0,-1.0,138.5,139.0,139.0,139.5,74.0,225.0,8072.0,23210.0,False,False
2603,2022-10-28 10:36:18.116728,0.0,-0.007168458781361964,0.0,-1.0,138.5,139.0,139.0,139.5,74.0,225.0,8072.0,23210.0,False,False
2603,2022-10-28 10:36:18.151598,0.0,-0.007168458781361964,0.0,-1.0,138.5,139.0,139.0,139.5,74.0,225.0,8072.0,23210.0,False,False
2603,2022-10-28 10:36:19.033096,0.0,-0.007168458781361964,0.0,-1.0,138.5,139.0,139.0,139.5,74.0,225.0,8072.0,23210.0,False,False
2603,2022-10-28 10:36:19.058857,0.0,-0.007168458781361964,0.0,-1.0,138.5,139.0,139.0,139.5,74.0,226.0,8072.0,23210.0,False,False
2603,2022-10-28 10:36:19.152480,0.0,-0.007168458781361964,0.0,-1.0,138.5,139.0,139.0,139.5,74.0,226.0,8072.0,23210.0,False,False
2603,2022-10-28 10:36:19.331293,0.0,-0.007168458781361964,0.0,-1.0,138.5,139.0,139.0,139.5,74.0,226.0,8072.0,23210.0,False,False
2603,2022-10-28 10:36:19.356689,0.0,-0.007168458781361964,0.0,-1.0,138.5,139.0,139.0,139.5,74.0,226.0,8072.0,23210.0,False,False
2603,2022-10-28 10:36:19.656821,0.0,-0.007168458781361964,0.0,-1.0,138.5,139.0,139.0,139.5,74.0,226.0,8072.0,23210.0,False,False
2603,2022-10-28 10:36:19.789685,0.0,-0.007168458781361964,0.0,-1.0,138.5,139.0,139.0,139.5,74.0,226.0,8072.0,23210.0,False,False
2603,2022-10-28 10:36:20.155886,0.0,-0.007168458781361964,0.0,-1.0,138.5,139.0,139.0,139.5,75.0,226.0,8072.0,23210.0,False,False
2603,2022-10-28 10:36:20.251250,0.0,-0.007168458781361964,0.0,-1.0,138.5,139.0,139.0,139.5,80.0,226.0,8072.0,23210.0,False,False
2603,2022-10-28 10:36:20.337252,0.0,-0.007168458781361964,0.0,-1.0,138.5,139.0,139.0,139.5,80.0,226.0,8072.0,23210.0,False,False
2603,2022-10-28 10:36:21.133503,0.0,-0.007168458781361964,0.0,-1.0,138.5,139.0,139.0,139.5,80.0,226.0,8072.0,23210.0,False,False
2603,2022-10-28 10:36:21.230819,0.0,-0.007168458781361964,0.0,-1.0,138.5,139.0,139.0,139.5,85.0,226.0,8072.0,23210.0,False,False
2603,2022-10-28 10:36:21.252701,0.0,-0.007168458781361964,0.0,-1.0,138.5,139.0,139.0,139.5,85.0,227.0,8072.0,23210.0,False,False
2603,2022-10-28 10:36:21.436318,0.0,-0.007168458781361964,0.0,-1.0,138.5,139.0,139.0,139.5,95.0,227.0,8072.0,23210.0,False,False
2603,2022-10-28 10:36:21.613613,0.0,-0.007168458781361964,0.0,-1.0,138.5,139.0,139.0,139.5,95.0,228.0,8072.0,23210.0,False,False
2603,2022-10-28 10:36:21.667706,0.0,-0.007168458781361964,0.0,-1.0,138.5,139.0,139.0,139.5,95.0,228.0,8072.0,23210.0,False,False
2603,2022-10-28 10:36:22.696681,0.0,-0.007168458781361964,0.0,-1.0,138.5,139.0,139.0,139.5,95.0,228.0,8072.0,23210.0,False,False
2603,2022-10-28 10:36:22.723423,0.0,-0.007168458781361964,0.0,-1.0,138.5,139.0,139.0,139.5,95.0,228.0,8072.0,23210.0,False,False
2603,2022-10-28 10:36:22.921762,0.0,-0.007168458781361964,0.0,-1.0,138.5,139.0,139.0,139.5,96.0,228.0,8072.0,23210.0,False,False
2603,2022-10-28 10:36:22.966328,0.0,-0.007168458781361964,0.0,-1.0,138.5,139.0,139.0,139.5,97.0,228.0,8072.0,23210.0,False,False
2603,2022-10-28 10:36:23.198207,0.0,-0.007168458781361964,0.0,-1.0,138.5,139.0,139.0,139.5,137.0,228.0,8072.0,23210.0,False,False
2603,2022-10-28 10:36:23.269235,0.0,-0.007168458781361964,0.0,-1.0,138.5,139.0,139.0,139.5,137.0,232.0,8072.0,23210.0,False,False
2603,2022-10-28 10:36:23.613033,0.0,-0.007168458781361964,0.0,-1.0,138.5,139.0,139.0,139.5,137.0,232.0,8072.0,23210.0,False,False
2603,2022-10-28 10:36:24.484724,0.0,-0.007168458781361964,0.0,-1.0,138.5,139.0,139.0,139.5,137.0,232.0,8072.0,23210.0,False,False
2603,2022-10-28 10:36:24.562787,0.0,-0.007168458781361964,0.0,-1.0,138.5,139.0,139.0,139.5,137.0,233.0,8072.0,23210.0,False,False
2603,2022-10-28 10:36:24.909398,0.0,-0.007168458781361964,0.0,-1.0,138.5,139.0,139.0,139.5,138.0,233.0,8072.0,23210.0,False,False
2603,2022-10-28 10:36:25.347312,0.0,-0.007168458781361964,0.0,-1.0,138.5,139.0,139.0,139.5,139.0,233.0,8072.0,23210.0,False,False
2603,2022-10-28 10:36:25.459412,0.0,-0.007168458781361964,0.0,-1.0,138.5,139.0,139.0,139.5,139.0,233.0,8072.0,23210.0,False,False
2603,2022-10-28 10:36:25.606169,0.0,-0.007168458781361964,0.0,-1.0,138.5,139.0,139.0,139.5,139.0,233.0,8072.0,23210.0,False,False
2603,2022-10-28 10:36:25.887211,0.0,-0.007168458781361964,0.0,-1.0,138.5,139.0,139.0,139.5,140.0,233.0,8072.0,23210.0,False,False
2603,2022-10-28 10:36:25.965198,0.0,-0.007168458781361964,0.0,-1.0,138.5,139.0,139.0,139.5,145.0,233.0,8072.0,23210.0,False,False
2603,2022-10-28 10:36:26.246748,0.0,-0.007168458781361964,0.0,-1.0,138.5,139.0,139.0,139.5,145.0,233.0,8072.0,23210.0,False,False
2603,2022-10-28 10:36:26.592330,0.0,-0.007168458781361964,0.0,-1.0,138.5,139.0,139.0,139.5,145.0,233.0,8072.0,23210.0,False,False
2603,2022-10-28 10:36:26.703298,0.0,-0.007168458781361964,0.0,-1.0,138.5,139.0,139.0,139.5,145.0,233.0,8072.0,23610.0,True,True
2603,2022-10-28 10:36:26.754568,0.0,-0.007168458781361964,0.0,-1.0,138.5,139.0,139.0,139.5,145.0,233.0,8072.0,23610.0,False,False
2603,2022-10-28 10:36:26.844525,0.0,-0.007168458781361964,0.0,-1.0,138.5,139.0,139.0,139.5,146.0,233.0,8072.0,23610.0,False,False
2603,2022-10-28 10:36:26.914620,0.0,-0.007168458781361964,0.0,-1.0,138.5,139.0,139.0,139.5,146.0,233.0,8072.0,23610.0,False,False
2603,2022-10-28 10:36:27.056541,0.0,-0.007168458781361964,0.0,-1.0,138.5,139.0,139.0,139.5,146.0,234.0,8072.0,23610.0,False,False
2603,2022-10-28 10:36:27.167369,0.0,-0.007168458781361964,0.0,-1.0,138.5,139.0,139.0,139.5,146.0,234.0,8072.0,23610.0,False,False
2603,2022-10-28 10:36:27.427919,0.0,-0.007168458781361964,0.0,-1.0,138.5,139.0,139.0,139.5,146.0,234.0,8072.0,23610.0,False,False
2603,2022-10-28 10:36:27.507924,0.0,-0.007168458781361964,0.0,-1.0,138.5,139.0,139.0,139.5,146.0,234.0,8072.0,23610.0,False,False
2603,2022-10-28 10:36:27.565773,0.0,-0.007168458781361964,0.0,-1.0,138.5,139.0,139.0,139.5,140.0,234.0,8072.0,23610.0,False,False
2603,2022-10-28 10:36:27.513941,0.0,-0.007168458781361964,0.0,-1.0,138.5,139.0,139.0,139.5,150.0,234.0,8072.0,23610.0,False,False
2603,2022-10-28 10:36:27.698591,0.0,-0.007168458781361964,0.0,-1.0,138.5,139.0,139.0,139.5,140.0,234.0,8072.0,23610.0,False,False
2603,2022-10-28 10:36:27.959676,0.0,-0.007168458781361964,0.0,-1.0,138.5,139.0,139.0,139.5,135.0,234.0,8072.0,23610.0,False,False
2603,2022-10-28 10:36:27.989686,0.0,-0.007168458781361964,0.0,-1.0,138.5,139.0,139.0,139.5,135.0,319.0,8072.0,23610.0,False,False
2603,2022-10-28 10:36:28.220137,0.0,-0.007168458781361964,0.0,-1.0,138.5,139.0,139.0,139.5,136.0,319.0,8072.0,23610.0,False,False
2603,2022-10-28 10:36:29.426038,0.0,-0.007168458781361964,0.0,-1.0,138.5,139.0,139.0,139.5,136.0,319.0,8072.0,23610.0,False,False
2603,2022-10-28 10:36:29.843190,0.0,-0.007168458781361964,0.0,-1.0,138.5,139.0,139.0,139.5,136.0,319.0,8072.0,23610.0,False,False
2603,2022-10-28 10:36:29.944289,0.0,-0.007168458781361964,0.0,-1.0,138.5,139.0,139.0,139.5,116.0,319.0,8072.0,23610.0,False,False
2603,2022-10-28 10:36:29.968031,0.0,-0.007168458781361964,0.0,-1.0,138.5,139.0,139.0,139.5,116.0,319.0,8072.0,23610.0,False,False
2603,2022-10-28 10:36:30.304278,0.0,-0.007168458781361964,0.0,-1.0,138.5,139.0,139.0,139.5,117.0,319.0,8072.0,23610.0,False,False
2603,2022-10-28 10:36:30.591534,0.0,-0.007168458781361964,0.0,-1.0,138.5,139.0,139.0,139.5,118.0,319.0,8072.0,23610.0,False,False
2603,2022-10-28 10:36:30.773986,0.0,-0.007168458781361964,0.0,-1.0,138.5,139.0,139.0,139.5,118.0,320.0,8072.0,23610.0,False,False
2603,2022-10-28 10:36:31.018127,0.0,-0.007168458781361964,0.0,-1.0,138.5,139.0,139.0,139.5,128.0,320.0,8072.0,23610.0,False,False
2603,2022-10-28 10:36:31.106243,0.0,-0.007168458781361964,0.0,-1.0,138.5,139.0,139.0,139.5,128.0,320.0,8072.0,23610.0,False,False
2603,2022-10-28 10:36:31.280897,0.0,-0.007168458781361964,0.0,-1.0,138.5,139.0,139.0,139.5,118.0,320.0,8072.0,23610.0,False,False
2603,2022-10-28 10:36:31.695367,0.0,-0.007168458781361964,0.0,-1.0,138.5,139.0,139.0,139.5,118.0,320.0,8072.0,23610.0,False,False
2603,2022-10-28 10:36:31.829590,0.0,-0.007168458781361964,0.0,-1.0,138.5,139.0,139.0,139.5,118.0,320.0,8072.0,23610.0,False,False
2603,2022-10-28 10:36:31.878020,0.0,-0.007168458781361964,0.0,-1.0,138.5,139.0,139.0,139.5,118.0,320.0,8072.0,23610.0,False,False
2603,2022-10-28 10:36:32.071799,0.0,-0.007168458781361964,0.0,-1.0,138.5,139.0,139.0,139.5,118.0,320.0,8072.0,23610.0,False,False
2603,2022-10-28 10:36:32.230590,0.0,-0.007168458781361964,0.0,-1.0,138.5,139.0,139.0,139.5,118.0,320.0,8072.0,23610.0,False,False
2603,2022-10-28 10:36:32.303349,0.0,-0.007168458781361964,0.0,-1.0,138.5,139.0,139.0,139.5,118.0,315.0,8072.0,23610.0,False,False
2603,2022-10-28 10:36:32.533000,0.0,-0.007168458781361964,0.0,-1.0,138.5,139.0,139.0,139.5,121.0,315.0,8072.0,23610.0,False,False
2603,2022-10-28 10:36:32.584682,0.0,-0.007168458781361964,0.0,-1.0,138.5,139.0,139.0,139.5,121.0,315.0,8072.0,23610.0,False,False
2603,2022-10-28 10:36:32.888756,0.0,-0.007168458781361964,0.0,-1.0,138.5,139.0,139.0,139.5,121.0,315.0,8072.0,23610.0,False,False
2603,2022-10-28 10:36:32.936398,0.0,-0.007168458781361964,0.0,-1.0,138.5,139.0,139.0,139.5,119.0,315.0,8072.0,23610.0,False,False
2603,2022-10-28 10:36:33.002915,0.0,-0.007168458781361964,0.0,-1.0,138.5,139.0,139.0,139.5,119.0,315.0,8072.0,23610.0,False,False
2603,2022-10-28 10:36:33.192261,0.0,-0.007168458781361964,0.0,-1.0,138.5,139.0,139.0,139.5,119.0,315.0,8072.0,23610.0,False,False
2603,2022-10-28 10:36:34.450304,0.0,-0.007168458781361964,0.0,-1.0,138.5,139.0,139.0,139.5,119.0,315.0,8072.0,23610.0,False,False
2603,2022-10-28 10:36:35.807467,0.0,-0.007168458781361964,0.0,-1.0,138.5,139.0,139.0,139.5,119.0,315.0,8072.0,23610.0,False,False
2603,2022-10-28 10:36:35.929590,0.0,-0.007168458781361964,0.0,-1.0,138.5,139.0,139.0,139.5,119.0,315.0,8072.0,23610.0,False,False
2603,2022-10-28 10:36:35.964186,0.0,-0.007168458781361964,0.0,-1.0,138.5,139.0,139.0,139.5,119.0,230.0,8072.0,23610.0,False,False
2603,2022-10-28 10:36:36.006015,0.0,-0.007168458781361964,0.0,-1.0,138.5,139.0,139.0,139.5,119.0,224.0,8072.0,23610.0,False,False
2603,2022-10-28 10:36:36.500740,0.0,-0.007168458781361964,0.0,-1.0,138.5,139.0,139.0,139.5,119.0,224.0,8072.0,23610.0,False,False
2603,2022-10-28 10:36:36.728111,0.0,-0.007168458781361964,0.0,-1.0,138.5,139.0,139.0,139.5,119.0,224.0,7073.0,23610.0,True,True
2603,2022-10-28 10:36:36.865474,0.0,-0.007168458781361964,0.0,-1.0,138.5,139.0,139.0,139.5,119.0,224.0,7073.0,23610.0,False,False
2603,2022-10-28 10:36:36.940189,0.0,-0.007168458781361964,0.0,-1.0,138.5,139.0,139.0,139.5,120.0,224.0,7073.0,23610.0,False,False
2603,2022-10-28 10:36:37.092552,0.0,-0.007168458781361964,0.0,-1.0,138.5,139.0,139.0,139.5,120.0,224.0,7073.0,23610.0,False,False
2603,2022-10-28 10:36:37.240703,0.0,-0.007168458781361964,0.0,-1.0,138.5,139.0,139.0,139.5,121.0,224.0,7073.0,23610.0,False,False
2603,2022-10-28 10:36:37.400747,0.0,-0.007168458781361964,0.0,-1.0,138.5,139.0,139.0,139.5,121.0,225.0,7073.0,23610.0,False,False
2603,2022-10-28 10:36:37.542148,0.0,-0.007168458781361964,0.0,-1.0,138.5,139.0,139.0,139.5,122.0,225.0,7073.0,23610.0,False,False
2603,2022-10-28 10:36:38.194604,0.0,-0.007168458781361964,0.0,-1.0,138.5,139.0,139.0,139.5,121.0,225.0,7073.0,23610.0,False,False
2603,2022-10-28 10:36:38.274491,0.0,-0.007168458781361964,0.0,-1.0,138.5,139.0,139.0,139.5,122.0,225.0,7073.0,23610.0,False,False
2603,2022-10-28 10:36:38.277628,0.0,-0.007168458781361964,0.0,-1.0,138.5,139.0,139.0,139.5,122.0,225.0,7073.0,23610.0,False,False
2603,2022-10-28 10:36:38.895416,0.0,-0.007168458781361964,0.0,-1.0,138.5,139.0,139.0,139.5,122.0,225.0,7073.0,23610.0,False,False
2603,2022-10-28 10:36:39.716014,0.0,-0.007168458781361964,0.0,-1.0,138.5,139.0,139.0,139.5,127.0,225.0,7073.0,23610.0,False,False
2603,2022-10-28 10:36:40.015215,0.0,-0.007168458781361964,0.0,-1.0,138.5,139.0,139.0,139.5,126.0,224.0,7073.0,23610.0,False,False
2603,2022-10-28 10:36:40.016880,0.0,-0.007168458781361964,0.0,-1.0,138.5,139.0,139.0,139.5,126.0,225.0,7073.0,23610.0,False,False
2603,2022-10-28 10:36:40.147991,0.0,-0.007168458781361964,0.0,-1.0,138.5,139.0,139.0,139.5,126.0,225.0,7073.0,23610.0,False,False
2603,2022-10-28 10:36:40.258052,0.0,-0.007168458781361964,0.0,-1.0,138.5,139.0,139.0,139.5,127.0,225.0,7073.0,23610.0,False,False
2603,2022-10-28 10:36:40.818769,0.0,-0.007168458781361964,0.0,-1.0,138.5,139.0,139.0,139.5,132.0,225.0,7073.0,23610.0,False,False
2603,2022-10-28 10:36:41.801255,0.0,-0.007168458781361964,0.0,-1.0,138.5,139.0,139.0,139.5,128.0,225.0,7073.0,23610.0,False,False
2603,2022-10-28 10:36:41.834394,0.0,-0.007168458781361964,0.0,-1.0,138.5,139.0,139.0,139.5,128.0,231.0,7073.0,23610.0,False,False
2603,2022-10-28 10:36:42.159352,0.0,-0.007168458781361964,0.0,-1.0,138.5,139.0,139.0,139.5,128.0,232.0,7073.0,23610.0,False,False
2603,2022-10-28 10:36:42.281949,0.0,-0.007168458781361964,0.0,-1.0,138.5,139.0,139.0,139.5,129.0,232.0,7073.0,23610.0,False,False
2603,2022-10-28 10:36:42.673360,0.0,-0.007168458781361964,0.0,-1.0,138.5,139.0,139.0,139.5,129.0,232.0,7073.0,23610.0,False,False
2603,2022-10-28 10:36:42.834397,0.0,-0.007168458781361964,0.0,-1.0,138.5,139.0,139.0,139.5,129.0,232.0,7073.0,23610.0,False,False
2603,2022-10-28 10:36:42.836234,0.0,-0.007168458781361964,0.0,-1.0,138.5,139.0,139.0,139.5,121.0,224.0,7073.0,23610.0,False,False
2603,2022-10-28 10:36:42.861748,0.0,-0.007168458781361964,0.0,-1.0,138.5,139.0,139.0,139.5,121.0,309.0,7073.0,23610.0,False,False
2603,2022-10-28 10:36:42.968950,0.0,-0.007168458781361964,0.0,-1.0,138.5,139.0,139.0,139.5,121.0,309.0,7073.0,23610.0,False,False
2603,2022-10-28 10:36:43.096715,0.0,-0.007168458781361964,0.0,-1.0,138.5,139.0,139.0,139.5,121.0,309.0,7073.0,23610.0,False,False
2603,2022-10-28 10:36:43.185506,0.0,-0.007168458781361964,0.0,-1.0,138.5,139.0,139.0,139.5,122.0,309.0,7073.0,23610.0,False,False
2603,2022-10-28 10:36:43.452303,0.0,-0.007168458781361964,0.0,-1.0,138.5,139.0,139.0,139.5,122.0,309.0,7073.0,23610.0,False,False
2603,2022-10-28 10:36:43.761504,0.0,-0.007168458781361964,0.0,-1.0,138.5,139.0,139.0,139.5,123.0,309.0,7073.0,23610.0,False,False
2603,2022-10-28 10:36:43.919734,0.0,-0.007168458781361964,0.0,-1.0,138.5,139.0,139.0,139.5,128.0,309.0,7073.0,23610.0,False,False
2603,2022-10-28 10:36:43.922765,0.0,-0.007168458781361964,0.0,-1.0,138.5,139.0,139.0,139.5,129.0,309.0,7073.0,23610.0,False,False
2603,2022-10-28 10:36:44.487493,0.0,-0.007168458781361964,0.0,-1.0,138.5,139.0,139.0,139.5,129.0,309.0,7073.0,23610.0,False,False
2603,2022-10-28 10:36:44.545969,0.0,-0.007168458781361964,0.0,-1.0,138.5,139.0,139.0,139.5,129.0,224.0,7073.0,23610.0,False,False
2603,2022-10-28 10:36:44.906700,0.0,-0.007168458781361964,0.0,-1.0,138.5,139.0,139.0,139.5,129.0,224.0,7073.0,23610.0,False,False
2603,2022-10-28 10:36:44.929092,0.0,-0.007168458781361964,0.0,-1.0,138.5,139.0,139.0,139.5,129.0,224.0,7073.0,23610.0,False,False
2603,2022-10-28 10:36:45.636435,0.0,-0.007168458781361964,0.0,-1.0,138.5,139.0,139.0,139.5,130.0,224.0,7073.0,23610.0,False,False
2603,2022-10-28 10:36:45.676947,0.0,-0.007168458781361964,0.0,-1.0,138.5,139.0,139.0,139.5,130.0,231.0,7073.0,23610.0,False,False
2603,2022-10-28 10:36:45.757567,0.0,-0.007168458781361964,0.0,-1.0,138.5,139.0,139.0,139.5,131.0,231.0,7073.0,23610.0,False,False
2603,2022-10-28 10:36:45.905738,0.0,-0.007168458781361964,0.0,-1.0,138.5,139.0,139.0,139.5,132.0,231.0,7073.0,23610.0,False,False
2603,2022-10-28 10:36:46.027988,0.0,-0.007168458781361964,0.0,-1.0,138.5,139.0,139.0,139.5,144.0,231.0,7073.0,23610.0,False,False
2603,2022-10-28 10:36:46.131550,0.0,-0.007168458781361964,0.0,-1.0,138.5,139.0,139.0,139.5,143.0,231.0,7073.0,23610.0,False,False
2603,2022-10-28 10:36:46.121849,0.0,-0.007168458781361964,0.0,-1.0,138.5,139.0,139.0,139.5,145.0,231.0,7073.0,23610.0,False,False
2603,2022-10-28 10:36:46.756065,0.0,-0.007168458781361964,0.0,-1.0,138.5,139.0,139.0,139.5,145.0,231.0,5574.0,23610.0,True,True
2603,2022-10-28 10:36:47.249168,0.0,-0.007168458781361964,0.0,-1.0,138.5,139.0,139.0,139.5,142.0,231.0,5574.0,23610.0,False,False
2603,2022-10-28 10:36:47.515093,0.0,-0.007168458781361964,0.0,-1.0,138.5,139.0,139.0,139.5,142.0,231.0,5574.0,23610.0,False,False
2603,2022-10-28 10:36:48.202149,0.0,-0.007168458781361964,0.0,-1.0,138.5,139.0,139.0,139.5,142.0,231.0,5574.0,23610.0,False,False
2603,2022-10-28 10:36:48.517616,0.0,-0.007168458781361964,0.0,-1.0,138.5,139.0,139.0,139.5,142.0,233.0,5574.0,23610.0,False,False
2603,2022-10-28 10:36:48.549060,0.0,-0.007168458781361964,0.0,-1.0,138.5,139.0,139.0,139.5,142.0,227.0,5574.0,23610.0,False,False
2603,2022-10-28 10:36:48.783725,0.0,-0.007168458781361964,0.0,-1.0,138.5,139.0,139.0,139.5,142.0,227.0,5574.0,23610.0,False,False
2603,2022-10-28 10:36:48.980762,0.0,-0.007168458781361964,0.0,-1.0,138.5,139.0,139.0,139.5,146.0,227.0,5574.0,23610.0,False,False
2603,2022-10-28 10:36:49.806285,0.0,-0.007168458781361964,0.0,-1.0,138.5,139.0,139.0,139.5,146.0,227.0,5574.0,23610.0,False,False
2603,2022-10-28 10:36:50.069750,0.0,-0.007168458781361964,0.0,-1.0,138.5,139.0,139.0,139.5,146.0,227.0,5574.0,23610.0,False,False
2603,2022-10-28 10:36:51.001667,0.0,-0.007168458781361964,0.0,-1.0,138.5,139.0,139.0,139.5,147.0,227.0,5574.0,23610.0,False,False
2603,2022-10-28 10:36:52.063513,0.0,-0.007168458781361964,0.0,-1.0,138.5,139.0,139.0,139.5,147.0,227.0,5574.0,23610.0,False,False
2603,2022-10-28 10:36:52.148878,0.0,-0.007168458781361964,0.0,-1.0,138.5,139.0,139.0,139.5,141.0,227.0,5574.0,23610.0,False,False
2603,2022-10-28 10:36:52.447809,0.0,-0.007168458781361964,0.0,-1.0,138.5,139.0,139.0,139.5,141.0,227.0,5574.0,23610.0,False,False
2603,2022-10-28 10:36:52.874010,0.0,-0.007168458781361964,0.0,-1.0,138.5,139.0,139.0,139.5,141.0,223.0,5574.0,23610.0,False,False
2603,2022-10-28 10:36:52.930768,0.0,-0.007168458781361964,0.0,-1.0,138.5,139.0,139.0,139.5,140.0,223.0,5574.0,23610.0,False,False
2603,2022-10-28 10:36:52.931059,0.0,-0.007168458781361964,0.0,-1.0,138.5,139.0,139.0,139.5,140.0,226.0,5574.0,23610.0,False,False
2603,2022-10-28 10:36:53.152493,0.0,-0.007168458781361964,0.0,-1.0,138.5,139.0,139.0,139.5,145.0,226.0,5574.0,23610.0,False,False
2603,2022-10-28 10:36:53.960876,0.0,-0.007168458781361964,0.0,-1.0,138.5,139.0,139.0,139.5,145.0,226.0,5574.0,23610.0,False,False
2603,2022-10-28 10:36:53.964026,0.0,-0.007168458781361964,0.0,-1.0,138.5,139.0,139.0,139.5,145.0,226.0,5574.0,23610.0,False,False
2603,2022-10-28 10:36:54.530774,0.0,-0.007168458781361964,0.0,-1.0,138.5,139.0,139.0,139.5,145.0,226.0,5574.0,23610.0,False,False
2603,2022-10-28 10:36:54.652932,0.0,-0.007168458781361964,0.0,-1.0,138.5,139.0,139.0,139.5,145.0,226.0,5574.0,23610.0,False,False
2603,2022-10-28 10:36:55.538597,0.0,-0.007168458781361964,0.0,-1.0,138.5,139.0,139.0,139.5,144.0,226.0,5574.0,23610.0,False,False
2603,2022-10-28 10:36:55.707858,0.0,-0.007168458781361964,0.0,-1.0,138.5,139.0,139.0,139.5,144.0,226.0,5574.0,23610.0,False,False
2603,2022-10-28 10:36:56.157347,0.0,-0.007168458781361964,0.0,-1.0,138.5,139.0,139.0,139.5,144.0,226.0,5574.0,23610.0,False,False
2603,2022-10-28 10:36:56.822999,0.0,-0.007168458781361964,0.0,-1.0,138.5,139.0,139.0,139.5,144.0,226.0,4575.0,23610.0,True,True
2603,2022-10-28 10:36:57.158644,0.0,-0.007168458781361964,0.0,-1.0,138.5,139.0,139.0,139.5,144.0,226.0,4575.0,23610.0,False,False
2603,2022-10-28 10:36:57.322564,0.0,-0.007168458781361964,0.0,-1.0,138.5,139.0,139.0,139.5,144.0,226.0,4575.0,23610.0,False,False
2603,2022-10-28 10:36:57.445201,0.0,-0.007168458781361964,0.0,-1.0,138.5,139.0,139.0,139.5,145.0,226.0,4575.0,23610.0,False,False
2603,2022-10-28 10:36:57.826346,0.0,-0.007168458781361964,0.0,-1.0,138.5,139.0,139.0,139.5,145.0,226.0,4575.0,23610.0,False,False
2603,2022-10-28 10:36:57.836894,0.0,-0.007168458781361964,0.0,-1.0,138.5,139.0,139.0,139.5,145.0,226.0,4575.0,23610.0,False,False
2603,2022-10-28 10:36:57.926248,0.0,-0.007168458781361964,0.0,-1.0,138.5,139.0,139.0,139.5,145.0,226.0,4575.0,23610.0,False,False
2603,2022-10-28 10:36:58.663136,0.0,-0.007168458781361964,0.0,-1.0,138.5,139.0,139.0,139.5,145.0,226.0,4575.0,23610.0,False,False
2603,2022-10-28 10:36:58.858597,0.0,-0.007168458781361964,0.0,-1.0,138.5,139.0,139.0,139.5,145.0,226.0,4575.0,23610.0,False,False
2603,2022-10-28 10:36:58.871432,0.0,-0.007168458781361964,0.0,-1.0,138.5,139.0,139.0,139.5,145.0,226.0,4575.0,23610.0,False,False
2603,2022-10-28 10:36:59.288451,0.0,-0.007168458781361964,0.0,-1.0,138.5,139.0,139.0,139.5,145.0,226.0,4575.0,23610.0,False,False
2603,2022-10-28 10:36:59.420499,0.0,-0.007168458781361964,0.0,-1.0,138.5,139.0,139.0,139.5,145.0,226.0,4575.0,23610.0,False,False
2603,2022-10-28 10:36:59.445540,0.0,-0.007168458781361964,0.0,-1.0,138.5,139.0,139.0,139.5,145.0,219.0,4575.0,23610.0,False,False
2603,2022-10-28 10:37:00.247634,0.0,-0.007168458781361964,0.0,-1.0,138.5,139.0,139.0,139.5,145.0,219.0,4575.0,23610.0,False,False
2603,2022-10-28 10:37:00.322091,0.0,-0.007168458781361964,0.0,-1.0,138.5,139.0,139.0,139.5,145.0,219.0,4575.0,23610.0,False,False
2603,2022-10-28 10:37:00.628257,0.0,-0.007168458781361964,0.0,-1.0,138.5,139.0,139.0,139.5,144.0,219.0,4575.0,23610.0,False,False
2603,2022-10-28 10:37:00.974924,0.0,-0.007168458781361964,0.0,-1.0,138.5,139.0,139.0,139.5,144.0,219.0,4575.0,23610.0,False,False
2603,2022-10-28 10:37:01.167049,0.0,-0.007168458781361964,0.0,-1.0,138.5,139.0,139.0,139.5,145.0,219.0,4575.0,23610.0,False,False
2603,2022-10-28 10:37:01.563674,0.0,-0.007168458781361964,0.0,-1.0,138.5,139.0,139.0,139.5,145.0,219.0,4575.0,23610.0,False,False
2603,2022-10-28 10:37:01.639146,0.0,-0.007168458781361964,0.0,-1.0,138.5,139.0,139.0,139.5,145.0,219.0,4575.0,23610.0,False,False
2603,2022-10-28 10:37:01.827069,0.0,-0.007168458781361964,0.0,-1.0,138.5,139.0,139.0,139.5,144.0,219.0,4575.0,23610.0,False,False
2603,2022-10-28 10:37:01.852411,0.0,-0.007168458781361964,0.0,-1.0,138.5,139.0,139.0,139.5,144.0,219.0,4575.0,23610.0,False,False
2603,2022-10-28 10:37:02.298328,0.0,-0.007168458781361964,0.0,-1.0,138.5,139.0,139.0,139.5,144.0,219.0,4575.0,23610.0,False,False
2603,2022-10-28 10:37:02.360255,0.0,-0.007168458781361964,0.0,-1.0,138.5,139.0,139.0,139.5,139.0,219.0,4575.0,23610.0,False,False
2603,2022-10-28 10:37:02.563037,0.0,-0.007168458781361964,0.0,-1.0,138.5,139.0,139.0,139.5,144.0,219.0,4575.0,23610.0,False,False
2603,2022-10-28 10:37:02.622637,0.0,-0.007168458781361964,0.0,-1.0,138.5,139.0,139.0,139.5,144.0,219.0,4575.0,23610.0,False,False
2603,2022-10-28 10:37:02.831745,0.0,-0.007168458781361964,0.0,-1.0,138.5,139.0,139.0,139.5,144.0,223.0,4575.0,23610.0,False,False
2603,2022-10-28 10:37:02.838723,0.0,-0.007168458781361964,0.0,-1.0,138.5,139.0,139.0,139.5,144.0,222.0,4575.0,23610.0,False,False
2603,2022-10-28 10:37:04.067868,0.0,-0.007168458781361964,0.0,-1.0,138.5,139.0,139.0,139.5,144.0,222.0,4575.0,23610.0,False,False
2603,2022-10-28 10:37:04.428474,0.0,-0.007168458781361964,0.0,-1.0,138.5,139.0,139.0,139.5,144.0,222.0,4575.0,23610.0,False,False
2603,2022-10-28 10:37:04.470423,0.0,-0.007168458781361964,0.0,-1.0,138.5,139.0,139.0,139.5,144.0,222.0,4575.0,23610.0,False,False
2603,2022-10-28 10:37:04.813439,0.0,-0.007168458781361964,0.0,-1.0,138.5,139.0,139.0,139.5,149.0,222.0,4575.0,23610.0,False,False
2603,2022-10-28 10:37:05.001466,0.0,-0.007168458781361964,0.0,-1.0,138.5,139.0,139.0,139.5,148.0,221.0,4575.0,23610.0,False,False
2603,2022-10-28 10:37:05.208944,0.0,-0.007168458781361964,0.0,-1.0,138.5,139.0,139.0,139.5,148.0,221.0,4575.0,23610.0,False,False
2603,2022-10-28 10:37:05.402882,0.0,-0.007168458781361964,0.0,-1.0,138.5,139.0,139.0,139.5,148.0,221.0,4575.0,23610.0,False,False
2603,2022-10-28 10:37:05.408585,0.0,-0.007168458781361964,0.0,-1.0,138.5,139.0,139.0,139.5,148.0,221.0,4575.0,23610.0,False,False
2603,2022-10-28 10:37:05.523475,0.0,-0.007168458781361964,0.0,-1.0,138.5,139.0,139.0,139.5,148.0,221.0,4575.0,23610.0,False,False
2603,2022-10-28 10:37:05.676691,0.0,-0.007168458781361964,0.0,-1.0,138.5,139.0,139.0,139.5,148.0,221.0,4575.0,23610.0,False,False
2603,2022-10-28 10:37:05.760542,0.0,-0.007168458781361964,0.0,-1.0,138.5,139.0,139.0,139.5,148.0,221.0,4575.0,23610.0,False,False
2603,2022-10-28 10:37:05.980187,0.0,-0.007168458781361964,0.0,-1.0,138.5,139.0,139.0,139.5,148.0,221.0,4575.0,23610.0,False,False
2603,2022-10-28 10:37:06.059974,0.0,-0.007168458781361964,0.0,-1.0,138.5,139.0,139.0,139.5,148.0,221.0,4575.0,23610.0,False,True
2603,2022-10-28 10:37:06.134779,0.0,-0.007168458781361964,0.0,-1.0,138.5,139.0,139.0,139.5,148.0,221.0,4575.0,23610.0,False,False
2603,2022-10-28 10:37:06.349167,0.0,-0.007168458781361964,0.0,-1.0,138.5,139.0,139.0,139.5,148.0,221.0,4575.0,23610.0,False,False
2603,2022-10-28 10:37:06.393132,0.0,-0.007168458781361964,0.0,-1.0,138.5,139.0,139.0,139.5,148.0,221.0,4575.0,23610.0,False,False
2603,2022-10-28 10:37:06.459877,0.0,-0.007168458781361964,0.0,-1.0,138.5,139.0,139.0,139.5,148.0,221.0,4575.0,23610.0,False,False
2603,2022-10-28 10:37:06.571165,0.0,-0.007168458781361964,0.0,-1.0,138.5,139.0,139.0,139.5,146.0,221.0,4575.0,23610.0,False,False
2603,2022-10-28 10:37:07.095357,0.0,-0.007168458781361964,0.0,-1.0,138.5,139.0,139.0,139.5,136.0,221.0,4575.0,23610.0,False,False
2603,2022-10-28 10:37:07.170940,0.0,-0.007168458781361964,0.0,-1.0,138.5,139.0,139.0,139.5,136.0,221.0,4575.0,23610.0,False,False
2603,2022-10-28 10:37:07.726389,0.0,-0.007168458781361964,0.0,-1.0,138.5,139.0,139.0,139.5,136.0,221.0,4575.0,23610.0,False,False
2603,2022-10-28 10:37:07.884811,0.0,-0.007168458781361964,0.0,-1.0,138.5,139.0,139.0,139.5,150.0,221.0,4575.0,23610.0,False,False
2603,2022-10-28 10:37:08.680524,0.0,-0.007168458781361964,0.0,-1.0,138.5,139.0,139.0,139.5,148.0,221.0,4575.0,23610.0,False,False
2603,2022-10-28 10:37:08.685860,0.0,-0.007168458781361964,0.0,-1.0,138.5,139.0,139.0,139.5,148.0,221.0,4575.0,23610.0,False,False
2603,2022-10-28 10:37:09.177670,0.0,-0.007168458781361964,0.0,-1.0,138.5,139.0,139.0,139.5,148.0,220.0,4575.0,23610.0,False,False
2603,2022-10-28 10:37:09.243706,0.0,-0.007168458781361964,0.0,-1.0,138.5,139.0,139.0,139.5,148.0,220.0,4575.0,23610.0,False,False
2603,2022-10-28 10:37:09.502994,0.0,-0.007168458781361964,0.0,-1.0,138.5,139.0,139.0,139.5,148.0,220.0,4575.0,23610.0,False,False
2603,2022-10-28 10:37:09.550780,0.0,-0.007168458781361964,0.0,-1.0,138.5,139.0,139.0,139.5,149.0,220.0,4575.0,23610.0,False,False
2603,2022-10-28 10:37:09.696028,0.0,-0.007168458781361964,0.0,-1.0,138.5,139.0,139.0,139.5,149.0,219.0,4575.0,23610.0,False,False
2603,2022-10-28 10:37:09.820130,0.0,-0.007168458781361964,0.0,-1.0,138.5,139.0,139.0,139.5,148.0,219.0,4575.0,23610.0,False,False
2603,2022-10-28 10:37:09.854087,0.0,-0.007168458781361964,0.0,-1.0,138.5,139.0,139.0,139.5,148.0,220.0,4575.0,23610.0,False,False
2603,2022-10-28 10:37:10.379850,0.0,-0.007168458781361964,0.0,-1.0,138.5,139.0,139.0,139.5,149.0,220.0,4575.0,23610.0,False,False
2603,2022-10-28 10:37:10.454809,0.0,-0.007168458781361964,0.0,-1.0,138.5,139.0,139.0,139.5,148.0,220.0,4575.0,23610.0,False,False
2603,2022-10-28 10:37:10.905276,0.0,-0.007168458781361964,0.0,-1.0,138.5,139.0,139.0,139.5,146.0,220.0,4575.0,23610.0,False,False
2603,2022-10-28 10:37:11.225110,0.0,-0.007168458781361964,0.0,-1.0,138.5,139.0,139.0,139.5,146.0,220.0,4575.0,23610.0,False,False
2603,2022-10-28 10:37:11.889511,0.0,-0.007168458781361964,0.0,-1.0,138.5,139.0,139.0,139.5,146.0,220.0,4575.0,23610.0,False,False
2603,2022-10-28 10:37:12.295435,0.0,-0.007168458781361964,0.0,-1.0,138.5,139.0,139.0,139.5,147.0,220.0,4575.0,23610.0,False,False
2603,2022-10-28 10:37:12.380747,0.0,-0.007168458781361964,0.0,-1.0,138.5,139.0,139.0,139.5,147.0,221.0,4575.0,23610.0,False,False
2603,2022-10-28 10:37:12.413463,0.0,-0.007168458781361964,0.0,-1.0,138.5,139.0,139.0,139.5,147.0,221.0,4575.0,23610.0,False,False
2603,2022-10-28 10:37:12.538928,0.0,-0.007168458781361964,0.0,-1.0,138.5,139.0,139.0,139.5,149.0,221.0,4575.0,23610.0,False,False
2603,2022-10-28 10:37:12.775213,0.0,-0.007168458781361964,0.0,-1.0,138.5,139.0,139.0,139.5,150.0,221.0,4575.0,23610.0,False,False
2603,2022-10-28 10:37:12.790213,0.0,-0.007168458781361964,0.0,-1.0,138.5,139.0,139.0,139.5,149.0,220.0,4575.0,23610.0,False,False
2603,2022-10-28 10:37:14.137917,0.0,-0.007168458781361964,0.0,-1.0,138.5,139.0,139.0,139.5,149.0,220.0,4575.0,23610.0,False,False
2603,2022-10-28 10:37:14.418278,0.0,-0.007168458781361964,0.0,-1.0,138.5,139.0,139.0,139.5,139.0,220.0,4575.0,23610.0,False,False
2603,2022-10-28 10:37:14.597234,0.0,-0.007168458781361964,0.0,-1.0,138.5,139.0,139.0,139.5,138.0,220.0,4575.0,23610.0,False,False
2603,2022-10-28 10:37:14.630695,0.0,-0.007168458781361964,0.0,-1.0,138.5,139.0,139.0,139.5,148.0,220.0,4575.0,23610.0,False,False
2603,2022-10-28 10:37:14.768168,0.0,-0.007168458781361964,0.0,-1.0,138.5,139.0,139.0,139.5,148.0,220.0,4575.0,23610.0,False,False
2603,2022-10-28 10:37:14.968329,0.0,-0.007168458781361964,0.0,-1.0,138.5,139.0,139.0,139.5,148.0,220.0,4575.0,23610.0,False,False
2603,2022-10-28 10:37:15.073584,0.0,-0.007168458781361964,0.0,-1.0,138.5,139.0,139.0,139.5,149.0,220.0,4575.0,23610.0,False,False
2603,2022-10-28 10:37:15.956828,0.0,-0.007168458781361964,0.0,-1.0,138.5,139.0,139.0,139.5,149.0,220.0,4575.0,23610.0,False,False
2603,2022-10-28 10:37:16.005037,0.0,-0.007168458781361964,0.0,-1.0,138.5,139.0,139.0,139.5,149.0,220.0,4575.0,23610.0,False,False
2603,2022-10-28 10:37:16.091048,0.0,-0.007168458781361964,0.0,-1.0,138.5,139.0,139.0,139.5,149.0,220.0,4475.0,23610.0,True,True
2603,2022-10-28 10:37:16.290260,0.0,-0.007168458781361964,0.0,-1.0,138.5,139.0,139.0,139.5,150.0,220.0,4475.0,23610.0,False,False
2603,2022-10-28 10:37:16.494760,0.0,-0.007168458781361964,0.0,-1.0,138.5,139.0,139.0,139.5,150.0,220.0,4475.0,23610.0,False,False
2603,2022-10-28 10:37:16.502770,0.0,-0.007168458781361964,0.0,-1.0,138.5,139.0,139.0,139.5,155.0,220.0,4475.0,23610.0,False,False
2603,2022-10-28 10:37:16.604315,0.0,-0.007168458781361964,0.0,-1.0,138.5,139.0,139.0,139.5,155.0,220.0,4475.0,23610.0,False,False
2603,2022-10-28 10:37:16.904270,0.0,-0.007168458781361964,0.0,-1.0,138.5,139.0,139.0,139.5,155.0,220.0,4475.0,23610.0,False,False
2603,2022-10-28 10:37:17.210018,0.0,-0.007168458781361964,0.0,-1.0,138.5,139.0,139.0,139.5,156.0,220.0,4475.0,23610.0,False,False
2603,2022-10-28 10:37:17.228148,0.0,-0.007168458781361964,0.0,-1.0,138.5,139.0,139.0,139.5,156.0,220.0,4475.0,23610.0,False,False
2603,2022-10-28 10:37:17.416424,0.0,-0.007168458781361964,0.0,-1.0,138.5,139.0,139.0,139.5,156.0,220.0,4475.0,23610.0,False,False
2603,2022-10-28 10:37:17.980177,0.0,-0.007168458781361964,0.0,-1.0,138.5,139.0,139.0,139.5,156.0,220.0,4475.0,23610.0,False,False
2603,2022-10-28 10:37:18.617296,0.0,-0.007168458781361964,0.0,-1.0,138.5,139.0,139.0,139.5,156.0,220.0,4475.0,23610.0,False,False
2603,2022-10-28 10:37:18.738475,0.0,-0.007168458781361964,0.0,-1.0,138.5,139.0,139.0,139.5,157.0,220.0,4475.0,23610.0,False,False
2603,2022-10-28 10:37:18.795656,0.0,-0.007168458781361964,0.0,-1.0,138.5,139.0,139.0,139.5,157.0,222.0,4475.0,23610.0,False,False
2603,2022-10-28 10:37:19.482523,0.0,-0.007168458781361964,0.0,-1.0,138.5,139.0,139.0,139.5,156.0,222.0,4475.0,23610.0,False,False
2603,2022-10-28 10:37:19.899012,0.0,-0.007168458781361964,0.0,-1.0,138.5,139.0,139.0,139.5,156.0,222.0,4475.0,23610.0,False,False
2603,2022-10-28 10:37:21.181305,0.0,-0.007168458781361964,0.0,-1.0,138.5,139.0,139.0,139.5,155.0,222.0,4475.0,23610.0,False,False
2603,2022-10-28 10:37:21.829962,0.0,-0.007168458781361964,0.0,-1.0,138.5,139.0,139.0,139.5,156.0,222.0,4475.0,23610.0,False,False
2603,2022-10-28 10:37:21.885426,0.0,-0.007168458781361964,0.0,-1.0,138.5,139.0,139.0,139.5,154.0,222.0,4475.0,23610.0,False,False
2603,2022-10-28 10:37:21.894518,0.0,-0.007168458781361964,0.0,-1.0,138.5,139.0,139.0,139.5,155.0,222.0,4475.0,23610.0,False,False
2603,2022-10-28 10:37:22.010949,0.0,-0.007168458781361964,0.0,-1.0,138.5,139.0,139.0,139.5,154.0,222.0,4475.0,23610.0,False,False
2603,2022-10-28 10:37:22.020722,0.0,-0.007168458781361964,0.0,-1.0,138.5,139.0,139.0,139.5,154.0,222.0,4475.0,23610.0,False,False
2603,2022-10-28 10:37:22.092372,0.0,-0.007168458781361964,0.0,-1.0,138.5,139.0,139.0,139.5,154.0,222.0,4475.0,23610.0,False,False
2603,2022-10-28 10:37:22.875692,0.0,-0.007168458781361964,0.0,-1.0,138.5,139.0,139.0,139.5,154.0,222.0,4475.0,23610.0,False,False
2603,2022-10-28 10:37:22.995304,0.0,-0.007168458781361964,0.0,-1.0,138.5,139.0,139.0,139.5,154.0,222.0,4475.0,23610.0,False,False
2603,2022-10-28 10:37:23.256569,0.0,-0.007168458781361964,0.0,-1.0,138.5,139.0,139.0,139.5,154.0,222.0,4475.0,23610.0,False,False
2603,2022-10-28 10:37:23.315231,0.0,-0.007168458781361964,0.0,-1.0,138.5,139.0,139.0,139.5,154.0,221.0,4475.0,23610.0,False,False
2603,2022-10-28 10:37:24.116665,0.0,-0.007168458781361964,0.0,-1.0,138.5,139.0,139.0,139.5,154.0,221.0,4475.0,23610.0,False,False
2603,2022-10-28 10:37:24.117084,0.0,-0.007168458781361964,0.0,-1.0,138.5,139.0,139.0,139.5,154.0,221.0,4475.0,23610.0,False,False
2603,2022-10-28 10:37:24.412924,0.0,-0.007168458781361964,0.0,-1.0,138.5,139.0,139.0,139.5,154.0,221.0,4475.0,23610.0,False,False
2603,2022-10-28 10:37:24.817360,0.0,-0.007168458781361964,0.0,-1.0,138.5,139.0,139.0,139.5,155.0,221.0,4475.0,23610.0,False,False
2603,2022-10-28 10:37:25.291414,0.0,-0.007168458781361964,0.0,-1.0,138.5,139.0,139.0,139.5,155.0,221.0,4475.0,23610.0,False,False
2603,2022-10-28 10:37:25.552882,0.0,-0.007168458781361964,0.0,-1.0,138.5,139.0,139.0,139.5,155.0,221.0,4475.0,23610.0,False,False
2603,2022-10-28 10:37:25.685668,0.0,-0.007168458781361964,0.0,-1.0,138.5,139.0,139.0,139.5,156.0,221.0,4475.0,23610.0,False,False
2603,2022-10-28 10:37:25.770800,0.0,-0.007168458781361964,0.0,-1.0,138.5,139.0,139.0,139.5,156.0,222.0,4475.0,23610.0,False,False
2603,2022-10-28 10:37:25.912897,0.0,-0.007168458781361964,0.0,-1.0,138.5,139.0,139.0,139.5,156.0,222.0,4475.0,23610.0,False,False
2603,2022-10-28 10:37:26.181527,0.0,-0.007168458781361964,0.0,-1.0,138.5,139.0,139.0,139.5,156.0,222.0,4375.0,23610.0,True,True
2603,2022-10-28 10:37:26.949502,0.0,-0.007168458781361964,0.0,-1.0,138.5,139.0,139.0,139.5,156.0,222.0,4375.0,23610.0,False,False
2603,2022-10-28 10:37:27.049862,0.0,-0.007168458781361964,0.0,-1.0,138.5,139.0,139.0,139.5,156.0,222.0,4375.0,23610.0,False,False
2603,2022-10-28 10:37:27.332618,0.0,-0.007168458781361964,0.0,-1.0,138.5,139.0,139.0,139.5,156.0,222.0,4375.0,23610.0,False,False
2603,2022-10-28 10:37:27.352171,0.0,-0.007168458781361964,0.0,-1.0,138.5,139.0,139.0,139.5,156.0,222.0,4375.0,23610.0,False,False
2603,2022-10-28 10:37:27.635554,0.0,-0.007168458781361964,0.0,-1.0,138.5,139.0,139.0,139.5,161.0,222.0,4375.0,23610.0,False,False
2603,2022-10-28 10:37:27.818828,0.0,-0.007168458781361964,0.0,-1.0,138.5,139.0,139.0,139.5,161.0,222.0,4375.0,23610.0,False,False
2603,2022-10-28 10:37:27.943859,0.0,-0.007168458781361964,0.0,-1.0,138.5,139.0,139.0,139.5,161.0,222.0,4375.0,23610.0,False,False
2603,2022-10-28 10:37:28.098122,0.0,-0.007168458781361964,0.0,-1.0,138.5,139.0,139.0,139.5,162.0,222.0,4375.0,23610.0,False,False
2603,2022-10-28 10:37:28.153347,0.0,-0.007168458781361964,0.0,-1.0,138.5,139.0,139.0,139.5,163.0,222.0,4375.0,23610.0,False,False
2603,2022-10-28 10:37:28.678620,0.0,-0.007168458781361964,0.0,-1.0,138.5,139.0,139.0,139.5,164.0,222.0,4375.0,23610.0,False,False
2603,2022-10-28 10:37:29.850863,0.0,-0.007168458781361964,0.0,-1.0,138.5,139.0,139.0,139.5,164.0,222.0,4375.0,23610.0,False,False
2603,2022-10-28 10:37:30.753519,0.0,-0.007168458781361964,0.0,-1.0,138.5,139.0,139.0,139.5,164.0,222.0,4375.0,23610.0,False,False
2603,2022-10-28 10:37:31.027952,0.0,-0.007168458781361964,0.0,-1.0,138.5,139.0,139.0,139.5,163.0,222.0,4375.0,23610.0,False,False
2603,2022-10-28 10:37:31.142634,0.0,-0.007168458781361964,0.0,-1.0,138.5,139.0,139.0,139.5,163.0,222.0,4375.0,23610.0,False,False
2603,2022-10-28 10:37:31.180364,0.0,-0.007168458781361964,0.0,-1.0,138.5,139.0,139.0,139.5,162.0,222.0,4375.0,23610.0,False,False
2603,2022-10-28 10:37:31.658220,0.0,-0.007168458781361964,0.0,-1.0,138.5,139.0,139.0,139.5,162.0,222.0,4375.0,23610.0,False,False
2603,2022-10-28 10:37:31.806603,0.0,-0.007168458781361964,0.0,-1.0,138.5,139.0,139.0,139.5,162.0,222.0,4375.0,23610.0,False,False
2603,2022-10-28 10:37:31.813014,0.0,-0.007168458781361964,0.0,-1.0,138.5,139.0,139.0,139.5,162.0,222.0,4375.0,23610.0,False,False
2603,2022-10-28 10:37:31.833892,0.0,-0.007168458781361964,0.0,-1.0,138.5,139.0,139.0,139.5,162.0,222.0,4375.0,23610.0,False,False
2603,2022-10-28 10:37:31.971801,0.0,-0.007168458781361964,0.0,-1.0,138.5,139.0,139.0,139.5,161.0,222.0,4375.0,23610.0,False,False
2603,2022-10-28 10:37:32.228956,0.0,-0.007168458781361964,0.0,-1.0,138.5,139.0,139.0,139.5,162.0,222.0,4375.0,23610.0,False,False
2603,2022-10-28 10:37:32.421876,0.0,-0.007168458781361964,0.0,-1.0,138.5,139.0,139.0,139.5,163.0,222.0,4375.0,23610.0,False,False
2603,2022-10-28 10:37:32.470214,0.0,-0.007168458781361964,0.0,-1.0,138.5,139.0,139.0,139.5,163.0,223.0,4375.0,23610.0,False,False
2603,2022-10-28 10:37:32.472774,0.0,-0.007168458781361964,0.0,-1.0,138.5,139.0,139.0,139.5,163.0,222.0,4375.0,23610.0,False,False
2603,2022-10-28 10:37:33.261698,0.0,-0.007168458781361964,0.0,-1.0,138.5,139.0,139.0,139.5,163.0,222.0,4375.0,23610.0,False,False
2603,2022-10-28 10:37:33.323351,0.0,-0.007168458781361964,0.0,-1.0,138.5,139.0,139.0,139.5,163.0,222.0,4375.0,23610.0,False,False
2603,2022-10-28 10:37:33.933532,0.0,-0.007168458781361964,0.0,-1.0,138.5,139.0,139.0,139.5,163.0,222.0,4375.0,23610.0,False,False
2603,2022-10-28 10:37:34.365149,0.0,-0.007168458781361964,0.0,-1.0,138.5,139.0,139.0,139.5,163.0,222.0,4375.0,23610.0,False,False
2603,2022-10-28 10:37:35.013477,0.0,-0.007168458781361964,0.0,-1.0,138.5,139.0,139.0,139.5,163.0,222.0,4375.0,23610.0,False,False
2603,2022-10-28 10:37:35.387798,0.0,-0.007168458781361964,0.0,-1.0,138.5,139.0,139.0,139.5,167.0,222.0,4375.0,23610.0,False,False
2603,2022-10-28 10:37:35.531004,0.0,-0.007168458781361964,0.0,-1.0,138.5,139.0,139.0,139.5,167.0,223.0,4375.0,23610.0,False,False
2603,2022-10-28 10:37:36.407793,0.0,-0.007168458781361964,0.0,-1.0,138.5,139.0,139.0,139.5,172.0,223.0,4375.0,23610.0,False,False
2603,2022-10-28 10:37:36.804365,0.0,-0.007168458781361964,0.0,-1.0,138.5,139.0,139.0,139.5,171.0,223.0,4375.0,23610.0,False,False
2603,2022-10-28 10:37:37.186370,0.0,-0.007168458781361964,0.0,-1.0,138.5,139.0,139.0,139.5,171.0,223.0,4375.0,23610.0,False,False
2603,2022-10-28 10:37:37.233943,0.0,-0.007168458781361964,0.0,-1.0,138.5,139.0,139.0,139.5,171.0,223.0,4375.0,23610.0,False,False
2603,2022-10-28 10:37:37.510380,0.0,-0.007168458781361964,0.0,-1.0,138.5,139.0,139.0,139.5,171.0,223.0,4375.0,23610.0,False,False
2603,2022-10-28 10:37:37.728106,0.0,-0.007168458781361964,0.0,-1.0,138.5,139.0,139.0,139.5,171.0,223.0,4375.0,23610.0,False,False
2603,2022-10-28 10:37:39.413540,0.0,-0.007168458781361964,0.0,-1.0,138.5,139.0,139.0,139.5,173.0,223.0,4375.0,23610.0,False,False
2603,2022-10-28 10:37:40.773306,0.0,-0.007168458781361964,0.0,-1.0,138.5,139.0,139.0,139.5,171.0,223.0,4375.0,23610.0,False,False
2603,2022-10-28 10:37:40.797991,0.0,-0.007168458781361964,0.0,-1.0,138.5,139.0,139.0,139.5,171.0,223.0,4375.0,23610.0,False,False
2603,2022-10-28 10:37:41.023102,0.0,-0.007168458781361964,0.0,-1.0,138.5,139.0,139.0,139.5,171.0,223.0,4375.0,23610.0,False,False
2603,2022-10-28 10:37:41.579657,0.0,-0.007168458781361964,0.0,-1.0,138.5,139.0,139.0,139.5,172.0,223.0,4375.0,23610.0,False,False
2603,2022-10-28 10:37:41.649648,0.0,-0.007168458781361964,0.0,-1.0,138.5,139.0,139.0,139.5,172.0,223.0,4375.0,23610.0,False,False
2603,2022-10-28 10:37:41.820421,0.0,-0.007168458781361964,0.0,-1.0,138.5,139.0,139.0,139.5,173.0,223.0,4375.0,23610.0,False,False
2603,2022-10-28 10:37:42.629070,0.0,-0.007168458781361964,0.0,-1.0,138.5,139.0,139.0,139.5,172.0,223.0,4375.0,23610.0,False,False
2603,2022-10-28 10:37:42.699941,0.0,-0.007168458781361964,0.0,-1.0,138.5,139.0,139.0,139.5,172.0,224.0,4375.0,23610.0,False,False
2603,2022-10-28 10:37:42.753710,0.0,-0.007168458781361964,0.0,-1.0,138.5,139.0,139.0,139.5,172.0,224.0,4375.0,23610.0,False,False
2603,2022-10-28 10:37:42.825141,0.0,-0.007168458781361964,0.0,-1.0,138.5,139.0,139.0,139.5,182.0,224.0,4375.0,23610.0,False,False
2603,2022-10-28 10:37:43.157832,0.0,-0.007168458781361964,0.0,-1.0,138.5,139.0,139.0,139.5,182.0,223.0,4375.0,23610.0,False,False
2603,2022-10-28 10:37:43.614917,0.0,-0.007168458781361964,0.0,-1.0,138.5,139.0,139.0,139.5,182.0,223.0,4375.0,23610.0,False,False
2603,2022-10-28 10:37:43.649219,0.0,-0.007168458781361964,0.0,-1.0,138.5,139.0,139.0,139.5,182.0,223.0,4375.0,23610.0,False,False
2603,2022-10-28 10:37:43.929205,0.0,-0.007168458781361964,0.0,-1.0,138.5,139.0,139.0,139.5,182.0,224.0,4375.0,23610.0,False,False
2603,2022-10-28 10:37:43.936267,0.0,-0.007168458781361964,0.0,-1.0,138.5,139.0,139.0,139.5,182.0,224.0,4375.0,23610.0,False,False
2603,2022-10-28 10:37:44.011914,0.0,-0.007168458781361964,0.0,-1.0,138.5,139.0,139.0,139.5,181.0,224.0,4375.0,23610.0,False,False
2603,2022-10-28 10:37:44.410797,0.0,-0.007168458781361964,0.0,-1.0,138.5,139.0,139.0,139.5,181.0,224.0,4375.0,23610.0,False,False
2603,2022-10-28 10:37:45.041781,0.0,-0.007168458781361964,0.0,-1.0,138.5,139.0,139.0,139.5,181.0,224.0,4375.0,23610.0,False,False
2603,2022-10-28 10:37:46.238188,0.0,-0.007168458781361964,0.0,-1.0,138.5,139.0,139.0,139.5,181.0,224.0,4375.0,23582.0,True,True
2603,2022-10-28 10:37:47.625661,0.0,-0.007168458781361964,0.0,-1.0,138.5,139.0,139.0,139.5,181.0,224.0,4375.0,23582.0,False,False
2603,2022-10-28 10:37:48.412092,0.0,-0.007168458781361964,0.0,-1.0,138.5,139.0,139.0,139.5,181.0,224.0,4375.0,23582.0,False,False
2603,2022-10-28 10:37:48.809610,0.0,-0.007168458781361964,0.0,-1.0,138.5,139.0,139.0,139.5,181.0,220.0,4375.0,23582.0,False,False
2603,2022-10-28 10:37:49.335038,0.0,-0.007168458781361964,0.0,-1.0,138.5,139.0,139.0,139.5,181.0,220.0,4375.0,23582.0,False,False
2603,2022-10-28 10:37:49.636382,0.0,-0.007168458781361964,0.0,-1.0,138.5,139.0,139.0,139.5,181.0,220.0,4375.0,23582.0,False,False
2603,2022-10-28 10:37:49.650504,0.0,-0.007168458781361964,0.0,-1.0,138.5,139.0,139.0,139.5,182.0,220.0,4375.0,23582.0,False,False
2603,2022-10-28 10:37:50.646576,0.0,-0.007168458781361964,0.0,-1.0,138.5,139.0,139.0,139.5,182.0,220.0,4375.0,23582.0,False,False
2603,2022-10-28 10:37:51.000161,0.0,-0.007168458781361964,0.0,-1.0,138.5,139.0,139.0,139.5,183.0,220.0,4375.0,23582.0,False,False
2603,2022-10-28 10:37:51.225380,0.0,-0.007168458781361964,0.0,-1.0,138.5,139.0,139.0,139.5,183.0,220.0,4375.0,23582.0,False,False
2603,2022-10-28 10:37:51.852687,0.0,-0.007168458781361964,0.0,-1.0,138.5,139.0,139.0,139.5,183.0,220.0,4375.0,23582.0,False,False
2603,2022-10-28 10:37:52.475826,0.0,-0.007168458781361964,0.0,-1.0,138.5,139.0,139.0,139.5,183.0,222.0,4375.0,23582.0,False,False
2603,2022-10-28 10:37:52.586630,0.0,-0.007168458781361964,0.0,-1.0,138.5,139.0,139.0,139.5,183.0,222.0,4375.0,23582.0,False,False
2603,2022-10-28 10:37:52.640570,0.0,-0.007168458781361964,0.0,-1.0,138.5,139.0,139.0,139.5,183.0,222.0,4375.0,23582.0,False,False
2603,2022-10-28 10:37:53.309534,0.0,-0.007168458781361964,0.0,-1.0,138.5,139.0,139.0,139.5,183.0,222.0,4375.0,23582.0,False,False
2603,2022-10-28 10:37:53.453496,0.0,-0.007168458781361964,0.0,-1.0,138.5,139.0,139.0,139.5,183.0,222.0,4375.0,23582.0,False,False
2603,2022-10-28 10:37:54.409571,0.0,-0.007168458781361964,0.0,-1.0,138.5,139.0,139.0,139.5,183.0,222.0,4375.0,23582.0,False,False
2603,2022-10-28 10:37:55.032763,0.0,-0.007168458781361964,0.0,-1.0,138.5,139.0,139.0,139.5,183.0,222.0,4375.0,23582.0,False,False
2603,2022-10-28 10:37:55.093149,0.0,-0.007168458781361964,0.0,-1.0,138.5,139.0,139.0,139.5,183.0,222.0,4375.0,23582.0,False,False
2603,2022-10-28 10:37:55.157161,0.0,-0.007168458781361964,0.0,-1.0,138.5,139.0,139.0,139.5,183.0,222.0,4375.0,23582.0,False,False
2603,2022-10-28 10:37:55.408736,0.0,-0.007168458781361964,0.0,-1.0,138.5,139.0,139.0,139.5,183.0,222.0,4375.0,23582.0,False,False
2603,2022-10-28 10:37:55.490395,0.0,-0.007168458781361964,0.0,-1.0,138.5,139.0,139.0,139.5,185.0,222.0,4375.0,23582.0,False,False
2603,2022-10-28 10:37:56.268815,0.0,-0.007168458781361964,0.0,-1.0,138.5,139.0,139.0,139.5,185.0,222.0,4329.0,23610.0,True,True
2603,2022-10-28 10:37:57.322425,0.0,-0.007168458781361964,0.0,-1.0,138.5,139.0,139.0,139.5,185.0,222.0,4329.0,23610.0,False,False
