symbol,datetime,NaOb_r,NbOa_r,NaOb_s,NbOa_s,bid1,ask1,odd_bid1,odd_ask1,bidQty1,askQty1,odd_bidQty1,odd_askQty1,simulate,triggerbyOdd
2609,2022-10-28 10:32:24.799288,0.0,-0.0032414910858995505,0.0,-0.20000000000000284,61.5,61.6,61.6,61.7,149.0,65.0,300.0,1873.0,True,True
2609,2022-10-28 10:32:25.306270,0.0,-0.0032414910858995505,0.0,-0.20000000000000284,61.5,61.6,61.6,61.7,150.0,65.0,300.0,1873.0,False,False
2609,2022-10-28 10:32:26.022898,0.0,-0.0032414910858995505,0.0,-0.20000000000000284,61.5,61.6,61.6,61.7,150.0,65.0,300.0,1873.0,False,False
2609,2022-10-28 10:32:27.900338,0.0,-0.0032414910858995505,0.0,-0.20000000000000284,61.5,61.6,61.6,61.7,149.0,65.0,300.0,1873.0,False,False
2609,2022-10-28 10:32:28.188483,0.0,-0.0032414910858995505,0.0,-0.20000000000000284,61.5,61.6,61.6,61.7,149.0,65.0,300.0,1873.0,False,False
2609,2022-10-28 10:32:28.214134,0.0,-0.0032414910858995505,0.0,-0.20000000000000284,61.5,61.6,61.6,61.7,149.0,64.0,300.0,1873.0,False,False
2609,2022-10-28 10:32:30.157992,0.0,-0.0032414910858995505,0.0,-0.20000000000000284,61.5,61.6,61.6,61.7,149.0,64.0,300.0,1873.0,False,False
2609,2022-10-28 10:32:30.442903,0.0,-0.0032414910858995505,0.0,-0.20000000000000284,61.5,61.6,61.6,61.7,148.0,64.0,300.0,1873.0,False,False
2609,2022-10-28 10:32:30.617506,0.0,-0.0032414910858995505,0.0,-0.20000000000000284,61.5,61.6,61.6,61.7,148.0,64.0,300.0,1873.0,False,False
2609,2022-10-28 10:32:30.816215,0.0,-0.0032414910858995505,0.0,-0.20000000000000284,61.5,61.6,61.6,61.7,149.0,64.0,300.0,1873.0,False,False
2609,2022-10-28 10:32:32.624951,0.0,-0.0032414910858995505,0.0,-0.20000000000000284,61.5,61.6,61.6,61.7,149.0,64.0,300.0,1873.0,False,False
2609,2022-10-28 10:32:32.865700,0.0,-0.0032414910858995505,0.0,-0.20000000000000284,61.5,61.6,61.6,61.7,181.0,64.0,300.0,1873.0,False,False
2609,2022-10-28 10:32:33.060214,0.0,-0.0032414910858995505,0.0,-0.20000000000000284,61.5,61.6,61.6,61.7,181.0,64.0,300.0,1873.0,False,False
2609,2022-10-28 10:32:34.514864,0.0,-0.0032414910858995505,0.0,-0.20000000000000284,61.5,61.6,61.6,61.7,181.0,65.0,300.0,1873.0,False,False
2609,2022-10-28 10:32:34.938168,0.0,-0.0032414910858995505,0.0,-0.20000000000000284,61.5,61.6,61.6,61.7,181.0,65.0,300.0,1873.0,False,False
2609,2022-10-28 10:32:35.112194,0.0,-0.0032414910858995505,0.0,-0.20000000000000284,61.5,61.6,61.6,61.7,181.0,65.0,300.0,1873.0,False,False
2609,2022-10-28 10:32:35.308774,0.0,-0.0032414910858995505,0.0,-0.20000000000000284,61.5,61.6,61.6,61.7,181.0,65.0,300.0,1873.0,False,False
2609,2022-10-28 10:32:35.630553,0.0,-0.0032414910858995505,0.0,-0.20000000000000284,61.5,61.6,61.6,61.7,182.0,65.0,300.0,1873.0,False,False
2609,2022-10-28 10:32:36.848537,0.0,-0.0032414910858995505,0.0,-0.20000000000000284,61.5,61.6,61.6,61.7,182.0,65.0,300.0,1873.0,False,False
2609,2022-10-28 10:32:38.089225,0.0,-0.0032414910858995505,0.0,-0.20000000000000284,61.5,61.6,61.6,61.7,182.0,65.0,300.0,1873.0,False,False
2609,2022-10-28 10:32:38.186264,0.0,-0.0032414910858995505,0.0,-0.20000000000000284,61.5,61.6,61.6,61.7,182.0,64.0,300.0,1873.0,False,False
2609,2022-10-28 10:32:38.496697,0.0,-0.0032414910858995505,0.0,-0.20000000000000284,61.5,61.6,61.6,61.7,182.0,65.0,300.0,1873.0,False,False
2609,2022-10-28 10:32:38.977238,0.0,-0.0032414910858995505,0.0,-0.20000000000000284,61.5,61.6,61.6,61.7,182.0,70.0,300.0,1873.0,False,False
2609,2022-10-28 10:32:39.260402,0.0,-0.0032414910858995505,0.0,-0.20000000000000284,61.5,61.6,61.6,61.7,182.0,70.0,300.0,1873.0,False,False
2609,2022-10-28 10:32:39.262331,0.0,-0.0032414910858995505,0.0,-0.20000000000000284,61.5,61.6,61.6,61.7,182.0,73.0,300.0,1873.0,False,False
2609,2022-10-28 10:32:39.413874,0.0,-0.0032414910858995505,0.0,-0.20000000000000284,61.5,61.6,61.6,61.7,181.0,73.0,300.0,1873.0,False,False
2609,2022-10-28 10:32:41.520521,0.0,-0.0032414910858995505,0.0,-0.20000000000000284,61.5,61.6,61.6,61.7,181.0,74.0,300.0,1873.0,False,False
2609,2022-10-28 10:32:42.638008,0.0,-0.0032414910858995505,0.0,-0.20000000000000284,61.5,61.6,61.6,61.7,181.0,74.0,300.0,1873.0,False,False
2609,2022-10-28 10:32:42.772449,0.0,-0.0032414910858995505,0.0,-0.20000000000000284,61.5,61.6,61.6,61.7,181.0,74.0,300.0,1873.0,False,False
2609,2022-10-28 10:32:43.300017,0.0,-0.0032414910858995505,0.0,-0.20000000000000284,61.5,61.6,61.6,61.7,181.0,73.0,300.0,1873.0,False,False
2609,2022-10-28 10:32:43.569506,0.0,-0.0032414910858995505,0.0,-0.20000000000000284,61.5,61.6,61.6,61.7,181.0,73.0,300.0,1873.0,False,False
2609,2022-10-28 10:32:43.902211,0.0,-0.0032414910858995505,0.0,-0.20000000000000284,61.5,61.6,61.6,61.7,182.0,73.0,300.0,1873.0,False,False
2609,2022-10-28 10:32:44.740919,0.0,-0.0032414910858995505,0.0,-0.20000000000000284,61.5,61.6,61.6,61.7,184.0,73.0,300.0,1873.0,False,False
2609,2022-10-28 10:32:45.395189,0.0,-0.0032414910858995505,0.0,-0.20000000000000284,61.5,61.6,61.6,61.7,185.0,73.0,300.0,1873.0,False,False
2609,2022-10-28 10:32:46.035098,0.0,-0.0032414910858995505,0.0,-0.20000000000000284,61.5,61.6,61.6,61.7,185.0,73.0,300.0,1873.0,False,False
2609,2022-10-28 10:32:46.985411,0.0,-0.0032414910858995505,0.0,-0.20000000000000284,61.5,61.6,61.6,61.7,185.0,73.0,300.0,1873.0,False,False
2609,2022-10-28 10:32:47.570805,0.0,-0.0032414910858995505,0.0,-0.20000000000000284,61.5,61.6,61.6,61.7,185.0,73.0,300.0,1873.0,False,False
2609,2022-10-28 10:32:47.953972,0.0,-0.0032414910858995505,0.0,-0.20000000000000284,61.5,61.6,61.6,61.7,186.0,73.0,300.0,1873.0,False,False
2609,2022-10-28 10:32:49.023349,0.0,-0.0032414910858995505,0.0,-0.20000000000000284,61.5,61.6,61.6,61.7,186.0,73.0,300.0,1873.0,False,False
2609,2022-10-28 10:32:50.394894,0.0,-0.0032414910858995505,0.0,-0.20000000000000284,61.5,61.6,61.6,61.7,187.0,73.0,300.0,1873.0,False,False
2609,2022-10-28 10:32:50.431442,0.0,-0.0032414910858995505,0.0,-0.20000000000000284,61.5,61.6,61.6,61.7,187.0,74.0,300.0,1873.0,False,False
2609,2022-10-28 10:32:50.926379,0.0,-0.0032414910858995505,0.0,-0.20000000000000284,61.5,61.6,61.6,61.7,187.0,74.0,300.0,1873.0,False,False
2609,2022-10-28 10:32:52.631122,0.0,-0.0032414910858995505,0.0,-0.20000000000000284,61.5,61.6,61.6,61.7,187.0,74.0,300.0,1873.0,False,False
2609,2022-10-28 10:32:52.692270,0.0,-0.0032414910858995505,0.0,-0.20000000000000284,61.5,61.6,61.6,61.7,187.0,76.0,300.0,1873.0,False,False
2609,2022-10-28 10:32:52.787920,0.0,-0.0032414910858995505,0.0,-0.20000000000000284,61.5,61.6,61.6,61.7,187.0,75.0,300.0,1873.0,False,False
2609,2022-10-28 10:32:53.436520,0.0,-0.0032414910858995505,0.0,-0.20000000000000284,61.5,61.6,61.6,61.7,186.0,75.0,300.0,1873.0,False,False
2609,2022-10-28 10:32:54.910543,0.0,-0.0032414910858995505,0.0,-0.20000000000000284,61.5,61.6,61.6,61.7,186.0,75.0,75.0,2148.0,True,True
2609,2022-10-28 10:32:55.034919,0.0,-0.0032414910858995505,0.0,-0.20000000000000284,61.5,61.6,61.6,61.7,186.0,75.0,75.0,2148.0,False,False
2609,2022-10-28 10:32:55.112258,0.0,-0.0032414910858995505,0.0,-0.20000000000000284,61.5,61.6,61.6,61.7,186.0,75.0,75.0,2148.0,False,False
2609,2022-10-28 10:32:56.508552,0.0,-0.0032414910858995505,0.0,-0.20000000000000284,61.5,61.6,61.6,61.7,187.0,75.0,75.0,2148.0,False,False
2609,2022-10-28 10:32:58.374698,0.0,-0.0032414910858995505,0.0,-0.20000000000000284,61.5,61.6,61.6,61.7,188.0,75.0,75.0,2148.0,False,False
2609,2022-10-28 10:32:58.532373,0.0,-0.0032414910858995505,0.0,-0.20000000000000284,61.5,61.6,61.6,61.7,188.0,75.0,75.0,2148.0,False,False
2609,2022-10-28 10:32:58.605424,0.0,-0.0032414910858995505,0.0,-0.20000000000000284,61.5,61.6,61.6,61.7,188.0,79.0,75.0,2148.0,False,False
2609,2022-10-28 10:32:58.654506,0.0,-0.0032414910858995505,0.0,-0.20000000000000284,61.5,61.6,61.6,61.7,188.0,79.0,75.0,2148.0,False,False
2609,2022-10-28 10:32:59.468070,0.0,-0.0032414910858995505,0.0,-0.20000000000000284,61.5,61.6,61.6,61.7,187.0,79.0,75.0,2148.0,False,False
2609,2022-10-28 10:33:00.320531,0.0,-0.0032414910858995505,0.0,-0.20000000000000284,61.5,61.6,61.6,61.7,187.0,79.0,75.0,2148.0,False,False
2609,2022-10-28 10:33:00.910293,0.0,-0.0032414910858995505,0.0,-0.20000000000000284,61.5,61.6,61.6,61.7,187.0,79.0,75.0,2148.0,False,False
2609,2022-10-28 10:33:02.704424,0.0,-0.0032414910858995505,0.0,-0.20000000000000284,61.5,61.6,61.6,61.7,186.0,79.0,75.0,2148.0,False,False
2609,2022-10-28 10:33:02.769452,0.0,-0.0032414910858995505,0.0,-0.20000000000000284,61.5,61.6,61.6,61.7,187.0,79.0,75.0,2148.0,False,False
2609,2022-10-28 10:33:04.453713,0.0,-0.0032414910858995505,0.0,-0.20000000000000284,61.5,61.6,61.6,61.7,187.0,79.0,75.0,2148.0,False,False
2609,2022-10-28 10:33:05.856004,0.0,-0.0032414910858995505,0.0,-0.20000000000000284,61.5,61.6,61.6,61.7,187.0,79.0,75.0,2148.0,False,False
2609,2022-10-28 10:33:07.269900,0.0,-0.0032414910858995505,0.0,-0.20000000000000284,61.5,61.6,61.6,61.7,189.0,79.0,75.0,2148.0,False,False
2609,2022-10-28 10:33:08.428407,0.0,-0.0032414910858995505,0.0,-0.20000000000000284,61.5,61.6,61.6,61.7,188.0,79.0,75.0,2148.0,False,False
2609,2022-10-28 10:33:08.581625,0.0,-0.0032414910858995505,0.0,-0.20000000000000284,61.5,61.6,61.6,61.7,188.0,79.0,75.0,2148.0,False,False
2609,2022-10-28 10:33:09.312352,0.0,-0.0032414910858995505,0.0,-0.20000000000000284,61.5,61.6,61.6,61.7,188.0,79.0,75.0,2148.0,False,False
2609,2022-10-28 10:33:09.471515,0.0,-0.0032414910858995505,0.0,-0.20000000000000284,61.5,61.6,61.6,61.7,188.0,79.0,75.0,2148.0,False,False
2609,2022-10-28 10:33:11.986934,0.0,-0.0032414910858995505,0.0,-0.20000000000000284,61.5,61.6,61.6,61.7,189.0,79.0,75.0,2148.0,False,False
2609,2022-10-28 10:33:12.021596,0.0,-0.0032414910858995505,0.0,-0.20000000000000284,61.5,61.6,61.6,61.7,189.0,71.0,75.0,2148.0,False,False
2609,2022-10-28 10:33:12.455252,0.0,-0.0032414910858995505,0.0,-0.20000000000000284,61.5,61.6,61.6,61.7,189.0,72.0,75.0,2148.0,False,False
2609,2022-10-28 10:33:12.611765,0.0,-0.0032414910858995505,0.0,-0.20000000000000284,61.5,61.6,61.6,61.7,190.0,72.0,75.0,2148.0,False,False
2609,2022-10-28 10:33:15.959931,0.0,-0.0032414910858995505,0.0,-0.20000000000000284,61.5,61.6,61.6,61.7,189.0,72.0,75.0,2148.0,False,False
2609,2022-10-28 10:33:17.282179,0.0,-0.0032414910858995505,0.0,-0.20000000000000284,61.5,61.6,61.6,61.7,189.0,72.0,75.0,2148.0,False,False
2609,2022-10-28 10:33:20.499870,0.0,-0.0032414910858995505,0.0,-0.20000000000000284,61.5,61.6,61.6,61.7,191.0,72.0,75.0,2148.0,False,False
2609,2022-10-28 10:33:20.509007,0.0,-0.0032414910858995505,0.0,-0.20000000000000284,61.5,61.6,61.6,61.7,191.0,72.0,75.0,2148.0,False,False
2609,2022-10-28 10:33:20.993556,0.0,-0.0032414910858995505,0.0,-0.20000000000000284,61.5,61.6,61.6,61.7,191.0,72.0,75.0,2148.0,False,False
2609,2022-10-28 10:33:22.435598,0.0,-0.0032414910858995505,0.0,-0.20000000000000284,61.5,61.6,61.6,61.7,190.0,72.0,75.0,2148.0,False,False
2609,2022-10-28 10:33:22.897474,0.0,-0.0032414910858995505,0.0,-0.20000000000000284,61.5,61.6,61.6,61.7,192.0,72.0,75.0,2148.0,False,False
2609,2022-10-28 10:33:23.047267,0.0,-0.0032414910858995505,0.0,-0.20000000000000284,61.5,61.6,61.6,61.7,194.0,72.0,75.0,2148.0,False,False
2609,2022-10-28 10:33:23.547774,0.0,-0.0032414910858995505,0.0,-0.20000000000000284,61.5,61.6,61.6,61.7,194.0,72.0,75.0,2148.0,False,False
2609,2022-10-28 10:33:25.042326,0.0,-0.0032414910858995505,0.0,-0.20000000000000284,61.5,61.6,61.6,61.7,194.0,72.0,77.0,2148.0,True,True
2609,2022-10-28 10:33:25.523031,0.0,-0.0032414910858995505,0.0,-0.20000000000000284,61.5,61.6,61.6,61.7,193.0,72.0,77.0,2148.0,False,False
2609,2022-10-28 10:33:25.693783,0.0,-0.0032414910858995505,0.0,-0.20000000000000284,61.5,61.6,61.6,61.7,193.0,72.0,77.0,2148.0,False,False
2609,2022-10-28 10:33:28.529583,0.0,-0.0032414910858995505,0.0,-0.20000000000000284,61.5,61.6,61.6,61.7,195.0,72.0,77.0,2148.0,False,False
2609,2022-10-28 10:33:29.354392,0.0,-0.0032414910858995505,0.0,-0.20000000000000284,61.5,61.6,61.6,61.7,195.0,72.0,77.0,2148.0,False,False
2609,2022-10-28 10:33:31.269770,0.0,-0.0032414910858995505,0.0,-0.20000000000000284,61.5,61.6,61.6,61.7,195.0,70.0,77.0,2148.0,False,False
2609,2022-10-28 10:33:31.279645,0.0,-0.0032414910858995505,0.0,-0.20000000000000284,61.5,61.6,61.6,61.7,195.0,70.0,77.0,2148.0,False,False
2609,2022-10-28 10:33:31.480170,0.0,-0.0032414910858995505,0.0,-0.20000000000000284,61.5,61.6,61.6,61.7,195.0,70.0,77.0,2148.0,False,False
2609,2022-10-28 10:33:31.601360,0.0,-0.0032414910858995505,0.0,-0.20000000000000284,61.5,61.6,61.6,61.7,195.0,72.0,77.0,2148.0,False,False
2609,2022-10-28 10:33:31.706783,0.0,-0.0032414910858995505,0.0,-0.20000000000000284,61.5,61.6,61.6,61.7,195.0,72.0,77.0,2148.0,False,False
2609,2022-10-28 10:33:32.497241,0.0,-0.0032414910858995505,0.0,-0.20000000000000284,61.5,61.6,61.6,61.7,196.0,72.0,77.0,2148.0,False,False
2609,2022-10-28 10:33:33.013261,0.0,-0.0032414910858995505,0.0,-0.20000000000000284,61.5,61.6,61.6,61.7,196.0,72.0,77.0,2148.0,False,False
2609,2022-10-28 10:33:33.019400,0.0,-0.0032414910858995505,0.0,-0.20000000000000284,61.5,61.6,61.6,61.7,201.0,72.0,77.0,2148.0,False,False
2609,2022-10-28 10:33:33.271844,0.0,-0.0032414910858995505,0.0,-0.20000000000000284,61.5,61.6,61.6,61.7,201.0,72.0,77.0,2148.0,False,False
2609,2022-10-28 10:33:33.485489,0.0,-0.0032414910858995505,0.0,-0.20000000000000284,61.5,61.6,61.6,61.7,201.0,72.0,77.0,2148.0,False,False
2609,2022-10-28 10:33:33.485493,0.0,-0.0032414910858995505,0.0,-0.20000000000000284,61.5,61.6,61.6,61.7,201.0,72.0,77.0,2148.0,False,False
2609,2022-10-28 10:33:33.849686,0.0,-0.0032414910858995505,0.0,-0.20000000000000284,61.5,61.6,61.6,61.7,201.0,72.0,77.0,2148.0,False,False
2609,2022-10-28 10:33:35.080430,0.0,-0.0032414910858995505,0.0,-0.20000000000000284,61.5,61.6,61.6,61.7,201.0,72.0,87.0,2148.0,True,True
2609,2022-10-28 10:33:36.088793,0.0,-0.0032414910858995505,0.0,-0.20000000000000284,61.5,61.6,61.6,61.7,231.0,72.0,87.0,2148.0,False,False
2609,2022-10-28 10:33:36.125386,0.0,-0.0032414910858995505,0.0,-0.20000000000000284,61.5,61.6,61.6,61.7,231.0,57.0,87.0,2148.0,False,False
2609,2022-10-28 10:33:36.198252,0.0,-0.0032414910858995505,0.0,-0.20000000000000284,61.5,61.6,61.6,61.7,228.0,55.0,87.0,2148.0,False,False
2609,2022-10-28 10:33:36.226888,0.0,-0.0032414910858995505,0.0,-0.20000000000000284,61.5,61.6,61.6,61.7,228.0,55.0,87.0,2148.0,False,False
2609,2022-10-28 10:33:36.243917,0.0,-0.0032414910858995505,0.0,-0.20000000000000284,61.5,61.6,61.6,61.7,228.0,55.0,87.0,2148.0,False,False
2609,2022-10-28 10:33:36.442638,0.0,-0.0032414910858995505,0.0,-0.20000000000000284,61.5,61.6,61.6,61.7,227.0,55.0,87.0,2148.0,False,False
2609,2022-10-28 10:33:36.584563,0.0,-0.0032414910858995505,0.0,-0.20000000000000284,61.5,61.6,61.6,61.7,228.0,55.0,87.0,2148.0,False,False
2609,2022-10-28 10:33:36.613321,0.0,-0.0032414910858995505,0.0,-0.20000000000000284,61.5,61.6,61.6,61.7,228.0,54.0,87.0,2148.0,False,False
2609,2022-10-28 10:33:36.735184,0.0,-0.0032414910858995505,0.0,-0.20000000000000284,61.5,61.6,61.6,61.7,227.0,54.0,87.0,2148.0,False,False
2609,2022-10-28 10:33:37.456215,0.0,-0.0032414910858995505,0.0,-0.20000000000000284,61.5,61.6,61.6,61.7,227.0,54.0,87.0,2148.0,False,False
2609,2022-10-28 10:33:37.495958,0.0,-0.0032414910858995505,0.0,-0.20000000000000284,61.5,61.6,61.6,61.7,228.0,54.0,87.0,2148.0,False,False
2609,2022-10-28 10:33:37.636810,0.0,-0.0032414910858995505,0.0,-0.20000000000000284,61.5,61.6,61.6,61.7,228.0,54.0,87.0,2148.0,False,False
2609,2022-10-28 10:33:37.720613,0.0,-0.0032414910858995505,0.0,-0.20000000000000284,61.5,61.6,61.6,61.7,228.0,54.0,87.0,2148.0,False,False
2609,2022-10-28 10:33:37.848499,0.0,-0.0032414910858995505,0.0,-0.20000000000000284,61.5,61.6,61.6,61.7,228.0,54.0,87.0,2148.0,False,False
2609,2022-10-28 10:33:37.922033,0.0,-0.0032414910858995505,0.0,-0.20000000000000284,61.5,61.6,61.6,61.7,228.0,54.0,87.0,2148.0,False,False
2609,2022-10-28 10:33:39.682386,0.0,-0.0032414910858995505,0.0,-0.20000000000000284,61.5,61.6,61.6,61.7,228.0,54.0,87.0,2148.0,False,False
2609,2022-10-28 10:33:40.279470,0.0,-0.0032414910858995505,0.0,-0.20000000000000284,61.5,61.6,61.6,61.7,228.0,54.0,87.0,2148.0,False,False
2609,2022-10-28 10:33:40.529715,0.0,-0.0032414910858995505,0.0,-0.20000000000000284,61.5,61.6,61.6,61.7,228.0,51.0,87.0,2148.0,False,False
2609,2022-10-28 10:33:40.552770,0.0,-0.0032414910858995505,0.0,-0.20000000000000284,61.5,61.6,61.6,61.7,228.0,51.0,87.0,2148.0,False,False
2609,2022-10-28 10:33:40.552794,0.0,-0.0032414910858995505,0.0,-0.20000000000000284,61.5,61.6,61.6,61.7,228.0,51.0,87.0,2148.0,False,False
2609,2022-10-28 10:33:42.384928,0.0,-0.0032414910858995505,0.0,-0.20000000000000284,61.5,61.6,61.6,61.7,228.0,51.0,87.0,2148.0,False,False
2609,2022-10-28 10:33:43.403776,0.0,-0.0032414910858995505,0.0,-0.20000000000000284,61.5,61.6,61.6,61.7,228.0,51.0,87.0,2148.0,False,False
2609,2022-10-28 10:33:43.672192,0.0,-0.0032414910858995505,0.0,-0.20000000000000284,61.5,61.6,61.6,61.7,228.0,51.0,87.0,2148.0,False,False
2609,2022-10-28 10:33:45.119729,0.0,-0.0032414910858995505,0.0,-0.20000000000000284,61.5,61.6,61.6,61.7,228.0,51.0,87.0,150.0,True,True
2609,2022-10-28 10:33:45.623269,0.0,-0.0032414910858995505,0.0,-0.20000000000000284,61.5,61.6,61.6,61.7,228.0,50.0,87.0,150.0,False,False
2609,2022-10-28 10:33:45.805273,0.0,-0.0032414910858995505,0.0,-0.20000000000000284,61.5,61.6,61.6,61.7,227.0,50.0,87.0,150.0,False,False
2609,2022-10-28 10:33:46.122257,0.0,-0.0032414910858995505,0.0,-0.20000000000000284,61.5,61.6,61.6,61.7,227.0,52.0,87.0,150.0,False,False
2609,2022-10-28 10:33:46.635252,0.0,-0.0032414910858995505,0.0,-0.20000000000000284,61.5,61.6,61.6,61.7,227.0,53.0,87.0,150.0,False,False
2609,2022-10-28 10:33:47.233726,0.0,-0.0032414910858995505,0.0,-0.20000000000000284,61.5,61.6,61.6,61.7,228.0,53.0,87.0,150.0,False,False
2609,2022-10-28 10:33:48.833244,0.0,-0.0032414910858995505,0.0,-0.20000000000000284,61.5,61.6,61.6,61.7,229.0,53.0,87.0,150.0,False,False
2609,2022-10-28 10:33:49.514027,0.0,-0.0032414910858995505,0.0,-0.20000000000000284,61.5,61.6,61.6,61.7,229.0,53.0,87.0,150.0,False,False
2609,2022-10-28 10:33:51.029309,0.0,-0.0032414910858995505,0.0,-0.20000000000000284,61.5,61.6,61.6,61.7,229.0,54.0,87.0,150.0,False,False
2609,2022-10-28 10:33:51.450240,0.0,-0.0032414910858995505,0.0,-0.20000000000000284,61.5,61.6,61.6,61.7,228.0,54.0,87.0,150.0,False,False
2609,2022-10-28 10:33:51.992942,0.0,-0.0032414910858995505,0.0,-0.20000000000000284,61.5,61.6,61.6,61.7,238.0,54.0,87.0,150.0,False,False
2609,2022-10-28 10:33:52.190094,0.0,-0.0032414910858995505,0.0,-0.20000000000000284,61.5,61.6,61.6,61.7,238.0,55.0,87.0,150.0,False,False
2609,2022-10-28 10:33:53.646698,0.0,-0.0032414910858995505,0.0,-0.20000000000000284,61.5,61.6,61.6,61.7,238.0,55.0,87.0,150.0,False,False
2609,2022-10-28 10:33:54.939762,0.0,-0.0032414910858995505,0.0,-0.20000000000000284,61.5,61.6,61.6,61.7,238.0,53.0,87.0,150.0,False,False
2609,2022-10-28 10:33:54.947548,0.0,-0.0032414910858995505,0.0,-0.20000000000000284,61.5,61.6,61.6,61.7,239.0,53.0,87.0,150.0,False,False
2609,2022-10-28 10:33:55.168152,-0.0016233766233766378,-0.0016233766233766378,-0.10000000000000142,-0.10000000000000142,61.5,61.6,61.5,61.6,239.0,53.0,2708.0,87.0,True,True
2609,2022-10-28 10:34:01.236366,-0.0016233766233766378,-0.0016233766233766378,-0.10000000000000142,-0.10000000000000142,61.5,61.6,61.5,61.6,239.0,53.0,2708.0,87.0,False,False
2609,2022-10-28 10:34:01.910880,-0.0016233766233766378,-0.0016233766233766378,-0.10000000000000142,-0.10000000000000142,61.5,61.6,61.5,61.6,239.0,51.0,2708.0,87.0,False,False
2609,2022-10-28 10:34:04.606715,-0.0016233766233766378,-0.0016233766233766378,-0.10000000000000142,-0.10000000000000142,61.5,61.6,61.5,61.6,239.0,51.0,2708.0,87.0,False,True
2609,2022-10-28 10:34:05.473031,-0.0016233766233766378,-0.0016233766233766378,-0.10000000000000142,-0.10000000000000142,61.5,61.6,61.5,61.6,238.0,51.0,2708.0,87.0,False,False
2609,2022-10-28 10:34:07.347534,-0.0016233766233766378,-0.0016233766233766378,-0.10000000000000142,-0.10000000000000142,61.5,61.6,61.5,61.6,238.0,51.0,2708.0,87.0,False,False
2609,2022-10-28 10:34:10.260097,-0.0016233766233766378,-0.0016233766233766378,-0.10000000000000142,-0.10000000000000142,61.5,61.6,61.5,61.6,238.0,51.0,2708.0,87.0,False,False
2609,2022-10-28 10:34:10.668626,-0.0016233766233766378,-0.0016233766233766378,-0.10000000000000142,-0.10000000000000142,61.5,61.6,61.5,61.6,238.0,51.0,2708.0,87.0,False,False
2609,2022-10-28 10:34:11.607098,-0.0016233766233766378,-0.0016233766233766378,-0.10000000000000142,-0.10000000000000142,61.5,61.6,61.5,61.6,238.0,41.0,2708.0,87.0,False,False
2609,2022-10-28 10:34:16.508029,-0.0016233766233766378,-0.0016233766233766378,-0.10000000000000142,-0.10000000000000142,61.5,61.6,61.5,61.6,238.0,40.0,2708.0,87.0,False,False
2609,2022-10-28 10:34:16.900214,-0.0016233766233766378,-0.0016233766233766378,-0.10000000000000142,-0.10000000000000142,61.5,61.6,61.5,61.6,238.0,39.0,2708.0,87.0,False,False
2609,2022-10-28 10:34:17.077919,-0.0016233766233766378,-0.0016233766233766378,-0.10000000000000142,-0.10000000000000142,61.5,61.6,61.5,61.6,238.0,36.0,2708.0,87.0,False,False
2609,2022-10-28 10:34:19.013460,-0.0016233766233766378,-0.0016233766233766378,-0.10000000000000142,-0.10000000000000142,61.5,61.6,61.5,61.6,238.0,36.0,2708.0,87.0,False,False
2609,2022-10-28 10:34:19.464218,-0.0016233766233766378,-0.0016233766233766378,-0.10000000000000142,-0.10000000000000142,61.5,61.6,61.5,61.6,237.0,36.0,2708.0,87.0,False,False
2609,2022-10-28 10:34:19.659158,-0.0032414910858995505,0.0,-0.20000000000000284,0.0,61.6,61.7,61.5,61.6,22.0,40.0,2708.0,87.0,False,False
2609,2022-10-28 10:34:19.680341,-0.0032414910858995505,0.0,-0.20000000000000284,0.0,61.6,61.7,61.5,61.6,22.0,40.0,2708.0,87.0,False,False
2609,2022-10-28 10:34:19.730185,-0.0032414910858995505,0.0,-0.20000000000000284,0.0,61.6,61.7,61.5,61.6,21.0,55.0,2708.0,87.0,False,False
2609,2022-10-28 10:34:19.735372,-0.0032414910858995505,0.0,-0.20000000000000284,0.0,61.6,61.7,61.5,61.6,21.0,61.0,2708.0,87.0,False,False
2609,2022-10-28 10:34:19.783615,-0.0032414910858995505,0.0,-0.20000000000000284,0.0,61.6,61.7,61.5,61.6,21.0,61.0,2708.0,87.0,False,False
2609,2022-10-28 10:34:19.962786,-0.0032414910858995505,0.0,-0.20000000000000284,0.0,61.6,61.7,61.5,61.6,22.0,61.0,2708.0,87.0,False,False
2609,2022-10-28 10:34:20.196608,-0.0032414910858995505,0.0,-0.20000000000000284,0.0,61.6,61.7,61.5,61.6,22.0,61.0,2708.0,87.0,False,False
2609,2022-10-28 10:34:20.443566,-0.0032414910858995505,0.0,-0.20000000000000284,0.0,61.6,61.7,61.5,61.6,23.0,61.0,2708.0,87.0,False,False
2609,2022-10-28 10:34:20.511387,-0.0032414910858995505,0.0,-0.20000000000000284,0.0,61.6,61.7,61.5,61.6,23.0,63.0,2708.0,87.0,False,False
2609,2022-10-28 10:34:20.653576,-0.0032414910858995505,0.0,-0.20000000000000284,0.0,61.6,61.7,61.5,61.6,23.0,63.0,2708.0,87.0,False,False
2609,2022-10-28 10:34:20.925142,-0.0032414910858995505,0.0,-0.20000000000000284,0.0,61.6,61.7,61.5,61.6,23.0,63.0,2708.0,87.0,False,False
2609,2022-10-28 10:34:22.722412,-0.0032414910858995505,0.0,-0.20000000000000284,0.0,61.6,61.7,61.5,61.6,25.0,63.0,2708.0,87.0,False,False
2609,2022-10-28 10:34:23.293917,-0.0032414910858995505,0.0,-0.20000000000000284,0.0,61.6,61.7,61.5,61.6,25.0,63.0,2708.0,87.0,False,False
2609,2022-10-28 10:34:24.212286,-0.0032414910858995505,0.0,-0.20000000000000284,0.0,61.6,61.7,61.5,61.6,25.0,63.0,2708.0,87.0,False,False
2609,2022-10-28 10:34:24.688059,-0.0016207455429497752,-0.0016207455429497752,-0.10000000000000142,-0.10000000000000142,61.6,61.7,61.6,61.7,25.0,63.0,150.0,150.0,True,True
2609,2022-10-28 10:34:26.903640,-0.0016207455429497752,-0.0016207455429497752,-0.10000000000000142,-0.10000000000000142,61.6,61.7,61.6,61.7,24.0,63.0,150.0,150.0,False,False
2609,2022-10-28 10:34:26.939268,-0.0016207455429497752,-0.0032414910858995505,-0.10000000000000142,-0.20000000000000284,61.5,61.7,61.6,61.7,245.0,63.0,150.0,150.0,False,False
2609,2022-10-28 10:34:26.971974,-0.0016207455429497752,-0.0032414910858995505,-0.10000000000000142,-0.20000000000000284,61.5,61.7,61.6,61.7,245.0,63.0,150.0,150.0,False,False
2609,2022-10-28 10:34:27.007402,-0.0016207455429497752,-0.0032414910858995505,-0.10000000000000142,-0.20000000000000284,61.5,61.7,61.6,61.7,245.0,63.0,150.0,150.0,False,False
2609,2022-10-28 10:34:27.860513,0.0,-0.0032414910858995505,0.0,-0.20000000000000284,61.5,61.6,61.6,61.7,245.0,1.0,150.0,150.0,False,False
2609,2022-10-28 10:34:27.934639,0.0,-0.0032414910858995505,0.0,-0.20000000000000284,61.5,61.6,61.6,61.7,245.0,1.0,150.0,150.0,False,False
2609,2022-10-28 10:34:28.161178,0.0,-0.0032414910858995505,0.0,-0.20000000000000284,61.5,61.6,61.6,61.7,245.0,1.0,150.0,150.0,False,False
2609,2022-10-28 10:34:28.224437,-0.0016207455429497752,-0.0016207455429497752,-0.10000000000000142,-0.10000000000000142,61.6,61.7,61.6,61.7,1.0,63.0,150.0,150.0,False,False
2609,2022-10-28 10:34:28.255919,-0.0016207455429497752,-0.0032414910858995505,-0.10000000000000142,-0.20000000000000284,61.5,61.7,61.6,61.7,245.0,63.0,150.0,150.0,False,False
2609,2022-10-28 10:34:28.258741,-0.0016207455429497752,-0.0032414910858995505,-0.10000000000000142,-0.20000000000000284,61.5,61.7,61.6,61.7,245.0,63.0,150.0,150.0,False,False
2609,2022-10-28 10:34:28.320452,-0.0016207455429497752,-0.0032414910858995505,-0.10000000000000142,-0.20000000000000284,61.5,61.7,61.6,61.7,245.0,63.0,150.0,150.0,False,False
2609,2022-10-28 10:34:29.879023,-0.0016207455429497752,-0.0032414910858995505,-0.10000000000000142,-0.20000000000000284,61.5,61.7,61.6,61.7,245.0,63.0,150.0,150.0,False,False
2609,2022-10-28 10:34:29.930688,-0.0016207455429497752,-0.0032414910858995505,-0.10000000000000142,-0.20000000000000284,61.5,61.7,61.6,61.7,245.0,64.0,150.0,150.0,False,False
2609,2022-10-28 10:34:32.723126,-0.0016207455429497752,-0.0032414910858995505,-0.10000000000000142,-0.20000000000000284,61.5,61.7,61.6,61.7,244.0,64.0,150.0,150.0,False,False
2609,2022-10-28 10:34:33.905565,-0.0016207455429497752,-0.0016207455429497752,-0.10000000000000142,-0.10000000000000142,61.6,61.7,61.6,61.7,1.0,64.0,150.0,150.0,False,False
2609,2022-10-28 10:34:33.933508,-0.0016207455429497752,-0.0016207455429497752,-0.10000000000000142,-0.10000000000000142,61.6,61.7,61.6,61.7,1.0,64.0,150.0,150.0,False,False
2609,2022-10-28 10:34:33.974090,-0.0016207455429497752,-0.0016207455429497752,-0.10000000000000142,-0.10000000000000142,61.6,61.7,61.6,61.7,3.0,64.0,150.0,150.0,False,False
2609,2022-10-28 10:34:34.271787,-0.0016207455429497752,-0.0016207455429497752,-0.10000000000000142,-0.10000000000000142,61.6,61.7,61.6,61.7,3.0,64.0,150.0,150.0,False,False
2609,2022-10-28 10:34:34.487591,-0.0016207455429497752,-0.0016207455429497752,-0.10000000000000142,-0.10000000000000142,61.6,61.7,61.6,61.7,2.0,64.0,150.0,150.0,False,False
2609,2022-10-28 10:34:34.509618,-0.0016207455429497752,-0.0032414910858995505,-0.10000000000000142,-0.20000000000000284,61.5,61.7,61.6,61.7,244.0,64.0,150.0,150.0,False,False
2609,2022-10-28 10:34:34.530010,-0.0016207455429497752,-0.0032414910858995505,-0.10000000000000142,-0.20000000000000284,61.5,61.7,61.6,61.7,244.0,64.0,150.0,150.0,False,False
2609,2022-10-28 10:34:34.531378,-0.0016207455429497752,-0.0032414910858995505,-0.10000000000000142,-0.20000000000000284,61.5,61.7,61.6,61.7,244.0,64.0,150.0,150.0,False,False
2609,2022-10-28 10:34:34.552912,-0.0016207455429497752,-0.0032414910858995505,-0.10000000000000142,-0.20000000000000284,61.5,61.7,61.6,61.7,244.0,64.0,150.0,150.0,False,False
2609,2022-10-28 10:34:34.728216,-0.0016207455429497752,-0.0032414910858995505,-0.10000000000000142,-0.20000000000000284,61.5,61.7,61.6,61.7,244.0,64.0,200.0,150.0,True,True
2609,2022-10-28 10:34:34.796833,0.0,-0.0032414910858995505,0.0,-0.20000000000000284,61.5,61.6,61.6,61.7,244.0,1.0,200.0,150.0,False,False
2609,2022-10-28 10:34:34.827905,0.0,-0.0032414910858995505,0.0,-0.20000000000000284,61.5,61.6,61.6,61.7,244.0,1.0,200.0,150.0,False,False
2609,2022-10-28 10:34:34.929264,-0.0016207455429497752,-0.0032414910858995505,-0.10000000000000142,-0.20000000000000284,61.5,61.7,61.6,61.7,244.0,63.0,200.0,150.0,False,False
2609,2022-10-28 10:34:34.976507,-0.0016207455429497752,-0.0032414910858995505,-0.10000000000000142,-0.20000000000000284,61.5,61.7,61.6,61.7,244.0,63.0,200.0,150.0,False,False
2609,2022-10-28 10:34:35.166188,-0.0016207455429497752,-0.0032414910858995505,-0.10000000000000142,-0.20000000000000284,61.5,61.7,61.6,61.7,244.0,63.0,200.0,150.0,False,False
2609,2022-10-28 10:34:35.193399,-0.0016207455429497752,-0.0032414910858995505,-0.10000000000000142,-0.20000000000000284,61.5,61.7,61.6,61.7,246.0,63.0,200.0,150.0,False,False
2609,2022-10-28 10:34:35.331090,-0.0016207455429497752,-0.0032414910858995505,-0.10000000000000142,-0.20000000000000284,61.5,61.7,61.6,61.7,246.0,63.0,200.0,150.0,False,False
2609,2022-10-28 10:34:37.697594,-0.0016207455429497752,-0.0032414910858995505,-0.10000000000000142,-0.20000000000000284,61.5,61.7,61.6,61.7,246.0,63.0,200.0,150.0,False,False
2609,2022-10-28 10:34:37.779946,0.0,-0.0032414910858995505,0.0,-0.20000000000000284,61.5,61.6,61.6,61.7,246.0,3.0,200.0,150.0,False,False
2609,2022-10-28 10:34:37.856657,0.0,-0.0032414910858995505,0.0,-0.20000000000000284,61.5,61.6,61.6,61.7,246.0,3.0,200.0,150.0,False,False
2609,2022-10-28 10:34:38.143137,0.0,-0.0032414910858995505,0.0,-0.20000000000000284,61.5,61.6,61.6,61.7,246.0,3.0,200.0,150.0,False,False
2609,2022-10-28 10:34:38.245306,0.0,-0.0032414910858995505,0.0,-0.20000000000000284,61.5,61.6,61.6,61.7,247.0,3.0,200.0,150.0,False,False
2609,2022-10-28 10:34:38.908572,0.0,-0.0032414910858995505,0.0,-0.20000000000000284,61.5,61.6,61.6,61.7,247.0,3.0,200.0,150.0,False,False
2609,2022-10-28 10:34:38.935515,0.0,-0.0032414910858995505,0.0,-0.20000000000000284,61.5,61.6,61.6,61.7,247.0,28.0,200.0,150.0,False,False
2609,2022-10-28 10:34:39.464087,0.0,-0.0032414910858995505,0.0,-0.20000000000000284,61.5,61.6,61.6,61.7,247.0,28.0,200.0,150.0,False,False
2609,2022-10-28 10:34:39.645279,0.0,-0.0032414910858995505,0.0,-0.20000000000000284,61.5,61.6,61.6,61.7,247.0,28.0,200.0,150.0,False,False
2609,2022-10-28 10:34:41.353287,0.0,-0.0032414910858995505,0.0,-0.20000000000000284,61.5,61.6,61.6,61.7,247.0,30.0,200.0,150.0,False,False
2609,2022-10-28 10:34:41.996322,0.0,-0.0032414910858995505,0.0,-0.20000000000000284,61.5,61.6,61.6,61.7,247.0,31.0,200.0,150.0,False,False
2609,2022-10-28 10:34:42.104300,0.0,-0.0032414910858995505,0.0,-0.20000000000000284,61.5,61.6,61.6,61.7,247.0,31.0,200.0,150.0,False,False
2609,2022-10-28 10:34:42.673319,0.0,-0.0032414910858995505,0.0,-0.20000000000000284,61.5,61.6,61.6,61.7,247.0,32.0,200.0,150.0,False,False
2609,2022-10-28 10:34:44.770473,0.0,-0.0032414910858995505,0.0,-0.20000000000000284,61.5,61.6,61.6,61.7,247.0,32.0,200.0,2148.0,True,True
2609,2022-10-28 10:34:46.038635,0.0,-0.0032414910858995505,0.0,-0.20000000000000284,61.5,61.6,61.6,61.7,247.0,32.0,200.0,2148.0,False,False
2609,2022-10-28 10:34:46.167856,0.0,-0.0032414910858995505,0.0,-0.20000000000000284,61.5,61.6,61.6,61.7,247.0,33.0,200.0,2148.0,False,False
2609,2022-10-28 10:34:47.814428,0.0,-0.0032414910858995505,0.0,-0.20000000000000284,61.5,61.6,61.6,61.7,249.0,33.0,200.0,2148.0,False,False
2609,2022-10-28 10:34:48.494653,0.0,-0.0032414910858995505,0.0,-0.20000000000000284,61.5,61.6,61.6,61.7,248.0,33.0,200.0,2148.0,False,False
2609,2022-10-28 10:34:48.804261,0.0,-0.0032414910858995505,0.0,-0.20000000000000284,61.5,61.6,61.6,61.7,247.0,33.0,200.0,2148.0,False,False
2609,2022-10-28 10:34:48.809278,0.0,-0.0032414910858995505,0.0,-0.20000000000000284,61.5,61.6,61.6,61.7,247.0,13.0,200.0,2148.0,False,False
2609,2022-10-28 10:34:48.873818,0.0,-0.0032414910858995505,0.0,-0.20000000000000284,61.5,61.6,61.6,61.7,247.0,11.0,200.0,2148.0,False,False
2609,2022-10-28 10:34:48.983343,0.0,-0.0032414910858995505,0.0,-0.20000000000000284,61.5,61.6,61.6,61.7,248.0,11.0,200.0,2148.0,False,False
2609,2022-10-28 10:34:50.133682,0.0,-0.0032414910858995505,0.0,-0.20000000000000284,61.5,61.6,61.6,61.7,248.0,13.0,200.0,2148.0,False,False
2609,2022-10-28 10:34:50.168805,0.0,-0.0032414910858995505,0.0,-0.20000000000000284,61.5,61.6,61.6,61.7,248.0,13.0,200.0,2148.0,False,False
2609,2022-10-28 10:34:50.183413,0.0,-0.0032414910858995505,0.0,-0.20000000000000284,61.5,61.6,61.6,61.7,248.0,12.0,200.0,2148.0,False,False
2609,2022-10-28 10:34:50.244213,0.0,-0.0032414910858995505,0.0,-0.20000000000000284,61.5,61.6,61.6,61.7,248.0,12.0,200.0,2148.0,False,False
2609,2022-10-28 10:34:50.410915,0.0,-0.0032414910858995505,0.0,-0.20000000000000284,61.5,61.6,61.6,61.7,247.0,12.0,200.0,2148.0,False,False
2609,2022-10-28 10:34:51.381836,0.0,-0.0032414910858995505,0.0,-0.20000000000000284,61.5,61.6,61.6,61.7,247.0,11.0,200.0,2148.0,False,False
2609,2022-10-28 10:34:51.902101,0.0,-0.0032414910858995505,0.0,-0.20000000000000284,61.5,61.6,61.6,61.7,247.0,9.0,200.0,2148.0,False,False
2609,2022-10-28 10:34:51.952469,0.0,-0.0032414910858995505,0.0,-0.20000000000000284,61.5,61.6,61.6,61.7,247.0,7.0,200.0,2148.0,False,False
2609,2022-10-28 10:34:51.995792,0.0,-0.0032414910858995505,0.0,-0.20000000000000284,61.5,61.6,61.6,61.7,247.0,7.0,200.0,2148.0,False,False
2609,2022-10-28 10:34:52.131548,0.0,-0.0032414910858995505,0.0,-0.20000000000000284,61.5,61.6,61.6,61.7,247.0,14.0,200.0,2148.0,False,False
2609,2022-10-28 10:34:52.298404,0.0,-0.0032414910858995505,0.0,-0.20000000000000284,61.5,61.6,61.6,61.7,247.0,12.0,200.0,2148.0,False,False
2609,2022-10-28 10:34:52.610406,0.0,-0.0032414910858995505,0.0,-0.20000000000000284,61.5,61.6,61.6,61.7,247.0,11.0,200.0,2148.0,False,False
2609,2022-10-28 10:34:53.235961,0.0,-0.0032414910858995505,0.0,-0.20000000000000284,61.5,61.6,61.6,61.7,247.0,11.0,200.0,2148.0,False,False
2609,2022-10-28 10:34:53.572967,0.0,-0.0032414910858995505,0.0,-0.20000000000000284,61.5,61.6,61.6,61.7,247.0,14.0,200.0,2148.0,False,False
2609,2022-10-28 10:34:54.155621,0.0,-0.0032414910858995505,0.0,-0.20000000000000284,61.5,61.6,61.6,61.7,248.0,14.0,200.0,2148.0,False,False
2609,2022-10-28 10:34:54.811637,0.0,-0.0032414910858995505,0.0,-0.20000000000000284,61.5,61.6,61.6,61.7,248.0,14.0,200.0,2141.0,True,True
2609,2022-10-28 10:34:54.978419,0.0,-0.0032414910858995505,0.0,-0.20000000000000284,61.5,61.6,61.6,61.7,249.0,14.0,200.0,2141.0,False,False
2609,2022-10-28 10:34:55.620968,0.0,-0.0032414910858995505,0.0,-0.20000000000000284,61.5,61.6,61.6,61.7,249.0,13.0,200.0,2141.0,False,False
2609,2022-10-28 10:34:55.911530,0.0,-0.0032414910858995505,0.0,-0.20000000000000284,61.5,61.6,61.6,61.7,249.0,27.0,200.0,2141.0,False,False
2609,2022-10-28 10:34:55.987506,0.0,-0.0032414910858995505,0.0,-0.20000000000000284,61.5,61.6,61.6,61.7,250.0,27.0,200.0,2141.0,False,False
2609,2022-10-28 10:34:58.169839,0.0,-0.0032414910858995505,0.0,-0.20000000000000284,61.5,61.6,61.6,61.7,251.0,27.0,200.0,2141.0,False,False
2609,2022-10-28 10:35:00.078262,0.0,-0.0032414910858995505,0.0,-0.20000000000000284,61.5,61.6,61.6,61.7,261.0,27.0,200.0,2141.0,False,False
2609,2022-10-28 10:35:00.115603,0.0,-0.0032414910858995505,0.0,-0.20000000000000284,61.5,61.6,61.6,61.7,261.0,25.0,200.0,2141.0,False,False
2609,2022-10-28 10:35:00.238199,0.0,-0.0032414910858995505,0.0,-0.20000000000000284,61.5,61.6,61.6,61.7,261.0,27.0,200.0,2141.0,False,False
2609,2022-10-28 10:35:01.083838,0.0,-0.0032414910858995505,0.0,-0.20000000000000284,61.5,61.6,61.6,61.7,261.0,26.0,200.0,2141.0,False,False
2609,2022-10-28 10:35:02.265780,0.0,-0.0032414910858995505,0.0,-0.20000000000000284,61.5,61.6,61.6,61.7,261.0,26.0,200.0,2141.0,False,False
2609,2022-10-28 10:35:02.515317,0.0,-0.0032414910858995505,0.0,-0.20000000000000284,61.5,61.6,61.6,61.7,261.0,46.0,200.0,2141.0,False,False
2609,2022-10-28 10:35:03.091257,0.0,-0.0032414910858995505,0.0,-0.20000000000000284,61.5,61.6,61.6,61.7,261.0,46.0,200.0,2141.0,False,False
2609,2022-10-28 10:35:03.435824,0.0,-0.0032414910858995505,0.0,-0.20000000000000284,61.5,61.6,61.6,61.7,260.0,46.0,200.0,2141.0,False,False
2609,2022-10-28 10:35:03.474472,0.0,-0.0032414910858995505,0.0,-0.20000000000000284,61.5,61.6,61.6,61.7,260.0,46.0,200.0,2141.0,False,False
2609,2022-10-28 10:35:03.476712,0.0,-0.0032414910858995505,0.0,-0.20000000000000284,61.5,61.6,61.6,61.7,260.0,61.0,200.0,2141.0,False,False
2609,2022-10-28 10:35:04.072055,0.0,-0.0032414910858995505,0.0,-0.20000000000000284,61.5,61.6,61.6,61.7,260.0,11.0,200.0,2141.0,False,False
2609,2022-10-28 10:35:04.107633,-0.0016207455429497752,-0.0032414910858995505,-0.10000000000000142,-0.20000000000000284,61.5,61.7,61.6,61.7,260.0,48.0,200.0,2141.0,False,False
2609,2022-10-28 10:35:04.191829,-0.0016207455429497752,-0.0032414910858995505,-0.10000000000000142,-0.20000000000000284,61.5,61.7,61.6,61.7,261.0,57.0,200.0,2141.0,False,False
2609,2022-10-28 10:35:04.331097,-0.0016207455429497752,-0.0032414910858995505,-0.10000000000000142,-0.20000000000000284,61.5,61.7,61.6,61.7,261.0,57.0,200.0,2141.0,False,False
2609,2022-10-28 10:35:04.488844,-0.0016207455429497752,-0.0032414910858995505,-0.10000000000000142,-0.20000000000000284,61.5,61.7,61.6,61.7,261.0,57.0,200.0,2141.0,False,False
2609,2022-10-28 10:35:04.994826,-0.0016207455429497752,-0.0032414910858995505,-0.10000000000000142,-0.20000000000000284,61.5,61.7,61.6,61.7,261.0,57.0,200.0,143.0,True,True
2609,2022-10-28 10:35:06.186144,-0.0016207455429497752,-0.0032414910858995505,-0.10000000000000142,-0.20000000000000284,61.5,61.7,61.6,61.7,261.0,57.0,200.0,143.0,False,False
2609,2022-10-28 10:35:08.309352,-0.0016207455429497752,-0.0032414910858995505,-0.10000000000000142,-0.20000000000000284,61.5,61.7,61.6,61.7,262.0,57.0,200.0,143.0,False,False
2609,2022-10-28 10:35:08.476845,0.0,-0.0032414910858995505,0.0,-0.20000000000000284,61.5,61.6,61.6,61.7,262.0,3.0,200.0,143.0,False,False
2609,2022-10-28 10:35:08.532775,0.0,-0.0032414910858995505,0.0,-0.20000000000000284,61.5,61.6,61.6,61.7,262.0,5.0,200.0,143.0,False,False
2609,2022-10-28 10:35:09.160365,0.0,-0.0032414910858995505,0.0,-0.20000000000000284,61.5,61.6,61.6,61.7,262.0,5.0,200.0,143.0,False,False
2609,2022-10-28 10:35:09.186758,0.0,-0.0032414910858995505,0.0,-0.20000000000000284,61.5,61.6,61.6,61.7,262.0,13.0,200.0,143.0,False,False
2609,2022-10-28 10:35:09.316879,0.0,-0.0032414910858995505,0.0,-0.20000000000000284,61.5,61.6,61.6,61.7,262.0,15.0,200.0,143.0,False,False
2609,2022-10-28 10:35:09.361547,0.0,-0.0032414910858995505,0.0,-0.20000000000000284,61.5,61.6,61.6,61.7,262.0,15.0,200.0,143.0,False,False
2609,2022-10-28 10:35:11.058587,0.0,-0.0032414910858995505,0.0,-0.20000000000000284,61.5,61.6,61.6,61.7,262.0,15.0,200.0,143.0,False,False
2609,2022-10-28 10:35:11.058610,0.0,-0.0032414910858995505,0.0,-0.20000000000000284,61.5,61.6,61.6,61.7,262.0,15.0,200.0,143.0,False,False
2609,2022-10-28 10:35:11.752383,0.0,-0.0032414910858995505,0.0,-0.20000000000000284,61.5,61.6,61.6,61.7,262.0,14.0,200.0,143.0,False,False
2609,2022-10-28 10:35:11.835046,0.0,-0.0032414910858995505,0.0,-0.20000000000000284,61.5,61.6,61.6,61.7,262.0,15.0,200.0,143.0,False,False
2609,2022-10-28 10:35:12.735464,0.0,-0.0032414910858995505,0.0,-0.20000000000000284,61.5,61.6,61.6,61.7,262.0,14.0,200.0,143.0,False,False
2609,2022-10-28 10:35:15.183393,0.0,-0.0032414910858995505,0.0,-0.20000000000000284,61.5,61.6,61.6,61.7,262.0,14.0,200.0,2141.0,True,True
2609,2022-10-28 10:35:15.546305,0.0,-0.0032414910858995505,0.0,-0.20000000000000284,61.5,61.6,61.6,61.7,262.0,14.0,200.0,2141.0,False,False
2609,2022-10-28 10:35:15.614509,-0.0016207455429497752,-0.0016207455429497752,-0.10000000000000142,-0.10000000000000142,61.6,61.7,61.6,61.7,36.0,59.0,200.0,2141.0,False,False
2609,2022-10-28 10:35:15.642770,-0.0016207455429497752,-0.0016207455429497752,-0.10000000000000142,-0.10000000000000142,61.6,61.7,61.6,61.7,36.0,59.0,200.0,2141.0,False,False
2609,2022-10-28 10:35:15.642865,-0.0016207455429497752,-0.0016207455429497752,-0.10000000000000142,-0.10000000000000142,61.6,61.7,61.6,61.7,10.0,59.0,200.0,2141.0,False,False
2609,2022-10-28 10:35:15.650612,-0.0016207455429497752,-0.0016207455429497752,-0.10000000000000142,-0.10000000000000142,61.6,61.7,61.6,61.7,10.0,46.0,200.0,2141.0,False,False
2609,2022-10-28 10:35:15.677522,0.0,-0.0032414910858995505,0.0,-0.20000000000000284,61.5,61.6,61.6,61.7,262.0,4.0,200.0,2141.0,False,False
2609,2022-10-28 10:35:15.709818,0.0,-0.0032414910858995505,0.0,-0.20000000000000284,61.5,61.6,61.6,61.7,261.0,4.0,200.0,2141.0,False,False
2609,2022-10-28 10:35:15.750718,0.0,-0.0032414910858995505,0.0,-0.20000000000000284,61.5,61.6,61.6,61.7,260.0,4.0,200.0,2141.0,False,False
2609,2022-10-28 10:35:16.338659,0.0,-0.0032414910858995505,0.0,-0.20000000000000284,61.5,61.6,61.6,61.7,260.0,3.0,200.0,2141.0,False,False
2609,2022-10-28 10:35:16.954341,0.0,-0.0032414910858995505,0.0,-0.20000000000000284,61.5,61.6,61.6,61.7,260.0,14.0,200.0,2141.0,False,False
2609,2022-10-28 10:35:16.963767,0.0,-0.0032414910858995505,0.0,-0.20000000000000284,61.5,61.6,61.6,61.7,260.0,14.0,200.0,2141.0,False,False
2609,2022-10-28 10:35:17.357978,0.0,-0.0032414910858995505,0.0,-0.20000000000000284,61.5,61.6,61.6,61.7,259.0,14.0,200.0,2141.0,False,False
2609,2022-10-28 10:35:17.476300,0.0,-0.0032414910858995505,0.0,-0.20000000000000284,61.5,61.6,61.6,61.7,260.0,14.0,200.0,2141.0,False,False
2609,2022-10-28 10:35:17.509711,0.0,-0.0032414910858995505,0.0,-0.20000000000000284,61.5,61.6,61.6,61.7,260.0,16.0,200.0,2141.0,False,False
2609,2022-10-28 10:35:18.541692,0.0,-0.0032414910858995505,0.0,-0.20000000000000284,61.5,61.6,61.6,61.7,260.0,16.0,200.0,2141.0,False,False
2609,2022-10-28 10:35:19.559458,0.0,-0.0032414910858995505,0.0,-0.20000000000000284,61.5,61.6,61.6,61.7,260.0,17.0,200.0,2141.0,False,False
2609,2022-10-28 10:35:20.108984,0.0,-0.0032414910858995505,0.0,-0.20000000000000284,61.5,61.6,61.6,61.7,260.0,15.0,200.0,2141.0,False,False
2609,2022-10-28 10:35:20.152513,0.0,-0.0032414910858995505,0.0,-0.20000000000000284,61.5,61.6,61.6,61.7,260.0,15.0,200.0,2141.0,False,False
2609,2022-10-28 10:35:20.866323,0.0,-0.0032414910858995505,0.0,-0.20000000000000284,61.5,61.6,61.6,61.7,261.0,15.0,200.0,2141.0,False,False
2609,2022-10-28 10:35:20.906001,0.0,-0.0032414910858995505,0.0,-0.20000000000000284,61.5,61.6,61.6,61.7,262.0,15.0,200.0,2141.0,False,False
2609,2022-10-28 10:35:21.498021,0.0,-0.0032414910858995505,0.0,-0.20000000000000284,61.5,61.6,61.6,61.7,262.0,50.0,200.0,2141.0,False,False
2609,2022-10-28 10:35:21.532556,0.0,-0.0032414910858995505,0.0,-0.20000000000000284,61.5,61.6,61.6,61.7,262.0,52.0,200.0,2141.0,False,False
2609,2022-10-28 10:35:21.605761,0.0,-0.0032414910858995505,0.0,-0.20000000000000284,61.5,61.6,61.6,61.7,262.0,57.0,200.0,2141.0,False,False
2609,2022-10-28 10:35:21.840694,0.0,-0.0032414910858995505,0.0,-0.20000000000000284,61.5,61.6,61.6,61.7,263.0,57.0,200.0,2141.0,False,False
2609,2022-10-28 10:35:22.789995,0.0,-0.0032414910858995505,0.0,-0.20000000000000284,61.5,61.6,61.6,61.7,263.0,56.0,200.0,2141.0,False,False
2609,2022-10-28 10:35:24.688463,0.0,-0.0032414910858995505,0.0,-0.20000000000000284,61.5,61.6,61.6,61.7,263.0,56.0,200.0,2141.0,False,False
2609,2022-10-28 10:35:25.078725,0.0,-0.0032414910858995505,0.0,-0.20000000000000284,61.5,61.6,61.6,61.7,254.0,56.0,200.0,2141.0,False,False
2609,2022-10-28 10:35:25.202827,0.0,-0.0032414910858995505,0.0,-0.20000000000000284,61.5,61.6,61.6,61.7,254.0,56.0,200.0,2141.0,False,False
2609,2022-10-28 10:35:25.724490,0.0,-0.0032414910858995505,0.0,-0.20000000000000284,61.5,61.6,61.6,61.7,254.0,55.0,200.0,2141.0,False,False
2609,2022-10-28 10:35:25.750349,0.0,-0.0032414910858995505,0.0,-0.20000000000000284,61.5,61.6,61.6,61.7,254.0,53.0,200.0,2141.0,False,False
2609,2022-10-28 10:35:25.784736,0.0,-0.0032414910858995505,0.0,-0.20000000000000284,61.5,61.6,61.6,61.7,254.0,53.0,200.0,2141.0,False,False
2609,2022-10-28 10:35:25.898932,0.0,-0.0032414910858995505,0.0,-0.20000000000000284,61.5,61.6,61.6,61.7,254.0,53.0,200.0,2141.0,False,False
2609,2022-10-28 10:35:26.589707,0.0,-0.0032414910858995505,0.0,-0.20000000000000284,61.5,61.6,61.6,61.7,254.0,52.0,200.0,2141.0,False,False
2609,2022-10-28 10:35:26.700842,0.0,-0.0032414910858995505,0.0,-0.20000000000000284,61.5,61.6,61.6,61.7,255.0,52.0,200.0,2141.0,False,False
2609,2022-10-28 10:35:26.830698,0.0,-0.0032414910858995505,0.0,-0.20000000000000284,61.5,61.6,61.6,61.7,255.0,51.0,200.0,2141.0,False,False
2609,2022-10-28 10:35:27.878644,0.0,-0.0032414910858995505,0.0,-0.20000000000000284,61.5,61.6,61.6,61.7,255.0,53.0,200.0,2141.0,False,False
2609,2022-10-28 10:35:27.894534,0.0,-0.0032414910858995505,0.0,-0.20000000000000284,61.5,61.6,61.6,61.7,255.0,53.0,200.0,2141.0,False,False
2609,2022-10-28 10:35:28.001646,0.0,-0.0032414910858995505,0.0,-0.20000000000000284,61.5,61.6,61.6,61.7,255.0,52.0,200.0,2141.0,False,False
2609,2022-10-28 10:35:27.985121,0.0,-0.0032414910858995505,0.0,-0.20000000000000284,61.5,61.6,61.6,61.7,255.0,53.0,200.0,2141.0,False,False
2609,2022-10-28 10:35:29.143669,0.0,-0.0032414910858995505,0.0,-0.20000000000000284,61.5,61.6,61.6,61.7,255.0,53.0,200.0,2141.0,False,False
2609,2022-10-28 10:35:29.247216,0.0,-0.0032414910858995505,0.0,-0.20000000000000284,61.5,61.6,61.6,61.7,256.0,53.0,200.0,2141.0,False,False
2609,2022-10-28 10:35:31.332792,0.0,-0.0032414910858995505,0.0,-0.20000000000000284,61.5,61.6,61.6,61.7,255.0,53.0,200.0,2141.0,False,False
2609,2022-10-28 10:35:32.803463,0.0,-0.0032414910858995505,0.0,-0.20000000000000284,61.5,61.6,61.6,61.7,255.0,53.0,200.0,2141.0,False,False
2609,2022-10-28 10:35:35.157400,0.0,-0.0032414910858995505,0.0,-0.20000000000000284,61.5,61.6,61.6,61.7,255.0,43.0,200.0,2141.0,False,False
2609,2022-10-28 10:35:35.186395,0.0,-0.0032414910858995505,0.0,-0.20000000000000284,61.5,61.6,61.6,61.7,255.0,41.0,200.0,2141.0,False,False
2609,2022-10-28 10:35:35.213084,0.0,-0.0032414910858995505,0.0,-0.20000000000000284,61.5,61.6,61.6,61.7,255.0,41.0,200.0,143.0,True,True
2609,2022-10-28 10:35:35.205237,0.0,-0.0032414910858995505,0.0,-0.20000000000000284,61.5,61.6,61.6,61.7,255.0,43.0,200.0,143.0,False,False
2609,2022-10-28 10:35:35.297687,0.0,-0.0032414910858995505,0.0,-0.20000000000000284,61.5,61.6,61.6,61.7,255.0,43.0,200.0,143.0,False,False
2609,2022-10-28 10:35:36.383666,0.0,-0.0032414910858995505,0.0,-0.20000000000000284,61.5,61.6,61.6,61.7,255.0,42.0,200.0,143.0,False,False
2609,2022-10-28 10:35:36.471355,0.0,-0.0032414910858995505,0.0,-0.20000000000000284,61.5,61.6,61.6,61.7,255.0,53.0,200.0,143.0,False,False
2609,2022-10-28 10:35:38.818637,0.0,-0.0032414910858995505,0.0,-0.20000000000000284,61.5,61.6,61.6,61.7,255.0,53.0,200.0,143.0,False,False
2609,2022-10-28 10:35:39.751702,0.0,-0.0032414910858995505,0.0,-0.20000000000000284,61.5,61.6,61.6,61.7,255.0,51.0,200.0,143.0,False,False
2609,2022-10-28 10:35:39.766115,0.0,-0.0032414910858995505,0.0,-0.20000000000000284,61.5,61.6,61.6,61.7,255.0,51.0,200.0,143.0,False,False
2609,2022-10-28 10:35:39.801296,0.0,-0.0032414910858995505,0.0,-0.20000000000000284,61.5,61.6,61.6,61.7,255.0,51.0,200.0,143.0,False,False
2609,2022-10-28 10:35:40.322306,0.0,-0.0032414910858995505,0.0,-0.20000000000000284,61.5,61.6,61.6,61.7,257.0,51.0,200.0,143.0,False,False
2609,2022-10-28 10:35:40.419395,0.0,-0.0032414910858995505,0.0,-0.20000000000000284,61.5,61.6,61.6,61.7,257.0,53.0,200.0,143.0,False,False
2609,2022-10-28 10:35:40.451716,0.0,-0.0032414910858995505,0.0,-0.20000000000000284,61.5,61.6,61.6,61.7,257.0,53.0,200.0,143.0,False,False
2609,2022-10-28 10:35:41.828005,0.0,-0.0032414910858995505,0.0,-0.20000000000000284,61.5,61.6,61.6,61.7,257.0,53.0,200.0,143.0,False,False
2609,2022-10-28 10:35:42.034991,0.0,-0.0032414910858995505,0.0,-0.20000000000000284,61.5,61.6,61.6,61.7,257.0,58.0,200.0,143.0,False,False
2609,2022-10-28 10:35:42.487654,0.0,-0.0032414910858995505,0.0,-0.20000000000000284,61.5,61.6,61.6,61.7,257.0,58.0,200.0,143.0,False,False
2609,2022-10-28 10:35:43.426799,0.0,-0.0032414910858995505,0.0,-0.20000000000000284,61.5,61.6,61.6,61.7,257.0,58.0,200.0,143.0,False,False
2609,2022-10-28 10:35:43.829489,0.0,-0.0032414910858995505,0.0,-0.20000000000000284,61.5,61.6,61.6,61.7,257.0,59.0,200.0,143.0,False,False
2609,2022-10-28 10:35:43.874602,0.0,-0.0032414910858995505,0.0,-0.20000000000000284,61.5,61.6,61.6,61.7,257.0,9.0,200.0,143.0,False,False
2609,2022-10-28 10:35:43.896888,0.0,-0.0032414910858995505,0.0,-0.20000000000000284,61.5,61.6,61.6,61.7,257.0,7.0,200.0,143.0,False,False
2609,2022-10-28 10:35:43.991582,0.0,-0.0032414910858995505,0.0,-0.20000000000000284,61.5,61.6,61.6,61.7,257.0,8.0,200.0,143.0,False,False
2609,2022-10-28 10:35:44.004770,0.0,-0.0032414910858995505,0.0,-0.20000000000000284,61.5,61.6,61.6,61.7,257.0,8.0,200.0,143.0,False,False
2609,2022-10-28 10:35:44.243742,0.0,-0.0032414910858995505,0.0,-0.20000000000000284,61.5,61.6,61.6,61.7,258.0,8.0,200.0,143.0,False,False
2609,2022-10-28 10:35:44.712416,0.0,-0.0032414910858995505,0.0,-0.20000000000000284,61.5,61.6,61.6,61.7,258.0,8.0,200.0,143.0,False,False
2609,2022-10-28 10:35:44.921276,0.0,-0.0032414910858995505,0.0,-0.20000000000000284,61.5,61.6,61.6,61.7,260.0,8.0,200.0,143.0,False,False
2609,2022-10-28 10:35:45.233108,0.0,-0.0032414910858995505,0.0,-0.20000000000000284,61.5,61.6,61.6,61.7,260.0,8.0,300.0,143.0,True,True
2609,2022-10-28 10:35:46.284462,0.0,-0.0032414910858995505,0.0,-0.20000000000000284,61.5,61.6,61.6,61.7,260.0,7.0,300.0,143.0,False,False
2609,2022-10-28 10:35:46.311407,0.0,-0.0032414910858995505,0.0,-0.20000000000000284,61.5,61.6,61.6,61.7,259.0,7.0,300.0,143.0,False,False
2609,2022-10-28 10:35:46.993075,0.0,-0.0032414910858995505,0.0,-0.20000000000000284,61.5,61.6,61.6,61.7,259.0,9.0,300.0,143.0,False,False
2609,2022-10-28 10:35:47.173032,0.0,-0.0032414910858995505,0.0,-0.20000000000000284,61.5,61.6,61.6,61.7,259.0,9.0,300.0,143.0,False,False
2609,2022-10-28 10:35:47.777863,-0.0016207455429497752,-0.0016207455429497752,-0.10000000000000142,-0.10000000000000142,61.6,61.7,61.6,61.7,21.0,45.0,300.0,143.0,False,False
2609,2022-10-28 10:35:47.798221,-0.0016207455429497752,-0.0016207455429497752,-0.10000000000000142,-0.10000000000000142,61.6,61.7,61.6,61.7,21.0,45.0,300.0,143.0,False,False
2609,2022-10-28 10:35:47.798417,-0.0016207455429497752,-0.0032414910858995505,-0.10000000000000142,-0.20000000000000284,61.5,61.7,61.6,61.7,259.0,45.0,300.0,143.0,False,False
2609,2022-10-28 10:35:47.861844,-0.0016207455429497752,-0.0016207455429497752,-0.10000000000000142,-0.10000000000000142,61.6,61.7,61.6,61.7,1.0,56.0,300.0,143.0,False,False
2609,2022-10-28 10:35:47.907643,-0.0016207455429497752,-0.0016207455429497752,-0.10000000000000142,-0.10000000000000142,61.6,61.7,61.6,61.7,1.0,56.0,300.0,143.0,False,False
2609,2022-10-28 10:35:48.434956,-0.0016207455429497752,-0.0016207455429497752,-0.10000000000000142,-0.10000000000000142,61.6,61.7,61.6,61.7,1.0,56.0,300.0,143.0,False,False
2609,2022-10-28 10:35:48.455015,-0.0016207455429497752,-0.0016207455429497752,-0.10000000000000142,-0.10000000000000142,61.6,61.7,61.6,61.7,3.0,56.0,300.0,143.0,False,False
2609,2022-10-28 10:35:49.722028,-0.0016207455429497752,-0.0032414910858995505,-0.10000000000000142,-0.20000000000000284,61.5,61.7,61.6,61.7,258.0,56.0,300.0,143.0,False,False
2609,2022-10-28 10:35:49.753158,-0.0016207455429497752,-0.0032414910858995505,-0.10000000000000142,-0.20000000000000284,61.5,61.7,61.6,61.7,258.0,56.0,300.0,143.0,False,False
2609,2022-10-28 10:35:49.861330,0.0,-0.0032414910858995505,0.0,-0.20000000000000284,61.5,61.6,61.6,61.7,259.0,2.0,300.0,143.0,False,False
2609,2022-10-28 10:35:49.967355,0.0,-0.0032414910858995505,0.0,-0.20000000000000284,61.5,61.6,61.6,61.7,259.0,2.0,300.0,143.0,False,False
2609,2022-10-28 10:35:50.211844,0.0,-0.0032414910858995505,0.0,-0.20000000000000284,61.5,61.6,61.6,61.7,259.0,4.0,300.0,143.0,False,False
2609,2022-10-28 10:35:50.445544,0.0,-0.0032414910858995505,0.0,-0.20000000000000284,61.5,61.6,61.6,61.7,259.0,4.0,300.0,143.0,False,False
2609,2022-10-28 10:35:50.448625,0.0,-0.0032414910858995505,0.0,-0.20000000000000284,61.5,61.6,61.6,61.7,259.0,11.0,300.0,143.0,False,False
2609,2022-10-28 10:35:50.501469,0.0,-0.0032414910858995505,0.0,-0.20000000000000284,61.5,61.6,61.6,61.7,259.0,11.0,300.0,143.0,False,False
2609,2022-10-28 10:35:51.197765,0.0,-0.0032414910858995505,0.0,-0.20000000000000284,61.5,61.6,61.6,61.7,260.0,11.0,300.0,143.0,False,False
2609,2022-10-28 10:35:52.153296,0.0,-0.0032414910858995505,0.0,-0.20000000000000284,61.5,61.6,61.6,61.7,260.0,11.0,300.0,143.0,False,False
2609,2022-10-28 10:35:52.202334,0.0,-0.0032414910858995505,0.0,-0.20000000000000284,61.5,61.6,61.6,61.7,57.0,11.0,300.0,143.0,False,False
2609,2022-10-28 10:35:52.235770,0.0,-0.0032414910858995505,0.0,-0.20000000000000284,61.5,61.6,61.6,61.7,55.0,11.0,300.0,143.0,False,False
2609,2022-10-28 10:35:52.236234,0.0,-0.0032414910858995505,0.0,-0.20000000000000284,61.5,61.6,61.6,61.7,53.0,11.0,300.0,143.0,False,False
2609,2022-10-28 10:35:52.237252,0.001626016260162677,-0.004862236628849326,0.10000000000000142,-0.30000000000000426,61.4,61.5,61.6,61.7,306.0,2.0,300.0,143.0,False,False
2609,2022-10-28 10:35:52.238490,0.001626016260162677,-0.004862236628849326,0.10000000000000142,-0.30000000000000426,61.4,61.5,61.6,61.7,306.0,2.0,300.0,143.0,False,False
2609,2022-10-28 10:35:52.265523,0.001626016260162677,-0.004862236628849326,0.10000000000000142,-0.30000000000000426,61.4,61.5,61.6,61.7,288.0,2.0,300.0,143.0,False,False
2609,2022-10-28 10:35:52.351239,0.001626016260162677,-0.004862236628849326,0.10000000000000142,-0.30000000000000426,61.4,61.5,61.6,61.7,288.0,2.0,300.0,143.0,False,False
2609,2022-10-28 10:35:52.342651,0.001626016260162677,-0.004862236628849326,0.10000000000000142,-0.30000000000000426,61.4,61.5,61.6,61.7,288.0,4.0,300.0,143.0,False,False
2609,2022-10-28 10:35:52.365160,0.001626016260162677,-0.004862236628849326,0.10000000000000142,-0.30000000000000426,61.4,61.5,61.6,61.7,288.0,2.0,300.0,143.0,False,False
2609,2022-10-28 10:35:52.465871,0.001626016260162677,-0.004862236628849326,0.10000000000000142,-0.30000000000000426,61.4,61.5,61.6,61.7,288.0,28.0,300.0,143.0,False,False
2609,2022-10-28 10:35:52.517207,0.001626016260162677,-0.004862236628849326,0.10000000000000142,-0.30000000000000426,61.4,61.5,61.6,61.7,288.0,28.0,300.0,143.0,False,False
2609,2022-10-28 10:35:52.737248,0.001626016260162677,-0.004862236628849326,0.10000000000000142,-0.30000000000000426,61.4,61.5,61.6,61.7,288.0,29.0,300.0,143.0,False,False
2609,2022-10-28 10:35:52.771099,0.001626016260162677,-0.006482982171799101,0.10000000000000142,-0.4000000000000057,61.3,61.5,61.6,61.7,321.0,29.0,300.0,143.0,False,False
2609,2022-10-28 10:35:52.853521,0.0032573289902280145,-0.006482982171799101,0.20000000000000284,-0.4000000000000057,61.3,61.4,61.6,61.7,321.0,30.0,300.0,143.0,False,False
2609,2022-10-28 10:35:52.916606,0.0032573289902280145,-0.006482982171799101,0.20000000000000284,-0.4000000000000057,61.3,61.4,61.6,61.7,321.0,30.0,300.0,143.0,False,False
2609,2022-10-28 10:35:53.005383,0.0032573289902280145,-0.006482982171799101,0.20000000000000284,-0.4000000000000057,61.3,61.4,61.6,61.7,321.0,30.0,300.0,143.0,False,False
2609,2022-10-28 10:35:53.117009,0.0032573289902280145,-0.006482982171799101,0.20000000000000284,-0.4000000000000057,61.3,61.4,61.6,61.7,321.0,30.0,300.0,143.0,False,False
2609,2022-10-28 10:35:53.341737,0.0032573289902280145,-0.006482982171799101,0.20000000000000284,-0.4000000000000057,61.3,61.4,61.6,61.7,321.0,30.0,300.0,143.0,False,False
2609,2022-10-28 10:35:53.445277,0.0032573289902280145,-0.006482982171799101,0.20000000000000284,-0.4000000000000057,61.3,61.4,61.6,61.7,321.0,30.0,300.0,143.0,False,False
2609,2022-10-28 10:35:53.449887,0.0032573289902280145,-0.006482982171799101,0.20000000000000284,-0.4000000000000057,61.3,61.4,61.6,61.7,321.0,56.0,300.0,143.0,False,False
2609,2022-10-28 10:35:53.533855,0.0032573289902280145,-0.006482982171799101,0.20000000000000284,-0.4000000000000057,61.3,61.4,61.6,61.7,321.0,60.0,300.0,143.0,False,False
2609,2022-10-28 10:35:54.162567,0.0032573289902280145,-0.006482982171799101,0.20000000000000284,-0.4000000000000057,61.3,61.4,61.6,61.7,321.0,60.0,300.0,143.0,False,False
2609,2022-10-28 10:35:55.267044,0.0016286644951140072,-0.004870129870129913,0.10000000000000142,-0.30000000000000426,61.3,61.4,61.5,61.6,321.0,60.0,952.0,9990.0,True,True
2609,2022-10-28 10:35:55.406398,0.0016286644951140072,-0.004870129870129913,0.10000000000000142,-0.30000000000000426,61.3,61.4,61.5,61.6,321.0,60.0,952.0,9990.0,False,False
2609,2022-10-28 10:35:55.816669,0.0016286644951140072,-0.004870129870129913,0.10000000000000142,-0.30000000000000426,61.3,61.4,61.5,61.6,321.0,60.0,952.0,9990.0,False,False
2609,2022-10-28 10:35:56.098770,0.0016286644951140072,-0.004870129870129913,0.10000000000000142,-0.30000000000000426,61.3,61.4,61.5,61.6,321.0,60.0,952.0,9990.0,False,False
2609,2022-10-28 10:35:56.796419,0.0016286644951140072,-0.004870129870129913,0.10000000000000142,-0.30000000000000426,61.3,61.4,61.5,61.6,321.0,59.0,952.0,9990.0,False,False
2609,2022-10-28 10:35:58.412061,0.0016286644951140072,-0.004870129870129913,0.10000000000000142,-0.30000000000000426,61.3,61.4,61.5,61.6,321.0,60.0,952.0,9990.0,False,False
2609,2022-10-28 10:35:58.447784,0.0016286644951140072,-0.004870129870129913,0.10000000000000142,-0.30000000000000426,61.3,61.4,61.5,61.6,321.0,76.0,952.0,9990.0,False,False
2609,2022-10-28 10:35:59.261508,0.0016286644951140072,-0.00649350649350644,0.10000000000000142,-0.3999999999999986,61.2,61.4,61.5,61.6,479.0,76.0,952.0,9990.0,False,False
2609,2022-10-28 10:35:59.299252,0.0016286644951140072,-0.00649350649350644,0.10000000000000142,-0.3999999999999986,61.2,61.4,61.5,61.6,479.0,76.0,952.0,9990.0,False,False
2609,2022-10-28 10:35:59.338085,0.0016286644951140072,-0.00649350649350644,0.10000000000000142,-0.3999999999999986,61.2,61.4,61.5,61.6,479.0,87.0,952.0,9990.0,False,False
2609,2022-10-28 10:35:59.430184,0.0016286644951140072,-0.00649350649350644,0.10000000000000142,-0.3999999999999986,61.2,61.4,61.5,61.6,479.0,87.0,952.0,9990.0,False,False
2609,2022-10-28 10:35:59.985079,0.0016286644951140072,-0.00649350649350644,0.10000000000000142,-0.3999999999999986,61.2,61.4,61.5,61.6,452.0,87.0,952.0,9990.0,False,False
2609,2022-10-28 10:36:00.237790,0.0032626427406199365,-0.00649350649350644,0.20000000000000284,-0.3999999999999986,61.2,61.3,61.5,61.6,452.0,9.0,952.0,9990.0,False,False
2609,2022-10-28 10:36:00.278097,0.0032626427406199365,-0.00649350649350644,0.20000000000000284,-0.3999999999999986,61.2,61.3,61.5,61.6,452.0,10.0,952.0,9990.0,False,False
2609,2022-10-28 10:36:00.300839,0.0032626427406199365,-0.00649350649350644,0.20000000000000284,-0.3999999999999986,61.2,61.3,61.5,61.6,451.0,10.0,952.0,9990.0,False,False
2609,2022-10-28 10:36:00.319516,0.0032626427406199365,-0.00649350649350644,0.20000000000000284,-0.3999999999999986,61.2,61.3,61.5,61.6,451.0,10.0,952.0,9990.0,False,False
2609,2022-10-28 10:36:00.637728,0.0032626427406199365,-0.00649350649350644,0.20000000000000284,-0.3999999999999986,61.2,61.3,61.5,61.6,451.0,5.0,952.0,9990.0,False,False
2609,2022-10-28 10:36:00.683682,0.0016286644951140072,-0.00649350649350644,0.10000000000000142,-0.3999999999999986,61.2,61.4,61.5,61.6,451.0,76.0,952.0,9990.0,False,False
2609,2022-10-28 10:36:00.695568,0.0016286644951140072,-0.00649350649350644,0.10000000000000142,-0.3999999999999986,61.2,61.4,61.5,61.6,451.0,75.0,952.0,9990.0,False,False
2609,2022-10-28 10:36:00.727376,0.0016286644951140072,-0.00649350649350644,0.10000000000000142,-0.3999999999999986,61.2,61.4,61.5,61.6,451.0,59.0,952.0,9990.0,False,False
2609,2022-10-28 10:36:00.755577,0.0016286644951140072,-0.00649350649350644,0.10000000000000142,-0.3999999999999986,61.2,61.4,61.5,61.6,482.0,59.0,952.0,9990.0,False,False
2609,2022-10-28 10:36:01.270997,0.0016286644951140072,-0.00649350649350644,0.10000000000000142,-0.3999999999999986,61.2,61.4,61.5,61.6,482.0,57.0,952.0,9990.0,False,False
2609,2022-10-28 10:36:01.316192,0.0016286644951140072,-0.00649350649350644,0.10000000000000142,-0.3999999999999986,61.2,61.4,61.5,61.6,482.0,56.0,952.0,9990.0,False,False
2609,2022-10-28 10:36:01.279153,0.0016286644951140072,-0.00649350649350644,0.10000000000000142,-0.3999999999999986,61.2,61.4,61.5,61.6,482.0,57.0,952.0,9990.0,False,False
2609,2022-10-28 10:36:01.366263,0.0016286644951140072,-0.00649350649350644,0.10000000000000142,-0.3999999999999986,61.2,61.4,61.5,61.6,471.0,56.0,952.0,9990.0,False,False
2609,2022-10-28 10:36:01.396683,0.0016286644951140072,-0.00649350649350644,0.10000000000000142,-0.3999999999999986,61.2,61.4,61.5,61.6,471.0,55.0,952.0,9990.0,False,False
2609,2022-10-28 10:36:01.429426,0.0016286644951140072,-0.00649350649350644,0.10000000000000142,-0.3999999999999986,61.2,61.4,61.5,61.6,471.0,55.0,952.0,9990.0,False,False
2609,2022-10-28 10:36:01.811654,0.0032626427406199365,-0.00649350649350644,0.20000000000000284,-0.3999999999999986,61.2,61.3,61.5,61.6,471.0,10.0,952.0,9990.0,False,False
2609,2022-10-28 10:36:01.850037,0.0016286644951140072,-0.00649350649350644,0.10000000000000142,-0.3999999999999986,61.2,61.4,61.5,61.6,471.0,57.0,952.0,9990.0,False,False
2609,2022-10-28 10:36:01.851060,0.0016286644951140072,-0.00649350649350644,0.10000000000000142,-0.3999999999999986,61.2,61.4,61.5,61.6,471.0,46.0,952.0,9990.0,False,False
2609,2022-10-28 10:36:01.980773,0.0016286644951140072,-0.00649350649350644,0.10000000000000142,-0.3999999999999986,61.2,61.4,61.5,61.6,471.0,44.0,952.0,9990.0,False,False
2609,2022-10-28 10:36:02.160768,0.0016286644951140072,-0.00649350649350644,0.10000000000000142,-0.3999999999999986,61.2,61.4,61.5,61.6,471.0,44.0,952.0,9990.0,False,False
2609,2022-10-28 10:36:02.207538,0.0016286644951140072,-0.00649350649350644,0.10000000000000142,-0.3999999999999986,61.2,61.4,61.5,61.6,471.0,57.0,952.0,9990.0,False,False
2609,2022-10-28 10:36:02.331614,0.0016286644951140072,-0.004870129870129913,0.10000000000000142,-0.30000000000000426,61.3,61.4,61.5,61.6,5.0,46.0,952.0,9990.0,False,False
2609,2022-10-28 10:36:02.431788,0.0016286644951140072,-0.004870129870129913,0.10000000000000142,-0.30000000000000426,61.3,61.4,61.5,61.6,5.0,44.0,952.0,9990.0,False,False
2609,2022-10-28 10:36:02.808774,0.0016286644951140072,-0.00649350649350644,0.10000000000000142,-0.3999999999999986,61.2,61.4,61.5,61.6,471.0,44.0,952.0,9990.0,False,False
2609,2022-10-28 10:36:02.812609,0.0032626427406199365,-0.00649350649350644,0.20000000000000284,-0.3999999999999986,61.2,61.3,61.5,61.6,471.0,1.0,952.0,9990.0,False,False
2609,2022-10-28 10:36:02.844670,0.0032626427406199365,-0.00649350649350644,0.20000000000000284,-0.3999999999999986,61.2,61.3,61.5,61.6,471.0,1.0,952.0,9990.0,False,False
2609,2022-10-28 10:36:02.845389,0.0016286644951140072,-0.00649350649350644,0.10000000000000142,-0.3999999999999986,61.2,61.4,61.5,61.6,471.0,44.0,952.0,9990.0,False,False
2609,2022-10-28 10:36:02.955315,0.0016286644951140072,-0.00649350649350644,0.10000000000000142,-0.3999999999999986,61.2,61.4,61.5,61.6,471.0,44.0,952.0,9990.0,False,False
2609,2022-10-28 10:36:03.258428,0.0016286644951140072,-0.00649350649350644,0.10000000000000142,-0.3999999999999986,61.2,61.4,61.5,61.6,471.0,45.0,952.0,9990.0,False,False
2609,2022-10-28 10:36:03.372887,0.0016286644951140072,-0.00649350649350644,0.10000000000000142,-0.3999999999999986,61.2,61.4,61.5,61.6,471.0,45.0,952.0,9990.0,False,False
2609,2022-10-28 10:36:03.425808,0.0016286644951140072,-0.00649350649350644,0.10000000000000142,-0.3999999999999986,61.2,61.4,61.5,61.6,471.0,45.0,952.0,9990.0,False,False
2609,2022-10-28 10:36:03.576049,0.0016286644951140072,-0.00649350649350644,0.10000000000000142,-0.3999999999999986,61.2,61.4,61.5,61.6,471.0,45.0,952.0,9990.0,False,False
2609,2022-10-28 10:36:03.678850,0.0016286644951140072,-0.00649350649350644,0.10000000000000142,-0.3999999999999986,61.2,61.4,61.5,61.6,471.0,45.0,952.0,9990.0,False,False
2609,2022-10-28 10:36:03.806548,0.0016286644951140072,-0.00649350649350644,0.10000000000000142,-0.3999999999999986,61.2,61.4,61.5,61.6,471.0,45.0,952.0,9990.0,False,False
2609,2022-10-28 10:36:03.921733,0.0016286644951140072,-0.00649350649350644,0.10000000000000142,-0.3999999999999986,61.2,61.4,61.5,61.6,471.0,45.0,952.0,9990.0,False,False
2609,2022-10-28 10:36:04.102542,0.0032626427406199365,-0.00649350649350644,0.20000000000000284,-0.3999999999999986,61.2,61.3,61.5,61.6,471.0,44.0,952.0,9990.0,False,False
2609,2022-10-28 10:36:04.135231,0.0032626427406199365,-0.00649350649350644,0.20000000000000284,-0.3999999999999986,61.2,61.3,61.5,61.6,471.0,44.0,952.0,9990.0,False,False
2609,2022-10-28 10:36:04.257596,0.0032626427406199365,-0.00649350649350644,0.20000000000000284,-0.3999999999999986,61.2,61.3,61.5,61.6,471.0,43.0,952.0,9990.0,False,False
2609,2022-10-28 10:36:04.296274,0.0016286644951140072,-0.00649350649350644,0.10000000000000142,-0.3999999999999986,61.2,61.4,61.5,61.6,471.0,53.0,952.0,9990.0,False,False
2609,2022-10-28 10:36:04.339129,0.0016286644951140072,-0.00649350649350644,0.10000000000000142,-0.3999999999999986,61.2,61.4,61.5,61.6,471.0,53.0,952.0,9990.0,False,False
2609,2022-10-28 10:36:04.359038,0.0016286644951140072,-0.00649350649350644,0.10000000000000142,-0.3999999999999986,61.2,61.4,61.5,61.6,471.0,53.0,952.0,9990.0,False,False
2609,2022-10-28 10:36:04.436282,0.0016286644951140072,-0.00649350649350644,0.10000000000000142,-0.3999999999999986,61.2,61.4,61.5,61.6,471.0,53.0,952.0,9990.0,False,False
2609,2022-10-28 10:36:04.501497,0.0016286644951140072,-0.00649350649350644,0.10000000000000142,-0.3999999999999986,61.2,61.4,61.5,61.6,471.0,53.0,952.0,9990.0,False,False
2609,2022-10-28 10:36:04.809285,0.0016286644951140072,-0.00649350649350644,0.10000000000000142,-0.3999999999999986,61.2,61.4,61.5,61.6,450.0,53.0,952.0,9990.0,False,False
2609,2022-10-28 10:36:05.047691,0.0016286644951140072,-0.00649350649350644,0.10000000000000142,-0.3999999999999986,61.2,61.4,61.5,61.6,450.0,53.0,952.0,9990.0,False,False
2609,2022-10-28 10:36:05.088860,0.0016286644951140072,-0.00649350649350644,0.10000000000000142,-0.3999999999999986,61.2,61.4,61.5,61.6,450.0,64.0,952.0,9990.0,False,False
2609,2022-10-28 10:36:05.152524,0.0016286644951140072,-0.00649350649350644,0.10000000000000142,-0.3999999999999986,61.2,61.4,61.5,61.6,450.0,64.0,952.0,9990.0,False,False
2609,2022-10-28 10:36:05.185562,0.0016286644951140072,-0.00649350649350644,0.10000000000000142,-0.3999999999999986,61.2,61.4,61.5,61.6,450.0,53.0,952.0,9990.0,False,False
2609,2022-10-28 10:36:05.298748,0.0,-0.004878048780487809,0.0,-0.29999999999999716,61.2,61.4,61.4,61.5,450.0,53.0,11253.0,7040.0,True,True
2609,2022-10-28 10:36:05.679811,0.0,-0.003252032520325243,0.0,-0.20000000000000284,61.3,61.4,61.4,61.5,10.0,53.0,11253.0,7040.0,False,False
2609,2022-10-28 10:36:05.715385,0.0,-0.003252032520325243,0.0,-0.20000000000000284,61.3,61.4,61.4,61.5,10.0,53.0,11253.0,7040.0,False,False
2609,2022-10-28 10:36:06.066635,0.0,-0.003252032520325243,0.0,-0.20000000000000284,61.3,61.4,61.4,61.5,10.0,53.0,11253.0,7040.0,False,False
2609,2022-10-28 10:36:06.424456,0.0,-0.003252032520325243,0.0,-0.20000000000000284,61.3,61.4,61.4,61.5,11.0,53.0,11253.0,7040.0,False,False
2609,2022-10-28 10:36:06.461024,0.0,-0.003252032520325243,0.0,-0.20000000000000284,61.3,61.4,61.4,61.5,11.0,54.0,11253.0,7040.0,False,False
2609,2022-10-28 10:36:06.740865,0.0,-0.003252032520325243,0.0,-0.20000000000000284,61.3,61.4,61.4,61.5,65.0,54.0,11253.0,7040.0,False,False
2609,2022-10-28 10:36:06.819366,0.0,-0.003252032520325243,0.0,-0.20000000000000284,61.3,61.4,61.4,61.5,66.0,54.0,11253.0,7040.0,False,False
2609,2022-10-28 10:36:06.952376,0.0,-0.003252032520325243,0.0,-0.20000000000000284,61.3,61.4,61.4,61.5,65.0,54.0,11253.0,7040.0,False,False
2609,2022-10-28 10:36:07.321902,0.0,-0.003252032520325243,0.0,-0.20000000000000284,61.3,61.4,61.4,61.5,67.0,54.0,11253.0,7040.0,False,False
2609,2022-10-28 10:36:07.501926,0.0,-0.003252032520325243,0.0,-0.20000000000000284,61.3,61.4,61.4,61.5,67.0,53.0,11253.0,7040.0,False,False
2609,2022-10-28 10:36:08.950466,0.0,-0.003252032520325243,0.0,-0.20000000000000284,61.3,61.4,61.4,61.5,68.0,53.0,11253.0,7040.0,False,False
2609,2022-10-28 10:36:08.977971,0.0,-0.003252032520325243,0.0,-0.20000000000000284,61.3,61.4,61.4,61.5,78.0,53.0,11253.0,7040.0,False,False
2609,2022-10-28 10:36:09.018818,0.0,-0.003252032520325243,0.0,-0.20000000000000284,61.3,61.4,61.4,61.5,78.0,53.0,11253.0,7040.0,False,False
2609,2022-10-28 10:36:09.354507,0.0,-0.003252032520325243,0.0,-0.20000000000000284,61.3,61.4,61.4,61.5,78.0,53.0,11253.0,7040.0,False,False
2609,2022-10-28 10:36:09.616185,0.0,-0.003252032520325243,0.0,-0.20000000000000284,61.3,61.4,61.4,61.5,78.0,53.0,11253.0,7040.0,False,False
2609,2022-10-28 10:36:09.715293,0.0,-0.003252032520325243,0.0,-0.20000000000000284,61.3,61.4,61.4,61.5,78.0,55.0,11253.0,7040.0,False,False
2609,2022-10-28 10:36:09.846199,0.0,-0.003252032520325243,0.0,-0.20000000000000284,61.3,61.4,61.4,61.5,77.0,55.0,11253.0,7040.0,False,False
2609,2022-10-28 10:36:11.074146,0.0,-0.003252032520325243,0.0,-0.20000000000000284,61.3,61.4,61.4,61.5,77.0,55.0,11253.0,7040.0,False,False
2609,2022-10-28 10:36:11.284906,0.0,-0.003252032520325243,0.0,-0.20000000000000284,61.3,61.4,61.4,61.5,77.0,56.0,11253.0,7040.0,False,False
2609,2022-10-28 10:36:13.067503,0.0,-0.003252032520325243,0.0,-0.20000000000000284,61.3,61.4,61.4,61.5,77.0,56.0,11253.0,7040.0,False,False
2609,2022-10-28 10:36:13.089282,0.0,-0.003252032520325243,0.0,-0.20000000000000284,61.3,61.4,61.4,61.5,77.0,56.0,11253.0,7040.0,False,False
2609,2022-10-28 10:36:13.405122,0.0,-0.003252032520325243,0.0,-0.20000000000000284,61.3,61.4,61.4,61.5,77.0,56.0,11253.0,7040.0,False,False
2609,2022-10-28 10:36:13.413160,0.0,-0.003252032520325243,0.0,-0.20000000000000284,61.3,61.4,61.4,61.5,77.0,56.0,11253.0,7040.0,False,False
2609,2022-10-28 10:36:13.762489,0.0,-0.003252032520325243,0.0,-0.20000000000000284,61.3,61.4,61.4,61.5,77.0,56.0,11253.0,7040.0,False,False
2609,2022-10-28 10:36:13.804315,0.0,-0.003252032520325243,0.0,-0.20000000000000284,61.3,61.4,61.4,61.5,80.0,56.0,11253.0,7040.0,False,False
2609,2022-10-28 10:36:13.864069,0.0,-0.003252032520325243,0.0,-0.20000000000000284,61.3,61.4,61.4,61.5,80.0,57.0,11253.0,7040.0,False,False
2609,2022-10-28 10:36:14.046078,0.0,-0.003252032520325243,0.0,-0.20000000000000284,61.3,61.4,61.4,61.5,80.0,57.0,11253.0,7040.0,False,False
2609,2022-10-28 10:36:14.075490,0.0,-0.003252032520325243,0.0,-0.20000000000000284,61.3,61.4,61.4,61.5,80.0,57.0,11253.0,7040.0,False,False
2609,2022-10-28 10:36:14.308176,0.0,-0.003252032520325243,0.0,-0.20000000000000284,61.3,61.4,61.4,61.5,79.0,57.0,11253.0,7040.0,False,False
2609,2022-10-28 10:36:14.361850,0.0,-0.003252032520325243,0.0,-0.20000000000000284,61.3,61.4,61.4,61.5,79.0,57.0,11253.0,7040.0,False,False
2609,2022-10-28 10:36:14.770776,0.0,-0.003252032520325243,0.0,-0.20000000000000284,61.3,61.4,61.4,61.5,79.0,57.0,11253.0,7040.0,False,False
2609,2022-10-28 10:36:14.811632,0.0,-0.003252032520325243,0.0,-0.20000000000000284,61.3,61.4,61.4,61.5,79.0,58.0,11253.0,7040.0,False,False
2609,2022-10-28 10:36:14.956271,0.0,-0.003252032520325243,0.0,-0.20000000000000284,61.3,61.4,61.4,61.5,78.0,58.0,11253.0,7040.0,False,False
2609,2022-10-28 10:36:14.893140,0.0,-0.003252032520325243,0.0,-0.20000000000000284,61.3,61.4,61.4,61.5,80.0,58.0,11253.0,7040.0,False,False
2609,2022-10-28 10:36:15.228829,0.0,-0.003252032520325243,0.0,-0.20000000000000284,61.3,61.4,61.4,61.5,78.0,58.0,11253.0,7040.0,False,False
2609,2022-10-28 10:36:15.326025,0.0,-0.003252032520325243,0.0,-0.20000000000000284,61.3,61.4,61.4,61.5,78.0,58.0,11253.0,7050.0,True,True
2609,2022-10-28 10:36:15.385040,0.0,-0.003252032520325243,0.0,-0.20000000000000284,61.3,61.4,61.4,61.5,78.0,58.0,11253.0,7050.0,False,False
2609,2022-10-28 10:36:15.703379,0.0,-0.003252032520325243,0.0,-0.20000000000000284,61.3,61.4,61.4,61.5,79.0,58.0,11253.0,7050.0,False,False
2609,2022-10-28 10:36:15.770625,0.0,-0.003252032520325243,0.0,-0.20000000000000284,61.3,61.4,61.4,61.5,79.0,58.0,11253.0,7050.0,False,False
2609,2022-10-28 10:36:15.777662,0.0,-0.003252032520325243,0.0,-0.20000000000000284,61.3,61.4,61.4,61.5,79.0,59.0,11253.0,7050.0,False,False
2609,2022-10-28 10:36:15.963334,0.0,-0.003252032520325243,0.0,-0.20000000000000284,61.3,61.4,61.4,61.5,74.0,59.0,11253.0,7050.0,False,False
2609,2022-10-28 10:36:15.885459,0.0,-0.003252032520325243,0.0,-0.20000000000000284,61.3,61.4,61.4,61.5,79.0,59.0,11253.0,7050.0,False,False
2609,2022-10-28 10:36:16.286749,0.0,-0.003252032520325243,0.0,-0.20000000000000284,61.3,61.4,61.4,61.5,74.0,58.0,11253.0,7050.0,False,False
2609,2022-10-28 10:36:16.434673,0.0,-0.003252032520325243,0.0,-0.20000000000000284,61.3,61.4,61.4,61.5,74.0,58.0,11253.0,7050.0,False,False
2609,2022-10-28 10:36:17.952141,0.0,-0.003252032520325243,0.0,-0.20000000000000284,61.3,61.4,61.4,61.5,75.0,58.0,11253.0,7050.0,False,False
2609,2022-10-28 10:36:18.402608,0.0,-0.003252032520325243,0.0,-0.20000000000000284,61.3,61.4,61.4,61.5,66.0,58.0,11253.0,7050.0,False,False
2609,2022-10-28 10:36:18.476302,0.0,-0.003252032520325243,0.0,-0.20000000000000284,61.3,61.4,61.4,61.5,66.0,58.0,11253.0,7050.0,False,False
2609,2022-10-28 10:36:19.217184,0.0,-0.003252032520325243,0.0,-0.20000000000000284,61.3,61.4,61.4,61.5,66.0,59.0,11253.0,7050.0,False,False
2609,2022-10-28 10:36:19.343085,0.0,-0.003252032520325243,0.0,-0.20000000000000284,61.3,61.4,61.4,61.5,66.0,59.0,11253.0,7050.0,False,False
2609,2022-10-28 10:36:19.421689,0.0,-0.003252032520325243,0.0,-0.20000000000000284,61.3,61.4,61.4,61.5,61.0,59.0,11253.0,7050.0,False,False
2609,2022-10-28 10:36:19.632034,0.0,-0.003252032520325243,0.0,-0.20000000000000284,61.3,61.4,61.4,61.5,61.0,59.0,11253.0,7050.0,False,False
2609,2022-10-28 10:36:19.639973,0.0,-0.003252032520325243,0.0,-0.20000000000000284,61.3,61.4,61.4,61.5,61.0,59.0,11253.0,7050.0,False,False
2609,2022-10-28 10:36:20.994176,0.0,-0.003252032520325243,0.0,-0.20000000000000284,61.3,61.4,61.4,61.5,61.0,60.0,11253.0,7050.0,False,False
2609,2022-10-28 10:36:21.530297,0.0,-0.003252032520325243,0.0,-0.20000000000000284,61.3,61.4,61.4,61.5,62.0,60.0,11253.0,7050.0,False,False
2609,2022-10-28 10:36:22.025453,0.0,-0.003252032520325243,0.0,-0.20000000000000284,61.3,61.4,61.4,61.5,63.0,60.0,11253.0,7050.0,False,False
2609,2022-10-28 10:36:22.228806,0.0,-0.003252032520325243,0.0,-0.20000000000000284,61.3,61.4,61.4,61.5,163.0,60.0,11253.0,7050.0,False,False
2609,2022-10-28 10:36:22.305713,0.0,-0.003252032520325243,0.0,-0.20000000000000284,61.3,61.4,61.4,61.5,163.0,61.0,11253.0,7050.0,False,False
2609,2022-10-28 10:36:22.365849,0.0,-0.003252032520325243,0.0,-0.20000000000000284,61.3,61.4,61.4,61.5,163.0,61.0,11253.0,7050.0,False,False
2609,2022-10-28 10:36:22.668619,0.0,-0.003252032520325243,0.0,-0.20000000000000284,61.3,61.4,61.4,61.5,164.0,61.0,11253.0,7050.0,False,False
2609,2022-10-28 10:36:23.076735,0.0,-0.003252032520325243,0.0,-0.20000000000000284,61.3,61.4,61.4,61.5,167.0,61.0,11253.0,7050.0,False,False
2609,2022-10-28 10:36:23.421967,0.0,-0.003252032520325243,0.0,-0.20000000000000284,61.3,61.4,61.4,61.5,166.0,61.0,11253.0,7050.0,False,False
2609,2022-10-28 10:36:24.062766,0.0,-0.003252032520325243,0.0,-0.20000000000000284,61.3,61.4,61.4,61.5,166.0,61.0,11253.0,7050.0,False,False
2609,2022-10-28 10:36:25.323670,0.0,-0.003252032520325243,0.0,-0.20000000000000284,61.3,61.4,61.4,61.5,167.0,61.0,11253.0,7050.0,False,False
2609,2022-10-28 10:36:25.353706,0.0,-0.003252032520325243,0.0,-0.20000000000000284,61.3,61.4,61.4,61.5,167.0,61.0,11253.0,6795.0,True,True
2609,2022-10-28 10:36:25.598165,0.0,-0.003252032520325243,0.0,-0.20000000000000284,61.3,61.4,61.4,61.5,167.0,62.0,11253.0,6795.0,False,False
2609,2022-10-28 10:36:25.708186,0.0,-0.003252032520325243,0.0,-0.20000000000000284,61.3,61.4,61.4,61.5,142.0,62.0,11253.0,6795.0,False,False
2609,2022-10-28 10:36:26.101894,0.0,-0.003252032520325243,0.0,-0.20000000000000284,61.3,61.4,61.4,61.5,142.0,62.0,11253.0,6795.0,False,False
2609,2022-10-28 10:36:26.500401,0.0,-0.003252032520325243,0.0,-0.20000000000000284,61.3,61.4,61.4,61.5,141.0,62.0,11253.0,6795.0,False,False
2609,2022-10-28 10:36:27.469517,0.0,-0.003252032520325243,0.0,-0.20000000000000284,61.3,61.4,61.4,61.5,142.0,62.0,11253.0,6795.0,False,False
2609,2022-10-28 10:36:27.887894,0.0,-0.003252032520325243,0.0,-0.20000000000000284,61.3,61.4,61.4,61.5,142.0,62.0,11253.0,6795.0,False,False
2609,2022-10-28 10:36:28.071560,0.0,-0.003252032520325243,0.0,-0.20000000000000284,61.3,61.4,61.4,61.5,142.0,62.0,11253.0,6795.0,False,False
2609,2022-10-28 10:36:28.186620,0.0,-0.003252032520325243,0.0,-0.20000000000000284,61.3,61.4,61.4,61.5,142.0,62.0,11253.0,6795.0,False,False
2609,2022-10-28 10:36:28.444401,0.0,-0.003252032520325243,0.0,-0.20000000000000284,61.3,61.4,61.4,61.5,146.0,62.0,11253.0,6795.0,False,False
2609,2022-10-28 10:36:28.685638,0.0,-0.003252032520325243,0.0,-0.20000000000000284,61.3,61.4,61.4,61.5,146.0,61.0,11253.0,6795.0,False,False
2609,2022-10-28 10:36:28.721213,0.0,-0.003252032520325243,0.0,-0.20000000000000284,61.3,61.4,61.4,61.5,176.0,61.0,11253.0,6795.0,False,False
2609,2022-10-28 10:36:28.814036,0.0,-0.003252032520325243,0.0,-0.20000000000000284,61.3,61.4,61.4,61.5,177.0,45.0,11253.0,6795.0,False,False
2609,2022-10-28 10:36:28.980957,0.0,-0.003252032520325243,0.0,-0.20000000000000284,61.3,61.4,61.4,61.5,177.0,45.0,11253.0,6795.0,False,False
2609,2022-10-28 10:36:30.048628,0.0,-0.003252032520325243,0.0,-0.20000000000000284,61.3,61.4,61.4,61.5,171.0,45.0,11253.0,6795.0,False,False
2609,2022-10-28 10:36:30.290606,0.0,-0.003252032520325243,0.0,-0.20000000000000284,61.3,61.4,61.4,61.5,171.0,45.0,11253.0,6795.0,False,False
2609,2022-10-28 10:36:30.426186,0.0,-0.003252032520325243,0.0,-0.20000000000000284,61.3,61.4,61.4,61.5,171.0,45.0,11253.0,6795.0,False,False
2609,2022-10-28 10:36:30.667927,0.0,-0.003252032520325243,0.0,-0.20000000000000284,61.3,61.4,61.4,61.5,163.0,45.0,11253.0,6795.0,False,False
2609,2022-10-28 10:36:30.737029,0.0,-0.003252032520325243,0.0,-0.20000000000000284,61.3,61.4,61.4,61.5,163.0,45.0,11253.0,6795.0,False,False
2609,2022-10-28 10:36:30.917381,0.0,-0.003252032520325243,0.0,-0.20000000000000284,61.3,61.4,61.4,61.5,163.0,44.0,11253.0,6795.0,False,False
2609,2022-10-28 10:36:31.349291,0.0,-0.003252032520325243,0.0,-0.20000000000000284,61.3,61.4,61.4,61.5,164.0,44.0,11253.0,6795.0,False,False
2609,2022-10-28 10:36:31.520251,0.0,-0.003252032520325243,0.0,-0.20000000000000284,61.3,61.4,61.4,61.5,163.0,44.0,11253.0,6795.0,False,False
2609,2022-10-28 10:36:32.463481,0.0,-0.003252032520325243,0.0,-0.20000000000000284,61.3,61.4,61.4,61.5,163.0,44.0,11253.0,6795.0,False,False
2609,2022-10-28 10:36:32.651404,0.0,-0.003252032520325243,0.0,-0.20000000000000284,61.3,61.4,61.4,61.5,163.0,44.0,11253.0,6795.0,False,False
2609,2022-10-28 10:36:33.897180,0.0,-0.003252032520325243,0.0,-0.20000000000000284,61.3,61.4,61.4,61.5,164.0,44.0,11253.0,6795.0,False,False
2609,2022-10-28 10:36:33.933012,0.0,-0.003252032520325243,0.0,-0.20000000000000284,61.3,61.4,61.4,61.5,164.0,44.0,11253.0,6795.0,False,False
2609,2022-10-28 10:36:34.380705,0.0,-0.003252032520325243,0.0,-0.20000000000000284,61.3,61.4,61.4,61.5,165.0,44.0,11253.0,6795.0,False,False
2609,2022-10-28 10:36:34.617977,0.0,-0.003252032520325243,0.0,-0.20000000000000284,61.3,61.4,61.4,61.5,165.0,44.0,11253.0,6795.0,False,False
2609,2022-10-28 10:36:35.382576,0.0,-0.003252032520325243,0.0,-0.20000000000000284,61.3,61.4,61.4,61.5,165.0,44.0,11253.0,6876.0,True,True
2609,2022-10-28 10:36:35.890277,-0.001626016260162677,-0.001626016260162677,-0.10000000000000142,-0.10000000000000142,61.4,61.5,61.4,61.5,56.0,49.0,11253.0,6876.0,False,False
2609,2022-10-28 10:36:35.920923,-0.001626016260162677,-0.001626016260162677,-0.10000000000000142,-0.10000000000000142,61.4,61.5,61.4,61.5,56.0,49.0,11253.0,6876.0,False,False
2609,2022-10-28 10:36:35.935847,-0.001626016260162677,-0.001626016260162677,-0.10000000000000142,-0.10000000000000142,61.4,61.5,61.4,61.5,56.0,54.0,11253.0,6876.0,False,False
2609,2022-10-28 10:36:35.986093,-0.001626016260162677,-0.001626016260162677,-0.10000000000000142,-0.10000000000000142,61.4,61.5,61.4,61.5,56.0,54.0,11253.0,6876.0,False,False
2609,2022-10-28 10:36:36.050407,-0.001626016260162677,-0.001626016260162677,-0.10000000000000142,-0.10000000000000142,61.4,61.5,61.4,61.5,56.0,54.0,11253.0,6876.0,False,False
2609,2022-10-28 10:36:36.130499,-0.001626016260162677,-0.001626016260162677,-0.10000000000000142,-0.10000000000000142,61.4,61.5,61.4,61.5,56.0,54.0,11253.0,6876.0,False,False
2609,2022-10-28 10:36:36.234971,-0.001626016260162677,-0.001626016260162677,-0.10000000000000142,-0.10000000000000142,61.4,61.5,61.4,61.5,57.0,54.0,11253.0,6876.0,False,False
2609,2022-10-28 10:36:36.558300,-0.001626016260162677,-0.001626016260162677,-0.10000000000000142,-0.10000000000000142,61.4,61.5,61.4,61.5,57.0,54.0,11253.0,6876.0,False,False
2609,2022-10-28 10:36:37.123173,-0.001626016260162677,-0.001626016260162677,-0.10000000000000142,-0.10000000000000142,61.4,61.5,61.4,61.5,57.0,54.0,11253.0,6876.0,False,False
2609,2022-10-28 10:36:37.362445,-0.001626016260162677,-0.001626016260162677,-0.10000000000000142,-0.10000000000000142,61.4,61.5,61.4,61.5,57.0,54.0,11253.0,6876.0,False,False
2609,2022-10-28 10:36:37.440585,-0.001626016260162677,-0.001626016260162677,-0.10000000000000142,-0.10000000000000142,61.4,61.5,61.4,61.5,57.0,54.0,11253.0,6876.0,False,False
2609,2022-10-28 10:36:37.749646,-0.001626016260162677,-0.001626016260162677,-0.10000000000000142,-0.10000000000000142,61.4,61.5,61.4,61.5,57.0,54.0,11253.0,6876.0,False,False
2609,2022-10-28 10:36:37.864117,-0.001626016260162677,-0.001626016260162677,-0.10000000000000142,-0.10000000000000142,61.4,61.5,61.4,61.5,57.0,54.0,11253.0,6876.0,False,False
2609,2022-10-28 10:36:38.364268,-0.001626016260162677,-0.001626016260162677,-0.10000000000000142,-0.10000000000000142,61.4,61.5,61.4,61.5,57.0,55.0,11253.0,6876.0,False,False
2609,2022-10-28 10:36:38.597240,-0.001626016260162677,-0.001626016260162677,-0.10000000000000142,-0.10000000000000142,61.4,61.5,61.4,61.5,61.0,55.0,11253.0,6876.0,False,False
2609,2022-10-28 10:36:38.739311,-0.001626016260162677,-0.001626016260162677,-0.10000000000000142,-0.10000000000000142,61.4,61.5,61.4,61.5,62.0,55.0,11253.0,6876.0,False,False
2609,2022-10-28 10:36:39.369255,-0.001626016260162677,-0.001626016260162677,-0.10000000000000142,-0.10000000000000142,61.4,61.5,61.4,61.5,62.0,55.0,11253.0,6876.0,False,False
2609,2022-10-28 10:36:40.381687,-0.001626016260162677,-0.001626016260162677,-0.10000000000000142,-0.10000000000000142,61.4,61.5,61.4,61.5,62.0,55.0,11253.0,6876.0,False,False
2609,2022-10-28 10:36:40.393054,-0.001626016260162677,-0.001626016260162677,-0.10000000000000142,-0.10000000000000142,61.4,61.5,61.4,61.5,62.0,55.0,11253.0,6876.0,False,False
2609,2022-10-28 10:36:40.517995,-0.001626016260162677,-0.001626016260162677,-0.10000000000000142,-0.10000000000000142,61.4,61.5,61.4,61.5,72.0,55.0,11253.0,6876.0,False,False
2609,2022-10-28 10:36:40.636907,-0.001626016260162677,-0.001626016260162677,-0.10000000000000142,-0.10000000000000142,61.4,61.5,61.4,61.5,72.0,55.0,11253.0,6876.0,False,False
2609,2022-10-28 10:36:40.716487,-0.001626016260162677,-0.003252032520325243,-0.10000000000000142,-0.20000000000000284,61.3,61.5,61.4,61.5,31.0,55.0,11253.0,6876.0,False,False
2609,2022-10-28 10:36:40.793304,-0.001626016260162677,-0.003252032520325243,-0.10000000000000142,-0.20000000000000284,61.3,61.5,61.4,61.5,31.0,68.0,11253.0,6876.0,False,False
2609,2022-10-28 10:36:40.856587,-0.001626016260162677,-0.003252032520325243,-0.10000000000000142,-0.20000000000000284,61.3,61.5,61.4,61.5,3.0,68.0,11253.0,6876.0,False,False
2609,2022-10-28 10:36:40.943631,0.0,-0.003252032520325243,0.0,-0.20000000000000284,61.3,61.4,61.4,61.5,3.0,14.0,11253.0,6876.0,False,False
2609,2022-10-28 10:36:41.005743,0.0,-0.004878048780487809,0.0,-0.29999999999999716,61.2,61.4,61.4,61.5,442.0,22.0,11253.0,6876.0,False,False
2609,2022-10-28 10:36:41.070698,0.0,-0.004878048780487809,0.0,-0.29999999999999716,61.2,61.4,61.4,61.5,442.0,19.0,11253.0,6876.0,False,False
2609,2022-10-28 10:36:41.127190,0.0,-0.004878048780487809,0.0,-0.29999999999999716,61.2,61.4,61.4,61.5,442.0,19.0,11253.0,6876.0,False,False
2609,2022-10-28 10:36:41.854791,0.0,-0.004878048780487809,0.0,-0.29999999999999716,61.2,61.4,61.4,61.5,442.0,19.0,11253.0,6876.0,False,False
2609,2022-10-28 10:36:41.942599,0.0,-0.004878048780487809,0.0,-0.29999999999999716,61.2,61.4,61.4,61.5,442.0,44.0,11253.0,6876.0,False,False
2609,2022-10-28 10:36:42.042456,0.0,-0.004878048780487809,0.0,-0.29999999999999716,61.2,61.4,61.4,61.5,442.0,44.0,11253.0,6876.0,False,False
2609,2022-10-28 10:36:42.073226,0.0,-0.004878048780487809,0.0,-0.29999999999999716,61.2,61.4,61.4,61.5,442.0,44.0,11253.0,6876.0,False,False
2609,2022-10-28 10:36:42.625985,0.0,-0.004878048780487809,0.0,-0.29999999999999716,61.2,61.4,61.4,61.5,442.0,45.0,11253.0,6876.0,False,False
2609,2022-10-28 10:36:43.098546,0.0,-0.003252032520325243,0.0,-0.20000000000000284,61.3,61.4,61.4,61.5,1.0,45.0,11253.0,6876.0,False,False
2609,2022-10-28 10:36:43.128582,0.0,-0.003252032520325243,0.0,-0.20000000000000284,61.3,61.4,61.4,61.5,1.0,45.0,11253.0,6876.0,False,False
2609,2022-10-28 10:36:43.867411,0.0,-0.003252032520325243,0.0,-0.20000000000000284,61.3,61.4,61.4,61.5,1.0,45.0,11253.0,6876.0,False,False
2609,2022-10-28 10:36:44.179325,0.0,-0.003252032520325243,0.0,-0.20000000000000284,61.3,61.4,61.4,61.5,1.0,45.0,11253.0,6876.0,False,False
2609,2022-10-28 10:36:44.572648,0.0,-0.003252032520325243,0.0,-0.20000000000000284,61.3,61.4,61.4,61.5,1.0,45.0,11253.0,6876.0,False,False
2609,2022-10-28 10:36:44.617367,0.0,-0.003252032520325243,0.0,-0.20000000000000284,61.3,61.4,61.4,61.5,1.0,45.0,11253.0,6876.0,False,False
2609,2022-10-28 10:36:44.706893,0.0,-0.003252032520325243,0.0,-0.20000000000000284,61.3,61.4,61.4,61.5,5.0,45.0,11253.0,6876.0,False,False
2609,2022-10-28 10:36:44.734571,0.0,-0.003252032520325243,0.0,-0.20000000000000284,61.3,61.4,61.4,61.5,11.0,45.0,11253.0,6876.0,False,False
2609,2022-10-28 10:36:44.840017,0.0,-0.003252032520325243,0.0,-0.20000000000000284,61.3,61.4,61.4,61.5,11.0,45.0,11253.0,6876.0,False,False
2609,2022-10-28 10:36:44.994704,0.0,-0.003252032520325243,0.0,-0.20000000000000284,61.3,61.4,61.4,61.5,10.0,45.0,11253.0,6876.0,False,False
2609,2022-10-28 10:36:45.411564,0.0,-0.003252032520325243,0.0,-0.20000000000000284,61.3,61.4,61.4,61.5,10.0,45.0,11253.0,7076.0,True,True
2609,2022-10-28 10:36:45.441278,0.0,-0.003252032520325243,0.0,-0.20000000000000284,61.3,61.4,61.4,61.5,11.0,45.0,11253.0,7076.0,False,False
2609,2022-10-28 10:36:45.619509,0.0,-0.003252032520325243,0.0,-0.20000000000000284,61.3,61.4,61.4,61.5,11.0,45.0,11253.0,7076.0,False,False
2609,2022-10-28 10:36:45.868437,0.0,-0.003252032520325243,0.0,-0.20000000000000284,61.3,61.4,61.4,61.5,12.0,45.0,11253.0,7076.0,False,False
2609,2022-10-28 10:36:46.082081,0.0,-0.003252032520325243,0.0,-0.20000000000000284,61.3,61.4,61.4,61.5,13.0,45.0,11253.0,7076.0,False,False
2609,2022-10-28 10:36:46.103033,0.0,-0.003252032520325243,0.0,-0.20000000000000284,61.3,61.4,61.4,61.5,13.0,44.0,11253.0,7076.0,False,False
2609,2022-10-28 10:36:46.124081,0.0,-0.003252032520325243,0.0,-0.20000000000000284,61.3,61.4,61.4,61.5,13.0,33.0,11253.0,7076.0,False,False
2609,2022-10-28 10:36:46.868059,0.0,-0.003252032520325243,0.0,-0.20000000000000284,61.3,61.4,61.4,61.5,14.0,33.0,11253.0,7076.0,False,False
2609,2022-10-28 10:36:47.373775,0.0,-0.003252032520325243,0.0,-0.20000000000000284,61.3,61.4,61.4,61.5,12.0,33.0,11253.0,7076.0,False,False
2609,2022-10-28 10:36:47.496743,0.0,-0.003252032520325243,0.0,-0.20000000000000284,61.3,61.4,61.4,61.5,13.0,33.0,11253.0,7076.0,False,False
2609,2022-10-28 10:36:47.496988,0.0,-0.003252032520325243,0.0,-0.20000000000000284,61.3,61.4,61.4,61.5,12.0,33.0,11253.0,7076.0,False,False
2609,2022-10-28 10:36:47.730136,0.0,-0.003252032520325243,0.0,-0.20000000000000284,61.3,61.4,61.4,61.5,13.0,33.0,11253.0,7076.0,False,False
2609,2022-10-28 10:36:47.791941,0.0,-0.003252032520325243,0.0,-0.20000000000000284,61.3,61.4,61.4,61.5,13.0,34.0,11253.0,7076.0,False,False
2609,2022-10-28 10:36:48.104779,0.0,-0.003252032520325243,0.0,-0.20000000000000284,61.3,61.4,61.4,61.5,12.0,34.0,11253.0,7076.0,False,False
2609,2022-10-28 10:36:48.222947,0.0,-0.003252032520325243,0.0,-0.20000000000000284,61.3,61.4,61.4,61.5,14.0,34.0,11253.0,7076.0,False,False
2609,2022-10-28 10:36:49.158595,0.0,-0.003252032520325243,0.0,-0.20000000000000284,61.3,61.4,61.4,61.5,14.0,34.0,11253.0,7076.0,False,False
2609,2022-10-28 10:36:49.221160,0.0,-0.003252032520325243,0.0,-0.20000000000000284,61.3,61.4,61.4,61.5,15.0,34.0,11253.0,7076.0,False,False
2609,2022-10-28 10:36:49.224930,0.0,-0.003252032520325243,0.0,-0.20000000000000284,61.3,61.4,61.4,61.5,15.0,34.0,11253.0,7076.0,False,False
2609,2022-10-28 10:36:49.481945,0.0,-0.003252032520325243,0.0,-0.20000000000000284,61.3,61.4,61.4,61.5,16.0,34.0,11253.0,7076.0,False,False
2609,2022-10-28 10:36:49.526971,-0.001626016260162677,-0.003252032520325243,-0.10000000000000142,-0.20000000000000284,61.3,61.5,61.4,61.5,116.0,56.0,11253.0,7076.0,False,False
2609,2022-10-28 10:36:49.565159,-0.001626016260162677,-0.003252032520325243,-0.10000000000000142,-0.20000000000000284,61.3,61.5,61.4,61.5,116.0,65.0,11253.0,7076.0,False,False
2609,2022-10-28 10:36:49.657889,-0.001626016260162677,-0.003252032520325243,-0.10000000000000142,-0.20000000000000284,61.3,61.5,61.4,61.5,116.0,65.0,11253.0,7076.0,False,False
2609,2022-10-28 10:36:49.758254,-0.001626016260162677,-0.003252032520325243,-0.10000000000000142,-0.20000000000000284,61.3,61.5,61.4,61.5,152.0,65.0,11253.0,7076.0,False,False
2609,2022-10-28 10:36:49.921262,-0.001626016260162677,-0.003252032520325243,-0.10000000000000142,-0.20000000000000284,61.3,61.5,61.4,61.5,158.0,65.0,11253.0,7076.0,False,False
2609,2022-10-28 10:36:49.969469,-0.001626016260162677,-0.003252032520325243,-0.10000000000000142,-0.20000000000000284,61.3,61.5,61.4,61.5,159.0,65.0,11253.0,7076.0,False,False
2609,2022-10-28 10:36:50.223218,-0.001626016260162677,-0.003252032520325243,-0.10000000000000142,-0.20000000000000284,61.3,61.5,61.4,61.5,160.0,65.0,11253.0,7076.0,False,False
2609,2022-10-28 10:36:50.460743,-0.001626016260162677,-0.003252032520325243,-0.10000000000000142,-0.20000000000000284,61.3,61.5,61.4,61.5,155.0,65.0,11253.0,7076.0,False,False
2609,2022-10-28 10:36:50.476211,-0.001626016260162677,-0.003252032520325243,-0.10000000000000142,-0.20000000000000284,61.3,61.5,61.4,61.5,155.0,65.0,11253.0,7076.0,False,False
2609,2022-10-28 10:36:50.529237,-0.001626016260162677,-0.003252032520325243,-0.10000000000000142,-0.20000000000000284,61.3,61.5,61.4,61.5,156.0,65.0,11253.0,7076.0,False,False
2609,2022-10-28 10:36:50.821963,-0.001626016260162677,-0.001626016260162677,-0.10000000000000142,-0.10000000000000142,61.4,61.5,61.4,61.5,1.0,65.0,11253.0,7076.0,False,False
2609,2022-10-28 10:36:50.857273,-0.001626016260162677,-0.001626016260162677,-0.10000000000000142,-0.10000000000000142,61.4,61.5,61.4,61.5,1.0,65.0,11253.0,7076.0,False,False
2609,2022-10-28 10:36:50.944194,-0.001626016260162677,-0.001626016260162677,-0.10000000000000142,-0.10000000000000142,61.4,61.5,61.4,61.5,1.0,58.0,11253.0,7076.0,False,False
2609,2022-10-28 10:36:51.127419,-0.001626016260162677,-0.001626016260162677,-0.10000000000000142,-0.10000000000000142,61.4,61.5,61.4,61.5,1.0,64.0,11253.0,7076.0,False,False
2609,2022-10-28 10:36:51.168560,-0.001626016260162677,-0.001626016260162677,-0.10000000000000142,-0.10000000000000142,61.4,61.5,61.4,61.5,1.0,64.0,11253.0,7076.0,False,False
2609,2022-10-28 10:36:51.567554,-0.001626016260162677,-0.001626016260162677,-0.10000000000000142,-0.10000000000000142,61.4,61.5,61.4,61.5,1.0,64.0,11253.0,7076.0,False,False
2609,2022-10-28 10:36:51.761206,-0.001626016260162677,-0.003252032520325243,-0.10000000000000142,-0.20000000000000284,61.3,61.5,61.4,61.5,155.0,64.0,11253.0,7076.0,False,False
2609,2022-10-28 10:36:51.800687,-0.001626016260162677,-0.003252032520325243,-0.10000000000000142,-0.20000000000000284,61.3,61.5,61.4,61.5,155.0,64.0,11253.0,7076.0,False,False
2609,2022-10-28 10:36:51.808213,-0.001626016260162677,-0.003252032520325243,-0.10000000000000142,-0.20000000000000284,61.3,61.5,61.4,61.5,155.0,75.0,11253.0,7076.0,False,False
2609,2022-10-28 10:36:51.906835,-0.001626016260162677,-0.003252032520325243,-0.10000000000000142,-0.20000000000000284,61.3,61.5,61.4,61.5,156.0,75.0,11253.0,7076.0,False,False
2609,2022-10-28 10:36:52.213005,-0.001626016260162677,-0.003252032520325243,-0.10000000000000142,-0.20000000000000284,61.3,61.5,61.4,61.5,156.0,80.0,11253.0,7076.0,False,False
2609,2022-10-28 10:36:52.290296,-0.001626016260162677,-0.003252032520325243,-0.10000000000000142,-0.20000000000000284,61.3,61.5,61.4,61.5,156.0,82.0,11253.0,7076.0,False,False
2609,2022-10-28 10:36:52.908819,-0.001626016260162677,-0.003252032520325243,-0.10000000000000142,-0.20000000000000284,61.3,61.5,61.4,61.5,157.0,82.0,11253.0,7076.0,False,False
2609,2022-10-28 10:36:53.358392,-0.001626016260162677,-0.003252032520325243,-0.10000000000000142,-0.20000000000000284,61.3,61.5,61.4,61.5,156.0,82.0,11253.0,7076.0,False,False
2609,2022-10-28 10:36:53.669703,-0.001626016260162677,-0.003252032520325243,-0.10000000000000142,-0.20000000000000284,61.3,61.5,61.4,61.5,157.0,82.0,11253.0,7076.0,False,False
2609,2022-10-28 10:36:53.687864,-0.001626016260162677,-0.003252032520325243,-0.10000000000000142,-0.20000000000000284,61.3,61.5,61.4,61.5,159.0,82.0,11253.0,7076.0,False,False
2609,2022-10-28 10:36:54.569231,-0.001626016260162677,-0.003252032520325243,-0.10000000000000142,-0.20000000000000284,61.3,61.5,61.4,61.5,159.0,82.0,11253.0,7076.0,False,False
2609,2022-10-28 10:36:54.585112,-0.001626016260162677,-0.003252032520325243,-0.10000000000000142,-0.20000000000000284,61.3,61.5,61.4,61.5,159.0,82.0,11253.0,7076.0,False,False
2609,2022-10-28 10:36:55.059849,-0.001626016260162677,-0.003252032520325243,-0.10000000000000142,-0.20000000000000284,61.3,61.5,61.4,61.5,160.0,82.0,11253.0,7076.0,False,False
2609,2022-10-28 10:36:55.440590,-0.001626016260162677,-0.003252032520325243,-0.10000000000000142,-0.20000000000000284,61.3,61.5,61.4,61.5,160.0,82.0,11253.0,7066.0,True,True
2609,2022-10-28 10:36:55.682774,-0.001626016260162677,-0.003252032520325243,-0.10000000000000142,-0.20000000000000284,61.3,61.5,61.4,61.5,160.0,82.0,11253.0,7066.0,False,False
2609,2022-10-28 10:36:55.740369,-0.001626016260162677,-0.003252032520325243,-0.10000000000000142,-0.20000000000000284,61.3,61.5,61.4,61.5,160.0,82.0,11253.0,7066.0,False,False
2609,2022-10-28 10:36:56.330833,0.0,-0.003252032520325243,0.0,-0.20000000000000284,61.3,61.4,61.4,61.5,160.0,5.0,11253.0,7066.0,False,False
2609,2022-10-28 10:36:56.364126,-0.001626016260162677,-0.003252032520325243,-0.10000000000000142,-0.20000000000000284,61.3,61.5,61.4,61.5,160.0,82.0,11253.0,7066.0,False,False
2609,2022-10-28 10:36:56.424580,-0.001626016260162677,-0.003252032520325243,-0.10000000000000142,-0.20000000000000284,61.3,61.5,61.4,61.5,160.0,82.0,11253.0,7066.0,False,False
2609,2022-10-28 10:36:57.164713,-0.001626016260162677,-0.003252032520325243,-0.10000000000000142,-0.20000000000000284,61.3,61.5,61.4,61.5,161.0,82.0,11253.0,7066.0,False,False
2609,2022-10-28 10:36:57.390856,-0.001626016260162677,-0.001626016260162677,-0.10000000000000142,-0.10000000000000142,61.4,61.5,61.4,61.5,1.0,82.0,11253.0,7066.0,False,False
2609,2022-10-28 10:36:57.421146,-0.001626016260162677,-0.001626016260162677,-0.10000000000000142,-0.10000000000000142,61.4,61.5,61.4,61.5,1.0,71.0,11253.0,7066.0,False,False
2609,2022-10-28 10:36:57.920496,-0.001626016260162677,-0.001626016260162677,-0.10000000000000142,-0.10000000000000142,61.4,61.5,61.4,61.5,1.0,69.0,11253.0,7066.0,False,False
2609,2022-10-28 10:36:57.937626,-0.001626016260162677,-0.001626016260162677,-0.10000000000000142,-0.10000000000000142,61.4,61.5,61.4,61.5,6.0,69.0,11253.0,7066.0,False,False
2609,2022-10-28 10:36:58.021330,-0.001626016260162677,-0.001626016260162677,-0.10000000000000142,-0.10000000000000142,61.4,61.5,61.4,61.5,6.0,69.0,11253.0,7066.0,False,False
2609,2022-10-28 10:36:58.520079,-0.001626016260162677,-0.001626016260162677,-0.10000000000000142,-0.10000000000000142,61.4,61.5,61.4,61.5,7.0,69.0,11253.0,7066.0,False,False
2609,2022-10-28 10:36:58.854551,-0.001626016260162677,-0.001626016260162677,-0.10000000000000142,-0.10000000000000142,61.4,61.5,61.4,61.5,7.0,71.0,11253.0,7066.0,False,False
2609,2022-10-28 10:36:58.936497,-0.001626016260162677,-0.001626016260162677,-0.10000000000000142,-0.10000000000000142,61.4,61.5,61.4,61.5,7.0,71.0,11253.0,7066.0,False,False
2609,2022-10-28 10:36:59.255343,-0.001626016260162677,-0.001626016260162677,-0.10000000000000142,-0.10000000000000142,61.4,61.5,61.4,61.5,7.0,71.0,11253.0,7066.0,False,False
2609,2022-10-28 10:37:00.149418,-0.001626016260162677,-0.001626016260162677,-0.10000000000000142,-0.10000000000000142,61.4,61.5,61.4,61.5,7.0,71.0,11253.0,7066.0,False,False
2609,2022-10-28 10:37:00.399563,-0.001626016260162677,-0.001626016260162677,-0.10000000000000142,-0.10000000000000142,61.4,61.5,61.4,61.5,6.0,71.0,11253.0,7066.0,False,False
2609,2022-10-28 10:37:00.725862,-0.001626016260162677,-0.001626016260162677,-0.10000000000000142,-0.10000000000000142,61.4,61.5,61.4,61.5,6.0,71.0,11253.0,7066.0,False,False
2609,2022-10-28 10:37:00.725897,-0.001626016260162677,-0.001626016260162677,-0.10000000000000142,-0.10000000000000142,61.4,61.5,61.4,61.5,6.0,71.0,11253.0,7066.0,False,False
2609,2022-10-28 10:37:00.904298,-0.001626016260162677,-0.001626016260162677,-0.10000000000000142,-0.10000000000000142,61.4,61.5,61.4,61.5,6.0,71.0,11253.0,7066.0,False,False
2609,2022-10-28 10:37:01.181460,-0.001626016260162677,-0.001626016260162677,-0.10000000000000142,-0.10000000000000142,61.4,61.5,61.4,61.5,6.0,71.0,11253.0,7066.0,False,False
2609,2022-10-28 10:37:01.332038,-0.001626016260162677,-0.001626016260162677,-0.10000000000000142,-0.10000000000000142,61.4,61.5,61.4,61.5,6.0,71.0,11253.0,7066.0,False,False
2609,2022-10-28 10:37:01.710357,-0.001626016260162677,-0.001626016260162677,-0.10000000000000142,-0.10000000000000142,61.4,61.5,61.4,61.5,4.0,71.0,11253.0,7066.0,False,False
2609,2022-10-28 10:37:02.142211,-0.001626016260162677,-0.001626016260162677,-0.10000000000000142,-0.10000000000000142,61.4,61.5,61.4,61.5,5.0,71.0,11253.0,7066.0,False,False
2609,2022-10-28 10:37:02.266673,-0.001626016260162677,-0.001626016260162677,-0.10000000000000142,-0.10000000000000142,61.4,61.5,61.4,61.5,5.0,71.0,11253.0,7066.0,False,False
2609,2022-10-28 10:37:02.357476,-0.001626016260162677,-0.001626016260162677,-0.10000000000000142,-0.10000000000000142,61.4,61.5,61.4,61.5,3.0,71.0,11253.0,7066.0,False,False
2609,2022-10-28 10:37:02.386559,-0.001626016260162677,-0.001626016260162677,-0.10000000000000142,-0.10000000000000142,61.4,61.5,61.4,61.5,2.0,71.0,11253.0,7066.0,False,False
2609,2022-10-28 10:37:02.608909,-0.001626016260162677,-0.001626016260162677,-0.10000000000000142,-0.10000000000000142,61.4,61.5,61.4,61.5,2.0,71.0,11253.0,7066.0,False,False
2609,2022-10-28 10:37:02.999480,-0.001626016260162677,-0.001626016260162677,-0.10000000000000142,-0.10000000000000142,61.4,61.5,61.4,61.5,1.0,71.0,11253.0,7066.0,False,False
2609,2022-10-28 10:37:03.253166,-0.001626016260162677,-0.001626016260162677,-0.10000000000000142,-0.10000000000000142,61.4,61.5,61.4,61.5,2.0,71.0,11253.0,7066.0,False,False
2609,2022-10-28 10:37:03.948543,-0.001626016260162677,-0.001626016260162677,-0.10000000000000142,-0.10000000000000142,61.4,61.5,61.4,61.5,2.0,71.0,11253.0,7066.0,False,False
2609,2022-10-28 10:37:04.048560,-0.001626016260162677,-0.001626016260162677,-0.10000000000000142,-0.10000000000000142,61.4,61.5,61.4,61.5,2.0,71.0,11253.0,7066.0,False,False
2609,2022-10-28 10:37:04.169925,-0.001626016260162677,-0.001626016260162677,-0.10000000000000142,-0.10000000000000142,61.4,61.5,61.4,61.5,2.0,71.0,11253.0,7066.0,False,False
2609,2022-10-28 10:37:04.666233,0.0,-0.0032467532467532756,0.0,-0.20000000000000284,61.4,61.5,61.5,61.6,2.0,71.0,2424.0,1998.0,False,True
