symbol,datetime,NaOb_r,NbOa_r,NaOb_s,NbOa_s,bid1,ask1,odd_bid1,odd_ask1,bidQty1,askQty1,odd_bidQty1,odd_askQty1,simulate,triggerbyOdd
2615,2022-10-28 10:32:36.643648,0.0,-0.002873563218390607,0.0,-0.19999999999998863,69.4,69.5,69.5,69.6,40.0,7.0,661.0,2017.0,True,True
2615,2022-10-28 10:32:37.038734,0.0,-0.002873563218390607,0.0,-0.19999999999998863,69.4,69.5,69.5,69.6,45.0,7.0,661.0,2017.0,False,False
2615,2022-10-28 10:32:39.410458,0.0,-0.002873563218390607,0.0,-0.19999999999998863,69.4,69.5,69.5,69.6,45.0,7.0,661.0,2017.0,False,False
2615,2022-10-28 10:32:44.557687,0.0,-0.002873563218390607,0.0,-0.19999999999998863,69.4,69.5,69.5,69.6,45.0,5.0,661.0,2017.0,False,False
2615,2022-10-28 10:32:46.155748,0.0,-0.002873563218390607,0.0,-0.19999999999998863,69.4,69.5,69.5,69.6,45.0,5.0,661.0,2017.0,False,False
2615,2022-10-28 10:32:46.155979,0.0,-0.002873563218390607,0.0,-0.19999999999998863,69.4,69.5,69.5,69.6,45.0,5.0,661.0,2017.0,False,False
2615,2022-10-28 10:32:46.484097,0.0,-0.002873563218390607,0.0,-0.19999999999998863,69.4,69.5,69.5,69.6,45.0,5.0,661.0,2017.0,False,False
2615,2022-10-28 10:32:46.679691,0.0,-0.002873563218390607,0.0,-0.19999999999998863,69.4,69.5,69.5,69.6,45.0,5.0,661.0,19.0,True,True
2615,2022-10-28 10:32:47.566196,0.0,-0.002873563218390607,0.0,-0.19999999999998863,69.4,69.5,69.5,69.6,45.0,9.0,661.0,19.0,False,False
2615,2022-10-28 10:32:49.185665,0.0,-0.002873563218390607,0.0,-0.19999999999998863,69.4,69.5,69.5,69.6,45.0,9.0,661.0,19.0,False,False
2615,2022-10-28 10:32:54.250629,0.0,-0.002873563218390607,0.0,-0.19999999999998863,69.4,69.5,69.5,69.6,45.0,9.0,661.0,19.0,False,False
2615,2022-10-28 10:32:54.829660,0.0,-0.002873563218390607,0.0,-0.19999999999998863,69.4,69.5,69.5,69.6,45.0,10.0,661.0,19.0,False,False
2615,2022-10-28 10:32:55.752487,0.0,-0.002873563218390607,0.0,-0.19999999999998863,69.4,69.5,69.5,69.6,45.0,10.0,661.0,19.0,False,False
2615,2022-10-28 10:32:56.590283,0.0,-0.002873563218390607,0.0,-0.19999999999998863,69.4,69.5,69.5,69.6,48.0,10.0,661.0,19.0,False,False
2615,2022-10-28 10:32:57.260676,0.0,-0.002873563218390607,0.0,-0.19999999999998863,69.4,69.5,69.5,69.6,48.0,10.0,661.0,19.0,False,False
2615,2022-10-28 10:32:58.526181,0.0,-0.002873563218390607,0.0,-0.19999999999998863,69.4,69.5,69.5,69.6,47.0,10.0,661.0,19.0,False,False
2615,2022-10-28 10:32:58.565795,0.0,-0.002873563218390607,0.0,-0.19999999999998863,69.4,69.5,69.5,69.6,47.0,10.0,661.0,19.0,False,False
2615,2022-10-28 10:32:58.609264,0.0,-0.002873563218390607,0.0,-0.19999999999998863,69.4,69.5,69.5,69.6,47.0,10.0,661.0,19.0,False,False
2615,2022-10-28 10:33:09.805308,0.0,-0.002873563218390607,0.0,-0.19999999999998863,69.4,69.5,69.5,69.6,47.0,8.0,661.0,19.0,False,False
2615,2022-10-28 10:33:09.905014,0.0,-0.002873563218390607,0.0,-0.19999999999998863,69.4,69.5,69.5,69.6,47.0,8.0,661.0,19.0,False,False
2615,2022-10-28 10:33:11.704621,0.0,-0.002873563218390607,0.0,-0.19999999999998863,69.4,69.5,69.5,69.6,47.0,7.0,661.0,19.0,False,False
2615,2022-10-28 10:33:11.746363,0.0,-0.002873563218390607,0.0,-0.19999999999998863,69.4,69.5,69.5,69.6,49.0,7.0,661.0,19.0,False,False
2615,2022-10-28 10:33:14.208276,0.0,-0.002873563218390607,0.0,-0.19999999999998863,69.4,69.5,69.5,69.6,49.0,7.0,661.0,19.0,False,False
2615,2022-10-28 10:33:14.230191,0.0,-0.002873563218390607,0.0,-0.19999999999998863,69.4,69.5,69.5,69.6,49.0,7.0,661.0,19.0,False,False
2615,2022-10-28 10:33:14.545772,0.0,-0.002873563218390607,0.0,-0.19999999999998863,69.4,69.5,69.5,69.6,50.0,7.0,661.0,19.0,False,False
2615,2022-10-28 10:33:14.968482,0.0,-0.002873563218390607,0.0,-0.19999999999998863,69.4,69.5,69.5,69.6,49.0,6.0,661.0,19.0,False,False
2615,2022-10-28 10:33:15.310069,0.0,-0.002873563218390607,0.0,-0.19999999999998863,69.4,69.5,69.5,69.6,51.0,6.0,661.0,19.0,False,False
2615,2022-10-28 10:33:16.041553,0.0,-0.002873563218390607,0.0,-0.19999999999998863,69.4,69.5,69.5,69.6,51.0,6.0,661.0,19.0,False,False
2615,2022-10-28 10:33:18.150359,0.0,-0.002873563218390607,0.0,-0.19999999999998863,69.4,69.5,69.5,69.6,51.0,6.0,661.0,19.0,False,False
2615,2022-10-28 10:33:19.943187,0.0,-0.002873563218390607,0.0,-0.19999999999998863,69.4,69.5,69.5,69.6,51.0,8.0,661.0,19.0,False,False
2615,2022-10-28 10:33:21.248045,0.0,-0.002873563218390607,0.0,-0.19999999999998863,69.4,69.5,69.5,69.6,51.0,9.0,661.0,19.0,False,False
2615,2022-10-28 10:33:24.676442,0.0,-0.002873563218390607,0.0,-0.19999999999998863,69.4,69.5,69.5,69.6,50.0,9.0,661.0,19.0,False,False
2615,2022-10-28 10:33:30.185279,0.0,-0.002873563218390607,0.0,-0.19999999999998863,69.4,69.5,69.5,69.6,50.0,9.0,661.0,19.0,False,False
2615,2022-10-28 10:33:31.150270,0.0,-0.002873563218390607,0.0,-0.19999999999998863,69.4,69.5,69.5,69.6,50.0,9.0,661.0,19.0,False,False
2615,2022-10-28 10:33:33.161445,0.0,-0.002873563218390607,0.0,-0.19999999999998863,69.4,69.5,69.5,69.6,50.0,9.0,661.0,19.0,False,False
2615,2022-10-28 10:33:38.433056,0.0,-0.002873563218390607,0.0,-0.19999999999998863,69.4,69.5,69.5,69.6,50.0,8.0,661.0,19.0,False,False
2615,2022-10-28 10:33:39.036013,0.0,-0.002873563218390607,0.0,-0.19999999999998863,69.4,69.5,69.5,69.6,70.0,8.0,661.0,19.0,False,False
2615,2022-10-28 10:33:39.067232,0.0,-0.002873563218390607,0.0,-0.19999999999998863,69.4,69.5,69.5,69.6,70.0,8.0,661.0,19.0,False,False
2615,2022-10-28 10:33:39.241312,0.0,-0.002873563218390607,0.0,-0.19999999999998863,69.4,69.5,69.5,69.6,72.0,8.0,661.0,19.0,False,False
2615,2022-10-28 10:33:39.805258,0.0,-0.002873563218390607,0.0,-0.19999999999998863,69.4,69.5,69.5,69.6,75.0,8.0,661.0,19.0,False,False
2615,2022-10-28 10:33:39.958987,0.0,-0.002873563218390607,0.0,-0.19999999999998863,69.4,69.5,69.5,69.6,75.0,8.0,661.0,19.0,False,False
2615,2022-10-28 10:33:41.277269,0.0,-0.002873563218390607,0.0,-0.19999999999998863,69.4,69.5,69.5,69.6,75.0,8.0,661.0,19.0,False,False
2615,2022-10-28 10:33:41.661171,0.0,-0.002873563218390607,0.0,-0.19999999999998863,69.4,69.5,69.5,69.6,75.0,9.0,661.0,19.0,False,False
2615,2022-10-28 10:33:42.083059,0.0,-0.002873563218390607,0.0,-0.19999999999998863,69.4,69.5,69.5,69.6,75.0,7.0,661.0,19.0,False,False
2615,2022-10-28 10:33:42.226027,0.0,-0.002873563218390607,0.0,-0.19999999999998863,69.4,69.5,69.5,69.6,75.0,7.0,661.0,19.0,False,False
2615,2022-10-28 10:33:45.630888,0.0,-0.002873563218390607,0.0,-0.19999999999998863,69.4,69.5,69.5,69.6,75.0,7.0,661.0,19.0,False,False
2615,2022-10-28 10:33:46.927840,0.0,-0.002873563218390607,0.0,-0.19999999999998863,69.4,69.5,69.5,69.6,75.0,7.0,661.0,19.0,True,True
2615,2022-10-28 10:33:48.414526,0.0,-0.002873563218390607,0.0,-0.19999999999998863,69.4,69.5,69.5,69.6,75.0,7.0,661.0,19.0,False,False
2615,2022-10-28 10:33:48.866689,0.0,-0.002873563218390607,0.0,-0.19999999999998863,69.4,69.5,69.5,69.6,75.0,5.0,661.0,19.0,False,False
2615,2022-10-28 10:33:49.230257,0.0,-0.002873563218390607,0.0,-0.19999999999998863,69.4,69.5,69.5,69.6,75.0,5.0,661.0,19.0,False,False
2615,2022-10-28 10:33:49.459136,0.0,-0.002873563218390607,0.0,-0.19999999999998863,69.4,69.5,69.5,69.6,75.0,5.0,661.0,19.0,False,False
2615,2022-10-28 10:33:52.542638,0.0,-0.002873563218390607,0.0,-0.19999999999998863,69.4,69.5,69.5,69.6,75.0,4.0,661.0,19.0,False,False
2615,2022-10-28 10:33:56.975351,0.0,-0.002873563218390607,0.0,-0.19999999999998863,69.4,69.5,69.5,69.6,75.0,4.0,661.0,680.0,True,True
2615,2022-10-28 10:33:57.875204,0.0,-0.002873563218390607,0.0,-0.19999999999998863,69.4,69.5,69.5,69.6,75.0,4.0,661.0,680.0,False,False
2615,2022-10-28 10:33:57.878639,0.0,-0.002873563218390607,0.0,-0.19999999999998863,69.4,69.5,69.5,69.6,75.0,5.0,661.0,680.0,False,False
2615,2022-10-28 10:33:58.841208,0.0,-0.002873563218390607,0.0,-0.19999999999998863,69.4,69.5,69.5,69.6,77.0,5.0,661.0,680.0,False,False
2615,2022-10-28 10:34:00.557379,0.0,-0.002873563218390607,0.0,-0.19999999999998863,69.4,69.5,69.5,69.6,78.0,5.0,661.0,680.0,False,False
2615,2022-10-28 10:34:03.042029,0.0,-0.002873563218390607,0.0,-0.19999999999998863,69.4,69.5,69.5,69.6,78.0,5.0,661.0,680.0,False,False
2615,2022-10-28 10:34:03.104440,0.0,-0.002873563218390607,0.0,-0.19999999999998863,69.4,69.5,69.5,69.6,78.0,3.0,661.0,680.0,False,False
2615,2022-10-28 10:34:04.359644,0.0,-0.002873563218390607,0.0,-0.19999999999998863,69.4,69.5,69.5,69.6,78.0,2.0,661.0,680.0,False,False
2615,2022-10-28 10:34:04.817477,0.0,-0.002873563218390607,0.0,-0.19999999999998863,69.4,69.5,69.5,69.6,3.0,2.0,661.0,680.0,False,False
2615,2022-10-28 10:34:04.854846,0.0,-0.002873563218390607,0.0,-0.19999999999998863,69.4,69.5,69.5,69.6,3.0,3.0,661.0,680.0,False,False
2615,2022-10-28 10:34:04.876010,0.0,-0.002873563218390607,0.0,-0.19999999999998863,69.4,69.5,69.5,69.6,3.0,8.0,661.0,680.0,False,False
2615,2022-10-28 10:34:04.871244,0.0,-0.002873563218390607,0.0,-0.19999999999998863,69.4,69.5,69.5,69.6,3.0,9.0,661.0,680.0,False,False
2615,2022-10-28 10:34:06.414978,0.0,-0.002873563218390607,0.0,-0.19999999999998863,69.4,69.5,69.5,69.6,3.0,9.0,661.0,2678.0,False,True
2615,2022-10-28 10:34:06.431330,0.0,-0.002873563218390607,0.0,-0.19999999999998863,69.4,69.5,69.5,69.6,3.0,6.0,661.0,2678.0,False,False
2615,2022-10-28 10:34:06.933031,0.0,-0.002873563218390607,0.0,-0.19999999999998863,69.4,69.5,69.5,69.6,3.0,5.0,661.0,2678.0,False,False
2615,2022-10-28 10:34:07.543890,0.0,-0.002873563218390607,0.0,-0.19999999999998863,69.4,69.5,69.5,69.6,3.0,4.0,661.0,2678.0,False,False
2615,2022-10-28 10:34:07.631126,0.0,-0.002873563218390607,0.0,-0.19999999999998863,69.4,69.5,69.5,69.6,3.0,2.0,661.0,2678.0,False,False
2615,2022-10-28 10:34:07.686027,0.0,-0.002873563218390607,0.0,-0.19999999999998863,69.4,69.5,69.5,69.6,3.0,15.0,661.0,2678.0,False,False
2615,2022-10-28 10:34:08.408659,0.0,-0.004310344827586188,0.0,-0.29999999999999716,69.3,69.5,69.5,69.6,83.0,15.0,661.0,2678.0,False,False
2615,2022-10-28 10:34:08.486735,0.0,-0.004310344827586188,0.0,-0.29999999999999716,69.3,69.5,69.5,69.6,83.0,15.0,661.0,2678.0,False,False
2615,2022-10-28 10:34:08.543325,0.0,-0.004310344827586188,0.0,-0.29999999999999716,69.3,69.5,69.5,69.6,83.0,15.0,661.0,2678.0,False,False
2615,2022-10-28 10:34:08.747875,0.0,-0.004310344827586188,0.0,-0.29999999999999716,69.3,69.5,69.5,69.6,83.0,15.0,661.0,2678.0,False,False
2615,2022-10-28 10:34:09.055396,0.0,-0.004310344827586188,0.0,-0.29999999999999716,69.3,69.5,69.5,69.6,83.0,15.0,661.0,2678.0,False,False
2615,2022-10-28 10:34:10.350411,0.0,-0.004310344827586188,0.0,-0.29999999999999716,69.3,69.5,69.5,69.6,83.0,17.0,661.0,2678.0,False,False
2615,2022-10-28 10:34:14.286683,0.0,-0.004310344827586188,0.0,-0.29999999999999716,69.3,69.5,69.5,69.6,83.0,20.0,661.0,2678.0,False,False
2615,2022-10-28 10:34:14.312396,0.0,-0.004310344827586188,0.0,-0.29999999999999716,69.3,69.5,69.5,69.6,83.0,24.0,661.0,2678.0,False,False
2615,2022-10-28 10:34:16.453079,0.0,-0.0057388809182210565,0.0,-0.4000000000000057,69.3,69.5,69.5,69.7,83.0,24.0,661.0,1998.0,True,True
2615,2022-10-28 10:34:16.501746,0.0,-0.0057388809182210565,0.0,-0.4000000000000057,69.3,69.5,69.5,69.7,83.0,24.0,661.0,1998.0,False,False
2615,2022-10-28 10:34:16.506853,0.0,-0.0057388809182210565,0.0,-0.4000000000000057,69.3,69.5,69.5,69.7,83.0,24.0,661.0,1998.0,False,False
2615,2022-10-28 10:34:17.416665,0.0,-0.004304160688665681,0.0,-0.29999999999999716,69.4,69.5,69.5,69.7,1.0,24.0,661.0,1998.0,False,False
2615,2022-10-28 10:34:17.462533,0.0,-0.004304160688665681,0.0,-0.29999999999999716,69.4,69.5,69.5,69.7,1.0,24.0,661.0,1998.0,False,False
2615,2022-10-28 10:34:17.567158,0.0,-0.004304160688665681,0.0,-0.29999999999999716,69.4,69.5,69.5,69.7,1.0,24.0,661.0,1998.0,False,False
2615,2022-10-28 10:34:17.660751,0.0,-0.004304160688665681,0.0,-0.29999999999999716,69.4,69.5,69.5,69.7,1.0,24.0,661.0,1998.0,False,False
2615,2022-10-28 10:34:17.884057,0.0,-0.004304160688665681,0.0,-0.29999999999999716,69.4,69.5,69.5,69.7,1.0,24.0,661.0,1998.0,False,False
2615,2022-10-28 10:34:18.229564,0.0,-0.004304160688665681,0.0,-0.29999999999999716,69.4,69.5,69.5,69.7,1.0,24.0,661.0,1998.0,False,False
2615,2022-10-28 10:34:19.010755,0.0,-0.004304160688665681,0.0,-0.29999999999999716,69.4,69.5,69.5,69.7,6.0,24.0,661.0,1998.0,False,False
2615,2022-10-28 10:34:19.081665,0.0,-0.004304160688665681,0.0,-0.29999999999999716,69.4,69.5,69.5,69.7,6.0,24.0,661.0,1998.0,False,False
2615,2022-10-28 10:34:23.694049,0.0,-0.004304160688665681,0.0,-0.29999999999999716,69.4,69.5,69.5,69.7,5.0,24.0,661.0,1998.0,False,False
2615,2022-10-28 10:34:26.728376,0.0,-0.004304160688665681,0.0,-0.29999999999999716,69.4,69.5,69.5,69.7,7.0,24.0,661.0,1998.0,False,False
2615,2022-10-28 10:34:27.824229,0.0,-0.004304160688665681,0.0,-0.29999999999999716,69.4,69.5,69.5,69.7,7.0,24.0,661.0,1998.0,False,False
2615,2022-10-28 10:34:29.185689,0.0,-0.004304160688665681,0.0,-0.29999999999999716,69.4,69.5,69.5,69.7,8.0,24.0,661.0,1998.0,False,False
2615,2022-10-28 10:34:29.721204,0.0,-0.004304160688665681,0.0,-0.29999999999999716,69.4,69.5,69.5,69.7,8.0,24.0,661.0,1998.0,False,False
2615,2022-10-28 10:34:29.911981,0.0,-0.004304160688665681,0.0,-0.29999999999999716,69.4,69.5,69.5,69.7,7.0,24.0,661.0,1998.0,False,False
2615,2022-10-28 10:34:30.354039,0.0014409221902016434,-0.0057388809182210565,0.09999999999999432,-0.4000000000000057,69.3,69.4,69.5,69.7,83.0,7.0,661.0,1998.0,False,False
2615,2022-10-28 10:34:30.380575,0.0014409221902016434,-0.0057388809182210565,0.09999999999999432,-0.4000000000000057,69.3,69.4,69.5,69.7,83.0,7.0,661.0,1998.0,False,False
2615,2022-10-28 10:34:30.416331,0.0014409221902016434,-0.0057388809182210565,0.09999999999999432,-0.4000000000000057,69.3,69.4,69.5,69.7,83.0,16.0,661.0,1998.0,False,False
2615,2022-10-28 10:34:30.425388,0.0014409221902016434,-0.0057388809182210565,0.09999999999999432,-0.4000000000000057,69.3,69.4,69.5,69.7,82.0,21.0,661.0,1998.0,False,False
2615,2022-10-28 10:34:30.487290,0.0014409221902016434,-0.0057388809182210565,0.09999999999999432,-0.4000000000000057,69.3,69.4,69.5,69.7,82.0,23.0,661.0,1998.0,False,False
2615,2022-10-28 10:34:30.673863,0.0014409221902016434,-0.0057388809182210565,0.09999999999999432,-0.4000000000000057,69.3,69.4,69.5,69.7,82.0,23.0,661.0,1998.0,False,False
2615,2022-10-28 10:34:32.272627,0.0014409221902016434,-0.0057388809182210565,0.09999999999999432,-0.4000000000000057,69.3,69.4,69.5,69.7,82.0,23.0,661.0,1998.0,False,False
2615,2022-10-28 10:34:32.277744,0.0014409221902016434,-0.0057388809182210565,0.09999999999999432,-0.4000000000000057,69.3,69.4,69.5,69.7,82.0,23.0,661.0,1998.0,False,False
2615,2022-10-28 10:34:32.281227,0.0014409221902016434,-0.0057388809182210565,0.09999999999999432,-0.4000000000000057,69.3,69.4,69.5,69.7,82.0,23.0,661.0,1998.0,False,False
2615,2022-10-28 10:34:32.475910,0.0014409221902016434,-0.0057388809182210565,0.09999999999999432,-0.4000000000000057,69.3,69.4,69.5,69.7,82.0,23.0,661.0,1998.0,False,False
2615,2022-10-28 10:34:36.537500,0.0014409221902016434,-0.004310344827586188,0.09999999999999432,-0.29999999999999716,69.3,69.4,69.5,69.6,82.0,23.0,1.0,1998.0,True,True
2615,2022-10-28 10:34:37.699243,0.0014409221902016434,-0.004310344827586188,0.09999999999999432,-0.29999999999999716,69.3,69.4,69.5,69.6,81.0,23.0,1.0,1998.0,False,False
2615,2022-10-28 10:34:37.900811,0.0014409221902016434,-0.004310344827586188,0.09999999999999432,-0.29999999999999716,69.3,69.4,69.5,69.6,81.0,23.0,1.0,1998.0,False,False
2615,2022-10-28 10:34:37.945914,0.0014409221902016434,-0.004310344827586188,0.09999999999999432,-0.29999999999999716,69.3,69.4,69.5,69.6,81.0,23.0,1.0,1998.0,False,False
2615,2022-10-28 10:34:39.151700,0.0014409221902016434,-0.004310344827586188,0.09999999999999432,-0.29999999999999716,69.3,69.4,69.5,69.6,81.0,23.0,1.0,1998.0,False,False
2615,2022-10-28 10:34:41.694423,0.0014409221902016434,-0.004310344827586188,0.09999999999999432,-0.29999999999999716,69.3,69.4,69.5,69.6,81.0,25.0,1.0,1998.0,False,False
2615,2022-10-28 10:34:44.670923,0.0014409221902016434,-0.004310344827586188,0.09999999999999432,-0.29999999999999716,69.3,69.4,69.5,69.6,81.0,28.0,1.0,1998.0,False,False
2615,2022-10-28 10:34:44.965663,0.0014409221902016434,-0.004310344827586188,0.09999999999999432,-0.29999999999999716,69.3,69.4,69.5,69.6,81.0,27.0,1.0,1998.0,False,False
2615,2022-10-28 10:34:45.058010,0.0014409221902016434,-0.004310344827586188,0.09999999999999432,-0.29999999999999716,69.3,69.4,69.5,69.6,81.0,27.0,1.0,1998.0,False,False
2615,2022-10-28 10:34:45.127994,0.0014409221902016434,-0.004310344827586188,0.09999999999999432,-0.29999999999999716,69.3,69.4,69.5,69.6,80.0,27.0,1.0,1998.0,False,False
2615,2022-10-28 10:34:45.126187,0.0014409221902016434,-0.004310344827586188,0.09999999999999432,-0.29999999999999716,69.3,69.4,69.5,69.6,81.0,27.0,1.0,1998.0,False,False
2615,2022-10-28 10:34:45.163630,0.0014409221902016434,-0.004310344827586188,0.09999999999999432,-0.29999999999999716,69.3,69.4,69.5,69.6,78.0,29.0,1.0,1998.0,False,False
2615,2022-10-28 10:34:45.775379,0.0014409221902016434,-0.004310344827586188,0.09999999999999432,-0.29999999999999716,69.3,69.4,69.5,69.6,78.0,29.0,1.0,1998.0,False,False
2615,2022-10-28 10:34:45.775395,0.0014409221902016434,-0.004310344827586188,0.09999999999999432,-0.29999999999999716,69.3,69.4,69.5,69.6,78.0,29.0,1.0,1998.0,False,False
2615,2022-10-28 10:34:45.814011,0.0014409221902016434,-0.004310344827586188,0.09999999999999432,-0.29999999999999716,69.3,69.4,69.5,69.6,78.0,29.0,1.0,1998.0,False,False
2615,2022-10-28 10:34:46.474014,0.0014409221902016434,-0.004310344827586188,0.09999999999999432,-0.29999999999999716,69.3,69.4,69.5,69.6,78.0,29.0,1.0,1998.0,False,False
2615,2022-10-28 10:34:46.592566,0.0014409221902016434,-0.004310344827586188,0.09999999999999432,-0.29999999999999716,69.3,69.4,69.5,69.6,79.0,29.0,1.0,1998.0,False,False
2615,2022-10-28 10:34:46.621777,0.0014409221902016434,-0.004310344827586188,0.09999999999999432,-0.29999999999999716,69.3,69.4,69.5,69.6,81.0,27.0,1.0,1998.0,False,False
2615,2022-10-28 10:34:47.628806,0.0014409221902016434,-0.004310344827586188,0.09999999999999432,-0.29999999999999716,69.3,69.4,69.5,69.6,81.0,30.0,1.0,1998.0,False,False
2615,2022-10-28 10:34:47.665303,0.0014409221902016434,-0.004310344827586188,0.09999999999999432,-0.29999999999999716,69.3,69.4,69.5,69.6,79.0,30.0,1.0,1998.0,False,False
2615,2022-10-28 10:34:47.665327,0.0014409221902016434,-0.004310344827586188,0.09999999999999432,-0.29999999999999716,69.3,69.4,69.5,69.6,79.0,32.0,1.0,1998.0,False,False
2615,2022-10-28 10:34:48.082092,0.0014409221902016434,-0.004310344827586188,0.09999999999999432,-0.29999999999999716,69.3,69.4,69.5,69.6,83.0,32.0,1.0,1998.0,False,False
2615,2022-10-28 10:34:48.237996,0.0014409221902016434,-0.004310344827586188,0.09999999999999432,-0.29999999999999716,69.3,69.4,69.5,69.6,83.0,30.0,1.0,1998.0,False,False
2615,2022-10-28 10:34:48.241405,0.0014409221902016434,-0.004310344827586188,0.09999999999999432,-0.29999999999999716,69.3,69.4,69.5,69.6,85.0,30.0,1.0,1998.0,False,False
2615,2022-10-28 10:34:48.836542,0.0014409221902016434,-0.004310344827586188,0.09999999999999432,-0.29999999999999716,69.3,69.4,69.5,69.6,85.0,30.0,1.0,1998.0,False,False
2615,2022-10-28 10:34:51.012586,0.0014409221902016434,-0.004310344827586188,0.09999999999999432,-0.29999999999999716,69.3,69.4,69.5,69.6,85.0,30.0,1.0,1998.0,False,False
2615,2022-10-28 10:34:53.613397,0.0014409221902016434,-0.004310344827586188,0.09999999999999432,-0.29999999999999716,69.3,69.4,69.5,69.6,85.0,30.0,1.0,1998.0,False,False
2615,2022-10-28 10:34:56.611790,0.0014409221902016434,-0.004310344827586188,0.09999999999999432,-0.29999999999999716,69.3,69.4,69.5,69.6,85.0,30.0,2.0,1998.0,True,True
2615,2022-10-28 10:34:58.128457,0.0014409221902016434,-0.004310344827586188,0.09999999999999432,-0.29999999999999716,69.3,69.4,69.5,69.6,83.0,30.0,2.0,1998.0,False,False
2615,2022-10-28 10:34:58.905874,0.0014409221902016434,-0.004310344827586188,0.09999999999999432,-0.29999999999999716,69.3,69.4,69.5,69.6,83.0,30.0,2.0,1998.0,False,False
2615,2022-10-28 10:34:58.995705,0.0014409221902016434,-0.004310344827586188,0.09999999999999432,-0.29999999999999716,69.3,69.4,69.5,69.6,81.0,34.0,2.0,1998.0,False,False
2615,2022-10-28 10:34:59.594776,0.0014409221902016434,-0.004310344827586188,0.09999999999999432,-0.29999999999999716,69.3,69.4,69.5,69.6,81.0,34.0,2.0,1998.0,False,False
2615,2022-10-28 10:34:59.707278,0.0014409221902016434,-0.004310344827586188,0.09999999999999432,-0.29999999999999716,69.3,69.4,69.5,69.6,81.0,34.0,2.0,1998.0,False,False
2615,2022-10-28 10:35:01.009797,0.0014409221902016434,-0.004310344827586188,0.09999999999999432,-0.29999999999999716,69.3,69.4,69.5,69.6,81.0,34.0,2.0,1998.0,False,False
2615,2022-10-28 10:35:01.232607,0.0014409221902016434,-0.004310344827586188,0.09999999999999432,-0.29999999999999716,69.3,69.4,69.5,69.6,81.0,32.0,2.0,1998.0,False,False
2615,2022-10-28 10:35:01.266501,0.0014409221902016434,-0.004310344827586188,0.09999999999999432,-0.29999999999999716,69.3,69.4,69.5,69.6,83.0,32.0,2.0,1998.0,False,False
2615,2022-10-28 10:35:01.772334,0.0014409221902016434,-0.004310344827586188,0.09999999999999432,-0.29999999999999716,69.3,69.4,69.5,69.6,81.0,32.0,2.0,1998.0,False,False
2615,2022-10-28 10:35:01.803615,0.0014409221902016434,-0.004310344827586188,0.09999999999999432,-0.29999999999999716,69.3,69.4,69.5,69.6,81.0,34.0,2.0,1998.0,False,False
2615,2022-10-28 10:35:02.360300,0.0014409221902016434,-0.004310344827586188,0.09999999999999432,-0.29999999999999716,69.3,69.4,69.5,69.6,81.0,34.0,2.0,1998.0,False,False
2615,2022-10-28 10:35:02.369277,0.0014409221902016434,-0.004310344827586188,0.09999999999999432,-0.29999999999999716,69.3,69.4,69.5,69.6,81.0,34.0,2.0,1998.0,False,False
2615,2022-10-28 10:35:02.548106,0.0014409221902016434,-0.004310344827586188,0.09999999999999432,-0.29999999999999716,69.3,69.4,69.5,69.6,79.0,34.0,2.0,1998.0,False,False
2615,2022-10-28 10:35:04.104043,0.0014409221902016434,-0.004310344827586188,0.09999999999999432,-0.29999999999999716,69.3,69.4,69.5,69.6,79.0,32.0,2.0,1998.0,False,False
2615,2022-10-28 10:35:04.148651,0.0014409221902016434,-0.004310344827586188,0.09999999999999432,-0.29999999999999716,69.3,69.4,69.5,69.6,82.0,32.0,2.0,1998.0,False,False
2615,2022-10-28 10:35:06.273266,0.0014409221902016434,-0.004310344827586188,0.09999999999999432,-0.29999999999999716,69.3,69.4,69.5,69.6,77.0,32.0,2.0,1998.0,False,False
2615,2022-10-28 10:35:06.638356,0.0014409221902016434,-0.004310344827586188,0.09999999999999432,-0.29999999999999716,69.3,69.4,69.5,69.6,77.0,26.0,2.0,1998.0,False,False
2615,2022-10-28 10:35:06.704925,0.0014409221902016434,-0.004310344827586188,0.09999999999999432,-0.29999999999999716,69.3,69.4,69.5,69.6,76.0,26.0,2.0,1998.0,False,False
2615,2022-10-28 10:35:06.790353,0.0014409221902016434,-0.004310344827586188,0.09999999999999432,-0.29999999999999716,69.3,69.4,69.5,69.6,76.0,26.0,1.0,1998.0,True,True
2615,2022-10-28 10:35:07.037579,0.0014409221902016434,-0.004310344827586188,0.09999999999999432,-0.29999999999999716,69.3,69.4,69.5,69.6,77.0,26.0,1.0,1998.0,False,False
2615,2022-10-28 10:35:07.077498,0.0014409221902016434,-0.004310344827586188,0.09999999999999432,-0.29999999999999716,69.3,69.4,69.5,69.6,76.0,26.0,1.0,1998.0,False,False
2615,2022-10-28 10:35:07.350570,0.0014409221902016434,-0.004310344827586188,0.09999999999999432,-0.29999999999999716,69.3,69.4,69.5,69.6,76.0,25.0,1.0,1998.0,False,False
2615,2022-10-28 10:35:08.322084,0.0014409221902016434,-0.004310344827586188,0.09999999999999432,-0.29999999999999716,69.3,69.4,69.5,69.6,74.0,25.0,1.0,1998.0,False,False
2615,2022-10-28 10:35:08.499123,0.0014409221902016434,-0.004310344827586188,0.09999999999999432,-0.29999999999999716,69.3,69.4,69.5,69.6,72.0,25.0,1.0,1998.0,False,False
2615,2022-10-28 10:35:08.550945,0.0014409221902016434,-0.004310344827586188,0.09999999999999432,-0.29999999999999716,69.3,69.4,69.5,69.6,72.0,27.0,1.0,1998.0,False,False
2615,2022-10-28 10:35:09.245910,0.0014409221902016434,-0.004310344827586188,0.09999999999999432,-0.29999999999999716,69.3,69.4,69.5,69.6,71.0,27.0,1.0,1998.0,False,False
2615,2022-10-28 10:35:14.562698,0.0014409221902016434,-0.004310344827586188,0.09999999999999432,-0.29999999999999716,69.3,69.4,69.5,69.6,71.0,28.0,1.0,1998.0,False,False
2615,2022-10-28 10:35:14.591542,0.0014409221902016434,-0.004310344827586188,0.09999999999999432,-0.29999999999999716,69.3,69.4,69.5,69.6,71.0,27.0,1.0,1998.0,False,False
2615,2022-10-28 10:35:14.718612,0.0014409221902016434,-0.004310344827586188,0.09999999999999432,-0.29999999999999716,69.3,69.4,69.5,69.6,71.0,28.0,1.0,1998.0,False,False
2615,2022-10-28 10:35:14.789290,0.0014409221902016434,-0.004310344827586188,0.09999999999999432,-0.29999999999999716,69.3,69.4,69.5,69.6,71.0,27.0,1.0,1998.0,False,False
2615,2022-10-28 10:35:15.642701,0.0014409221902016434,-0.004310344827586188,0.09999999999999432,-0.29999999999999716,69.3,69.4,69.5,69.6,71.0,25.0,1.0,1998.0,False,False
2615,2022-10-28 10:35:15.645830,0.0014409221902016434,-0.004310344827586188,0.09999999999999432,-0.29999999999999716,69.3,69.4,69.5,69.6,74.0,25.0,1.0,1998.0,False,False
2615,2022-10-28 10:35:16.978824,0.0014409221902016434,-0.004310344827586188,0.09999999999999432,-0.29999999999999716,69.3,69.4,69.5,69.6,72.0,25.0,1.0,1998.0,False,False
2615,2022-10-28 10:35:16.983086,0.0014409221902016434,-0.004310344827586188,0.09999999999999432,-0.29999999999999716,69.3,69.4,69.5,69.6,72.0,25.0,1.0,2448.0,True,True
2615,2022-10-28 10:35:17.027731,0.0014409221902016434,-0.004310344827586188,0.09999999999999432,-0.29999999999999716,69.3,69.4,69.5,69.6,72.0,25.0,1.0,2448.0,False,False
2615,2022-10-28 10:35:17.043619,0.0014409221902016434,-0.004310344827586188,0.09999999999999432,-0.29999999999999716,69.3,69.4,69.5,69.6,74.0,25.0,1.0,2448.0,False,False
2615,2022-10-28 10:35:17.372676,0.0014409221902016434,-0.004310344827586188,0.09999999999999432,-0.29999999999999716,69.3,69.4,69.5,69.6,72.0,25.0,1.0,2448.0,False,False
2615,2022-10-28 10:35:17.373742,0.0014409221902016434,-0.004310344827586188,0.09999999999999432,-0.29999999999999716,69.3,69.4,69.5,69.6,72.0,27.0,1.0,2448.0,False,False
2615,2022-10-28 10:35:18.028242,0.0014409221902016434,-0.004310344827586188,0.09999999999999432,-0.29999999999999716,69.3,69.4,69.5,69.6,71.0,27.0,1.0,2448.0,False,False
2615,2022-10-28 10:35:18.114457,0.0014409221902016434,-0.004310344827586188,0.09999999999999432,-0.29999999999999716,69.3,69.4,69.5,69.6,70.0,27.0,1.0,2448.0,False,False
2615,2022-10-28 10:35:18.669431,0.0014409221902016434,-0.004310344827586188,0.09999999999999432,-0.29999999999999716,69.3,69.4,69.5,69.6,70.0,27.0,1.0,2448.0,False,False
2615,2022-10-28 10:35:18.672987,0.0014409221902016434,-0.004310344827586188,0.09999999999999432,-0.29999999999999716,69.3,69.4,69.5,69.6,70.0,27.0,1.0,2448.0,False,False
2615,2022-10-28 10:35:20.028816,0.0014409221902016434,-0.004310344827586188,0.09999999999999432,-0.29999999999999716,69.3,69.4,69.5,69.6,71.0,27.0,1.0,2448.0,False,False
2615,2022-10-28 10:35:20.053004,0.0014409221902016434,-0.004310344827586188,0.09999999999999432,-0.29999999999999716,69.3,69.4,69.5,69.6,71.0,25.0,1.0,2448.0,False,False
2615,2022-10-28 10:35:20.076555,0.0014409221902016434,-0.004310344827586188,0.09999999999999432,-0.29999999999999716,69.3,69.4,69.5,69.6,73.0,25.0,1.0,2448.0,False,False
2615,2022-10-28 10:35:21.011954,0.0014409221902016434,-0.004310344827586188,0.09999999999999432,-0.29999999999999716,69.3,69.4,69.5,69.6,73.0,25.0,1.0,2448.0,False,False
2615,2022-10-28 10:35:23.374540,0.0014409221902016434,-0.004310344827586188,0.09999999999999432,-0.29999999999999716,69.3,69.4,69.5,69.6,73.0,25.0,1.0,2448.0,False,False
2615,2022-10-28 10:35:23.398342,0.0014409221902016434,-0.004310344827586188,0.09999999999999432,-0.29999999999999716,69.3,69.4,69.5,69.6,73.0,25.0,1.0,2448.0,False,False
2615,2022-10-28 10:35:23.407523,0.0014409221902016434,-0.004310344827586188,0.09999999999999432,-0.29999999999999716,69.3,69.4,69.5,69.6,73.0,25.0,1.0,2448.0,False,False
2615,2022-10-28 10:35:28.689104,0.0014409221902016434,-0.004310344827586188,0.09999999999999432,-0.29999999999999716,69.3,69.4,69.5,69.6,73.0,25.0,1.0,2448.0,False,False
2615,2022-10-28 10:35:30.713524,0.0014409221902016434,-0.004310344827586188,0.09999999999999432,-0.29999999999999716,69.3,69.4,69.5,69.6,83.0,25.0,1.0,2448.0,False,False
2615,2022-10-28 10:35:30.762724,0.0014409221902016434,-0.004310344827586188,0.09999999999999432,-0.29999999999999716,69.3,69.4,69.5,69.6,83.0,21.0,1.0,2448.0,False,False
2615,2022-10-28 10:35:30.833225,0.0014409221902016434,-0.004310344827586188,0.09999999999999432,-0.29999999999999716,69.3,69.4,69.5,69.6,83.0,10.0,1.0,2448.0,False,False
2615,2022-10-28 10:35:32.255369,0.0014409221902016434,-0.004310344827586188,0.09999999999999432,-0.29999999999999716,69.3,69.4,69.5,69.6,84.0,10.0,1.0,2448.0,False,False
2615,2022-10-28 10:35:32.939974,0.0014409221902016434,-0.004310344827586188,0.09999999999999432,-0.29999999999999716,69.3,69.4,69.5,69.6,84.0,9.0,1.0,2448.0,False,False
2615,2022-10-28 10:35:33.081548,0.0014409221902016434,-0.004310344827586188,0.09999999999999432,-0.29999999999999716,69.3,69.4,69.5,69.6,84.0,9.0,1.0,2448.0,False,False
2615,2022-10-28 10:35:33.167261,0.0014409221902016434,-0.004310344827586188,0.09999999999999432,-0.29999999999999716,69.3,69.4,69.5,69.6,84.0,9.0,1.0,2448.0,False,False
2615,2022-10-28 10:35:33.237094,0.0014409221902016434,-0.004310344827586188,0.09999999999999432,-0.29999999999999716,69.3,69.4,69.5,69.6,84.0,17.0,1.0,2448.0,False,False
2615,2022-10-28 10:35:33.419870,0.0014409221902016434,-0.004310344827586188,0.09999999999999432,-0.29999999999999716,69.3,69.4,69.5,69.6,85.0,17.0,1.0,2448.0,False,False
2615,2022-10-28 10:35:33.476224,0.0014409221902016434,-0.004310344827586188,0.09999999999999432,-0.29999999999999716,69.3,69.4,69.5,69.6,85.0,17.0,1.0,2448.0,False,False
2615,2022-10-28 10:35:33.679669,0.0014409221902016434,-0.004310344827586188,0.09999999999999432,-0.29999999999999716,69.3,69.4,69.5,69.6,84.0,17.0,1.0,2448.0,False,False
2615,2022-10-28 10:35:34.423496,0.0014409221902016434,-0.004310344827586188,0.09999999999999432,-0.29999999999999716,69.3,69.4,69.5,69.6,84.0,15.0,1.0,2448.0,False,False
2615,2022-10-28 10:35:34.495053,0.0014409221902016434,-0.004310344827586188,0.09999999999999432,-0.29999999999999716,69.3,69.4,69.5,69.6,93.0,16.0,1.0,2448.0,False,False
2615,2022-10-28 10:35:36.112903,0.0014409221902016434,-0.004310344827586188,0.09999999999999432,-0.29999999999999716,69.3,69.4,69.5,69.6,93.0,16.0,1.0,2448.0,False,False
2615,2022-10-28 10:35:36.802105,0.0014409221902016434,-0.004310344827586188,0.09999999999999432,-0.29999999999999716,69.3,69.4,69.5,69.6,94.0,16.0,1.0,2448.0,False,False
2615,2022-10-28 10:35:41.542474,0.0014409221902016434,-0.004310344827586188,0.09999999999999432,-0.29999999999999716,69.3,69.4,69.5,69.6,94.0,18.0,1.0,2448.0,False,False
2615,2022-10-28 10:35:43.694723,0.0014409221902016434,-0.004310344827586188,0.09999999999999432,-0.29999999999999716,69.3,69.4,69.5,69.6,92.0,18.0,1.0,2448.0,False,False
2615,2022-10-28 10:35:44.984310,0.0014409221902016434,-0.004310344827586188,0.09999999999999432,-0.29999999999999716,69.3,69.4,69.5,69.6,93.0,18.0,1.0,2448.0,False,False
2615,2022-10-28 10:35:49.516227,0.0014409221902016434,-0.004310344827586188,0.09999999999999432,-0.29999999999999716,69.3,69.4,69.5,69.6,93.0,18.0,1.0,2448.0,False,False
2615,2022-10-28 10:35:50.336420,0.0014409221902016434,-0.004310344827586188,0.09999999999999432,-0.29999999999999716,69.3,69.4,69.5,69.6,91.0,18.0,1.0,2448.0,False,False
2615,2022-10-28 10:35:50.485773,0.0014409221902016434,-0.004310344827586188,0.09999999999999432,-0.29999999999999716,69.3,69.4,69.5,69.6,91.0,20.0,1.0,2448.0,False,False
2615,2022-10-28 10:35:50.639357,0.0014409221902016434,-0.004310344827586188,0.09999999999999432,-0.29999999999999716,69.3,69.4,69.5,69.6,91.0,21.0,1.0,2448.0,False,False
2615,2022-10-28 10:35:50.965363,0.0014409221902016434,-0.004310344827586188,0.09999999999999432,-0.29999999999999716,69.3,69.4,69.5,69.6,51.0,21.0,1.0,2448.0,False,False
2615,2022-10-28 10:35:50.994303,0.0014409221902016434,-0.004310344827586188,0.09999999999999432,-0.29999999999999716,69.3,69.4,69.5,69.6,50.0,21.0,1.0,2448.0,False,False
2615,2022-10-28 10:35:51.038251,0.0014409221902016434,-0.004310344827586188,0.09999999999999432,-0.29999999999999716,69.3,69.4,69.5,69.6,45.0,28.0,1.0,2448.0,False,False
2615,2022-10-28 10:35:51.036531,0.0014409221902016434,-0.004310344827586188,0.09999999999999432,-0.29999999999999716,69.3,69.4,69.5,69.6,50.0,28.0,1.0,2448.0,False,False
2615,2022-10-28 10:35:51.208291,0.0014409221902016434,-0.005747126436781436,0.09999999999999432,-0.3999999999999915,69.2,69.4,69.5,69.6,88.0,28.0,1.0,2448.0,False,False
2615,2022-10-28 10:35:51.243944,0.0014409221902016434,-0.005747126436781436,0.09999999999999432,-0.3999999999999915,69.2,69.4,69.5,69.6,88.0,30.0,1.0,2448.0,False,False
2615,2022-10-28 10:35:51.284049,0.0028860028860029363,-0.005747126436781436,0.20000000000000284,-0.3999999999999915,69.2,69.3,69.5,69.6,81.0,3.0,1.0,2448.0,False,False
2615,2022-10-28 10:35:51.312336,0.0028860028860029363,-0.005747126436781436,0.20000000000000284,-0.3999999999999915,69.2,69.3,69.5,69.6,66.0,10.0,1.0,2448.0,False,False
2615,2022-10-28 10:35:51.312955,0.0028860028860029363,-0.005747126436781436,0.20000000000000284,-0.3999999999999915,69.2,69.3,69.5,69.6,65.0,10.0,1.0,2448.0,False,False
2615,2022-10-28 10:35:51.342813,0.0028860028860029363,-0.005747126436781436,0.20000000000000284,-0.3999999999999915,69.2,69.3,69.5,69.6,33.0,17.0,1.0,2448.0,False,False
2615,2022-10-28 10:35:51.353406,0.0028860028860029363,-0.005747126436781436,0.20000000000000284,-0.3999999999999915,69.2,69.3,69.5,69.6,32.0,21.0,1.0,2448.0,False,False
2615,2022-10-28 10:35:51.366440,0.0028860028860029363,-0.005747126436781436,0.20000000000000284,-0.3999999999999915,69.2,69.3,69.5,69.6,32.0,24.0,1.0,2448.0,False,False
2615,2022-10-28 10:35:51.397216,0.0028860028860029363,-0.005747126436781436,0.20000000000000284,-0.3999999999999915,69.2,69.3,69.5,69.6,30.0,24.0,1.0,2448.0,False,False
2615,2022-10-28 10:35:51.418206,0.0028860028860029363,-0.005747126436781436,0.20000000000000284,-0.3999999999999915,69.2,69.3,69.5,69.6,25.0,27.0,1.0,2448.0,False,False
2615,2022-10-28 10:35:51.423713,0.0028860028860029363,-0.005747126436781436,0.20000000000000284,-0.3999999999999915,69.2,69.3,69.5,69.6,22.0,27.0,1.0,2448.0,False,False
2615,2022-10-28 10:35:51.488071,0.0028860028860029363,-0.005747126436781436,0.20000000000000284,-0.3999999999999915,69.2,69.3,69.5,69.6,21.0,24.0,1.0,2448.0,False,False
2615,2022-10-28 10:35:51.423730,0.0028860028860029363,-0.005747126436781436,0.20000000000000284,-0.3999999999999915,69.2,69.3,69.5,69.6,22.0,24.0,1.0,2448.0,False,False
2615,2022-10-28 10:35:51.556699,0.0028860028860029363,-0.005747126436781436,0.20000000000000284,-0.3999999999999915,69.2,69.3,69.5,69.6,21.0,27.0,1.0,2448.0,False,False
2615,2022-10-28 10:35:51.980624,0.0028860028860029363,-0.005747126436781436,0.20000000000000284,-0.3999999999999915,69.2,69.3,69.5,69.6,21.0,27.0,1.0,2448.0,False,False
2615,2022-10-28 10:35:51.988924,0.0028860028860029363,-0.005747126436781436,0.20000000000000284,-0.3999999999999915,69.2,69.3,69.5,69.6,21.0,27.0,1.0,2448.0,False,False
2615,2022-10-28 10:35:52.227043,0.0028860028860029363,-0.005747126436781436,0.20000000000000284,-0.3999999999999915,69.2,69.3,69.5,69.6,17.0,27.0,1.0,2448.0,False,False
2615,2022-10-28 10:35:52.233372,0.0028860028860029363,-0.005747126436781436,0.20000000000000284,-0.3999999999999915,69.2,69.3,69.5,69.6,17.0,27.0,1.0,2448.0,False,False
2615,2022-10-28 10:35:52.268828,0.0028860028860029363,-0.005747126436781436,0.20000000000000284,-0.3999999999999915,69.2,69.3,69.5,69.6,15.0,27.0,1.0,2448.0,False,False
2615,2022-10-28 10:35:52.296103,0.004335260115606809,-0.007183908045977017,0.29999999999999716,-0.5,69.1,69.2,69.5,69.6,135.0,14.0,1.0,2448.0,False,False
2615,2022-10-28 10:35:52.323884,0.004335260115606809,-0.007183908045977017,0.29999999999999716,-0.5,69.1,69.2,69.5,69.6,133.0,13.0,1.0,2448.0,False,False
2615,2022-10-28 10:35:52.334405,0.004335260115606809,-0.007183908045977017,0.29999999999999716,-0.5,69.1,69.2,69.5,69.6,129.0,13.0,1.0,2448.0,False,False
2615,2022-10-28 10:35:52.334619,0.004335260115606809,-0.007183908045977017,0.29999999999999716,-0.5,69.1,69.2,69.5,69.6,128.0,13.0,1.0,2448.0,False,False
2615,2022-10-28 10:35:52.343678,0.004335260115606809,-0.007183908045977017,0.29999999999999716,-0.5,69.1,69.2,69.5,69.6,125.0,16.0,1.0,2448.0,False,False
2615,2022-10-28 10:35:52.344044,0.004335260115606809,-0.007183908045977017,0.29999999999999716,-0.5,69.1,69.2,69.5,69.6,125.0,16.0,1.0,2448.0,False,False
2615,2022-10-28 10:35:52.355252,0.004335260115606809,-0.007183908045977017,0.29999999999999716,-0.5,69.1,69.2,69.5,69.6,125.0,16.0,1.0,2448.0,False,False
2615,2022-10-28 10:35:52.389664,0.004335260115606809,-0.007183908045977017,0.29999999999999716,-0.5,69.1,69.2,69.5,69.6,123.0,33.0,1.0,2448.0,False,False
2615,2022-10-28 10:35:52.432585,0.004335260115606809,-0.007183908045977017,0.29999999999999716,-0.5,69.1,69.2,69.5,69.6,122.0,33.0,1.0,2448.0,False,False
2615,2022-10-28 10:35:52.487178,0.004335260115606809,-0.007183908045977017,0.29999999999999716,-0.5,69.1,69.2,69.5,69.6,122.0,33.0,1.0,2448.0,False,False
2615,2022-10-28 10:35:52.575802,0.004335260115606809,-0.007183908045977017,0.29999999999999716,-0.5,69.1,69.2,69.5,69.6,121.0,37.0,1.0,2448.0,False,False
2615,2022-10-28 10:35:52.538306,0.004335260115606809,-0.007183908045977017,0.29999999999999716,-0.5,69.1,69.2,69.5,69.6,122.0,37.0,1.0,2448.0,False,False
2615,2022-10-28 10:35:52.613207,0.004335260115606809,-0.008620689655172376,0.29999999999999716,-0.5999999999999943,69.0,69.2,69.5,69.6,221.0,37.0,1.0,2448.0,False,False
2615,2022-10-28 10:35:52.726552,0.005788712011577601,-0.008620689655172376,0.4000000000000057,-0.5999999999999943,69.0,69.1,69.5,69.6,220.0,33.0,1.0,2448.0,False,False
2615,2022-10-28 10:35:52.728322,0.005788712011577601,-0.008620689655172376,0.4000000000000057,-0.5999999999999943,69.0,69.1,69.5,69.6,202.0,33.0,1.0,2448.0,False,False
2615,2022-10-28 10:35:52.772913,0.005788712011577601,-0.008620689655172376,0.4000000000000057,-0.5999999999999943,69.0,69.1,69.5,69.6,191.0,33.0,1.0,2448.0,False,False
2615,2022-10-28 10:35:52.773490,0.005788712011577601,-0.008620689655172376,0.4000000000000057,-0.5999999999999943,69.0,69.1,69.5,69.6,190.0,33.0,1.0,2448.0,False,False
2615,2022-10-28 10:35:52.774379,0.005788712011577601,-0.008620689655172376,0.4000000000000057,-0.5999999999999943,69.0,69.1,69.5,69.6,188.0,33.0,1.0,2448.0,False,False
2615,2022-10-28 10:35:52.821007,0.005788712011577601,-0.008620689655172376,0.4000000000000057,-0.5999999999999943,69.0,69.1,69.5,69.6,186.0,38.0,1.0,2448.0,False,False
2615,2022-10-28 10:35:52.845470,0.005788712011577601,-0.008620689655172376,0.4000000000000057,-0.5999999999999943,69.0,69.1,69.5,69.6,184.0,38.0,1.0,2448.0,False,False
2615,2022-10-28 10:35:52.849342,0.005788712011577601,-0.008620689655172376,0.4000000000000057,-0.5999999999999943,69.0,69.1,69.5,69.6,184.0,38.0,1.0,2448.0,False,False
2615,2022-10-28 10:35:52.904875,0.005788712011577601,-0.008620689655172376,0.4000000000000057,-0.5999999999999943,69.0,69.1,69.5,69.6,183.0,38.0,1.0,2448.0,False,False
2615,2022-10-28 10:35:53.148365,0.005788712011577601,-0.008620689655172376,0.4000000000000057,-0.5999999999999943,69.0,69.1,69.5,69.6,182.0,38.0,1.0,2448.0,False,False
2615,2022-10-28 10:35:53.225734,0.005788712011577601,-0.008620689655172376,0.4000000000000057,-0.5999999999999943,69.0,69.1,69.5,69.6,172.0,38.0,1.0,2448.0,False,False
2615,2022-10-28 10:35:53.234013,0.005788712011577601,-0.008620689655172376,0.4000000000000057,-0.5999999999999943,69.0,69.1,69.5,69.6,172.0,38.0,1.0,2448.0,False,False
2615,2022-10-28 10:35:53.255116,0.005788712011577601,-0.008620689655172376,0.4000000000000057,-0.5999999999999943,69.0,69.1,69.5,69.6,172.0,39.0,1.0,2448.0,False,False
2615,2022-10-28 10:35:53.402860,0.005788712011577601,-0.008620689655172376,0.4000000000000057,-0.5999999999999943,69.0,69.1,69.5,69.6,163.0,39.0,1.0,2448.0,False,False
2615,2022-10-28 10:35:53.442137,0.005788712011577601,-0.008620689655172376,0.4000000000000057,-0.5999999999999943,69.0,69.1,69.5,69.6,163.0,39.0,1.0,2448.0,False,False
2615,2022-10-28 10:35:53.491160,0.005788712011577601,-0.008620689655172376,0.4000000000000057,-0.5999999999999943,69.0,69.1,69.5,69.6,165.0,39.0,1.0,2448.0,False,False
2615,2022-10-28 10:35:54.301083,0.005788712011577601,-0.008620689655172376,0.4000000000000057,-0.5999999999999943,69.0,69.1,69.5,69.6,163.0,39.0,1.0,2448.0,False,False
2615,2022-10-28 10:35:54.323085,0.005788712011577601,-0.008620689655172376,0.4000000000000057,-0.5999999999999943,69.0,69.1,69.5,69.6,163.0,39.0,1.0,2448.0,False,False
2615,2022-10-28 10:35:54.368085,0.005788712011577601,-0.008620689655172376,0.4000000000000057,-0.5999999999999943,69.0,69.1,69.5,69.6,162.0,39.0,1.0,2448.0,False,False
2615,2022-10-28 10:35:55.319507,0.005788712011577601,-0.008620689655172376,0.4000000000000057,-0.5999999999999943,69.0,69.1,69.5,69.6,160.0,39.0,1.0,2448.0,False,False
2615,2022-10-28 10:35:56.239829,0.005788712011577601,-0.008620689655172376,0.4000000000000057,-0.5999999999999943,69.0,69.1,69.5,69.6,160.0,38.0,1.0,2448.0,False,False
2615,2022-10-28 10:35:57.072134,0.0028943560057888007,-0.0057636887608070175,0.20000000000000284,-0.4000000000000057,69.0,69.1,69.3,69.4,160.0,38.0,76.0,10045.0,True,True
2615,2022-10-28 10:35:59.105231,0.0028943560057888007,-0.0057636887608070175,0.20000000000000284,-0.4000000000000057,69.0,69.1,69.3,69.4,160.0,43.0,76.0,10045.0,False,False
2615,2022-10-28 10:35:59.140860,0.0028943560057888007,-0.0057636887608070175,0.20000000000000284,-0.4000000000000057,69.0,69.1,69.3,69.4,160.0,47.0,76.0,10045.0,False,False
2615,2022-10-28 10:35:59.266794,0.0028943560057888007,-0.0057636887608070175,0.20000000000000284,-0.4000000000000057,69.0,69.1,69.3,69.4,82.0,47.0,76.0,10045.0,False,False
2615,2022-10-28 10:35:59.298135,0.0028943560057888007,-0.0057636887608070175,0.20000000000000284,-0.4000000000000057,69.0,69.1,69.3,69.4,74.0,47.0,76.0,10045.0,False,False
2615,2022-10-28 10:35:59.320533,0.0028943560057888007,-0.0057636887608070175,0.20000000000000284,-0.4000000000000057,69.0,69.1,69.3,69.4,70.0,47.0,76.0,10045.0,False,False
2615,2022-10-28 10:35:59.344037,0.0028943560057888007,-0.0057636887608070175,0.20000000000000284,-0.4000000000000057,69.0,69.1,69.3,69.4,59.0,51.0,76.0,10045.0,False,False
2615,2022-10-28 10:35:59.341774,0.0028943560057888007,-0.0057636887608070175,0.20000000000000284,-0.4000000000000057,69.0,69.1,69.3,69.4,70.0,51.0,76.0,10045.0,False,False
2615,2022-10-28 10:35:59.360098,0.0028943560057888007,-0.0057636887608070175,0.20000000000000284,-0.4000000000000057,69.0,69.1,69.3,69.4,58.0,51.0,76.0,10045.0,False,False
2615,2022-10-28 10:35:59.376083,0.0028943560057888007,-0.007204610951008661,0.20000000000000284,-0.5,68.9,69.1,69.3,69.4,38.0,51.0,76.0,10045.0,False,False
2615,2022-10-28 10:35:59.384762,0.004347826086956497,-0.007204610951008661,0.29999999999999716,-0.5,68.9,69.0,69.3,69.4,37.0,3.0,76.0,10045.0,False,False
2615,2022-10-28 10:35:59.425305,0.004347826086956497,-0.007204610951008661,0.29999999999999716,-0.5,68.9,69.0,69.3,69.4,35.0,5.0,76.0,10045.0,False,False
2615,2022-10-28 10:35:59.436411,0.004347826086956497,-0.007204610951008661,0.29999999999999716,-0.5,68.9,69.0,69.3,69.4,35.0,4.0,76.0,10045.0,False,False
2615,2022-10-28 10:35:59.459384,0.004347826086956497,-0.007204610951008661,0.29999999999999716,-0.5,68.9,69.0,69.3,69.4,27.0,22.0,76.0,10045.0,False,False
2615,2022-10-28 10:35:59.461338,0.004347826086956497,-0.007204610951008661,0.29999999999999716,-0.5,68.9,69.0,69.3,69.4,27.0,20.0,76.0,10045.0,False,False
2615,2022-10-28 10:35:59.458496,0.004347826086956497,-0.007204610951008661,0.29999999999999716,-0.5,68.9,69.0,69.3,69.4,35.0,22.0,76.0,10045.0,False,False
2615,2022-10-28 10:35:59.509218,0.004347826086956497,-0.007204610951008661,0.29999999999999716,-0.5,68.9,69.0,69.3,69.4,26.0,20.0,76.0,10045.0,False,False
2615,2022-10-28 10:35:59.532709,0.004347826086956497,-0.007204610951008661,0.29999999999999716,-0.5,68.9,69.0,69.3,69.4,25.0,20.0,76.0,10045.0,False,False
2615,2022-10-28 10:35:59.586526,0.004347826086956497,-0.007204610951008661,0.29999999999999716,-0.5,68.9,69.0,69.3,69.4,25.0,22.0,76.0,10045.0,False,False
2615,2022-10-28 10:35:59.904313,0.004347826086956497,-0.007204610951008661,0.29999999999999716,-0.5,68.9,69.0,69.3,69.4,22.0,22.0,76.0,10045.0,False,False
2615,2022-10-28 10:35:59.969127,0.004347826086956497,-0.007204610951008661,0.29999999999999716,-0.5,68.9,69.0,69.3,69.4,22.0,22.0,76.0,10045.0,False,False
2615,2022-10-28 10:36:00.404705,0.004347826086956497,-0.007204610951008661,0.29999999999999716,-0.5,68.9,69.0,69.3,69.4,22.0,22.0,76.0,10045.0,False,False
2615,2022-10-28 10:36:00.460467,0.004347826086956497,-0.007204610951008661,0.29999999999999716,-0.5,68.9,69.0,69.3,69.4,19.0,22.0,76.0,10045.0,False,False
2615,2022-10-28 10:36:01.231436,0.004347826086956497,-0.007204610951008661,0.29999999999999716,-0.5,68.9,69.0,69.3,69.4,19.0,22.0,76.0,10045.0,False,False
2615,2022-10-28 10:36:01.263764,0.004347826086956497,-0.007204610951008661,0.29999999999999716,-0.5,68.9,69.0,69.3,69.4,19.0,22.0,76.0,10045.0,False,False
2615,2022-10-28 10:36:01.463990,0.004347826086956497,-0.007204610951008661,0.29999999999999716,-0.5,68.9,69.0,69.3,69.4,19.0,24.0,76.0,10045.0,False,False
2615,2022-10-28 10:36:01.979728,0.004347826086956497,-0.007204610951008661,0.29999999999999716,-0.5,68.9,69.0,69.3,69.4,15.0,24.0,76.0,10045.0,False,False
2615,2022-10-28 10:36:02.007694,0.004347826086956497,-0.007204610951008661,0.29999999999999716,-0.5,68.9,69.0,69.3,69.4,11.0,24.0,76.0,10045.0,False,False
2615,2022-10-28 10:36:02.007922,0.004347826086956497,-0.007204610951008661,0.29999999999999716,-0.5,68.9,69.0,69.3,69.4,10.0,24.0,76.0,10045.0,False,False
2615,2022-10-28 10:36:02.040434,0.004347826086956497,-0.007204610951008661,0.29999999999999716,-0.5,68.9,69.0,69.3,69.4,6.0,24.0,76.0,10045.0,False,False
2615,2022-10-28 10:36:02.040708,0.004347826086956497,-0.007204610951008661,0.29999999999999716,-0.5,68.9,69.0,69.3,69.4,5.0,24.0,76.0,10045.0,False,False
2615,2022-10-28 10:36:02.056851,0.004347826086956497,-0.007204610951008661,0.29999999999999716,-0.5,68.9,69.0,69.3,69.4,4.0,24.0,76.0,10045.0,False,False
2615,2022-10-28 10:36:02.091140,0.004347826086956497,-0.007204610951008661,0.29999999999999716,-0.5,68.9,69.0,69.3,69.4,4.0,30.0,76.0,10045.0,False,False
2615,2022-10-28 10:36:02.101476,0.004347826086956497,-0.008645533141210526,0.29999999999999716,-0.6000000000000085,68.8,69.0,69.3,69.4,230.0,30.0,76.0,10045.0,False,False
2615,2022-10-28 10:36:02.110937,0.004347826086956497,-0.008645533141210526,0.29999999999999716,-0.6000000000000085,68.8,69.0,69.3,69.4,230.0,30.0,76.0,10045.0,False,False
2615,2022-10-28 10:36:02.152655,0.005805515239477366,-0.008645533141210526,0.3999999999999915,-0.6000000000000085,68.8,68.9,69.3,69.4,229.0,4.0,76.0,10045.0,False,False
2615,2022-10-28 10:36:02.176426,0.005805515239477366,-0.008645533141210526,0.3999999999999915,-0.6000000000000085,68.8,68.9,69.3,69.4,226.0,6.0,76.0,10045.0,False,False
2615,2022-10-28 10:36:02.188204,0.005805515239477366,-0.008645533141210526,0.3999999999999915,-0.6000000000000085,68.8,68.9,69.3,69.4,213.0,6.0,76.0,10045.0,False,False
2615,2022-10-28 10:36:02.188502,0.005805515239477366,-0.008645533141210526,0.3999999999999915,-0.6000000000000085,68.8,68.9,69.3,69.4,200.0,6.0,76.0,10045.0,False,False
2615,2022-10-28 10:36:02.188816,0.005805515239477366,-0.008645533141210526,0.3999999999999915,-0.6000000000000085,68.8,68.9,69.3,69.4,199.0,6.0,76.0,10045.0,False,False
2615,2022-10-28 10:36:02.189867,0.005805515239477366,-0.008645533141210526,0.3999999999999915,-0.6000000000000085,68.8,68.9,69.3,69.4,198.0,6.0,76.0,10045.0,False,False
2615,2022-10-28 10:36:02.208690,0.005805515239477366,-0.008645533141210526,0.3999999999999915,-0.6000000000000085,68.8,68.9,69.3,69.4,197.0,6.0,76.0,10045.0,False,False
2615,2022-10-28 10:36:02.209350,0.005805515239477366,-0.008645533141210526,0.3999999999999915,-0.6000000000000085,68.8,68.9,69.3,69.4,196.0,6.0,76.0,10045.0,False,False
2615,2022-10-28 10:36:02.217941,0.005805515239477366,-0.008645533141210526,0.3999999999999915,-0.6000000000000085,68.8,68.9,69.3,69.4,196.0,15.0,76.0,10045.0,False,False
2615,2022-10-28 10:36:02.249587,0.005805515239477366,-0.008645533141210526,0.3999999999999915,-0.6000000000000085,68.8,68.9,69.3,69.4,191.0,20.0,76.0,10045.0,False,False
2615,2022-10-28 10:36:02.320413,0.005805515239477366,-0.008645533141210526,0.3999999999999915,-0.6000000000000085,68.8,68.9,69.3,69.4,190.0,20.0,76.0,10045.0,False,False
2615,2022-10-28 10:36:02.346789,0.005805515239477366,-0.008645533141210526,0.3999999999999915,-0.6000000000000085,68.8,68.9,69.3,69.4,190.0,20.0,76.0,10045.0,False,False
2615,2022-10-28 10:36:02.469904,0.005805515239477366,-0.008645533141210526,0.3999999999999915,-0.6000000000000085,68.8,68.9,69.3,69.4,190.0,20.0,76.0,10045.0,False,False
2615,2022-10-28 10:36:02.793106,0.005805515239477366,-0.008645533141210526,0.3999999999999915,-0.6000000000000085,68.8,68.9,69.3,69.4,192.0,20.0,76.0,10045.0,False,False
2615,2022-10-28 10:36:03.329029,0.005805515239477366,-0.008645533141210526,0.3999999999999915,-0.6000000000000085,68.8,68.9,69.3,69.4,194.0,20.0,76.0,10045.0,False,False
2615,2022-10-28 10:36:03.348464,0.004347826086956497,-0.008645533141210526,0.29999999999999716,-0.6000000000000085,68.8,69.0,69.3,69.4,194.0,26.0,76.0,10045.0,False,False
2615,2022-10-28 10:36:03.371028,0.004347826086956497,-0.008645533141210526,0.29999999999999716,-0.6000000000000085,68.8,69.0,69.3,69.4,194.0,26.0,76.0,10045.0,False,False
2615,2022-10-28 10:36:03.480259,0.005805515239477366,-0.008645533141210526,0.3999999999999915,-0.6000000000000085,68.8,68.9,69.3,69.4,194.0,1.0,76.0,10045.0,False,False
2615,2022-10-28 10:36:03.524854,0.004347826086956497,-0.008645533141210526,0.29999999999999716,-0.6000000000000085,68.8,69.0,69.3,69.4,197.0,15.0,76.0,10045.0,False,False
2615,2022-10-28 10:36:03.568645,0.005805515239477366,-0.008645533141210526,0.3999999999999915,-0.6000000000000085,68.8,68.9,69.3,69.4,199.0,3.0,76.0,10045.0,False,False
2615,2022-10-28 10:36:03.571671,0.005805515239477366,-0.008645533141210526,0.3999999999999915,-0.6000000000000085,68.8,68.9,69.3,69.4,199.0,2.0,76.0,10045.0,False,False
2615,2022-10-28 10:36:03.600361,0.004347826086956497,-0.008645533141210526,0.29999999999999716,-0.6000000000000085,68.8,69.0,69.3,69.4,199.0,15.0,76.0,10045.0,False,False
2615,2022-10-28 10:36:03.565546,0.005805515239477366,-0.008645533141210526,0.3999999999999915,-0.6000000000000085,68.8,68.9,69.3,69.4,199.0,4.0,76.0,10045.0,False,False
2615,2022-10-28 10:36:03.665398,0.004347826086956497,-0.007204610951008661,0.29999999999999716,-0.5,68.9,69.0,69.3,69.4,1.0,15.0,76.0,10045.0,False,False
2615,2022-10-28 10:36:04.122232,0.004347826086956497,-0.008645533141210526,0.29999999999999716,-0.6000000000000085,68.8,69.0,69.3,69.4,199.0,15.0,76.0,10045.0,False,False
2615,2022-10-28 10:36:04.143318,0.004347826086956497,-0.007204610951008661,0.29999999999999716,-0.5,68.9,69.0,69.3,69.4,3.0,15.0,76.0,10045.0,False,False
2615,2022-10-28 10:36:04.325633,0.004347826086956497,-0.007204610951008661,0.29999999999999716,-0.5,68.9,69.0,69.3,69.4,3.0,15.0,76.0,10045.0,False,False
2615,2022-10-28 10:36:04.581650,0.004347826086956497,-0.007204610951008661,0.29999999999999716,-0.5,68.9,69.0,69.3,69.4,3.0,15.0,76.0,10045.0,False,False
2615,2022-10-28 10:36:04.594272,0.004347826086956497,-0.007204610951008661,0.29999999999999716,-0.5,68.9,69.0,69.3,69.4,3.0,15.0,76.0,10045.0,False,False
2615,2022-10-28 10:36:04.715424,0.004347826086956497,-0.007204610951008661,0.29999999999999716,-0.5,68.9,69.0,69.3,69.4,5.0,20.0,76.0,10045.0,False,False
2615,2022-10-28 10:36:05.185543,0.004347826086956497,-0.007204610951008661,0.29999999999999716,-0.5,68.9,69.0,69.3,69.4,5.0,20.0,76.0,10045.0,False,False
2615,2022-10-28 10:36:05.216658,0.004347826086956497,-0.007204610951008661,0.29999999999999716,-0.5,68.9,69.0,69.3,69.4,5.0,20.0,76.0,10045.0,False,False
2615,2022-10-28 10:36:05.239814,0.004347826086956497,-0.007204610951008661,0.29999999999999716,-0.5,68.9,69.0,69.3,69.4,5.0,20.0,76.0,10045.0,False,False
2615,2022-10-28 10:36:05.629195,0.004347826086956497,-0.007204610951008661,0.29999999999999716,-0.5,68.9,69.0,69.3,69.4,5.0,20.0,76.0,10045.0,False,False
2615,2022-10-28 10:36:05.678174,0.004347826086956497,-0.007204610951008661,0.29999999999999716,-0.5,68.9,69.0,69.3,69.4,6.0,20.0,76.0,10045.0,False,False
2615,2022-10-28 10:36:05.800239,0.004347826086956497,-0.007204610951008661,0.29999999999999716,-0.5,68.9,69.0,69.3,69.4,8.0,20.0,76.0,10045.0,False,False
2615,2022-10-28 10:36:05.945041,0.004347826086956497,-0.007204610951008661,0.29999999999999716,-0.5,68.9,69.0,69.3,69.4,10.0,20.0,76.0,10045.0,False,False
2615,2022-10-28 10:36:06.636552,0.004347826086956497,-0.007204610951008661,0.29999999999999716,-0.5,68.9,69.0,69.3,69.4,11.0,20.0,76.0,10045.0,False,False
2615,2022-10-28 10:36:06.764519,0.004347826086956497,-0.007204610951008661,0.29999999999999716,-0.5,68.9,69.0,69.3,69.4,13.0,20.0,76.0,10045.0,False,False
2615,2022-10-28 10:36:06.825897,0.004347826086956497,-0.007204610951008661,0.29999999999999716,-0.5,68.9,69.0,69.3,69.4,8.0,20.0,76.0,10045.0,False,False
2615,2022-10-28 10:36:06.860194,0.004347826086956497,-0.007204610951008661,0.29999999999999716,-0.5,68.9,69.0,69.3,69.4,6.0,20.0,76.0,10045.0,False,False
2615,2022-10-28 10:36:07.103986,0.0014492753623187582,-0.00433526011560692,0.09999999999999432,-0.29999999999999716,68.9,69.0,69.1,69.2,6.0,20.0,10080.0,8317.0,True,True
2615,2022-10-28 10:36:07.690338,0.0014492753623187582,-0.00433526011560692,0.09999999999999432,-0.29999999999999716,68.9,69.0,69.1,69.2,6.0,20.0,10080.0,8317.0,False,False
2615,2022-10-28 10:36:07.776889,0.0014492753623187582,-0.00433526011560692,0.09999999999999432,-0.29999999999999716,68.9,69.0,69.1,69.2,6.0,20.0,10080.0,8317.0,False,False
2615,2022-10-28 10:36:07.782523,0.0014492753623187582,-0.00433526011560692,0.09999999999999432,-0.29999999999999716,68.9,69.0,69.1,69.2,6.0,20.0,10080.0,8317.0,False,False
2615,2022-10-28 10:36:08.288465,0.0014492753623187582,-0.00433526011560692,0.09999999999999432,-0.29999999999999716,68.9,69.0,69.1,69.2,9.0,20.0,10080.0,8317.0,False,False
2615,2022-10-28 10:36:08.524005,0.0014492753623187582,-0.00433526011560692,0.09999999999999432,-0.29999999999999716,68.9,69.0,69.1,69.2,10.0,20.0,10080.0,8317.0,False,False
2615,2022-10-28 10:36:08.740947,0.0014492753623187582,-0.00433526011560692,0.09999999999999432,-0.29999999999999716,68.9,69.0,69.1,69.2,9.0,20.0,10080.0,8317.0,False,False
2615,2022-10-28 10:36:08.790454,0.0014492753623187582,-0.00433526011560692,0.09999999999999432,-0.29999999999999716,68.9,69.0,69.1,69.2,10.0,20.0,10080.0,8317.0,False,False
2615,2022-10-28 10:36:09.418893,0.0014492753623187582,-0.00433526011560692,0.09999999999999432,-0.29999999999999716,68.9,69.0,69.1,69.2,12.0,20.0,10080.0,8317.0,False,False
2615,2022-10-28 10:36:09.467422,0.0014492753623187582,-0.00433526011560692,0.09999999999999432,-0.29999999999999716,68.9,69.0,69.1,69.2,12.0,20.0,10080.0,8317.0,False,False
2615,2022-10-28 10:36:09.712967,0.0014492753623187582,-0.00433526011560692,0.09999999999999432,-0.29999999999999716,68.9,69.0,69.1,69.2,12.0,20.0,10080.0,8317.0,False,False
2615,2022-10-28 10:36:12.895131,0.0014492753623187582,-0.00433526011560692,0.09999999999999432,-0.29999999999999716,68.9,69.0,69.1,69.2,21.0,20.0,10080.0,8317.0,False,False
2615,2022-10-28 10:36:12.933003,0.0,-0.00433526011560692,0.0,-0.29999999999999716,68.9,69.1,69.1,69.2,21.0,27.0,10080.0,8317.0,False,False
2615,2022-10-28 10:36:12.968749,0.0,-0.0028901734104046506,0.0,-0.20000000000000284,69.0,69.1,69.1,69.2,1.0,27.0,10080.0,8317.0,False,False
2615,2022-10-28 10:36:12.971606,-0.0014450867052023808,-0.0028901734104046506,-0.10000000000000853,-0.20000000000000284,69.0,69.2,69.1,69.2,1.0,35.0,10080.0,8317.0,False,False
2615,2022-10-28 10:36:13.045841,-0.0014450867052023808,-0.0014450867052023808,-0.10000000000000853,-0.10000000000000853,69.1,69.2,69.1,69.2,3.0,21.0,10080.0,8317.0,False,False
2615,2022-10-28 10:36:13.152225,-0.0014450867052023808,-0.0014450867052023808,-0.10000000000000853,-0.10000000000000853,69.1,69.2,69.1,69.2,3.0,21.0,10080.0,8317.0,False,False
2615,2022-10-28 10:36:13.351904,-0.0014450867052023808,-0.0014450867052023808,-0.10000000000000853,-0.10000000000000853,69.1,69.2,69.1,69.2,3.0,21.0,10080.0,8317.0,False,False
2615,2022-10-28 10:36:13.436326,-0.0014450867052023808,-0.0014450867052023808,-0.10000000000000853,-0.10000000000000853,69.1,69.2,69.1,69.2,3.0,24.0,10080.0,8317.0,False,False
2615,2022-10-28 10:36:13.495808,-0.0014450867052023808,-0.0014450867052023808,-0.10000000000000853,-0.10000000000000853,69.1,69.2,69.1,69.2,3.0,24.0,10080.0,8317.0,False,False
2615,2022-10-28 10:36:14.261143,-0.0014450867052023808,-0.0014450867052023808,-0.10000000000000853,-0.10000000000000853,69.1,69.2,69.1,69.2,3.0,24.0,10080.0,8317.0,False,False
2615,2022-10-28 10:36:15.564225,-0.0014450867052023808,-0.0028901734104046506,-0.10000000000000853,-0.20000000000000284,69.0,69.2,69.1,69.2,3.0,24.0,10080.0,8317.0,False,False
2615,2022-10-28 10:36:15.735749,-0.0014450867052023808,-0.0028901734104046506,-0.10000000000000853,-0.20000000000000284,69.0,69.2,69.1,69.2,3.0,24.0,10080.0,8317.0,False,False
2615,2022-10-28 10:36:16.224099,-0.0014450867052023808,-0.0028901734104046506,-0.10000000000000853,-0.20000000000000284,69.0,69.2,69.1,69.2,3.0,24.0,10080.0,8317.0,False,False
2615,2022-10-28 10:36:16.260989,-0.0014450867052023808,-0.0028901734104046506,-0.10000000000000853,-0.20000000000000284,69.0,69.2,69.1,69.2,1.0,24.0,10080.0,8317.0,False,False
2615,2022-10-28 10:36:16.368520,-0.0014450867052023808,-0.0028901734104046506,-0.10000000000000853,-0.20000000000000284,69.0,69.2,69.1,69.2,1.0,24.0,10080.0,8317.0,False,False
2615,2022-10-28 10:36:16.664539,-0.0014450867052023808,-0.0028901734104046506,-0.10000000000000853,-0.20000000000000284,69.0,69.2,69.1,69.2,1.0,24.0,10080.0,8317.0,False,False
2615,2022-10-28 10:36:17.131275,-0.0014450867052023808,-0.0028901734104046506,-0.10000000000000853,-0.20000000000000284,69.0,69.2,69.1,69.2,1.0,24.0,10080.0,7656.0,True,True
2615,2022-10-28 10:36:17.327024,0.0,-0.0028901734104046506,0.0,-0.20000000000000284,69.0,69.1,69.1,69.2,1.0,1.0,10080.0,7656.0,False,False
2615,2022-10-28 10:36:17.384255,-0.0014450867052023808,-0.0028901734104046506,-0.10000000000000853,-0.20000000000000284,69.0,69.2,69.1,69.2,1.0,24.0,10080.0,7656.0,False,False
2615,2022-10-28 10:36:17.398922,0.0,-0.0028901734104046506,0.0,-0.20000000000000284,69.0,69.1,69.1,69.2,1.0,1.0,10080.0,7656.0,False,False
2615,2022-10-28 10:36:17.449539,-0.0014450867052023808,-0.0028901734104046506,-0.10000000000000853,-0.20000000000000284,69.0,69.2,69.1,69.2,3.0,24.0,10080.0,7656.0,False,False
2615,2022-10-28 10:36:20.041993,-0.0014450867052023808,-0.0028901734104046506,-0.10000000000000853,-0.20000000000000284,69.0,69.2,69.1,69.2,4.0,24.0,10080.0,7656.0,False,False
2615,2022-10-28 10:36:20.082018,-0.0014450867052023808,-0.0028901734104046506,-0.10000000000000853,-0.20000000000000284,69.0,69.2,69.1,69.2,4.0,29.0,10080.0,7656.0,False,False
2615,2022-10-28 10:36:21.164470,-0.0014450867052023808,-0.0028901734104046506,-0.10000000000000853,-0.20000000000000284,69.0,69.2,69.1,69.2,5.0,29.0,10080.0,7656.0,False,False
2615,2022-10-28 10:36:21.409508,-0.0014450867052023808,-0.0028901734104046506,-0.10000000000000853,-0.20000000000000284,69.0,69.2,69.1,69.2,5.0,29.0,10080.0,7656.0,False,False
2615,2022-10-28 10:36:23.154287,-0.0014450867052023808,-0.0014450867052023808,-0.10000000000000853,-0.10000000000000853,69.1,69.2,69.1,69.2,1.0,29.0,10080.0,7656.0,False,False
2615,2022-10-28 10:36:23.215981,-0.0014450867052023808,-0.0014450867052023808,-0.10000000000000853,-0.10000000000000853,69.1,69.2,69.1,69.2,1.0,24.0,10080.0,7656.0,False,False
2615,2022-10-28 10:36:23.316269,-0.0014450867052023808,-0.0014450867052023808,-0.10000000000000853,-0.10000000000000853,69.1,69.2,69.1,69.2,1.0,24.0,10080.0,7656.0,False,False
2615,2022-10-28 10:36:23.399145,-0.0014450867052023808,-0.0014450867052023808,-0.10000000000000853,-0.10000000000000853,69.1,69.2,69.1,69.2,1.0,24.0,10080.0,7656.0,False,False
2615,2022-10-28 10:36:23.580070,-0.0014450867052023808,-0.0014450867052023808,-0.10000000000000853,-0.10000000000000853,69.1,69.2,69.1,69.2,1.0,24.0,10080.0,7656.0,False,False
2615,2022-10-28 10:36:23.690112,-0.0014450867052023808,-0.0014450867052023808,-0.10000000000000853,-0.10000000000000853,69.1,69.2,69.1,69.2,1.0,24.0,10080.0,7656.0,False,False
2615,2022-10-28 10:36:23.842122,-0.0014450867052023808,-0.0028901734104046506,-0.10000000000000853,-0.20000000000000284,69.0,69.2,69.1,69.2,6.0,24.0,10080.0,7656.0,False,False
2615,2022-10-28 10:36:23.840433,-0.0014450867052023808,-0.0014450867052023808,-0.10000000000000853,-0.10000000000000853,69.1,69.2,69.1,69.2,1.0,24.0,10080.0,7656.0,False,False
2615,2022-10-28 10:36:23.917891,-0.0014450867052023808,-0.0028901734104046506,-0.10000000000000853,-0.20000000000000284,69.0,69.2,69.1,69.2,6.0,24.0,10080.0,7656.0,False,False
2615,2022-10-28 10:36:23.967227,-0.0014450867052023808,-0.0028901734104046506,-0.10000000000000853,-0.20000000000000284,69.0,69.2,69.1,69.2,6.0,24.0,10080.0,7656.0,False,False
2615,2022-10-28 10:36:24.205234,-0.0014450867052023808,-0.0028901734104046506,-0.10000000000000853,-0.20000000000000284,69.0,69.2,69.1,69.2,6.0,24.0,10080.0,7656.0,False,False
2615,2022-10-28 10:36:24.164817,0.0,-0.0028901734104046506,0.0,-0.20000000000000284,69.0,69.1,69.1,69.2,6.0,2.0,10080.0,7656.0,False,False
2615,2022-10-28 10:36:24.321733,-0.0014450867052023808,-0.0028901734104046506,-0.10000000000000853,-0.20000000000000284,69.0,69.2,69.1,69.2,6.0,24.0,10080.0,7656.0,False,False
2615,2022-10-28 10:36:24.417982,-0.0014450867052023808,-0.0028901734104046506,-0.10000000000000853,-0.20000000000000284,69.0,69.2,69.1,69.2,6.0,24.0,10080.0,7656.0,False,False
2615,2022-10-28 10:36:24.429545,-0.0014450867052023808,-0.0028901734104046506,-0.10000000000000853,-0.20000000000000284,69.0,69.2,69.1,69.2,26.0,24.0,10080.0,7656.0,False,False
2615,2022-10-28 10:36:25.049577,-0.0014450867052023808,-0.0028901734104046506,-0.10000000000000853,-0.20000000000000284,69.0,69.2,69.1,69.2,26.0,24.0,10080.0,7656.0,False,False
2615,2022-10-28 10:36:25.132843,-0.0014450867052023808,-0.0028901734104046506,-0.10000000000000853,-0.20000000000000284,69.0,69.2,69.1,69.2,26.0,24.0,10080.0,7656.0,False,False
2615,2022-10-28 10:36:25.658911,-0.0014450867052023808,-0.0028901734104046506,-0.10000000000000853,-0.20000000000000284,69.0,69.2,69.1,69.2,26.0,24.0,10080.0,7656.0,False,False
2615,2022-10-28 10:36:26.325880,-0.0014450867052023808,-0.0028901734104046506,-0.10000000000000853,-0.20000000000000284,69.0,69.2,69.1,69.2,26.0,24.0,10080.0,7656.0,False,False
2615,2022-10-28 10:36:26.326512,-0.0014450867052023808,-0.0028901734104046506,-0.10000000000000853,-0.20000000000000284,69.0,69.2,69.1,69.2,26.0,24.0,10080.0,7656.0,False,False
2615,2022-10-28 10:36:26.431946,-0.0014450867052023808,-0.0028901734104046506,-0.10000000000000853,-0.20000000000000284,69.0,69.2,69.1,69.2,26.0,24.0,10080.0,7656.0,False,False
2615,2022-10-28 10:36:26.557119,-0.0014450867052023808,-0.0028901734104046506,-0.10000000000000853,-0.20000000000000284,69.0,69.2,69.1,69.2,26.0,24.0,10080.0,7656.0,False,False
2615,2022-10-28 10:36:26.918504,-0.0014450867052023808,-0.0028901734104046506,-0.10000000000000853,-0.20000000000000284,69.0,69.2,69.1,69.2,26.0,24.0,10080.0,7656.0,False,False
2615,2022-10-28 10:36:27.161097,-0.0014450867052023808,-0.0028901734104046506,-0.10000000000000853,-0.20000000000000284,69.0,69.2,69.1,69.2,26.0,24.0,10080.0,8705.0,True,True
2615,2022-10-28 10:36:27.463299,-0.0014450867052023808,-0.0028901734104046506,-0.10000000000000853,-0.20000000000000284,69.0,69.2,69.1,69.2,26.0,11.0,10080.0,8705.0,False,False
2615,2022-10-28 10:36:27.533564,-0.0014450867052023808,-0.0028901734104046506,-0.10000000000000853,-0.20000000000000284,69.0,69.2,69.1,69.2,26.0,11.0,10080.0,8705.0,False,False
2615,2022-10-28 10:36:27.575225,-0.0014450867052023808,-0.0028901734104046506,-0.10000000000000853,-0.20000000000000284,69.0,69.2,69.1,69.2,26.0,11.0,10080.0,8705.0,False,False
2615,2022-10-28 10:36:27.679270,-0.0014450867052023808,-0.0028901734104046506,-0.10000000000000853,-0.20000000000000284,69.0,69.2,69.1,69.2,26.0,11.0,10080.0,8705.0,False,False
2615,2022-10-28 10:36:27.803968,-0.0014450867052023808,-0.0028901734104046506,-0.10000000000000853,-0.20000000000000284,69.0,69.2,69.1,69.2,26.0,11.0,10080.0,8705.0,False,False
2615,2022-10-28 10:36:27.923183,-0.0014450867052023808,-0.0028901734104046506,-0.10000000000000853,-0.20000000000000284,69.0,69.2,69.1,69.2,38.0,11.0,10080.0,8705.0,False,False
2615,2022-10-28 10:36:28.029376,-0.0014450867052023808,-0.0028901734104046506,-0.10000000000000853,-0.20000000000000284,69.0,69.2,69.1,69.2,38.0,11.0,10080.0,8705.0,False,False
2615,2022-10-28 10:36:28.070610,-0.0014450867052023808,-0.0028901734104046506,-0.10000000000000853,-0.20000000000000284,69.0,69.2,69.1,69.2,38.0,11.0,10080.0,8705.0,False,False
2615,2022-10-28 10:36:28.189991,-0.0014450867052023808,-0.0028901734104046506,-0.10000000000000853,-0.20000000000000284,69.0,69.2,69.1,69.2,40.0,11.0,10080.0,8705.0,False,False
2615,2022-10-28 10:36:28.302758,-0.0014450867052023808,-0.0014450867052023808,-0.10000000000000853,-0.10000000000000853,69.1,69.2,69.1,69.2,3.0,11.0,10080.0,8705.0,False,False
2615,2022-10-28 10:36:28.703193,-0.0014450867052023808,-0.0014450867052023808,-0.10000000000000853,-0.10000000000000853,69.1,69.2,69.1,69.2,3.0,11.0,10080.0,8705.0,False,False
2615,2022-10-28 10:36:28.911177,-0.0014450867052023808,-0.0014450867052023808,-0.10000000000000853,-0.10000000000000853,69.1,69.2,69.1,69.2,3.0,11.0,10080.0,8705.0,False,False
2615,2022-10-28 10:36:28.938318,-0.0014450867052023808,-0.0014450867052023808,-0.10000000000000853,-0.10000000000000853,69.1,69.2,69.1,69.2,3.0,11.0,10080.0,8705.0,False,False
2615,2022-10-28 10:36:29.074978,-0.0014450867052023808,-0.0014450867052023808,-0.10000000000000853,-0.10000000000000853,69.1,69.2,69.1,69.2,3.0,11.0,10080.0,8705.0,False,False
2615,2022-10-28 10:36:29.121953,-0.0014450867052023808,-0.0014450867052023808,-0.10000000000000853,-0.10000000000000853,69.1,69.2,69.1,69.2,3.0,11.0,10080.0,8705.0,False,False
2615,2022-10-28 10:36:29.256441,-0.0014450867052023808,-0.0014450867052023808,-0.10000000000000853,-0.10000000000000853,69.1,69.2,69.1,69.2,3.0,12.0,10080.0,8705.0,False,False
2615,2022-10-28 10:36:29.737596,-0.0014450867052023808,-0.0014450867052023808,-0.10000000000000853,-0.10000000000000853,69.1,69.2,69.1,69.2,3.0,12.0,10080.0,8705.0,False,False
2615,2022-10-28 10:36:29.883804,-0.0014450867052023808,-0.0014450867052023808,-0.10000000000000853,-0.10000000000000853,69.1,69.2,69.1,69.2,3.0,12.0,10080.0,8705.0,False,False
2615,2022-10-28 10:36:29.885751,-0.0014450867052023808,-0.0014450867052023808,-0.10000000000000853,-0.10000000000000853,69.1,69.2,69.1,69.2,4.0,12.0,10080.0,8705.0,False,False
2615,2022-10-28 10:36:30.577656,-0.0014450867052023808,-0.0014450867052023808,-0.10000000000000853,-0.10000000000000853,69.1,69.2,69.1,69.2,4.0,12.0,10080.0,8705.0,False,False
2615,2022-10-28 10:36:31.196628,-0.0014450867052023808,-0.0014450867052023808,-0.10000000000000853,-0.10000000000000853,69.1,69.2,69.1,69.2,4.0,12.0,10080.0,8705.0,False,False
2615,2022-10-28 10:36:31.401298,-0.0014450867052023808,-0.0014450867052023808,-0.10000000000000853,-0.10000000000000853,69.1,69.2,69.1,69.2,4.0,12.0,10080.0,8705.0,False,False
2615,2022-10-28 10:36:31.425200,-0.0014450867052023808,-0.0014450867052023808,-0.10000000000000853,-0.10000000000000853,69.1,69.2,69.1,69.2,2.0,12.0,10080.0,8705.0,False,False
2615,2022-10-28 10:36:32.163887,-0.0014450867052023808,-0.0014450867052023808,-0.10000000000000853,-0.10000000000000853,69.1,69.2,69.1,69.2,2.0,12.0,10080.0,8705.0,False,False
2615,2022-10-28 10:36:32.454147,-0.0014450867052023808,-0.0014450867052023808,-0.10000000000000853,-0.10000000000000853,69.1,69.2,69.1,69.2,2.0,12.0,10080.0,8705.0,False,False
2615,2022-10-28 10:36:32.862648,-0.0014450867052023808,-0.0028901734104046506,-0.10000000000000853,-0.20000000000000284,69.0,69.2,69.1,69.2,38.0,12.0,10080.0,8705.0,False,False
2615,2022-10-28 10:36:32.894433,-0.0014450867052023808,-0.0028901734104046506,-0.10000000000000853,-0.20000000000000284,69.0,69.2,69.1,69.2,36.0,12.0,10080.0,8705.0,False,False
2615,2022-10-28 10:36:32.930823,-0.0014450867052023808,-0.0028901734104046506,-0.10000000000000853,-0.20000000000000284,69.0,69.2,69.1,69.2,36.0,19.0,10080.0,8705.0,False,False
2615,2022-10-28 10:36:33.190574,-0.0014450867052023808,-0.0028901734104046506,-0.10000000000000853,-0.20000000000000284,69.0,69.2,69.1,69.2,36.0,19.0,10080.0,8705.0,False,False
2615,2022-10-28 10:36:33.519852,-0.0014450867052023808,-0.0014450867052023808,-0.10000000000000853,-0.10000000000000853,69.1,69.2,69.1,69.2,1.0,19.0,10080.0,8705.0,False,False
2615,2022-10-28 10:36:33.586376,-0.0014450867052023808,-0.0014450867052023808,-0.10000000000000853,-0.10000000000000853,69.1,69.2,69.1,69.2,1.0,19.0,10080.0,8705.0,False,False
2615,2022-10-28 10:36:34.217820,-0.0014450867052023808,-0.0014450867052023808,-0.10000000000000853,-0.10000000000000853,69.1,69.2,69.1,69.2,1.0,19.0,10080.0,8705.0,False,False
2615,2022-10-28 10:36:34.271037,-0.0014450867052023808,-0.0014450867052023808,-0.10000000000000853,-0.10000000000000853,69.1,69.2,69.1,69.2,1.0,19.0,10080.0,8705.0,False,False
2615,2022-10-28 10:36:34.357845,-0.0014450867052023808,-0.0014450867052023808,-0.10000000000000853,-0.10000000000000853,69.1,69.2,69.1,69.2,1.0,19.0,10080.0,8705.0,False,False
2615,2022-10-28 10:36:34.492964,-0.0014450867052023808,-0.0014450867052023808,-0.10000000000000853,-0.10000000000000853,69.1,69.2,69.1,69.2,1.0,19.0,10080.0,8705.0,False,False
2615,2022-10-28 10:36:35.398710,-0.0014450867052023808,-0.0014450867052023808,-0.10000000000000853,-0.10000000000000853,69.1,69.2,69.1,69.2,1.0,19.0,10080.0,8705.0,False,False
2615,2022-10-28 10:36:35.434096,-0.0014450867052023808,-0.0014450867052023808,-0.10000000000000853,-0.10000000000000853,69.1,69.2,69.1,69.2,1.0,19.0,10080.0,8705.0,False,False
2615,2022-10-28 10:36:35.920458,-0.0014450867052023808,-0.0014450867052023808,-0.10000000000000853,-0.10000000000000853,69.1,69.2,69.1,69.2,1.0,18.0,10080.0,8705.0,False,False
2615,2022-10-28 10:36:35.961065,-0.0014450867052023808,-0.0014450867052023808,-0.10000000000000853,-0.10000000000000853,69.1,69.2,69.1,69.2,1.0,14.0,10080.0,8705.0,False,False
2615,2022-10-28 10:36:37.189995,-0.0014450867052023808,-0.0014450867052023808,-0.10000000000000853,-0.10000000000000853,69.1,69.2,69.1,69.2,1.0,14.0,10080.0,8700.0,True,True
2615,2022-10-28 10:36:37.792166,-0.0014450867052023808,-0.0028901734104046506,-0.10000000000000853,-0.20000000000000284,69.0,69.2,69.1,69.2,39.0,14.0,10080.0,8700.0,False,False
2615,2022-10-28 10:36:37.813371,-0.0014450867052023808,-0.0028901734104046506,-0.10000000000000853,-0.20000000000000284,69.0,69.2,69.1,69.2,41.0,14.0,10080.0,8700.0,False,False
2615,2022-10-28 10:36:37.816381,-0.0014450867052023808,-0.0014450867052023808,-0.10000000000000853,-0.10000000000000853,69.1,69.2,69.1,69.2,1.0,14.0,10080.0,8700.0,False,False
2615,2022-10-28 10:36:37.982058,-0.0014450867052023808,-0.0014450867052023808,-0.10000000000000853,-0.10000000000000853,69.1,69.2,69.1,69.2,1.0,14.0,10080.0,8700.0,False,False
2615,2022-10-28 10:36:39.744011,0.0,-0.0028901734104046506,0.0,-0.20000000000000284,69.0,69.1,69.1,69.2,41.0,19.0,10080.0,8700.0,False,False
2615,2022-10-28 10:36:39.774281,0.0,-0.0028901734104046506,0.0,-0.20000000000000284,69.0,69.1,69.1,69.2,41.0,19.0,10080.0,8700.0,False,False
2615,2022-10-28 10:36:39.796823,-0.0014450867052023808,-0.0028901734104046506,-0.10000000000000853,-0.20000000000000284,69.0,69.2,69.1,69.2,41.0,12.0,10080.0,8700.0,False,False
2615,2022-10-28 10:36:39.816178,0.0,-0.0028901734104046506,0.0,-0.20000000000000284,69.0,69.1,69.1,69.2,41.0,1.0,10080.0,8700.0,False,False
2615,2022-10-28 10:36:39.824470,-0.0014450867052023808,-0.0028901734104046506,-0.10000000000000853,-0.20000000000000284,69.0,69.2,69.1,69.2,41.0,12.0,10080.0,8700.0,False,False
2615,2022-10-28 10:36:39.915652,-0.0014450867052023808,-0.0014450867052023808,-0.10000000000000853,-0.10000000000000853,69.1,69.2,69.1,69.2,1.0,12.0,10080.0,8700.0,False,False
2615,2022-10-28 10:36:40.172756,-0.0014450867052023808,-0.0014450867052023808,-0.10000000000000853,-0.10000000000000853,69.1,69.2,69.1,69.2,3.0,12.0,10080.0,8700.0,False,False
2615,2022-10-28 10:36:40.745552,-0.0014450867052023808,-0.0014450867052023808,-0.10000000000000853,-0.10000000000000853,69.1,69.2,69.1,69.2,1.0,12.0,10080.0,8700.0,False,False
2615,2022-10-28 10:36:40.769410,-0.0014450867052023808,-0.0028901734104046506,-0.10000000000000853,-0.20000000000000284,69.0,69.2,69.1,69.2,40.0,14.0,10080.0,8700.0,False,False
2615,2022-10-28 10:36:40.745603,-0.0014450867052023808,-0.0028901734104046506,-0.10000000000000853,-0.20000000000000284,69.0,69.2,69.1,69.2,41.0,14.0,10080.0,8700.0,False,False
2615,2022-10-28 10:36:40.942001,-0.0014450867052023808,-0.0028901734104046506,-0.10000000000000853,-0.20000000000000284,69.0,69.2,69.1,69.2,38.0,14.0,10080.0,8700.0,False,False
2615,2022-10-28 10:36:41.042172,-0.0014450867052023808,-0.0028901734104046506,-0.10000000000000853,-0.20000000000000284,69.0,69.2,69.1,69.2,38.0,19.0,10080.0,8700.0,False,False
2615,2022-10-28 10:36:41.165461,-0.0014450867052023808,-0.0028901734104046506,-0.10000000000000853,-0.20000000000000284,69.0,69.2,69.1,69.2,38.0,19.0,10080.0,8700.0,False,False
2615,2022-10-28 10:36:41.473285,-0.0014450867052023808,-0.0028901734104046506,-0.10000000000000853,-0.20000000000000284,69.0,69.2,69.1,69.2,38.0,19.0,10080.0,8700.0,False,False
2615,2022-10-28 10:36:41.966121,-0.0014450867052023808,-0.0028901734104046506,-0.10000000000000853,-0.20000000000000284,69.0,69.2,69.1,69.2,38.0,19.0,10080.0,8700.0,False,False
2615,2022-10-28 10:36:41.969190,-0.0014450867052023808,-0.0028901734104046506,-0.10000000000000853,-0.20000000000000284,69.0,69.2,69.1,69.2,40.0,19.0,10080.0,8700.0,False,False
2615,2022-10-28 10:36:42.251650,-0.0014450867052023808,-0.0014450867052023808,-0.10000000000000853,-0.10000000000000853,69.1,69.2,69.1,69.2,2.0,19.0,10080.0,8700.0,False,False
2615,2022-10-28 10:36:42.278961,-0.0014450867052023808,-0.0014450867052023808,-0.10000000000000853,-0.10000000000000853,69.1,69.2,69.1,69.2,2.0,15.0,10080.0,8700.0,False,False
2615,2022-10-28 10:36:42.463776,-0.0014450867052023808,-0.0014450867052023808,-0.10000000000000853,-0.10000000000000853,69.1,69.2,69.1,69.2,2.0,15.0,10080.0,8700.0,False,False
2615,2022-10-28 10:36:42.524698,-0.0014450867052023808,-0.0014450867052023808,-0.10000000000000853,-0.10000000000000853,69.1,69.2,69.1,69.2,2.0,15.0,10080.0,8700.0,False,False
2615,2022-10-28 10:36:42.729604,-0.0014450867052023808,-0.0014450867052023808,-0.10000000000000853,-0.10000000000000853,69.1,69.2,69.1,69.2,2.0,15.0,10080.0,8700.0,False,False
2615,2022-10-28 10:36:42.745087,-0.0014450867052023808,-0.0014450867052023808,-0.10000000000000853,-0.10000000000000853,69.1,69.2,69.1,69.2,2.0,15.0,10080.0,8700.0,False,False
2615,2022-10-28 10:36:42.963191,-0.0014450867052023808,-0.0014450867052023808,-0.10000000000000853,-0.10000000000000853,69.1,69.2,69.1,69.2,2.0,15.0,10080.0,8700.0,False,False
2615,2022-10-28 10:36:43.280298,-0.0014450867052023808,-0.0014450867052023808,-0.10000000000000853,-0.10000000000000853,69.1,69.2,69.1,69.2,2.0,15.0,10080.0,8700.0,False,False
2615,2022-10-28 10:36:44.964908,-0.0014450867052023808,-0.0014450867052023808,-0.10000000000000853,-0.10000000000000853,69.1,69.2,69.1,69.2,2.0,15.0,10080.0,8700.0,False,False
2615,2022-10-28 10:36:45.048534,-0.0014450867052023808,-0.0014450867052023808,-0.10000000000000853,-0.10000000000000853,69.1,69.2,69.1,69.2,2.0,15.0,10080.0,8700.0,False,False
2615,2022-10-28 10:36:45.235732,-0.0014450867052023808,-0.0014450867052023808,-0.10000000000000853,-0.10000000000000853,69.1,69.2,69.1,69.2,2.0,15.0,10080.0,8700.0,False,False
2615,2022-10-28 10:36:45.499185,-0.0014450867052023808,-0.0014450867052023808,-0.10000000000000853,-0.10000000000000853,69.1,69.2,69.1,69.2,2.0,15.0,10080.0,8700.0,False,False
2615,2022-10-28 10:36:46.119619,-0.0014450867052023808,-0.0014450867052023808,-0.10000000000000853,-0.10000000000000853,69.1,69.2,69.1,69.2,2.0,13.0,10080.0,8700.0,False,False
2615,2022-10-28 10:36:46.151041,-0.0014450867052023808,-0.0014450867052023808,-0.10000000000000853,-0.10000000000000853,69.1,69.2,69.1,69.2,2.0,12.0,10080.0,8700.0,False,False
2615,2022-10-28 10:36:46.247325,-0.0014450867052023808,-0.0014450867052023808,-0.10000000000000853,-0.10000000000000853,69.1,69.2,69.1,69.2,1.0,12.0,10080.0,8700.0,False,False
2615,2022-10-28 10:36:46.270645,-0.0014450867052023808,-0.0014450867052023808,-0.10000000000000853,-0.10000000000000853,69.1,69.2,69.1,69.2,1.0,14.0,10080.0,8700.0,False,False
2615,2022-10-28 10:36:46.755634,-0.0014450867052023808,-0.0014450867052023808,-0.10000000000000853,-0.10000000000000853,69.1,69.2,69.1,69.2,1.0,15.0,10080.0,8700.0,False,False
2615,2022-10-28 10:36:46.784520,-0.0014450867052023808,-0.0014450867052023808,-0.10000000000000853,-0.10000000000000853,69.1,69.2,69.1,69.2,1.0,15.0,10080.0,8700.0,False,False
2615,2022-10-28 10:36:46.950178,-0.0014450867052023808,-0.0014450867052023808,-0.10000000000000853,-0.10000000000000853,69.1,69.2,69.1,69.2,1.0,15.0,10080.0,8700.0,False,False
2615,2022-10-28 10:36:47.065751,-0.0014450867052023808,-0.0014450867052023808,-0.10000000000000853,-0.10000000000000853,69.1,69.2,69.1,69.2,1.0,15.0,10080.0,8700.0,False,False
2615,2022-10-28 10:36:47.107109,-0.0014450867052023808,-0.0014450867052023808,-0.10000000000000853,-0.10000000000000853,69.1,69.2,69.1,69.2,1.0,15.0,10080.0,8700.0,False,False
2615,2022-10-28 10:36:47.214923,-0.0014450867052023808,-0.0014450867052023808,-0.10000000000000853,-0.10000000000000853,69.1,69.2,69.1,69.2,1.0,15.0,9874.0,9990.0,True,True
2615,2022-10-28 10:36:47.343985,-0.0014450867052023808,-0.0014450867052023808,-0.10000000000000853,-0.10000000000000853,69.1,69.2,69.1,69.2,1.0,15.0,9874.0,9990.0,False,False
2615,2022-10-28 10:36:47.469762,-0.0014450867052023808,-0.0014450867052023808,-0.10000000000000853,-0.10000000000000853,69.1,69.2,69.1,69.2,1.0,15.0,9874.0,9990.0,False,False
2615,2022-10-28 10:36:47.501948,-0.0014450867052023808,-0.0014450867052023808,-0.10000000000000853,-0.10000000000000853,69.1,69.2,69.1,69.2,1.0,15.0,9874.0,9990.0,False,False
2615,2022-10-28 10:36:47.668293,-0.0014450867052023808,-0.0014450867052023808,-0.10000000000000853,-0.10000000000000853,69.1,69.2,69.1,69.2,1.0,15.0,9874.0,9990.0,False,False
2615,2022-10-28 10:36:47.903750,-0.0014450867052023808,-0.0014450867052023808,-0.10000000000000853,-0.10000000000000853,69.1,69.2,69.1,69.2,1.0,15.0,9874.0,9990.0,False,False
2615,2022-10-28 10:36:48.391261,-0.0014450867052023808,-0.0014450867052023808,-0.10000000000000853,-0.10000000000000853,69.1,69.2,69.1,69.2,1.0,14.0,9874.0,9990.0,False,False
2615,2022-10-28 10:36:48.432124,-0.0014450867052023808,-0.0014450867052023808,-0.10000000000000853,-0.10000000000000853,69.1,69.2,69.1,69.2,1.0,14.0,9874.0,9990.0,False,False
2615,2022-10-28 10:36:49.448051,-0.0014450867052023808,-0.0014450867052023808,-0.10000000000000853,-0.10000000000000853,69.1,69.2,69.1,69.2,1.0,14.0,9874.0,9990.0,False,False
2615,2022-10-28 10:36:49.556875,-0.0014450867052023808,-0.0014450867052023808,-0.10000000000000853,-0.10000000000000853,69.1,69.2,69.1,69.2,1.0,12.0,9874.0,9990.0,False,False
2615,2022-10-28 10:36:49.561697,-0.0014450867052023808,-0.0014450867052023808,-0.10000000000000853,-0.10000000000000853,69.1,69.2,69.1,69.2,4.0,12.0,9874.0,9990.0,False,False
2615,2022-10-28 10:36:49.705825,-0.0014450867052023808,-0.0014450867052023808,-0.10000000000000853,-0.10000000000000853,69.1,69.2,69.1,69.2,5.0,12.0,9874.0,9990.0,False,False
2615,2022-10-28 10:36:49.726431,-0.0014450867052023808,-0.0014450867052023808,-0.10000000000000853,-0.10000000000000853,69.1,69.2,69.1,69.2,5.0,12.0,9874.0,9990.0,False,False
2615,2022-10-28 10:36:50.143879,-0.0014450867052023808,-0.0014450867052023808,-0.10000000000000853,-0.10000000000000853,69.1,69.2,69.1,69.2,5.0,12.0,9874.0,9990.0,False,False
2615,2022-10-28 10:36:50.758552,-0.0014450867052023808,-0.0014450867052023808,-0.10000000000000853,-0.10000000000000853,69.1,69.2,69.1,69.2,5.0,12.0,9874.0,9990.0,False,False
2615,2022-10-28 10:36:50.911237,-0.0014450867052023808,-0.0014450867052023808,-0.10000000000000853,-0.10000000000000853,69.1,69.2,69.1,69.2,5.0,11.0,9874.0,9990.0,False,False
2615,2022-10-28 10:36:51.254567,-0.0014450867052023808,-0.0014450867052023808,-0.10000000000000853,-0.10000000000000853,69.1,69.2,69.1,69.2,7.0,11.0,9874.0,9990.0,False,False
2615,2022-10-28 10:36:51.440047,-0.0014450867052023808,-0.0014450867052023808,-0.10000000000000853,-0.10000000000000853,69.1,69.2,69.1,69.2,5.0,11.0,9874.0,9990.0,False,False
2615,2022-10-28 10:36:51.469462,-0.0014450867052023808,-0.0014450867052023808,-0.10000000000000853,-0.10000000000000853,69.1,69.2,69.1,69.2,5.0,11.0,9874.0,9990.0,False,False
2615,2022-10-28 10:36:51.699047,-0.0014450867052023808,-0.0014450867052023808,-0.10000000000000853,-0.10000000000000853,69.1,69.2,69.1,69.2,6.0,11.0,9874.0,9990.0,False,False
2615,2022-10-28 10:36:52.102417,-0.0014450867052023808,-0.0014450867052023808,-0.10000000000000853,-0.10000000000000853,69.1,69.2,69.1,69.2,6.0,11.0,9874.0,9990.0,False,False
2615,2022-10-28 10:36:52.724105,-0.0014450867052023808,-0.0014450867052023808,-0.10000000000000853,-0.10000000000000853,69.1,69.2,69.1,69.2,7.0,11.0,9874.0,9990.0,False,False
2615,2022-10-28 10:36:53.008936,-0.0014450867052023808,-0.0014450867052023808,-0.10000000000000853,-0.10000000000000853,69.1,69.2,69.1,69.2,8.0,11.0,9874.0,9990.0,False,False
2615,2022-10-28 10:36:54.298324,-0.0014450867052023808,-0.0014450867052023808,-0.10000000000000853,-0.10000000000000853,69.1,69.2,69.1,69.2,9.0,11.0,9874.0,9990.0,False,False
2615,2022-10-28 10:36:54.725319,-0.0014450867052023808,-0.0014450867052023808,-0.10000000000000853,-0.10000000000000853,69.1,69.2,69.1,69.2,8.0,11.0,9874.0,9990.0,False,False
2615,2022-10-28 10:36:55.472590,-0.0014450867052023808,-0.0014450867052023808,-0.10000000000000853,-0.10000000000000853,69.1,69.2,69.1,69.2,7.0,11.0,9874.0,9990.0,False,False
2615,2022-10-28 10:36:55.505725,-0.0014450867052023808,-0.0014450867052023808,-0.10000000000000853,-0.10000000000000853,69.1,69.2,69.1,69.2,7.0,11.0,9874.0,9990.0,False,False
2615,2022-10-28 10:36:55.512949,-0.0014450867052023808,-0.0014450867052023808,-0.10000000000000853,-0.10000000000000853,69.1,69.2,69.1,69.2,7.0,11.0,9874.0,9990.0,False,False
2615,2022-10-28 10:36:55.712181,-0.0014450867052023808,-0.0014450867052023808,-0.10000000000000853,-0.10000000000000853,69.1,69.2,69.1,69.2,9.0,11.0,9874.0,9990.0,False,False
2615,2022-10-28 10:36:57.244971,-0.0014450867052023808,-0.0014450867052023808,-0.10000000000000853,-0.10000000000000853,69.1,69.2,69.1,69.2,9.0,11.0,6762.0,9990.0,True,True
2615,2022-10-28 10:36:57.936808,-0.0014450867052023808,-0.0014450867052023808,-0.10000000000000853,-0.10000000000000853,69.1,69.2,69.1,69.2,10.0,11.0,6762.0,9990.0,False,False
2615,2022-10-28 10:36:58.819227,-0.0014450867052023808,-0.0014450867052023808,-0.10000000000000853,-0.10000000000000853,69.1,69.2,69.1,69.2,7.0,11.0,6762.0,9990.0,False,False
2615,2022-10-28 10:36:59.370347,-0.0014450867052023808,-0.0014450867052023808,-0.10000000000000853,-0.10000000000000853,69.1,69.2,69.1,69.2,6.0,11.0,6762.0,9990.0,False,False
2615,2022-10-28 10:36:59.410118,-0.0014450867052023808,-0.0014450867052023808,-0.10000000000000853,-0.10000000000000853,69.1,69.2,69.1,69.2,6.0,11.0,6762.0,9990.0,False,False
2615,2022-10-28 10:36:59.824275,-0.0014450867052023808,-0.0014450867052023808,-0.10000000000000853,-0.10000000000000853,69.1,69.2,69.1,69.2,7.0,11.0,6762.0,9990.0,False,False
2615,2022-10-28 10:37:01.103876,-0.0014450867052023808,-0.0014450867052023808,-0.10000000000000853,-0.10000000000000853,69.1,69.2,69.1,69.2,4.0,11.0,6762.0,9990.0,False,False
2615,2022-10-28 10:37:01.125840,-0.0014450867052023808,-0.0014450867052023808,-0.10000000000000853,-0.10000000000000853,69.1,69.2,69.1,69.2,2.0,11.0,6762.0,9990.0,False,False
2615,2022-10-28 10:37:01.149031,-0.0014450867052023808,-0.0014450867052023808,-0.10000000000000853,-0.10000000000000853,69.1,69.2,69.1,69.2,4.0,11.0,6762.0,9990.0,False,False
2615,2022-10-28 10:37:01.320705,-0.0014450867052023808,-0.0014450867052023808,-0.10000000000000853,-0.10000000000000853,69.1,69.2,69.1,69.2,4.0,11.0,6762.0,9990.0,False,False
2615,2022-10-28 10:37:01.404732,-0.0014450867052023808,-0.0014450867052023808,-0.10000000000000853,-0.10000000000000853,69.1,69.2,69.1,69.2,4.0,11.0,6762.0,9990.0,False,False
2615,2022-10-28 10:37:01.521026,-0.0014450867052023808,-0.0014450867052023808,-0.10000000000000853,-0.10000000000000853,69.1,69.2,69.1,69.2,6.0,11.0,6762.0,9990.0,False,False
2615,2022-10-28 10:37:03.095698,-0.0014450867052023808,-0.0014450867052023808,-0.10000000000000853,-0.10000000000000853,69.1,69.2,69.1,69.2,4.0,11.0,6762.0,9990.0,False,False
2615,2022-10-28 10:37:03.095810,-0.0014450867052023808,-0.0014450867052023808,-0.10000000000000853,-0.10000000000000853,69.1,69.2,69.1,69.2,3.0,11.0,6762.0,9990.0,False,False
2615,2022-10-28 10:37:03.229823,-0.0014450867052023808,-0.0014450867052023808,-0.10000000000000853,-0.10000000000000853,69.1,69.2,69.1,69.2,4.0,11.0,6762.0,9990.0,False,False
2615,2022-10-28 10:37:03.253018,-0.0014450867052023808,-0.0014450867052023808,-0.10000000000000853,-0.10000000000000853,69.1,69.2,69.1,69.2,5.0,11.0,6762.0,9990.0,False,False
2615,2022-10-28 10:37:04.163666,-0.0014450867052023808,-0.0014450867052023808,-0.10000000000000853,-0.10000000000000853,69.1,69.2,69.1,69.2,6.0,11.0,6762.0,9990.0,False,False
2615,2022-10-28 10:37:04.900595,-0.0014450867052023808,-0.0014450867052023808,-0.10000000000000853,-0.10000000000000853,69.1,69.2,69.1,69.2,4.0,11.0,6762.0,9990.0,False,False
2615,2022-10-28 10:37:04.932842,-0.0014450867052023808,-0.0014450867052023808,-0.10000000000000853,-0.10000000000000853,69.1,69.2,69.1,69.2,3.0,11.0,6762.0,9990.0,False,False
2615,2022-10-28 10:37:06.469599,-0.0028901734104046506,0.0,-0.20000000000000284,0.0,69.1,69.2,69.0,69.1,3.0,11.0,292.0,3228.0,False,True
2615,2022-10-28 10:37:07.073375,-0.0028901734104046506,0.0,-0.20000000000000284,0.0,69.1,69.2,69.0,69.1,2.0,11.0,292.0,3228.0,False,False
2615,2022-10-28 10:37:07.075261,-0.0028901734104046506,0.0,-0.20000000000000284,0.0,69.1,69.2,69.0,69.1,4.0,11.0,292.0,3228.0,False,False
2615,2022-10-28 10:37:07.095064,-0.0028901734104046506,0.0,-0.20000000000000284,0.0,69.1,69.2,69.0,69.1,2.0,11.0,292.0,3228.0,False,False
2615,2022-10-28 10:37:07.098579,-0.0028901734104046506,0.0,-0.20000000000000284,0.0,69.1,69.2,69.0,69.1,4.0,11.0,292.0,3228.0,False,False
2615,2022-10-28 10:37:07.323732,-0.0028901734104046506,0.0,-0.20000000000000284,0.0,69.1,69.2,69.0,69.1,4.0,11.0,292.0,3228.0,False,False
2615,2022-10-28 10:37:07.356288,-0.0028901734104046506,0.0,-0.20000000000000284,0.0,69.1,69.2,69.0,69.1,1.0,11.0,292.0,3228.0,False,False
2615,2022-10-28 10:37:07.424526,-0.0028901734104046506,0.0,-0.20000000000000284,0.0,69.1,69.2,69.0,69.1,1.0,13.0,292.0,3228.0,False,False
2615,2022-10-28 10:37:07.506346,-0.0028901734104046506,0.0,-0.20000000000000284,0.0,69.1,69.2,69.0,69.1,1.0,14.0,292.0,3228.0,False,False
2615,2022-10-28 10:37:07.912582,-0.0028901734104046506,0.0,-0.20000000000000284,0.0,69.1,69.2,69.0,69.1,1.0,13.0,292.0,3228.0,False,False
2615,2022-10-28 10:37:07.946503,-0.0028901734104046506,0.0,-0.20000000000000284,0.0,69.1,69.2,69.0,69.1,1.0,11.0,292.0,3228.0,False,False
2615,2022-10-28 10:37:07.991481,-0.0028901734104046506,0.0,-0.20000000000000284,0.0,69.1,69.2,69.0,69.1,1.0,13.0,292.0,3228.0,False,False
2615,2022-10-28 10:37:08.068893,-0.0028901734104046506,0.0,-0.20000000000000284,0.0,69.1,69.2,69.0,69.1,1.0,14.0,292.0,3228.0,False,False
2615,2022-10-28 10:37:09.240031,-0.0028901734104046506,0.0,-0.20000000000000284,0.0,69.1,69.2,69.0,69.1,1.0,13.0,292.0,3228.0,False,False
2615,2022-10-28 10:37:09.292780,-0.0028901734104046506,0.0,-0.20000000000000284,0.0,69.1,69.2,69.0,69.1,1.0,13.0,292.0,3228.0,False,False
2615,2022-10-28 10:37:09.722730,-0.0028901734104046506,-0.0014471780028942893,-0.20000000000000284,-0.09999999999999432,69.0,69.2,69.0,69.1,41.0,13.0,292.0,3228.0,False,False
2615,2022-10-28 10:37:09.747693,-0.0028901734104046506,-0.0014471780028942893,-0.20000000000000284,-0.09999999999999432,69.0,69.2,69.0,69.1,41.0,11.0,292.0,3228.0,False,False
2615,2022-10-28 10:37:09.793096,-0.0028901734104046506,-0.0014471780028942893,-0.20000000000000284,-0.09999999999999432,69.0,69.2,69.0,69.1,41.0,14.0,292.0,3228.0,False,False
2615,2022-10-28 10:37:10.139406,-0.0028901734104046506,-0.0014471780028942893,-0.20000000000000284,-0.09999999999999432,69.0,69.2,69.0,69.1,41.0,14.0,292.0,3228.0,False,False
2615,2022-10-28 10:37:10.313443,-0.0014471780028942893,-0.0014471780028942893,-0.09999999999999432,-0.09999999999999432,69.0,69.1,69.0,69.1,41.0,1.0,292.0,3228.0,False,False
2615,2022-10-28 10:37:10.339823,-0.0028901734104046506,-0.0014471780028942893,-0.20000000000000284,-0.09999999999999432,69.0,69.2,69.0,69.1,41.0,14.0,292.0,3228.0,False,False
2615,2022-10-28 10:37:10.370111,-0.0014471780028942893,-0.0014471780028942893,-0.09999999999999432,-0.09999999999999432,69.0,69.1,69.0,69.1,41.0,1.0,292.0,3228.0,False,False
2615,2022-10-28 10:37:10.409815,-0.0028901734104046506,-0.0014471780028942893,-0.20000000000000284,-0.09999999999999432,69.0,69.2,69.0,69.1,41.0,13.0,292.0,3228.0,False,False
2615,2022-10-28 10:37:10.652177,-0.0028901734104046506,-0.0014471780028942893,-0.20000000000000284,-0.09999999999999432,69.0,69.2,69.0,69.1,41.0,13.0,292.0,3228.0,False,False
2615,2022-10-28 10:37:13.888682,-0.0028901734104046506,-0.0014471780028942893,-0.20000000000000284,-0.09999999999999432,69.0,69.2,69.0,69.1,42.0,13.0,292.0,3228.0,False,False
2615,2022-10-28 10:37:15.607666,-0.0028901734104046506,-0.0014471780028942893,-0.20000000000000284,-0.09999999999999432,69.0,69.2,69.0,69.1,44.0,13.0,292.0,3228.0,False,False
2615,2022-10-28 10:37:16.500743,-0.0028901734104046506,-0.0014471780028942893,-0.20000000000000284,-0.09999999999999432,69.0,69.2,69.0,69.1,44.0,13.0,292.0,3228.0,True,True
2615,2022-10-28 10:37:16.736839,-0.0028901734104046506,-0.0014471780028942893,-0.20000000000000284,-0.09999999999999432,69.0,69.2,69.0,69.1,44.0,13.0,292.0,3228.0,False,False
2615,2022-10-28 10:37:18.016276,-0.0028901734104046506,-0.0014471780028942893,-0.20000000000000284,-0.09999999999999432,69.0,69.2,69.0,69.1,43.0,13.0,292.0,3228.0,False,False
2615,2022-10-28 10:37:18.016961,-0.0014471780028942893,-0.0014471780028942893,-0.09999999999999432,-0.09999999999999432,69.0,69.1,69.0,69.1,43.0,1.0,292.0,3228.0,False,False
2615,2022-10-28 10:37:18.033490,-0.0028901734104046506,-0.0014471780028942893,-0.20000000000000284,-0.09999999999999432,69.0,69.2,69.0,69.1,43.0,13.0,292.0,3228.0,False,False
2615,2022-10-28 10:37:18.059782,-0.0014471780028942893,-0.0014471780028942893,-0.09999999999999432,-0.09999999999999432,69.0,69.1,69.0,69.1,43.0,2.0,292.0,3228.0,False,False
2615,2022-10-28 10:37:18.084693,-0.0014471780028942893,-0.0014471780028942893,-0.09999999999999432,-0.09999999999999432,69.0,69.1,69.0,69.1,43.0,3.0,292.0,3228.0,False,False
2615,2022-10-28 10:37:18.159346,-0.0028901734104046506,-0.0014471780028942893,-0.20000000000000284,-0.09999999999999432,69.0,69.2,69.0,69.1,43.0,17.0,292.0,3228.0,False,False
2615,2022-10-28 10:37:19.020266,-0.0028901734104046506,-0.0014471780028942893,-0.20000000000000284,-0.09999999999999432,69.0,69.2,69.0,69.1,43.0,17.0,292.0,3228.0,False,False
2615,2022-10-28 10:37:19.047392,-0.0028901734104046506,-0.0014471780028942893,-0.20000000000000284,-0.09999999999999432,69.0,69.2,69.0,69.1,43.0,17.0,292.0,3228.0,False,False
2615,2022-10-28 10:37:19.197542,-0.0028901734104046506,-0.0014471780028942893,-0.20000000000000284,-0.09999999999999432,69.0,69.2,69.0,69.1,43.0,17.0,292.0,3228.0,False,False
2615,2022-10-28 10:37:19.210344,-0.0028901734104046506,-0.0014471780028942893,-0.20000000000000284,-0.09999999999999432,69.0,69.2,69.0,69.1,43.0,17.0,292.0,3228.0,False,False
2615,2022-10-28 10:37:19.342498,-0.0028901734104046506,-0.0014471780028942893,-0.20000000000000284,-0.09999999999999432,69.0,69.2,69.0,69.1,43.0,17.0,292.0,3228.0,False,False
2615,2022-10-28 10:37:20.136297,-0.0028901734104046506,-0.0014471780028942893,-0.20000000000000284,-0.09999999999999432,69.0,69.2,69.0,69.1,43.0,17.0,292.0,3228.0,False,False
2615,2022-10-28 10:37:20.700134,-0.0028901734104046506,-0.0014471780028942893,-0.20000000000000284,-0.09999999999999432,69.0,69.2,69.0,69.1,41.0,17.0,292.0,3228.0,False,False
2615,2022-10-28 10:37:20.940482,-0.0028901734104046506,-0.0014471780028942893,-0.20000000000000284,-0.09999999999999432,69.0,69.2,69.0,69.1,41.0,17.0,292.0,3228.0,False,False
2615,2022-10-28 10:37:21.348765,-0.0028901734104046506,-0.0014471780028942893,-0.20000000000000284,-0.09999999999999432,69.0,69.2,69.0,69.1,41.0,17.0,292.0,3228.0,False,False
2615,2022-10-28 10:37:21.687770,-0.0028901734104046506,-0.0014471780028942893,-0.20000000000000284,-0.09999999999999432,69.0,69.2,69.0,69.1,41.0,17.0,292.0,3228.0,False,False
2615,2022-10-28 10:37:21.861351,-0.0028901734104046506,-0.0014471780028942893,-0.20000000000000284,-0.09999999999999432,69.0,69.2,69.0,69.1,41.0,17.0,292.0,3228.0,False,False
2615,2022-10-28 10:37:21.951787,-0.0028901734104046506,-0.0014471780028942893,-0.20000000000000284,-0.09999999999999432,69.0,69.2,69.0,69.1,41.0,17.0,292.0,3228.0,False,False
2615,2022-10-28 10:37:21.973005,-0.0028901734104046506,-0.0014471780028942893,-0.20000000000000284,-0.09999999999999432,69.0,69.2,69.0,69.1,41.0,18.0,292.0,3228.0,False,False
2615,2022-10-28 10:37:22.155489,-0.0028901734104046506,-0.0014471780028942893,-0.20000000000000284,-0.09999999999999432,69.0,69.2,69.0,69.1,40.0,18.0,292.0,3228.0,False,False
2615,2022-10-28 10:37:22.226659,-0.0028901734104046506,-0.0014471780028942893,-0.20000000000000284,-0.09999999999999432,69.0,69.2,69.0,69.1,40.0,18.0,292.0,3228.0,False,False
2615,2022-10-28 10:37:22.806850,-0.0028901734104046506,-0.0014471780028942893,-0.20000000000000284,-0.09999999999999432,69.0,69.2,69.0,69.1,40.0,18.0,292.0,3228.0,False,False
2615,2022-10-28 10:37:23.307647,-0.0028901734104046506,-0.0014471780028942893,-0.20000000000000284,-0.09999999999999432,69.0,69.2,69.0,69.1,40.0,18.0,292.0,3228.0,False,False
2615,2022-10-28 10:37:23.650951,-0.0014471780028942893,-0.0014471780028942893,-0.09999999999999432,-0.09999999999999432,69.0,69.1,69.0,69.1,40.0,1.0,292.0,3228.0,False,False
2615,2022-10-28 10:37:23.730074,-0.0014471780028942893,-0.0014471780028942893,-0.09999999999999432,-0.09999999999999432,69.0,69.1,69.0,69.1,40.0,2.0,292.0,3228.0,False,False
2615,2022-10-28 10:37:24.184026,-0.0014471780028942893,-0.0014471780028942893,-0.09999999999999432,-0.09999999999999432,69.0,69.1,69.0,69.1,40.0,3.0,292.0,3228.0,False,False
2615,2022-10-28 10:37:24.674517,-0.0014471780028942893,-0.0014471780028942893,-0.09999999999999432,-0.09999999999999432,69.0,69.1,69.0,69.1,40.0,3.0,292.0,3228.0,False,False
2615,2022-10-28 10:37:25.187269,-0.0014471780028942893,-0.0014471780028942893,-0.09999999999999432,-0.09999999999999432,69.0,69.1,69.0,69.1,40.0,8.0,292.0,3228.0,False,False
2615,2022-10-28 10:37:25.250980,-0.0014471780028942893,-0.0014471780028942893,-0.09999999999999432,-0.09999999999999432,69.0,69.1,69.0,69.1,40.0,12.0,292.0,3228.0,False,False
2615,2022-10-28 10:37:25.304572,-0.0014471780028942893,-0.0014471780028942893,-0.09999999999999432,-0.09999999999999432,69.0,69.1,69.0,69.1,40.0,12.0,292.0,3228.0,False,False
2615,2022-10-28 10:37:25.415126,-0.0014471780028942893,-0.0014471780028942893,-0.09999999999999432,-0.09999999999999432,69.0,69.1,69.0,69.1,40.0,12.0,292.0,3228.0,False,False
2615,2022-10-28 10:37:25.748305,-0.0014471780028942893,-0.0014471780028942893,-0.09999999999999432,-0.09999999999999432,69.0,69.1,69.0,69.1,40.0,12.0,292.0,3228.0,False,False
2615,2022-10-28 10:37:25.760571,-0.0014471780028942893,-0.0014471780028942893,-0.09999999999999432,-0.09999999999999432,69.0,69.1,69.0,69.1,40.0,12.0,292.0,3228.0,False,False
2615,2022-10-28 10:37:26.071679,-0.0014471780028942893,-0.0014471780028942893,-0.09999999999999432,-0.09999999999999432,69.0,69.1,69.0,69.1,40.0,12.0,292.0,3228.0,False,False
2615,2022-10-28 10:37:26.211508,-0.0014471780028942893,-0.0014471780028942893,-0.09999999999999432,-0.09999999999999432,69.0,69.1,69.0,69.1,40.0,12.0,292.0,3228.0,False,False
2615,2022-10-28 10:37:26.358384,-0.0014471780028942893,-0.0014471780028942893,-0.09999999999999432,-0.09999999999999432,69.0,69.1,69.0,69.1,51.0,12.0,292.0,3228.0,False,False
2615,2022-10-28 10:37:26.407130,-0.0014471780028942893,-0.0014471780028942893,-0.09999999999999432,-0.09999999999999432,69.0,69.1,69.0,69.1,51.0,12.0,292.0,3228.0,False,False
2615,2022-10-28 10:37:26.533936,-0.0014471780028942893,-0.0014471780028942893,-0.09999999999999432,-0.09999999999999432,69.0,69.1,69.0,69.1,51.0,12.0,292.0,3228.0,True,True
2615,2022-10-28 10:37:27.145606,-0.0014471780028942893,-0.0014471780028942893,-0.09999999999999432,-0.09999999999999432,69.0,69.1,69.0,69.1,53.0,12.0,292.0,3228.0,False,False
2615,2022-10-28 10:37:27.451234,-0.0014471780028942893,-0.0014471780028942893,-0.09999999999999432,-0.09999999999999432,69.0,69.1,69.0,69.1,52.0,12.0,292.0,3228.0,False,False
2615,2022-10-28 10:37:27.509204,-0.0014471780028942893,-0.0014471780028942893,-0.09999999999999432,-0.09999999999999432,69.0,69.1,69.0,69.1,53.0,12.0,292.0,3228.0,False,False
2615,2022-10-28 10:37:27.769232,-0.0014471780028942893,-0.0014471780028942893,-0.09999999999999432,-0.09999999999999432,69.0,69.1,69.0,69.1,54.0,12.0,292.0,3228.0,False,False
2615,2022-10-28 10:37:28.045517,-0.0014471780028942893,-0.0014471780028942893,-0.09999999999999432,-0.09999999999999432,69.0,69.1,69.0,69.1,54.0,12.0,292.0,3228.0,False,False
2615,2022-10-28 10:37:31.007107,-0.0014471780028942893,-0.0014471780028942893,-0.09999999999999432,-0.09999999999999432,69.0,69.1,69.0,69.1,54.0,13.0,292.0,3228.0,False,False
2615,2022-10-28 10:37:32.058075,-0.0014471780028942893,-0.0014471780028942893,-0.09999999999999432,-0.09999999999999432,69.0,69.1,69.0,69.1,54.0,13.0,292.0,3228.0,False,False
2615,2022-10-28 10:37:33.358801,-0.0014471780028942893,-0.0014471780028942893,-0.09999999999999432,-0.09999999999999432,69.0,69.1,69.0,69.1,52.0,13.0,292.0,3228.0,False,False
2615,2022-10-28 10:37:34.615967,-0.0014471780028942893,-0.0014471780028942893,-0.09999999999999432,-0.09999999999999432,69.0,69.1,69.0,69.1,52.0,18.0,292.0,3228.0,False,False
2615,2022-10-28 10:37:34.646412,-0.0014471780028942893,-0.0014471780028942893,-0.09999999999999432,-0.09999999999999432,69.0,69.1,69.0,69.1,51.0,18.0,292.0,3228.0,False,False
2615,2022-10-28 10:37:34.878083,-0.0014471780028942893,-0.0014471780028942893,-0.09999999999999432,-0.09999999999999432,69.0,69.1,69.0,69.1,52.0,18.0,292.0,3228.0,False,False
2615,2022-10-28 10:37:35.413252,-0.0014471780028942893,-0.0014471780028942893,-0.09999999999999432,-0.09999999999999432,69.0,69.1,69.0,69.1,52.0,17.0,292.0,3228.0,False,False
2615,2022-10-28 10:37:36.529888,-0.0014471780028942893,-0.0014471780028942893,-0.09999999999999432,-0.09999999999999432,69.0,69.1,69.0,69.1,52.0,17.0,292.0,3228.0,False,False
2615,2022-10-28 10:37:36.563033,-0.0014471780028942893,-0.0014471780028942893,-0.09999999999999432,-0.09999999999999432,69.0,69.1,69.0,69.1,52.0,17.0,292.0,3128.0,True,True
2615,2022-10-28 10:37:37.025214,-0.0014471780028942893,-0.0014471780028942893,-0.09999999999999432,-0.09999999999999432,69.0,69.1,69.0,69.1,52.0,17.0,292.0,3128.0,False,False
