symbol,datetime,NaOb_r,NbOa_r,NaOb_s,NbOa_s,bid1,ask1,odd_bid1,odd_ask1,bidQty1,askQty1,odd_bidQty1,odd_askQty1,simulate,triggerbyOdd
2886,2022-10-28 10:32:25.998349,0.0,-0.0033333333333334103,0.0,-0.10000000000000142,29.9,29.95,29.95,30.0,175.0,170.0,7536.0,1593.0,False,False
2886,2022-10-28 10:32:34.728661,0.0,-0.0033333333333334103,0.0,-0.10000000000000142,29.9,29.95,29.95,30.0,175.0,170.0,7636.0,1593.0,True,True
2886,2022-10-28 10:32:43.162393,0.0,-0.0033333333333334103,0.0,-0.10000000000000142,29.9,29.95,29.95,30.0,175.0,170.0,7636.0,1593.0,False,False
2886,2022-10-28 10:32:43.743006,0.0,-0.0033333333333334103,0.0,-0.10000000000000142,29.9,29.95,29.95,30.0,175.0,170.0,7636.0,1593.0,False,False
2886,2022-10-28 10:32:43.866400,0.0,-0.0033333333333334103,0.0,-0.10000000000000142,29.9,29.95,29.95,30.0,175.0,170.0,7636.0,1593.0,False,False
2886,2022-10-28 10:32:47.581310,0.0,-0.0033333333333334103,0.0,-0.10000000000000142,29.9,29.95,29.95,30.0,176.0,170.0,7636.0,1593.0,False,False
2886,2022-10-28 10:32:54.806944,0.0,-0.0033333333333334103,0.0,-0.10000000000000142,29.9,29.95,29.95,30.0,176.0,170.0,7466.0,1593.0,True,True
2886,2022-10-28 10:33:08.736075,0.0,-0.0033333333333334103,0.0,-0.10000000000000142,29.9,29.95,29.95,30.0,176.0,170.0,7466.0,1593.0,False,False
2886,2022-10-28 10:33:10.576922,0.0,-0.0033333333333334103,0.0,-0.10000000000000142,29.9,29.95,29.95,30.0,176.0,170.0,7466.0,1593.0,False,False
2886,2022-10-28 10:33:11.682351,0.0,-0.0033333333333334103,0.0,-0.10000000000000142,29.9,29.95,29.95,30.0,176.0,152.0,7466.0,1593.0,False,False
2886,2022-10-28 10:33:12.355156,0.0,-0.0033333333333334103,0.0,-0.10000000000000142,29.9,29.95,29.95,30.0,176.0,153.0,7466.0,1593.0,False,False
2886,2022-10-28 10:33:12.390214,0.0,-0.0033333333333334103,0.0,-0.10000000000000142,29.9,29.95,29.95,30.0,176.0,153.0,7466.0,1593.0,False,False
2886,2022-10-28 10:33:13.745986,0.0,-0.0033333333333334103,0.0,-0.10000000000000142,29.9,29.95,29.95,30.0,176.0,152.0,7466.0,1593.0,False,False
2886,2022-10-28 10:33:14.908777,0.0,-0.0033333333333334103,0.0,-0.10000000000000142,29.9,29.95,29.95,30.0,176.0,152.0,8185.0,1593.0,True,True
2886,2022-10-28 10:33:23.604389,0.0,-0.0033333333333334103,0.0,-0.10000000000000142,29.9,29.95,29.95,30.0,176.0,152.0,8185.0,1593.0,False,False
2886,2022-10-28 10:33:24.950976,0.0,-0.0033333333333334103,0.0,-0.10000000000000142,29.9,29.95,29.95,30.0,176.0,152.0,8185.0,1593.0,True,True
2886,2022-10-28 10:33:31.681423,0.0,-0.0033333333333334103,0.0,-0.10000000000000142,29.9,29.95,29.95,30.0,179.0,152.0,8185.0,1593.0,False,False
2886,2022-10-28 10:33:34.950193,0.0,-0.0033333333333334103,0.0,-0.10000000000000142,29.9,29.95,29.95,30.0,179.0,157.0,8185.0,1593.0,False,False
2886,2022-10-28 10:33:36.339801,0.0,-0.0033333333333334103,0.0,-0.10000000000000142,29.9,29.95,29.95,30.0,179.0,157.0,8185.0,1593.0,False,False
2886,2022-10-28 10:33:41.265193,0.0,-0.0033333333333334103,0.0,-0.10000000000000142,29.9,29.95,29.95,30.0,179.0,157.0,8185.0,1593.0,False,False
2886,2022-10-28 10:33:42.942051,0.0,-0.0033333333333334103,0.0,-0.10000000000000142,29.9,29.95,29.95,30.0,179.0,154.0,8185.0,1593.0,False,False
2886,2022-10-28 10:33:45.404926,0.0,-0.0033333333333334103,0.0,-0.10000000000000142,29.9,29.95,29.95,30.0,179.0,154.0,8185.0,1593.0,False,False
2886,2022-10-28 10:33:53.241098,0.0,-0.0033333333333334103,0.0,-0.10000000000000142,29.9,29.95,29.95,30.0,177.0,154.0,8185.0,1593.0,False,False
2886,2022-10-28 10:33:54.644254,0.0,-0.0033333333333334103,0.0,-0.10000000000000142,29.9,29.95,29.95,30.0,177.0,155.0,8185.0,1593.0,False,False
2886,2022-10-28 10:33:55.070413,0.0,-0.0033333333333334103,0.0,-0.10000000000000142,29.9,29.95,29.95,30.0,177.0,155.0,8285.0,1593.0,True,True
2886,2022-10-28 10:34:00.536657,0.0,-0.0033333333333334103,0.0,-0.10000000000000142,29.9,29.95,29.95,30.0,177.0,155.0,8285.0,1593.0,False,False
2886,2022-10-28 10:34:04.515669,0.0,-0.0033333333333334103,0.0,-0.10000000000000142,29.9,29.95,29.95,30.0,177.0,155.0,8665.0,974.0,False,True
2886,2022-10-28 10:34:04.799700,0.0,-0.0033333333333334103,0.0,-0.10000000000000142,29.9,29.95,29.95,30.0,177.0,155.0,8665.0,974.0,False,False
2886,2022-10-28 10:34:13.857658,0.0,-0.0033333333333334103,0.0,-0.10000000000000142,29.9,29.95,29.95,30.0,177.0,155.0,8665.0,974.0,False,False
2886,2022-10-28 10:34:14.562689,0.0,-0.0033333333333334103,0.0,-0.10000000000000142,29.9,29.95,29.95,30.0,177.0,155.0,7726.0,1140.0,True,True
2886,2022-10-28 10:34:15.656860,0.0,-0.0033333333333334103,0.0,-0.10000000000000142,29.9,29.95,29.95,30.0,177.0,155.0,7726.0,1140.0,False,False
2886,2022-10-28 10:34:18.040854,0.0,-0.0033333333333334103,0.0,-0.10000000000000142,29.9,29.95,29.95,30.0,177.0,155.0,7726.0,1140.0,False,False
2886,2022-10-28 10:34:24.603982,0.0,-0.0033333333333334103,0.0,-0.10000000000000142,29.9,29.95,29.95,30.0,177.0,155.0,7726.0,1140.0,True,True
2886,2022-10-28 10:34:27.480043,0.0,-0.0033333333333334103,0.0,-0.10000000000000142,29.9,29.95,29.95,30.0,177.0,157.0,7726.0,1140.0,False,False
2886,2022-10-28 10:34:27.927116,0.0,-0.0033333333333334103,0.0,-0.10000000000000142,29.9,29.95,29.95,30.0,177.0,157.0,7726.0,1140.0,False,False
2886,2022-10-28 10:34:31.239209,0.0,-0.0033333333333334103,0.0,-0.10000000000000142,29.9,29.95,29.95,30.0,177.0,159.0,7726.0,1140.0,False,False
2886,2022-10-28 10:34:32.395176,0.0,-0.0033333333333334103,0.0,-0.10000000000000142,29.9,29.95,29.95,30.0,177.0,160.0,7726.0,1140.0,False,False
2886,2022-10-28 10:34:34.638867,0.0,-0.0033333333333334103,0.0,-0.10000000000000142,29.9,29.95,29.95,30.0,177.0,160.0,7726.0,1240.0,True,True
2886,2022-10-28 10:34:41.721611,0.0,-0.0033333333333334103,0.0,-0.10000000000000142,29.9,29.95,29.95,30.0,178.0,160.0,7726.0,1240.0,False,False
2886,2022-10-28 10:34:44.678002,0.0,-0.0033333333333334103,0.0,-0.10000000000000142,29.9,29.95,29.95,30.0,178.0,160.0,7726.0,1240.0,True,True
2886,2022-10-28 10:34:47.149911,0.0,-0.0033333333333334103,0.0,-0.10000000000000142,29.9,29.95,29.95,30.0,179.0,160.0,7726.0,1240.0,False,False
2886,2022-10-28 10:34:47.988901,0.0,-0.0033333333333334103,0.0,-0.10000000000000142,29.9,29.95,29.95,30.0,179.0,160.0,7726.0,1240.0,False,False
2886,2022-10-28 10:34:52.582564,0.0,-0.0033333333333334103,0.0,-0.10000000000000142,29.9,29.95,29.95,30.0,179.0,160.0,7726.0,1240.0,False,False
2886,2022-10-28 10:34:54.719190,0.0,-0.0033333333333334103,0.0,-0.10000000000000142,29.9,29.95,29.95,30.0,179.0,160.0,7736.0,1240.0,True,True
2886,2022-10-28 10:34:56.516975,0.0,-0.0033333333333334103,0.0,-0.10000000000000142,29.9,29.95,29.95,30.0,180.0,160.0,7736.0,1240.0,False,False
2886,2022-10-28 10:35:00.192581,0.0,-0.0033333333333334103,0.0,-0.10000000000000142,29.9,29.95,29.95,30.0,178.0,158.0,7736.0,1240.0,False,False
2886,2022-10-28 10:35:04.884685,0.0,-0.0033333333333334103,0.0,-0.10000000000000142,29.9,29.95,29.95,30.0,178.0,158.0,7736.0,1240.0,True,True
2886,2022-10-28 10:35:07.170780,0.0,-0.0033333333333334103,0.0,-0.10000000000000142,29.9,29.95,29.95,30.0,183.0,158.0,7736.0,1240.0,False,False
2886,2022-10-28 10:35:08.157382,0.0,-0.0033333333333334103,0.0,-0.10000000000000142,29.9,29.95,29.95,30.0,183.0,158.0,7736.0,1240.0,False,False
2886,2022-10-28 10:35:11.537383,0.0,-0.0033333333333334103,0.0,-0.10000000000000142,29.9,29.95,29.95,30.0,183.0,158.0,7736.0,1240.0,False,False
2886,2022-10-28 10:35:15.080899,0.0,-0.0033333333333334103,0.0,-0.10000000000000142,29.9,29.95,29.95,30.0,183.0,158.0,7986.0,1240.0,True,True
2886,2022-10-28 10:35:17.902114,0.0,-0.0033333333333334103,0.0,-0.10000000000000142,29.9,29.95,29.95,30.0,185.0,158.0,7986.0,1240.0,False,False
2886,2022-10-28 10:35:17.904223,0.0,-0.0033333333333334103,0.0,-0.10000000000000142,29.9,29.95,29.95,30.0,185.0,158.0,7986.0,1240.0,False,False
2886,2022-10-28 10:35:18.012840,0.0,-0.0033333333333334103,0.0,-0.10000000000000142,29.9,29.95,29.95,30.0,185.0,155.0,7986.0,1240.0,False,False
2886,2022-10-28 10:35:20.168731,0.0,-0.0033333333333334103,0.0,-0.10000000000000142,29.9,29.95,29.95,30.0,185.0,155.0,7986.0,1240.0,False,False
2886,2022-10-28 10:35:20.260944,0.0,-0.0033333333333334103,0.0,-0.10000000000000142,29.9,29.95,29.95,30.0,187.0,156.0,7986.0,1240.0,False,False
2886,2022-10-28 10:35:25.092593,0.0,-0.0033333333333334103,0.0,-0.10000000000000142,29.9,29.95,29.95,30.0,187.0,156.0,7998.0,1240.0,True,True
2886,2022-10-28 10:35:30.758336,0.0,-0.0033333333333334103,0.0,-0.10000000000000142,29.9,29.95,29.95,30.0,187.0,156.0,7998.0,1240.0,False,False
2886,2022-10-28 10:35:33.188263,0.0,-0.0033333333333334103,0.0,-0.10000000000000142,29.9,29.95,29.95,30.0,187.0,156.0,7998.0,1240.0,False,False
2886,2022-10-28 10:35:35.120769,0.0,-0.0033333333333334103,0.0,-0.10000000000000142,29.9,29.95,29.95,30.0,187.0,156.0,8048.0,1239.0,True,True
2886,2022-10-28 10:35:36.165646,0.0,-0.0033333333333334103,0.0,-0.10000000000000142,29.9,29.95,29.95,30.0,187.0,156.0,8048.0,1239.0,False,False
2886,2022-10-28 10:35:43.812185,0.0,-0.0033333333333334103,0.0,-0.10000000000000142,29.9,29.95,29.95,30.0,187.0,156.0,8048.0,1239.0,False,False
2886,2022-10-28 10:35:45.057837,0.0,-0.0033333333333334103,0.0,-0.10000000000000142,29.9,29.95,29.95,30.0,186.0,155.0,8048.0,1239.0,False,False
2886,2022-10-28 10:35:45.145369,0.0,-0.0033333333333334103,0.0,-0.10000000000000142,29.9,29.95,29.95,30.0,186.0,155.0,8048.0,1239.0,True,True
2886,2022-10-28 10:35:47.652585,0.0,-0.0033333333333334103,0.0,-0.10000000000000142,29.9,29.95,29.95,30.0,186.0,155.0,8048.0,1239.0,False,False
2886,2022-10-28 10:35:49.101214,0.0,-0.0033333333333334103,0.0,-0.10000000000000142,29.9,29.95,29.95,30.0,184.0,155.0,8048.0,1239.0,False,False
2886,2022-10-28 10:35:50.622068,0.0,-0.0033333333333334103,0.0,-0.10000000000000142,29.9,29.95,29.95,30.0,184.0,154.0,8048.0,1239.0,False,False
2886,2022-10-28 10:35:55.176751,0.0,-0.0033333333333334103,0.0,-0.10000000000000142,29.9,29.95,29.95,30.0,184.0,154.0,7973.0,1239.0,True,True
2886,2022-10-28 10:36:05.230945,0.0,-0.0033333333333334103,0.0,-0.10000000000000142,29.9,29.95,29.95,30.0,184.0,154.0,7972.0,1239.0,True,True
2886,2022-10-28 10:36:12.824549,0.0,-0.0033333333333334103,0.0,-0.10000000000000142,29.9,29.95,29.95,30.0,184.0,153.0,7972.0,1239.0,False,False
2886,2022-10-28 10:36:13.817017,0.0,-0.0033333333333334103,0.0,-0.10000000000000142,29.9,29.95,29.95,30.0,184.0,153.0,7972.0,1239.0,False,False
2886,2022-10-28 10:36:15.272487,0.0,-0.0033333333333334103,0.0,-0.10000000000000142,29.9,29.95,29.95,30.0,184.0,153.0,7973.0,1239.0,True,True
2886,2022-10-28 10:36:18.309575,0.0,-0.0033333333333334103,0.0,-0.10000000000000142,29.9,29.95,29.95,30.0,184.0,150.0,7973.0,1239.0,False,False
2886,2022-10-28 10:36:21.698707,0.0,-0.0033333333333334103,0.0,-0.10000000000000142,29.9,29.95,29.95,30.0,184.0,150.0,7973.0,1239.0,False,False
2886,2022-10-28 10:36:25.299124,0.0,-0.0033333333333334103,0.0,-0.10000000000000142,29.9,29.95,29.95,30.0,184.0,150.0,7973.0,1240.0,True,True
2886,2022-10-28 10:36:25.677413,0.0,-0.0033333333333334103,0.0,-0.10000000000000142,29.9,29.95,29.95,30.0,184.0,152.0,7973.0,1240.0,False,False
2886,2022-10-28 10:36:34.610610,0.0,-0.0033333333333334103,0.0,-0.10000000000000142,29.9,29.95,29.95,30.0,184.0,152.0,7973.0,1240.0,False,False
2886,2022-10-28 10:36:36.855544,0.0,-0.0033333333333334103,0.0,-0.10000000000000142,29.9,29.95,29.95,30.0,184.0,151.0,7973.0,1240.0,False,False
2886,2022-10-28 10:36:37.611451,0.0,-0.0033333333333334103,0.0,-0.10000000000000142,29.9,29.95,29.95,30.0,184.0,163.0,7973.0,1240.0,False,False
2886,2022-10-28 10:36:42.729144,0.0,-0.0033333333333334103,0.0,-0.10000000000000142,29.9,29.95,29.95,30.0,184.0,163.0,7973.0,1240.0,False,False
2886,2022-10-28 10:36:45.351871,0.0,-0.0033333333333334103,0.0,-0.10000000000000142,29.9,29.95,29.95,30.0,184.0,163.0,7973.0,1240.0,True,True
2886,2022-10-28 10:36:49.341026,0.0,-0.0033333333333334103,0.0,-0.10000000000000142,29.9,29.95,29.95,30.0,172.0,163.0,7973.0,1240.0,False,False
2886,2022-10-28 10:36:49.445405,0.0,-0.0033333333333334103,0.0,-0.10000000000000142,29.9,29.95,29.95,30.0,169.0,163.0,7973.0,1240.0,False,False
2886,2022-10-28 10:36:54.690438,0.0,-0.0033333333333334103,0.0,-0.10000000000000142,29.9,29.95,29.95,30.0,169.0,160.0,7973.0,1240.0,False,False
2886,2022-10-28 10:36:55.419803,0.0,-0.0033333333333334103,0.0,-0.10000000000000142,29.9,29.95,29.95,30.0,169.0,160.0,8173.0,1240.0,True,True
2886,2022-10-28 10:36:55.688136,0.0,-0.0033333333333334103,0.0,-0.10000000000000142,29.9,29.95,29.95,30.0,166.0,160.0,8173.0,1240.0,False,False
2886,2022-10-28 10:36:59.649855,0.0,-0.0033333333333334103,0.0,-0.10000000000000142,29.9,29.95,29.95,30.0,165.0,160.0,8173.0,1240.0,False,False
2886,2022-10-28 10:37:04.655704,0.0,-0.0033333333333334103,0.0,-0.10000000000000142,29.9,29.95,29.95,30.0,165.0,160.0,9162.0,1230.0,False,True
2886,2022-10-28 10:37:05.208323,0.0,-0.0033333333333334103,0.0,-0.10000000000000142,29.9,29.95,29.95,30.0,165.0,160.0,9162.0,1230.0,False,False
2886,2022-10-28 10:37:09.191645,0.0,-0.0033333333333334103,0.0,-0.10000000000000142,29.9,29.95,29.95,30.0,165.0,160.0,9162.0,1230.0,False,False
2886,2022-10-28 10:37:14.685777,0.0,-0.0033333333333334103,0.0,-0.10000000000000142,29.9,29.95,29.95,30.0,165.0,160.0,8163.0,1230.0,True,True
2886,2022-10-28 10:37:18.267450,0.0,-0.0033333333333334103,0.0,-0.10000000000000142,29.9,29.95,29.95,30.0,165.0,163.0,8163.0,1230.0,False,False
2886,2022-10-28 10:37:19.910148,0.0,-0.0033333333333334103,0.0,-0.10000000000000142,29.9,29.95,29.95,30.0,166.0,163.0,8163.0,1230.0,False,False
2886,2022-10-28 10:37:21.621540,0.0,-0.0033333333333334103,0.0,-0.10000000000000142,29.9,29.95,29.95,30.0,167.0,163.0,8163.0,1230.0,False,False
2886,2022-10-28 10:37:24.172000,0.0,-0.0033333333333334103,0.0,-0.10000000000000142,29.9,29.95,29.95,30.0,167.0,147.0,8163.0,1230.0,False,False
2886,2022-10-28 10:37:24.337248,0.0,-0.0033333333333334103,0.0,-0.10000000000000142,29.9,29.95,29.95,30.0,167.0,147.0,8163.0,1230.0,False,False
2886,2022-10-28 10:37:24.777311,0.0,-0.0033333333333334103,0.0,-0.10000000000000142,29.9,29.95,29.95,30.0,167.0,147.0,8163.0,1230.0,True,True
2886,2022-10-28 10:37:25.448162,0.0,-0.0033333333333334103,0.0,-0.10000000000000142,29.9,29.95,29.95,30.0,164.0,147.0,8163.0,1230.0,False,False
2886,2022-10-28 10:37:28.811251,0.0,-0.0033333333333334103,0.0,-0.10000000000000142,29.9,29.95,29.95,30.0,166.0,147.0,8163.0,1230.0,False,False
2886,2022-10-28 10:37:33.178787,0.0,-0.0033333333333334103,0.0,-0.10000000000000142,29.9,29.95,29.95,30.0,166.0,148.0,8163.0,1230.0,False,False
2886,2022-10-28 10:37:34.805398,0.0,-0.0033333333333334103,0.0,-0.10000000000000142,29.9,29.95,29.95,30.0,166.0,148.0,8243.0,1230.0,True,True
2886,2022-10-28 10:37:39.337978,0.0,-0.0033333333333334103,0.0,-0.10000000000000142,29.9,29.95,29.95,30.0,166.0,147.0,8243.0,1230.0,False,False
2886,2022-10-28 10:37:40.360354,0.0,-0.0033333333333334103,0.0,-0.10000000000000142,29.9,29.95,29.95,30.0,167.0,147.0,8243.0,1230.0,False,False
2886,2022-10-28 10:37:44.526183,0.0,-0.0033333333333334103,0.0,-0.10000000000000142,29.9,29.95,29.95,30.0,165.0,147.0,8243.0,1230.0,False,False
2886,2022-10-28 10:37:44.834488,0.0,-0.0033333333333334103,0.0,-0.10000000000000142,29.9,29.95,29.95,30.0,165.0,147.0,8263.0,1230.0,True,True
2886,2022-10-28 10:37:45.037771,0.0,-0.0033333333333334103,0.0,-0.10000000000000142,29.9,29.95,29.95,30.0,163.0,147.0,8263.0,1230.0,False,False
2886,2022-10-28 10:37:45.863962,0.0,-0.0033333333333334103,0.0,-0.10000000000000142,29.9,29.95,29.95,30.0,163.0,147.0,8263.0,1230.0,False,False
2886,2022-10-28 10:37:46.952903,0.0,-0.0033333333333334103,0.0,-0.10000000000000142,29.9,29.95,29.95,30.0,161.0,147.0,8263.0,1230.0,False,False
2886,2022-10-28 10:37:50.378610,0.0,-0.0033333333333334103,0.0,-0.10000000000000142,29.9,29.95,29.95,30.0,161.0,147.0,8263.0,1230.0,False,False
2886,2022-10-28 10:37:54.864622,0.0,-0.0033333333333334103,0.0,-0.10000000000000142,29.9,29.95,29.95,30.0,161.0,147.0,8333.0,1230.0,True,True
2886,2022-10-28 10:37:55.004985,0.0,-0.0033333333333334103,0.0,-0.10000000000000142,29.9,29.95,29.95,30.0,160.0,147.0,8333.0,1230.0,False,False
2886,2022-10-28 10:38:04.435357,0.0,-0.0033333333333334103,0.0,-0.10000000000000142,29.9,29.95,29.95,30.0,160.0,147.0,8333.0,1230.0,False,False
2886,2022-10-28 10:38:04.905552,0.0,-0.0033333333333334103,0.0,-0.10000000000000142,29.9,29.95,29.95,30.0,160.0,147.0,8283.0,1230.0,True,True
2886,2022-10-28 10:38:14.938779,0.0,-0.0033333333333334103,0.0,-0.10000000000000142,29.9,29.95,29.95,30.0,160.0,147.0,8363.0,1230.0,True,True
2886,2022-10-28 10:38:24.969306,0.0,-0.0033333333333334103,0.0,-0.10000000000000142,29.9,29.95,29.95,30.0,160.0,147.0,8373.0,1230.0,True,True
2886,2022-10-28 10:38:29.811893,0.0,-0.0033333333333334103,0.0,-0.10000000000000142,29.9,29.95,29.95,30.0,160.0,147.0,8373.0,1230.0,False,False
2886,2022-10-28 10:38:32.889516,0.0,-0.0033333333333334103,0.0,-0.10000000000000142,29.9,29.95,29.95,30.0,160.0,147.0,8373.0,1230.0,False,False
2886,2022-10-28 10:38:34.101506,0.0,-0.0033333333333334103,0.0,-0.10000000000000142,29.9,29.95,29.95,30.0,160.0,144.0,8373.0,1230.0,False,False
2886,2022-10-28 10:38:47.060903,0.0,-0.0033333333333334103,0.0,-0.10000000000000142,29.9,29.95,29.95,30.0,160.0,154.0,8373.0,1230.0,False,False
2886,2022-10-28 10:38:49.792511,0.0,-0.0033333333333334103,0.0,-0.10000000000000142,29.9,29.95,29.95,30.0,161.0,154.0,8373.0,1230.0,False,False
2886,2022-10-28 10:38:51.643080,0.0,-0.0033333333333334103,0.0,-0.10000000000000142,29.9,29.95,29.95,30.0,161.0,154.0,8373.0,1230.0,False,False
2886,2022-10-28 10:39:08.814620,0.0,-0.0033333333333334103,0.0,-0.10000000000000142,29.9,29.95,29.95,30.0,161.0,154.0,8373.0,1230.0,False,False
2886,2022-10-28 10:39:09.396722,0.0,-0.0033333333333334103,0.0,-0.10000000000000142,29.9,29.95,29.95,30.0,161.0,154.0,8373.0,1230.0,False,False
2886,2022-10-28 10:39:10.344528,0.0,-0.0033333333333334103,0.0,-0.10000000000000142,29.9,29.95,29.95,30.0,161.0,134.0,8373.0,1230.0,False,False
2886,2022-10-28 10:39:15.124074,0.0,-0.0033333333333334103,0.0,-0.10000000000000142,29.9,29.95,29.95,30.0,161.0,134.0,8634.0,1230.0,True,True
2886,2022-10-28 10:39:15.386567,0.0,-0.0033333333333334103,0.0,-0.10000000000000142,29.9,29.95,29.95,30.0,161.0,134.0,8634.0,1230.0,False,False
2886,2022-10-28 10:39:17.954955,0.0,-0.0033333333333334103,0.0,-0.10000000000000142,29.9,29.95,29.95,30.0,161.0,135.0,8634.0,1230.0,False,False
2886,2022-10-28 10:39:18.982484,0.0,-0.0033333333333334103,0.0,-0.10000000000000142,29.9,29.95,29.95,30.0,161.0,135.0,8634.0,1230.0,False,False
2886,2022-10-28 10:39:24.861844,0.0,-0.0033333333333334103,0.0,-0.10000000000000142,29.9,29.95,29.95,30.0,290.0,135.0,8634.0,1230.0,False,False
2886,2022-10-28 10:39:24.885253,0.0,-0.0033333333333334103,0.0,-0.10000000000000142,29.9,29.95,29.95,30.0,290.0,135.0,8634.0,1230.0,False,False
2886,2022-10-28 10:39:25.500706,0.0,-0.0033333333333334103,0.0,-0.10000000000000142,29.9,29.95,29.95,30.0,295.0,135.0,8634.0,1230.0,False,False
2886,2022-10-28 10:39:27.090752,0.0,-0.0033333333333334103,0.0,-0.10000000000000142,29.9,29.95,29.95,30.0,333.0,135.0,8634.0,1230.0,False,False
2886,2022-10-28 10:39:27.123888,0.0,-0.0033333333333334103,0.0,-0.10000000000000142,29.9,29.95,29.95,30.0,333.0,137.0,8634.0,1230.0,False,False
2886,2022-10-28 10:39:30.421760,0.0,-0.0033333333333334103,0.0,-0.10000000000000142,29.9,29.95,29.95,30.0,333.0,127.0,8634.0,1230.0,False,False
2886,2022-10-28 10:39:32.018473,0.0,-0.0033333333333334103,0.0,-0.10000000000000142,29.9,29.95,29.95,30.0,333.0,127.0,8634.0,1230.0,False,False
2886,2022-10-28 10:39:35.182195,0.0,-0.0033333333333334103,0.0,-0.10000000000000142,29.9,29.95,29.95,30.0,333.0,127.0,8709.0,1230.0,True,True
2886,2022-10-28 10:39:36.245037,0.0,-0.0033333333333334103,0.0,-0.10000000000000142,29.9,29.95,29.95,30.0,333.0,127.0,8709.0,1230.0,False,False
2886,2022-10-28 10:39:36.668945,0.0,-0.0033333333333334103,0.0,-0.10000000000000142,29.9,29.95,29.95,30.0,335.0,127.0,8709.0,1230.0,False,False
2886,2022-10-28 10:39:38.437227,0.0,-0.0033333333333334103,0.0,-0.10000000000000142,29.9,29.95,29.95,30.0,335.0,127.0,8709.0,1230.0,False,False
2886,2022-10-28 10:39:40.982223,0.0,-0.0033333333333334103,0.0,-0.10000000000000142,29.9,29.95,29.95,30.0,334.0,127.0,8709.0,1230.0,False,False
2886,2022-10-28 10:39:42.201014,0.0,-0.0033333333333334103,0.0,-0.10000000000000142,29.9,29.95,29.95,30.0,334.0,177.0,8709.0,1230.0,False,False
2886,2022-10-28 10:39:42.456459,0.0,-0.0033333333333334103,0.0,-0.10000000000000142,29.9,29.95,29.95,30.0,334.0,198.0,8709.0,1230.0,False,False
2886,2022-10-28 10:39:44.828461,0.0,-0.0033333333333334103,0.0,-0.10000000000000142,29.9,29.95,29.95,30.0,335.0,198.0,8709.0,1230.0,False,False
2886,2022-10-28 10:39:45.132136,0.0,-0.0033333333333334103,0.0,-0.10000000000000142,29.9,29.95,29.95,30.0,336.0,198.0,8709.0,1230.0,False,False
2886,2022-10-28 10:39:45.211429,0.0,-0.0033333333333334103,0.0,-0.10000000000000142,29.9,29.95,29.95,30.0,336.0,198.0,8907.0,1230.0,True,True
2886,2022-10-28 10:39:45.200215,0.0,-0.0033333333333334103,0.0,-0.10000000000000142,29.9,29.95,29.95,30.0,336.0,198.0,8907.0,1230.0,False,False
2886,2022-10-28 10:39:45.266467,0.0,-0.0033333333333334103,0.0,-0.10000000000000142,29.9,29.95,29.95,30.0,336.0,198.0,8907.0,1230.0,False,False
2886,2022-10-28 10:39:45.888420,0.0,-0.0033333333333334103,0.0,-0.10000000000000142,29.9,29.95,29.95,30.0,336.0,198.0,8907.0,1230.0,False,False
2886,2022-10-28 10:39:48.139970,0.0,-0.0033333333333334103,0.0,-0.10000000000000142,29.9,29.95,29.95,30.0,336.0,198.0,8907.0,1230.0,False,False
2886,2022-10-28 10:39:48.591522,0.0,-0.0033333333333334103,0.0,-0.10000000000000142,29.9,29.95,29.95,30.0,336.0,198.0,8907.0,1230.0,False,False
2886,2022-10-28 10:39:48.758919,0.0,-0.0033333333333334103,0.0,-0.10000000000000142,29.9,29.95,29.95,30.0,336.0,198.0,8907.0,1230.0,False,False
2886,2022-10-28 10:39:52.036902,0.0,-0.0033333333333334103,0.0,-0.10000000000000142,29.9,29.95,29.95,30.0,336.0,196.0,8907.0,1230.0,False,False
2886,2022-10-28 10:39:52.977135,0.0,-0.0033333333333334103,0.0,-0.10000000000000142,29.9,29.95,29.95,30.0,336.0,196.0,8907.0,1230.0,False,False
2886,2022-10-28 10:39:53.374593,0.0,-0.0033333333333334103,0.0,-0.10000000000000142,29.9,29.95,29.95,30.0,336.0,197.0,8907.0,1230.0,False,False
2886,2022-10-28 10:39:55.248502,0.0,-0.0033333333333334103,0.0,-0.10000000000000142,29.9,29.95,29.95,30.0,336.0,197.0,8876.0,1230.0,True,True
2886,2022-10-28 10:39:56.476097,0.0,-0.0033333333333334103,0.0,-0.10000000000000142,29.9,29.95,29.95,30.0,336.0,197.0,8876.0,1230.0,False,False
2886,2022-10-28 10:39:58.543270,0.0,-0.0033333333333334103,0.0,-0.10000000000000142,29.9,29.95,29.95,30.0,336.0,197.0,8876.0,1230.0,False,False
2886,2022-10-28 10:40:00.016234,0.0,-0.0033333333333334103,0.0,-0.10000000000000142,29.9,29.95,29.95,30.0,336.0,200.0,8876.0,1230.0,False,False
2886,2022-10-28 10:40:04.760853,0.0,-0.0033333333333334103,0.0,-0.10000000000000142,29.9,29.95,29.95,30.0,336.0,200.0,9510.0,865.0,False,True
2886,2022-10-28 10:40:07.448091,0.0,-0.0033333333333334103,0.0,-0.10000000000000142,29.9,29.95,29.95,30.0,337.0,200.0,9510.0,865.0,False,False
2886,2022-10-28 10:40:08.084807,0.0,-0.0033333333333334103,0.0,-0.10000000000000142,29.9,29.95,29.95,30.0,337.0,197.0,9510.0,865.0,False,False
2886,2022-10-28 10:40:14.840316,0.0,-0.0033333333333334103,0.0,-0.10000000000000142,29.9,29.95,29.95,30.0,337.0,197.0,8511.0,915.0,True,True
2886,2022-10-28 10:40:18.135155,0.0,-0.0033333333333334103,0.0,-0.10000000000000142,29.9,29.95,29.95,30.0,337.0,196.0,8511.0,915.0,False,False
2886,2022-10-28 10:40:18.343066,0.0,-0.0033333333333334103,0.0,-0.10000000000000142,29.9,29.95,29.95,30.0,337.0,196.0,8511.0,915.0,False,False
2886,2022-10-28 10:40:18.345025,0.0,-0.0033333333333334103,0.0,-0.10000000000000142,29.9,29.95,29.95,30.0,339.0,196.0,8511.0,915.0,False,False
2886,2022-10-28 10:40:23.849311,0.0,-0.0033333333333334103,0.0,-0.10000000000000142,29.9,29.95,29.95,30.0,289.0,196.0,8511.0,915.0,False,False
2886,2022-10-28 10:40:23.887989,0.0,-0.0033333333333334103,0.0,-0.10000000000000142,29.9,29.95,29.95,30.0,160.0,196.0,8511.0,915.0,False,False
2886,2022-10-28 10:40:23.915590,0.0,-0.0033333333333334103,0.0,-0.10000000000000142,29.9,29.95,29.95,30.0,140.0,196.0,8511.0,915.0,False,False
2886,2022-10-28 10:40:24.072524,0.0,-0.0033333333333334103,0.0,-0.10000000000000142,29.9,29.95,29.95,30.0,135.0,196.0,8511.0,915.0,False,False
2886,2022-10-28 10:40:24.912359,0.0,-0.0033333333333334103,0.0,-0.10000000000000142,29.9,29.95,29.95,30.0,135.0,196.0,8531.0,915.0,True,True
2886,2022-10-28 10:40:25.214756,0.0,-0.0033333333333334103,0.0,-0.10000000000000142,29.9,29.95,29.95,30.0,97.0,196.0,8531.0,915.0,False,False
2886,2022-10-28 10:40:27.452193,0.0,-0.0033333333333334103,0.0,-0.10000000000000142,29.9,29.95,29.95,30.0,97.0,236.0,8531.0,915.0,False,False
2886,2022-10-28 10:40:27.622479,0.0,-0.0033333333333334103,0.0,-0.10000000000000142,29.9,29.95,29.95,30.0,97.0,260.0,8531.0,915.0,False,False
2886,2022-10-28 10:40:28.006536,0.0,-0.0033333333333334103,0.0,-0.10000000000000142,29.9,29.95,29.95,30.0,96.0,260.0,8531.0,915.0,False,False
2886,2022-10-28 10:40:30.119016,0.0,-0.0033333333333334103,0.0,-0.10000000000000142,29.9,29.95,29.95,30.0,96.0,260.0,8531.0,915.0,False,False
2886,2022-10-28 10:40:33.037862,0.0,-0.0033333333333334103,0.0,-0.10000000000000142,29.9,29.95,29.95,30.0,84.0,260.0,8531.0,915.0,False,False
2886,2022-10-28 10:40:34.964411,0.0,-0.0033333333333334103,0.0,-0.10000000000000142,29.9,29.95,29.95,30.0,84.0,260.0,8683.0,915.0,True,True
2886,2022-10-28 10:40:35.513801,0.0,-0.0033333333333334103,0.0,-0.10000000000000142,29.9,29.95,29.95,30.0,84.0,259.0,8683.0,915.0,False,False
2886,2022-10-28 10:40:39.038712,0.0,-0.0033333333333334103,0.0,-0.10000000000000142,29.9,29.95,29.95,30.0,72.0,259.0,8683.0,915.0,False,False
2886,2022-10-28 10:40:39.142952,0.0,-0.0033333333333334103,0.0,-0.10000000000000142,29.9,29.95,29.95,30.0,72.0,235.0,8683.0,915.0,False,False
2886,2022-10-28 10:40:39.158658,0.0,-0.0033333333333334103,0.0,-0.10000000000000142,29.9,29.95,29.95,30.0,72.0,246.0,8683.0,915.0,False,False
2886,2022-10-28 10:40:39.250205,0.0,-0.0033333333333334103,0.0,-0.10000000000000142,29.9,29.95,29.95,30.0,60.0,234.0,8683.0,915.0,False,False
2886,2022-10-28 10:40:40.646407,0.0,-0.0033333333333334103,0.0,-0.10000000000000142,29.9,29.95,29.95,30.0,60.0,223.0,8683.0,915.0,False,False
2886,2022-10-28 10:40:40.662340,0.0,-0.0033333333333334103,0.0,-0.10000000000000142,29.9,29.95,29.95,30.0,60.0,231.0,8683.0,915.0,False,False
2886,2022-10-28 10:40:40.665926,0.0,-0.0033333333333334103,0.0,-0.10000000000000142,29.9,29.95,29.95,30.0,59.0,231.0,8683.0,915.0,False,False
2886,2022-10-28 10:40:40.692265,0.0,-0.0033333333333334103,0.0,-0.10000000000000142,29.9,29.95,29.95,30.0,59.0,231.0,8683.0,915.0,False,False
2886,2022-10-28 10:40:42.538108,0.0,-0.0033333333333334103,0.0,-0.10000000000000142,29.9,29.95,29.95,30.0,59.0,231.0,8683.0,915.0,False,False
2886,2022-10-28 10:40:45.017182,0.0,-0.0033333333333334103,0.0,-0.10000000000000142,29.9,29.95,29.95,30.0,59.0,231.0,8643.0,915.0,True,True
2886,2022-10-28 10:40:45.202305,0.0,-0.0033333333333334103,0.0,-0.10000000000000142,29.9,29.95,29.95,30.0,58.0,231.0,8643.0,915.0,False,False
2886,2022-10-28 10:40:45.868351,0.0,-0.0033333333333334103,0.0,-0.10000000000000142,29.9,29.95,29.95,30.0,55.0,231.0,8643.0,915.0,False,False
2886,2022-10-28 10:40:49.048985,0.0,-0.0033333333333334103,0.0,-0.10000000000000142,29.9,29.95,29.95,30.0,43.0,231.0,8643.0,915.0,False,False
2886,2022-10-28 10:40:49.072607,0.0,-0.0033333333333334103,0.0,-0.10000000000000142,29.9,29.95,29.95,30.0,43.0,231.0,8643.0,915.0,False,False
2886,2022-10-28 10:40:49.159183,0.0,-0.0033333333333334103,0.0,-0.10000000000000142,29.9,29.95,29.95,30.0,41.0,231.0,8643.0,915.0,False,False
2886,2022-10-28 10:40:55.063371,0.0,-0.0033333333333334103,0.0,-0.10000000000000142,29.9,29.95,29.95,30.0,41.0,231.0,8643.0,915.0,True,True
2886,2022-10-28 10:41:06.978919,0.0,-0.0033333333333334103,0.0,-0.10000000000000142,29.9,29.95,29.95,30.0,41.0,231.0,8643.0,915.0,False,False
2886,2022-10-28 10:41:15.156894,0.0,-0.0033333333333334103,0.0,-0.10000000000000142,29.9,29.95,29.95,30.0,41.0,231.0,8643.0,915.0,True,True
2886,2022-10-28 10:41:18.756627,0.0,-0.0033333333333334103,0.0,-0.10000000000000142,29.9,29.95,29.95,30.0,42.0,231.0,8643.0,915.0,False,False
2886,2022-10-28 10:41:24.439731,0.0,-0.0033333333333334103,0.0,-0.10000000000000142,29.9,29.95,29.95,30.0,39.0,231.0,8643.0,915.0,False,False
2886,2022-10-28 10:41:24.997159,0.0,-0.0033333333333334103,0.0,-0.10000000000000142,29.9,29.95,29.95,30.0,39.0,233.0,8643.0,915.0,False,False
2886,2022-10-28 10:41:25.195849,0.0,-0.0033333333333334103,0.0,-0.10000000000000142,29.9,29.95,29.95,30.0,39.0,233.0,8643.0,915.0,True,True
2886,2022-10-28 10:41:37.173421,0.0,-0.0033333333333334103,0.0,-0.10000000000000142,29.9,29.95,29.95,30.0,37.0,233.0,8643.0,915.0,False,False
2886,2022-10-28 10:41:39.070928,0.0,-0.0033333333333334103,0.0,-0.10000000000000142,29.9,29.95,29.95,30.0,37.0,233.0,8643.0,915.0,False,False
2886,2022-10-28 10:41:39.074386,0.0,-0.0033333333333334103,0.0,-0.10000000000000142,29.9,29.95,29.95,30.0,39.0,233.0,8643.0,915.0,False,False
2886,2022-10-28 10:41:42.906179,0.0,-0.0033333333333334103,0.0,-0.10000000000000142,29.9,29.95,29.95,30.0,39.0,234.0,8643.0,915.0,False,False
2886,2022-10-28 10:41:46.699736,0.0,-0.0033333333333334103,0.0,-0.10000000000000142,29.9,29.95,29.95,30.0,39.0,234.0,8643.0,915.0,False,False
2886,2022-10-28 10:41:50.968065,0.0,-0.0033333333333334103,0.0,-0.10000000000000142,29.9,29.95,29.95,30.0,39.0,234.0,8643.0,915.0,False,False
2886,2022-10-28 10:41:55.159192,0.0016722408026756952,-0.0050000000000000044,0.05000000000000071,-0.14999999999999858,29.85,29.9,29.95,30.0,183.0,61.0,8643.0,915.0,False,False
2886,2022-10-28 10:41:55.192287,0.0016722408026756952,-0.0050000000000000044,0.05000000000000071,-0.14999999999999858,29.85,29.9,29.95,30.0,183.0,61.0,8643.0,915.0,False,False
2886,2022-10-28 10:41:55.203520,0.0016722408026756952,-0.0050000000000000044,0.05000000000000071,-0.14999999999999858,29.85,29.9,29.95,30.0,183.0,61.0,8643.0,915.0,False,False
2886,2022-10-28 10:41:55.317260,0.0016722408026756952,-0.0050000000000000044,0.05000000000000071,-0.14999999999999858,29.85,29.9,29.95,30.0,183.0,89.0,8643.0,915.0,False,False
2886,2022-10-28 10:41:55.328990,0.0016722408026756952,-0.0050000000000000044,0.05000000000000071,-0.14999999999999858,29.85,29.9,29.95,30.0,183.0,89.0,7492.0,61854.0,True,True
2886,2022-10-28 10:41:55.409596,0.0016722408026756952,-0.0050000000000000044,0.05000000000000071,-0.14999999999999858,29.85,29.9,29.95,30.0,183.0,92.0,7492.0,61854.0,False,False
2886,2022-10-28 10:41:55.722390,0.0016722408026756952,-0.0050000000000000044,0.05000000000000071,-0.14999999999999858,29.85,29.9,29.95,30.0,183.0,92.0,7492.0,61854.0,False,False
2886,2022-10-28 10:41:55.780519,0.0016722408026756952,-0.0050000000000000044,0.05000000000000071,-0.14999999999999858,29.85,29.9,29.95,30.0,183.0,94.0,7492.0,61854.0,False,False
2886,2022-10-28 10:41:55.849218,0.0016722408026756952,-0.0050000000000000044,0.05000000000000071,-0.14999999999999858,29.85,29.9,29.95,30.0,183.0,94.0,7492.0,61854.0,False,False
2886,2022-10-28 10:41:56.004754,0.0016722408026756952,-0.0050000000000000044,0.05000000000000071,-0.14999999999999858,29.85,29.9,29.95,30.0,183.0,94.0,7492.0,61854.0,False,False
2886,2022-10-28 10:41:56.165288,0.0016722408026756952,-0.0050000000000000044,0.05000000000000071,-0.14999999999999858,29.85,29.9,29.95,30.0,183.0,94.0,7492.0,61854.0,False,False
2886,2022-10-28 10:41:56.217674,0.0016722408026756952,-0.0050000000000000044,0.05000000000000071,-0.14999999999999858,29.85,29.9,29.95,30.0,183.0,96.0,7492.0,61854.0,False,False
2886,2022-10-28 10:41:56.547887,0.0016722408026756952,-0.0050000000000000044,0.05000000000000071,-0.14999999999999858,29.85,29.9,29.95,30.0,183.0,96.0,7492.0,61854.0,False,False
2886,2022-10-28 10:41:56.577176,0.0016722408026756952,-0.0050000000000000044,0.05000000000000071,-0.14999999999999858,29.85,29.9,29.95,30.0,183.0,97.0,7492.0,61854.0,False,False
2886,2022-10-28 10:41:59.460175,0.0016722408026756952,-0.0050000000000000044,0.05000000000000071,-0.14999999999999858,29.85,29.9,29.95,30.0,183.0,97.0,7492.0,61854.0,False,False
2886,2022-10-28 10:42:00.294587,0.0016722408026756952,-0.0050000000000000044,0.05000000000000071,-0.14999999999999858,29.85,29.9,29.95,30.0,183.0,98.0,7492.0,61854.0,False,False
2886,2022-10-28 10:42:03.872249,0.0016722408026756952,-0.0050000000000000044,0.05000000000000071,-0.14999999999999858,29.85,29.9,29.95,30.0,183.0,99.0,7492.0,61854.0,False,False
2886,2022-10-28 10:42:05.214421,0.0016722408026756952,-0.0050000000000000044,0.05000000000000071,-0.14999999999999858,29.85,29.9,29.95,30.0,183.0,99.0,7492.0,61854.0,False,False
2886,2022-10-28 10:42:05.214490,0.0016722408026756952,-0.0050000000000000044,0.05000000000000071,-0.14999999999999858,29.85,29.9,29.95,30.0,183.0,99.0,7492.0,61854.0,False,False
2886,2022-10-28 10:42:06.955112,0.0016722408026756952,-0.0050000000000000044,0.05000000000000071,-0.14999999999999858,29.85,29.9,29.95,30.0,183.0,100.0,7492.0,61854.0,False,False
2886,2022-10-28 10:42:07.246486,0.0016722408026756952,-0.0050000000000000044,0.05000000000000071,-0.14999999999999858,29.85,29.9,29.95,30.0,183.0,100.0,7492.0,61854.0,False,False
2886,2022-10-28 10:42:07.262581,0.0016722408026756952,-0.0050000000000000044,0.05000000000000071,-0.14999999999999858,29.85,29.9,29.95,30.0,183.0,100.0,7492.0,61854.0,False,False
2886,2022-10-28 10:42:09.841754,0.0016722408026756952,-0.0050000000000000044,0.05000000000000071,-0.14999999999999858,29.85,29.9,29.95,30.0,183.0,112.0,7492.0,61854.0,False,False
2886,2022-10-28 10:42:11.577991,0.0016722408026756952,-0.0050000000000000044,0.05000000000000071,-0.14999999999999858,29.85,29.9,29.95,30.0,183.0,112.0,7492.0,61854.0,False,False
2886,2022-10-28 10:42:13.248832,0.0016722408026756952,-0.0050000000000000044,0.05000000000000071,-0.14999999999999858,29.85,29.9,29.95,30.0,183.0,112.0,7492.0,61854.0,False,False
2886,2022-10-28 10:42:14.755040,0.0016722408026756952,-0.0050000000000000044,0.05000000000000071,-0.14999999999999858,29.85,29.9,29.95,30.0,183.0,124.0,7492.0,61854.0,False,False
2886,2022-10-28 10:42:15.424738,0.0016722408026756952,-0.0050000000000000044,0.05000000000000071,-0.14999999999999858,29.85,29.9,29.95,30.0,183.0,124.0,7492.0,61854.0,True,True
2886,2022-10-28 10:42:22.097211,0.0016722408026756952,-0.0050000000000000044,0.05000000000000071,-0.14999999999999858,29.85,29.9,29.95,30.0,183.0,124.0,7492.0,61854.0,False,False
2886,2022-10-28 10:42:22.097548,0.0016722408026756952,-0.0050000000000000044,0.05000000000000071,-0.14999999999999858,29.85,29.9,29.95,30.0,183.0,124.0,7492.0,61854.0,False,False
2886,2022-10-28 10:42:22.146516,0.0016722408026756952,-0.0050000000000000044,0.05000000000000071,-0.14999999999999858,29.85,29.9,29.95,30.0,183.0,133.0,7492.0,61854.0,False,False
2886,2022-10-28 10:42:23.001989,0.0016722408026756952,-0.0050000000000000044,0.05000000000000071,-0.14999999999999858,29.85,29.9,29.95,30.0,57.0,133.0,7492.0,61854.0,False,False
2886,2022-10-28 10:42:23.036230,0.0016722408026756952,-0.0050000000000000044,0.05000000000000071,-0.14999999999999858,29.85,29.9,29.95,30.0,57.0,133.0,7492.0,61854.0,False,False
2886,2022-10-28 10:42:23.089350,0.0016722408026756952,-0.0050000000000000044,0.05000000000000071,-0.14999999999999858,29.85,29.9,29.95,30.0,56.0,133.0,7492.0,61854.0,False,False
2886,2022-10-28 10:42:25.465873,0.0016722408026756952,-0.0050000000000000044,0.05000000000000071,-0.14999999999999858,29.85,29.9,29.95,30.0,56.0,133.0,7644.0,61854.0,True,True
2886,2022-10-28 10:42:29.148538,0.0016722408026756952,-0.0050000000000000044,0.05000000000000071,-0.14999999999999858,29.85,29.9,29.95,30.0,56.0,133.0,7644.0,61854.0,False,False
2886,2022-10-28 10:42:35.507061,0.0016722408026756952,-0.0050000000000000044,0.05000000000000071,-0.14999999999999858,29.85,29.9,29.95,30.0,56.0,133.0,7644.0,61954.0,True,True
2886,2022-10-28 10:42:36.273739,0.0016722408026756952,-0.0050000000000000044,0.05000000000000071,-0.14999999999999858,29.85,29.9,29.95,30.0,56.0,133.0,7644.0,61954.0,False,False
2886,2022-10-28 10:42:36.276302,0.0016722408026756952,-0.0050000000000000044,0.05000000000000071,-0.14999999999999858,29.85,29.9,29.95,30.0,56.0,133.0,7644.0,61954.0,False,False
2886,2022-10-28 10:42:39.455003,0.0016722408026756952,-0.0050000000000000044,0.05000000000000071,-0.14999999999999858,29.85,29.9,29.95,30.0,57.0,133.0,7644.0,61954.0,False,False
2886,2022-10-28 10:42:45.554466,0.0016722408026756952,-0.0050000000000000044,0.05000000000000071,-0.14999999999999858,29.85,29.9,29.95,30.0,57.0,133.0,7734.0,61954.0,True,True
2886,2022-10-28 10:42:45.637926,0.0016722408026756952,-0.0050000000000000044,0.05000000000000071,-0.14999999999999858,29.85,29.9,29.95,30.0,57.0,133.0,7734.0,61954.0,False,False
2886,2022-10-28 10:42:47.282553,0.0016722408026756952,-0.0050000000000000044,0.05000000000000071,-0.14999999999999858,29.85,29.9,29.95,30.0,57.0,133.0,7734.0,61954.0,False,False
2886,2022-10-28 10:42:48.998228,0.0016722408026756952,-0.0050000000000000044,0.05000000000000071,-0.14999999999999858,29.85,29.9,29.95,30.0,57.0,133.0,7734.0,61954.0,False,False
2886,2022-10-28 10:42:53.577631,0.0016722408026756952,-0.0050000000000000044,0.05000000000000071,-0.14999999999999858,29.85,29.9,29.95,30.0,57.0,133.0,7734.0,61954.0,False,False
2886,2022-10-28 10:42:55.347237,0.0016722408026756952,-0.0050000000000000044,0.05000000000000071,-0.14999999999999858,29.85,29.9,29.95,30.0,57.0,133.0,7734.0,61954.0,False,False
2886,2022-10-28 10:42:55.348581,0.0016722408026756952,-0.0050000000000000044,0.05000000000000071,-0.14999999999999858,29.85,29.9,29.95,30.0,57.0,133.0,7734.0,61954.0,False,False
2886,2022-10-28 10:42:57.579915,0.0016722408026756952,-0.0050000000000000044,0.05000000000000071,-0.14999999999999858,29.85,29.9,29.95,30.0,57.0,133.0,7734.0,61954.0,False,False
2886,2022-10-28 10:43:04.853553,0.0016722408026756952,-0.0050000000000000044,0.05000000000000071,-0.14999999999999858,29.85,29.9,29.95,30.0,57.0,133.0,9580.0,61954.0,False,True
2886,2022-10-28 10:43:06.636175,0.0016722408026756952,-0.0050000000000000044,0.05000000000000071,-0.14999999999999858,29.85,29.9,29.95,30.0,57.0,134.0,9580.0,61954.0,False,False
2886,2022-10-28 10:43:10.100978,0.0016722408026756952,-0.0050000000000000044,0.05000000000000071,-0.14999999999999858,29.85,29.9,29.95,30.0,57.0,133.0,9580.0,61954.0,False,False
2886,2022-10-28 10:43:10.163961,0.0,-0.0050000000000000044,0.0,-0.14999999999999858,29.85,29.95,29.95,30.0,57.0,204.0,9580.0,61954.0,False,False
2886,2022-10-28 10:43:10.182661,0.0,-0.0050000000000000044,0.0,-0.14999999999999858,29.85,29.95,29.95,30.0,57.0,204.0,9580.0,61954.0,False,False
2886,2022-10-28 10:43:10.233677,0.0016722408026756952,-0.0050000000000000044,0.05000000000000071,-0.14999999999999858,29.85,29.9,29.95,30.0,218.0,8.0,9580.0,61954.0,False,False
2886,2022-10-28 10:43:10.254038,0.0016722408026756952,-0.0050000000000000044,0.05000000000000071,-0.14999999999999858,29.85,29.9,29.95,30.0,209.0,9.0,9580.0,61954.0,False,False
2886,2022-10-28 10:43:10.270471,0.0016722408026756952,-0.0050000000000000044,0.05000000000000071,-0.14999999999999858,29.85,29.9,29.95,30.0,209.0,5.0,9580.0,61954.0,False,False
2886,2022-10-28 10:43:10.349808,0.0016722408026756952,-0.0050000000000000044,0.05000000000000071,-0.14999999999999858,29.85,29.9,29.95,30.0,210.0,5.0,9580.0,61954.0,False,False
2886,2022-10-28 10:43:10.438603,0.0016722408026756952,-0.0050000000000000044,0.05000000000000071,-0.14999999999999858,29.85,29.9,29.95,30.0,210.0,8.0,9580.0,61954.0,False,False
2886,2022-10-28 10:43:10.635928,0.0016722408026756952,-0.0050000000000000044,0.05000000000000071,-0.14999999999999858,29.85,29.9,29.95,30.0,210.0,8.0,9580.0,61954.0,False,False
2886,2022-10-28 10:43:11.816134,0.0016722408026756952,-0.0050000000000000044,0.05000000000000071,-0.14999999999999858,29.85,29.9,29.95,30.0,210.0,8.0,9580.0,61954.0,False,False
2886,2022-10-28 10:43:11.831953,0.0016722408026756952,-0.0050000000000000044,0.05000000000000071,-0.14999999999999858,29.85,29.9,29.95,30.0,210.0,8.0,9580.0,61954.0,False,False
2886,2022-10-28 10:43:11.869460,0.0016722408026756952,-0.0050000000000000044,0.05000000000000071,-0.14999999999999858,29.85,29.9,29.95,30.0,210.0,7.0,9580.0,61954.0,False,False
2886,2022-10-28 10:43:11.902959,0.0016722408026756952,-0.0050000000000000044,0.05000000000000071,-0.14999999999999858,29.85,29.9,29.95,30.0,188.0,7.0,9580.0,61954.0,False,False
2886,2022-10-28 10:43:13.260111,0.0016722408026756952,-0.0050000000000000044,0.05000000000000071,-0.14999999999999858,29.85,29.9,29.95,30.0,188.0,8.0,9580.0,61954.0,False,False
2886,2022-10-28 10:43:13.318485,0.0016722408026756952,-0.0050000000000000044,0.05000000000000071,-0.14999999999999858,29.85,29.9,29.95,30.0,188.0,19.0,9580.0,61954.0,False,False
2886,2022-10-28 10:43:13.700321,0.0016722408026756952,-0.0050000000000000044,0.05000000000000071,-0.14999999999999858,29.85,29.9,29.95,30.0,189.0,19.0,9580.0,61954.0,False,False
2886,2022-10-28 10:43:14.323220,0.0016722408026756952,-0.0050000000000000044,0.05000000000000071,-0.14999999999999858,29.85,29.9,29.95,30.0,262.0,19.0,9580.0,61954.0,False,False
2886,2022-10-28 10:43:14.895247,0.0016722408026756952,-0.0050000000000000044,0.05000000000000071,-0.14999999999999858,29.85,29.9,29.95,30.0,262.0,19.0,7632.0,61954.0,True,True
2886,2022-10-28 10:43:15.043528,0.0016722408026756952,-0.0050000000000000044,0.05000000000000071,-0.14999999999999858,29.85,29.9,29.95,30.0,266.0,19.0,7632.0,61954.0,False,False
2886,2022-10-28 10:43:15.388469,0.0016722408026756952,-0.0050000000000000044,0.05000000000000071,-0.14999999999999858,29.85,29.9,29.95,30.0,266.0,19.0,7632.0,61954.0,False,False
2886,2022-10-28 10:43:23.139722,0.0016722408026756952,-0.0050000000000000044,0.05000000000000071,-0.14999999999999858,29.85,29.9,29.95,30.0,266.0,19.0,7632.0,61954.0,False,False
2886,2022-10-28 10:43:24.945630,0.0016722408026756952,-0.0050000000000000044,0.05000000000000071,-0.14999999999999858,29.85,29.9,29.95,30.0,266.0,19.0,7643.0,61954.0,True,True
2886,2022-10-28 10:43:33.234503,0.0016722408026756952,-0.0050000000000000044,0.05000000000000071,-0.14999999999999858,29.85,29.9,29.95,30.0,264.0,19.0,7643.0,61954.0,False,False
2886,2022-10-28 10:43:34.985793,0.0016722408026756952,-0.0050000000000000044,0.05000000000000071,-0.14999999999999858,29.85,29.9,29.95,30.0,264.0,19.0,7677.0,61954.0,True,True
2886,2022-10-28 10:43:40.484736,0.0016722408026756952,-0.0050000000000000044,0.05000000000000071,-0.14999999999999858,29.85,29.9,29.95,30.0,264.0,19.0,7677.0,61954.0,False,False
2886,2022-10-28 10:43:40.962082,0.0016722408026756952,-0.0050000000000000044,0.05000000000000071,-0.14999999999999858,29.85,29.9,29.95,30.0,264.0,19.0,7677.0,61954.0,False,False
2886,2022-10-28 10:43:43.528235,0.0016722408026756952,-0.0050000000000000044,0.05000000000000071,-0.14999999999999858,29.85,29.9,29.95,30.0,264.0,34.0,7677.0,61954.0,False,False
2886,2022-10-28 10:43:45.030040,0.0016722408026756952,-0.0050000000000000044,0.05000000000000071,-0.14999999999999858,29.85,29.9,29.95,30.0,264.0,34.0,7829.0,61954.0,True,True
2886,2022-10-28 10:43:48.000959,0.0016722408026756952,-0.0050000000000000044,0.05000000000000071,-0.14999999999999858,29.85,29.9,29.95,30.0,264.0,34.0,7829.0,61954.0,False,False
2886,2022-10-28 10:43:52.476296,0.0016722408026756952,-0.0050000000000000044,0.05000000000000071,-0.14999999999999858,29.85,29.9,29.95,30.0,264.0,35.0,7829.0,61954.0,False,False
2886,2022-10-28 10:44:00.105852,0.0016722408026756952,-0.0050000000000000044,0.05000000000000071,-0.14999999999999858,29.85,29.9,29.95,30.0,264.0,33.0,7829.0,61954.0,False,False
2886,2022-10-28 10:44:05.136595,0.0016722408026756952,-0.0050000000000000044,0.05000000000000071,-0.14999999999999858,29.85,29.9,29.95,30.0,264.0,33.0,7677.0,62010.0,True,True
2886,2022-10-28 10:44:08.443665,0.0016722408026756952,-0.0050000000000000044,0.05000000000000071,-0.14999999999999858,29.85,29.9,29.95,30.0,264.0,33.0,7677.0,62010.0,False,False
2886,2022-10-28 10:44:24.364374,0.0016722408026756952,-0.0050000000000000044,0.05000000000000071,-0.14999999999999858,29.85,29.9,29.95,30.0,264.0,46.0,7677.0,62010.0,False,False
2886,2022-10-28 10:44:28.396099,0.0016722408026756952,-0.0050000000000000044,0.05000000000000071,-0.14999999999999858,29.85,29.9,29.95,30.0,264.0,47.0,7677.0,62010.0,False,False
2886,2022-10-28 10:44:35.256755,0.0016722408026756952,-0.0050000000000000044,0.05000000000000071,-0.14999999999999858,29.85,29.9,29.95,30.0,264.0,47.0,7829.0,62010.0,True,True
2886,2022-10-28 10:44:42.052614,0.0016722408026756952,-0.0050000000000000044,0.05000000000000071,-0.14999999999999858,29.85,29.9,29.95,30.0,264.0,47.0,7829.0,62010.0,False,False
2886,2022-10-28 10:44:45.297632,0.0016722408026756952,-0.0050000000000000044,0.05000000000000071,-0.14999999999999858,29.85,29.9,29.95,30.0,264.0,47.0,7551.0,62010.0,True,True
2886,2022-10-28 10:44:45.658148,0.0016722408026756952,-0.0050000000000000044,0.05000000000000071,-0.14999999999999858,29.85,29.9,29.95,30.0,267.0,47.0,7551.0,62010.0,False,False
2886,2022-10-28 10:44:55.170585,0.0016722408026756952,-0.0050000000000000044,0.05000000000000071,-0.14999999999999858,29.85,29.9,29.95,30.0,267.0,47.0,7551.0,62010.0,False,False
2886,2022-10-28 10:44:58.916448,0.0016722408026756952,-0.0050000000000000044,0.05000000000000071,-0.14999999999999858,29.85,29.9,29.95,30.0,267.0,47.0,7551.0,62010.0,False,False
2886,2022-10-28 10:45:04.890111,0.0016722408026756952,-0.0050000000000000044,0.05000000000000071,-0.14999999999999858,29.85,29.9,29.95,30.0,267.0,46.0,7551.0,62010.0,False,False
2886,2022-10-28 10:45:10.322144,0.0016722408026756952,-0.0050000000000000044,0.05000000000000071,-0.14999999999999858,29.85,29.9,29.95,30.0,267.0,46.0,7551.0,62010.0,False,False
2886,2022-10-28 10:45:12.471980,0.0016722408026756952,-0.0050000000000000044,0.05000000000000071,-0.14999999999999858,29.85,29.9,29.95,30.0,267.0,46.0,7551.0,62010.0,False,False
2886,2022-10-28 10:45:12.585171,0.0016722408026756952,-0.0050000000000000044,0.05000000000000071,-0.14999999999999858,29.85,29.9,29.95,30.0,267.0,45.0,7551.0,62010.0,False,False
2886,2022-10-28 10:45:15.719781,0.0016722408026756952,-0.0050000000000000044,0.05000000000000071,-0.14999999999999858,29.85,29.9,29.95,30.0,267.0,45.0,7551.0,62016.0,True,True
2886,2022-10-28 10:45:19.298185,0.0016722408026756952,-0.0050000000000000044,0.05000000000000071,-0.14999999999999858,29.85,29.9,29.95,30.0,267.0,45.0,7551.0,62016.0,False,False
2886,2022-10-28 10:45:19.300529,0.0016722408026756952,-0.0050000000000000044,0.05000000000000071,-0.14999999999999858,29.85,29.9,29.95,30.0,268.0,45.0,7551.0,62016.0,False,False
2886,2022-10-28 10:45:25.728529,0.0016722408026756952,-0.0050000000000000044,0.05000000000000071,-0.14999999999999858,29.85,29.9,29.95,30.0,268.0,45.0,7551.0,62016.0,True,True
2886,2022-10-28 10:45:33.055632,0.0016722408026756952,-0.0050000000000000044,0.05000000000000071,-0.14999999999999858,29.85,29.9,29.95,30.0,268.0,45.0,7551.0,62016.0,False,False
2886,2022-10-28 10:45:34.958432,0.0016722408026756952,-0.0050000000000000044,0.05000000000000071,-0.14999999999999858,29.85,29.9,29.95,30.0,268.0,45.0,7551.0,62016.0,False,False
2886,2022-10-28 10:45:43.504815,0.0016722408026756952,-0.0050000000000000044,0.05000000000000071,-0.14999999999999858,29.85,29.9,29.95,30.0,268.0,45.0,7551.0,62016.0,False,False
2886,2022-10-28 10:45:43.599259,0.0016722408026756952,-0.0050000000000000044,0.05000000000000071,-0.14999999999999858,29.85,29.9,29.95,30.0,268.0,47.0,7551.0,62016.0,False,False
2886,2022-10-28 10:45:45.505891,0.0016722408026756952,-0.0050000000000000044,0.05000000000000071,-0.14999999999999858,29.85,29.9,29.95,30.0,268.0,48.0,7551.0,62016.0,False,False
2886,2022-10-28 10:45:46.014959,0.0016722408026756952,-0.0050000000000000044,0.05000000000000071,-0.14999999999999858,29.85,29.9,29.95,30.0,271.0,48.0,7551.0,62016.0,False,False
2886,2022-10-28 10:45:49.623067,0.0016722408026756952,-0.0050000000000000044,0.05000000000000071,-0.14999999999999858,29.85,29.9,29.95,30.0,272.0,48.0,7551.0,62016.0,False,False
2886,2022-10-28 10:45:55.807983,0.0016722408026756952,-0.0050000000000000044,0.05000000000000071,-0.14999999999999858,29.85,29.9,29.95,30.0,272.0,48.0,7561.0,62016.0,True,True
2886,2022-10-28 10:46:05.038425,0.0016722408026756952,-0.0050000000000000044,0.05000000000000071,-0.14999999999999858,29.85,29.9,29.95,30.0,272.0,48.0,9559.0,50076.0,False,True
2886,2022-10-28 10:46:11.080686,0.0016722408026756952,-0.0050000000000000044,0.05000000000000071,-0.14999999999999858,29.85,29.9,29.95,30.0,272.0,48.0,9559.0,50076.0,False,False
2886,2022-10-28 10:46:13.537152,0.0016722408026756952,-0.0050000000000000044,0.05000000000000071,-0.14999999999999858,29.85,29.9,29.95,30.0,272.0,43.0,9559.0,50076.0,False,False
2886,2022-10-28 10:46:15.075755,0.0016722408026756952,-0.0050000000000000044,0.05000000000000071,-0.14999999999999858,29.85,29.9,29.95,30.0,272.0,43.0,8826.0,50076.0,True,True
2886,2022-10-28 10:46:17.166891,0.0016722408026756952,-0.0050000000000000044,0.05000000000000071,-0.14999999999999858,29.85,29.9,29.95,30.0,275.0,43.0,8826.0,50076.0,False,False
2886,2022-10-28 10:46:17.381166,0.0016722408026756952,-0.0050000000000000044,0.05000000000000071,-0.14999999999999858,29.85,29.9,29.95,30.0,275.0,43.0,8826.0,50076.0,False,False
2886,2022-10-28 10:46:19.149278,0.0016722408026756952,-0.0050000000000000044,0.05000000000000071,-0.14999999999999858,29.85,29.9,29.95,30.0,275.0,44.0,8826.0,50076.0,False,False
2886,2022-10-28 10:46:21.647388,0.0016722408026756952,-0.0050000000000000044,0.05000000000000071,-0.14999999999999858,29.85,29.9,29.95,30.0,275.0,44.0,8826.0,50076.0,False,False
2886,2022-10-28 10:46:24.677510,0.0016722408026756952,-0.0050000000000000044,0.05000000000000071,-0.14999999999999858,29.85,29.9,29.95,30.0,275.0,46.0,8826.0,50076.0,False,False
2886,2022-10-28 10:46:24.713263,0.0016722408026756952,-0.0050000000000000044,0.05000000000000071,-0.14999999999999858,29.85,29.9,29.95,30.0,275.0,47.0,8826.0,50076.0,False,False
2886,2022-10-28 10:46:24.771154,0.0016722408026756952,-0.0050000000000000044,0.05000000000000071,-0.14999999999999858,29.85,29.9,29.95,30.0,275.0,48.0,8826.0,50076.0,False,False
2886,2022-10-28 10:46:25.300173,0.0016722408026756952,-0.0050000000000000044,0.05000000000000071,-0.14999999999999858,29.85,29.9,29.95,30.0,275.0,59.0,8826.0,50076.0,False,False
2886,2022-10-28 10:46:28.728972,0.0016722408026756952,-0.0050000000000000044,0.05000000000000071,-0.14999999999999858,29.85,29.9,29.95,30.0,275.0,59.0,8826.0,50076.0,False,False
2886,2022-10-28 10:46:33.380369,0.0016722408026756952,-0.0050000000000000044,0.05000000000000071,-0.14999999999999858,29.85,29.9,29.95,30.0,276.0,59.0,8826.0,50076.0,False,False
2886,2022-10-28 10:46:35.199868,0.0016722408026756952,-0.0050000000000000044,0.05000000000000071,-0.14999999999999858,29.85,29.9,29.95,30.0,276.0,59.0,8826.0,61076.0,True,True
2886,2022-10-28 10:46:36.705590,0.0016722408026756952,-0.0050000000000000044,0.05000000000000071,-0.14999999999999858,29.85,29.9,29.95,30.0,276.0,59.0,8826.0,61076.0,False,False
2886,2022-10-28 10:46:40.971189,0.0016722408026756952,-0.0050000000000000044,0.05000000000000071,-0.14999999999999858,29.85,29.9,29.95,30.0,276.0,59.0,8826.0,61076.0,False,False
2886,2022-10-28 10:46:44.216595,0.0016722408026756952,-0.0050000000000000044,0.05000000000000071,-0.14999999999999858,29.85,29.9,29.95,30.0,276.0,59.0,8826.0,61076.0,False,False
2886,2022-10-28 10:46:47.804509,0.0016722408026756952,-0.0050000000000000044,0.05000000000000071,-0.14999999999999858,29.85,29.9,29.95,30.0,276.0,59.0,8826.0,61076.0,False,False
2886,2022-10-28 10:46:48.658215,0.0016722408026756952,-0.0050000000000000044,0.05000000000000071,-0.14999999999999858,29.85,29.9,29.95,30.0,276.0,61.0,8826.0,61076.0,False,False
2886,2022-10-28 10:46:48.822430,0.0016722408026756952,-0.0050000000000000044,0.05000000000000071,-0.14999999999999858,29.85,29.9,29.95,30.0,276.0,62.0,8826.0,61076.0,False,False
2886,2022-10-28 10:46:54.416633,0.0016722408026756952,-0.0050000000000000044,0.05000000000000071,-0.14999999999999858,29.85,29.9,29.95,30.0,276.0,64.0,8826.0,61076.0,False,False
2886,2022-10-28 10:46:55.259925,0.0016722408026756952,-0.0050000000000000044,0.05000000000000071,-0.14999999999999858,29.85,29.9,29.95,30.0,276.0,64.0,8826.0,62016.0,True,True
2886,2022-10-28 10:46:59.524644,0.0016722408026756952,-0.0050000000000000044,0.05000000000000071,-0.14999999999999858,29.85,29.9,29.95,30.0,276.0,67.0,8826.0,62016.0,False,False
2886,2022-10-28 10:46:59.630012,0.0016722408026756952,-0.0050000000000000044,0.05000000000000071,-0.14999999999999858,29.85,29.9,29.95,30.0,276.0,70.0,8826.0,62016.0,False,False
2886,2022-10-28 10:47:01.055399,0.0016722408026756952,-0.0050000000000000044,0.05000000000000071,-0.14999999999999858,29.85,29.9,29.95,30.0,276.0,170.0,8826.0,62016.0,False,False
2886,2022-10-28 10:47:01.300546,0.0016722408026756952,-0.0050000000000000044,0.05000000000000071,-0.14999999999999858,29.85,29.9,29.95,30.0,276.0,189.0,8826.0,62016.0,False,False
2886,2022-10-28 10:47:05.291034,0.0016722408026756952,-0.0050000000000000044,0.05000000000000071,-0.14999999999999858,29.85,29.9,29.95,30.0,276.0,189.0,8826.0,62016.0,True,True
2886,2022-10-28 10:47:15.326266,0.0016722408026756952,-0.0050000000000000044,0.05000000000000071,-0.14999999999999858,29.85,29.9,29.95,30.0,276.0,189.0,8856.0,62016.0,True,True
2886,2022-10-28 10:47:15.653250,0.0016722408026756952,-0.0050000000000000044,0.05000000000000071,-0.14999999999999858,29.85,29.9,29.95,30.0,276.0,239.0,8856.0,62016.0,False,False
2886,2022-10-28 10:47:15.685155,0.0016722408026756952,-0.0050000000000000044,0.05000000000000071,-0.14999999999999858,29.85,29.9,29.95,30.0,254.0,239.0,8856.0,62016.0,False,False
2886,2022-10-28 10:47:16.647141,0.0016722408026756952,-0.0050000000000000044,0.05000000000000071,-0.14999999999999858,29.85,29.9,29.95,30.0,254.0,239.0,8856.0,62016.0,False,False
2886,2022-10-28 10:47:17.151935,0.0016722408026756952,-0.0050000000000000044,0.05000000000000071,-0.14999999999999858,29.85,29.9,29.95,30.0,181.0,239.0,8856.0,62016.0,False,False
2886,2022-10-28 10:47:17.188556,0.0016722408026756952,-0.0050000000000000044,0.05000000000000071,-0.14999999999999858,29.85,29.9,29.95,30.0,64.0,239.0,8856.0,62016.0,False,False
2886,2022-10-28 10:47:17.229766,0.0016722408026756952,-0.0050000000000000044,0.05000000000000071,-0.14999999999999858,29.85,29.9,29.95,30.0,64.0,261.0,8856.0,62016.0,False,False
2886,2022-10-28 10:47:17.788456,0.0016722408026756952,-0.0050000000000000044,0.05000000000000071,-0.14999999999999858,29.85,29.9,29.95,30.0,61.0,261.0,8856.0,62016.0,False,False
2886,2022-10-28 10:47:17.789656,0.0016722408026756952,-0.0050000000000000044,0.05000000000000071,-0.14999999999999858,29.85,29.9,29.95,30.0,60.0,261.0,8856.0,62016.0,False,False
2886,2022-10-28 10:47:21.658528,0.0016722408026756952,-0.0050000000000000044,0.05000000000000071,-0.14999999999999858,29.85,29.9,29.95,30.0,60.0,261.0,8856.0,62016.0,False,False
2886,2022-10-28 10:47:23.511987,0.0016722408026756952,-0.0050000000000000044,0.05000000000000071,-0.14999999999999858,29.85,29.9,29.95,30.0,60.0,261.0,8856.0,62016.0,False,False
2886,2022-10-28 10:47:23.961813,0.0016722408026756952,-0.0050000000000000044,0.05000000000000071,-0.14999999999999858,29.85,29.9,29.95,30.0,60.0,261.0,8856.0,62016.0,False,False
2886,2022-10-28 10:47:24.737225,0.0016722408026756952,-0.0050000000000000044,0.05000000000000071,-0.14999999999999858,29.85,29.9,29.95,30.0,60.0,260.0,8856.0,62016.0,False,False
2886,2022-10-28 10:47:25.005593,0.0016722408026756952,-0.0050000000000000044,0.05000000000000071,-0.14999999999999858,29.85,29.9,29.95,30.0,59.0,260.0,8856.0,62016.0,False,False
2886,2022-10-28 10:47:25.369692,0.0016722408026756952,-0.0050000000000000044,0.05000000000000071,-0.14999999999999858,29.85,29.9,29.95,30.0,59.0,260.0,8856.0,62016.0,True,True
2886,2022-10-28 10:47:28.913544,0.0016722408026756952,-0.0050000000000000044,0.05000000000000071,-0.14999999999999858,29.85,29.9,29.95,30.0,59.0,260.0,8856.0,62016.0,False,False
2886,2022-10-28 10:47:29.913912,0.0016722408026756952,-0.0050000000000000044,0.05000000000000071,-0.14999999999999858,29.85,29.9,29.95,30.0,54.0,260.0,8856.0,62016.0,False,False
2886,2022-10-28 10:47:30.792198,0.0016722408026756952,-0.0050000000000000044,0.05000000000000071,-0.14999999999999858,29.85,29.9,29.95,30.0,52.0,260.0,8856.0,62016.0,False,False
2886,2022-10-28 10:47:32.842376,0.0016722408026756952,-0.0050000000000000044,0.05000000000000071,-0.14999999999999858,29.85,29.9,29.95,30.0,51.0,260.0,8856.0,62016.0,False,False
2886,2022-10-28 10:47:34.206734,0.0016722408026756952,-0.0050000000000000044,0.05000000000000071,-0.14999999999999858,29.85,29.9,29.95,30.0,50.0,260.0,8856.0,62016.0,False,False
2886,2022-10-28 10:47:36.961199,0.0016722408026756952,-0.0050000000000000044,0.05000000000000071,-0.14999999999999858,29.85,29.9,29.95,30.0,44.0,260.0,8856.0,62016.0,False,False
2886,2022-10-28 10:47:36.963746,0.0016722408026756952,-0.0050000000000000044,0.05000000000000071,-0.14999999999999858,29.85,29.9,29.95,30.0,44.0,260.0,8856.0,62016.0,False,False
2886,2022-10-28 10:47:39.158157,0.0016722408026756952,-0.0050000000000000044,0.05000000000000071,-0.14999999999999858,29.85,29.9,29.95,30.0,31.0,247.0,8856.0,62016.0,False,False
2886,2022-10-28 10:47:40.304439,0.0016722408026756952,-0.0050000000000000044,0.05000000000000071,-0.14999999999999858,29.85,29.9,29.95,30.0,29.0,247.0,8856.0,62016.0,False,False
2886,2022-10-28 10:47:42.306182,0.0016722408026756952,-0.0050000000000000044,0.05000000000000071,-0.14999999999999858,29.85,29.9,29.95,30.0,29.0,259.0,8856.0,62016.0,False,False
2886,2022-10-28 10:47:45.428062,0.0016722408026756952,-0.0050000000000000044,0.05000000000000071,-0.14999999999999858,29.85,29.9,29.95,30.0,29.0,259.0,8366.0,62016.0,True,True
2886,2022-10-28 10:47:53.374157,0.0016722408026756952,-0.0050000000000000044,0.05000000000000071,-0.14999999999999858,29.85,29.9,29.95,30.0,29.0,259.0,8366.0,62016.0,False,False
2886,2022-10-28 10:47:53.941927,0.0016722408026756952,-0.0050000000000000044,0.05000000000000071,-0.14999999999999858,29.85,29.9,29.95,30.0,29.0,258.0,8366.0,62016.0,False,False
2886,2022-10-28 10:47:54.034215,0.0016722408026756952,-0.0050000000000000044,0.05000000000000071,-0.14999999999999858,29.85,29.9,29.95,30.0,29.0,258.0,8366.0,62016.0,False,False
2886,2022-10-28 10:47:56.978369,0.0016722408026756952,-0.0050000000000000044,0.05000000000000071,-0.14999999999999858,29.85,29.9,29.95,30.0,29.0,270.0,8366.0,62016.0,False,False
2886,2022-10-28 10:48:01.038982,0.0016722408026756952,-0.0050000000000000044,0.05000000000000071,-0.14999999999999858,29.85,29.9,29.95,30.0,28.0,270.0,8366.0,62016.0,False,False
2886,2022-10-28 10:48:01.864402,0.0016722408026756952,-0.0050000000000000044,0.05000000000000071,-0.14999999999999858,29.85,29.9,29.95,30.0,28.0,270.0,8366.0,62016.0,False,False
2886,2022-10-28 10:48:02.853066,0.0016722408026756952,-0.0050000000000000044,0.05000000000000071,-0.14999999999999858,29.85,29.9,29.95,30.0,46.0,270.0,8366.0,62016.0,False,False
2886,2022-10-28 10:48:05.495268,0.0016722408026756952,-0.0050000000000000044,0.05000000000000071,-0.14999999999999858,29.85,29.9,29.95,30.0,46.0,270.0,7866.0,62016.0,True,True
2886,2022-10-28 10:48:06.000796,0.0016722408026756952,-0.0050000000000000044,0.05000000000000071,-0.14999999999999858,29.85,29.9,29.95,30.0,46.0,270.0,7866.0,62016.0,False,False
2886,2022-10-28 10:48:09.395490,0.003350083752093669,-0.006666666666666599,0.09999999999999787,-0.1999999999999993,29.8,29.85,29.95,30.0,225.0,54.0,7866.0,62016.0,False,False
2886,2022-10-28 10:48:09.429916,0.003350083752093669,-0.006666666666666599,0.09999999999999787,-0.1999999999999993,29.8,29.85,29.95,30.0,225.0,54.0,7866.0,62016.0,False,False
2886,2022-10-28 10:48:09.518178,0.003350083752093669,-0.006666666666666599,0.09999999999999787,-0.1999999999999993,29.8,29.85,29.95,30.0,207.0,71.0,7866.0,62016.0,False,False
2886,2022-10-28 10:48:09.663416,0.003350083752093669,-0.006666666666666599,0.09999999999999787,-0.1999999999999993,29.8,29.85,29.95,30.0,206.0,71.0,7866.0,62016.0,False,False
2886,2022-10-28 10:48:09.790502,0.003350083752093669,-0.006666666666666599,0.09999999999999787,-0.1999999999999993,29.8,29.85,29.95,30.0,206.0,73.0,7866.0,62016.0,False,False
2886,2022-10-28 10:48:09.797444,0.003350083752093669,-0.006666666666666599,0.09999999999999787,-0.1999999999999993,29.8,29.85,29.95,30.0,206.0,75.0,7866.0,62016.0,False,False
2886,2022-10-28 10:48:10.620881,0.003350083752093669,-0.006666666666666599,0.09999999999999787,-0.1999999999999993,29.8,29.85,29.95,30.0,206.0,75.0,7866.0,62016.0,False,False
2886,2022-10-28 10:48:10.867567,0.003350083752093669,-0.006666666666666599,0.09999999999999787,-0.1999999999999993,29.8,29.85,29.95,30.0,206.0,75.0,7866.0,62016.0,False,False
2886,2022-10-28 10:48:10.871145,0.003350083752093669,-0.006666666666666599,0.09999999999999787,-0.1999999999999993,29.8,29.85,29.95,30.0,206.0,75.0,7866.0,62016.0,False,False
2886,2022-10-28 10:48:11.482657,0.003350083752093669,-0.006666666666666599,0.09999999999999787,-0.1999999999999993,29.8,29.85,29.95,30.0,206.0,75.0,7866.0,62016.0,False,False
2886,2022-10-28 10:48:12.897282,0.003350083752093669,-0.006666666666666599,0.09999999999999787,-0.1999999999999993,29.8,29.85,29.95,30.0,201.0,75.0,7866.0,62016.0,False,False
2886,2022-10-28 10:48:15.544835,0.0016750418760467234,-0.005008347245408995,0.04999999999999716,-0.14999999999999858,29.8,29.85,29.9,29.95,201.0,75.0,7472.0,54322.0,True,True
2886,2022-10-28 10:48:18.269513,0.0016750418760467234,-0.005008347245408995,0.04999999999999716,-0.14999999999999858,29.8,29.85,29.9,29.95,201.0,75.0,7472.0,54322.0,False,False
2886,2022-10-28 10:48:18.770137,0.0016750418760467234,-0.005008347245408995,0.04999999999999716,-0.14999999999999858,29.8,29.85,29.9,29.95,201.0,74.0,7472.0,54322.0,False,False
2886,2022-10-28 10:48:19.443117,0.0016750418760467234,-0.005008347245408995,0.04999999999999716,-0.14999999999999858,29.8,29.85,29.9,29.95,201.0,74.0,7472.0,54322.0,False,False
2886,2022-10-28 10:48:19.443134,0.0016750418760467234,-0.005008347245408995,0.04999999999999716,-0.14999999999999858,29.8,29.85,29.9,29.95,201.0,74.0,7472.0,54322.0,False,False
2886,2022-10-28 10:48:20.158191,0.0016750418760467234,-0.005008347245408995,0.04999999999999716,-0.14999999999999858,29.8,29.85,29.9,29.95,201.0,75.0,7472.0,54322.0,False,False
2886,2022-10-28 10:48:24.585093,0.0016750418760467234,-0.005008347245408995,0.04999999999999716,-0.14999999999999858,29.8,29.85,29.9,29.95,200.0,75.0,7472.0,54322.0,False,False
2886,2022-10-28 10:48:24.656510,0.0016750418760467234,-0.005008347245408995,0.04999999999999716,-0.14999999999999858,29.8,29.85,29.9,29.95,200.0,75.0,7472.0,54322.0,False,False
2886,2022-10-28 10:48:25.573948,0.0016750418760467234,-0.005008347245408995,0.04999999999999716,-0.14999999999999858,29.8,29.85,29.9,29.95,200.0,75.0,7522.0,55322.0,True,True
2886,2022-10-28 10:48:26.180281,0.0016750418760467234,-0.005008347245408995,0.04999999999999716,-0.14999999999999858,29.8,29.85,29.9,29.95,200.0,75.0,7522.0,55322.0,False,False
2886,2022-10-28 10:48:26.185660,0.0016750418760467234,-0.005008347245408995,0.04999999999999716,-0.14999999999999858,29.8,29.85,29.9,29.95,200.0,75.0,7522.0,55322.0,False,False
2886,2022-10-28 10:48:26.308115,0.0016750418760467234,-0.005008347245408995,0.04999999999999716,-0.14999999999999858,29.8,29.85,29.9,29.95,200.0,75.0,7522.0,55322.0,False,False
2886,2022-10-28 10:48:27.299664,0.0016750418760467234,-0.005008347245408995,0.04999999999999716,-0.14999999999999858,29.8,29.85,29.9,29.95,200.0,87.0,7522.0,55322.0,False,False
2886,2022-10-28 10:48:30.904877,0.0016750418760467234,-0.005008347245408995,0.04999999999999716,-0.14999999999999858,29.8,29.85,29.9,29.95,197.0,87.0,7522.0,55322.0,False,False
2886,2022-10-28 10:48:33.848263,0.0016750418760467234,-0.005008347245408995,0.04999999999999716,-0.14999999999999858,29.8,29.85,29.9,29.95,197.0,87.0,7522.0,55322.0,False,False
2886,2022-10-28 10:48:35.604101,0.0016750418760467234,-0.005008347245408995,0.04999999999999716,-0.14999999999999858,29.8,29.85,29.9,29.95,197.0,87.0,7522.0,56072.0,True,True
2886,2022-10-28 10:48:35.637961,0.0016750418760467234,-0.005008347245408995,0.04999999999999716,-0.14999999999999858,29.8,29.85,29.9,29.95,198.0,87.0,7522.0,56072.0,False,False
2886,2022-10-28 10:48:40.162974,0.0016750418760467234,-0.005008347245408995,0.04999999999999716,-0.14999999999999858,29.8,29.85,29.9,29.95,198.0,87.0,7522.0,56072.0,False,False
2886,2022-10-28 10:48:43.452709,0.0016750418760467234,-0.005008347245408995,0.04999999999999716,-0.14999999999999858,29.8,29.85,29.9,29.95,198.0,99.0,7522.0,56072.0,False,False
2886,2022-10-28 10:48:43.811062,0.0016750418760467234,-0.005008347245408995,0.04999999999999716,-0.14999999999999858,29.8,29.85,29.9,29.95,198.0,110.0,7522.0,56072.0,False,False
2886,2022-10-28 10:48:43.946688,0.0016750418760467234,-0.005008347245408995,0.04999999999999716,-0.14999999999999858,29.8,29.85,29.9,29.95,198.0,110.0,7522.0,56072.0,False,False
2886,2022-10-28 10:48:45.633237,0.0016750418760467234,-0.005008347245408995,0.04999999999999716,-0.14999999999999858,29.8,29.85,29.9,29.95,198.0,110.0,7492.0,56572.0,True,True
2886,2022-10-28 10:48:46.406913,0.0016750418760467234,-0.005008347245408995,0.04999999999999716,-0.14999999999999858,29.8,29.85,29.9,29.95,199.0,110.0,7492.0,56572.0,False,False
2886,2022-10-28 10:48:47.068520,0.0016750418760467234,-0.005008347245408995,0.04999999999999716,-0.14999999999999858,29.8,29.85,29.9,29.95,200.0,110.0,7492.0,56572.0,False,False
2886,2022-10-28 10:48:52.081178,0.0016750418760467234,-0.005008347245408995,0.04999999999999716,-0.14999999999999858,29.8,29.85,29.9,29.95,201.0,110.0,7492.0,56572.0,False,False
2886,2022-10-28 10:48:55.684789,0.0016750418760467234,-0.005008347245408995,0.04999999999999716,-0.14999999999999858,29.8,29.85,29.9,29.95,201.0,110.0,7492.0,57072.0,True,True
2886,2022-10-28 10:48:59.135072,0.0016750418760467234,-0.005008347245408995,0.04999999999999716,-0.14999999999999858,29.8,29.85,29.9,29.95,201.0,110.0,7492.0,57072.0,False,False
2886,2022-10-28 10:48:59.394852,0.0016750418760467234,-0.005008347245408995,0.04999999999999716,-0.14999999999999858,29.8,29.85,29.9,29.95,200.0,110.0,7492.0,57072.0,False,False
2886,2022-10-28 10:48:59.809355,0.0016750418760467234,-0.005008347245408995,0.04999999999999716,-0.14999999999999858,29.8,29.85,29.9,29.95,200.0,99.0,7492.0,57072.0,False,False
2886,2022-10-28 10:48:59.826910,0.0016750418760467234,-0.005008347245408995,0.04999999999999716,-0.14999999999999858,29.8,29.85,29.9,29.95,199.0,109.0,7492.0,57072.0,False,False
2886,2022-10-28 10:48:59.825000,0.0016750418760467234,-0.005008347245408995,0.04999999999999716,-0.14999999999999858,29.8,29.85,29.9,29.95,200.0,109.0,7492.0,57072.0,False,False
2886,2022-10-28 10:49:00.020353,0.0016750418760467234,-0.005008347245408995,0.04999999999999716,-0.14999999999999858,29.8,29.85,29.9,29.95,199.0,108.0,7492.0,57072.0,False,False
2886,2022-10-28 10:49:04.915364,0.0016750418760467234,-0.005008347245408995,0.04999999999999716,-0.14999999999999858,29.8,29.85,29.9,29.95,200.0,108.0,7492.0,57072.0,False,False
2886,2022-10-28 10:49:05.137648,0.0016750418760467234,-0.005008347245408995,0.04999999999999716,-0.14999999999999858,29.8,29.85,29.9,29.95,200.0,108.0,7492.0,55574.0,False,True
2886,2022-10-28 10:49:05.273752,0.0016750418760467234,-0.005008347245408995,0.04999999999999716,-0.14999999999999858,29.8,29.85,29.9,29.95,200.0,103.0,7492.0,55574.0,False,False
2886,2022-10-28 10:49:06.118578,0.0016750418760467234,-0.005008347245408995,0.04999999999999716,-0.14999999999999858,29.8,29.85,29.9,29.95,201.0,103.0,7492.0,55574.0,False,False
2886,2022-10-28 10:49:15.029005,0.0016750418760467234,-0.005008347245408995,0.04999999999999716,-0.14999999999999858,29.8,29.85,29.9,29.95,201.0,103.0,7492.0,55574.0,False,False
2886,2022-10-28 10:49:15.169867,0.0016750418760467234,-0.005008347245408995,0.04999999999999716,-0.14999999999999858,29.8,29.85,29.9,29.95,201.0,103.0,6493.0,60939.0,True,True
2886,2022-10-28 10:49:16.995922,0.0016750418760467234,-0.005008347245408995,0.04999999999999716,-0.14999999999999858,29.8,29.85,29.9,29.95,200.0,103.0,6493.0,60939.0,False,False
2886,2022-10-28 10:49:17.213212,0.0016750418760467234,-0.005008347245408995,0.04999999999999716,-0.14999999999999858,29.8,29.85,29.9,29.95,201.0,103.0,6493.0,60939.0,False,False
2886,2022-10-28 10:49:19.557931,0.0016750418760467234,-0.005008347245408995,0.04999999999999716,-0.14999999999999858,29.8,29.85,29.9,29.95,202.0,103.0,6493.0,60939.0,False,False
2886,2022-10-28 10:49:21.505670,0.0016750418760467234,-0.005008347245408995,0.04999999999999716,-0.14999999999999858,29.8,29.85,29.9,29.95,202.0,103.0,6493.0,60939.0,False,False
2886,2022-10-28 10:49:25.986939,0.0016750418760467234,-0.005008347245408995,0.04999999999999716,-0.14999999999999858,29.8,29.85,29.9,29.95,200.0,103.0,6493.0,60939.0,False,False
2886,2022-10-28 10:49:26.591057,0.0016750418760467234,-0.005008347245408995,0.04999999999999716,-0.14999999999999858,29.8,29.85,29.9,29.95,200.0,103.0,6493.0,60939.0,False,False
2886,2022-10-28 10:49:33.887684,0.0016750418760467234,-0.005008347245408995,0.04999999999999716,-0.14999999999999858,29.8,29.85,29.9,29.95,200.0,103.0,6493.0,60939.0,False,False
2886,2022-10-28 10:49:35.243402,0.0016750418760467234,-0.005008347245408995,0.04999999999999716,-0.14999999999999858,29.8,29.85,29.9,29.95,200.0,103.0,6493.0,60939.0,True,True
2886,2022-10-28 10:49:41.895772,0.0016750418760467234,-0.005008347245408995,0.04999999999999716,-0.14999999999999858,29.8,29.85,29.9,29.95,200.0,103.0,6493.0,60939.0,False,False
2886,2022-10-28 10:49:43.782434,0.0016750418760467234,-0.005008347245408995,0.04999999999999716,-0.14999999999999858,29.8,29.85,29.9,29.95,201.0,103.0,6493.0,60939.0,False,False
2886,2022-10-28 10:49:45.276868,0.0016750418760467234,-0.005008347245408995,0.04999999999999716,-0.14999999999999858,29.8,29.85,29.9,29.95,201.0,103.0,6493.0,60939.0,True,True
2886,2022-10-28 10:49:49.014826,0.0016750418760467234,-0.005008347245408995,0.04999999999999716,-0.14999999999999858,29.8,29.85,29.9,29.95,201.0,123.0,6493.0,60939.0,False,False
2886,2022-10-28 10:49:49.081616,0.0016750418760467234,-0.005008347245408995,0.04999999999999716,-0.14999999999999858,29.8,29.85,29.9,29.95,201.0,124.0,6493.0,60939.0,False,False
2886,2022-10-28 10:49:55.315311,0.0016750418760467234,-0.005008347245408995,0.04999999999999716,-0.14999999999999858,29.8,29.85,29.9,29.95,201.0,124.0,6663.0,60939.0,True,True
2886,2022-10-28 10:49:55.388920,0.0016750418760467234,-0.005008347245408995,0.04999999999999716,-0.14999999999999858,29.8,29.85,29.9,29.95,201.0,123.0,6663.0,60939.0,False,False
2886,2022-10-28 10:49:56.474967,0.0016750418760467234,-0.005008347245408995,0.04999999999999716,-0.14999999999999858,29.8,29.85,29.9,29.95,201.0,122.0,6663.0,60939.0,False,False
2886,2022-10-28 10:50:00.954291,0.0016750418760467234,-0.005008347245408995,0.04999999999999716,-0.14999999999999858,29.8,29.85,29.9,29.95,201.0,122.0,6663.0,60939.0,False,False
2886,2022-10-28 10:50:06.365484,0.0016750418760467234,-0.005008347245408995,0.04999999999999716,-0.14999999999999858,29.8,29.85,29.9,29.95,204.0,122.0,6663.0,60939.0,False,False
2886,2022-10-28 10:50:14.225171,0.0016750418760467234,-0.005008347245408995,0.04999999999999716,-0.14999999999999858,29.8,29.85,29.9,29.95,204.0,123.0,6663.0,60939.0,False,False
2886,2022-10-28 10:50:16.697247,0.0016750418760467234,-0.005008347245408995,0.04999999999999716,-0.14999999999999858,29.8,29.85,29.9,29.95,204.0,123.0,6663.0,60939.0,False,False
2886,2022-10-28 10:50:22.850455,0.0016750418760467234,-0.005008347245408995,0.04999999999999716,-0.14999999999999858,29.8,29.85,29.9,29.95,203.0,123.0,6663.0,60939.0,False,False
2886,2022-10-28 10:50:22.852206,0.0016750418760467234,-0.005008347245408995,0.04999999999999716,-0.14999999999999858,29.8,29.85,29.9,29.95,203.0,123.0,6663.0,60939.0,False,False
2886,2022-10-28 10:50:23.570484,0.0016750418760467234,-0.005008347245408995,0.04999999999999716,-0.14999999999999858,29.8,29.85,29.9,29.95,203.0,123.0,6663.0,60939.0,False,False
2886,2022-10-28 10:50:23.903757,0.0016750418760467234,-0.005008347245408995,0.04999999999999716,-0.14999999999999858,29.8,29.85,29.9,29.95,203.0,153.0,6663.0,60939.0,False,False
2886,2022-10-28 10:50:25.564555,0.0016750418760467234,-0.005008347245408995,0.04999999999999716,-0.14999999999999858,29.8,29.85,29.9,29.95,203.0,153.0,6763.0,60939.0,True,True
2886,2022-10-28 10:50:29.252310,0.0016750418760467234,-0.005008347245408995,0.04999999999999716,-0.14999999999999858,29.8,29.85,29.9,29.95,201.0,153.0,6763.0,60939.0,False,False
2886,2022-10-28 10:50:29.510333,0.0016750418760467234,-0.005008347245408995,0.04999999999999716,-0.14999999999999858,29.8,29.85,29.9,29.95,201.0,156.0,6763.0,60939.0,False,False
2886,2022-10-28 10:50:29.984090,0.0016750418760467234,-0.005008347245408995,0.04999999999999716,-0.14999999999999858,29.8,29.85,29.9,29.95,201.0,156.0,6763.0,60939.0,False,False
2886,2022-10-28 10:50:29.999833,0.0016750418760467234,-0.005008347245408995,0.04999999999999716,-0.14999999999999858,29.8,29.85,29.9,29.95,201.0,156.0,6763.0,60939.0,False,False
2886,2022-10-28 10:50:32.092622,0.0016750418760467234,-0.005008347245408995,0.04999999999999716,-0.14999999999999858,29.8,29.85,29.9,29.95,201.0,159.0,6763.0,60939.0,False,False
2886,2022-10-28 10:50:35.621351,0.0016750418760467234,-0.005008347245408995,0.04999999999999716,-0.14999999999999858,29.8,29.85,29.9,29.95,201.0,159.0,6763.0,61075.0,True,True
2886,2022-10-28 10:50:40.300025,0.0016750418760467234,-0.005008347245408995,0.04999999999999716,-0.14999999999999858,29.8,29.85,29.9,29.95,201.0,159.0,6763.0,61075.0,False,False
2886,2022-10-28 10:50:45.683125,0.0016750418760467234,-0.005008347245408995,0.04999999999999716,-0.14999999999999858,29.8,29.85,29.9,29.95,201.0,159.0,6763.0,61075.0,True,True
2886,2022-10-28 10:50:46.896958,0.0016750418760467234,-0.005008347245408995,0.04999999999999716,-0.14999999999999858,29.8,29.85,29.9,29.95,201.0,159.0,6763.0,61075.0,False,False
2886,2022-10-28 10:50:50.144817,0.0016750418760467234,-0.005008347245408995,0.04999999999999716,-0.14999999999999858,29.8,29.85,29.9,29.95,200.0,159.0,6763.0,61075.0,False,False
2886,2022-10-28 10:50:55.725055,0.0016750418760467234,-0.005008347245408995,0.04999999999999716,-0.14999999999999858,29.8,29.85,29.9,29.95,200.0,159.0,6763.0,61075.0,True,True
2886,2022-10-28 10:50:57.331844,0.0016750418760467234,-0.005008347245408995,0.04999999999999716,-0.14999999999999858,29.8,29.85,29.9,29.95,200.0,159.0,6763.0,61075.0,False,False
2886,2022-10-28 10:51:05.425674,0.0016750418760467234,-0.005008347245408995,0.04999999999999716,-0.14999999999999858,29.8,29.85,29.9,29.95,199.0,159.0,6763.0,61075.0,False,False
2886,2022-10-28 10:51:05.766704,0.0016750418760467234,-0.005008347245408995,0.04999999999999716,-0.14999999999999858,29.8,29.85,29.9,29.95,199.0,159.0,6763.0,61075.0,True,True
2886,2022-10-28 10:51:09.223833,0.0016750418760467234,-0.005008347245408995,0.04999999999999716,-0.14999999999999858,29.8,29.85,29.9,29.95,199.0,160.0,6763.0,61075.0,False,False
2886,2022-10-28 10:51:10.021052,0.0016750418760467234,-0.005008347245408995,0.04999999999999716,-0.14999999999999858,29.8,29.85,29.9,29.95,199.0,160.0,6763.0,61075.0,False,False
2886,2022-10-28 10:51:10.780565,0.0016750418760467234,-0.005008347245408995,0.04999999999999716,-0.14999999999999858,29.8,29.85,29.9,29.95,199.0,160.0,6763.0,61075.0,False,False
2886,2022-10-28 10:51:15.806612,0.0016750418760467234,-0.005008347245408995,0.04999999999999716,-0.14999999999999858,29.8,29.85,29.9,29.95,199.0,160.0,7513.0,61075.0,True,True
2886,2022-10-28 10:51:20.511080,0.0016750418760467234,-0.005008347245408995,0.04999999999999716,-0.14999999999999858,29.8,29.85,29.9,29.95,199.0,161.0,7513.0,61075.0,False,False
2886,2022-10-28 10:51:25.876853,0.0016750418760467234,-0.005008347245408995,0.04999999999999716,-0.14999999999999858,29.8,29.85,29.9,29.95,199.0,161.0,7213.0,61075.0,True,True
2886,2022-10-28 10:51:29.348123,0.0016750418760467234,-0.005008347245408995,0.04999999999999716,-0.14999999999999858,29.8,29.85,29.9,29.95,199.0,161.0,7213.0,61075.0,False,False
2886,2022-10-28 10:51:29.961697,0.0016750418760467234,-0.005008347245408995,0.04999999999999716,-0.14999999999999858,29.8,29.85,29.9,29.95,199.0,160.0,7213.0,61075.0,False,False
2886,2022-10-28 10:51:30.719741,0.0016750418760467234,-0.005008347245408995,0.04999999999999716,-0.14999999999999858,29.8,29.85,29.9,29.95,199.0,159.0,7213.0,61075.0,False,False
2886,2022-10-28 10:51:35.923410,0.0016750418760467234,-0.005008347245408995,0.04999999999999716,-0.14999999999999858,29.8,29.85,29.9,29.95,199.0,159.0,7213.0,61268.0,True,True
2886,2022-10-28 10:51:37.099957,0.0016750418760467234,-0.005008347245408995,0.04999999999999716,-0.14999999999999858,29.8,29.85,29.9,29.95,200.0,159.0,7213.0,61268.0,False,False
2886,2022-10-28 10:51:47.501489,0.0016750418760467234,-0.005008347245408995,0.04999999999999716,-0.14999999999999858,29.8,29.85,29.9,29.95,203.0,159.0,7213.0,61268.0,False,False
2886,2022-10-28 10:51:55.999159,0.0016750418760467234,-0.005008347245408995,0.04999999999999716,-0.14999999999999858,29.8,29.85,29.9,29.95,203.0,159.0,7362.0,61268.0,True,True
2886,2022-10-28 10:52:03.324936,0.0016750418760467234,-0.005008347245408995,0.04999999999999716,-0.14999999999999858,29.8,29.85,29.9,29.95,203.0,160.0,7362.0,61268.0,False,False
2886,2022-10-28 10:52:05.240913,0.0016750418760467234,-0.005008347245408995,0.04999999999999716,-0.14999999999999858,29.8,29.85,29.9,29.95,203.0,160.0,7961.0,61268.0,False,True
2886,2022-10-28 10:52:11.591768,0.0016750418760467234,-0.005008347245408995,0.04999999999999716,-0.14999999999999858,29.8,29.85,29.9,29.95,203.0,161.0,7961.0,61268.0,False,False
2886,2022-10-28 10:52:14.593845,0.0016750418760467234,-0.005008347245408995,0.04999999999999716,-0.14999999999999858,29.8,29.85,29.9,29.95,203.0,161.0,7961.0,61268.0,False,False
2886,2022-10-28 10:52:15.307641,0.0016750418760467234,-0.005008347245408995,0.04999999999999716,-0.14999999999999858,29.8,29.85,29.9,29.95,203.0,161.0,6962.0,61268.0,True,True
2886,2022-10-28 10:52:21.736009,0.0016750418760467234,-0.005008347245408995,0.04999999999999716,-0.14999999999999858,29.8,29.85,29.9,29.95,203.0,161.0,6962.0,61268.0,False,False
2886,2022-10-28 10:52:29.312045,0.0016750418760467234,-0.005008347245408995,0.04999999999999716,-0.14999999999999858,29.8,29.85,29.9,29.95,203.0,161.0,6962.0,61268.0,False,False
2886,2022-10-28 10:52:34.486589,0.0016750418760467234,-0.005008347245408995,0.04999999999999716,-0.14999999999999858,29.8,29.85,29.9,29.95,203.0,161.0,6962.0,61268.0,False,False
2886,2022-10-28 10:52:49.890671,0.0016750418760467234,-0.005008347245408995,0.04999999999999716,-0.14999999999999858,29.8,29.85,29.9,29.95,203.0,161.0,6962.0,61268.0,False,False
2886,2022-10-28 10:52:57.602953,0.0016750418760467234,-0.005008347245408995,0.04999999999999716,-0.14999999999999858,29.8,29.85,29.9,29.95,203.0,160.0,6962.0,61268.0,False,False
2886,2022-10-28 10:53:05.526887,0.0016750418760467234,-0.005008347245408995,0.04999999999999716,-0.14999999999999858,29.8,29.85,29.9,29.95,203.0,160.0,6762.0,61268.0,True,True
2886,2022-10-28 10:53:09.643685,0.0016750418760467234,-0.005008347245408995,0.04999999999999716,-0.14999999999999858,29.8,29.85,29.9,29.95,203.0,161.0,6762.0,61268.0,False,False
2886,2022-10-28 10:53:13.995466,0.0016750418760467234,-0.005008347245408995,0.04999999999999716,-0.14999999999999858,29.8,29.85,29.9,29.95,203.0,161.0,6762.0,61268.0,False,False
2886,2022-10-28 10:53:15.570139,0.0016750418760467234,-0.005008347245408995,0.04999999999999716,-0.14999999999999858,29.8,29.85,29.9,29.95,203.0,161.0,6757.0,61268.0,True,True
2886,2022-10-28 10:53:18.799287,0.0016750418760467234,-0.005008347245408995,0.04999999999999716,-0.14999999999999858,29.8,29.85,29.9,29.95,203.0,161.0,6757.0,61268.0,False,False
2886,2022-10-28 10:53:19.759798,0.0016750418760467234,-0.005008347245408995,0.04999999999999716,-0.14999999999999858,29.8,29.85,29.9,29.95,203.0,161.0,6757.0,61268.0,False,False
2886,2022-10-28 10:53:24.153441,0.0016750418760467234,-0.005008347245408995,0.04999999999999716,-0.14999999999999858,29.8,29.85,29.9,29.95,201.0,161.0,6757.0,61268.0,False,False
2886,2022-10-28 10:53:25.609288,0.0016750418760467234,-0.005008347245408995,0.04999999999999716,-0.14999999999999858,29.8,29.85,29.9,29.95,201.0,161.0,6802.0,61268.0,True,True
2886,2022-10-28 10:53:28.613856,0.0016750418760467234,-0.005008347245408995,0.04999999999999716,-0.14999999999999858,29.8,29.85,29.9,29.95,204.0,161.0,6802.0,61268.0,False,False
2886,2022-10-28 10:53:30.946848,0.0016750418760467234,-0.005008347245408995,0.04999999999999716,-0.14999999999999858,29.8,29.85,29.9,29.95,204.0,161.0,6802.0,61268.0,False,False
2886,2022-10-28 10:53:34.258025,0.0016750418760467234,-0.005008347245408995,0.04999999999999716,-0.14999999999999858,29.8,29.85,29.9,29.95,204.0,161.0,6802.0,61268.0,False,False
2886,2022-10-28 10:53:35.274776,0.0016750418760467234,-0.005008347245408995,0.04999999999999716,-0.14999999999999858,29.8,29.85,29.9,29.95,203.0,161.0,6802.0,61268.0,False,False
2886,2022-10-28 10:53:35.646337,0.0016750418760467234,-0.005008347245408995,0.04999999999999716,-0.14999999999999858,29.8,29.85,29.9,29.95,203.0,161.0,6812.0,61268.0,True,True
2886,2022-10-28 10:53:38.369091,0.0016750418760467234,-0.005008347245408995,0.04999999999999716,-0.14999999999999858,29.8,29.85,29.9,29.95,203.0,162.0,6812.0,61268.0,False,False
2886,2022-10-28 10:53:39.344575,0.0016750418760467234,-0.005008347245408995,0.04999999999999716,-0.14999999999999858,29.8,29.85,29.9,29.95,203.0,163.0,6812.0,61268.0,False,False
2886,2022-10-28 10:53:43.275492,0.0016750418760467234,-0.005008347245408995,0.04999999999999716,-0.14999999999999858,29.8,29.85,29.9,29.95,203.0,163.0,6812.0,61268.0,False,False
2886,2022-10-28 10:53:43.603998,0.0016750418760467234,-0.005008347245408995,0.04999999999999716,-0.14999999999999858,29.8,29.85,29.9,29.95,213.0,163.0,6812.0,61268.0,False,False
2886,2022-10-28 10:53:47.264836,0.0016750418760467234,-0.005008347245408995,0.04999999999999716,-0.14999999999999858,29.8,29.85,29.9,29.95,213.0,168.0,6812.0,61268.0,False,False
2886,2022-10-28 10:53:47.720663,0.0016750418760467234,-0.005008347245408995,0.04999999999999716,-0.14999999999999858,29.8,29.85,29.9,29.95,213.0,179.0,6812.0,61268.0,False,False
2886,2022-10-28 10:53:50.728095,0.0016750418760467234,-0.005008347245408995,0.04999999999999716,-0.14999999999999858,29.8,29.85,29.9,29.95,213.0,176.0,6812.0,61268.0,False,False
2886,2022-10-28 10:53:51.452016,0.0016750418760467234,-0.005008347245408995,0.04999999999999716,-0.14999999999999858,29.8,29.85,29.9,29.95,221.0,176.0,6812.0,61268.0,False,False
2886,2022-10-28 10:53:53.357781,0.0016750418760467234,-0.005008347245408995,0.04999999999999716,-0.14999999999999858,29.8,29.85,29.9,29.95,201.0,176.0,6812.0,61268.0,False,False
2886,2022-10-28 10:53:53.729968,0.0016750418760467234,-0.005008347245408995,0.04999999999999716,-0.14999999999999858,29.8,29.85,29.9,29.95,199.0,176.0,6812.0,61268.0,False,False
2886,2022-10-28 10:53:57.732195,0.0016750418760467234,-0.005008347245408995,0.04999999999999716,-0.14999999999999858,29.8,29.85,29.9,29.95,199.0,176.0,6812.0,61268.0,False,False
2886,2022-10-28 10:54:02.192388,0.0016750418760467234,-0.005008347245408995,0.04999999999999716,-0.14999999999999858,29.8,29.85,29.9,29.95,199.0,176.0,6812.0,61268.0,False,False
2886,2022-10-28 10:54:15.822341,0.0016750418760467234,-0.005008347245408995,0.04999999999999716,-0.14999999999999858,29.8,29.85,29.9,29.95,199.0,176.0,6812.0,61268.0,True,True
2886,2022-10-28 10:54:16.246126,0.0016750418760467234,-0.005008347245408995,0.04999999999999716,-0.14999999999999858,29.8,29.85,29.9,29.95,199.0,178.0,6812.0,61268.0,False,False
2886,2022-10-28 10:54:22.670125,0.0016750418760467234,-0.005008347245408995,0.04999999999999716,-0.14999999999999858,29.8,29.85,29.9,29.95,199.0,177.0,6812.0,61268.0,False,False
2886,2022-10-28 10:54:25.860447,0.0016750418760467234,-0.005008347245408995,0.04999999999999716,-0.14999999999999858,29.8,29.85,29.9,29.95,199.0,177.0,6812.0,61268.0,True,True
2886,2022-10-28 10:54:30.803852,0.0016750418760467234,-0.005008347245408995,0.04999999999999716,-0.14999999999999858,29.8,29.85,29.9,29.95,202.0,177.0,6812.0,61268.0,False,False
2886,2022-10-28 10:54:35.026737,0.0016750418760467234,-0.005008347245408995,0.04999999999999716,-0.14999999999999858,29.8,29.85,29.9,29.95,202.0,177.0,6812.0,61268.0,False,False
2886,2022-10-28 10:54:36.072935,0.0016750418760467234,-0.005008347245408995,0.04999999999999716,-0.14999999999999858,29.8,29.85,29.9,29.95,202.0,177.0,6812.0,61268.0,False,False
2886,2022-10-28 10:54:39.050354,0.0016750418760467234,-0.005008347245408995,0.04999999999999716,-0.14999999999999858,29.8,29.85,29.9,29.95,202.0,177.0,6812.0,61268.0,False,False
2886,2022-10-28 10:54:45.955185,0.0016750418760467234,-0.005008347245408995,0.04999999999999716,-0.14999999999999858,29.8,29.85,29.9,29.95,202.0,177.0,6812.0,61268.0,True,True
2886,2022-10-28 10:54:54.717807,0.0016750418760467234,-0.005008347245408995,0.04999999999999716,-0.14999999999999858,29.8,29.85,29.9,29.95,202.0,179.0,6812.0,61268.0,False,False
2886,2022-10-28 10:54:56.011770,0.0016750418760467234,-0.005008347245408995,0.04999999999999716,-0.14999999999999858,29.8,29.85,29.9,29.95,202.0,179.0,6812.0,61268.0,True,True
2886,2022-10-28 10:55:00.227245,0.0016750418760467234,-0.005008347245408995,0.04999999999999716,-0.14999999999999858,29.8,29.85,29.9,29.95,202.0,182.0,6812.0,61268.0,False,False
2886,2022-10-28 10:55:01.387509,0.0016750418760467234,-0.005008347245408995,0.04999999999999716,-0.14999999999999858,29.8,29.85,29.9,29.95,202.0,182.0,6812.0,61268.0,False,False
2886,2022-10-28 10:55:05.378039,0.0016750418760467234,-0.005008347245408995,0.04999999999999716,-0.14999999999999858,29.8,29.85,29.9,29.95,202.0,182.0,7811.0,61268.0,False,True
2886,2022-10-28 10:55:09.289632,0.0016750418760467234,-0.005008347245408995,0.04999999999999716,-0.14999999999999858,29.8,29.85,29.9,29.95,202.0,194.0,7811.0,61268.0,False,False
2886,2022-10-28 10:55:09.641837,0.0016750418760467234,-0.005008347245408995,0.04999999999999716,-0.14999999999999858,29.8,29.85,29.9,29.95,202.0,193.0,7811.0,61268.0,False,False
2886,2022-10-28 10:55:09.679170,0.0016750418760467234,-0.005008347245408995,0.04999999999999716,-0.14999999999999858,29.8,29.85,29.9,29.95,202.0,193.0,7811.0,61268.0,False,False
2886,2022-10-28 10:55:15.577658,0.0016750418760467234,-0.005008347245408995,0.04999999999999716,-0.14999999999999858,29.8,29.85,29.9,29.95,202.0,193.0,7642.0,61268.0,True,True
2886,2022-10-28 10:55:16.441884,0.0016750418760467234,-0.005008347245408995,0.04999999999999716,-0.14999999999999858,29.8,29.85,29.9,29.95,202.0,195.0,7642.0,61268.0,False,False
2886,2022-10-28 10:55:18.778018,0.0016750418760467234,-0.005008347245408995,0.04999999999999716,-0.14999999999999858,29.8,29.85,29.9,29.95,203.0,195.0,7642.0,61268.0,False,False
2886,2022-10-28 10:55:31.837153,0.0016750418760467234,-0.005008347245408995,0.04999999999999716,-0.14999999999999858,29.8,29.85,29.9,29.95,203.0,192.0,7642.0,61268.0,False,False
2886,2022-10-28 10:55:35.164619,0.0016750418760467234,-0.005008347245408995,0.04999999999999716,-0.14999999999999858,29.8,29.85,29.9,29.95,203.0,187.0,7642.0,61268.0,False,False
2886,2022-10-28 10:55:35.613295,0.0016750418760467234,-0.005008347245408995,0.04999999999999716,-0.14999999999999858,29.8,29.85,29.9,29.95,203.0,187.0,7642.0,61268.0,True,True
2886,2022-10-28 10:55:36.247968,0.0016750418760467234,-0.005008347245408995,0.04999999999999716,-0.14999999999999858,29.8,29.85,29.9,29.95,203.0,188.0,7642.0,61268.0,False,False
2886,2022-10-28 10:55:38.377657,0.0016750418760467234,-0.005008347245408995,0.04999999999999716,-0.14999999999999858,29.8,29.85,29.9,29.95,213.0,188.0,7642.0,61268.0,False,False
2886,2022-10-28 10:55:39.716227,0.0016750418760467234,-0.005008347245408995,0.04999999999999716,-0.14999999999999858,29.8,29.85,29.9,29.95,213.0,188.0,7642.0,61268.0,False,False
2886,2022-10-28 10:55:43.311726,0.0016750418760467234,-0.005008347245408995,0.04999999999999716,-0.14999999999999858,29.8,29.85,29.9,29.95,213.0,188.0,7642.0,61268.0,False,False
2886,2022-10-28 10:55:43.911143,0.0016750418760467234,-0.005008347245408995,0.04999999999999716,-0.14999999999999858,29.8,29.85,29.9,29.95,213.0,188.0,7642.0,61268.0,False,False
2886,2022-10-28 10:55:45.635993,0.0016750418760467234,-0.005008347245408995,0.04999999999999716,-0.14999999999999858,29.8,29.85,29.9,29.95,213.0,188.0,7642.0,61268.0,True,True
2886,2022-10-28 10:55:55.664329,0.0016750418760467234,-0.005008347245408995,0.04999999999999716,-0.14999999999999858,29.8,29.85,29.9,29.95,213.0,188.0,7642.0,61268.0,True,True
2886,2022-10-28 10:56:12.221169,0.0016750418760467234,-0.005008347245408995,0.04999999999999716,-0.14999999999999858,29.8,29.85,29.9,29.95,214.0,188.0,7642.0,61268.0,False,False
2886,2022-10-28 10:56:15.725417,0.0016750418760467234,-0.005008347245408995,0.04999999999999716,-0.14999999999999858,29.8,29.85,29.9,29.95,214.0,188.0,7732.0,61268.0,True,True
2886,2022-10-28 10:56:17.451176,0.0016750418760467234,-0.005008347245408995,0.04999999999999716,-0.14999999999999858,29.8,29.85,29.9,29.95,214.0,187.0,7732.0,61268.0,False,False
2886,2022-10-28 10:56:25.762392,0.0016750418760467234,-0.005008347245408995,0.04999999999999716,-0.14999999999999858,29.8,29.85,29.9,29.95,214.0,187.0,7733.0,61268.0,True,True
2886,2022-10-28 10:56:29.323662,0.0016750418760467234,-0.005008347245408995,0.04999999999999716,-0.14999999999999858,29.8,29.85,29.9,29.95,214.0,187.0,7733.0,61268.0,False,False
2886,2022-10-28 10:56:31.091584,0.0016750418760467234,-0.005008347245408995,0.04999999999999716,-0.14999999999999858,29.8,29.85,29.9,29.95,214.0,187.0,7733.0,61268.0,False,False
2886,2022-10-28 10:56:35.802485,0.0016750418760467234,-0.005008347245408995,0.04999999999999716,-0.14999999999999858,29.8,29.85,29.9,29.95,214.0,187.0,7653.0,61268.0,True,True
2886,2022-10-28 10:56:37.285061,0.0016750418760467234,-0.005008347245408995,0.04999999999999716,-0.14999999999999858,29.8,29.85,29.9,29.95,214.0,171.0,7653.0,61268.0,False,False
2886,2022-10-28 10:56:45.830478,0.0016750418760467234,-0.005008347245408995,0.04999999999999716,-0.14999999999999858,29.8,29.85,29.9,29.95,214.0,171.0,7653.0,61268.0,True,True
2886,2022-10-28 10:56:48.286035,0.0016750418760467234,-0.005008347245408995,0.04999999999999716,-0.14999999999999858,29.8,29.85,29.9,29.95,215.0,171.0,7653.0,61268.0,False,False
2886,2022-10-28 10:56:49.276562,0.0016750418760467234,-0.005008347245408995,0.04999999999999716,-0.14999999999999858,29.8,29.85,29.9,29.95,215.0,170.0,7653.0,61268.0,False,False
2886,2022-10-28 10:56:55.861369,0.0016750418760467234,-0.005008347245408995,0.04999999999999716,-0.14999999999999858,29.8,29.85,29.9,29.95,215.0,170.0,7653.0,61268.0,True,True
2886,2022-10-28 10:56:56.927282,0.0016750418760467234,-0.005008347245408995,0.04999999999999716,-0.14999999999999858,29.8,29.85,29.9,29.95,215.0,170.0,7653.0,61268.0,False,False
2886,2022-10-28 10:56:59.593606,0.0016750418760467234,-0.005008347245408995,0.04999999999999716,-0.14999999999999858,29.8,29.85,29.9,29.95,215.0,169.0,7653.0,61268.0,False,False
2886,2022-10-28 10:57:00.856173,0.0016750418760467234,-0.005008347245408995,0.04999999999999716,-0.14999999999999858,29.8,29.85,29.9,29.95,215.0,169.0,7653.0,61268.0,False,False
2886,2022-10-28 10:57:05.797241,0.0016750418760467234,-0.005008347245408995,0.04999999999999716,-0.14999999999999858,29.8,29.85,29.9,29.95,215.0,169.0,7653.0,61268.0,False,False
2886,2022-10-28 10:57:05.890568,0.0016750418760467234,-0.005008347245408995,0.04999999999999716,-0.14999999999999858,29.8,29.85,29.9,29.95,215.0,169.0,7833.0,61268.0,True,True
2886,2022-10-28 10:57:10.409488,0.0016750418760467234,-0.005008347245408995,0.04999999999999716,-0.14999999999999858,29.8,29.85,29.9,29.95,215.0,166.0,7833.0,61268.0,False,False
2886,2022-10-28 10:57:13.777527,0.0016750418760467234,-0.005008347245408995,0.04999999999999716,-0.14999999999999858,29.8,29.85,29.9,29.95,217.0,166.0,7833.0,61268.0,False,False
2886,2022-10-28 10:57:15.925257,0.0016750418760467234,-0.005008347245408995,0.04999999999999716,-0.14999999999999858,29.8,29.85,29.9,29.95,217.0,166.0,7833.0,61268.0,True,True
2886,2022-10-28 10:57:44.785470,0.0016750418760467234,-0.005008347245408995,0.04999999999999716,-0.14999999999999858,29.8,29.85,29.9,29.95,218.0,166.0,7833.0,61268.0,False,False
2886,2022-10-28 10:57:47.979418,0.0016750418760467234,-0.005008347245408995,0.04999999999999716,-0.14999999999999858,29.8,29.85,29.9,29.95,218.0,166.0,7833.0,61268.0,False,False
2886,2022-10-28 10:57:56.464552,0.0016750418760467234,-0.005008347245408995,0.04999999999999716,-0.14999999999999858,29.8,29.85,29.9,29.95,219.0,166.0,7833.0,61268.0,False,False
2886,2022-10-28 10:57:56.489442,0.0016750418760467234,-0.005008347245408995,0.04999999999999716,-0.14999999999999858,29.8,29.85,29.9,29.95,219.0,166.0,7833.0,61268.0,False,False
2886,2022-10-28 10:58:03.441432,0.0016750418760467234,-0.005008347245408995,0.04999999999999716,-0.14999999999999858,29.8,29.85,29.9,29.95,219.0,166.0,7833.0,61268.0,False,False
2886,2022-10-28 10:58:05.485261,0.0016750418760467234,-0.005008347245408995,0.04999999999999716,-0.14999999999999858,29.8,29.85,29.9,29.95,219.0,166.0,8642.0,61078.0,False,True
2886,2022-10-28 10:58:09.100583,0.0016750418760467234,-0.005008347245408995,0.04999999999999716,-0.14999999999999858,29.8,29.85,29.9,29.95,219.0,161.0,8642.0,61078.0,False,False
2886,2022-10-28 10:58:10.901505,0.0016750418760467234,-0.005008347245408995,0.04999999999999716,-0.14999999999999858,29.8,29.85,29.9,29.95,289.0,161.0,8642.0,61078.0,False,False
2886,2022-10-28 10:58:14.442229,0.0016750418760467234,-0.005008347245408995,0.04999999999999716,-0.14999999999999858,29.8,29.85,29.9,29.95,289.0,163.0,8642.0,61078.0,False,False
2886,2022-10-28 10:58:15.541539,0.0016750418760467234,-0.005008347245408995,0.04999999999999716,-0.14999999999999858,29.8,29.85,29.9,29.95,289.0,163.0,7643.0,61268.0,True,True
2886,2022-10-28 10:58:16.425298,0.0016750418760467234,-0.005008347245408995,0.04999999999999716,-0.14999999999999858,29.8,29.85,29.9,29.95,290.0,163.0,7643.0,61268.0,False,False
2886,2022-10-28 10:58:20.674598,0.0016750418760467234,-0.005008347245408995,0.04999999999999716,-0.14999999999999858,29.8,29.85,29.9,29.95,290.0,163.0,7643.0,61268.0,False,False
2886,2022-10-28 10:58:20.975771,0.0016750418760467234,-0.005008347245408995,0.04999999999999716,-0.14999999999999858,29.8,29.85,29.9,29.95,290.0,163.0,7643.0,61268.0,False,False
2886,2022-10-28 10:58:20.979559,0.0016750418760467234,-0.005008347245408995,0.04999999999999716,-0.14999999999999858,29.8,29.85,29.9,29.95,292.0,163.0,7643.0,61268.0,False,False
2886,2022-10-28 10:58:22.212194,0.0016750418760467234,-0.005008347245408995,0.04999999999999716,-0.14999999999999858,29.8,29.85,29.9,29.95,434.0,163.0,7643.0,61268.0,False,False
2886,2022-10-28 10:58:22.275776,0.0016750418760467234,-0.005008347245408995,0.04999999999999716,-0.14999999999999858,29.8,29.85,29.9,29.95,457.0,161.0,7643.0,61268.0,False,False
2886,2022-10-28 10:58:22.229571,0.0016750418760467234,-0.005008347245408995,0.04999999999999716,-0.14999999999999858,29.8,29.85,29.9,29.95,457.0,163.0,7643.0,61268.0,False,False
2886,2022-10-28 10:58:22.941790,0.0016750418760467234,-0.005008347245408995,0.04999999999999716,-0.14999999999999858,29.8,29.85,29.9,29.95,464.0,161.0,7643.0,61268.0,False,False
2886,2022-10-28 10:58:24.918630,0.0016750418760467234,-0.005008347245408995,0.04999999999999716,-0.14999999999999858,29.8,29.85,29.9,29.95,464.0,160.0,7643.0,61268.0,False,False
2886,2022-10-28 10:58:24.951896,0.0016750418760467234,-0.005008347245408995,0.04999999999999716,-0.14999999999999858,29.8,29.85,29.9,29.95,464.0,110.0,7643.0,61268.0,False,False
2886,2022-10-28 10:58:24.979135,0.0016750418760467234,-0.005008347245408995,0.04999999999999716,-0.14999999999999858,29.8,29.85,29.9,29.95,464.0,12.0,7643.0,61268.0,False,False
2886,2022-10-28 10:58:25.012239,0.0016750418760467234,-0.005008347245408995,0.04999999999999716,-0.14999999999999858,29.8,29.85,29.9,29.95,488.0,12.0,7643.0,61268.0,False,False
2886,2022-10-28 10:58:25.012420,0.0016750418760467234,-0.005008347245408995,0.04999999999999716,-0.14999999999999858,29.8,29.85,29.9,29.95,488.0,1.0,7643.0,61268.0,False,False
2886,2022-10-28 10:58:25.036366,0.0,-0.005008347245408995,0.0,-0.14999999999999858,29.8,29.9,29.9,29.95,488.0,288.0,7643.0,61268.0,False,False
2886,2022-10-28 10:58:25.044812,0.0016750418760467234,-0.005008347245408995,0.04999999999999716,-0.14999999999999858,29.8,29.85,29.9,29.95,488.0,4.0,7643.0,61268.0,False,False
2886,2022-10-28 10:58:25.047484,0.0,-0.0033388981636058856,0.0,-0.09999999999999787,29.85,29.9,29.9,29.95,8.0,288.0,7643.0,61268.0,False,False
2886,2022-10-28 10:58:25.037765,0.0016750418760467234,-0.005008347245408995,0.04999999999999716,-0.14999999999999858,29.8,29.85,29.9,29.95,488.0,5.0,7643.0,61268.0,False,False
2886,2022-10-28 10:58:25.054318,0.0,-0.0033388981636058856,0.0,-0.09999999999999787,29.85,29.9,29.9,29.95,7.0,288.0,7643.0,61268.0,False,False
2886,2022-10-28 10:58:25.128585,0.0,-0.0033388981636058856,0.0,-0.09999999999999787,29.85,29.9,29.9,29.95,50.0,262.0,7643.0,61268.0,False,False
2886,2022-10-28 10:58:25.136325,0.0,-0.0033388981636058856,0.0,-0.09999999999999787,29.85,29.9,29.9,29.95,50.0,262.0,7643.0,61268.0,False,False
2886,2022-10-28 10:58:25.574800,0.0,-0.0033388981636058856,0.0,-0.09999999999999787,29.85,29.9,29.9,29.95,50.0,262.0,6644.0,61268.0,True,True
2886,2022-10-28 10:58:25.845302,0.0,-0.0033388981636058856,0.0,-0.09999999999999787,29.85,29.9,29.9,29.95,50.0,262.0,6644.0,61268.0,False,False
2886,2022-10-28 10:58:25.920390,0.0,-0.0033388981636058856,0.0,-0.09999999999999787,29.85,29.9,29.9,29.95,61.0,264.0,6644.0,61268.0,False,False
2886,2022-10-28 10:58:25.994186,0.0,-0.0033388981636058856,0.0,-0.09999999999999787,29.85,29.9,29.9,29.95,98.0,264.0,6644.0,61268.0,False,False
2886,2022-10-28 10:58:26.165567,0.0,-0.0033388981636058856,0.0,-0.09999999999999787,29.85,29.9,29.9,29.95,98.0,249.0,6644.0,61268.0,False,False
2886,2022-10-28 10:58:26.184039,0.0,-0.0033388981636058856,0.0,-0.09999999999999787,29.85,29.9,29.9,29.95,98.0,262.0,6644.0,61268.0,False,False
2886,2022-10-28 10:58:26.565596,0.0,-0.0033388981636058856,0.0,-0.09999999999999787,29.85,29.9,29.9,29.95,101.0,262.0,6644.0,61268.0,False,False
2886,2022-10-28 10:58:33.223155,0.0,-0.0033388981636058856,0.0,-0.09999999999999787,29.85,29.9,29.9,29.95,101.0,262.0,6644.0,61268.0,False,False
2886,2022-10-28 10:58:33.250498,0.0,-0.0033388981636058856,0.0,-0.09999999999999787,29.85,29.9,29.9,29.95,127.0,262.0,6644.0,61268.0,False,False
2886,2022-10-28 10:58:46.151691,0.0,-0.0033388981636058856,0.0,-0.09999999999999787,29.85,29.9,29.9,29.95,128.0,262.0,6644.0,61268.0,False,False
2886,2022-10-28 10:58:46.314887,0.0,-0.0033388981636058856,0.0,-0.09999999999999787,29.85,29.9,29.9,29.95,128.0,262.0,6644.0,61268.0,False,False
2886,2022-10-28 10:58:46.318254,0.0,-0.0033388981636058856,0.0,-0.09999999999999787,29.85,29.9,29.9,29.95,130.0,262.0,6644.0,61268.0,False,False
2886,2022-10-28 10:58:50.655362,0.0,-0.0033388981636058856,0.0,-0.09999999999999787,29.85,29.9,29.9,29.95,130.0,259.0,6644.0,61268.0,False,False
2886,2022-10-28 10:58:55.672292,0.0,-0.0033388981636058856,0.0,-0.09999999999999787,29.85,29.9,29.9,29.95,130.0,259.0,6822.0,61268.0,True,True
2886,2022-10-28 10:58:58.683465,0.0,-0.0033388981636058856,0.0,-0.09999999999999787,29.85,29.9,29.9,29.95,130.0,260.0,6822.0,61268.0,False,False
