symbol,datetime,NaOb_r,NbOa_r,NaOb_s,NbOa_s,bid1,ask1,odd_bid1,odd_ask1,bidQty1,askQty1,odd_bidQty1,odd_askQty1,simulate,triggerbyOdd
2887,2022-10-28 10:32:53.401312,0.0,-0.0073260073260073,0.0,-0.09999999999999964,13.55,13.6,13.6,13.65,507.0,417.0,6944.0,58502.0,True,True
2887,2022-10-28 10:33:02.830218,0.0,-0.0073260073260073,0.0,-0.09999999999999964,13.55,13.6,13.6,13.65,507.0,417.0,6944.0,58502.0,False,False
2887,2022-10-28 10:33:13.857913,0.0,-0.0073260073260073,0.0,-0.09999999999999964,13.55,13.6,13.6,13.65,507.0,423.0,6944.0,58502.0,False,False
2887,2022-10-28 10:33:16.818465,0.0,-0.0073260073260073,0.0,-0.09999999999999964,13.55,13.6,13.6,13.65,507.0,422.0,6944.0,58502.0,False,False
2887,2022-10-28 10:33:20.633259,0.0,-0.0073260073260073,0.0,-0.09999999999999964,13.55,13.6,13.6,13.65,507.0,423.0,6944.0,58502.0,False,False
2887,2022-10-28 10:33:23.679796,0.0,-0.0073260073260073,0.0,-0.09999999999999964,13.55,13.6,13.6,13.65,507.0,423.0,6944.0,58502.0,False,False
2887,2022-10-28 10:33:34.532913,0.0,-0.0073260073260073,0.0,-0.09999999999999964,13.55,13.6,13.6,13.65,507.0,423.0,6944.0,58502.0,False,False
2887,2022-10-28 10:33:35.237870,0.0,-0.0073260073260073,0.0,-0.09999999999999964,13.55,13.6,13.6,13.65,507.0,423.0,6944.0,58502.0,False,False
2887,2022-10-28 10:33:43.626682,0.0,-0.0073260073260073,0.0,-0.09999999999999964,13.55,13.6,13.6,13.65,507.0,423.0,6944.0,58502.0,True,True
2887,2022-10-28 10:33:53.664797,0.0,-0.0073260073260073,0.0,-0.09999999999999964,13.55,13.6,13.6,13.65,507.0,423.0,6944.0,58502.0,True,True
2887,2022-10-28 10:33:57.648868,0.0,-0.0073260073260073,0.0,-0.09999999999999964,13.55,13.6,13.6,13.65,506.0,422.0,6944.0,58502.0,False,False
2887,2022-10-28 10:33:57.681492,0.0,-0.0073260073260073,0.0,-0.09999999999999964,13.55,13.6,13.6,13.65,505.0,422.0,6944.0,58502.0,False,False
2887,2022-10-28 10:33:57.717299,0.0,-0.0073260073260073,0.0,-0.09999999999999964,13.55,13.6,13.6,13.65,505.0,421.0,6944.0,58502.0,False,False
2887,2022-10-28 10:33:58.880822,0.0,-0.0073260073260073,0.0,-0.09999999999999964,13.55,13.6,13.6,13.65,505.0,423.0,6944.0,58502.0,False,False
2887,2022-10-28 10:34:01.060366,0.0,-0.0073260073260073,0.0,-0.09999999999999964,13.55,13.6,13.6,13.65,505.0,416.0,6944.0,58502.0,False,False
2887,2022-10-28 10:34:03.109871,0.0,-0.0073260073260073,0.0,-0.09999999999999964,13.55,13.6,13.6,13.65,505.0,416.0,6944.0,58502.0,False,True
2887,2022-10-28 10:34:05.373371,0.0,-0.0073260073260073,0.0,-0.09999999999999964,13.55,13.6,13.6,13.65,504.0,416.0,6944.0,58502.0,False,False
2887,2022-10-28 10:34:05.468721,0.0,-0.0073260073260073,0.0,-0.09999999999999964,13.55,13.6,13.6,13.65,504.0,415.0,6944.0,58502.0,False,False
2887,2022-10-28 10:34:10.135330,0.0,-0.0073260073260073,0.0,-0.09999999999999964,13.55,13.6,13.6,13.65,503.0,415.0,6944.0,58502.0,False,False
2887,2022-10-28 10:34:13.156043,0.0,-0.0073260073260073,0.0,-0.09999999999999964,13.55,13.6,13.6,13.65,503.0,415.0,6944.0,58492.0,True,True
2887,2022-10-28 10:34:22.500504,0.0,-0.0073260073260073,0.0,-0.09999999999999964,13.55,13.6,13.6,13.65,484.0,396.0,6944.0,58492.0,False,False
2887,2022-10-28 10:34:22.530570,0.0,-0.0073260073260073,0.0,-0.09999999999999964,13.55,13.6,13.6,13.65,573.0,396.0,6944.0,58492.0,False,False
2887,2022-10-28 10:34:30.162533,0.0,-0.0073260073260073,0.0,-0.09999999999999964,13.55,13.6,13.6,13.65,573.0,396.0,6944.0,58492.0,False,False
2887,2022-10-28 10:34:33.964540,0.0,-0.0073260073260073,0.0,-0.09999999999999964,13.55,13.6,13.6,13.65,573.0,397.0,6944.0,58492.0,False,False
2887,2022-10-28 10:34:39.820813,0.0,-0.0073260073260073,0.0,-0.09999999999999964,13.55,13.6,13.6,13.65,573.0,396.0,6944.0,58492.0,False,False
2887,2022-10-28 10:34:43.272412,0.0,-0.0073260073260073,0.0,-0.09999999999999964,13.55,13.6,13.6,13.65,573.0,396.0,7044.0,58492.0,True,True
2887,2022-10-28 10:34:46.677583,0.0,-0.0073260073260073,0.0,-0.09999999999999964,13.55,13.6,13.6,13.65,573.0,392.0,7044.0,58492.0,False,False
2887,2022-10-28 10:34:53.313569,0.0,-0.0073260073260073,0.0,-0.09999999999999964,13.55,13.6,13.6,13.65,573.0,392.0,7044.0,58478.0,True,True
2887,2022-10-28 10:34:56.448168,0.0,-0.0073260073260073,0.0,-0.09999999999999964,13.55,13.6,13.6,13.65,573.0,393.0,7044.0,58478.0,False,False
2887,2022-10-28 10:35:01.932208,0.0,-0.0073260073260073,0.0,-0.09999999999999964,13.55,13.6,13.6,13.65,573.0,393.0,7044.0,58478.0,False,False
2887,2022-10-28 10:35:03.488191,0.0,-0.0073260073260073,0.0,-0.09999999999999964,13.55,13.6,13.6,13.65,573.0,393.0,7044.0,58478.0,True,True
2887,2022-10-28 10:35:06.561032,0.0,-0.0073260073260073,0.0,-0.09999999999999964,13.55,13.6,13.6,13.65,573.0,391.0,7044.0,58478.0,False,False
2887,2022-10-28 10:35:10.729929,0.0,-0.0073260073260073,0.0,-0.09999999999999964,13.55,13.6,13.6,13.65,573.0,381.0,7044.0,58478.0,False,False
2887,2022-10-28 10:35:14.905953,0.0,-0.0073260073260073,0.0,-0.09999999999999964,13.55,13.6,13.6,13.65,573.0,381.0,7044.0,58478.0,False,False
2887,2022-10-28 10:35:29.063857,0.0,-0.0073260073260073,0.0,-0.09999999999999964,13.55,13.6,13.6,13.65,573.0,381.0,7044.0,58478.0,False,False
2887,2022-10-28 10:35:29.651105,0.0,-0.0073260073260073,0.0,-0.09999999999999964,13.55,13.6,13.6,13.65,573.0,382.0,7044.0,58478.0,False,False
2887,2022-10-28 10:35:31.806293,0.0,-0.0073260073260073,0.0,-0.09999999999999964,13.55,13.6,13.6,13.65,573.0,392.0,7044.0,58478.0,False,False
2887,2022-10-28 10:35:32.084835,0.0,-0.0073260073260073,0.0,-0.09999999999999964,13.55,13.6,13.6,13.65,573.0,382.0,7044.0,58478.0,False,False
2887,2022-10-28 10:35:32.221618,0.0,-0.0073260073260073,0.0,-0.09999999999999964,13.55,13.6,13.6,13.65,573.0,380.0,7044.0,58478.0,False,False
2887,2022-10-28 10:35:32.608316,0.0,-0.0073260073260073,0.0,-0.09999999999999964,13.55,13.6,13.6,13.65,573.0,380.0,7044.0,58478.0,False,False
2887,2022-10-28 10:35:33.709461,0.0,-0.0073260073260073,0.0,-0.09999999999999964,13.55,13.6,13.6,13.65,573.0,380.0,7044.0,58478.0,True,True
2887,2022-10-28 10:35:36.466189,0.0,-0.0073260073260073,0.0,-0.09999999999999964,13.55,13.6,13.6,13.65,572.0,380.0,7044.0,58478.0,False,False
2887,2022-10-28 10:35:43.743763,0.0,-0.0073260073260073,0.0,-0.09999999999999964,13.55,13.6,13.6,13.65,572.0,380.0,7044.0,58462.0,True,True
2887,2022-10-28 10:35:49.220662,0.0,-0.0073260073260073,0.0,-0.09999999999999964,13.55,13.6,13.6,13.65,572.0,380.0,7044.0,58462.0,False,False
2887,2022-10-28 10:35:49.367231,0.0,-0.0073260073260073,0.0,-0.09999999999999964,13.55,13.6,13.6,13.65,572.0,380.0,7044.0,58462.0,False,False
2887,2022-10-28 10:35:57.531722,0.0,-0.0073260073260073,0.0,-0.09999999999999964,13.55,13.6,13.6,13.65,572.0,380.0,7044.0,58462.0,False,False
2887,2022-10-28 10:36:02.824397,0.0,-0.0073260073260073,0.0,-0.09999999999999964,13.55,13.6,13.6,13.65,572.0,383.0,7044.0,58462.0,False,False
2887,2022-10-28 10:36:03.826871,0.0,-0.0073260073260073,0.0,-0.09999999999999964,13.55,13.6,13.6,13.65,572.0,383.0,7264.0,58442.0,True,True
2887,2022-10-28 10:36:16.560059,0.0,-0.0073260073260073,0.0,-0.09999999999999964,13.55,13.6,13.6,13.65,572.0,383.0,7264.0,58442.0,False,False
2887,2022-10-28 10:36:18.757104,0.0,-0.0073260073260073,0.0,-0.09999999999999964,13.55,13.6,13.6,13.65,572.0,385.0,7264.0,58442.0,False,False
2887,2022-10-28 10:36:23.580521,0.0,-0.0073260073260073,0.0,-0.09999999999999964,13.55,13.6,13.6,13.65,572.0,385.0,7264.0,58442.0,False,False
2887,2022-10-28 10:36:26.103577,0.0,-0.0073260073260073,0.0,-0.09999999999999964,13.55,13.6,13.6,13.65,572.0,395.0,7264.0,58442.0,False,False
2887,2022-10-28 10:36:26.140152,0.0,-0.0073260073260073,0.0,-0.09999999999999964,13.55,13.6,13.6,13.65,572.0,385.0,7264.0,58442.0,False,False
2887,2022-10-28 10:36:26.278100,0.0,-0.0073260073260073,0.0,-0.09999999999999964,13.55,13.6,13.6,13.65,573.0,385.0,7264.0,58442.0,False,False
2887,2022-10-28 10:36:27.998941,0.0,-0.0073260073260073,0.0,-0.09999999999999964,13.55,13.6,13.6,13.65,573.0,385.0,7264.0,58442.0,False,False
2887,2022-10-28 10:36:30.688130,0.0,-0.0073260073260073,0.0,-0.09999999999999964,13.55,13.6,13.6,13.65,572.0,385.0,7264.0,58442.0,False,False
2887,2022-10-28 10:36:31.527191,0.0,-0.0073260073260073,0.0,-0.09999999999999964,13.55,13.6,13.6,13.65,573.0,385.0,7264.0,58442.0,False,False
2887,2022-10-28 10:36:33.177593,0.0,-0.0073260073260073,0.0,-0.09999999999999964,13.55,13.6,13.6,13.65,574.0,385.0,7264.0,58442.0,False,False
2887,2022-10-28 10:36:33.920733,0.0,-0.0073260073260073,0.0,-0.09999999999999964,13.55,13.6,13.6,13.65,574.0,385.0,7289.0,58442.0,True,True
2887,2022-10-28 10:36:36.234381,0.0,-0.0073260073260073,0.0,-0.09999999999999964,13.55,13.6,13.6,13.65,574.0,387.0,7289.0,58442.0,False,False
2887,2022-10-28 10:36:36.928652,0.0,-0.0073260073260073,0.0,-0.09999999999999964,13.55,13.6,13.6,13.65,574.0,386.0,7289.0,58442.0,False,False
2887,2022-10-28 10:36:40.193923,0.0,-0.0073260073260073,0.0,-0.09999999999999964,13.55,13.6,13.6,13.65,570.0,386.0,7289.0,58442.0,False,False
2887,2022-10-28 10:36:42.076280,0.0,-0.0073260073260073,0.0,-0.09999999999999964,13.55,13.6,13.6,13.65,570.0,386.0,7289.0,58442.0,False,False
2887,2022-10-28 10:36:42.102869,0.0,-0.0073260073260073,0.0,-0.09999999999999964,13.55,13.6,13.6,13.65,569.0,386.0,7289.0,58442.0,False,False
2887,2022-10-28 10:36:42.131083,0.0,-0.0073260073260073,0.0,-0.09999999999999964,13.55,13.6,13.6,13.65,480.0,386.0,7289.0,58442.0,False,False
2887,2022-10-28 10:36:46.096811,0.0,-0.0073260073260073,0.0,-0.09999999999999964,13.55,13.6,13.6,13.65,480.0,386.0,7289.0,58442.0,False,False
2887,2022-10-28 10:36:51.510842,0.0,-0.0073260073260073,0.0,-0.09999999999999964,13.55,13.6,13.6,13.65,480.0,393.0,7289.0,58442.0,False,False
2887,2022-10-28 10:36:54.016176,0.0,-0.0073260073260073,0.0,-0.09999999999999964,13.55,13.6,13.6,13.65,480.0,393.0,8042.0,58432.0,True,True
2887,2022-10-28 10:37:03.251517,0.0,-0.0073260073260073,0.0,-0.09999999999999964,13.55,13.6,13.6,13.65,480.0,393.0,8042.0,58432.0,False,True
2887,2022-10-28 10:37:04.976425,0.0,-0.0073260073260073,0.0,-0.09999999999999964,13.55,13.6,13.6,13.65,480.0,393.0,8042.0,58432.0,False,False
2887,2022-10-28 10:37:11.564067,0.0,-0.0073260073260073,0.0,-0.09999999999999964,13.55,13.6,13.6,13.65,480.0,393.0,8042.0,58432.0,False,False
2887,2022-10-28 10:37:13.281555,0.0,-0.0073260073260073,0.0,-0.09999999999999964,13.55,13.6,13.6,13.65,480.0,393.0,7842.0,58432.0,True,True
2887,2022-10-28 10:37:14.263774,0.0,-0.0073260073260073,0.0,-0.09999999999999964,13.55,13.6,13.6,13.65,479.0,393.0,7842.0,58432.0,False,False
2887,2022-10-28 10:37:14.948147,0.0,-0.0073260073260073,0.0,-0.09999999999999964,13.55,13.6,13.6,13.65,475.0,393.0,7842.0,58432.0,False,False
2887,2022-10-28 10:37:14.953094,0.0,-0.0073260073260073,0.0,-0.09999999999999964,13.55,13.6,13.6,13.65,475.0,389.0,7842.0,58432.0,False,False
2887,2022-10-28 10:37:16.358673,0.0,-0.0073260073260073,0.0,-0.09999999999999964,13.55,13.6,13.6,13.65,475.0,390.0,7842.0,58432.0,False,False
2887,2022-10-28 10:37:21.565863,0.0,-0.0073260073260073,0.0,-0.09999999999999964,13.55,13.6,13.6,13.65,475.0,390.0,7842.0,58432.0,False,False
2887,2022-10-28 10:37:23.373235,0.0,-0.0073260073260073,0.0,-0.09999999999999964,13.55,13.6,13.6,13.65,475.0,390.0,7842.0,58432.0,True,True
2887,2022-10-28 10:37:30.352308,0.0,-0.0073260073260073,0.0,-0.09999999999999964,13.55,13.6,13.6,13.65,476.0,390.0,7842.0,58432.0,False,False
2887,2022-10-28 10:37:37.004013,0.0,-0.0073260073260073,0.0,-0.09999999999999964,13.55,13.6,13.6,13.65,476.0,390.0,7842.0,58432.0,False,False
2887,2022-10-28 10:37:43.430249,0.0,-0.0073260073260073,0.0,-0.09999999999999964,13.55,13.6,13.6,13.65,476.0,390.0,7842.0,58412.0,True,True
2887,2022-10-28 10:37:49.538154,0.0,-0.0073260073260073,0.0,-0.09999999999999964,13.55,13.6,13.6,13.65,477.0,390.0,7842.0,58412.0,False,False
2887,2022-10-28 10:37:51.922289,0.0,-0.0073260073260073,0.0,-0.09999999999999964,13.55,13.6,13.6,13.65,477.0,391.0,7842.0,58412.0,False,False
2887,2022-10-28 10:37:53.460378,0.0,-0.0073260073260073,0.0,-0.09999999999999964,13.55,13.6,13.6,13.65,477.0,391.0,6942.0,58432.0,True,True
2887,2022-10-28 10:38:02.019300,0.0,-0.0073260073260073,0.0,-0.09999999999999964,13.55,13.6,13.6,13.65,477.0,386.0,6942.0,58432.0,False,False
2887,2022-10-28 10:38:03.501777,0.0,-0.0073260073260073,0.0,-0.09999999999999964,13.55,13.6,13.6,13.65,477.0,386.0,6842.0,58432.0,True,True
2887,2022-10-28 10:38:07.483682,0.0,-0.0073260073260073,0.0,-0.09999999999999964,13.55,13.6,13.6,13.65,477.0,386.0,6842.0,58432.0,False,False
2887,2022-10-28 10:38:14.898202,0.0,-0.0073260073260073,0.0,-0.09999999999999964,13.55,13.6,13.6,13.65,467.0,386.0,6842.0,58432.0,False,False
2887,2022-10-28 10:38:18.612589,0.0,-0.0073260073260073,0.0,-0.09999999999999964,13.55,13.6,13.6,13.65,467.0,388.0,6842.0,58432.0,False,False
2887,2022-10-28 10:38:19.910532,0.0,-0.0073260073260073,0.0,-0.09999999999999964,13.55,13.6,13.6,13.65,467.0,388.0,6842.0,58432.0,False,False
2887,2022-10-28 10:38:23.391973,0.0,-0.0073260073260073,0.0,-0.09999999999999964,13.55,13.6,13.6,13.65,467.0,388.0,6842.0,58432.0,False,False
2887,2022-10-28 10:38:26.150797,0.0,-0.0073260073260073,0.0,-0.09999999999999964,13.55,13.6,13.6,13.65,467.0,388.0,6842.0,58432.0,False,False
2887,2022-10-28 10:38:26.214735,0.0,-0.0073260073260073,0.0,-0.09999999999999964,13.55,13.6,13.6,13.65,597.0,388.0,6842.0,58432.0,False,False
2887,2022-10-28 10:38:26.572418,0.0,-0.0073260073260073,0.0,-0.09999999999999964,13.55,13.6,13.6,13.65,602.0,388.0,6842.0,58432.0,False,False
2887,2022-10-28 10:38:28.195082,0.0,-0.0073260073260073,0.0,-0.09999999999999964,13.55,13.6,13.6,13.65,601.0,388.0,6842.0,58432.0,False,False
2887,2022-10-28 10:38:28.305812,0.0,-0.0073260073260073,0.0,-0.09999999999999964,13.55,13.6,13.6,13.65,601.0,387.0,6842.0,58432.0,False,False
2887,2022-10-28 10:38:33.888550,0.0,-0.0073260073260073,0.0,-0.09999999999999964,13.55,13.6,13.6,13.65,601.0,387.0,6842.0,58432.0,False,False
2887,2022-10-28 10:38:34.534093,0.0,-0.0073260073260073,0.0,-0.09999999999999964,13.55,13.6,13.6,13.65,605.0,387.0,6842.0,58432.0,False,False
2887,2022-10-28 10:38:36.735971,0.0,-0.0073260073260073,0.0,-0.09999999999999964,13.55,13.6,13.6,13.65,605.0,388.0,6842.0,58432.0,False,False
2887,2022-10-28 10:38:39.476463,0.0,-0.0073260073260073,0.0,-0.09999999999999964,13.55,13.6,13.6,13.65,605.0,388.0,6842.0,58432.0,False,False
2887,2022-10-28 10:38:40.172938,0.0,-0.0073260073260073,0.0,-0.09999999999999964,13.55,13.6,13.6,13.65,605.0,398.0,6842.0,58432.0,False,False
2887,2022-10-28 10:38:53.652371,0.0,-0.0073260073260073,0.0,-0.09999999999999964,13.55,13.6,13.6,13.65,605.0,398.0,6842.0,58432.0,True,True
2887,2022-10-28 10:39:09.363880,0.0,-0.0073260073260073,0.0,-0.09999999999999964,13.55,13.6,13.6,13.65,605.0,398.0,6842.0,58432.0,False,False
2887,2022-10-28 10:39:13.721143,0.0,-0.0073260073260073,0.0,-0.09999999999999964,13.55,13.6,13.6,13.65,605.0,398.0,6857.0,58432.0,True,True
2887,2022-10-28 10:39:14.570779,0.0,-0.0073260073260073,0.0,-0.09999999999999964,13.55,13.6,13.6,13.65,605.0,398.0,6857.0,58432.0,False,False
2887,2022-10-28 10:39:15.930419,0.0,-0.0073260073260073,0.0,-0.09999999999999964,13.55,13.6,13.6,13.65,604.0,398.0,6857.0,58432.0,False,False
2887,2022-10-28 10:39:18.535487,0.0,-0.0073260073260073,0.0,-0.09999999999999964,13.55,13.6,13.6,13.65,605.0,398.0,6857.0,58432.0,False,False
2887,2022-10-28 10:39:20.634851,0.0,-0.0073260073260073,0.0,-0.09999999999999964,13.55,13.6,13.6,13.65,605.0,398.0,6857.0,58432.0,False,False
2887,2022-10-28 10:39:25.185997,0.0,-0.0073260073260073,0.0,-0.09999999999999964,13.55,13.6,13.6,13.65,605.0,398.0,6857.0,58432.0,False,False
2887,2022-10-28 10:39:28.435331,0.0,-0.0073260073260073,0.0,-0.09999999999999964,13.55,13.6,13.6,13.65,605.0,398.0,6857.0,58432.0,False,False
2887,2022-10-28 10:39:31.946196,0.0,-0.0073260073260073,0.0,-0.09999999999999964,13.55,13.6,13.6,13.65,605.0,398.0,6857.0,58432.0,False,False
2887,2022-10-28 10:39:33.778520,0.0,-0.0073260073260073,0.0,-0.09999999999999964,13.55,13.6,13.6,13.65,605.0,398.0,6857.0,58432.0,True,True
2887,2022-10-28 10:39:43.808154,0.0,-0.0073260073260073,0.0,-0.09999999999999964,13.55,13.6,13.6,13.65,605.0,398.0,6867.0,58432.0,True,True
2887,2022-10-28 10:39:45.165084,0.0,-0.0073260073260073,0.0,-0.09999999999999964,13.55,13.6,13.6,13.65,605.0,398.0,6867.0,58432.0,False,False
2887,2022-10-28 10:39:48.408441,0.0,-0.0073260073260073,0.0,-0.09999999999999964,13.55,13.6,13.6,13.65,605.0,394.0,6867.0,58432.0,False,False
2887,2022-10-28 10:39:49.155167,0.0,-0.0073260073260073,0.0,-0.09999999999999964,13.55,13.6,13.6,13.65,605.0,444.0,6867.0,58432.0,False,False
2887,2022-10-28 10:39:51.511272,0.0,-0.0073260073260073,0.0,-0.09999999999999964,13.55,13.6,13.6,13.65,605.0,444.0,6867.0,58432.0,False,False
2887,2022-10-28 10:39:53.841329,0.0,-0.0073260073260073,0.0,-0.09999999999999964,13.55,13.6,13.6,13.65,605.0,444.0,7400.0,58432.0,True,True
2887,2022-10-28 10:39:55.373739,0.0,-0.0073260073260073,0.0,-0.09999999999999964,13.55,13.6,13.6,13.65,608.0,444.0,7400.0,58432.0,False,False
2887,2022-10-28 10:40:02.165501,0.0,-0.0073260073260073,0.0,-0.09999999999999964,13.55,13.6,13.6,13.65,608.0,444.0,7400.0,58432.0,False,False
2887,2022-10-28 10:40:03.345311,0.0,-0.0073260073260073,0.0,-0.09999999999999964,13.55,13.6,13.6,13.65,608.0,444.0,7750.0,58432.0,False,True
2887,2022-10-28 10:40:08.801585,0.0,-0.0073260073260073,0.0,-0.09999999999999964,13.55,13.6,13.6,13.65,608.0,444.0,7750.0,58432.0,False,False
2887,2022-10-28 10:40:21.504180,0.0,-0.0073260073260073,0.0,-0.09999999999999964,13.55,13.6,13.6,13.65,478.0,444.0,7750.0,58432.0,False,False
2887,2022-10-28 10:40:22.286472,0.0,-0.0073260073260073,0.0,-0.09999999999999964,13.55,13.6,13.6,13.65,474.0,444.0,7750.0,58432.0,False,False
2887,2022-10-28 10:40:36.390874,0.0,-0.0073260073260073,0.0,-0.09999999999999964,13.55,13.6,13.6,13.65,474.0,446.0,7750.0,58432.0,False,False
2887,2022-10-28 10:40:39.660237,0.0,-0.0073260073260073,0.0,-0.09999999999999964,13.55,13.6,13.6,13.65,473.0,446.0,7750.0,58432.0,False,False
2887,2022-10-28 10:40:43.612044,0.0,-0.0073260073260073,0.0,-0.09999999999999964,13.55,13.6,13.6,13.65,473.0,446.0,7740.0,58432.0,True,True
2887,2022-10-28 10:40:44.705428,0.0,-0.0073260073260073,0.0,-0.09999999999999964,13.55,13.6,13.6,13.65,473.0,446.0,7740.0,58432.0,False,False
2887,2022-10-28 10:40:46.247245,0.0,-0.0073260073260073,0.0,-0.09999999999999964,13.55,13.6,13.6,13.65,473.0,446.0,7740.0,58432.0,False,False
2887,2022-10-28 10:40:46.252265,0.0,-0.0073260073260073,0.0,-0.09999999999999964,13.55,13.6,13.6,13.65,474.0,446.0,7740.0,58432.0,False,False
2887,2022-10-28 10:40:46.824568,0.0,-0.0073260073260073,0.0,-0.09999999999999964,13.55,13.6,13.6,13.65,473.0,446.0,7740.0,58432.0,False,False
2887,2022-10-28 10:40:48.948407,0.0,-0.0073260073260073,0.0,-0.09999999999999964,13.55,13.6,13.6,13.65,472.0,446.0,7740.0,58432.0,False,False
2887,2022-10-28 10:40:56.150318,0.0,-0.0073260073260073,0.0,-0.09999999999999964,13.55,13.6,13.6,13.65,472.0,446.0,7740.0,58432.0,False,False
2887,2022-10-28 10:41:02.414014,0.0,-0.0073260073260073,0.0,-0.09999999999999964,13.55,13.6,13.6,13.65,468.0,446.0,7740.0,58432.0,False,False
2887,2022-10-28 10:41:02.434788,0.0,-0.0073260073260073,0.0,-0.09999999999999964,13.55,13.6,13.6,13.65,468.0,446.0,7740.0,58432.0,False,False
2887,2022-10-28 10:41:03.699275,0.0,-0.0073260073260073,0.0,-0.09999999999999964,13.55,13.6,13.6,13.65,468.0,446.0,7590.0,58432.0,True,True
2887,2022-10-28 10:41:13.751597,0.0,-0.0073260073260073,0.0,-0.09999999999999964,13.55,13.6,13.6,13.65,468.0,446.0,6738.0,58432.0,True,True
2887,2022-10-28 10:41:17.036343,0.0,-0.0073260073260073,0.0,-0.09999999999999964,13.55,13.6,13.6,13.65,469.0,446.0,6738.0,58432.0,False,False
2887,2022-10-28 10:41:23.790134,0.0,-0.0073260073260073,0.0,-0.09999999999999964,13.55,13.6,13.6,13.65,469.0,446.0,6838.0,58432.0,True,True
2887,2022-10-28 10:41:32.409743,0.0,-0.0073260073260073,0.0,-0.09999999999999964,13.55,13.6,13.6,13.65,468.0,446.0,6838.0,58432.0,False,False
2887,2022-10-28 10:41:38.632591,0.0,-0.0073260073260073,0.0,-0.09999999999999964,13.55,13.6,13.6,13.65,468.0,447.0,6838.0,58432.0,False,False
2887,2022-10-28 10:41:40.768728,0.0,-0.0073260073260073,0.0,-0.09999999999999964,13.55,13.6,13.6,13.65,466.0,447.0,6838.0,58432.0,False,False
2887,2022-10-28 10:41:42.100418,0.0,-0.0073260073260073,0.0,-0.09999999999999964,13.55,13.6,13.6,13.65,466.0,446.0,6838.0,58432.0,False,False
2887,2022-10-28 10:41:43.885379,0.0,-0.0073260073260073,0.0,-0.09999999999999964,13.55,13.6,13.6,13.65,466.0,446.0,6838.0,58432.0,True,True
2887,2022-10-28 10:41:57.085218,0.0,-0.0073260073260073,0.0,-0.09999999999999964,13.55,13.6,13.6,13.65,488.0,446.0,6838.0,58432.0,False,False
2887,2022-10-28 10:42:03.978882,0.0,-0.0073260073260073,0.0,-0.09999999999999964,13.55,13.6,13.6,13.65,488.0,446.0,6838.0,58432.0,True,True
2887,2022-10-28 10:42:12.727451,0.0,-0.0073260073260073,0.0,-0.09999999999999964,13.55,13.6,13.6,13.65,488.0,442.0,6838.0,58432.0,False,False
2887,2022-10-28 10:42:13.346688,0.0,-0.0073260073260073,0.0,-0.09999999999999964,13.55,13.6,13.6,13.65,487.0,442.0,6838.0,58432.0,False,False
2887,2022-10-28 10:42:15.670489,0.0,-0.0073260073260073,0.0,-0.09999999999999964,13.55,13.6,13.6,13.65,487.0,442.0,6838.0,58432.0,False,False
2887,2022-10-28 10:42:27.026913,0.0,-0.0073260073260073,0.0,-0.09999999999999964,13.55,13.6,13.6,13.65,487.0,442.0,6838.0,58432.0,False,False
2887,2022-10-28 10:42:30.675882,0.0,-0.0073260073260073,0.0,-0.09999999999999964,13.55,13.6,13.6,13.65,487.0,451.0,6838.0,58432.0,False,False
2887,2022-10-28 10:42:34.102469,0.0,-0.0073260073260073,0.0,-0.09999999999999964,13.55,13.6,13.6,13.65,487.0,451.0,6848.0,58432.0,True,True
2887,2022-10-28 10:42:35.168965,0.0,-0.0073260073260073,0.0,-0.09999999999999964,13.55,13.6,13.6,13.65,487.0,451.0,6848.0,58432.0,False,False
2887,2022-10-28 10:42:35.965129,0.0,-0.0073260073260073,0.0,-0.09999999999999964,13.55,13.6,13.6,13.65,486.0,451.0,6848.0,58432.0,False,False
2887,2022-10-28 10:42:36.083636,0.0,-0.0073260073260073,0.0,-0.09999999999999964,13.55,13.6,13.6,13.65,486.0,450.0,6848.0,58432.0,False,False
2887,2022-10-28 10:42:44.148767,0.0,-0.0073260073260073,0.0,-0.09999999999999964,13.55,13.6,13.6,13.65,486.0,450.0,7148.0,58432.0,True,True
2887,2022-10-28 10:42:53.265571,0.0,-0.0073260073260073,0.0,-0.09999999999999964,13.55,13.6,13.6,13.65,486.0,450.0,7148.0,58432.0,False,False
2887,2022-10-28 10:42:58.497251,0.0,-0.0073260073260073,0.0,-0.09999999999999964,13.55,13.6,13.6,13.65,486.0,450.0,7148.0,58432.0,False,False
2887,2022-10-28 10:42:58.787842,0.0,-0.0073260073260073,0.0,-0.09999999999999964,13.55,13.6,13.6,13.65,486.0,457.0,7148.0,58432.0,False,False
2887,2022-10-28 10:43:03.447428,0.0,-0.0073260073260073,0.0,-0.09999999999999964,13.55,13.6,13.6,13.65,486.0,457.0,7372.0,58432.0,False,True
2887,2022-10-28 10:43:05.079306,0.0,-0.0073260073260073,0.0,-0.09999999999999964,13.55,13.6,13.6,13.65,486.0,458.0,7372.0,58432.0,False,False
2887,2022-10-28 10:43:13.490661,0.0,-0.0073260073260073,0.0,-0.09999999999999964,13.55,13.6,13.6,13.65,486.0,458.0,7372.0,58432.0,True,True
2887,2022-10-28 10:43:13.600078,0.0,-0.0073260073260073,0.0,-0.09999999999999964,13.55,13.6,13.6,13.65,484.0,458.0,7372.0,58432.0,False,False
2887,2022-10-28 10:43:13.860496,0.0,-0.0073260073260073,0.0,-0.09999999999999964,13.55,13.6,13.6,13.65,484.0,458.0,7372.0,58432.0,False,False
2887,2022-10-28 10:43:15.628787,0.0,-0.0073260073260073,0.0,-0.09999999999999964,13.55,13.6,13.6,13.65,484.0,458.0,7372.0,58432.0,False,False
2887,2022-10-28 10:43:16.301060,0.0,-0.0073260073260073,0.0,-0.09999999999999964,13.55,13.6,13.6,13.65,484.0,458.0,7372.0,58432.0,False,False
2887,2022-10-28 10:43:22.855589,0.0,-0.0073260073260073,0.0,-0.09999999999999964,13.55,13.6,13.6,13.65,483.0,457.0,7372.0,58432.0,False,False
2887,2022-10-28 10:43:23.539998,0.0,-0.0073260073260073,0.0,-0.09999999999999964,13.55,13.6,13.6,13.65,483.0,457.0,8333.0,58418.0,True,True
2887,2022-10-28 10:43:28.212137,0.0,-0.0073260073260073,0.0,-0.09999999999999964,13.55,13.6,13.6,13.65,482.0,457.0,8333.0,58418.0,False,False
2887,2022-10-28 10:43:30.417156,0.0,-0.0073260073260073,0.0,-0.09999999999999964,13.55,13.6,13.6,13.65,482.0,458.0,8333.0,58418.0,False,False
2887,2022-10-28 10:43:33.581213,0.0,-0.0073260073260073,0.0,-0.09999999999999964,13.55,13.6,13.6,13.65,482.0,458.0,8247.0,58432.0,True,True
2887,2022-10-28 10:43:34.352462,0.0,-0.0073260073260073,0.0,-0.09999999999999964,13.55,13.6,13.6,13.65,482.0,458.0,8247.0,58432.0,False,False
2887,2022-10-28 10:43:37.279752,0.0,-0.0073260073260073,0.0,-0.09999999999999964,13.55,13.6,13.6,13.65,482.0,459.0,8247.0,58432.0,False,False
2887,2022-10-28 10:43:42.734885,0.0,-0.0073260073260073,0.0,-0.09999999999999964,13.55,13.6,13.6,13.65,481.0,459.0,8247.0,58432.0,False,False
2887,2022-10-28 10:43:43.624421,0.0,-0.0073260073260073,0.0,-0.09999999999999964,13.55,13.6,13.6,13.65,481.0,459.0,8247.0,58432.0,True,True
2887,2022-10-28 10:43:44.172321,0.0,-0.0073260073260073,0.0,-0.09999999999999964,13.55,13.6,13.6,13.65,487.0,459.0,8247.0,58432.0,False,False
2887,2022-10-28 10:43:50.770086,0.0,-0.0073260073260073,0.0,-0.09999999999999964,13.55,13.6,13.6,13.65,487.0,459.0,8247.0,58432.0,False,False
2887,2022-10-28 10:43:52.444564,0.0,-0.0073260073260073,0.0,-0.09999999999999964,13.55,13.6,13.6,13.65,487.0,459.0,8247.0,58432.0,False,False
2887,2022-10-28 10:43:53.666618,0.0,-0.0073260073260073,0.0,-0.09999999999999964,13.55,13.6,13.6,13.65,487.0,459.0,8247.0,58432.0,True,True
2887,2022-10-28 10:43:58.503459,0.0,-0.0073260073260073,0.0,-0.09999999999999964,13.55,13.6,13.6,13.65,486.0,459.0,8247.0,58432.0,False,False
2887,2022-10-28 10:44:01.454103,0.0,-0.0073260073260073,0.0,-0.09999999999999964,13.55,13.6,13.6,13.65,486.0,459.0,8247.0,58432.0,False,False
2887,2022-10-28 10:44:05.574341,0.0,-0.0073260073260073,0.0,-0.09999999999999964,13.55,13.6,13.6,13.65,496.0,459.0,8247.0,58432.0,False,False
2887,2022-10-28 10:44:13.772548,0.0,-0.0073260073260073,0.0,-0.09999999999999964,13.55,13.6,13.6,13.65,496.0,459.0,8247.0,58432.0,True,True
2887,2022-10-28 10:44:15.895591,0.0,-0.0073260073260073,0.0,-0.09999999999999964,13.55,13.6,13.6,13.65,496.0,459.0,8247.0,58432.0,False,False
2887,2022-10-28 10:44:22.161035,0.0,-0.0073260073260073,0.0,-0.09999999999999964,13.55,13.6,13.6,13.65,498.0,459.0,8247.0,58432.0,False,False
2887,2022-10-28 10:44:23.813732,0.0,-0.0073260073260073,0.0,-0.09999999999999964,13.55,13.6,13.6,13.65,498.0,459.0,8247.0,58432.0,True,True
2887,2022-10-28 10:44:25.663526,0.0,-0.0073260073260073,0.0,-0.09999999999999964,13.55,13.6,13.6,13.65,498.0,459.0,8247.0,58432.0,False,False
2887,2022-10-28 10:44:36.689901,0.0,-0.0073260073260073,0.0,-0.09999999999999964,13.55,13.6,13.6,13.65,497.0,459.0,8247.0,58432.0,False,False
2887,2022-10-28 10:44:41.234785,0.0,-0.0073260073260073,0.0,-0.09999999999999964,13.55,13.6,13.6,13.65,496.0,459.0,8247.0,58432.0,False,False
2887,2022-10-28 10:44:43.888949,0.0,-0.0073260073260073,0.0,-0.09999999999999964,13.55,13.6,13.6,13.65,496.0,459.0,8247.0,58432.0,True,True
2887,2022-10-28 10:45:00.314006,0.0,-0.0073260073260073,0.0,-0.09999999999999964,13.55,13.6,13.6,13.65,484.0,459.0,8247.0,58432.0,False,False
2887,2022-10-28 10:45:04.727833,0.0,-0.0073260073260073,0.0,-0.09999999999999964,13.55,13.6,13.6,13.65,484.0,455.0,8247.0,58432.0,False,False
2887,2022-10-28 10:45:04.930098,0.0,-0.0073260073260073,0.0,-0.09999999999999964,13.55,13.6,13.6,13.65,484.0,454.0,8247.0,58432.0,False,False
2887,2022-10-28 10:45:07.543561,0.0,-0.0073260073260073,0.0,-0.09999999999999964,13.55,13.6,13.6,13.65,484.0,454.0,8247.0,58432.0,False,False
2887,2022-10-28 10:45:08.768672,0.0,-0.0073260073260073,0.0,-0.09999999999999964,13.55,13.6,13.6,13.65,484.0,454.0,8247.0,58432.0,False,False
2887,2022-10-28 10:45:14.319392,0.0,-0.0073260073260073,0.0,-0.09999999999999964,13.55,13.6,13.6,13.65,484.0,454.0,7907.0,58432.0,True,True
2887,2022-10-28 10:45:15.115098,0.0,-0.0073260073260073,0.0,-0.09999999999999964,13.55,13.6,13.6,13.65,484.0,461.0,7907.0,58432.0,False,False
2887,2022-10-28 10:45:19.813976,0.0,-0.0073260073260073,0.0,-0.09999999999999964,13.55,13.6,13.6,13.65,484.0,461.0,7907.0,58432.0,False,False
2887,2022-10-28 10:45:24.327353,0.0,-0.0073260073260073,0.0,-0.09999999999999964,13.55,13.6,13.6,13.65,484.0,461.0,7907.0,58432.0,True,True
2887,2022-10-28 10:45:27.434209,0.0,-0.0073260073260073,0.0,-0.09999999999999964,13.55,13.6,13.6,13.65,480.0,461.0,7907.0,58432.0,False,False
2887,2022-10-28 10:45:34.342255,0.0,-0.0073260073260073,0.0,-0.09999999999999964,13.55,13.6,13.6,13.65,480.0,461.0,7906.0,58432.0,True,True
2887,2022-10-28 10:45:44.370681,0.0,-0.0073260073260073,0.0,-0.09999999999999964,13.55,13.6,13.6,13.65,480.0,461.0,8510.0,58432.0,True,True
2887,2022-10-28 10:45:52.331649,0.0,-0.0073260073260073,0.0,-0.09999999999999964,13.55,13.6,13.6,13.65,481.0,461.0,8510.0,58432.0,False,False
2887,2022-10-28 10:45:54.728763,0.0,-0.0073260073260073,0.0,-0.09999999999999964,13.55,13.6,13.6,13.65,481.0,461.0,8510.0,58432.0,False,False
2887,2022-10-28 10:45:58.530346,0.0,-0.0073260073260073,0.0,-0.09999999999999964,13.55,13.6,13.6,13.65,481.0,461.0,8510.0,58432.0,False,False
2887,2022-10-28 10:46:03.633165,0.0,-0.0073260073260073,0.0,-0.09999999999999964,13.55,13.6,13.6,13.65,481.0,461.0,8510.0,58432.0,False,True
2887,2022-10-28 10:46:04.817695,0.0,-0.0073260073260073,0.0,-0.09999999999999964,13.55,13.6,13.6,13.65,481.0,461.0,8510.0,58432.0,False,False
2887,2022-10-28 10:46:05.869171,0.0,-0.0073260073260073,0.0,-0.09999999999999964,13.55,13.6,13.6,13.65,481.0,461.0,8510.0,58432.0,False,False
2887,2022-10-28 10:46:08.208768,0.0,-0.0073260073260073,0.0,-0.09999999999999964,13.55,13.6,13.6,13.65,481.0,461.0,8510.0,58432.0,False,False
2887,2022-10-28 10:46:08.928831,0.0,-0.0073260073260073,0.0,-0.09999999999999964,13.55,13.6,13.6,13.65,481.0,461.0,8510.0,58432.0,False,False
2887,2022-10-28 10:46:09.937440,0.0,-0.0073260073260073,0.0,-0.09999999999999964,13.55,13.6,13.6,13.65,481.0,461.0,8510.0,58432.0,False,False
2887,2022-10-28 10:46:13.672655,0.0,-0.0073260073260073,0.0,-0.09999999999999964,13.55,13.6,13.6,13.65,481.0,461.0,8199.0,58432.0,True,True
2887,2022-10-28 10:46:19.604693,0.0,-0.0073260073260073,0.0,-0.09999999999999964,13.55,13.6,13.6,13.65,485.0,461.0,8199.0,58432.0,False,False
2887,2022-10-28 10:46:21.340293,0.0,-0.0073260073260073,0.0,-0.09999999999999964,13.55,13.6,13.6,13.65,485.0,463.0,8199.0,58432.0,False,False
2887,2022-10-28 10:46:22.777907,0.0,-0.0073260073260073,0.0,-0.09999999999999964,13.55,13.6,13.6,13.65,485.0,464.0,8199.0,58432.0,False,False
2887,2022-10-28 10:46:23.702306,0.0,-0.0073260073260073,0.0,-0.09999999999999964,13.55,13.6,13.6,13.65,485.0,464.0,8199.0,58432.0,True,True
2887,2022-10-28 10:46:33.795631,0.0,-0.0073260073260073,0.0,-0.09999999999999964,13.55,13.6,13.6,13.65,485.0,464.0,8199.0,58432.0,True,True
2887,2022-10-28 10:46:43.824636,0.0,-0.0073260073260073,0.0,-0.09999999999999964,13.55,13.6,13.6,13.65,485.0,464.0,8099.0,58432.0,True,True
2887,2022-10-28 10:46:45.788851,0.0,-0.0073260073260073,0.0,-0.09999999999999964,13.55,13.6,13.6,13.65,485.0,464.0,8099.0,58432.0,False,False
2887,2022-10-28 10:46:46.077882,0.0,-0.0073260073260073,0.0,-0.09999999999999964,13.55,13.6,13.6,13.65,485.0,474.0,8099.0,58432.0,False,False
2887,2022-10-28 10:46:51.165388,0.0,-0.0073260073260073,0.0,-0.09999999999999964,13.55,13.6,13.6,13.65,475.0,474.0,8099.0,58432.0,False,False
2887,2022-10-28 10:46:57.143288,0.0,-0.0073260073260073,0.0,-0.09999999999999964,13.55,13.6,13.6,13.65,475.0,474.0,8099.0,58432.0,False,False
2887,2022-10-28 10:47:02.077617,0.0,-0.0073260073260073,0.0,-0.09999999999999964,13.55,13.6,13.6,13.65,475.0,474.0,8099.0,58432.0,False,False
2887,2022-10-28 10:47:03.886810,0.0,-0.0073260073260073,0.0,-0.09999999999999964,13.55,13.6,13.6,13.65,475.0,474.0,8099.0,58432.0,True,True
2887,2022-10-28 10:47:09.943756,0.0,-0.0073260073260073,0.0,-0.09999999999999964,13.55,13.6,13.6,13.65,475.0,474.0,8099.0,58432.0,False,False
2887,2022-10-28 10:47:20.098247,0.0,-0.0073260073260073,0.0,-0.09999999999999964,13.55,13.6,13.6,13.65,475.0,470.0,8099.0,58432.0,False,False
2887,2022-10-28 10:47:23.964004,0.0,-0.0073260073260073,0.0,-0.09999999999999964,13.55,13.6,13.6,13.65,475.0,470.0,8099.0,58432.0,True,True
2887,2022-10-28 10:47:27.022000,0.0,-0.0073260073260073,0.0,-0.09999999999999964,13.55,13.6,13.6,13.65,471.0,470.0,8099.0,58432.0,False,False
2887,2022-10-28 10:47:36.331526,0.0,-0.0073260073260073,0.0,-0.09999999999999964,13.55,13.6,13.6,13.65,476.0,470.0,8099.0,58432.0,False,False
2887,2022-10-28 10:47:42.309242,0.0,-0.0073260073260073,0.0,-0.09999999999999964,13.55,13.6,13.6,13.65,476.0,470.0,8099.0,58432.0,False,False
2887,2022-10-28 10:47:44.024132,0.0,-0.0073260073260073,0.0,-0.09999999999999964,13.55,13.6,13.6,13.65,476.0,470.0,8114.0,58432.0,True,True
2887,2022-10-28 10:47:51.520936,0.0,-0.0073260073260073,0.0,-0.09999999999999964,13.55,13.6,13.6,13.65,476.0,470.0,8114.0,58432.0,False,False
2887,2022-10-28 10:47:54.055931,0.0,-0.0073260073260073,0.0,-0.09999999999999964,13.55,13.6,13.6,13.65,476.0,470.0,8114.0,58432.0,True,True
2887,2022-10-28 10:47:58.354708,0.0,-0.0073260073260073,0.0,-0.09999999999999964,13.55,13.6,13.6,13.65,476.0,470.0,8114.0,58432.0,False,False
2887,2022-10-28 10:48:01.433428,0.0,-0.0073260073260073,0.0,-0.09999999999999964,13.55,13.6,13.6,13.65,476.0,490.0,8114.0,58432.0,False,False
2887,2022-10-28 10:48:02.040856,0.0,-0.0073260073260073,0.0,-0.09999999999999964,13.55,13.6,13.6,13.65,476.0,492.0,8114.0,58432.0,False,False
2887,2022-10-28 10:48:02.652240,0.0,-0.0073260073260073,0.0,-0.09999999999999964,13.55,13.6,13.6,13.65,476.0,492.0,8114.0,58432.0,False,False
2887,2022-10-28 10:48:03.920190,0.0,-0.0073260073260073,0.0,-0.09999999999999964,13.55,13.6,13.6,13.65,477.0,492.0,8114.0,58432.0,False,False
2887,2022-10-28 10:48:04.091083,0.0,-0.0073260073260073,0.0,-0.09999999999999964,13.55,13.6,13.6,13.65,477.0,492.0,8124.0,58432.0,True,True
2887,2022-10-28 10:48:04.773391,0.0,-0.0073260073260073,0.0,-0.09999999999999964,13.55,13.6,13.6,13.65,477.0,493.0,8124.0,58432.0,False,False
2887,2022-10-28 10:48:05.151427,0.0,-0.0073260073260073,0.0,-0.09999999999999964,13.55,13.6,13.6,13.65,477.0,498.0,8124.0,58432.0,False,False
2887,2022-10-28 10:48:13.634636,0.0,-0.0073260073260073,0.0,-0.09999999999999964,13.55,13.6,13.6,13.65,476.0,498.0,8124.0,58432.0,False,False
2887,2022-10-28 10:48:13.746211,0.0,-0.0073260073260073,0.0,-0.09999999999999964,13.55,13.6,13.6,13.65,476.0,497.0,8124.0,58432.0,False,False
2887,2022-10-28 10:48:27.325957,0.0,-0.0073260073260073,0.0,-0.09999999999999964,13.55,13.6,13.6,13.65,476.0,497.0,8124.0,58432.0,False,False
2887,2022-10-28 10:48:30.770237,0.0,-0.0073260073260073,0.0,-0.09999999999999964,13.55,13.6,13.6,13.65,486.0,497.0,8124.0,58432.0,False,False
2887,2022-10-28 10:48:33.588309,0.0,-0.0073260073260073,0.0,-0.09999999999999964,13.55,13.6,13.6,13.65,486.0,497.0,8124.0,58432.0,False,False
2887,2022-10-28 10:48:35.261624,0.0,-0.0073260073260073,0.0,-0.09999999999999964,13.55,13.6,13.6,13.65,486.0,505.0,8124.0,58432.0,False,False
2887,2022-10-28 10:48:43.534628,0.0,-0.0073260073260073,0.0,-0.09999999999999964,13.55,13.6,13.6,13.65,486.0,507.0,8124.0,58432.0,False,False
2887,2022-10-28 10:48:44.228988,0.0,-0.0073260073260073,0.0,-0.09999999999999964,13.55,13.6,13.6,13.65,486.0,507.0,8124.0,58432.0,True,True
2887,2022-10-28 10:48:48.939127,0.0,-0.0073260073260073,0.0,-0.09999999999999964,13.55,13.6,13.6,13.65,486.0,509.0,8124.0,58432.0,False,False
2887,2022-10-28 10:48:57.001678,0.0,-0.0073260073260073,0.0,-0.09999999999999964,13.55,13.6,13.6,13.65,486.0,508.0,8124.0,58432.0,False,False
2887,2022-10-28 10:49:03.650642,0.0,-0.0073260073260073,0.0,-0.09999999999999964,13.55,13.6,13.6,13.65,486.0,517.0,8124.0,58432.0,False,False
2887,2022-10-28 10:49:03.719097,0.0,-0.0073260073260073,0.0,-0.09999999999999964,13.55,13.6,13.6,13.65,486.0,517.0,8124.0,58432.0,False,True
2887,2022-10-28 10:49:06.847517,0.0,-0.0073260073260073,0.0,-0.09999999999999964,13.55,13.6,13.6,13.65,486.0,517.0,8124.0,58432.0,False,False
2887,2022-10-28 10:49:10.225908,0.0,-0.0073260073260073,0.0,-0.09999999999999964,13.55,13.6,13.6,13.65,486.0,528.0,8124.0,58432.0,False,False
2887,2022-10-28 10:49:18.936427,0.0,-0.0073260073260073,0.0,-0.09999999999999964,13.55,13.6,13.6,13.65,496.0,528.0,8124.0,58432.0,False,False
2887,2022-10-28 10:49:19.635047,0.0,-0.0073260073260073,0.0,-0.09999999999999964,13.55,13.6,13.6,13.65,496.0,532.0,8124.0,58432.0,False,False
2887,2022-10-28 10:49:20.457983,0.0,-0.0073260073260073,0.0,-0.09999999999999964,13.55,13.6,13.6,13.65,496.0,533.0,8124.0,58432.0,False,False
2887,2022-10-28 10:49:21.609872,0.0,-0.0073260073260073,0.0,-0.09999999999999964,13.55,13.6,13.6,13.65,496.0,529.0,8124.0,58432.0,False,False
2887,2022-10-28 10:49:23.795740,0.0,-0.0073260073260073,0.0,-0.09999999999999964,13.55,13.6,13.6,13.65,496.0,529.0,8124.0,58442.0,True,True
2887,2022-10-28 10:49:29.465252,0.0,-0.0073260073260073,0.0,-0.09999999999999964,13.55,13.6,13.6,13.65,496.0,529.0,8124.0,58442.0,False,False
2887,2022-10-28 10:49:30.440337,0.0,-0.0073260073260073,0.0,-0.09999999999999964,13.55,13.6,13.6,13.65,496.0,538.0,8124.0,58442.0,False,False
2887,2022-10-28 10:49:33.839149,0.0,-0.0073260073260073,0.0,-0.09999999999999964,13.55,13.6,13.6,13.65,496.0,538.0,8124.0,58433.0,True,True
2887,2022-10-28 10:49:43.872113,0.0,-0.0073260073260073,0.0,-0.09999999999999964,13.55,13.6,13.6,13.65,496.0,538.0,8124.0,58505.0,True,True
2887,2022-10-28 10:49:48.178140,0.0,-0.0073260073260073,0.0,-0.09999999999999964,13.55,13.6,13.6,13.65,496.0,537.0,8124.0,58505.0,False,False
2887,2022-10-28 10:49:48.985369,0.0,-0.0073260073260073,0.0,-0.09999999999999964,13.55,13.6,13.6,13.65,496.0,537.0,8124.0,58505.0,False,False
2887,2022-10-28 10:49:51.236091,0.0,-0.0073260073260073,0.0,-0.09999999999999964,13.55,13.6,13.6,13.65,496.0,533.0,8124.0,58505.0,False,False
2887,2022-10-28 10:49:53.907975,0.0,-0.0073260073260073,0.0,-0.09999999999999964,13.55,13.6,13.6,13.65,496.0,533.0,8124.0,58505.0,True,True
2887,2022-10-28 10:49:56.216854,0.0,-0.0073260073260073,0.0,-0.09999999999999964,13.55,13.6,13.6,13.65,492.0,533.0,8124.0,58505.0,False,False
2887,2022-10-28 10:49:59.958470,0.0,-0.0073260073260073,0.0,-0.09999999999999964,13.55,13.6,13.6,13.65,492.0,539.0,8124.0,58505.0,False,False
2887,2022-10-28 10:50:04.015808,0.0,-0.0073260073260073,0.0,-0.09999999999999964,13.55,13.6,13.6,13.65,492.0,539.0,8492.0,58555.0,True,True
2887,2022-10-28 10:50:04.239704,0.0,-0.0073260073260073,0.0,-0.09999999999999964,13.55,13.6,13.6,13.65,492.0,540.0,8492.0,58555.0,False,False
2887,2022-10-28 10:50:07.492756,0.0,-0.0073260073260073,0.0,-0.09999999999999964,13.55,13.6,13.6,13.65,492.0,540.0,8492.0,58555.0,False,False
2887,2022-10-28 10:50:11.335802,0.0,-0.0073260073260073,0.0,-0.09999999999999964,13.55,13.6,13.6,13.65,492.0,540.0,8492.0,58555.0,False,False
2887,2022-10-28 10:50:13.712988,0.0,-0.0073260073260073,0.0,-0.09999999999999964,13.55,13.6,13.6,13.65,492.0,540.0,8492.0,58555.0,False,False
2887,2022-10-28 10:50:14.095216,0.0,-0.0073260073260073,0.0,-0.09999999999999964,13.55,13.6,13.6,13.65,492.0,540.0,8492.0,58555.0,True,True
2887,2022-10-28 10:50:14.629786,0.0,-0.0073260073260073,0.0,-0.09999999999999964,13.55,13.6,13.6,13.65,492.0,540.0,8492.0,58555.0,False,False
2887,2022-10-28 10:50:17.982430,0.0,-0.0073260073260073,0.0,-0.09999999999999964,13.55,13.6,13.6,13.65,492.0,540.0,8492.0,58555.0,False,False
2887,2022-10-28 10:50:20.673388,0.0,-0.0073260073260073,0.0,-0.09999999999999964,13.55,13.6,13.6,13.65,462.0,540.0,8492.0,58555.0,False,False
2887,2022-10-28 10:50:24.155912,0.0,-0.0073260073260073,0.0,-0.09999999999999964,13.55,13.6,13.6,13.65,462.0,540.0,8683.0,58555.0,True,True
2887,2022-10-28 10:50:24.532761,0.0,-0.0073260073260073,0.0,-0.09999999999999964,13.55,13.6,13.6,13.65,462.0,541.0,8683.0,58555.0,False,False
2887,2022-10-28 10:50:27.526129,0.0,-0.0073260073260073,0.0,-0.09999999999999964,13.55,13.6,13.6,13.65,462.0,541.0,8683.0,58555.0,False,False
2887,2022-10-28 10:50:27.557018,0.0,-0.0073260073260073,0.0,-0.09999999999999964,13.55,13.6,13.6,13.65,462.0,541.0,8683.0,58555.0,False,False
2887,2022-10-28 10:50:27.677510,0.0,-0.0073260073260073,0.0,-0.09999999999999964,13.55,13.6,13.6,13.65,462.0,545.0,8683.0,58555.0,False,False
2887,2022-10-28 10:50:34.214477,0.0,-0.0073260073260073,0.0,-0.09999999999999964,13.55,13.6,13.6,13.65,462.0,545.0,8683.0,58802.0,True,True
2887,2022-10-28 10:50:36.209868,0.0,-0.0073260073260073,0.0,-0.09999999999999964,13.55,13.6,13.6,13.65,462.0,545.0,8683.0,58802.0,False,False
2887,2022-10-28 10:50:53.323410,0.0,-0.0073260073260073,0.0,-0.09999999999999964,13.55,13.6,13.6,13.65,462.0,547.0,8683.0,58802.0,False,False
2887,2022-10-28 10:50:54.320161,0.0,-0.0073260073260073,0.0,-0.09999999999999964,13.55,13.6,13.6,13.65,462.0,547.0,9183.0,58792.0,True,True
2887,2022-10-28 10:50:55.416562,0.0,-0.0073260073260073,0.0,-0.09999999999999964,13.55,13.6,13.6,13.65,462.0,548.0,9183.0,58792.0,False,False
2887,2022-10-28 10:50:57.663090,0.0,-0.0073260073260073,0.0,-0.09999999999999964,13.55,13.6,13.6,13.65,462.0,548.0,9183.0,58792.0,False,False
2887,2022-10-28 10:50:58.948674,0.0,-0.0073260073260073,0.0,-0.09999999999999964,13.55,13.6,13.6,13.65,462.0,548.0,9183.0,58792.0,False,False
2887,2022-10-28 10:51:03.891512,0.0,-0.0073260073260073,0.0,-0.09999999999999964,13.55,13.6,13.6,13.65,463.0,548.0,9183.0,58792.0,False,False
2887,2022-10-28 10:51:04.360919,0.0,-0.0073260073260073,0.0,-0.09999999999999964,13.55,13.6,13.6,13.65,463.0,548.0,9126.0,59134.0,True,True
2887,2022-10-28 10:51:14.401927,0.0,-0.0073260073260073,0.0,-0.09999999999999964,13.55,13.6,13.6,13.65,463.0,548.0,9066.0,59134.0,True,True
2887,2022-10-28 10:51:31.883707,0.0,-0.0073260073260073,0.0,-0.09999999999999964,13.55,13.6,13.6,13.65,463.0,566.0,9066.0,59134.0,False,False
2887,2022-10-28 10:51:39.348735,0.0,-0.0073260073260073,0.0,-0.09999999999999964,13.55,13.6,13.6,13.65,463.0,566.0,9066.0,59134.0,False,False
2887,2022-10-28 10:51:44.554973,0.0,-0.0073260073260073,0.0,-0.09999999999999964,13.55,13.6,13.6,13.65,463.0,566.0,8571.0,59134.0,True,True
2887,2022-10-28 10:51:51.878257,0.0,-0.0073260073260073,0.0,-0.09999999999999964,13.55,13.6,13.6,13.65,463.0,566.0,8571.0,59134.0,False,False
2887,2022-10-28 10:51:54.593405,0.0,-0.0073260073260073,0.0,-0.09999999999999964,13.55,13.6,13.6,13.65,463.0,566.0,8585.0,59134.0,True,True
2887,2022-10-28 10:52:00.027777,0.0,-0.0073260073260073,0.0,-0.09999999999999964,13.55,13.6,13.6,13.65,465.0,566.0,8585.0,59134.0,False,False
2887,2022-10-28 10:52:03.836225,0.0,-0.0073260073260073,0.0,-0.09999999999999964,13.55,13.6,13.6,13.65,465.0,566.0,8585.0,59134.0,False,True
2887,2022-10-28 10:52:06.253609,0.0,-0.0073260073260073,0.0,-0.09999999999999964,13.55,13.6,13.6,13.65,467.0,566.0,8585.0,59134.0,False,False
2887,2022-10-28 10:52:11.421040,0.0,-0.0073260073260073,0.0,-0.09999999999999964,13.55,13.6,13.6,13.65,465.0,566.0,8585.0,59134.0,False,False
2887,2022-10-28 10:52:11.979113,0.0,-0.0073260073260073,0.0,-0.09999999999999964,13.55,13.6,13.6,13.65,465.0,596.0,8585.0,59134.0,False,False
2887,2022-10-28 10:52:12.743343,0.0,-0.0073260073260073,0.0,-0.09999999999999964,13.55,13.6,13.6,13.65,464.0,595.0,8585.0,59134.0,False,False
2887,2022-10-28 10:52:13.900850,0.0,-0.0073260073260073,0.0,-0.09999999999999964,13.55,13.6,13.6,13.65,464.0,595.0,8585.0,59134.0,True,True
2887,2022-10-28 10:52:18.406572,0.0,-0.0073260073260073,0.0,-0.09999999999999964,13.55,13.6,13.6,13.65,462.0,595.0,8585.0,59134.0,False,False
2887,2022-10-28 10:52:28.545469,0.0,-0.0073260073260073,0.0,-0.09999999999999964,13.55,13.6,13.6,13.65,462.0,595.0,8585.0,59134.0,False,False
2887,2022-10-28 10:52:31.522002,0.0,-0.0073260073260073,0.0,-0.09999999999999964,13.55,13.6,13.6,13.65,462.0,591.0,8585.0,59134.0,False,False
2887,2022-10-28 10:52:40.378409,0.0,-0.0073260073260073,0.0,-0.09999999999999964,13.55,13.6,13.6,13.65,462.0,592.0,8585.0,59134.0,False,False
2887,2022-10-28 10:52:42.093483,0.0,-0.0073260073260073,0.0,-0.09999999999999964,13.55,13.6,13.6,13.65,462.0,594.0,8585.0,59134.0,False,False
2887,2022-10-28 10:52:45.247291,0.0,-0.0073260073260073,0.0,-0.09999999999999964,13.55,13.6,13.6,13.65,462.0,594.0,8585.0,59134.0,False,False
2887,2022-10-28 10:52:54.065595,0.0,-0.0073260073260073,0.0,-0.09999999999999964,13.55,13.6,13.6,13.65,462.0,594.0,8085.0,59134.0,True,True
2887,2022-10-28 10:52:58.351433,0.0,-0.0073260073260073,0.0,-0.09999999999999964,13.55,13.6,13.6,13.65,462.0,595.0,8085.0,59134.0,False,False
2887,2022-10-28 10:53:04.312978,0.0,-0.0073260073260073,0.0,-0.09999999999999964,13.55,13.6,13.6,13.65,462.0,594.0,8085.0,59134.0,False,False
2887,2022-10-28 10:53:04.341451,0.0,-0.0073260073260073,0.0,-0.09999999999999964,13.55,13.6,13.6,13.65,461.0,594.0,8085.0,59134.0,False,False
2887,2022-10-28 10:53:05.158838,0.0,-0.0073260073260073,0.0,-0.09999999999999964,13.55,13.6,13.6,13.65,461.0,596.0,8085.0,59134.0,False,False
2887,2022-10-28 10:53:15.413217,0.0,-0.0073260073260073,0.0,-0.09999999999999964,13.55,13.6,13.6,13.65,461.0,597.0,8085.0,59134.0,False,False
2887,2022-10-28 10:53:16.214736,0.0,-0.0073260073260073,0.0,-0.09999999999999964,13.55,13.6,13.6,13.65,460.0,597.0,8085.0,59134.0,False,False
2887,2022-10-28 10:53:23.571817,0.0,-0.0073260073260073,0.0,-0.09999999999999964,13.55,13.6,13.6,13.65,460.0,602.0,8085.0,59134.0,False,False
2887,2022-10-28 10:53:25.853863,0.0,-0.0073260073260073,0.0,-0.09999999999999964,13.55,13.6,13.6,13.65,459.0,602.0,8085.0,59134.0,False,False
2887,2022-10-28 10:53:31.278287,0.0,-0.0073260073260073,0.0,-0.09999999999999964,13.55,13.6,13.6,13.65,459.0,603.0,8085.0,59134.0,False,False
2887,2022-10-28 10:53:33.705166,0.0,-0.0073260073260073,0.0,-0.09999999999999964,13.55,13.6,13.6,13.65,459.0,603.0,8085.0,59134.0,False,False
2887,2022-10-28 10:53:34.240744,0.0,-0.0073260073260073,0.0,-0.09999999999999964,13.55,13.6,13.6,13.65,459.0,603.0,8095.0,59134.0,True,True
2887,2022-10-28 10:53:44.285989,0.0,-0.0073260073260073,0.0,-0.09999999999999964,13.55,13.6,13.6,13.65,459.0,603.0,8095.0,59134.0,True,True
2887,2022-10-28 10:53:44.466169,0.0,-0.0073260073260073,0.0,-0.09999999999999964,13.55,13.6,13.6,13.65,459.0,603.0,8095.0,59134.0,False,False
2887,2022-10-28 10:53:53.257754,0.0,-0.0073260073260073,0.0,-0.09999999999999964,13.55,13.6,13.6,13.65,458.0,603.0,8095.0,59134.0,False,False
2887,2022-10-28 10:53:54.327178,0.0,-0.0073260073260073,0.0,-0.09999999999999964,13.55,13.6,13.6,13.65,458.0,603.0,7995.0,59134.0,True,True
2887,2022-10-28 10:54:00.019518,0.0,-0.0073260073260073,0.0,-0.09999999999999964,13.55,13.6,13.6,13.65,457.0,603.0,7995.0,59134.0,False,False
2887,2022-10-28 10:54:00.703117,0.0,-0.0073260073260073,0.0,-0.09999999999999964,13.55,13.6,13.6,13.65,456.0,603.0,7995.0,59134.0,False,False
2887,2022-10-28 10:54:00.820349,0.0,-0.0073260073260073,0.0,-0.09999999999999964,13.55,13.6,13.6,13.65,456.0,602.0,7995.0,59134.0,False,False
2887,2022-10-28 10:54:04.376563,0.0,-0.0073260073260073,0.0,-0.09999999999999964,13.55,13.6,13.6,13.65,456.0,602.0,8055.0,59134.0,True,True
2887,2022-10-28 10:54:04.785360,0.0,-0.0073260073260073,0.0,-0.09999999999999964,13.55,13.6,13.6,13.65,452.0,598.0,8055.0,59134.0,False,False
2887,2022-10-28 10:54:05.679755,0.0,-0.0073260073260073,0.0,-0.09999999999999964,13.55,13.6,13.6,13.65,450.0,596.0,8055.0,59134.0,False,False
2887,2022-10-28 10:54:14.416706,0.0,-0.0073260073260073,0.0,-0.09999999999999964,13.55,13.6,13.6,13.65,450.0,596.0,8055.0,59134.0,True,True
2887,2022-10-28 10:54:25.287012,0.0,-0.0073260073260073,0.0,-0.09999999999999964,13.55,13.6,13.6,13.65,450.0,596.0,8055.0,59134.0,False,False
2887,2022-10-28 10:54:26.953922,0.0,-0.0073260073260073,0.0,-0.09999999999999964,13.55,13.6,13.6,13.65,455.0,596.0,8055.0,59134.0,False,False
2887,2022-10-28 10:54:28.113784,0.0,-0.0073260073260073,0.0,-0.09999999999999964,13.55,13.6,13.6,13.65,451.0,596.0,8055.0,59134.0,False,False
2887,2022-10-28 10:54:28.513144,0.0,-0.0073260073260073,0.0,-0.09999999999999964,13.55,13.6,13.6,13.65,451.0,595.0,8055.0,59134.0,False,False
2887,2022-10-28 10:54:29.669377,0.0,-0.0073260073260073,0.0,-0.09999999999999964,13.55,13.6,13.6,13.65,450.0,595.0,8055.0,59134.0,False,False
2887,2022-10-28 10:54:31.670634,0.0,-0.0073260073260073,0.0,-0.09999999999999964,13.55,13.6,13.6,13.65,450.0,596.0,8055.0,59134.0,False,False
2887,2022-10-28 10:54:34.499008,0.0,-0.0073260073260073,0.0,-0.09999999999999964,13.55,13.6,13.6,13.65,450.0,596.0,8055.0,59134.0,False,False
2887,2022-10-28 10:54:34.496043,0.0,-0.0073260073260073,0.0,-0.09999999999999964,13.55,13.6,13.6,13.65,450.0,596.0,7555.0,59134.0,True,True
2887,2022-10-28 10:54:35.166265,0.0,-0.0073260073260073,0.0,-0.09999999999999964,13.55,13.6,13.6,13.65,450.0,605.0,7555.0,59134.0,False,False
2887,2022-10-28 10:54:44.029499,0.0,-0.0073260073260073,0.0,-0.09999999999999964,13.55,13.6,13.6,13.65,449.0,605.0,7555.0,59134.0,False,False
2887,2022-10-28 10:54:44.547443,0.0,-0.0073260073260073,0.0,-0.09999999999999964,13.55,13.6,13.6,13.65,449.0,605.0,7555.0,59134.0,True,True
2887,2022-10-28 10:54:46.051635,0.0,-0.0073260073260073,0.0,-0.09999999999999964,13.55,13.6,13.6,13.65,449.0,605.0,7555.0,59134.0,False,False
2887,2022-10-28 10:54:52.242480,0.0,-0.0073260073260073,0.0,-0.09999999999999964,13.55,13.6,13.6,13.65,449.0,605.0,7555.0,59134.0,False,False
2887,2022-10-28 10:55:00.207153,0.0,-0.0073260073260073,0.0,-0.09999999999999964,13.55,13.6,13.6,13.65,442.0,598.0,7555.0,59134.0,False,False
2887,2022-10-28 10:55:00.210752,0.0,-0.0073260073260073,0.0,-0.09999999999999964,13.55,13.6,13.6,13.65,435.0,591.0,7555.0,59134.0,False,False
2887,2022-10-28 10:55:01.843189,0.0,-0.0073260073260073,0.0,-0.09999999999999964,13.55,13.6,13.6,13.65,435.0,587.0,7555.0,59134.0,False,False
2887,2022-10-28 10:55:03.981338,0.0,-0.0073260073260073,0.0,-0.09999999999999964,13.55,13.6,13.6,13.65,435.0,587.0,7555.0,59134.0,False,True
2887,2022-10-28 10:55:09.124682,0.0,-0.0073260073260073,0.0,-0.09999999999999964,13.55,13.6,13.6,13.65,435.0,597.0,7555.0,59134.0,False,False
2887,2022-10-28 10:55:13.247289,0.0,-0.0073260073260073,0.0,-0.09999999999999964,13.55,13.6,13.6,13.65,435.0,597.0,7555.0,59134.0,False,False
2887,2022-10-28 10:55:19.668816,0.0,-0.0073260073260073,0.0,-0.09999999999999964,13.55,13.6,13.6,13.65,439.0,597.0,7555.0,59134.0,False,False
2887,2022-10-28 10:55:24.184023,0.0,-0.0073260073260073,0.0,-0.09999999999999964,13.55,13.6,13.6,13.65,439.0,597.0,7555.0,59134.0,True,True
2887,2022-10-28 10:55:25.945394,0.0,-0.0073260073260073,0.0,-0.09999999999999964,13.55,13.6,13.6,13.65,440.0,597.0,7555.0,59134.0,False,False
2887,2022-10-28 10:55:26.954477,0.0,-0.0073260073260073,0.0,-0.09999999999999964,13.55,13.6,13.6,13.65,440.0,597.0,7555.0,59134.0,False,False
2887,2022-10-28 10:55:35.397678,0.0,-0.0073260073260073,0.0,-0.09999999999999964,13.55,13.6,13.6,13.65,440.0,598.0,7555.0,59134.0,False,False
2887,2022-10-28 10:55:44.361165,0.0,-0.0073260073260073,0.0,-0.09999999999999964,13.55,13.6,13.6,13.65,440.0,598.0,7555.0,59134.0,False,False
2887,2022-10-28 10:55:46.552435,0.0,-0.0073260073260073,0.0,-0.09999999999999964,13.55,13.6,13.6,13.65,440.0,604.0,7555.0,59134.0,False,False
2887,2022-10-28 10:55:54.244872,0.0,-0.0073260073260073,0.0,-0.09999999999999964,13.55,13.6,13.6,13.65,440.0,609.0,7555.0,59134.0,False,False
2887,2022-10-28 10:55:54.260442,0.0,-0.0073260073260073,0.0,-0.09999999999999964,13.55,13.6,13.6,13.65,440.0,609.0,7625.0,59134.0,True,True
2887,2022-10-28 10:55:57.458987,0.0,-0.0073260073260073,0.0,-0.09999999999999964,13.55,13.6,13.6,13.65,440.0,610.0,7625.0,59134.0,False,False
2887,2022-10-28 10:56:08.559725,0.0,-0.0073260073260073,0.0,-0.09999999999999964,13.55,13.6,13.6,13.65,440.0,609.0,7625.0,59134.0,False,False
2887,2022-10-28 10:56:14.319356,0.0,-0.0073260073260073,0.0,-0.09999999999999964,13.55,13.6,13.6,13.65,440.0,609.0,7625.0,59119.0,True,True
2887,2022-10-28 10:56:17.827494,0.0,-0.0073260073260073,0.0,-0.09999999999999964,13.55,13.6,13.6,13.65,440.0,616.0,7625.0,59119.0,False,False
2887,2022-10-28 10:56:21.286950,0.0,-0.0073260073260073,0.0,-0.09999999999999964,13.55,13.6,13.6,13.65,440.0,617.0,7625.0,59119.0,False,False
2887,2022-10-28 10:56:24.357131,0.0,-0.0073260073260073,0.0,-0.09999999999999964,13.55,13.6,13.6,13.65,440.0,617.0,7625.0,59109.0,True,True
2887,2022-10-28 10:56:28.826052,0.0,-0.0073260073260073,0.0,-0.09999999999999964,13.55,13.6,13.6,13.65,440.0,616.0,7625.0,59109.0,False,False
2887,2022-10-28 10:56:34.400292,0.0,-0.0073260073260073,0.0,-0.09999999999999964,13.55,13.6,13.6,13.65,440.0,616.0,7270.0,59134.0,True,True
2887,2022-10-28 10:56:54.457270,0.0,-0.0073260073260073,0.0,-0.09999999999999964,13.55,13.6,13.6,13.65,440.0,616.0,7570.0,59134.0,True,True
2887,2022-10-28 10:56:56.809317,0.0,-0.0073260073260073,0.0,-0.09999999999999964,13.55,13.6,13.6,13.65,450.0,616.0,7570.0,59134.0,False,False
2887,2022-10-28 10:57:14.520557,0.0,-0.0073260073260073,0.0,-0.09999999999999964,13.55,13.6,13.6,13.65,450.0,616.0,7271.0,59134.0,True,True
2887,2022-10-28 10:57:16.963180,0.0,-0.0073260073260073,0.0,-0.09999999999999964,13.55,13.6,13.6,13.65,450.0,615.0,7271.0,59134.0,False,False
2887,2022-10-28 10:57:17.227389,0.0,-0.0073260073260073,0.0,-0.09999999999999964,13.55,13.6,13.6,13.65,449.0,615.0,7271.0,59134.0,False,False
2887,2022-10-28 10:57:17.338615,0.0,-0.0073260073260073,0.0,-0.09999999999999964,13.55,13.6,13.6,13.65,449.0,614.0,7271.0,59134.0,False,False
2887,2022-10-28 10:57:24.554886,0.0,-0.0073260073260073,0.0,-0.09999999999999964,13.55,13.6,13.6,13.65,449.0,614.0,7381.0,59134.0,True,True
2887,2022-10-28 10:57:41.755083,0.0,-0.0073260073260073,0.0,-0.09999999999999964,13.55,13.6,13.6,13.65,449.0,610.0,7381.0,59134.0,False,False
2887,2022-10-28 10:57:49.847392,0.0,-0.0073260073260073,0.0,-0.09999999999999964,13.55,13.6,13.6,13.65,449.0,608.0,7381.0,59134.0,False,False
2887,2022-10-28 10:57:54.664304,0.0,-0.0073260073260073,0.0,-0.09999999999999964,13.55,13.6,13.6,13.65,449.0,608.0,7381.0,59134.0,False,False
2887,2022-10-28 10:57:54.904153,0.0,-0.0073260073260073,0.0,-0.09999999999999964,13.55,13.6,13.6,13.65,449.0,610.0,7381.0,59134.0,False,False
2887,2022-10-28 10:57:57.396389,0.0,-0.0073260073260073,0.0,-0.09999999999999964,13.55,13.6,13.6,13.65,450.0,610.0,7381.0,59134.0,False,False
2887,2022-10-28 10:58:04.081689,0.0,-0.0073260073260073,0.0,-0.09999999999999964,13.55,13.6,13.6,13.65,450.0,610.0,7381.0,59134.0,False,True
2887,2022-10-28 10:58:04.522397,0.0,-0.0073260073260073,0.0,-0.09999999999999964,13.55,13.6,13.6,13.65,450.0,612.0,7381.0,59134.0,False,False
2887,2022-10-28 10:58:06.914809,0.0,-0.0073260073260073,0.0,-0.09999999999999964,13.55,13.6,13.6,13.65,450.0,615.0,7381.0,59134.0,False,False
2887,2022-10-28 10:58:09.423171,0.0,-0.0073260073260073,0.0,-0.09999999999999964,13.55,13.6,13.6,13.65,451.0,615.0,7381.0,59134.0,False,False
2887,2022-10-28 10:58:10.904328,0.0,-0.0073260073260073,0.0,-0.09999999999999964,13.55,13.6,13.6,13.65,567.0,615.0,7381.0,59134.0,False,False
2887,2022-10-28 10:58:11.499657,0.0,-0.0073260073260073,0.0,-0.09999999999999964,13.55,13.6,13.6,13.65,567.0,613.0,7381.0,59134.0,False,False
2887,2022-10-28 10:58:14.137837,0.0,-0.0073260073260073,0.0,-0.09999999999999964,13.55,13.6,13.6,13.65,567.0,613.0,7381.0,59134.0,True,True
2887,2022-10-28 10:58:23.256063,0.0,-0.0073260073260073,0.0,-0.09999999999999964,13.55,13.6,13.6,13.65,567.0,611.0,7381.0,59134.0,False,False
2887,2022-10-28 10:58:32.453587,0.0,-0.0073260073260073,0.0,-0.09999999999999964,13.55,13.6,13.6,13.65,557.0,601.0,7381.0,59134.0,False,False
2887,2022-10-28 10:58:39.343505,0.0,-0.0073260073260073,0.0,-0.09999999999999964,13.55,13.6,13.6,13.65,556.0,601.0,7381.0,59134.0,False,False
2887,2022-10-28 10:58:41.312683,0.0,-0.0073260073260073,0.0,-0.09999999999999964,13.55,13.6,13.6,13.65,556.0,599.0,7381.0,59134.0,False,False
2887,2022-10-28 10:58:44.230775,0.0,-0.0073260073260073,0.0,-0.09999999999999964,13.55,13.6,13.6,13.65,556.0,599.0,7381.0,59634.0,True,True
2887,2022-10-28 10:58:44.237684,0.0,-0.0073260073260073,0.0,-0.09999999999999964,13.55,13.6,13.6,13.65,566.0,599.0,7381.0,59634.0,False,False
2887,2022-10-28 10:58:45.995195,0.0,-0.0073260073260073,0.0,-0.09999999999999964,13.55,13.6,13.6,13.65,566.0,596.0,7381.0,59634.0,False,False
2887,2022-10-28 10:58:55.390292,0.0,-0.0073260073260073,0.0,-0.09999999999999964,13.55,13.6,13.6,13.65,566.0,598.0,7381.0,59634.0,False,False
2887,2022-10-28 10:58:56.328028,0.0,-0.0073260073260073,0.0,-0.09999999999999964,13.55,13.6,13.6,13.65,566.0,603.0,7381.0,59634.0,False,False
2887,2022-10-28 10:58:58.943974,0.0,-0.0073260073260073,0.0,-0.09999999999999964,13.55,13.6,13.6,13.65,572.0,603.0,7381.0,59634.0,False,False
2887,2022-10-28 10:59:03.034367,0.0,-0.0073260073260073,0.0,-0.09999999999999964,13.55,13.6,13.6,13.65,568.0,603.0,7381.0,59634.0,False,False
2887,2022-10-28 10:59:03.813687,0.0,-0.0073260073260073,0.0,-0.09999999999999964,13.55,13.6,13.6,13.65,569.0,603.0,7381.0,59634.0,False,False
2887,2022-10-28 10:59:13.109116,0.0,-0.0073260073260073,0.0,-0.09999999999999964,13.55,13.6,13.6,13.65,570.0,603.0,7381.0,59634.0,False,False
2887,2022-10-28 10:59:14.341191,0.0,-0.0073260073260073,0.0,-0.09999999999999964,13.55,13.6,13.6,13.65,570.0,603.0,7381.0,59624.0,True,True
2887,2022-10-28 10:59:23.047089,0.0,-0.0073260073260073,0.0,-0.09999999999999964,13.55,13.6,13.6,13.65,570.0,603.0,7381.0,59624.0,False,False
2887,2022-10-28 10:59:36.337698,0.0,-0.0073260073260073,0.0,-0.09999999999999964,13.55,13.6,13.6,13.65,572.0,603.0,7381.0,59624.0,False,False
2887,2022-10-28 10:59:39.132453,0.0,-0.0073260073260073,0.0,-0.09999999999999964,13.55,13.6,13.6,13.65,572.0,603.0,7381.0,59624.0,False,False
2887,2022-10-28 10:59:40.509642,0.0,-0.0073260073260073,0.0,-0.09999999999999964,13.55,13.6,13.6,13.65,573.0,603.0,7381.0,59624.0,False,False
2887,2022-10-28 10:59:43.402846,0.0,-0.0073260073260073,0.0,-0.09999999999999964,13.55,13.6,13.6,13.65,561.0,603.0,7381.0,59624.0,False,False
2887,2022-10-28 10:59:44.439161,0.0,-0.0073260073260073,0.0,-0.09999999999999964,13.55,13.6,13.6,13.65,561.0,603.0,7881.0,59624.0,True,True
2887,2022-10-28 10:59:48.110121,0.0,-0.0073260073260073,0.0,-0.09999999999999964,13.55,13.6,13.6,13.65,574.0,603.0,7881.0,59624.0,False,False
2887,2022-10-28 10:59:52.487374,0.0,-0.0073260073260073,0.0,-0.09999999999999964,13.55,13.6,13.6,13.65,573.0,603.0,7881.0,59624.0,False,False
2887,2022-10-28 10:59:54.481560,0.0,-0.0073260073260073,0.0,-0.09999999999999964,13.55,13.6,13.6,13.65,573.0,603.0,7881.0,59624.0,True,True
2887,2022-10-28 10:59:56.275368,0.0,-0.0073260073260073,0.0,-0.09999999999999964,13.55,13.6,13.6,13.65,575.0,603.0,7881.0,59624.0,False,False
2887,2022-10-28 11:00:01.346806,0.0,-0.0073260073260073,0.0,-0.09999999999999964,13.55,13.6,13.6,13.65,575.0,603.0,7881.0,59624.0,False,False
2887,2022-10-28 11:00:08.955232,0.0,-0.0073260073260073,0.0,-0.09999999999999964,13.55,13.6,13.6,13.65,580.0,603.0,7881.0,59624.0,False,False
2887,2022-10-28 11:00:14.670528,0.0,-0.0073260073260073,0.0,-0.09999999999999964,13.55,13.6,13.6,13.65,580.0,603.0,7881.0,59635.0,True,True
2887,2022-10-28 11:00:16.995583,0.0,-0.0073260073260073,0.0,-0.09999999999999964,13.55,13.6,13.6,13.65,580.0,603.0,7881.0,59635.0,False,False
2887,2022-10-28 11:00:24.658987,0.0,-0.0073260073260073,0.0,-0.09999999999999964,13.55,13.6,13.6,13.65,580.0,599.0,7881.0,59635.0,False,False
2887,2022-10-28 11:00:24.688932,0.0,-0.0073260073260073,0.0,-0.09999999999999964,13.55,13.6,13.6,13.65,580.0,599.0,7881.0,59635.0,False,False
2887,2022-10-28 11:00:33.966458,0.0,-0.0073260073260073,0.0,-0.09999999999999964,13.55,13.6,13.6,13.65,580.0,600.0,7881.0,59635.0,False,False
2887,2022-10-28 11:00:34.782255,0.0,-0.0073260073260073,0.0,-0.09999999999999964,13.55,13.6,13.6,13.65,580.0,600.0,7881.0,59621.0,True,True
2887,2022-10-28 11:00:37.219465,0.0,-0.0073260073260073,0.0,-0.09999999999999964,13.55,13.6,13.6,13.65,590.0,600.0,7881.0,59621.0,False,False
2887,2022-10-28 11:00:43.305432,0.0,-0.0073260073260073,0.0,-0.09999999999999964,13.55,13.6,13.6,13.65,590.0,610.0,7881.0,59621.0,False,False
2887,2022-10-28 11:00:45.353010,0.0,-0.0073260073260073,0.0,-0.09999999999999964,13.55,13.6,13.6,13.65,589.0,610.0,7881.0,59621.0,False,False
2887,2022-10-28 11:00:45.401820,0.0,-0.0073260073260073,0.0,-0.09999999999999964,13.55,13.6,13.6,13.65,589.0,609.0,7881.0,59621.0,False,False
2887,2022-10-28 11:00:45.581086,0.0,-0.0073260073260073,0.0,-0.09999999999999964,13.55,13.6,13.6,13.65,588.0,609.0,7881.0,59621.0,False,False
2887,2022-10-28 11:00:45.681685,0.0,-0.0073260073260073,0.0,-0.09999999999999964,13.55,13.6,13.6,13.65,588.0,608.0,7881.0,59621.0,False,False
2887,2022-10-28 11:00:56.164120,0.0,-0.0073260073260073,0.0,-0.09999999999999964,13.55,13.6,13.6,13.65,588.0,608.0,7881.0,59621.0,False,False
2887,2022-10-28 11:00:57.584544,0.0,-0.0073260073260073,0.0,-0.09999999999999964,13.55,13.6,13.6,13.65,588.0,608.0,7881.0,59621.0,False,False
2887,2022-10-28 11:01:04.140392,0.0,-0.0073260073260073,0.0,-0.09999999999999964,13.55,13.6,13.6,13.65,588.0,608.0,7881.0,59621.0,False,True
2887,2022-10-28 11:01:10.466381,0.0,-0.0073260073260073,0.0,-0.09999999999999964,13.55,13.6,13.6,13.65,588.0,608.0,7881.0,59621.0,False,False
2887,2022-10-28 11:01:14.184507,0.0,-0.0073260073260073,0.0,-0.09999999999999964,13.55,13.6,13.6,13.65,588.0,608.0,7881.0,59621.0,True,True
2887,2022-10-28 11:01:24.229152,0.0,-0.0073260073260073,0.0,-0.09999999999999964,13.55,13.6,13.6,13.65,588.0,608.0,7931.0,59521.0,True,True
2887,2022-10-28 11:01:26.901439,0.0,-0.0073260073260073,0.0,-0.09999999999999964,13.55,13.6,13.6,13.65,588.0,608.0,7931.0,59521.0,False,False
2887,2022-10-28 11:01:41.754368,0.0,-0.0073260073260073,0.0,-0.09999999999999964,13.55,13.6,13.6,13.65,588.0,608.0,7931.0,59521.0,False,False
2887,2022-10-28 11:01:44.585458,0.0,-0.0073260073260073,0.0,-0.09999999999999964,13.55,13.6,13.6,13.65,588.0,618.0,7931.0,59521.0,False,False
2887,2022-10-28 11:01:55.089296,0.0,-0.0073260073260073,0.0,-0.09999999999999964,13.55,13.6,13.6,13.65,588.0,618.0,7931.0,59521.0,False,False
2887,2022-10-28 11:02:04.403557,0.0,-0.0073260073260073,0.0,-0.09999999999999964,13.55,13.6,13.6,13.65,588.0,618.0,8011.0,59511.0,True,True
2887,2022-10-28 11:02:09.514929,0.0,-0.0073260073260073,0.0,-0.09999999999999964,13.55,13.6,13.6,13.65,587.0,618.0,8011.0,59511.0,False,False
2887,2022-10-28 11:02:14.445794,0.0,-0.0073260073260073,0.0,-0.09999999999999964,13.55,13.6,13.6,13.65,587.0,618.0,8711.0,59511.0,True,True
2887,2022-10-28 11:02:17.812064,0.0,-0.0073260073260073,0.0,-0.09999999999999964,13.55,13.6,13.6,13.65,587.0,619.0,8711.0,59511.0,False,False
2887,2022-10-28 11:02:24.517708,0.0,-0.0073260073260073,0.0,-0.09999999999999964,13.55,13.6,13.6,13.65,587.0,619.0,8711.0,59610.0,True,True
2887,2022-10-28 11:02:28.663842,0.0,-0.0073260073260073,0.0,-0.09999999999999964,13.55,13.6,13.6,13.65,587.0,619.0,8711.0,59610.0,False,False
2887,2022-10-28 11:02:30.173871,0.0,-0.0073260073260073,0.0,-0.09999999999999964,13.55,13.6,13.6,13.65,587.0,625.0,8711.0,59610.0,False,False
2887,2022-10-28 11:02:31.120040,0.0,-0.0073260073260073,0.0,-0.09999999999999964,13.55,13.6,13.6,13.65,587.0,626.0,8711.0,59610.0,False,False
2887,2022-10-28 11:02:38.479780,0.0,-0.0073260073260073,0.0,-0.09999999999999964,13.55,13.6,13.6,13.65,587.0,628.0,8711.0,59610.0,False,False
2887,2022-10-28 11:02:38.625933,0.0,-0.0073260073260073,0.0,-0.09999999999999964,13.55,13.6,13.6,13.65,587.0,628.0,8711.0,59610.0,False,False
2887,2022-10-28 11:02:42.713828,0.0,-0.0073260073260073,0.0,-0.09999999999999964,13.55,13.6,13.6,13.65,587.0,627.0,8711.0,59610.0,False,False
2887,2022-10-28 11:02:43.490747,0.0,-0.0073260073260073,0.0,-0.09999999999999964,13.55,13.6,13.6,13.65,587.0,627.0,8711.0,59610.0,False,False
2887,2022-10-28 11:02:44.595983,0.0,-0.0073260073260073,0.0,-0.09999999999999964,13.55,13.6,13.6,13.65,587.0,627.0,8711.0,59610.0,True,True
2887,2022-10-28 11:02:49.969537,0.0,-0.0073260073260073,0.0,-0.09999999999999964,13.55,13.6,13.6,13.65,587.0,627.0,8711.0,59610.0,False,False
2887,2022-10-28 11:02:50.509417,0.0,-0.0073260073260073,0.0,-0.09999999999999964,13.55,13.6,13.6,13.65,587.0,626.0,8711.0,59610.0,False,False
2887,2022-10-28 11:02:51.635362,0.0,-0.0073260073260073,0.0,-0.09999999999999964,13.55,13.6,13.6,13.65,587.0,626.0,8711.0,59610.0,False,False
2887,2022-10-28 11:02:51.637402,0.0,-0.0073260073260073,0.0,-0.09999999999999964,13.55,13.6,13.6,13.65,589.0,626.0,8711.0,59610.0,False,False
2887,2022-10-28 11:02:54.640224,0.0,-0.0073260073260073,0.0,-0.09999999999999964,13.55,13.6,13.6,13.65,589.0,626.0,8711.0,59610.0,True,True
2887,2022-10-28 11:02:55.638754,0.0,-0.0073260073260073,0.0,-0.09999999999999964,13.55,13.6,13.6,13.65,590.0,626.0,8711.0,59610.0,False,False
2887,2022-10-28 11:02:56.103645,0.0,-0.0073260073260073,0.0,-0.09999999999999964,13.55,13.6,13.6,13.65,590.0,626.0,8711.0,59610.0,False,False
2887,2022-10-28 11:02:58.173780,0.0,-0.0073260073260073,0.0,-0.09999999999999964,13.55,13.6,13.6,13.65,590.0,622.0,8711.0,59610.0,False,False
2887,2022-10-28 11:02:59.175453,0.0,-0.0073260073260073,0.0,-0.09999999999999964,13.55,13.6,13.6,13.65,590.0,623.0,8711.0,59610.0,False,False
2887,2022-10-28 11:03:01.741627,0.0,-0.0073260073260073,0.0,-0.09999999999999964,13.55,13.6,13.6,13.65,654.0,623.0,8711.0,59610.0,False,False
2887,2022-10-28 11:03:01.760628,0.0,-0.0073260073260073,0.0,-0.09999999999999964,13.55,13.6,13.6,13.65,671.0,623.0,8711.0,59610.0,False,False
2887,2022-10-28 11:03:21.692097,0.0,-0.0073260073260073,0.0,-0.09999999999999964,13.55,13.6,13.6,13.65,672.0,623.0,8711.0,59610.0,False,False
2887,2022-10-28 11:03:22.469839,0.0,-0.0073260073260073,0.0,-0.09999999999999964,13.55,13.6,13.6,13.65,682.0,623.0,8711.0,59610.0,False,False
2887,2022-10-28 11:03:23.799967,0.0,-0.0073260073260073,0.0,-0.09999999999999964,13.55,13.6,13.6,13.65,682.0,625.0,8711.0,59610.0,False,False
2887,2022-10-28 11:03:24.616776,0.0,-0.0073260073260073,0.0,-0.09999999999999964,13.55,13.6,13.6,13.65,682.0,623.0,8711.0,59610.0,False,False
2887,2022-10-28 11:03:24.788355,0.0,-0.0073260073260073,0.0,-0.09999999999999964,13.55,13.6,13.6,13.65,682.0,623.0,8711.0,59610.0,True,True
2887,2022-10-28 11:03:27.674659,0.0,-0.0073260073260073,0.0,-0.09999999999999964,13.55,13.6,13.6,13.65,618.0,623.0,8711.0,59610.0,False,False
2887,2022-10-28 11:03:40.712406,0.0,-0.0073260073260073,0.0,-0.09999999999999964,13.55,13.6,13.6,13.65,618.0,624.0,8711.0,59610.0,False,False
2887,2022-10-28 11:03:40.841891,0.0,-0.0073260073260073,0.0,-0.09999999999999964,13.55,13.6,13.6,13.65,614.0,624.0,8711.0,59610.0,False,False
2887,2022-10-28 11:03:44.865615,0.0,-0.0073260073260073,0.0,-0.09999999999999964,13.55,13.6,13.6,13.65,614.0,624.0,8711.0,59610.0,True,True
2887,2022-10-28 11:03:52.835584,0.0,-0.0073260073260073,0.0,-0.09999999999999964,13.55,13.6,13.6,13.65,614.0,624.0,8711.0,59610.0,False,False
2887,2022-10-28 11:04:03.266303,0.0,-0.0073260073260073,0.0,-0.09999999999999964,13.55,13.6,13.6,13.65,616.0,624.0,8711.0,59610.0,False,False
2887,2022-10-28 11:04:03.292117,0.0,-0.0073260073260073,0.0,-0.09999999999999964,13.55,13.6,13.6,13.65,599.0,624.0,8711.0,59610.0,False,False
2887,2022-10-28 11:04:04.162208,0.0,-0.0073260073260073,0.0,-0.09999999999999964,13.55,13.6,13.6,13.65,599.0,624.0,8711.0,59610.0,False,True
2887,2022-10-28 11:04:06.981859,0.0,-0.0073260073260073,0.0,-0.09999999999999964,13.55,13.6,13.6,13.65,599.0,624.0,8711.0,59610.0,False,False
2887,2022-10-28 11:04:15.108596,0.0,-0.0073260073260073,0.0,-0.09999999999999964,13.55,13.6,13.6,13.65,599.0,623.0,8711.0,59610.0,False,False
2887,2022-10-28 11:04:24.837249,0.0,-0.0073260073260073,0.0,-0.09999999999999964,13.55,13.6,13.6,13.65,599.0,624.0,8711.0,59610.0,False,False
2887,2022-10-28 11:04:29.606439,0.0,-0.0073260073260073,0.0,-0.09999999999999964,13.55,13.6,13.6,13.65,600.0,624.0,8711.0,59610.0,False,False
2887,2022-10-28 11:04:36.053780,0.0,-0.0073260073260073,0.0,-0.09999999999999964,13.55,13.6,13.6,13.65,598.0,624.0,8711.0,59610.0,False,False
2887,2022-10-28 11:04:44.351550,0.0,-0.0073260073260073,0.0,-0.09999999999999964,13.55,13.6,13.6,13.65,598.0,624.0,8711.0,59833.0,True,True
2887,2022-10-28 11:04:44.770667,0.0,-0.0073260073260073,0.0,-0.09999999999999964,13.55,13.6,13.6,13.65,598.0,624.0,8711.0,59833.0,False,False
2887,2022-10-28 11:04:44.810161,0.0,-0.0073260073260073,0.0,-0.09999999999999964,13.55,13.6,13.6,13.65,598.0,623.0,8711.0,59833.0,False,False
2887,2022-10-28 11:04:47.471672,0.0,-0.0073260073260073,0.0,-0.09999999999999964,13.55,13.6,13.6,13.65,593.0,623.0,8711.0,59833.0,False,False
2887,2022-10-28 11:04:48.006395,0.0,-0.0073260073260073,0.0,-0.09999999999999964,13.55,13.6,13.6,13.65,594.0,623.0,8711.0,59833.0,False,False
2887,2022-10-28 11:04:55.817334,0.0,-0.0073260073260073,0.0,-0.09999999999999964,13.55,13.6,13.6,13.65,595.0,623.0,8711.0,59833.0,False,False
2887,2022-10-28 11:04:55.927446,0.0,-0.0073260073260073,0.0,-0.09999999999999964,13.55,13.6,13.6,13.65,595.0,603.0,8711.0,59833.0,False,False
2887,2022-10-28 11:04:56.096378,0.0,-0.0073260073260073,0.0,-0.09999999999999964,13.55,13.6,13.6,13.65,595.0,603.0,8711.0,59833.0,False,False
2887,2022-10-28 11:05:04.569460,0.0,-0.0073260073260073,0.0,-0.09999999999999964,13.55,13.6,13.6,13.65,595.0,603.0,8711.0,60133.0,True,True
2887,2022-10-28 11:05:12.892746,0.0,-0.0073260073260073,0.0,-0.09999999999999964,13.55,13.6,13.6,13.65,595.0,583.0,8711.0,60133.0,False,False
2887,2022-10-28 11:05:24.783697,0.0,-0.0073260073260073,0.0,-0.09999999999999964,13.55,13.6,13.6,13.65,595.0,583.0,8811.0,60046.0,True,True
2887,2022-10-28 11:05:30.338064,0.0,-0.0073260073260073,0.0,-0.09999999999999964,13.55,13.6,13.6,13.65,596.0,583.0,8811.0,60046.0,False,False
2887,2022-10-28 11:05:39.378038,0.0,-0.0073260073260073,0.0,-0.09999999999999964,13.55,13.6,13.6,13.65,596.0,579.0,8811.0,60046.0,False,False
2887,2022-10-28 11:05:44.849003,0.0,-0.0073260073260073,0.0,-0.09999999999999964,13.55,13.6,13.6,13.65,596.0,579.0,8811.0,60223.0,True,True
2887,2022-10-28 11:05:54.875152,0.0,-0.0073260073260073,0.0,-0.09999999999999964,13.55,13.6,13.6,13.65,596.0,579.0,8811.0,60323.0,True,True
2887,2022-10-28 11:05:56.437729,0.0,-0.0073260073260073,0.0,-0.09999999999999964,13.55,13.6,13.6,13.65,595.0,579.0,8811.0,60323.0,False,False
2887,2022-10-28 11:05:56.544388,0.0,-0.0073260073260073,0.0,-0.09999999999999964,13.55,13.6,13.6,13.65,595.0,578.0,8811.0,60323.0,False,False
2887,2022-10-28 11:06:12.487747,0.0,-0.0073260073260073,0.0,-0.09999999999999964,13.55,13.6,13.6,13.65,596.0,578.0,8811.0,60323.0,False,False
2887,2022-10-28 11:06:21.922320,0.0,-0.0073260073260073,0.0,-0.09999999999999964,13.55,13.6,13.6,13.65,596.0,578.0,8811.0,60323.0,False,False
2887,2022-10-28 11:06:22.179518,0.0,-0.0073260073260073,0.0,-0.09999999999999964,13.55,13.6,13.6,13.65,596.0,578.0,8811.0,60323.0,False,False
2887,2022-10-28 11:06:30.177154,0.0,-0.0073260073260073,0.0,-0.09999999999999964,13.55,13.6,13.6,13.65,595.0,578.0,8811.0,60323.0,False,False
2887,2022-10-28 11:06:40.937419,0.0,-0.0073260073260073,0.0,-0.09999999999999964,13.55,13.6,13.6,13.65,595.0,577.0,8811.0,60323.0,False,False
2887,2022-10-28 11:06:44.849224,0.0,-0.0073260073260073,0.0,-0.09999999999999964,13.55,13.6,13.6,13.65,595.0,576.0,8811.0,60323.0,False,False
2887,2022-10-28 11:06:45.110706,0.0,-0.0073260073260073,0.0,-0.09999999999999964,13.55,13.6,13.6,13.65,595.0,576.0,8811.0,60323.0,True,True
2887,2022-10-28 11:06:50.007650,0.0,-0.0073260073260073,0.0,-0.09999999999999964,13.55,13.6,13.6,13.65,592.0,576.0,8811.0,60323.0,False,False
2887,2022-10-28 11:06:55.785443,0.0,-0.0073260073260073,0.0,-0.09999999999999964,13.55,13.6,13.6,13.65,592.0,576.0,8811.0,60323.0,False,False
2887,2022-10-28 11:06:59.770260,0.0,-0.0073260073260073,0.0,-0.09999999999999964,13.55,13.6,13.6,13.65,592.0,576.0,8811.0,60323.0,False,False
2887,2022-10-28 11:06:59.859173,0.0,-0.0073260073260073,0.0,-0.09999999999999964,13.55,13.6,13.6,13.65,592.0,577.0,8811.0,60323.0,False,False
2887,2022-10-28 11:07:04.214890,0.0,-0.0073260073260073,0.0,-0.09999999999999964,13.55,13.6,13.6,13.65,592.0,577.0,8811.0,60292.0,False,True
2887,2022-10-28 11:07:04.329741,0.0,-0.0073260073260073,0.0,-0.09999999999999964,13.55,13.6,13.6,13.65,592.0,577.0,8811.0,60292.0,False,False
2887,2022-10-28 11:07:09.098660,0.0,-0.0073260073260073,0.0,-0.09999999999999964,13.55,13.6,13.6,13.65,593.0,577.0,8811.0,60292.0,False,False
2887,2022-10-28 11:07:12.284917,0.0,-0.0073260073260073,0.0,-0.09999999999999964,13.55,13.6,13.6,13.65,593.0,568.0,8811.0,60292.0,False,False
2887,2022-10-28 11:07:12.348676,0.0,-0.0073260073260073,0.0,-0.09999999999999964,13.55,13.6,13.6,13.65,593.0,561.0,8811.0,60292.0,False,False
2887,2022-10-28 11:07:12.430475,0.0,-0.0073260073260073,0.0,-0.09999999999999964,13.55,13.6,13.6,13.65,593.0,496.0,8811.0,60292.0,False,False
2887,2022-10-28 11:07:12.706100,0.0,-0.0073260073260073,0.0,-0.09999999999999964,13.55,13.6,13.6,13.65,593.0,501.0,8811.0,60292.0,False,False
2887,2022-10-28 11:07:16.092205,0.0,-0.0073260073260073,0.0,-0.09999999999999964,13.55,13.6,13.6,13.65,593.0,501.0,8811.0,60292.0,False,False
2887,2022-10-28 11:07:18.655288,0.0,-0.0073260073260073,0.0,-0.09999999999999964,13.55,13.6,13.6,13.65,593.0,501.0,8811.0,60292.0,False,False
2887,2022-10-28 11:07:24.279201,0.0,-0.0073260073260073,0.0,-0.09999999999999964,13.55,13.6,13.6,13.65,593.0,501.0,8811.0,60292.0,True,True
2887,2022-10-28 11:07:34.309327,0.0,-0.0073260073260073,0.0,-0.09999999999999964,13.55,13.6,13.6,13.65,593.0,501.0,8811.0,60282.0,True,True
2887,2022-10-28 11:07:36.091361,0.0,-0.0073260073260073,0.0,-0.09999999999999964,13.55,13.6,13.6,13.65,593.0,502.0,8811.0,60282.0,False,False
2887,2022-10-28 11:07:39.655359,0.0,-0.0073260073260073,0.0,-0.09999999999999964,13.55,13.6,13.6,13.65,593.0,502.0,8811.0,60282.0,False,False
2887,2022-10-28 11:07:45.075136,0.0,-0.0073260073260073,0.0,-0.09999999999999964,13.55,13.6,13.6,13.65,593.0,502.0,8811.0,60282.0,False,False
2887,2022-10-28 11:07:45.236528,0.0,-0.0073260073260073,0.0,-0.09999999999999964,13.55,13.6,13.6,13.65,588.0,502.0,8811.0,60282.0,False,False
2887,2022-10-28 11:07:49.575589,0.0,-0.0073260073260073,0.0,-0.09999999999999964,13.55,13.6,13.6,13.65,588.0,498.0,8811.0,60282.0,False,False
2887,2022-10-28 11:07:51.496642,0.0,-0.0073260073260073,0.0,-0.09999999999999964,13.55,13.6,13.6,13.65,588.0,498.0,8811.0,60282.0,False,False
2887,2022-10-28 11:07:51.497487,0.0,-0.0073260073260073,0.0,-0.09999999999999964,13.55,13.6,13.6,13.65,588.0,497.0,8811.0,60282.0,False,False
2887,2022-10-28 11:07:55.280466,0.0,-0.0073260073260073,0.0,-0.09999999999999964,13.55,13.6,13.6,13.65,588.0,497.0,8811.0,60282.0,False,False
2887,2022-10-28 11:07:55.734385,0.0,-0.0073260073260073,0.0,-0.09999999999999964,13.55,13.6,13.6,13.65,588.0,497.0,8811.0,60282.0,False,False
2887,2022-10-28 11:07:55.979652,0.0,-0.0073260073260073,0.0,-0.09999999999999964,13.55,13.6,13.6,13.65,583.0,497.0,8811.0,60282.0,False,False
2887,2022-10-28 11:08:02.088294,0.0,-0.0073260073260073,0.0,-0.09999999999999964,13.55,13.6,13.6,13.65,583.0,497.0,8811.0,60282.0,False,False
2887,2022-10-28 11:08:04.399683,0.0,-0.0073260073260073,0.0,-0.09999999999999964,13.55,13.6,13.6,13.65,583.0,497.0,8861.0,60282.0,True,True
2887,2022-10-28 11:08:04.732099,0.0,-0.0073260073260073,0.0,-0.09999999999999964,13.55,13.6,13.6,13.65,583.0,497.0,8861.0,60282.0,False,False
2887,2022-10-28 11:08:07.485379,0.0,-0.0073260073260073,0.0,-0.09999999999999964,13.55,13.6,13.6,13.65,582.0,497.0,8861.0,60282.0,False,False
2887,2022-10-28 11:08:10.334824,0.0,-0.0073260073260073,0.0,-0.09999999999999964,13.55,13.6,13.6,13.65,582.0,497.0,8861.0,60282.0,False,False
2887,2022-10-28 11:08:10.927205,0.0,-0.0073260073260073,0.0,-0.09999999999999964,13.55,13.6,13.6,13.65,582.0,497.0,8861.0,60282.0,False,False
2887,2022-10-28 11:08:12.107230,0.0,-0.0073260073260073,0.0,-0.09999999999999964,13.55,13.6,13.6,13.65,582.0,497.0,8861.0,60282.0,False,False
2887,2022-10-28 11:08:12.602670,0.0,-0.0073260073260073,0.0,-0.09999999999999964,13.55,13.6,13.6,13.65,582.0,498.0,8861.0,60282.0,False,False
2887,2022-10-28 11:08:20.959089,0.0,-0.0073260073260073,0.0,-0.09999999999999964,13.55,13.6,13.6,13.65,584.0,498.0,8861.0,60282.0,False,False
2887,2022-10-28 11:08:22.243322,0.0,-0.0073260073260073,0.0,-0.09999999999999964,13.55,13.6,13.6,13.65,584.0,494.0,8861.0,60282.0,False,False
2887,2022-10-28 11:08:24.463007,0.0,-0.0073260073260073,0.0,-0.09999999999999964,13.55,13.6,13.6,13.65,584.0,494.0,9111.0,60282.0,True,True
2887,2022-10-28 11:08:25.396430,0.0,-0.0073260073260073,0.0,-0.09999999999999964,13.55,13.6,13.6,13.65,584.0,499.0,9111.0,60282.0,False,False
2887,2022-10-28 11:08:34.511557,0.0,-0.0073260073260073,0.0,-0.09999999999999964,13.55,13.6,13.6,13.65,584.0,499.0,9111.0,60212.0,True,True
2887,2022-10-28 11:08:41.298020,0.0,-0.0073260073260073,0.0,-0.09999999999999964,13.55,13.6,13.6,13.65,584.0,499.0,9111.0,60212.0,False,False
2887,2022-10-28 11:08:43.361091,0.0,-0.0073260073260073,0.0,-0.09999999999999964,13.55,13.6,13.6,13.65,584.0,499.0,9111.0,60212.0,False,False
2887,2022-10-28 11:08:46.328834,0.0,-0.0073260073260073,0.0,-0.09999999999999964,13.55,13.6,13.6,13.65,584.0,501.0,9111.0,60212.0,False,False
2887,2022-10-28 11:08:49.022918,0.0,-0.0073260073260073,0.0,-0.09999999999999964,13.55,13.6,13.6,13.65,585.0,501.0,9111.0,60212.0,False,False
2887,2022-10-28 11:08:58.830836,0.0,-0.0073260073260073,0.0,-0.09999999999999964,13.55,13.6,13.6,13.65,585.0,501.0,9111.0,60212.0,False,False
2887,2022-10-28 11:09:04.598859,0.0,-0.0073260073260073,0.0,-0.09999999999999964,13.55,13.6,13.6,13.65,585.0,501.0,9211.0,60198.0,True,True
2887,2022-10-28 11:09:24.670396,0.0,-0.0073260073260073,0.0,-0.09999999999999964,13.55,13.6,13.6,13.65,585.0,501.0,9411.0,60198.0,True,True
2887,2022-10-28 11:09:26.976368,0.0,-0.0073260073260073,0.0,-0.09999999999999964,13.55,13.6,13.6,13.65,585.0,501.0,9411.0,60198.0,False,False
2887,2022-10-28 11:09:32.440086,0.0,-0.0073260073260073,0.0,-0.09999999999999964,13.55,13.6,13.6,13.65,585.0,501.0,9411.0,60198.0,False,False
2887,2022-10-28 11:09:38.628770,0.0,-0.0073260073260073,0.0,-0.09999999999999964,13.55,13.6,13.6,13.65,585.0,501.0,9411.0,60198.0,False,False
2887,2022-10-28 11:09:49.071655,0.0,-0.0073260073260073,0.0,-0.09999999999999964,13.55,13.6,13.6,13.65,585.0,500.0,9411.0,60198.0,False,False
2887,2022-10-28 11:09:50.567169,0.0,-0.0073260073260073,0.0,-0.09999999999999964,13.55,13.6,13.6,13.65,583.0,500.0,9411.0,60198.0,False,False
2887,2022-10-28 11:09:54.777112,0.0,-0.0073260073260073,0.0,-0.09999999999999964,13.55,13.6,13.6,13.65,583.0,500.0,9211.0,60198.0,True,True
2887,2022-10-28 11:09:56.290528,0.0,-0.0073260073260073,0.0,-0.09999999999999964,13.55,13.6,13.6,13.65,583.0,500.0,9211.0,60198.0,False,False
2887,2022-10-28 11:10:04.287274,0.0,-0.0073260073260073,0.0,-0.09999999999999964,13.55,13.6,13.6,13.65,583.0,500.0,9211.0,60198.0,False,True
2887,2022-10-28 11:10:09.589795,0.0,-0.0073260073260073,0.0,-0.09999999999999964,13.55,13.6,13.6,13.65,582.0,500.0,9211.0,60198.0,False,False
2887,2022-10-28 11:10:14.101632,0.0,-0.0073260073260073,0.0,-0.09999999999999964,13.55,13.6,13.6,13.65,583.0,500.0,9211.0,60198.0,False,False
2887,2022-10-28 11:10:14.378301,0.0,-0.0073260073260073,0.0,-0.09999999999999964,13.55,13.6,13.6,13.65,583.0,500.0,9011.0,60198.0,True,True
2887,2022-10-28 11:10:22.125355,0.0,-0.0073260073260073,0.0,-0.09999999999999964,13.55,13.6,13.6,13.65,577.0,500.0,9011.0,60198.0,False,False
2887,2022-10-28 11:10:22.835036,0.0,-0.0073260073260073,0.0,-0.09999999999999964,13.55,13.6,13.6,13.65,727.0,500.0,9011.0,60198.0,False,False
2887,2022-10-28 11:10:22.861131,0.0,-0.0073260073260073,0.0,-0.09999999999999964,13.55,13.6,13.6,13.65,744.0,500.0,9011.0,60198.0,False,False
2887,2022-10-28 11:10:24.442702,0.0,-0.0073260073260073,0.0,-0.09999999999999964,13.55,13.6,13.6,13.65,744.0,500.0,9021.0,60198.0,True,True
2887,2022-10-28 11:10:30.076701,0.0,-0.0073260073260073,0.0,-0.09999999999999964,13.55,13.6,13.6,13.65,738.0,494.0,9021.0,60198.0,False,False
2887,2022-10-28 11:10:30.079240,0.0,-0.0073260073260073,0.0,-0.09999999999999964,13.55,13.6,13.6,13.65,732.0,488.0,9021.0,60198.0,False,False
2887,2022-10-28 11:10:34.492897,0.0,-0.0073260073260073,0.0,-0.09999999999999964,13.55,13.6,13.6,13.65,732.0,488.0,9021.0,60198.0,True,True
2887,2022-10-28 11:10:36.320864,0.0,-0.0073260073260073,0.0,-0.09999999999999964,13.55,13.6,13.6,13.65,731.0,487.0,9021.0,60198.0,False,False
2887,2022-10-28 11:10:36.671016,0.0,-0.0073260073260073,0.0,-0.09999999999999964,13.55,13.6,13.6,13.65,731.0,488.0,9021.0,60198.0,False,False
2887,2022-10-28 11:10:44.540888,0.0,-0.0073260073260073,0.0,-0.09999999999999964,13.55,13.6,13.6,13.65,731.0,488.0,9021.0,60198.0,True,True
2887,2022-10-28 11:10:45.085525,0.0,-0.0073260073260073,0.0,-0.09999999999999964,13.55,13.6,13.6,13.65,731.0,489.0,9021.0,60198.0,False,False
2887,2022-10-28 11:10:45.883541,0.0,-0.0073260073260073,0.0,-0.09999999999999964,13.55,13.6,13.6,13.65,731.0,490.0,9021.0,60198.0,False,False
2887,2022-10-28 11:10:46.828017,0.0,-0.0073260073260073,0.0,-0.09999999999999964,13.55,13.6,13.6,13.65,731.0,490.0,9021.0,60198.0,False,False
2887,2022-10-28 11:10:50.948462,0.0,-0.0073260073260073,0.0,-0.09999999999999964,13.55,13.6,13.6,13.65,731.0,491.0,9021.0,60198.0,False,False
2887,2022-10-28 11:10:51.387479,0.0,-0.0073260073260073,0.0,-0.09999999999999964,13.55,13.6,13.6,13.65,730.0,491.0,9021.0,60198.0,False,False
2887,2022-10-28 11:10:51.497692,0.0,-0.0073260073260073,0.0,-0.09999999999999964,13.55,13.6,13.6,13.65,730.0,490.0,9021.0,60198.0,False,False
2887,2022-10-28 11:10:55.664809,0.0,-0.0073260073260073,0.0,-0.09999999999999964,13.55,13.6,13.6,13.65,730.0,489.0,9021.0,60198.0,False,False
2887,2022-10-28 11:10:56.603755,0.0,-0.0073260073260073,0.0,-0.09999999999999964,13.55,13.6,13.6,13.65,730.0,501.0,9021.0,60198.0,False,False
2887,2022-10-28 11:10:57.648477,0.0,-0.0073260073260073,0.0,-0.09999999999999964,13.55,13.6,13.6,13.65,730.0,500.0,9021.0,60198.0,False,False
2887,2022-10-28 11:11:01.437481,0.0,-0.0073260073260073,0.0,-0.09999999999999964,13.55,13.6,13.6,13.65,730.0,496.0,9021.0,60198.0,False,False
2887,2022-10-28 11:11:10.054452,0.0,-0.0073260073260073,0.0,-0.09999999999999964,13.55,13.6,13.6,13.65,731.0,496.0,9021.0,60198.0,False,False
2887,2022-10-28 11:11:14.703692,0.0,-0.0073260073260073,0.0,-0.09999999999999964,13.55,13.6,13.6,13.65,731.0,496.0,9021.0,60198.0,True,True
2887,2022-10-28 11:11:24.074285,0.0,-0.0073260073260073,0.0,-0.09999999999999964,13.55,13.6,13.6,13.65,731.0,494.0,9021.0,60198.0,False,False
2887,2022-10-28 11:11:24.868440,0.0,-0.0073260073260073,0.0,-0.09999999999999964,13.55,13.6,13.6,13.65,731.0,495.0,9021.0,60198.0,False,False
2887,2022-10-28 11:11:41.257132,0.0,-0.0073260073260073,0.0,-0.09999999999999964,13.55,13.6,13.6,13.65,731.0,494.0,9021.0,60198.0,False,False
2887,2022-10-28 11:11:44.848491,0.0,-0.0073260073260073,0.0,-0.09999999999999964,13.55,13.6,13.6,13.65,731.0,494.0,9121.0,60198.0,True,True
2887,2022-10-28 11:12:14.979430,0.0,-0.0073260073260073,0.0,-0.09999999999999964,13.55,13.6,13.6,13.65,731.0,494.0,8871.0,60198.0,True,True
2887,2022-10-28 11:12:19.733539,0.0,-0.0073260073260073,0.0,-0.09999999999999964,13.55,13.6,13.6,13.65,731.0,494.0,8871.0,60198.0,False,False
2887,2022-10-28 11:12:35.056515,0.0,-0.0073260073260073,0.0,-0.09999999999999964,13.55,13.6,13.6,13.65,731.0,494.0,9387.0,60198.0,True,True
2887,2022-10-28 11:12:45.106043,0.0,-0.0073260073260073,0.0,-0.09999999999999964,13.55,13.6,13.6,13.65,731.0,494.0,9787.0,60198.0,True,True
2887,2022-10-28 11:12:46.077131,0.0,-0.0073260073260073,0.0,-0.09999999999999964,13.55,13.6,13.6,13.65,731.0,494.0,9787.0,60198.0,False,False
2887,2022-10-28 11:12:47.984022,0.0,-0.0073260073260073,0.0,-0.09999999999999964,13.55,13.6,13.6,13.65,731.0,497.0,9787.0,60198.0,False,False
2887,2022-10-28 11:12:48.451626,0.0,-0.0073260073260073,0.0,-0.09999999999999964,13.55,13.6,13.6,13.65,731.0,497.0,9787.0,60198.0,False,False
2887,2022-10-28 11:12:48.453325,0.0,-0.0073260073260073,0.0,-0.09999999999999964,13.55,13.6,13.6,13.65,731.0,497.0,9787.0,60198.0,False,False
2887,2022-10-28 11:12:51.135247,0.0,-0.0073260073260073,0.0,-0.09999999999999964,13.55,13.6,13.6,13.65,731.0,507.0,9787.0,60198.0,False,False
2887,2022-10-28 11:13:04.383107,0.0,-0.0073260073260073,0.0,-0.09999999999999964,13.55,13.6,13.6,13.65,731.0,507.0,9797.0,60198.0,False,True
2887,2022-10-28 11:13:13.683709,0.0,-0.0073260073260073,0.0,-0.09999999999999964,13.55,13.6,13.6,13.65,731.0,511.0,9797.0,60198.0,False,False
2887,2022-10-28 11:13:14.424360,0.0,-0.0073260073260073,0.0,-0.09999999999999964,13.55,13.6,13.6,13.65,731.0,511.0,9797.0,60183.0,True,True
2887,2022-10-28 11:13:14.778847,0.0,-0.0073260073260073,0.0,-0.09999999999999964,13.55,13.6,13.6,13.65,731.0,515.0,9797.0,60183.0,False,False
2887,2022-10-28 11:13:19.922592,0.0,-0.0073260073260073,0.0,-0.09999999999999964,13.55,13.6,13.6,13.65,732.0,515.0,9797.0,60183.0,False,False
2887,2022-10-28 11:13:26.972111,0.0,-0.0073260073260073,0.0,-0.09999999999999964,13.55,13.6,13.6,13.65,732.0,515.0,9797.0,60183.0,False,False
2887,2022-10-28 11:13:33.914600,0.0,-0.0073260073260073,0.0,-0.09999999999999964,13.55,13.6,13.6,13.65,732.0,515.0,9797.0,60183.0,False,False
2887,2022-10-28 11:13:41.952239,0.0,-0.0073260073260073,0.0,-0.09999999999999964,13.55,13.6,13.6,13.65,732.0,513.0,9797.0,60183.0,False,False
2887,2022-10-28 11:13:48.316665,0.0,-0.0073260073260073,0.0,-0.09999999999999964,13.55,13.6,13.6,13.65,732.0,509.0,9797.0,60183.0,False,False
2887,2022-10-28 11:13:54.589070,0.0,-0.0073260073260073,0.0,-0.09999999999999964,13.55,13.6,13.6,13.65,732.0,509.0,9797.0,60083.0,True,True
2887,2022-10-28 11:13:56.023348,0.0,-0.0073260073260073,0.0,-0.09999999999999964,13.55,13.6,13.6,13.65,730.0,509.0,9797.0,60083.0,False,False
2887,2022-10-28 11:13:56.096615,0.0,-0.0073260073260073,0.0,-0.09999999999999964,13.55,13.6,13.6,13.65,731.0,509.0,9797.0,60083.0,False,False
2887,2022-10-28 11:14:00.099379,0.0,-0.0073260073260073,0.0,-0.09999999999999964,13.55,13.6,13.6,13.65,731.0,509.0,9797.0,60083.0,False,False
2887,2022-10-28 11:14:12.801416,0.0,-0.0073260073260073,0.0,-0.09999999999999964,13.55,13.6,13.6,13.65,730.0,509.0,9797.0,60083.0,False,False
2887,2022-10-28 11:14:14.678554,0.0,-0.0073260073260073,0.0,-0.09999999999999964,13.55,13.6,13.6,13.65,730.0,509.0,9797.0,60083.0,True,True
2887,2022-10-28 11:14:21.313888,0.0,-0.0073260073260073,0.0,-0.09999999999999964,13.55,13.6,13.6,13.65,730.0,504.0,9797.0,60083.0,False,False
2887,2022-10-28 11:14:28.194427,0.0,-0.0073260073260073,0.0,-0.09999999999999964,13.55,13.6,13.6,13.65,730.0,502.0,9797.0,60083.0,False,False
2887,2022-10-28 11:14:41.245707,0.0,-0.0073260073260073,0.0,-0.09999999999999964,13.55,13.6,13.6,13.65,728.0,502.0,9797.0,60083.0,False,False
2887,2022-10-28 11:14:44.809233,0.0,-0.0073260073260073,0.0,-0.09999999999999964,13.55,13.6,13.6,13.65,728.0,502.0,9312.0,60198.0,True,True
2887,2022-10-28 11:14:59.190953,0.0,-0.0073260073260073,0.0,-0.09999999999999964,13.55,13.6,13.6,13.65,728.0,495.0,9312.0,60198.0,False,False
2887,2022-10-28 11:15:00.998725,0.0,-0.0073260073260073,0.0,-0.09999999999999964,13.55,13.6,13.6,13.65,728.0,495.0,9312.0,60198.0,False,False
2887,2022-10-28 11:15:02.544476,0.0,-0.0073260073260073,0.0,-0.09999999999999964,13.55,13.6,13.6,13.65,728.0,495.0,9312.0,60198.0,False,False
2887,2022-10-28 11:15:07.320485,0.0,-0.0073260073260073,0.0,-0.09999999999999964,13.55,13.6,13.6,13.65,728.0,493.0,9312.0,60198.0,False,False
2887,2022-10-28 11:15:09.334309,0.0,-0.0073260073260073,0.0,-0.09999999999999964,13.55,13.6,13.6,13.65,728.0,493.0,9312.0,60198.0,False,False
2887,2022-10-28 11:15:14.857359,0.0,-0.0073260073260073,0.0,-0.09999999999999964,13.55,13.6,13.6,13.65,727.0,493.0,9312.0,60198.0,False,False
2887,2022-10-28 11:15:15.357824,0.0,-0.0073260073260073,0.0,-0.09999999999999964,13.55,13.6,13.6,13.65,727.0,493.0,9312.0,60198.0,False,False
2887,2022-10-28 11:15:17.741948,0.0,-0.0073260073260073,0.0,-0.09999999999999964,13.55,13.6,13.6,13.65,726.0,492.0,9312.0,60198.0,False,False
2887,2022-10-28 11:15:19.687003,0.0,-0.0073260073260073,0.0,-0.09999999999999964,13.55,13.6,13.6,13.65,726.0,488.0,9312.0,60198.0,False,False
2887,2022-10-28 11:15:28.166593,0.0,-0.0073260073260073,0.0,-0.09999999999999964,13.55,13.6,13.6,13.65,728.0,488.0,9312.0,60198.0,False,False
2887,2022-10-28 11:15:48.983910,0.0,-0.0073260073260073,0.0,-0.09999999999999964,13.55,13.6,13.6,13.65,727.0,488.0,9312.0,60198.0,False,False
2887,2022-10-28 11:15:55.313935,0.0,-0.0073260073260073,0.0,-0.09999999999999964,13.55,13.6,13.6,13.65,727.0,488.0,9322.0,60198.0,True,True
2887,2022-10-28 11:16:00.085630,0.0,-0.0073260073260073,0.0,-0.09999999999999964,13.55,13.6,13.6,13.65,727.0,521.0,9322.0,60198.0,False,False
2887,2022-10-28 11:16:00.126438,0.0,-0.0073260073260073,0.0,-0.09999999999999964,13.55,13.6,13.6,13.65,710.0,521.0,9322.0,60198.0,False,False
2887,2022-10-28 11:16:04.539205,0.0,-0.0073260073260073,0.0,-0.09999999999999964,13.55,13.6,13.6,13.65,710.0,521.0,9292.0,60198.0,False,True
2887,2022-10-28 11:16:08.385965,0.0,-0.0073260073260073,0.0,-0.09999999999999964,13.55,13.6,13.6,13.65,710.0,521.0,9292.0,60198.0,False,False
2887,2022-10-28 11:16:09.058240,0.0,-0.0073260073260073,0.0,-0.09999999999999964,13.55,13.6,13.6,13.65,710.0,521.0,9292.0,60198.0,False,False
2887,2022-10-28 11:16:18.255082,0.0,-0.0073260073260073,0.0,-0.09999999999999964,13.55,13.6,13.6,13.65,711.0,521.0,9292.0,60198.0,False,False
2887,2022-10-28 11:16:22.703668,0.0,-0.0073260073260073,0.0,-0.09999999999999964,13.55,13.6,13.6,13.65,561.0,521.0,9292.0,60198.0,False,False
2887,2022-10-28 11:16:24.599140,0.0,-0.0073260073260073,0.0,-0.09999999999999964,13.55,13.6,13.6,13.65,561.0,521.0,9292.0,60198.0,True,True
2887,2022-10-28 11:16:26.200076,0.0,-0.0073260073260073,0.0,-0.09999999999999964,13.55,13.6,13.6,13.65,561.0,521.0,9292.0,60198.0,False,False
2887,2022-10-28 11:16:27.126689,0.0,-0.0073260073260073,0.0,-0.09999999999999964,13.55,13.6,13.6,13.65,561.0,521.0,9292.0,60198.0,False,False
2887,2022-10-28 11:16:29.626109,0.0,-0.0073260073260073,0.0,-0.09999999999999964,13.55,13.6,13.6,13.65,591.0,521.0,9292.0,60198.0,False,False
2887,2022-10-28 11:16:33.325420,0.0,-0.0073260073260073,0.0,-0.09999999999999964,13.55,13.6,13.6,13.65,591.0,517.0,9292.0,60198.0,False,False
2887,2022-10-28 11:16:33.505344,0.0,-0.0073260073260073,0.0,-0.09999999999999964,13.55,13.6,13.6,13.65,590.0,517.0,9292.0,60198.0,False,False
2887,2022-10-28 11:16:33.612350,0.0,-0.0073260073260073,0.0,-0.09999999999999964,13.55,13.6,13.6,13.65,590.0,516.0,9292.0,60198.0,False,False
2887,2022-10-28 11:16:35.304626,0.0,-0.0073260073260073,0.0,-0.09999999999999964,13.55,13.6,13.6,13.65,590.0,495.0,9292.0,60198.0,False,False
2887,2022-10-28 11:16:36.564380,0.0,-0.0073260073260073,0.0,-0.09999999999999964,13.55,13.6,13.6,13.65,590.0,495.0,9292.0,60198.0,False,False
2887,2022-10-28 11:16:53.823207,0.0,-0.0073260073260073,0.0,-0.09999999999999964,13.55,13.6,13.6,13.65,590.0,495.0,9292.0,60198.0,False,False
2887,2022-10-28 11:16:54.695200,0.0,-0.0073260073260073,0.0,-0.09999999999999964,13.55,13.6,13.6,13.65,590.0,495.0,9292.0,60698.0,True,True
2887,2022-10-28 11:16:58.788878,0.0,-0.0073260073260073,0.0,-0.09999999999999964,13.55,13.6,13.6,13.65,590.0,500.0,9292.0,60698.0,False,False
2887,2022-10-28 11:16:59.965990,0.0,-0.0073260073260073,0.0,-0.09999999999999964,13.55,13.6,13.6,13.65,589.0,500.0,9292.0,60698.0,False,False
2887,2022-10-28 11:17:03.275956,0.0,-0.0073260073260073,0.0,-0.09999999999999964,13.55,13.6,13.6,13.65,589.0,503.0,9292.0,60698.0,False,False
2887,2022-10-28 11:17:04.727376,0.0,-0.0073260073260073,0.0,-0.09999999999999964,13.55,13.6,13.6,13.65,589.0,503.0,9292.0,60698.0,True,True
2887,2022-10-28 11:17:14.758547,0.0,-0.0073260073260073,0.0,-0.09999999999999964,13.55,13.6,13.6,13.65,589.0,503.0,9368.0,60698.0,True,True
2887,2022-10-28 11:17:18.412778,0.0,-0.0073260073260073,0.0,-0.09999999999999964,13.55,13.6,13.6,13.65,589.0,503.0,9368.0,60698.0,False,False
2887,2022-10-28 11:17:20.472832,0.0,-0.0073260073260073,0.0,-0.09999999999999964,13.55,13.6,13.6,13.65,589.0,503.0,9368.0,60698.0,False,False
2887,2022-10-28 11:17:21.474225,0.0,-0.0073260073260073,0.0,-0.09999999999999964,13.55,13.6,13.6,13.65,599.0,503.0,9368.0,60698.0,False,False
2887,2022-10-28 11:17:21.751544,0.0,-0.0073260073260073,0.0,-0.09999999999999964,13.55,13.6,13.6,13.65,599.0,503.0,9368.0,60698.0,False,False
2887,2022-10-28 11:17:21.880312,0.0,-0.0073260073260073,0.0,-0.09999999999999964,13.55,13.6,13.6,13.65,599.0,503.0,9368.0,60698.0,False,False
2887,2022-10-28 11:17:23.040459,0.0,-0.0073260073260073,0.0,-0.09999999999999964,13.55,13.6,13.6,13.65,749.0,503.0,9368.0,60698.0,False,False
2887,2022-10-28 11:17:24.793000,0.0,-0.0073260073260073,0.0,-0.09999999999999964,13.55,13.6,13.6,13.65,749.0,503.0,9368.0,60698.0,True,True
2887,2022-10-28 11:17:32.844809,0.0,-0.0073260073260073,0.0,-0.09999999999999964,13.55,13.6,13.6,13.65,749.0,504.0,9368.0,60698.0,False,False
2887,2022-10-28 11:17:34.820659,0.0,-0.0073260073260073,0.0,-0.09999999999999964,13.55,13.6,13.6,13.65,749.0,504.0,9368.0,60684.0,True,True
2887,2022-10-28 11:17:39.804037,0.0,-0.0073260073260073,0.0,-0.09999999999999964,13.55,13.6,13.6,13.65,749.0,504.0,9368.0,60684.0,False,False
2887,2022-10-28 11:17:41.377540,0.0,-0.0073260073260073,0.0,-0.09999999999999964,13.55,13.6,13.6,13.65,749.0,506.0,9368.0,60684.0,False,False
2887,2022-10-28 11:17:44.848056,0.0,-0.0073260073260073,0.0,-0.09999999999999964,13.55,13.6,13.6,13.65,749.0,506.0,9388.0,60684.0,True,True
2887,2022-10-28 11:17:47.038024,0.0,-0.0073260073260073,0.0,-0.09999999999999964,13.55,13.6,13.6,13.65,749.0,510.0,9388.0,60684.0,False,False
2887,2022-10-28 11:17:52.171589,0.0,-0.0073260073260073,0.0,-0.09999999999999964,13.55,13.6,13.6,13.65,749.0,510.0,9388.0,60684.0,False,False
2887,2022-10-28 11:17:55.278342,0.0,-0.0073260073260073,0.0,-0.09999999999999964,13.55,13.6,13.6,13.65,749.0,510.0,9388.0,60684.0,False,False
2887,2022-10-28 11:17:56.430250,0.0,-0.0073260073260073,0.0,-0.09999999999999964,13.55,13.6,13.6,13.65,749.0,510.0,9388.0,60684.0,False,False
2887,2022-10-28 11:17:56.432985,0.0,-0.0073260073260073,0.0,-0.09999999999999964,13.55,13.6,13.6,13.65,754.0,510.0,9388.0,60684.0,False,False
2887,2022-10-28 11:18:04.542879,0.0,-0.0073260073260073,0.0,-0.09999999999999964,13.55,13.6,13.6,13.65,754.0,511.0,9388.0,60684.0,False,False
2887,2022-10-28 11:18:10.729429,0.0,-0.0073260073260073,0.0,-0.09999999999999964,13.55,13.6,13.6,13.65,754.0,514.0,9388.0,60684.0,False,False
2887,2022-10-28 11:18:14.852100,0.0,-0.0073260073260073,0.0,-0.09999999999999964,13.55,13.6,13.6,13.65,755.0,514.0,9388.0,60684.0,False,False
2887,2022-10-28 11:18:24.969708,0.0,-0.0073260073260073,0.0,-0.09999999999999964,13.55,13.6,13.6,13.65,755.0,514.0,9888.0,60684.0,True,True
2887,2022-10-28 11:18:42.233436,0.0,-0.0073260073260073,0.0,-0.09999999999999964,13.55,13.6,13.6,13.65,755.0,517.0,9888.0,60684.0,False,False
2887,2022-10-28 11:18:45.028523,0.0,-0.0073260073260073,0.0,-0.09999999999999964,13.55,13.6,13.6,13.65,755.0,517.0,9888.0,60674.0,True,True
2887,2022-10-28 11:18:45.093534,0.0,-0.0073260073260073,0.0,-0.09999999999999964,13.55,13.6,13.6,13.65,755.0,517.0,9888.0,60674.0,False,False
2887,2022-10-28 11:18:48.141323,0.0,-0.0073260073260073,0.0,-0.09999999999999964,13.55,13.6,13.6,13.65,755.0,517.0,9888.0,60674.0,False,False
2887,2022-10-28 11:18:51.923237,0.0,-0.0073260073260073,0.0,-0.09999999999999964,13.55,13.6,13.6,13.65,755.0,517.0,9888.0,60674.0,False,False
2887,2022-10-28 11:18:55.774889,0.0,-0.0073260073260073,0.0,-0.09999999999999964,13.55,13.6,13.6,13.65,755.0,518.0,9888.0,60674.0,False,False
2887,2022-10-28 11:18:57.470084,0.0,-0.0073260073260073,0.0,-0.09999999999999964,13.55,13.6,13.6,13.65,756.0,518.0,9888.0,60674.0,False,False
2887,2022-10-28 11:18:59.980822,0.0,-0.0073260073260073,0.0,-0.09999999999999964,13.55,13.6,13.6,13.65,756.0,525.0,9888.0,60674.0,False,False
2887,2022-10-28 11:19:04.692763,0.0,-0.0073260073260073,0.0,-0.09999999999999964,13.55,13.6,13.6,13.65,756.0,525.0,9988.0,60674.0,False,True
2887,2022-10-28 11:19:05.925071,0.0,-0.0073260073260073,0.0,-0.09999999999999964,13.55,13.6,13.6,13.65,756.0,525.0,9988.0,60674.0,False,False
2887,2022-10-28 11:19:12.417219,0.0,-0.0073260073260073,0.0,-0.09999999999999964,13.55,13.6,13.6,13.65,756.0,521.0,9988.0,60674.0,False,False
2887,2022-10-28 11:19:24.773024,0.0,-0.0073260073260073,0.0,-0.09999999999999964,13.55,13.6,13.6,13.65,756.0,521.0,10038.0,60674.0,True,True
2887,2022-10-28 11:19:27.522168,0.0,-0.0073260073260073,0.0,-0.09999999999999964,13.55,13.6,13.6,13.65,756.0,521.0,10038.0,60674.0,False,False
2887,2022-10-28 11:19:31.794495,0.0,-0.0073260073260073,0.0,-0.09999999999999964,13.55,13.6,13.6,13.65,756.0,520.0,10038.0,60674.0,False,False
2887,2022-10-28 11:19:44.124334,0.0,-0.0073260073260073,0.0,-0.09999999999999964,13.55,13.6,13.6,13.65,756.0,520.0,10038.0,60674.0,False,False
2887,2022-10-28 11:19:54.525047,0.0,-0.0073260073260073,0.0,-0.09999999999999964,13.55,13.6,13.6,13.65,756.0,520.0,10038.0,60674.0,False,False
2887,2022-10-28 11:19:54.865037,0.0,-0.0073260073260073,0.0,-0.09999999999999964,13.55,13.6,13.6,13.65,756.0,520.0,10038.0,60489.0,True,True
2887,2022-10-28 11:20:04.977166,0.0,-0.0073260073260073,0.0,-0.09999999999999964,13.55,13.6,13.6,13.65,756.0,520.0,10038.0,60936.0,True,True
2887,2022-10-28 11:20:05.154942,0.0,-0.0073260073260073,0.0,-0.09999999999999964,13.55,13.6,13.6,13.65,756.0,519.0,10038.0,60936.0,False,False
2887,2022-10-28 11:20:06.451033,0.0,-0.0073260073260073,0.0,-0.09999999999999964,13.55,13.6,13.6,13.65,756.0,517.0,10038.0,60936.0,False,False
2887,2022-10-28 11:20:09.688302,0.0,-0.0073260073260073,0.0,-0.09999999999999964,13.55,13.6,13.6,13.65,752.0,517.0,10038.0,60936.0,False,False
2887,2022-10-28 11:20:10.886267,0.0,-0.0073260073260073,0.0,-0.09999999999999964,13.55,13.6,13.6,13.65,752.0,517.0,10038.0,60936.0,False,False
2887,2022-10-28 11:20:10.888219,0.0,-0.0073260073260073,0.0,-0.09999999999999964,13.55,13.6,13.6,13.65,752.0,517.0,10038.0,60936.0,False,False
2887,2022-10-28 11:20:10.996602,0.0,-0.0073260073260073,0.0,-0.09999999999999964,13.55,13.6,13.6,13.65,789.0,517.0,10038.0,60936.0,False,False
2887,2022-10-28 11:20:20.612009,0.0,-0.0073260073260073,0.0,-0.09999999999999964,13.55,13.6,13.6,13.65,789.0,516.0,10038.0,60936.0,False,False
2887,2022-10-28 11:20:21.837036,0.0,-0.0073260073260073,0.0,-0.09999999999999964,13.55,13.6,13.6,13.65,789.0,517.0,10038.0,60936.0,False,False
2887,2022-10-28 11:20:25.128822,0.0,-0.0073260073260073,0.0,-0.09999999999999964,13.55,13.6,13.6,13.65,789.0,517.0,10038.0,60936.0,True,True
2887,2022-10-28 11:20:29.320600,0.0,-0.0073260073260073,0.0,-0.09999999999999964,13.55,13.6,13.6,13.65,789.0,515.0,10038.0,60936.0,False,False
2887,2022-10-28 11:20:31.393587,0.0,-0.0073260073260073,0.0,-0.09999999999999964,13.55,13.6,13.6,13.65,789.0,515.0,10038.0,60936.0,False,False
2887,2022-10-28 11:20:36.023502,0.0,-0.0073260073260073,0.0,-0.09999999999999964,13.55,13.6,13.6,13.65,789.0,516.0,10038.0,60936.0,False,False
2887,2022-10-28 11:20:36.459567,0.0,-0.0073260073260073,0.0,-0.09999999999999964,13.55,13.6,13.6,13.65,789.0,519.0,10038.0,60936.0,False,False
2887,2022-10-28 11:20:39.529592,0.0,-0.0073260073260073,0.0,-0.09999999999999964,13.55,13.6,13.6,13.65,789.0,519.0,10038.0,60936.0,False,False
2887,2022-10-28 11:20:41.726760,0.0,-0.0073260073260073,0.0,-0.09999999999999964,13.55,13.6,13.6,13.65,790.0,519.0,10038.0,60936.0,False,False
2887,2022-10-28 11:20:45.222206,0.0,-0.0073260073260073,0.0,-0.09999999999999964,13.55,13.6,13.6,13.65,790.0,519.0,10038.0,60688.0,True,True
2887,2022-10-28 11:20:54.044245,0.0,-0.0073260073260073,0.0,-0.09999999999999964,13.55,13.6,13.6,13.65,790.0,521.0,10038.0,60688.0,False,False
