symbol,datetime,NaOb_r,NbOa_r,NaOb_s,NbOa_s,bid1,ask1,odd_bid1,odd_ask1,bidQty1,askQty1,odd_bidQty1,odd_askQty1,simulate,triggerbyOdd
2890,2022-10-28 10:32:51.996581,0.0,-0.006191950464396134,0.0,-0.09999999999999787,16.05,16.1,16.1,16.15,711.0,429.0,3678.0,2186.0,True,True
2890,2022-10-28 10:32:52.128614,0.0,-0.006191950464396134,0.0,-0.09999999999999787,16.05,16.1,16.1,16.15,710.0,429.0,3678.0,2186.0,False,False
2890,2022-10-28 10:32:53.643585,0.0,-0.006191950464396134,0.0,-0.09999999999999787,16.05,16.1,16.1,16.15,715.0,429.0,3678.0,2186.0,False,False
2890,2022-10-28 10:32:54.022461,0.0,-0.006191950464396134,0.0,-0.09999999999999787,16.05,16.1,16.1,16.15,715.0,429.0,3678.0,2186.0,False,False
2890,2022-10-28 10:33:15.024449,0.0,-0.006191950464396134,0.0,-0.09999999999999787,16.05,16.1,16.1,16.15,715.0,410.0,3678.0,2186.0,False,False
2890,2022-10-28 10:33:15.056477,0.0,-0.006191950464396134,0.0,-0.09999999999999787,16.05,16.1,16.1,16.15,715.0,430.0,3678.0,2186.0,False,False
2890,2022-10-28 10:33:15.663325,0.0,-0.006191950464396134,0.0,-0.09999999999999787,16.05,16.1,16.1,16.15,715.0,430.0,3678.0,2186.0,False,False
2890,2022-10-28 10:33:21.254066,0.0,-0.006191950464396134,0.0,-0.09999999999999787,16.05,16.1,16.1,16.15,715.0,430.0,3678.0,2186.0,False,False
2890,2022-10-28 10:33:30.804325,0.0,-0.006191950464396134,0.0,-0.09999999999999787,16.05,16.1,16.1,16.15,714.0,430.0,3678.0,2186.0,False,False
2890,2022-10-28 10:33:31.240488,0.0,-0.006191950464396134,0.0,-0.09999999999999787,16.05,16.1,16.1,16.15,743.0,430.0,3678.0,2186.0,False,False
2890,2022-10-28 10:33:34.481356,0.0,-0.006191950464396134,0.0,-0.09999999999999787,16.05,16.1,16.1,16.15,743.0,430.0,3678.0,2186.0,False,False
2890,2022-10-28 10:33:34.554864,0.0,-0.006191950464396134,0.0,-0.09999999999999787,16.05,16.1,16.1,16.15,743.0,430.0,3678.0,2186.0,False,False
2890,2022-10-28 10:33:39.536151,0.0,-0.006191950464396134,0.0,-0.09999999999999787,16.05,16.1,16.1,16.15,743.0,430.0,3678.0,2186.0,False,False
2890,2022-10-28 10:33:44.391951,0.0,-0.006191950464396134,0.0,-0.09999999999999787,16.05,16.1,16.1,16.15,743.0,430.0,3678.0,2186.0,False,False
2890,2022-10-28 10:33:46.039945,0.0,-0.006191950464396134,0.0,-0.09999999999999787,16.05,16.1,16.1,16.15,743.0,410.0,3678.0,2186.0,False,False
2890,2022-10-28 10:33:46.077348,0.0,-0.006191950464396134,0.0,-0.09999999999999787,16.05,16.1,16.1,16.15,743.0,431.0,3678.0,2186.0,False,False
2890,2022-10-28 10:33:46.320746,0.0,-0.006191950464396134,0.0,-0.09999999999999787,16.05,16.1,16.1,16.15,743.0,431.0,3678.0,2186.0,False,False
2890,2022-10-28 10:33:51.796858,0.0,-0.006191950464396134,0.0,-0.09999999999999787,16.05,16.1,16.1,16.15,742.0,431.0,3678.0,2186.0,False,False
2890,2022-10-28 10:33:53.042369,0.0,-0.006191950464396134,0.0,-0.09999999999999787,16.05,16.1,16.1,16.15,741.0,431.0,3678.0,2186.0,False,False
2890,2022-10-28 10:33:55.573470,0.0,-0.006191950464396134,0.0,-0.09999999999999787,16.05,16.1,16.1,16.15,744.0,431.0,3678.0,2186.0,False,False
2890,2022-10-28 10:33:58.747006,0.0,-0.006191950464396134,0.0,-0.09999999999999787,16.05,16.1,16.1,16.15,745.0,431.0,3678.0,2186.0,False,False
2890,2022-10-28 10:34:03.136229,0.0,-0.006191950464396134,0.0,-0.09999999999999787,16.05,16.1,16.1,16.15,745.0,431.0,3678.0,2186.0,False,False
2890,2022-10-28 10:34:07.899067,0.0,-0.006191950464396134,0.0,-0.09999999999999787,16.05,16.1,16.1,16.15,747.0,431.0,3678.0,2186.0,False,False
2890,2022-10-28 10:34:11.750394,0.0,-0.006191950464396134,0.0,-0.09999999999999787,16.05,16.1,16.1,16.15,747.0,431.0,3678.0,2186.0,False,True
2890,2022-10-28 10:34:13.659007,0.0,-0.006191950464396134,0.0,-0.09999999999999787,16.05,16.1,16.1,16.15,747.0,431.0,3678.0,2186.0,False,False
2890,2022-10-28 10:34:27.532806,0.0,-0.006191950464396134,0.0,-0.09999999999999787,16.05,16.1,16.1,16.15,747.0,434.0,3678.0,2186.0,False,False
2890,2022-10-28 10:34:28.034035,0.0,-0.006191950464396134,0.0,-0.09999999999999787,16.05,16.1,16.1,16.15,747.0,434.0,3678.0,2186.0,False,False
2890,2022-10-28 10:34:28.067800,0.0,-0.006191950464396134,0.0,-0.09999999999999787,16.05,16.1,16.1,16.15,747.0,435.0,3678.0,2186.0,False,False
2890,2022-10-28 10:34:31.565916,0.0,-0.006191950464396134,0.0,-0.09999999999999787,16.05,16.1,16.1,16.15,747.0,440.0,3678.0,2186.0,False,False
2890,2022-10-28 10:34:31.658200,0.0,-0.006191950464396134,0.0,-0.09999999999999787,16.05,16.1,16.1,16.15,747.0,421.0,3678.0,2186.0,False,False
2890,2022-10-28 10:34:31.673697,0.0,-0.006191950464396134,0.0,-0.09999999999999787,16.05,16.1,16.1,16.15,747.0,442.0,3678.0,2186.0,False,False
2890,2022-10-28 10:34:33.041185,0.0,-0.006191950464396134,0.0,-0.09999999999999787,16.05,16.1,16.1,16.15,747.0,442.0,3678.0,2186.0,False,False
2890,2022-10-28 10:34:33.074795,0.0,-0.006191950464396134,0.0,-0.09999999999999787,16.05,16.1,16.1,16.15,747.0,443.0,3678.0,2186.0,False,False
2890,2022-10-28 10:34:33.743788,0.0,-0.006191950464396134,0.0,-0.09999999999999787,16.05,16.1,16.1,16.15,740.0,436.0,3678.0,2186.0,False,False
2890,2022-10-28 10:34:35.045030,0.0,-0.006191950464396134,0.0,-0.09999999999999787,16.05,16.1,16.1,16.15,740.0,414.0,3678.0,2186.0,False,False
2890,2022-10-28 10:34:35.066389,0.0,-0.006191950464396134,0.0,-0.09999999999999787,16.05,16.1,16.1,16.15,740.0,434.0,3678.0,2186.0,False,False
2890,2022-10-28 10:34:37.450454,0.0,-0.006191950464396134,0.0,-0.09999999999999787,16.05,16.1,16.1,16.15,738.0,434.0,3678.0,2186.0,False,False
2890,2022-10-28 10:34:41.866805,0.0,-0.006191950464396134,0.0,-0.09999999999999787,16.05,16.1,16.1,16.15,738.0,434.0,4518.0,2186.0,True,True
2890,2022-10-28 10:34:48.111207,0.0,-0.006191950464396134,0.0,-0.09999999999999787,16.05,16.1,16.1,16.15,739.0,434.0,4518.0,2186.0,False,False
2890,2022-10-28 10:34:51.905455,0.0,-0.006191950464396134,0.0,-0.09999999999999787,16.05,16.1,16.1,16.15,739.0,434.0,4524.0,2186.0,True,True
2890,2022-10-28 10:34:53.282476,0.0,-0.006191950464396134,0.0,-0.09999999999999787,16.05,16.1,16.1,16.15,739.0,435.0,4524.0,2186.0,False,False
2890,2022-10-28 10:34:58.723133,0.0,-0.006191950464396134,0.0,-0.09999999999999787,16.05,16.1,16.1,16.15,739.0,435.0,4524.0,2186.0,False,False
2890,2022-10-28 10:34:59.934868,0.0,-0.006191950464396134,0.0,-0.09999999999999787,16.05,16.1,16.1,16.15,739.0,435.0,4524.0,2186.0,False,False
2890,2022-10-28 10:35:00.163505,0.0,-0.006191950464396134,0.0,-0.09999999999999787,16.05,16.1,16.1,16.15,710.0,406.0,4524.0,2186.0,False,False
2890,2022-10-28 10:35:01.009892,0.0,-0.006191950464396134,0.0,-0.09999999999999787,16.05,16.1,16.1,16.15,715.0,406.0,4524.0,2186.0,False,False
2890,2022-10-28 10:35:01.402033,0.0,-0.006191950464396134,0.0,-0.09999999999999787,16.05,16.1,16.1,16.15,711.0,406.0,4524.0,2186.0,False,False
2890,2022-10-28 10:35:01.526685,0.0,-0.006191950464396134,0.0,-0.09999999999999787,16.05,16.1,16.1,16.15,711.0,386.0,4524.0,2186.0,False,False
2890,2022-10-28 10:35:01.548599,0.0,-0.006191950464396134,0.0,-0.09999999999999787,16.05,16.1,16.1,16.15,710.0,404.0,4524.0,2186.0,False,False
2890,2022-10-28 10:35:01.551686,0.0,-0.006191950464396134,0.0,-0.09999999999999787,16.05,16.1,16.1,16.15,708.0,404.0,4524.0,2186.0,False,False
2890,2022-10-28 10:35:01.554699,0.0,-0.006191950464396134,0.0,-0.09999999999999787,16.05,16.1,16.1,16.15,706.0,404.0,4524.0,2186.0,False,False
2890,2022-10-28 10:35:01.545597,0.0,-0.006191950464396134,0.0,-0.09999999999999787,16.05,16.1,16.1,16.15,711.0,404.0,4524.0,2186.0,False,False
2890,2022-10-28 10:35:01.752927,0.0,-0.006191950464396134,0.0,-0.09999999999999787,16.05,16.1,16.1,16.15,703.0,404.0,4524.0,2186.0,False,False
2890,2022-10-28 10:35:01.949108,0.0,-0.006191950464396134,0.0,-0.09999999999999787,16.05,16.1,16.1,16.15,703.0,397.0,4524.0,2186.0,False,False
2890,2022-10-28 10:35:02.492054,0.0,-0.006191950464396134,0.0,-0.09999999999999787,16.05,16.1,16.1,16.15,703.0,414.0,4524.0,2186.0,False,False
2890,2022-10-28 10:35:03.018342,0.0,-0.006191950464396134,0.0,-0.09999999999999787,16.05,16.1,16.1,16.15,703.0,396.0,4524.0,2186.0,False,False
2890,2022-10-28 10:35:03.036111,0.0,-0.006191950464396134,0.0,-0.09999999999999787,16.05,16.1,16.1,16.15,703.0,415.0,4524.0,2186.0,False,False
2890,2022-10-28 10:35:05.111598,0.0,-0.006191950464396134,0.0,-0.09999999999999787,16.05,16.1,16.1,16.15,703.0,415.0,4524.0,2186.0,False,False
2890,2022-10-28 10:35:09.518888,0.0,-0.006191950464396134,0.0,-0.09999999999999787,16.05,16.1,16.1,16.15,703.0,431.0,4524.0,2186.0,False,False
2890,2022-10-28 10:35:09.558748,0.0,-0.006191950464396134,0.0,-0.09999999999999787,16.05,16.1,16.1,16.15,703.0,432.0,4524.0,2186.0,False,False
2890,2022-10-28 10:35:15.478459,0.0,-0.006191950464396134,0.0,-0.09999999999999787,16.05,16.1,16.1,16.15,702.0,432.0,4524.0,2186.0,False,False
2890,2022-10-28 10:35:19.983052,0.0,-0.006191950464396134,0.0,-0.09999999999999787,16.05,16.1,16.1,16.15,702.0,432.0,4524.0,2186.0,False,False
2890,2022-10-28 10:35:21.801517,0.0,-0.006191950464396134,0.0,-0.09999999999999787,16.05,16.1,16.1,16.15,702.0,432.0,4524.0,2186.0,False,False
2890,2022-10-28 10:35:21.869764,0.0,-0.006191950464396134,0.0,-0.09999999999999787,16.05,16.1,16.1,16.15,702.0,432.0,4524.0,2186.0,False,False
2890,2022-10-28 10:35:21.903846,0.0,-0.006191950464396134,0.0,-0.09999999999999787,16.05,16.1,16.1,16.15,702.0,446.0,4524.0,2186.0,False,False
2890,2022-10-28 10:35:27.569208,0.0,-0.006191950464396134,0.0,-0.09999999999999787,16.05,16.1,16.1,16.15,702.0,446.0,4524.0,2186.0,False,False
2890,2022-10-28 10:35:29.937171,0.0,-0.006191950464396134,0.0,-0.09999999999999787,16.05,16.1,16.1,16.15,702.0,446.0,4524.0,2186.0,False,False
2890,2022-10-28 10:35:42.105148,0.0,-0.006191950464396134,0.0,-0.09999999999999787,16.05,16.1,16.1,16.15,702.0,445.0,4524.0,2186.0,False,False
2890,2022-10-28 10:35:46.842230,0.0,-0.006191950464396134,0.0,-0.09999999999999787,16.05,16.1,16.1,16.15,702.0,445.0,4524.0,2186.0,False,False
2890,2022-10-28 10:35:52.368954,0.0,-0.006191950464396134,0.0,-0.09999999999999787,16.05,16.1,16.1,16.15,702.0,445.0,4524.0,2186.0,True,True
2890,2022-10-28 10:35:53.000308,0.0,-0.006191950464396134,0.0,-0.09999999999999787,16.05,16.1,16.1,16.15,702.0,445.0,4524.0,2186.0,False,False
2890,2022-10-28 10:35:53.961313,0.0,-0.006191950464396134,0.0,-0.09999999999999787,16.05,16.1,16.1,16.15,702.0,451.0,4524.0,2186.0,False,False
2890,2022-10-28 10:35:53.988477,0.0,-0.006191950464396134,0.0,-0.09999999999999787,16.05,16.1,16.1,16.15,444.0,451.0,4524.0,2186.0,False,False
2890,2022-10-28 10:35:54.192695,0.0,-0.006191950464396134,0.0,-0.09999999999999787,16.05,16.1,16.1,16.15,437.0,451.0,4524.0,2186.0,False,False
2890,2022-10-28 10:35:54.228387,0.0,-0.006191950464396134,0.0,-0.09999999999999787,16.05,16.1,16.1,16.15,432.0,451.0,4524.0,2186.0,False,False
2890,2022-10-28 10:35:54.404361,0.0,-0.006191950464396134,0.0,-0.09999999999999787,16.05,16.1,16.1,16.15,410.0,451.0,4524.0,2186.0,False,False
2890,2022-10-28 10:35:54.478110,0.0,-0.006191950464396134,0.0,-0.09999999999999787,16.05,16.1,16.1,16.15,410.0,456.0,4524.0,2186.0,False,False
2890,2022-10-28 10:36:01.060469,0.0,-0.006191950464396134,0.0,-0.09999999999999787,16.05,16.1,16.1,16.15,410.0,457.0,4524.0,2186.0,False,False
2890,2022-10-28 10:36:11.894533,0.0,-0.006191950464396134,0.0,-0.09999999999999787,16.05,16.1,16.1,16.15,410.0,457.0,4524.0,2186.0,False,False
2890,2022-10-28 10:36:20.310033,0.0,-0.006191950464396134,0.0,-0.09999999999999787,16.05,16.1,16.1,16.15,410.0,457.0,4524.0,2186.0,False,False
2890,2022-10-28 10:36:22.491812,0.0,-0.006191950464396134,0.0,-0.09999999999999787,16.05,16.1,16.1,16.15,410.0,457.0,4524.0,2186.0,True,True
2890,2022-10-28 10:36:28.115424,0.0,-0.006191950464396134,0.0,-0.09999999999999787,16.05,16.1,16.1,16.15,408.0,457.0,4524.0,2186.0,False,False
2890,2022-10-28 10:36:29.661989,0.0,-0.006191950464396134,0.0,-0.09999999999999787,16.05,16.1,16.1,16.15,403.0,457.0,4524.0,2186.0,False,False
2890,2022-10-28 10:36:29.663212,0.0,-0.006191950464396134,0.0,-0.09999999999999787,16.05,16.1,16.1,16.15,403.0,452.0,4524.0,2186.0,False,False
2890,2022-10-28 10:36:29.664424,0.0,-0.006191950464396134,0.0,-0.09999999999999787,16.05,16.1,16.1,16.15,401.0,452.0,4524.0,2186.0,False,False
2890,2022-10-28 10:36:30.409179,0.0,-0.006191950464396134,0.0,-0.09999999999999787,16.05,16.1,16.1,16.15,404.0,452.0,4524.0,2186.0,False,False
2890,2022-10-28 10:36:32.516542,0.0,-0.006191950464396134,0.0,-0.09999999999999787,16.05,16.1,16.1,16.15,404.0,452.0,4524.0,2386.0,True,True
2890,2022-10-28 10:36:34.584221,0.0,-0.006191950464396134,0.0,-0.09999999999999787,16.05,16.1,16.1,16.15,404.0,452.0,4524.0,2386.0,False,False
2890,2022-10-28 10:36:42.545504,0.0,-0.006191950464396134,0.0,-0.09999999999999787,16.05,16.1,16.1,16.15,404.0,452.0,4524.0,2386.0,True,True
2890,2022-10-28 10:36:46.868431,0.0,-0.006191950464396134,0.0,-0.09999999999999787,16.05,16.1,16.1,16.15,404.0,456.0,4524.0,2386.0,False,False
2890,2022-10-28 10:36:53.720035,0.0,-0.006191950464396134,0.0,-0.09999999999999787,16.05,16.1,16.1,16.15,404.0,456.0,4524.0,2386.0,False,False
2890,2022-10-28 10:36:57.935444,0.0,-0.006191950464396134,0.0,-0.09999999999999787,16.05,16.1,16.1,16.15,403.0,456.0,4524.0,2386.0,False,False
2890,2022-10-28 10:36:58.714223,0.0,-0.006191950464396134,0.0,-0.09999999999999787,16.05,16.1,16.1,16.15,404.0,456.0,4524.0,2386.0,False,False
2890,2022-10-28 10:37:02.650683,0.0,-0.006191950464396134,0.0,-0.09999999999999787,16.05,16.1,16.1,16.15,404.0,456.0,4524.0,2386.0,True,True
2890,2022-10-28 10:37:02.692683,0.0,-0.006191950464396134,0.0,-0.09999999999999787,16.05,16.1,16.1,16.15,404.0,461.0,4524.0,2386.0,False,False
2890,2022-10-28 10:37:03.134398,0.0,-0.006191950464396134,0.0,-0.09999999999999787,16.05,16.1,16.1,16.15,404.0,461.0,4524.0,2386.0,False,False
2890,2022-10-28 10:37:03.865547,0.0,-0.006191950464396134,0.0,-0.09999999999999787,16.05,16.1,16.1,16.15,404.0,461.0,4524.0,2386.0,False,False
2890,2022-10-28 10:37:07.148189,0.0,-0.006191950464396134,0.0,-0.09999999999999787,16.05,16.1,16.1,16.15,404.0,461.0,4524.0,2386.0,False,False
2890,2022-10-28 10:37:08.155978,0.0,-0.006191950464396134,0.0,-0.09999999999999787,16.05,16.1,16.1,16.15,404.0,461.0,4524.0,2386.0,False,False
2890,2022-10-28 10:37:11.877919,0.0,-0.006191950464396134,0.0,-0.09999999999999787,16.05,16.1,16.1,16.15,404.0,461.0,4524.0,2386.0,False,True
2890,2022-10-28 10:37:17.852380,0.0,-0.006191950464396134,0.0,-0.09999999999999787,16.05,16.1,16.1,16.15,404.0,457.0,4524.0,2386.0,False,False
2890,2022-10-28 10:37:17.890941,0.0,-0.006191950464396134,0.0,-0.09999999999999787,16.05,16.1,16.1,16.15,404.0,462.0,4524.0,2386.0,False,False
2890,2022-10-28 10:37:21.588872,0.0,-0.006191950464396134,0.0,-0.09999999999999787,16.05,16.1,16.1,16.15,404.0,466.0,4524.0,2386.0,False,False
2890,2022-10-28 10:37:21.910703,0.0,-0.006191950464396134,0.0,-0.09999999999999787,16.05,16.1,16.1,16.15,404.0,466.0,4574.0,2386.0,True,True
2890,2022-10-28 10:37:24.451105,0.0,-0.006191950464396134,0.0,-0.09999999999999787,16.05,16.1,16.1,16.15,403.0,466.0,4574.0,2386.0,False,False
2890,2022-10-28 10:37:28.289014,0.0,-0.006191950464396134,0.0,-0.09999999999999787,16.05,16.1,16.1,16.15,403.0,466.0,4574.0,2386.0,False,False
2890,2022-10-28 10:37:31.997967,0.0,-0.006191950464396134,0.0,-0.09999999999999787,16.05,16.1,16.1,16.15,403.0,466.0,4574.0,2386.0,True,True
2890,2022-10-28 10:37:36.386199,0.0,-0.006191950464396134,0.0,-0.09999999999999787,16.05,16.1,16.1,16.15,403.0,466.0,4574.0,2386.0,False,False
2890,2022-10-28 10:37:46.773910,0.0,-0.006191950464396134,0.0,-0.09999999999999787,16.05,16.1,16.1,16.15,401.0,466.0,4574.0,2386.0,False,False
2890,2022-10-28 10:37:47.534986,0.0,-0.006191950464396134,0.0,-0.09999999999999787,16.05,16.1,16.1,16.15,405.0,466.0,4574.0,2386.0,False,False
2890,2022-10-28 10:37:48.837558,0.0,-0.006191950464396134,0.0,-0.09999999999999787,16.05,16.1,16.1,16.15,405.0,461.0,4574.0,2386.0,False,False
2890,2022-10-28 10:37:48.908095,0.0,-0.006191950464396134,0.0,-0.09999999999999787,16.05,16.1,16.1,16.15,406.0,467.0,4574.0,2386.0,False,False
2890,2022-10-28 10:37:49.098859,0.0,-0.006191950464396134,0.0,-0.09999999999999787,16.05,16.1,16.1,16.15,406.0,467.0,4574.0,2386.0,False,False
2890,2022-10-28 10:37:49.102909,0.0,-0.006191950464396134,0.0,-0.09999999999999787,16.05,16.1,16.1,16.15,405.0,467.0,4574.0,2386.0,False,False
2890,2022-10-28 10:37:52.055238,-0.0031055900621118626,-0.0031055900621118626,-0.05000000000000071,-0.05000000000000071,16.05,16.1,16.05,16.1,405.0,467.0,3045.0,421.0,True,True
2890,2022-10-28 10:37:55.359331,-0.0031055900621118626,-0.0031055900621118626,-0.05000000000000071,-0.05000000000000071,16.05,16.1,16.05,16.1,405.0,466.0,3045.0,421.0,False,False
2890,2022-10-28 10:37:57.751484,-0.0031055900621118626,-0.0031055900621118626,-0.05000000000000071,-0.05000000000000071,16.05,16.1,16.05,16.1,405.0,464.0,3045.0,421.0,False,False
2890,2022-10-28 10:37:57.781923,-0.0031055900621118626,-0.0031055900621118626,-0.05000000000000071,-0.05000000000000071,16.05,16.1,16.05,16.1,629.0,464.0,3045.0,421.0,False,False
2890,2022-10-28 10:37:58.041384,-0.0031055900621118626,-0.0031055900621118626,-0.05000000000000071,-0.05000000000000071,16.05,16.1,16.05,16.1,629.0,464.0,3045.0,421.0,False,False
2890,2022-10-28 10:37:58.433521,-0.0031055900621118626,-0.0031055900621118626,-0.05000000000000071,-0.05000000000000071,16.05,16.1,16.05,16.1,637.0,464.0,3045.0,421.0,False,False
2890,2022-10-28 10:37:58.521877,-0.0031055900621118626,-0.0031055900621118626,-0.05000000000000071,-0.05000000000000071,16.05,16.1,16.05,16.1,664.0,464.0,3045.0,421.0,False,False
2890,2022-10-28 10:37:59.890072,-0.0031055900621118626,-0.0031055900621118626,-0.05000000000000071,-0.05000000000000071,16.05,16.1,16.05,16.1,664.0,464.0,3045.0,421.0,False,False
2890,2022-10-28 10:37:59.893424,-0.0031055900621118626,-0.0031055900621118626,-0.05000000000000071,-0.05000000000000071,16.05,16.1,16.05,16.1,677.0,464.0,3045.0,421.0,False,False
2890,2022-10-28 10:38:00.807073,-0.0031055900621118626,-0.0031055900621118626,-0.05000000000000071,-0.05000000000000071,16.05,16.1,16.05,16.1,674.0,461.0,3045.0,421.0,False,False
2890,2022-10-28 10:38:01.151489,-0.0031055900621118626,-0.0031055900621118626,-0.05000000000000071,-0.05000000000000071,16.05,16.1,16.05,16.1,674.0,467.0,3045.0,421.0,False,False
2890,2022-10-28 10:38:06.915640,-0.0031055900621118626,-0.0031055900621118626,-0.05000000000000071,-0.05000000000000071,16.05,16.1,16.05,16.1,674.0,467.0,3045.0,421.0,False,False
2890,2022-10-28 10:38:07.264155,-0.0031055900621118626,-0.0031055900621118626,-0.05000000000000071,-0.05000000000000071,16.05,16.1,16.05,16.1,670.0,463.0,3045.0,421.0,False,False
2890,2022-10-28 10:38:07.281268,-0.0031055900621118626,-0.0031055900621118626,-0.05000000000000071,-0.05000000000000071,16.05,16.1,16.05,16.1,669.0,462.0,3045.0,421.0,False,False
2890,2022-10-28 10:38:07.343349,-0.0031055900621118626,-0.0031055900621118626,-0.05000000000000071,-0.05000000000000071,16.05,16.1,16.05,16.1,669.0,462.0,3045.0,421.0,False,False
2890,2022-10-28 10:38:08.934635,-0.0031055900621118626,-0.0031055900621118626,-0.05000000000000071,-0.05000000000000071,16.05,16.1,16.05,16.1,669.0,462.0,3045.0,421.0,False,False
2890,2022-10-28 10:38:09.340206,-0.0031055900621118626,-0.0031055900621118626,-0.05000000000000071,-0.05000000000000071,16.05,16.1,16.05,16.1,667.0,462.0,3045.0,421.0,False,False
2890,2022-10-28 10:38:10.185621,-0.0031055900621118626,-0.0031055900621118626,-0.05000000000000071,-0.05000000000000071,16.05,16.1,16.05,16.1,663.0,462.0,3045.0,421.0,False,False
2890,2022-10-28 10:38:10.446866,-0.0031055900621118626,-0.0031055900621118626,-0.05000000000000071,-0.05000000000000071,16.05,16.1,16.05,16.1,663.0,443.0,3045.0,421.0,False,False
2890,2022-10-28 10:38:10.468575,-0.0031055900621118626,-0.0031055900621118626,-0.05000000000000071,-0.05000000000000071,16.05,16.1,16.05,16.1,660.0,458.0,3045.0,421.0,False,False
2890,2022-10-28 10:38:10.465481,-0.0031055900621118626,-0.0031055900621118626,-0.05000000000000071,-0.05000000000000071,16.05,16.1,16.05,16.1,663.0,458.0,3045.0,421.0,False,False
2890,2022-10-28 10:38:11.946800,-0.0031055900621118626,-0.0031055900621118626,-0.05000000000000071,-0.05000000000000071,16.05,16.1,16.05,16.1,660.0,443.0,3045.0,421.0,False,False
2890,2022-10-28 10:38:11.962940,-0.0031055900621118626,-0.0031055900621118626,-0.05000000000000071,-0.05000000000000071,16.05,16.1,16.05,16.1,660.0,459.0,3045.0,421.0,False,False
2890,2022-10-28 10:38:20.333435,-0.0031055900621118626,-0.0031055900621118626,-0.05000000000000071,-0.05000000000000071,16.05,16.1,16.05,16.1,660.0,459.0,3045.0,421.0,False,False
2890,2022-10-28 10:38:22.160877,-0.0031055900621118626,-0.0031055900621118626,-0.05000000000000071,-0.05000000000000071,16.05,16.1,16.05,16.1,660.0,459.0,2945.0,421.0,True,True
2890,2022-10-28 10:38:28.504635,-0.0031055900621118626,-0.0031055900621118626,-0.05000000000000071,-0.05000000000000071,16.05,16.1,16.05,16.1,655.0,459.0,2945.0,421.0,False,False
2890,2022-10-28 10:38:29.487117,-0.0031055900621118626,-0.0031055900621118626,-0.05000000000000071,-0.05000000000000071,16.05,16.1,16.05,16.1,655.0,451.0,2945.0,421.0,False,False
2890,2022-10-28 10:38:29.537122,-0.0031055900621118626,-0.0031055900621118626,-0.05000000000000071,-0.05000000000000071,16.05,16.1,16.05,16.1,655.0,451.0,2945.0,421.0,False,False
2890,2022-10-28 10:38:29.639926,-0.0031055900621118626,-0.0031055900621118626,-0.05000000000000071,-0.05000000000000071,16.05,16.1,16.05,16.1,655.0,465.0,2945.0,421.0,False,False
2890,2022-10-28 10:38:33.559020,-0.0031055900621118626,-0.0031055900621118626,-0.05000000000000071,-0.05000000000000071,16.05,16.1,16.05,16.1,655.0,465.0,2945.0,421.0,False,False
2890,2022-10-28 10:38:42.219075,-0.0031055900621118626,-0.0031055900621118626,-0.05000000000000071,-0.05000000000000071,16.05,16.1,16.05,16.1,655.0,465.0,2945.0,411.0,True,True
2890,2022-10-28 10:39:12.315567,-0.0031055900621118626,-0.0031055900621118626,-0.05000000000000071,-0.05000000000000071,16.05,16.1,16.05,16.1,655.0,465.0,2945.0,405.0,True,True
2890,2022-10-28 10:39:13.966504,-0.0031055900621118626,-0.0031055900621118626,-0.05000000000000071,-0.05000000000000071,16.05,16.1,16.05,16.1,655.0,465.0,2945.0,405.0,False,False
2890,2022-10-28 10:39:32.374805,-0.0031055900621118626,-0.0031055900621118626,-0.05000000000000071,-0.05000000000000071,16.05,16.1,16.05,16.1,655.0,465.0,2945.0,404.0,True,True
2890,2022-10-28 10:39:35.863810,-0.0031055900621118626,-0.0031055900621118626,-0.05000000000000071,-0.05000000000000071,16.05,16.1,16.05,16.1,649.0,459.0,2945.0,404.0,False,False
2890,2022-10-28 10:39:38.518107,-0.0031055900621118626,-0.0031055900621118626,-0.05000000000000071,-0.05000000000000071,16.05,16.1,16.05,16.1,649.0,459.0,2945.0,404.0,False,False
2890,2022-10-28 10:39:42.404904,-0.0031055900621118626,-0.0031055900621118626,-0.05000000000000071,-0.05000000000000071,16.05,16.1,16.05,16.1,649.0,459.0,2945.0,454.0,True,True
2890,2022-10-28 10:39:46.013942,-0.0031055900621118626,-0.0031055900621118626,-0.05000000000000071,-0.05000000000000071,16.05,16.1,16.05,16.1,728.0,459.0,2945.0,454.0,False,False
2890,2022-10-28 10:39:52.435027,-0.0031055900621118626,-0.0031055900621118626,-0.05000000000000071,-0.05000000000000071,16.05,16.1,16.05,16.1,728.0,459.0,2945.0,383.0,True,True
2890,2022-10-28 10:39:57.801087,-0.0031055900621118626,-0.0031055900621118626,-0.05000000000000071,-0.05000000000000071,16.05,16.1,16.05,16.1,727.0,459.0,2945.0,383.0,False,False
2890,2022-10-28 10:40:00.891075,-0.0031055900621118626,-0.0031055900621118626,-0.05000000000000071,-0.05000000000000071,16.05,16.1,16.05,16.1,727.0,454.0,2945.0,383.0,False,False
2890,2022-10-28 10:40:01.454515,-0.0031055900621118626,-0.0031055900621118626,-0.05000000000000071,-0.05000000000000071,16.05,16.1,16.05,16.1,727.0,454.0,2945.0,383.0,False,False
2890,2022-10-28 10:40:02.985527,-0.0031055900621118626,-0.0031055900621118626,-0.05000000000000071,-0.05000000000000071,16.05,16.1,16.05,16.1,726.0,454.0,2945.0,383.0,False,False
2890,2022-10-28 10:40:03.731855,-0.0031055900621118626,-0.0031055900621118626,-0.05000000000000071,-0.05000000000000071,16.05,16.1,16.05,16.1,726.0,454.0,2945.0,383.0,False,False
2890,2022-10-28 10:40:03.735606,-0.0031055900621118626,-0.0031055900621118626,-0.05000000000000071,-0.05000000000000071,16.05,16.1,16.05,16.1,732.0,454.0,2945.0,383.0,False,False
2890,2022-10-28 10:40:04.630281,-0.0031055900621118626,-0.0031055900621118626,-0.05000000000000071,-0.05000000000000071,16.05,16.1,16.05,16.1,730.0,454.0,2945.0,383.0,False,False
2890,2022-10-28 10:40:10.238870,-0.0031055900621118626,-0.0031055900621118626,-0.05000000000000071,-0.05000000000000071,16.05,16.1,16.05,16.1,740.0,454.0,2945.0,383.0,False,False
2890,2022-10-28 10:40:11.796391,-0.0031055900621118626,-0.0031055900621118626,-0.05000000000000071,-0.05000000000000071,16.05,16.1,16.05,16.1,740.0,454.0,2945.0,383.0,False,False
2890,2022-10-28 10:40:12.020249,-0.0031055900621118626,-0.0031055900621118626,-0.05000000000000071,-0.05000000000000071,16.05,16.1,16.05,16.1,740.0,454.0,2945.0,383.0,False,True
2890,2022-10-28 10:40:18.172079,-0.0031055900621118626,-0.0031055900621118626,-0.05000000000000071,-0.05000000000000071,16.05,16.1,16.05,16.1,740.0,454.0,2945.0,383.0,False,False
2890,2022-10-28 10:40:32.851801,-0.0031055900621118626,-0.0031055900621118626,-0.05000000000000071,-0.05000000000000071,16.05,16.1,16.05,16.1,740.0,454.0,2945.0,383.0,False,False
2890,2022-10-28 10:40:43.622848,-0.0031055900621118626,-0.0031055900621118626,-0.05000000000000071,-0.05000000000000071,16.05,16.1,16.05,16.1,740.0,454.0,2945.0,383.0,False,False
2890,2022-10-28 10:40:49.947791,-0.0031055900621118626,-0.0031055900621118626,-0.05000000000000071,-0.05000000000000071,16.05,16.1,16.05,16.1,740.0,457.0,2945.0,383.0,False,False
2890,2022-10-28 10:40:49.989675,-0.0031055900621118626,-0.0031055900621118626,-0.05000000000000071,-0.05000000000000071,16.05,16.1,16.05,16.1,741.0,457.0,2945.0,383.0,False,False
2890,2022-10-28 10:40:50.532901,-0.0031055900621118626,-0.0031055900621118626,-0.05000000000000071,-0.05000000000000071,16.05,16.1,16.05,16.1,741.0,457.0,2945.0,383.0,False,False
2890,2022-10-28 10:41:12.345849,-0.0031055900621118626,-0.0031055900621118626,-0.05000000000000071,-0.05000000000000071,16.05,16.1,16.05,16.1,741.0,457.0,2945.0,483.0,True,True
2890,2022-10-28 10:41:21.542708,-0.0031055900621118626,-0.0031055900621118626,-0.05000000000000071,-0.05000000000000071,16.05,16.1,16.05,16.1,741.0,457.0,2945.0,483.0,False,False
2890,2022-10-28 10:41:27.984662,-0.0031055900621118626,-0.0031055900621118626,-0.05000000000000071,-0.05000000000000071,16.05,16.1,16.05,16.1,741.0,457.0,2945.0,483.0,False,False
2890,2022-10-28 10:41:28.759987,-0.0031055900621118626,-0.0031055900621118626,-0.05000000000000071,-0.05000000000000071,16.05,16.1,16.05,16.1,741.0,457.0,2945.0,483.0,False,False
2890,2022-10-28 10:41:34.343418,-0.0031055900621118626,-0.0031055900621118626,-0.05000000000000071,-0.05000000000000071,16.05,16.1,16.05,16.1,741.0,457.0,2945.0,483.0,False,False
2890,2022-10-28 10:41:34.906929,-0.0031055900621118626,-0.0031055900621118626,-0.05000000000000071,-0.05000000000000071,16.05,16.1,16.05,16.1,744.0,457.0,2945.0,483.0,False,False
2890,2022-10-28 10:41:43.512323,-0.0031055900621118626,-0.0031055900621118626,-0.05000000000000071,-0.05000000000000071,16.05,16.1,16.05,16.1,744.0,462.0,2945.0,483.0,False,False
2890,2022-10-28 10:42:00.779336,-0.0031055900621118626,-0.0031055900621118626,-0.05000000000000071,-0.05000000000000071,16.05,16.1,16.05,16.1,744.0,457.0,2945.0,483.0,False,False
2890,2022-10-28 10:42:00.815010,-0.0031055900621118626,-0.0031055900621118626,-0.05000000000000071,-0.05000000000000071,16.05,16.1,16.05,16.1,739.0,457.0,2945.0,483.0,False,False
2890,2022-10-28 10:42:02.230287,-0.0031055900621118626,-0.0031055900621118626,-0.05000000000000071,-0.05000000000000071,16.05,16.1,16.05,16.1,739.0,441.0,2945.0,483.0,False,False
2890,2022-10-28 10:42:02.248429,-0.0031055900621118626,-0.0031055900621118626,-0.05000000000000071,-0.05000000000000071,16.05,16.1,16.05,16.1,736.0,453.0,2945.0,483.0,False,False
2890,2022-10-28 10:42:02.246187,-0.0031055900621118626,-0.0031055900621118626,-0.05000000000000071,-0.05000000000000071,16.05,16.1,16.05,16.1,739.0,453.0,2945.0,483.0,False,False
2890,2022-10-28 10:42:02.631427,-0.0031055900621118626,-0.0031055900621118626,-0.05000000000000071,-0.05000000000000071,16.05,16.1,16.05,16.1,731.0,453.0,2945.0,483.0,False,False
2890,2022-10-28 10:42:02.667845,-0.0031055900621118626,-0.0031055900621118626,-0.05000000000000071,-0.05000000000000071,16.05,16.1,16.05,16.1,731.0,455.0,2945.0,483.0,False,False
2890,2022-10-28 10:42:03.731828,-0.0031055900621118626,-0.0031055900621118626,-0.05000000000000071,-0.05000000000000071,16.05,16.1,16.05,16.1,731.0,443.0,2945.0,483.0,False,False
2890,2022-10-28 10:42:03.750769,-0.0031055900621118626,-0.0031055900621118626,-0.05000000000000071,-0.05000000000000071,16.05,16.1,16.05,16.1,731.0,456.0,2945.0,483.0,False,False
2890,2022-10-28 10:42:04.028253,-0.0031055900621118626,-0.0031055900621118626,-0.05000000000000071,-0.05000000000000071,16.05,16.1,16.05,16.1,730.0,456.0,2945.0,483.0,False,False
2890,2022-10-28 10:42:04.056703,-0.0031055900621118626,-0.0031055900621118626,-0.05000000000000071,-0.05000000000000071,16.05,16.1,16.05,16.1,732.0,456.0,2945.0,483.0,False,False
2890,2022-10-28 10:42:04.614010,-0.0031055900621118626,-0.0031055900621118626,-0.05000000000000071,-0.05000000000000071,16.05,16.1,16.05,16.1,732.0,456.0,2945.0,483.0,False,False
2890,2022-10-28 10:42:04.647401,-0.0031055900621118626,-0.0031055900621118626,-0.05000000000000071,-0.05000000000000071,16.05,16.1,16.05,16.1,732.0,450.0,2945.0,483.0,False,False
2890,2022-10-28 10:42:04.688000,-0.0031055900621118626,-0.0031055900621118626,-0.05000000000000071,-0.05000000000000071,16.05,16.1,16.05,16.1,731.0,450.0,2945.0,483.0,False,False
2890,2022-10-28 10:42:08.367456,-0.0031055900621118626,-0.0031055900621118626,-0.05000000000000071,-0.05000000000000071,16.05,16.1,16.05,16.1,731.0,450.0,2945.0,483.0,False,False
2890,2022-10-28 10:42:09.121630,-0.0031055900621118626,-0.0031055900621118626,-0.05000000000000071,-0.05000000000000071,16.05,16.1,16.05,16.1,729.0,450.0,2945.0,483.0,False,False
2890,2022-10-28 10:42:15.532889,-0.0031055900621118626,-0.0031055900621118626,-0.05000000000000071,-0.05000000000000071,16.05,16.1,16.05,16.1,730.0,450.0,2945.0,483.0,False,False
2890,2022-10-28 10:42:16.834001,-0.0031055900621118626,-0.0031055900621118626,-0.05000000000000071,-0.05000000000000071,16.05,16.1,16.05,16.1,730.0,450.0,2945.0,483.0,False,False
2890,2022-10-28 10:42:19.630418,-0.0031055900621118626,-0.0031055900621118626,-0.05000000000000071,-0.05000000000000071,16.05,16.1,16.05,16.1,730.0,450.0,2945.0,483.0,False,False
2890,2022-10-28 10:42:43.008375,-0.0031055900621118626,-0.0031055900621118626,-0.05000000000000071,-0.05000000000000071,16.05,16.1,16.05,16.1,729.0,450.0,2945.0,483.0,False,False
2890,2022-10-28 10:43:08.241796,-0.0031055900621118626,-0.0031055900621118626,-0.05000000000000071,-0.05000000000000071,16.05,16.1,16.05,16.1,728.0,450.0,2945.0,483.0,False,False
2890,2022-10-28 10:43:18.276972,-0.0031055900621118626,-0.0031055900621118626,-0.05000000000000071,-0.05000000000000071,16.05,16.1,16.05,16.1,504.0,450.0,2945.0,483.0,False,False
2890,2022-10-28 10:43:18.991777,-0.0031055900621118626,-0.0031055900621118626,-0.05000000000000071,-0.05000000000000071,16.05,16.1,16.05,16.1,493.0,450.0,2945.0,483.0,False,False
2890,2022-10-28 10:43:19.092974,-0.0031055900621118626,-0.0031055900621118626,-0.05000000000000071,-0.05000000000000071,16.05,16.1,16.05,16.1,480.0,450.0,2945.0,483.0,False,False
2890,2022-10-28 10:43:19.122962,-0.0031055900621118626,-0.0031055900621118626,-0.05000000000000071,-0.05000000000000071,16.05,16.1,16.05,16.1,474.0,450.0,2945.0,483.0,False,False
2890,2022-10-28 10:43:19.126249,-0.0031055900621118626,-0.0031055900621118626,-0.05000000000000071,-0.05000000000000071,16.05,16.1,16.05,16.1,474.0,450.0,2945.0,483.0,False,False
2890,2022-10-28 10:43:26.030456,-0.0031055900621118626,-0.0031055900621118626,-0.05000000000000071,-0.05000000000000071,16.05,16.1,16.05,16.1,473.0,450.0,2945.0,483.0,False,False
2890,2022-10-28 10:43:26.133392,-0.0031055900621118626,-0.0031055900621118626,-0.05000000000000071,-0.05000000000000071,16.05,16.1,16.05,16.1,473.0,445.0,2945.0,483.0,False,False
2890,2022-10-28 10:43:26.136494,-0.0031055900621118626,-0.0031055900621118626,-0.05000000000000071,-0.05000000000000071,16.05,16.1,16.05,16.1,467.0,445.0,2945.0,483.0,False,False
2890,2022-10-28 10:43:29.129210,-0.0031055900621118626,-0.0031055900621118626,-0.05000000000000071,-0.05000000000000071,16.05,16.1,16.05,16.1,467.0,431.0,2945.0,483.0,False,False
2890,2022-10-28 10:43:29.280620,-0.0031055900621118626,-0.0031055900621118626,-0.05000000000000071,-0.05000000000000071,16.05,16.1,16.05,16.1,467.0,450.0,2945.0,483.0,False,False
2890,2022-10-28 10:43:29.352756,-0.0031055900621118626,-0.0031055900621118626,-0.05000000000000071,-0.05000000000000071,16.05,16.1,16.05,16.1,467.0,450.0,2945.0,483.0,False,False
2890,2022-10-28 10:43:29.859719,-0.0031055900621118626,-0.0031055900621118626,-0.05000000000000071,-0.05000000000000071,16.05,16.1,16.05,16.1,466.0,450.0,2945.0,483.0,False,False
2890,2022-10-28 10:43:32.175905,-0.0031055900621118626,-0.0031055900621118626,-0.05000000000000071,-0.05000000000000071,16.05,16.1,16.05,16.1,466.0,450.0,2945.0,477.0,True,True
2890,2022-10-28 10:43:36.427551,-0.0031055900621118626,-0.0031055900621118626,-0.05000000000000071,-0.05000000000000071,16.05,16.1,16.05,16.1,466.0,450.0,2945.0,477.0,False,False
2890,2022-10-28 10:43:42.877664,-0.0031055900621118626,-0.0031055900621118626,-0.05000000000000071,-0.05000000000000071,16.05,16.1,16.05,16.1,466.0,450.0,2945.0,477.0,False,False
2890,2022-10-28 10:43:46.339734,-0.0031055900621118626,-0.0031055900621118626,-0.05000000000000071,-0.05000000000000071,16.05,16.1,16.05,16.1,466.0,451.0,2945.0,477.0,False,False
2890,2022-10-28 10:43:50.758804,-0.0031055900621118626,-0.0031055900621118626,-0.05000000000000071,-0.05000000000000071,16.05,16.1,16.05,16.1,466.0,461.0,2945.0,477.0,False,False
2890,2022-10-28 10:43:50.804559,-0.0031055900621118626,-0.0031055900621118626,-0.05000000000000071,-0.05000000000000071,16.05,16.1,16.05,16.1,466.0,463.0,2945.0,477.0,False,False
2890,2022-10-28 10:43:53.784286,-0.0031055900621118626,-0.0031055900621118626,-0.05000000000000071,-0.05000000000000071,16.05,16.1,16.05,16.1,466.0,464.0,2945.0,477.0,False,False
2890,2022-10-28 10:44:02.323740,-0.0031055900621118626,-0.0031055900621118626,-0.05000000000000071,-0.05000000000000071,16.05,16.1,16.05,16.1,466.0,464.0,2945.0,447.0,True,True
2890,2022-10-28 10:44:19.194702,-0.0031055900621118626,-0.0031055900621118626,-0.05000000000000071,-0.05000000000000071,16.05,16.1,16.05,16.1,467.0,464.0,2945.0,447.0,False,False
2890,2022-10-28 10:44:25.098570,-0.0031055900621118626,-0.0031055900621118626,-0.05000000000000071,-0.05000000000000071,16.05,16.1,16.05,16.1,465.0,464.0,2945.0,447.0,False,False
2890,2022-10-28 10:44:25.145480,-0.0031055900621118626,-0.0031055900621118626,-0.05000000000000071,-0.05000000000000071,16.05,16.1,16.05,16.1,468.0,464.0,2945.0,447.0,False,False
2890,2022-10-28 10:44:33.104063,-0.0031055900621118626,-0.0031055900621118626,-0.05000000000000071,-0.05000000000000071,16.05,16.1,16.05,16.1,468.0,463.0,2945.0,447.0,False,False
2890,2022-10-28 10:44:42.483307,-0.0031055900621118626,-0.0031055900621118626,-0.05000000000000071,-0.05000000000000071,16.05,16.1,16.05,16.1,468.0,463.0,2945.0,147.0,True,True
2890,2022-10-28 10:44:45.021412,-0.0031055900621118626,-0.0031055900621118626,-0.05000000000000071,-0.05000000000000071,16.05,16.1,16.05,16.1,468.0,463.0,2945.0,147.0,False,False
2890,2022-10-28 10:44:46.913591,-0.0031055900621118626,-0.0031055900621118626,-0.05000000000000071,-0.05000000000000071,16.05,16.1,16.05,16.1,468.0,463.0,2945.0,147.0,False,False
2890,2022-10-28 10:44:52.526541,-0.0031055900621118626,-0.0031055900621118626,-0.05000000000000071,-0.05000000000000071,16.05,16.1,16.05,16.1,468.0,463.0,2945.0,447.0,True,True
2890,2022-10-28 10:44:52.667390,-0.0031055900621118626,-0.0031055900621118626,-0.05000000000000071,-0.05000000000000071,16.05,16.1,16.05,16.1,468.0,463.0,2945.0,447.0,False,False
2890,2022-10-28 10:44:52.891028,-0.0031055900621118626,-0.0031055900621118626,-0.05000000000000071,-0.05000000000000071,16.05,16.1,16.05,16.1,468.0,468.0,2945.0,447.0,False,False
2890,2022-10-28 10:44:53.831233,-0.0031055900621118626,-0.0031055900621118626,-0.05000000000000071,-0.05000000000000071,16.05,16.1,16.05,16.1,468.0,473.0,2945.0,447.0,False,False
2890,2022-10-28 10:44:57.251829,-0.0031055900621118626,-0.0031055900621118626,-0.05000000000000071,-0.05000000000000071,16.05,16.1,16.05,16.1,468.0,472.0,2945.0,447.0,False,False
2890,2022-10-28 10:45:02.723889,-0.0031055900621118626,-0.0031055900621118626,-0.05000000000000071,-0.05000000000000071,16.05,16.1,16.05,16.1,468.0,472.0,2955.0,447.0,True,True
2890,2022-10-28 10:45:04.969439,-0.0031055900621118626,-0.0031055900621118626,-0.05000000000000071,-0.05000000000000071,16.05,16.1,16.05,16.1,468.0,475.0,2955.0,447.0,False,False
2890,2022-10-28 10:45:14.233526,-0.0031055900621118626,-0.0031055900621118626,-0.05000000000000071,-0.05000000000000071,16.05,16.1,16.05,16.1,468.0,475.0,2955.0,447.0,False,False
2890,2022-10-28 10:45:16.954595,-0.0031055900621118626,-0.0031055900621118626,-0.05000000000000071,-0.05000000000000071,16.05,16.1,16.05,16.1,464.0,475.0,2955.0,447.0,False,False
2890,2022-10-28 10:45:17.297473,-0.0031055900621118626,-0.0031055900621118626,-0.05000000000000071,-0.05000000000000071,16.05,16.1,16.05,16.1,464.0,462.0,2955.0,447.0,False,False
2890,2022-10-28 10:45:17.316471,-0.0031055900621118626,-0.0031055900621118626,-0.05000000000000071,-0.05000000000000071,16.05,16.1,16.05,16.1,460.0,470.0,2955.0,447.0,False,False
2890,2022-10-28 10:45:17.313222,-0.0031055900621118626,-0.0031055900621118626,-0.05000000000000071,-0.05000000000000071,16.05,16.1,16.05,16.1,464.0,470.0,2955.0,447.0,False,False
2890,2022-10-28 10:45:18.794347,-0.0031055900621118626,-0.0031055900621118626,-0.05000000000000071,-0.05000000000000071,16.05,16.1,16.05,16.1,460.0,462.0,2955.0,447.0,False,False
2890,2022-10-28 10:45:18.813425,-0.0031055900621118626,-0.0031055900621118626,-0.05000000000000071,-0.05000000000000071,16.05,16.1,16.05,16.1,460.0,471.0,2955.0,447.0,False,False
2890,2022-10-28 10:45:27.542441,-0.0031055900621118626,-0.0031055900621118626,-0.05000000000000071,-0.05000000000000071,16.05,16.1,16.05,16.1,435.0,471.0,2955.0,447.0,False,False
2890,2022-10-28 10:45:32.597159,-0.0031055900621118626,-0.0031055900621118626,-0.05000000000000071,-0.05000000000000071,16.05,16.1,16.05,16.1,435.0,471.0,2955.0,447.0,False,False
2890,2022-10-28 10:45:37.286489,-0.0031055900621118626,-0.0031055900621118626,-0.05000000000000071,-0.05000000000000071,16.05,16.1,16.05,16.1,438.0,471.0,2955.0,447.0,False,False
2890,2022-10-28 10:45:46.571404,-0.0031055900621118626,-0.0031055900621118626,-0.05000000000000071,-0.05000000000000071,16.05,16.1,16.05,16.1,438.0,469.0,2955.0,447.0,False,False
2890,2022-10-28 10:45:50.414310,-0.0031055900621118626,-0.0031055900621118626,-0.05000000000000071,-0.05000000000000071,16.05,16.1,16.05,16.1,438.0,471.0,2955.0,447.0,False,False
2890,2022-10-28 10:45:53.592939,-0.0031055900621118626,-0.0031055900621118626,-0.05000000000000071,-0.05000000000000071,16.05,16.1,16.05,16.1,438.0,461.0,2955.0,447.0,False,False
2890,2022-10-28 10:45:55.267412,-0.0031055900621118626,-0.0031055900621118626,-0.05000000000000071,-0.05000000000000071,16.05,16.1,16.05,16.1,438.0,461.0,2955.0,447.0,False,False
2890,2022-10-28 10:45:59.732737,-0.0031055900621118626,-0.0031055900621118626,-0.05000000000000071,-0.05000000000000071,16.05,16.1,16.05,16.1,438.0,461.0,2955.0,447.0,False,False
2890,2022-10-28 10:46:02.170015,-0.0031055900621118626,-0.0031055900621118626,-0.05000000000000071,-0.05000000000000071,16.05,16.1,16.05,16.1,438.0,461.0,2955.0,447.0,False,False
2890,2022-10-28 10:46:12.268555,-0.0031055900621118626,-0.0031055900621118626,-0.05000000000000071,-0.05000000000000071,16.05,16.1,16.05,16.1,438.0,461.0,2955.0,447.0,False,True
2890,2022-10-28 10:46:13.180991,-0.0031055900621118626,-0.0031055900621118626,-0.05000000000000071,-0.05000000000000071,16.05,16.1,16.05,16.1,437.0,461.0,2955.0,447.0,False,False
2890,2022-10-28 10:46:13.956710,-0.0031055900621118626,-0.0031055900621118626,-0.05000000000000071,-0.05000000000000071,16.05,16.1,16.05,16.1,433.0,461.0,2955.0,447.0,False,False
2890,2022-10-28 10:46:14.908837,-0.0031055900621118626,-0.0031055900621118626,-0.05000000000000071,-0.05000000000000071,16.05,16.1,16.05,16.1,433.0,461.0,2955.0,447.0,False,False
2890,2022-10-28 10:46:16.240490,-0.0031055900621118626,-0.0031055900621118626,-0.05000000000000071,-0.05000000000000071,16.05,16.1,16.05,16.1,433.0,460.0,2955.0,447.0,False,False
2890,2022-10-28 10:46:17.425050,-0.0031055900621118626,-0.0031055900621118626,-0.05000000000000071,-0.05000000000000071,16.05,16.1,16.05,16.1,431.0,460.0,2955.0,447.0,False,False
2890,2022-10-28 10:46:19.172278,-0.0031055900621118626,-0.0031055900621118626,-0.05000000000000071,-0.05000000000000071,16.05,16.1,16.05,16.1,431.0,560.0,2955.0,447.0,False,False
2890,2022-10-28 10:46:19.206761,-0.0031055900621118626,-0.0031055900621118626,-0.05000000000000071,-0.05000000000000071,16.05,16.1,16.05,16.1,431.0,561.0,2955.0,447.0,False,False
2890,2022-10-28 10:46:19.274248,-0.0031055900621118626,-0.0031055900621118626,-0.05000000000000071,-0.05000000000000071,16.05,16.1,16.05,16.1,431.0,561.0,2955.0,447.0,False,False
2890,2022-10-28 10:46:19.374235,-0.0031055900621118626,-0.0031055900621118626,-0.05000000000000071,-0.05000000000000071,16.05,16.1,16.05,16.1,181.0,561.0,2955.0,447.0,False,False
2890,2022-10-28 10:46:19.460283,-0.0031055900621118626,-0.0031055900621118626,-0.05000000000000071,-0.05000000000000071,16.05,16.1,16.05,16.1,127.0,541.0,2955.0,447.0,False,False
2890,2022-10-28 10:46:19.474536,-0.0031055900621118626,-0.0031055900621118626,-0.05000000000000071,-0.05000000000000071,16.05,16.1,16.05,16.1,113.0,541.0,2955.0,447.0,False,False
2890,2022-10-28 10:46:19.476410,-0.0031055900621118626,-0.0031055900621118626,-0.05000000000000071,-0.05000000000000071,16.05,16.1,16.05,16.1,94.0,541.0,2955.0,447.0,False,False
2890,2022-10-28 10:46:19.482749,-0.0031055900621118626,-0.0031055900621118626,-0.05000000000000071,-0.05000000000000071,16.05,16.1,16.05,16.1,85.0,587.0,2955.0,447.0,False,False
2890,2022-10-28 10:46:19.485806,-0.0031055900621118626,-0.0031055900621118626,-0.05000000000000071,-0.05000000000000071,16.05,16.1,16.05,16.1,83.0,587.0,2955.0,447.0,False,False
2890,2022-10-28 10:46:19.488592,-0.0031055900621118626,-0.0031055900621118626,-0.05000000000000071,-0.05000000000000071,16.05,16.1,16.05,16.1,80.0,587.0,2955.0,447.0,False,False
2890,2022-10-28 10:46:19.507612,-0.0031055900621118626,-0.0031055900621118626,-0.05000000000000071,-0.05000000000000071,16.05,16.1,16.05,16.1,74.0,587.0,2955.0,447.0,False,False
2890,2022-10-28 10:46:19.563577,-0.0031055900621118626,-0.006211180124223725,-0.05000000000000071,-0.10000000000000142,16.0,16.1,16.05,16.1,959.0,587.0,2955.0,447.0,False,False
2890,2022-10-28 10:46:19.602326,-0.0031055900621118626,-0.006211180124223725,-0.05000000000000071,-0.10000000000000142,16.0,16.1,16.05,16.1,849.0,587.0,2955.0,447.0,False,False
2890,2022-10-28 10:46:19.723175,-0.0031055900621118626,-0.006211180124223725,-0.05000000000000071,-0.10000000000000142,16.0,16.1,16.05,16.1,865.0,587.0,2955.0,447.0,False,False
2890,2022-10-28 10:46:19.773684,-0.0031055900621118626,-0.006211180124223725,-0.05000000000000071,-0.10000000000000142,16.0,16.1,16.05,16.1,860.0,605.0,2955.0,447.0,False,False
2890,2022-10-28 10:46:19.875580,-0.0031055900621118626,-0.006211180124223725,-0.05000000000000071,-0.10000000000000142,16.0,16.1,16.05,16.1,852.0,605.0,2955.0,447.0,False,False
2890,2022-10-28 10:46:19.879112,-0.0031055900621118626,-0.006211180124223725,-0.05000000000000071,-0.10000000000000142,16.0,16.1,16.05,16.1,852.0,616.0,2955.0,447.0,False,False
2890,2022-10-28 10:46:20.057704,-0.0031055900621118626,-0.006211180124223725,-0.05000000000000071,-0.10000000000000142,16.0,16.1,16.05,16.1,844.0,616.0,2955.0,447.0,False,False
2890,2022-10-28 10:46:20.213188,0.0,-0.006211180124223725,0.0,-0.10000000000000142,16.0,16.05,16.05,16.1,844.0,49.0,2955.0,447.0,False,False
2890,2022-10-28 10:46:20.344071,0.0,-0.006211180124223725,0.0,-0.10000000000000142,16.0,16.05,16.05,16.1,917.0,181.0,2955.0,447.0,False,False
2890,2022-10-28 10:46:20.395559,0.0,-0.006211180124223725,0.0,-0.10000000000000142,16.0,16.05,16.05,16.1,915.0,181.0,2955.0,447.0,False,False
2890,2022-10-28 10:46:20.534133,0.0,-0.006211180124223725,0.0,-0.10000000000000142,16.0,16.05,16.05,16.1,914.0,181.0,2955.0,447.0,False,False
2890,2022-10-28 10:46:20.579140,0.0,-0.006211180124223725,0.0,-0.10000000000000142,16.0,16.05,16.05,16.1,914.0,181.0,2955.0,447.0,False,False
2890,2022-10-28 10:46:20.579993,0.0,-0.006211180124223725,0.0,-0.10000000000000142,16.0,16.05,16.05,16.1,883.0,181.0,2955.0,447.0,False,False
2890,2022-10-28 10:46:20.584894,0.0,-0.006211180124223725,0.0,-0.10000000000000142,16.0,16.05,16.05,16.1,883.0,181.0,2955.0,447.0,False,False
2890,2022-10-28 10:46:20.638228,0.0,-0.006211180124223725,0.0,-0.10000000000000142,16.0,16.05,16.05,16.1,872.0,181.0,2955.0,447.0,False,False
2890,2022-10-28 10:46:20.655326,0.0,-0.006211180124223725,0.0,-0.10000000000000142,16.0,16.05,16.05,16.1,872.0,212.0,2955.0,447.0,False,False
2890,2022-10-28 10:46:20.845359,0.0,-0.006211180124223725,0.0,-0.10000000000000142,16.0,16.05,16.05,16.1,867.0,228.0,2955.0,447.0,False,False
2890,2022-10-28 10:46:20.938646,0.0,-0.006211180124223725,0.0,-0.10000000000000142,16.0,16.05,16.05,16.1,867.0,297.0,2955.0,447.0,False,False
2890,2022-10-28 10:46:21.023690,0.0,-0.006211180124223725,0.0,-0.10000000000000142,16.0,16.05,16.05,16.1,825.0,297.0,2955.0,447.0,False,False
2890,2022-10-28 10:46:21.030354,0.0,-0.006211180124223725,0.0,-0.10000000000000142,16.0,16.05,16.05,16.1,825.0,331.0,2955.0,447.0,False,False
2890,2022-10-28 10:46:21.103360,0.0,-0.006211180124223725,0.0,-0.10000000000000142,16.0,16.05,16.05,16.1,825.0,331.0,2955.0,447.0,False,False
2890,2022-10-28 10:46:21.311816,0.0,-0.006211180124223725,0.0,-0.10000000000000142,16.0,16.05,16.05,16.1,825.0,326.0,2955.0,447.0,False,False
2890,2022-10-28 10:46:21.418851,0.0,-0.006211180124223725,0.0,-0.10000000000000142,16.0,16.05,16.05,16.1,820.0,328.0,2955.0,447.0,False,False
2890,2022-10-28 10:46:21.470331,0.0,-0.006211180124223725,0.0,-0.10000000000000142,16.0,16.05,16.05,16.1,610.0,335.0,2955.0,447.0,False,False
2890,2022-10-28 10:46:21.579086,0.0,-0.006211180124223725,0.0,-0.10000000000000142,16.0,16.05,16.05,16.1,592.0,335.0,2955.0,447.0,False,False
2890,2022-10-28 10:46:21.736691,0.0,-0.006211180124223725,0.0,-0.10000000000000142,16.0,16.05,16.05,16.1,589.0,335.0,2955.0,447.0,False,False
2890,2022-10-28 10:46:21.768145,0.0,-0.006211180124223725,0.0,-0.10000000000000142,16.0,16.05,16.05,16.1,584.0,335.0,2955.0,447.0,False,False
2890,2022-10-28 10:46:21.849004,0.0,-0.006211180124223725,0.0,-0.10000000000000142,16.0,16.05,16.05,16.1,575.0,336.0,2955.0,447.0,False,False
2890,2022-10-28 10:46:21.932681,0.0,-0.006211180124223725,0.0,-0.10000000000000142,16.0,16.05,16.05,16.1,576.0,370.0,2955.0,447.0,False,False
2890,2022-10-28 10:46:22.203250,0.0,-0.006211180124223725,0.0,-0.10000000000000142,16.0,16.05,16.05,16.1,576.0,380.0,2955.0,447.0,False,False
2890,2022-10-28 10:46:22.298145,0.0,-0.006211180124223725,0.0,-0.10000000000000142,16.0,16.05,16.05,16.1,576.0,380.0,2955.0,447.0,True,True
2890,2022-10-28 10:46:22.347118,0.0,-0.006211180124223725,0.0,-0.10000000000000142,16.0,16.05,16.05,16.1,570.0,380.0,2955.0,447.0,False,False
2890,2022-10-28 10:46:22.953816,0.0,-0.006211180124223725,0.0,-0.10000000000000142,16.0,16.05,16.05,16.1,570.0,380.0,2955.0,447.0,False,False
2890,2022-10-28 10:46:23.006756,0.0,-0.006211180124223725,0.0,-0.10000000000000142,16.0,16.05,16.05,16.1,565.0,380.0,2955.0,447.0,False,False
2890,2022-10-28 10:46:26.185477,0.0,-0.006211180124223725,0.0,-0.10000000000000142,16.0,16.05,16.05,16.1,648.0,380.0,2955.0,447.0,False,False
2890,2022-10-28 10:46:26.218584,0.0,-0.006211180124223725,0.0,-0.10000000000000142,16.0,16.05,16.05,16.1,648.0,439.0,2955.0,447.0,False,False
2890,2022-10-28 10:46:26.265365,0.0,-0.006211180124223725,0.0,-0.10000000000000142,16.0,16.05,16.05,16.1,648.0,317.0,2955.0,447.0,False,False
2890,2022-10-28 10:46:26.465783,0.0,-0.006211180124223725,0.0,-0.10000000000000142,16.0,16.05,16.05,16.1,648.0,317.0,2955.0,447.0,False,False
2890,2022-10-28 10:46:26.633996,0.0,-0.006211180124223725,0.0,-0.10000000000000142,16.0,16.05,16.05,16.1,648.0,310.0,2955.0,447.0,False,False
2890,2022-10-28 10:46:26.634303,0.0,-0.006211180124223725,0.0,-0.10000000000000142,16.0,16.05,16.05,16.1,648.0,310.0,2955.0,447.0,False,False
2890,2022-10-28 10:46:26.798946,0.0,-0.006211180124223725,0.0,-0.10000000000000142,16.0,16.05,16.05,16.1,648.0,330.0,2955.0,447.0,False,False
2890,2022-10-28 10:46:27.001192,0.0,-0.006211180124223725,0.0,-0.10000000000000142,16.0,16.05,16.05,16.1,648.0,326.0,2955.0,447.0,False,False
2890,2022-10-28 10:46:27.010309,0.0,-0.006211180124223725,0.0,-0.10000000000000142,16.0,16.05,16.05,16.1,648.0,326.0,2955.0,447.0,False,False
2890,2022-10-28 10:46:28.877682,0.0,-0.006211180124223725,0.0,-0.10000000000000142,16.0,16.05,16.05,16.1,647.0,326.0,2955.0,447.0,False,False
2890,2022-10-28 10:46:31.050059,0.0,-0.006211180124223725,0.0,-0.10000000000000142,16.0,16.05,16.05,16.1,647.0,318.0,2955.0,447.0,False,False
2890,2022-10-28 10:46:31.076823,0.0,-0.006211180124223725,0.0,-0.10000000000000142,16.0,16.05,16.05,16.1,642.0,318.0,2955.0,447.0,False,False
2890,2022-10-28 10:46:31.779053,0.0,-0.006211180124223725,0.0,-0.10000000000000142,16.0,16.05,16.05,16.1,637.0,318.0,2955.0,447.0,False,False
2890,2022-10-28 10:46:31.798557,0.0,-0.006211180124223725,0.0,-0.10000000000000142,16.0,16.05,16.05,16.1,642.0,318.0,2955.0,447.0,False,False
2890,2022-10-28 10:46:32.273226,0.0,-0.006211180124223725,0.0,-0.10000000000000142,16.0,16.05,16.05,16.1,642.0,314.0,2955.0,447.0,False,False
2890,2022-10-28 10:46:32.292592,0.0,-0.006211180124223725,0.0,-0.10000000000000142,16.0,16.05,16.05,16.1,639.0,306.0,2955.0,447.0,False,False
2890,2022-10-28 10:46:32.295660,0.0,-0.006211180124223725,0.0,-0.10000000000000142,16.0,16.05,16.05,16.1,636.0,306.0,2955.0,447.0,False,False
2890,2022-10-28 10:46:32.298746,0.0,-0.006211180124223725,0.0,-0.10000000000000142,16.0,16.05,16.05,16.1,635.0,306.0,2955.0,447.0,False,False
2890,2022-10-28 10:46:32.301794,0.0,-0.006211180124223725,0.0,-0.10000000000000142,16.0,16.05,16.05,16.1,631.0,306.0,2955.0,447.0,False,False
2890,2022-10-28 10:46:32.289503,0.0,-0.006211180124223725,0.0,-0.10000000000000142,16.0,16.05,16.05,16.1,642.0,306.0,2955.0,447.0,False,False
2890,2022-10-28 10:46:32.632751,0.0,-0.006211180124223725,0.0,-0.10000000000000142,16.0,16.05,16.05,16.1,629.0,306.0,2955.0,447.0,False,False
2890,2022-10-28 10:46:33.753945,0.0,-0.006211180124223725,0.0,-0.10000000000000142,16.0,16.05,16.05,16.1,629.0,306.0,2955.0,447.0,False,False
2890,2022-10-28 10:46:33.805307,0.0,-0.006211180124223725,0.0,-0.10000000000000142,16.0,16.05,16.05,16.1,629.0,307.0,2955.0,447.0,False,False
2890,2022-10-28 10:46:34.065822,0.0,-0.006211180124223725,0.0,-0.10000000000000142,16.0,16.05,16.05,16.1,629.0,307.0,2955.0,447.0,False,False
2890,2022-10-28 10:46:37.879344,0.0,-0.006211180124223725,0.0,-0.10000000000000142,16.0,16.05,16.05,16.1,629.0,347.0,2955.0,447.0,False,False
2890,2022-10-28 10:46:39.569730,0.0,-0.006211180124223725,0.0,-0.10000000000000142,16.0,16.05,16.05,16.1,629.0,345.0,2955.0,447.0,False,False
2890,2022-10-28 10:46:39.604044,0.0,-0.006211180124223725,0.0,-0.10000000000000142,16.0,16.05,16.05,16.1,629.0,346.0,2955.0,447.0,False,False
2890,2022-10-28 10:46:39.659981,0.0,-0.006211180124223725,0.0,-0.10000000000000142,16.0,16.05,16.05,16.1,629.0,346.0,2955.0,447.0,False,False
2890,2022-10-28 10:46:41.083009,0.0,-0.006211180124223725,0.0,-0.10000000000000142,16.0,16.05,16.05,16.1,629.0,346.0,2955.0,447.0,False,False
2890,2022-10-28 10:46:41.083449,0.0,-0.006211180124223725,0.0,-0.10000000000000142,16.0,16.05,16.05,16.1,629.0,346.0,2955.0,447.0,False,False
2890,2022-10-28 10:46:41.097467,0.0,-0.006211180124223725,0.0,-0.10000000000000142,16.0,16.05,16.05,16.1,625.0,346.0,2955.0,447.0,False,False
2890,2022-10-28 10:46:41.122113,0.0,-0.006211180124223725,0.0,-0.10000000000000142,16.0,16.05,16.05,16.1,625.0,403.0,2955.0,447.0,False,False
2890,2022-10-28 10:46:43.158203,0.0,-0.006211180124223725,0.0,-0.10000000000000142,16.0,16.05,16.05,16.1,625.0,403.0,2955.0,447.0,False,False
2890,2022-10-28 10:46:43.160052,0.0,-0.006211180124223725,0.0,-0.10000000000000142,16.0,16.05,16.05,16.1,625.0,403.0,2955.0,447.0,False,False
2890,2022-10-28 10:46:43.891330,0.0,-0.006211180124223725,0.0,-0.10000000000000142,16.0,16.05,16.05,16.1,624.0,403.0,2955.0,447.0,False,False
2890,2022-10-28 10:46:44.593483,0.0,-0.006211180124223725,0.0,-0.10000000000000142,16.0,16.05,16.05,16.1,624.0,403.0,2955.0,447.0,False,False
2890,2022-10-28 10:46:44.602232,0.0,-0.006211180124223725,0.0,-0.10000000000000142,16.0,16.05,16.05,16.1,624.0,403.0,2955.0,447.0,False,False
2890,2022-10-28 10:46:46.234773,0.0,-0.006211180124223725,0.0,-0.10000000000000142,16.0,16.05,16.05,16.1,624.0,403.0,2955.0,447.0,False,False
2890,2022-10-28 10:46:47.310819,0.0,-0.006211180124223725,0.0,-0.10000000000000142,16.0,16.05,16.05,16.1,625.0,403.0,2955.0,447.0,False,False
2890,2022-10-28 10:46:48.719277,0.0,-0.006211180124223725,0.0,-0.10000000000000142,16.0,16.05,16.05,16.1,625.0,403.0,2955.0,447.0,False,False
2890,2022-10-28 10:46:48.767175,0.0,-0.006211180124223725,0.0,-0.10000000000000142,16.0,16.05,16.05,16.1,625.0,427.0,2955.0,447.0,False,False
2890,2022-10-28 10:46:52.431316,0.0,-0.006211180124223725,0.0,-0.10000000000000142,16.0,16.05,16.05,16.1,625.0,427.0,2955.0,447.0,False,False
2890,2022-10-28 10:46:52.575676,0.0,-0.006211180124223725,0.0,-0.10000000000000142,16.0,16.05,16.05,16.1,625.0,417.0,2955.0,447.0,False,False
2890,2022-10-28 10:46:52.839103,0.0,-0.006211180124223725,0.0,-0.10000000000000142,16.0,16.05,16.05,16.1,625.0,417.0,2955.0,447.0,False,False
2890,2022-10-28 10:46:52.843119,0.0,-0.006211180124223725,0.0,-0.10000000000000142,16.0,16.05,16.05,16.1,625.0,402.0,2955.0,447.0,False,False
2890,2022-10-28 10:46:53.164440,0.0,-0.006211180124223725,0.0,-0.10000000000000142,16.0,16.05,16.05,16.1,625.0,402.0,2955.0,447.0,False,False
2890,2022-10-28 10:46:53.304297,0.0,-0.006211180124223725,0.0,-0.10000000000000142,16.0,16.05,16.05,16.1,625.0,403.0,2955.0,447.0,False,False
2890,2022-10-28 10:46:53.306138,0.0,-0.006211180124223725,0.0,-0.10000000000000142,16.0,16.05,16.05,16.1,625.0,402.0,2955.0,447.0,False,False
2890,2022-10-28 10:46:53.443817,0.0,-0.006211180124223725,0.0,-0.10000000000000142,16.0,16.05,16.05,16.1,625.0,447.0,2955.0,447.0,False,False
2890,2022-10-28 10:46:53.597339,0.0,-0.006211180124223725,0.0,-0.10000000000000142,16.0,16.05,16.05,16.1,625.0,447.0,2955.0,447.0,False,False
2890,2022-10-28 10:46:53.745825,0.0,-0.006211180124223725,0.0,-0.10000000000000142,16.0,16.05,16.05,16.1,625.0,442.0,2955.0,447.0,False,False
2890,2022-10-28 10:46:53.928808,0.0,-0.006211180124223725,0.0,-0.10000000000000142,16.0,16.05,16.05,16.1,625.0,441.0,2955.0,447.0,False,False
2890,2022-10-28 10:46:53.929405,0.0,-0.006211180124223725,0.0,-0.10000000000000142,16.0,16.05,16.05,16.1,625.0,441.0,2955.0,447.0,False,False
2890,2022-10-28 10:46:54.102363,0.0,-0.006211180124223725,0.0,-0.10000000000000142,16.0,16.05,16.05,16.1,625.0,449.0,2955.0,447.0,False,False
2890,2022-10-28 10:47:03.208923,0.0,-0.006211180124223725,0.0,-0.10000000000000142,16.0,16.05,16.05,16.1,625.0,449.0,2955.0,447.0,False,False
2890,2022-10-28 10:47:03.440652,0.0,-0.006211180124223725,0.0,-0.10000000000000142,16.0,16.05,16.05,16.1,625.0,454.0,2955.0,447.0,False,False
2890,2022-10-28 10:47:08.857169,0.0,-0.006211180124223725,0.0,-0.10000000000000142,16.0,16.05,16.05,16.1,624.0,454.0,2955.0,447.0,False,False
2890,2022-10-28 10:47:09.236918,0.0,-0.006211180124223725,0.0,-0.10000000000000142,16.0,16.05,16.05,16.1,624.0,454.0,2955.0,447.0,False,False
2890,2022-10-28 10:47:09.271873,0.0,-0.006211180124223725,0.0,-0.10000000000000142,16.0,16.05,16.05,16.1,618.0,454.0,2955.0,447.0,False,False
2890,2022-10-28 10:47:09.509530,0.0,-0.006211180124223725,0.0,-0.10000000000000142,16.0,16.05,16.05,16.1,618.0,453.0,2955.0,447.0,False,False
2890,2022-10-28 10:47:09.514246,0.0,-0.006211180124223725,0.0,-0.10000000000000142,16.0,16.05,16.05,16.1,618.0,453.0,2955.0,447.0,False,False
2890,2022-10-28 10:47:09.792882,0.0,-0.006211180124223725,0.0,-0.10000000000000142,16.0,16.05,16.05,16.1,616.0,453.0,2955.0,447.0,False,False
2890,2022-10-28 10:47:11.000891,0.0,-0.006211180124223725,0.0,-0.10000000000000142,16.0,16.05,16.05,16.1,616.0,459.0,2955.0,447.0,False,False
2890,2022-10-28 10:47:11.280136,0.0,-0.006211180124223725,0.0,-0.10000000000000142,16.0,16.05,16.05,16.1,616.0,459.0,2955.0,447.0,False,False
2890,2022-10-28 10:47:18.613878,0.0,-0.006211180124223725,0.0,-0.10000000000000142,16.0,16.05,16.05,16.1,615.0,459.0,2955.0,447.0,False,False
2890,2022-10-28 10:47:24.083289,0.0,-0.006211180124223725,0.0,-0.10000000000000142,16.0,16.05,16.05,16.1,532.0,459.0,2955.0,447.0,False,False
2890,2022-10-28 10:47:25.069789,0.0,-0.006211180124223725,0.0,-0.10000000000000142,16.0,16.05,16.05,16.1,532.0,459.0,2955.0,447.0,False,False
2890,2022-10-28 10:47:25.096575,0.0,-0.006211180124223725,0.0,-0.10000000000000142,16.0,16.05,16.05,16.1,532.0,459.0,2955.0,447.0,False,False
2890,2022-10-28 10:47:26.163260,0.0,-0.006211180124223725,0.0,-0.10000000000000142,16.0,16.05,16.05,16.1,532.0,459.0,2955.0,447.0,False,False
2890,2022-10-28 10:47:27.002365,0.0,-0.006211180124223725,0.0,-0.10000000000000142,16.0,16.05,16.05,16.1,532.0,459.0,2955.0,447.0,False,False
2890,2022-10-28 10:47:27.859842,0.0,-0.006211180124223725,0.0,-0.10000000000000142,16.0,16.05,16.05,16.1,532.0,467.0,2955.0,447.0,False,False
2890,2022-10-28 10:47:27.906917,0.0,-0.006211180124223725,0.0,-0.10000000000000142,16.0,16.05,16.05,16.1,532.0,470.0,2955.0,447.0,False,False
2890,2022-10-28 10:47:31.306513,0.0,-0.006211180124223725,0.0,-0.10000000000000142,16.0,16.05,16.05,16.1,529.0,470.0,2955.0,447.0,False,False
2890,2022-10-28 10:47:32.590547,0.0,-0.006211180124223725,0.0,-0.10000000000000142,16.0,16.05,16.05,16.1,529.0,470.0,2955.0,447.0,True,True
2890,2022-10-28 10:47:40.251728,0.0,-0.006211180124223725,0.0,-0.10000000000000142,16.0,16.05,16.05,16.1,528.0,470.0,2955.0,447.0,False,False
2890,2022-10-28 10:47:42.621477,0.0,-0.006211180124223725,0.0,-0.10000000000000142,16.0,16.05,16.05,16.1,528.0,470.0,2955.0,442.0,True,True
2890,2022-10-28 10:47:42.707008,0.0,-0.006211180124223725,0.0,-0.10000000000000142,16.0,16.05,16.05,16.1,528.0,470.0,2955.0,442.0,False,False
2890,2022-10-28 10:47:45.829277,0.0,-0.006211180124223725,0.0,-0.10000000000000142,16.0,16.05,16.05,16.1,528.0,470.0,2955.0,442.0,False,False
2890,2022-10-28 10:47:47.838116,0.0,-0.006211180124223725,0.0,-0.10000000000000142,16.0,16.05,16.05,16.1,527.0,470.0,2955.0,442.0,False,False
2890,2022-10-28 10:47:48.234370,0.0,-0.006211180124223725,0.0,-0.10000000000000142,16.0,16.05,16.05,16.1,519.0,462.0,2955.0,442.0,False,False
2890,2022-10-28 10:47:52.650564,0.0,-0.006211180124223725,0.0,-0.10000000000000142,16.0,16.05,16.05,16.1,519.0,462.0,2955.0,441.0,True,True
2890,2022-10-28 10:47:53.661846,0.0,-0.006211180124223725,0.0,-0.10000000000000142,16.0,16.05,16.05,16.1,519.0,462.0,2955.0,441.0,False,False
2890,2022-10-28 10:47:56.121291,0.0,-0.006211180124223725,0.0,-0.10000000000000142,16.0,16.05,16.05,16.1,518.0,462.0,2955.0,441.0,False,False
2890,2022-10-28 10:47:56.865293,0.0,-0.006211180124223725,0.0,-0.10000000000000142,16.0,16.05,16.05,16.1,522.0,462.0,2955.0,441.0,False,False
2890,2022-10-28 10:47:59.462553,0.0,-0.006211180124223725,0.0,-0.10000000000000142,16.0,16.05,16.05,16.1,522.0,462.0,2955.0,441.0,False,False
2890,2022-10-28 10:48:00.820840,0.0,-0.006211180124223725,0.0,-0.10000000000000142,16.0,16.05,16.05,16.1,525.0,462.0,2955.0,441.0,False,False
2890,2022-10-28 10:48:05.578528,0.0,-0.006211180124223725,0.0,-0.10000000000000142,16.0,16.05,16.05,16.1,520.0,462.0,2955.0,441.0,False,False
2890,2022-10-28 10:48:07.093259,0.0,-0.006211180124223725,0.0,-0.10000000000000142,16.0,16.05,16.05,16.1,521.0,462.0,2955.0,441.0,False,False
2890,2022-10-28 10:48:09.751805,0.0,-0.006211180124223725,0.0,-0.10000000000000142,16.0,16.05,16.05,16.1,521.0,462.0,2955.0,441.0,False,False
2890,2022-10-28 10:48:12.239514,0.0,-0.006211180124223725,0.0,-0.10000000000000142,16.0,16.05,16.05,16.1,521.0,462.0,2955.0,441.0,False,False
2890,2022-10-28 10:48:12.634350,0.0,-0.006211180124223725,0.0,-0.10000000000000142,16.0,16.05,16.05,16.1,520.0,462.0,2955.0,441.0,False,False
2890,2022-10-28 10:48:12.721218,0.0,-0.006211180124223725,0.0,-0.10000000000000142,16.0,16.05,16.05,16.1,520.0,462.0,2955.0,441.0,True,True
2890,2022-10-28 10:48:15.971257,0.0,-0.006211180124223725,0.0,-0.10000000000000142,16.0,16.05,16.05,16.1,515.0,462.0,2955.0,441.0,False,False
2890,2022-10-28 10:48:24.156959,0.0,-0.006211180124223725,0.0,-0.10000000000000142,16.0,16.05,16.05,16.1,548.0,462.0,2955.0,441.0,False,False
2890,2022-10-28 10:48:27.818149,0.0,-0.006211180124223725,0.0,-0.10000000000000142,16.0,16.05,16.05,16.1,547.0,462.0,2955.0,441.0,False,False
2890,2022-10-28 10:48:28.550325,0.0,-0.006211180124223725,0.0,-0.10000000000000142,16.0,16.05,16.05,16.1,578.0,462.0,2955.0,441.0,False,False
2890,2022-10-28 10:48:28.582025,0.0,-0.006211180124223725,0.0,-0.10000000000000142,16.0,16.05,16.05,16.1,582.0,403.0,2955.0,441.0,False,False
2890,2022-10-28 10:48:29.357573,0.0,-0.006211180124223725,0.0,-0.10000000000000142,16.0,16.05,16.05,16.1,581.0,403.0,2955.0,441.0,False,False
2890,2022-10-28 10:48:29.452779,0.0,-0.006211180124223725,0.0,-0.10000000000000142,16.0,16.05,16.05,16.1,581.0,399.0,2955.0,441.0,False,False
2890,2022-10-28 10:48:30.483988,0.0,-0.006211180124223725,0.0,-0.10000000000000142,16.0,16.05,16.05,16.1,581.0,399.0,2955.0,441.0,False,False
2890,2022-10-28 10:48:40.811546,0.0,-0.006211180124223725,0.0,-0.10000000000000142,16.0,16.05,16.05,16.1,581.0,399.0,2955.0,441.0,False,False
2890,2022-10-28 10:48:40.814386,0.0,-0.006211180124223725,0.0,-0.10000000000000142,16.0,16.05,16.05,16.1,581.0,399.0,2955.0,441.0,False,False
2890,2022-10-28 10:48:42.824731,0.0,-0.006211180124223725,0.0,-0.10000000000000142,16.0,16.05,16.05,16.1,581.0,399.0,2955.0,441.0,True,True
2890,2022-10-28 10:48:45.296774,0.0,-0.006211180124223725,0.0,-0.10000000000000142,16.0,16.05,16.05,16.1,581.0,399.0,2955.0,441.0,False,False
2890,2022-10-28 10:48:48.133787,0.0,-0.006211180124223725,0.0,-0.10000000000000142,16.0,16.05,16.05,16.1,553.0,399.0,2955.0,441.0,False,False
2890,2022-10-28 10:48:48.763038,0.0,-0.006211180124223725,0.0,-0.10000000000000142,16.0,16.05,16.05,16.1,553.0,398.0,2955.0,441.0,False,False
2890,2022-10-28 10:48:48.930889,0.0,-0.006211180124223725,0.0,-0.10000000000000142,16.0,16.05,16.05,16.1,549.0,398.0,2955.0,441.0,False,False
2890,2022-10-28 10:48:49.609565,0.0,-0.006211180124223725,0.0,-0.10000000000000142,16.0,16.05,16.05,16.1,544.0,398.0,2955.0,441.0,False,False
2890,2022-10-28 10:48:49.733710,0.0,-0.006211180124223725,0.0,-0.10000000000000142,16.0,16.05,16.05,16.1,540.0,398.0,2955.0,441.0,False,False
2890,2022-10-28 10:48:53.634136,0.0,-0.006211180124223725,0.0,-0.10000000000000142,16.0,16.05,16.05,16.1,559.0,398.0,2955.0,441.0,False,False
2890,2022-10-28 10:48:57.437038,0.0,-0.006211180124223725,0.0,-0.10000000000000142,16.0,16.05,16.05,16.1,559.0,398.0,2955.0,441.0,False,False
2890,2022-10-28 10:49:06.799595,0.0,-0.006211180124223725,0.0,-0.10000000000000142,16.0,16.05,16.05,16.1,558.0,398.0,2955.0,441.0,False,False
2890,2022-10-28 10:49:12.359363,0.0,-0.006211180124223725,0.0,-0.10000000000000142,16.0,16.05,16.05,16.1,558.0,398.0,2955.0,441.0,False,True
2890,2022-10-28 10:49:18.161886,0.0,-0.006211180124223725,0.0,-0.10000000000000142,16.0,16.05,16.05,16.1,557.0,398.0,2955.0,441.0,False,False
2890,2022-10-28 10:49:20.791719,0.0,-0.006211180124223725,0.0,-0.10000000000000142,16.0,16.05,16.05,16.1,557.0,399.0,2955.0,441.0,False,False
2890,2022-10-28 10:49:20.828499,0.0,-0.006211180124223725,0.0,-0.10000000000000142,16.0,16.05,16.05,16.1,557.0,404.0,2955.0,441.0,False,False
2890,2022-10-28 10:49:24.831073,0.0,-0.006211180124223725,0.0,-0.10000000000000142,16.0,16.05,16.05,16.1,558.0,404.0,2955.0,441.0,False,False
2890,2022-10-28 10:49:26.599288,0.0,-0.006211180124223725,0.0,-0.10000000000000142,16.0,16.05,16.05,16.1,558.0,404.0,2955.0,441.0,False,False
2890,2022-10-28 10:49:27.539885,0.0,-0.006211180124223725,0.0,-0.10000000000000142,16.0,16.05,16.05,16.1,558.0,404.0,2955.0,441.0,False,False
2890,2022-10-28 10:49:32.434111,0.0,-0.006211180124223725,0.0,-0.10000000000000142,16.0,16.05,16.05,16.1,558.0,404.0,2955.0,441.0,True,True
2890,2022-10-28 10:49:33.224042,0.0,-0.006211180124223725,0.0,-0.10000000000000142,16.0,16.05,16.05,16.1,557.0,404.0,2955.0,441.0,False,False
2890,2022-10-28 10:49:40.781814,0.0,-0.006211180124223725,0.0,-0.10000000000000142,16.0,16.05,16.05,16.1,556.0,404.0,2955.0,441.0,False,False
2890,2022-10-28 10:49:42.465571,0.0,-0.006211180124223725,0.0,-0.10000000000000142,16.0,16.05,16.05,16.1,556.0,404.0,2644.0,441.0,True,True
2890,2022-10-28 10:49:45.297527,0.0,-0.006211180124223725,0.0,-0.10000000000000142,16.0,16.05,16.05,16.1,555.0,404.0,2644.0,441.0,False,False
2890,2022-10-28 10:49:51.898912,0.0,-0.006211180124223725,0.0,-0.10000000000000142,16.0,16.05,16.05,16.1,557.0,404.0,2644.0,441.0,False,False
2890,2022-10-28 10:49:56.786347,0.0,-0.006211180124223725,0.0,-0.10000000000000142,16.0,16.05,16.05,16.1,557.0,404.0,2644.0,441.0,False,False
2890,2022-10-28 10:49:58.625468,0.0,-0.006211180124223725,0.0,-0.10000000000000142,16.0,16.05,16.05,16.1,557.0,403.0,2644.0,441.0,False,False
2890,2022-10-28 10:49:58.625877,0.0,-0.006211180124223725,0.0,-0.10000000000000142,16.0,16.05,16.05,16.1,557.0,381.0,2644.0,441.0,False,False
2890,2022-10-28 10:49:59.327955,0.0,-0.006211180124223725,0.0,-0.10000000000000142,16.0,16.05,16.05,16.1,557.0,381.0,2644.0,441.0,False,False
2890,2022-10-28 10:49:59.949943,0.0,-0.006211180124223725,0.0,-0.10000000000000142,16.0,16.05,16.05,16.1,526.0,350.0,2644.0,441.0,False,False
2890,2022-10-28 10:50:00.070788,0.0,-0.006211180124223725,0.0,-0.10000000000000142,16.0,16.05,16.05,16.1,532.0,350.0,2644.0,441.0,False,False
2890,2022-10-28 10:50:00.817491,0.0,-0.006211180124223725,0.0,-0.10000000000000142,16.0,16.05,16.05,16.1,529.0,347.0,2644.0,441.0,False,False
2890,2022-10-28 10:50:01.171016,0.0,-0.006211180124223725,0.0,-0.10000000000000142,16.0,16.05,16.05,16.1,529.0,341.0,2644.0,441.0,False,False
2890,2022-10-28 10:50:01.180017,0.0,-0.006211180124223725,0.0,-0.10000000000000142,16.0,16.05,16.05,16.1,527.0,337.0,2644.0,441.0,False,False
2890,2022-10-28 10:50:01.194868,0.0,-0.006211180124223725,0.0,-0.10000000000000142,16.0,16.05,16.05,16.1,522.0,337.0,2644.0,441.0,False,False
2890,2022-10-28 10:50:01.176245,0.0,-0.006211180124223725,0.0,-0.10000000000000142,16.0,16.05,16.05,16.1,529.0,339.0,2644.0,441.0,False,False
2890,2022-10-28 10:50:02.343864,0.0,-0.006211180124223725,0.0,-0.10000000000000142,16.0,16.05,16.05,16.1,522.0,336.0,2644.0,441.0,False,False
2890,2022-10-28 10:50:02.364457,0.0,-0.006211180124223725,0.0,-0.10000000000000142,16.0,16.05,16.05,16.1,507.0,321.0,2644.0,441.0,False,False
2890,2022-10-28 10:50:02.362387,0.0,-0.006211180124223725,0.0,-0.10000000000000142,16.0,16.05,16.05,16.1,522.0,321.0,2644.0,441.0,False,False
2890,2022-10-28 10:50:02.897755,0.0,-0.006211180124223725,0.0,-0.10000000000000142,16.0,16.05,16.05,16.1,508.0,321.0,2644.0,441.0,False,False
2890,2022-10-28 10:50:03.854748,0.0,-0.006211180124223725,0.0,-0.10000000000000142,16.0,16.05,16.05,16.1,508.0,322.0,2644.0,441.0,False,False
2890,2022-10-28 10:50:04.112781,0.0,-0.006211180124223725,0.0,-0.10000000000000142,16.0,16.05,16.05,16.1,509.0,322.0,2644.0,441.0,False,False
2890,2022-10-28 10:50:04.303183,0.0,-0.006211180124223725,0.0,-0.10000000000000142,16.0,16.05,16.05,16.1,509.0,322.0,2644.0,441.0,False,False
2890,2022-10-28 10:50:05.162634,0.0,-0.006211180124223725,0.0,-0.10000000000000142,16.0,16.05,16.05,16.1,509.0,319.0,2644.0,441.0,False,False
2890,2022-10-28 10:50:05.328538,0.0,-0.006211180124223725,0.0,-0.10000000000000142,16.0,16.05,16.05,16.1,506.0,319.0,2644.0,441.0,False,False
2890,2022-10-28 10:50:05.729856,0.0,-0.006211180124223725,0.0,-0.10000000000000142,16.0,16.05,16.05,16.1,507.0,319.0,2644.0,441.0,False,False
2890,2022-10-28 10:50:07.302304,0.0,-0.006211180124223725,0.0,-0.10000000000000142,16.0,16.05,16.05,16.1,503.0,315.0,2644.0,441.0,False,False
2890,2022-10-28 10:50:07.335904,0.0,-0.006211180124223725,0.0,-0.10000000000000142,16.0,16.05,16.05,16.1,598.0,315.0,2644.0,441.0,False,False
2890,2022-10-28 10:50:08.172147,0.0,-0.006211180124223725,0.0,-0.10000000000000142,16.0,16.05,16.05,16.1,605.0,315.0,2644.0,441.0,False,False
2890,2022-10-28 10:50:08.213171,0.0,-0.006211180124223725,0.0,-0.10000000000000142,16.0,16.05,16.05,16.1,611.0,315.0,2644.0,441.0,False,False
2890,2022-10-28 10:50:08.459090,0.0,-0.006211180124223725,0.0,-0.10000000000000142,16.0,16.05,16.05,16.1,612.0,315.0,2644.0,441.0,False,False
2890,2022-10-28 10:50:09.712679,0.0,-0.006211180124223725,0.0,-0.10000000000000142,16.0,16.05,16.05,16.1,611.0,314.0,2644.0,441.0,False,False
2890,2022-10-28 10:50:10.274680,0.0,-0.006211180124223725,0.0,-0.10000000000000142,16.0,16.05,16.05,16.1,611.0,314.0,2644.0,441.0,False,False
2890,2022-10-28 10:50:12.686382,0.0,-0.006211180124223725,0.0,-0.10000000000000142,16.0,16.05,16.05,16.1,611.0,314.0,2705.0,441.0,True,True
2890,2022-10-28 10:50:18.515466,0.0,-0.006211180124223725,0.0,-0.10000000000000142,16.0,16.05,16.05,16.1,611.0,288.0,2705.0,441.0,False,False
2890,2022-10-28 10:50:18.883479,0.0,-0.006211180124223725,0.0,-0.10000000000000142,16.0,16.05,16.05,16.1,611.0,292.0,2705.0,441.0,False,False
2890,2022-10-28 10:50:21.173887,0.0,-0.006211180124223725,0.0,-0.10000000000000142,16.0,16.05,16.05,16.1,618.0,292.0,2705.0,441.0,False,False
2890,2022-10-28 10:50:21.174771,0.0,-0.006211180124223725,0.0,-0.10000000000000142,16.0,16.05,16.05,16.1,618.0,292.0,2705.0,441.0,False,False
2890,2022-10-28 10:50:22.746972,0.0,-0.006211180124223725,0.0,-0.10000000000000142,16.0,16.05,16.05,16.1,618.0,292.0,2705.0,941.0,True,True
2890,2022-10-28 10:50:25.201737,0.0,-0.006211180124223725,0.0,-0.10000000000000142,16.0,16.05,16.05,16.1,618.0,289.0,2705.0,941.0,False,False
2890,2022-10-28 10:50:30.927509,0.0,-0.006211180124223725,0.0,-0.10000000000000142,16.0,16.05,16.05,16.1,618.0,290.0,2705.0,941.0,False,False
2890,2022-10-28 10:50:32.801569,0.0,-0.006211180124223725,0.0,-0.10000000000000142,16.0,16.05,16.05,16.1,618.0,290.0,2705.0,941.0,True,True
2890,2022-10-28 10:50:34.888564,0.0,-0.006211180124223725,0.0,-0.10000000000000142,16.0,16.05,16.05,16.1,618.0,291.0,2705.0,941.0,False,False
2890,2022-10-28 10:50:37.294830,0.0,-0.006211180124223725,0.0,-0.10000000000000142,16.0,16.05,16.05,16.1,618.0,413.0,2705.0,941.0,False,False
2890,2022-10-28 10:50:37.490314,0.0,-0.006211180124223725,0.0,-0.10000000000000142,16.0,16.05,16.05,16.1,618.0,418.0,2705.0,941.0,False,False
2890,2022-10-28 10:50:38.010539,0.0,-0.006211180124223725,0.0,-0.10000000000000142,16.0,16.05,16.05,16.1,618.0,423.0,2705.0,941.0,False,False
2890,2022-10-28 10:50:44.228230,0.0,-0.006211180124223725,0.0,-0.10000000000000142,16.0,16.05,16.05,16.1,619.0,423.0,2705.0,941.0,False,False
2890,2022-10-28 10:50:45.230804,0.0,-0.006211180124223725,0.0,-0.10000000000000142,16.0,16.05,16.05,16.1,619.0,423.0,2705.0,941.0,False,False
2890,2022-10-28 10:50:45.236867,0.0,-0.006211180124223725,0.0,-0.10000000000000142,16.0,16.05,16.05,16.1,619.0,424.0,2705.0,941.0,False,False
2890,2022-10-28 10:50:45.381419,0.0,-0.006211180124223725,0.0,-0.10000000000000142,16.0,16.05,16.05,16.1,619.0,423.0,2705.0,941.0,False,False
2890,2022-10-28 10:50:45.539948,0.0,-0.006211180124223725,0.0,-0.10000000000000142,16.0,16.05,16.05,16.1,619.0,443.0,2705.0,941.0,False,False
2890,2022-10-28 10:50:59.179100,0.0,-0.006211180124223725,0.0,-0.10000000000000142,16.0,16.05,16.05,16.1,620.0,443.0,2705.0,941.0,False,False
2890,2022-10-28 10:50:59.558680,0.0,-0.006211180124223725,0.0,-0.10000000000000142,16.0,16.05,16.05,16.1,620.0,443.0,2705.0,941.0,False,False
2890,2022-10-28 10:51:01.125960,0.0,-0.006211180124223725,0.0,-0.10000000000000142,16.0,16.05,16.05,16.1,615.0,443.0,2705.0,941.0,False,False
2890,2022-10-28 10:51:03.407205,0.0,-0.006211180124223725,0.0,-0.10000000000000142,16.0,16.05,16.05,16.1,615.0,443.0,2705.0,941.0,False,False
2890,2022-10-28 10:51:14.368640,0.0,-0.006211180124223725,0.0,-0.10000000000000142,16.0,16.05,16.05,16.1,615.0,443.0,2705.0,941.0,False,False
2890,2022-10-28 10:51:14.962890,0.0,-0.006211180124223725,0.0,-0.10000000000000142,16.0,16.05,16.05,16.1,615.0,444.0,2705.0,941.0,False,False
2890,2022-10-28 10:51:31.949251,0.0,-0.006211180124223725,0.0,-0.10000000000000142,16.0,16.05,16.05,16.1,615.0,444.0,2705.0,941.0,False,False
2890,2022-10-28 10:51:33.110013,0.0,-0.006211180124223725,0.0,-0.10000000000000142,16.0,16.05,16.05,16.1,615.0,444.0,2705.0,941.0,True,True
2890,2022-10-28 10:52:00.986797,0.0,-0.006211180124223725,0.0,-0.10000000000000142,16.0,16.05,16.05,16.1,615.0,445.0,2705.0,941.0,False,False
2890,2022-10-28 10:52:03.233853,0.0,-0.006211180124223725,0.0,-0.10000000000000142,16.0,16.05,16.05,16.1,615.0,445.0,2711.0,941.0,True,True
2890,2022-10-28 10:52:10.924208,0.0,-0.006211180124223725,0.0,-0.10000000000000142,16.0,16.05,16.05,16.1,615.0,445.0,2711.0,941.0,False,False
2890,2022-10-28 10:52:12.494331,0.0,-0.006211180124223725,0.0,-0.10000000000000142,16.0,16.05,16.05,16.1,615.0,445.0,2711.0,941.0,False,True
2890,2022-10-28 10:52:19.682351,0.0,-0.006211180124223725,0.0,-0.10000000000000142,16.0,16.05,16.05,16.1,616.0,445.0,2711.0,941.0,False,False
2890,2022-10-28 10:52:23.038022,0.0,-0.006211180124223725,0.0,-0.10000000000000142,16.0,16.05,16.05,16.1,616.0,445.0,2711.0,941.0,False,False
2890,2022-10-28 10:52:23.039259,0.0,-0.006211180124223725,0.0,-0.10000000000000142,16.0,16.05,16.05,16.1,617.0,445.0,2711.0,941.0,False,False
2890,2022-10-28 10:52:23.448171,0.0,-0.006211180124223725,0.0,-0.10000000000000142,16.0,16.05,16.05,16.1,616.0,445.0,2711.0,941.0,False,False
2890,2022-10-28 10:52:23.928793,0.0,-0.006211180124223725,0.0,-0.10000000000000142,16.0,16.05,16.05,16.1,638.0,445.0,2711.0,941.0,False,False
2890,2022-10-28 10:52:27.983994,0.0,-0.006211180124223725,0.0,-0.10000000000000142,16.0,16.05,16.05,16.1,637.0,445.0,2711.0,941.0,False,False
2890,2022-10-28 10:52:42.613809,0.0,-0.006211180124223725,0.0,-0.10000000000000142,16.0,16.05,16.05,16.1,637.0,445.0,2711.0,941.0,True,True
2890,2022-10-28 10:52:43.009177,0.0,-0.006211180124223725,0.0,-0.10000000000000142,16.0,16.05,16.05,16.1,637.0,446.0,2711.0,941.0,False,False
2890,2022-10-28 10:52:46.814636,0.0,-0.006211180124223725,0.0,-0.10000000000000142,16.0,16.05,16.05,16.1,637.0,446.0,2711.0,941.0,False,False
2890,2022-10-28 10:52:50.735164,0.0,-0.006211180124223725,0.0,-0.10000000000000142,16.0,16.05,16.05,16.1,637.0,446.0,2711.0,941.0,False,False
2890,2022-10-28 10:52:52.657044,0.0,-0.006211180124223725,0.0,-0.10000000000000142,16.0,16.05,16.05,16.1,637.0,446.0,2711.0,941.0,True,True
2890,2022-10-28 10:52:58.014221,0.0,-0.006211180124223725,0.0,-0.10000000000000142,16.0,16.05,16.05,16.1,637.0,446.0,2711.0,941.0,False,False
2890,2022-10-28 10:53:01.861424,0.0,-0.006211180124223725,0.0,-0.10000000000000142,16.0,16.05,16.05,16.1,642.0,446.0,2711.0,941.0,False,False
2890,2022-10-28 10:53:02.114203,0.0,-0.006211180124223725,0.0,-0.10000000000000142,16.0,16.05,16.05,16.1,647.0,446.0,2711.0,941.0,False,False
2890,2022-10-28 10:53:02.710594,0.0,-0.006211180124223725,0.0,-0.10000000000000142,16.0,16.05,16.05,16.1,647.0,446.0,2711.0,871.0,True,True
2890,2022-10-28 10:53:08.363026,0.0,-0.006211180124223725,0.0,-0.10000000000000142,16.0,16.05,16.05,16.1,647.0,446.0,2711.0,871.0,False,False
2890,2022-10-28 10:53:19.026586,0.0,-0.006211180124223725,0.0,-0.10000000000000142,16.0,16.05,16.05,16.1,647.0,447.0,2711.0,871.0,False,False
2890,2022-10-28 10:53:20.517099,0.0,-0.006211180124223725,0.0,-0.10000000000000142,16.0,16.05,16.05,16.1,647.0,447.0,2711.0,871.0,False,False
2890,2022-10-28 10:53:21.989481,0.0,-0.006211180124223725,0.0,-0.10000000000000142,16.0,16.05,16.05,16.1,648.0,447.0,2711.0,871.0,False,False
2890,2022-10-28 10:53:23.097406,0.0,-0.006211180124223725,0.0,-0.10000000000000142,16.0,16.05,16.05,16.1,649.0,447.0,2711.0,871.0,False,False
2890,2022-10-28 10:53:23.147601,0.0,-0.006211180124223725,0.0,-0.10000000000000142,16.0,16.05,16.05,16.1,649.0,447.0,2711.0,871.0,False,False
2890,2022-10-28 10:53:30.206239,0.0,-0.006211180124223725,0.0,-0.10000000000000142,16.0,16.05,16.05,16.1,651.0,447.0,2711.0,871.0,False,False
2890,2022-10-28 10:53:31.986535,0.0,-0.006211180124223725,0.0,-0.10000000000000142,16.0,16.05,16.05,16.1,652.0,447.0,2711.0,871.0,False,False
2890,2022-10-28 10:53:32.482943,0.0,-0.006211180124223725,0.0,-0.10000000000000142,16.0,16.05,16.05,16.1,642.0,447.0,2711.0,871.0,False,False
2890,2022-10-28 10:53:32.523248,0.0,-0.006211180124223725,0.0,-0.10000000000000142,16.0,16.05,16.05,16.1,642.0,448.0,2711.0,871.0,False,False
2890,2022-10-28 10:53:33.598941,0.0,-0.006211180124223725,0.0,-0.10000000000000142,16.0,16.05,16.05,16.1,640.0,448.0,2711.0,871.0,False,False
2890,2022-10-28 10:53:39.652208,0.0,-0.006211180124223725,0.0,-0.10000000000000142,16.0,16.05,16.05,16.1,640.0,448.0,2711.0,871.0,False,False
2890,2022-10-28 10:53:41.195045,0.0,-0.006211180124223725,0.0,-0.10000000000000142,16.0,16.05,16.05,16.1,640.0,448.0,2711.0,871.0,False,False
2890,2022-10-28 10:53:46.291774,0.0,-0.006211180124223725,0.0,-0.10000000000000142,16.0,16.05,16.05,16.1,641.0,448.0,2711.0,871.0,False,False
2890,2022-10-28 10:53:52.043594,0.0,-0.006211180124223725,0.0,-0.10000000000000142,16.0,16.05,16.05,16.1,641.0,449.0,2711.0,871.0,False,False
2890,2022-10-28 10:54:01.435171,0.0,-0.006211180124223725,0.0,-0.10000000000000142,16.0,16.05,16.05,16.1,642.0,449.0,2711.0,871.0,False,False
2890,2022-10-28 10:54:02.562595,0.0,-0.006211180124223725,0.0,-0.10000000000000142,16.0,16.05,16.05,16.1,642.0,455.0,2711.0,871.0,False,False
2890,2022-10-28 10:54:02.969906,0.0,-0.006211180124223725,0.0,-0.10000000000000142,16.0,16.05,16.05,16.1,642.0,455.0,2711.0,871.0,True,True
2890,2022-10-28 10:54:13.639421,0.0,-0.006211180124223725,0.0,-0.10000000000000142,16.0,16.05,16.05,16.1,643.0,455.0,2711.0,871.0,False,False
2890,2022-10-28 10:54:21.064943,0.0,-0.006211180124223725,0.0,-0.10000000000000142,16.0,16.05,16.05,16.1,643.0,455.0,2711.0,871.0,False,False
2890,2022-10-28 10:54:23.050224,0.0,-0.006211180124223725,0.0,-0.10000000000000142,16.0,16.05,16.05,16.1,643.0,455.0,2711.0,828.0,True,True
2890,2022-10-28 10:54:24.424579,0.0,-0.006211180124223725,0.0,-0.10000000000000142,16.0,16.05,16.05,16.1,644.0,455.0,2711.0,828.0,False,False
2890,2022-10-28 10:54:31.145452,0.0,-0.006211180124223725,0.0,-0.10000000000000142,16.0,16.05,16.05,16.1,644.0,455.0,2711.0,828.0,False,False
2890,2022-10-28 10:54:38.189091,0.0,-0.006211180124223725,0.0,-0.10000000000000142,16.0,16.05,16.05,16.1,645.0,455.0,2711.0,828.0,False,False
2890,2022-10-28 10:54:38.319465,0.0,-0.006211180124223725,0.0,-0.10000000000000142,16.0,16.05,16.05,16.1,645.0,455.0,2711.0,828.0,False,False
2890,2022-10-28 10:54:43.651147,0.0,-0.006211180124223725,0.0,-0.10000000000000142,16.0,16.05,16.05,16.1,645.0,455.0,2711.0,828.0,False,False
2890,2022-10-28 10:54:46.110204,0.0,-0.006211180124223725,0.0,-0.10000000000000142,16.0,16.05,16.05,16.1,646.0,455.0,2711.0,828.0,False,False
2890,2022-10-28 10:54:50.750204,0.0,-0.006211180124223725,0.0,-0.10000000000000142,16.0,16.05,16.05,16.1,646.0,455.0,2711.0,828.0,False,False
2890,2022-10-28 10:55:02.661097,0.0,-0.006211180124223725,0.0,-0.10000000000000142,16.0,16.05,16.05,16.1,642.0,455.0,2711.0,828.0,False,False
2890,2022-10-28 10:55:03.383114,0.0,-0.006211180124223725,0.0,-0.10000000000000142,16.0,16.05,16.05,16.1,642.0,455.0,2711.0,828.0,True,True
2890,2022-10-28 10:55:12.576370,0.0,-0.006211180124223725,0.0,-0.10000000000000142,16.0,16.05,16.05,16.1,642.0,455.0,2711.0,828.0,False,True
2890,2022-10-28 10:55:18.688067,0.0,-0.006211180124223725,0.0,-0.10000000000000142,16.0,16.05,16.05,16.1,642.0,455.0,2711.0,828.0,False,False
2890,2022-10-28 10:55:20.459704,0.0,-0.006211180124223725,0.0,-0.10000000000000142,16.0,16.05,16.05,16.1,642.0,455.0,2711.0,828.0,False,False
2890,2022-10-28 10:55:28.449298,0.0,-0.006211180124223725,0.0,-0.10000000000000142,16.0,16.05,16.05,16.1,641.0,455.0,2711.0,828.0,False,False
2890,2022-10-28 10:55:28.486097,0.0,-0.006211180124223725,0.0,-0.10000000000000142,16.0,16.05,16.05,16.1,641.0,456.0,2711.0,828.0,False,False
2890,2022-10-28 10:55:32.602618,0.0,-0.006211180124223725,0.0,-0.10000000000000142,16.0,16.05,16.05,16.1,641.0,456.0,2711.0,778.0,True,True
2890,2022-10-28 10:55:32.918824,0.0,-0.006211180124223725,0.0,-0.10000000000000142,16.0,16.05,16.05,16.1,641.0,458.0,2711.0,778.0,False,False
2890,2022-10-28 10:55:34.630331,0.0,-0.006211180124223725,0.0,-0.10000000000000142,16.0,16.05,16.05,16.1,641.0,462.0,2711.0,778.0,False,False
2890,2022-10-28 10:55:42.671732,0.0,-0.006211180124223725,0.0,-0.10000000000000142,16.0,16.05,16.05,16.1,641.0,462.0,2711.0,778.0,False,False
2890,2022-10-28 10:55:46.382981,0.0,-0.006211180124223725,0.0,-0.10000000000000142,16.0,16.05,16.05,16.1,641.0,462.0,2711.0,778.0,False,False
2890,2022-10-28 10:55:59.699015,0.0,-0.006211180124223725,0.0,-0.10000000000000142,16.0,16.05,16.05,16.1,641.0,462.0,2711.0,778.0,False,False
2890,2022-10-28 10:56:02.194678,0.0,-0.006211180124223725,0.0,-0.10000000000000142,16.0,16.05,16.05,16.1,641.0,463.0,2711.0,778.0,False,False
2890,2022-10-28 10:56:02.685316,0.0,-0.006211180124223725,0.0,-0.10000000000000142,16.0,16.05,16.05,16.1,641.0,463.0,2711.0,778.0,True,True
2890,2022-10-28 10:56:12.714508,0.0,-0.006211180124223725,0.0,-0.10000000000000142,16.0,16.05,16.05,16.1,641.0,463.0,2711.0,772.0,True,True
2890,2022-10-28 10:56:22.748244,0.0,-0.006211180124223725,0.0,-0.10000000000000142,16.0,16.05,16.05,16.1,641.0,463.0,2711.0,772.0,True,True
2890,2022-10-28 10:56:22.936818,0.0,-0.006211180124223725,0.0,-0.10000000000000142,16.0,16.05,16.05,16.1,640.0,463.0,2711.0,772.0,False,False
2890,2022-10-28 10:56:24.589106,0.0,-0.006211180124223725,0.0,-0.10000000000000142,16.0,16.05,16.05,16.1,641.0,463.0,2711.0,772.0,False,False
2890,2022-10-28 10:56:24.873387,0.0,-0.006211180124223725,0.0,-0.10000000000000142,16.0,16.05,16.05,16.1,646.0,463.0,2711.0,772.0,False,False
2890,2022-10-28 10:56:35.874657,0.0,-0.006211180124223725,0.0,-0.10000000000000142,16.0,16.05,16.05,16.1,646.0,465.0,2711.0,772.0,False,False
2890,2022-10-28 10:56:42.948963,0.0,-0.006211180124223725,0.0,-0.10000000000000142,16.0,16.05,16.05,16.1,648.0,465.0,2711.0,772.0,False,False
2890,2022-10-28 10:56:52.851451,0.0,-0.006211180124223725,0.0,-0.10000000000000142,16.0,16.05,16.05,16.1,648.0,465.0,2711.0,771.0,True,True
2890,2022-10-28 10:57:09.897485,0.0,-0.006211180124223725,0.0,-0.10000000000000142,16.0,16.05,16.05,16.1,649.0,465.0,2711.0,771.0,False,False
2890,2022-10-28 10:57:10.743920,0.0,-0.006211180124223725,0.0,-0.10000000000000142,16.0,16.05,16.05,16.1,649.0,465.0,2711.0,771.0,False,False
2890,2022-10-28 10:57:10.747215,0.0,-0.006211180124223725,0.0,-0.10000000000000142,16.0,16.05,16.05,16.1,654.0,465.0,2711.0,771.0,False,False
2890,2022-10-28 10:57:12.913353,0.0,-0.006211180124223725,0.0,-0.10000000000000142,16.0,16.05,16.05,16.1,654.0,465.0,2711.0,771.0,True,True
2890,2022-10-28 10:57:26.409005,0.0,-0.006211180124223725,0.0,-0.10000000000000142,16.0,16.05,16.05,16.1,654.0,460.0,2711.0,771.0,False,False
2890,2022-10-28 10:57:29.979112,0.0,-0.006211180124223725,0.0,-0.10000000000000142,16.0,16.05,16.05,16.1,654.0,460.0,2711.0,771.0,False,False
2890,2022-10-28 10:57:35.073824,0.0,-0.006211180124223725,0.0,-0.10000000000000142,16.0,16.05,16.05,16.1,654.0,460.0,2711.0,771.0,False,False
2890,2022-10-28 10:57:37.843897,0.0,-0.006211180124223725,0.0,-0.10000000000000142,16.0,16.05,16.05,16.1,654.0,462.0,2711.0,771.0,False,False
2890,2022-10-28 10:57:43.015306,0.0,-0.006211180124223725,0.0,-0.10000000000000142,16.0,16.05,16.05,16.1,654.0,462.0,2711.0,901.0,True,True
2890,2022-10-28 10:57:47.604838,0.0,-0.006211180124223725,0.0,-0.10000000000000142,16.0,16.05,16.05,16.1,654.0,462.0,2711.0,901.0,False,False
2890,2022-10-28 10:57:48.391596,0.0,-0.006211180124223725,0.0,-0.10000000000000142,16.0,16.05,16.05,16.1,654.0,465.0,2711.0,901.0,False,False
2890,2022-10-28 10:57:50.824132,0.0,-0.006211180124223725,0.0,-0.10000000000000142,16.0,16.05,16.05,16.1,654.0,465.0,2711.0,901.0,False,False
2890,2022-10-28 10:58:07.359360,0.0,-0.006211180124223725,0.0,-0.10000000000000142,16.0,16.05,16.05,16.1,664.0,465.0,2711.0,901.0,False,False
2890,2022-10-28 10:58:10.761924,0.0,-0.006211180124223725,0.0,-0.10000000000000142,16.0,16.05,16.05,16.1,830.0,465.0,2711.0,901.0,False,False
2890,2022-10-28 10:58:11.434118,0.0,-0.006211180124223725,0.0,-0.10000000000000142,16.0,16.05,16.05,16.1,853.0,465.0,2711.0,901.0,False,False
2890,2022-10-28 10:58:11.833190,0.0,-0.006211180124223725,0.0,-0.10000000000000142,16.0,16.05,16.05,16.1,853.0,465.0,2711.0,901.0,False,False
2890,2022-10-28 10:58:11.862149,0.0,-0.006211180124223725,0.0,-0.10000000000000142,16.0,16.05,16.05,16.1,864.0,465.0,2711.0,901.0,False,False
2890,2022-10-28 10:58:12.707674,0.0,-0.006211180124223725,0.0,-0.10000000000000142,16.0,16.05,16.05,16.1,864.0,465.0,2711.0,601.0,False,True
2890,2022-10-28 10:58:12.825076,0.0,-0.006211180124223725,0.0,-0.10000000000000142,16.0,16.05,16.05,16.1,864.0,463.0,2711.0,601.0,False,False
2890,2022-10-28 10:58:12.861557,0.0,-0.006211180124223725,0.0,-0.10000000000000142,16.0,16.05,16.05,16.1,864.0,466.0,2711.0,601.0,False,False
2890,2022-10-28 10:58:20.170263,0.0,-0.006211180124223725,0.0,-0.10000000000000142,16.0,16.05,16.05,16.1,875.0,466.0,2711.0,601.0,False,False
2890,2022-10-28 10:58:20.179604,0.0,-0.006211180124223725,0.0,-0.10000000000000142,16.0,16.05,16.05,16.1,876.0,466.0,2711.0,601.0,False,False
2890,2022-10-28 10:58:21.094099,0.0,-0.006211180124223725,0.0,-0.10000000000000142,16.0,16.05,16.05,16.1,877.0,466.0,2711.0,601.0,False,False
2890,2022-10-28 10:58:27.110764,0.0,-0.006211180124223725,0.0,-0.10000000000000142,16.0,16.05,16.05,16.1,877.0,466.0,2711.0,601.0,False,False
2890,2022-10-28 10:58:31.992317,0.0,-0.006211180124223725,0.0,-0.10000000000000142,16.0,16.05,16.05,16.1,877.0,466.0,2711.0,601.0,False,False
2890,2022-10-28 10:58:32.795430,0.0,-0.006211180124223725,0.0,-0.10000000000000142,16.0,16.05,16.05,16.1,877.0,466.0,2711.0,601.0,True,True
2890,2022-10-28 10:58:33.413003,0.0,-0.006211180124223725,0.0,-0.10000000000000142,16.0,16.05,16.05,16.1,876.0,466.0,2711.0,601.0,False,False
2890,2022-10-28 10:58:33.769439,0.0,-0.006211180124223725,0.0,-0.10000000000000142,16.0,16.05,16.05,16.1,876.0,466.0,2711.0,601.0,False,False
2890,2022-10-28 10:58:37.232809,0.0,-0.006211180124223725,0.0,-0.10000000000000142,16.0,16.05,16.05,16.1,876.0,466.0,2711.0,601.0,False,False
2890,2022-10-28 10:58:42.825903,0.0,-0.006211180124223725,0.0,-0.10000000000000142,16.0,16.05,16.05,16.1,876.0,466.0,2661.0,782.0,True,True
2890,2022-10-28 10:58:50.548141,0.0,-0.006211180124223725,0.0,-0.10000000000000142,16.0,16.05,16.05,16.1,876.0,483.0,2661.0,782.0,False,False
2890,2022-10-28 10:58:50.584901,0.0,-0.006211180124223725,0.0,-0.10000000000000142,16.0,16.05,16.05,16.1,876.0,484.0,2661.0,782.0,False,False
2890,2022-10-28 10:58:55.963706,0.0,-0.006211180124223725,0.0,-0.10000000000000142,16.0,16.05,16.05,16.1,876.0,485.0,2661.0,782.0,False,False
2890,2022-10-28 10:59:02.452263,0.0,-0.006211180124223725,0.0,-0.10000000000000142,16.0,16.05,16.05,16.1,877.0,485.0,2661.0,782.0,False,False
2890,2022-10-28 10:59:06.025801,0.0,-0.006211180124223725,0.0,-0.10000000000000142,16.0,16.05,16.05,16.1,877.0,485.0,2661.0,782.0,False,False
2890,2022-10-28 10:59:12.937773,0.0,-0.006211180124223725,0.0,-0.10000000000000142,16.0,16.05,16.05,16.1,877.0,485.0,2661.0,782.0,True,True
2890,2022-10-28 10:59:15.794330,0.0,-0.006211180124223725,0.0,-0.10000000000000142,16.0,16.05,16.05,16.1,877.0,482.0,2661.0,782.0,False,False
2890,2022-10-28 10:59:15.824993,0.0,-0.006211180124223725,0.0,-0.10000000000000142,16.0,16.05,16.05,16.1,877.0,486.0,2661.0,782.0,False,False
2890,2022-10-28 10:59:20.612085,0.0,-0.006211180124223725,0.0,-0.10000000000000142,16.0,16.05,16.05,16.1,877.0,474.0,2661.0,782.0,False,False
2890,2022-10-28 10:59:21.246797,0.0,-0.006211180124223725,0.0,-0.10000000000000142,16.0,16.05,16.05,16.1,877.0,470.0,2661.0,782.0,False,False
2890,2022-10-28 10:59:21.485398,0.0,-0.006211180124223725,0.0,-0.10000000000000142,16.0,16.05,16.05,16.1,877.0,470.0,2661.0,782.0,False,False
2890,2022-10-28 10:59:21.636325,0.0,-0.006211180124223725,0.0,-0.10000000000000142,16.0,16.05,16.05,16.1,875.0,470.0,2661.0,782.0,False,False
2890,2022-10-28 10:59:22.849864,0.0,-0.006211180124223725,0.0,-0.10000000000000142,16.0,16.05,16.05,16.1,874.0,470.0,2661.0,782.0,False,False
2890,2022-10-28 10:59:23.360594,0.0,-0.006211180124223725,0.0,-0.10000000000000142,16.0,16.05,16.05,16.1,869.0,470.0,2661.0,782.0,False,False
2890,2022-10-28 10:59:23.620080,0.0,-0.006211180124223725,0.0,-0.10000000000000142,16.0,16.05,16.05,16.1,869.0,470.0,2661.0,782.0,False,False
2890,2022-10-28 10:59:35.737280,0.0,-0.006211180124223725,0.0,-0.10000000000000142,16.0,16.05,16.05,16.1,874.0,470.0,2661.0,782.0,False,False
2890,2022-10-28 10:59:42.093013,0.0,-0.006211180124223725,0.0,-0.10000000000000142,16.0,16.05,16.05,16.1,857.0,453.0,2661.0,782.0,False,False
2890,2022-10-28 10:59:42.400113,0.0,-0.006211180124223725,0.0,-0.10000000000000142,16.0,16.05,16.05,16.1,855.0,453.0,2661.0,782.0,False,False
2890,2022-10-28 10:59:42.854364,0.0,-0.006211180124223725,0.0,-0.10000000000000142,16.0,16.05,16.05,16.1,857.0,453.0,2661.0,782.0,False,False
2890,2022-10-28 10:59:44.395958,0.0,-0.006211180124223725,0.0,-0.10000000000000142,16.0,16.05,16.05,16.1,857.0,453.0,2661.0,782.0,False,False
2890,2022-10-28 10:59:44.399537,0.0,-0.006211180124223725,0.0,-0.10000000000000142,16.0,16.05,16.05,16.1,857.0,453.0,2661.0,782.0,False,False
2890,2022-10-28 10:59:51.558115,0.0,-0.006211180124223725,0.0,-0.10000000000000142,16.0,16.05,16.05,16.1,856.0,453.0,2661.0,782.0,False,False
2890,2022-10-28 10:59:57.800865,0.0,-0.006211180124223725,0.0,-0.10000000000000142,16.0,16.05,16.05,16.1,856.0,449.0,2661.0,782.0,False,False
2890,2022-10-28 10:59:57.847136,0.0,-0.006211180124223725,0.0,-0.10000000000000142,16.0,16.05,16.05,16.1,856.0,454.0,2661.0,782.0,False,False
2890,2022-10-28 11:00:00.249825,0.0,-0.006211180124223725,0.0,-0.10000000000000142,16.0,16.05,16.05,16.1,856.0,454.0,2661.0,782.0,False,False
2890,2022-10-28 11:00:01.872544,0.0,-0.006211180124223725,0.0,-0.10000000000000142,16.0,16.05,16.05,16.1,857.0,454.0,2661.0,782.0,False,False
2890,2022-10-28 11:00:10.991841,0.0,-0.006211180124223725,0.0,-0.10000000000000142,16.0,16.05,16.05,16.1,857.0,454.0,2661.0,782.0,False,False
2890,2022-10-28 11:00:11.621528,0.0,-0.006211180124223725,0.0,-0.10000000000000142,16.0,16.05,16.05,16.1,857.0,453.0,2661.0,782.0,False,False
2890,2022-10-28 11:00:23.320186,0.0,-0.006211180124223725,0.0,-0.10000000000000142,16.0,16.05,16.05,16.1,857.0,453.0,2761.0,782.0,True,True
2890,2022-10-28 11:00:26.161677,0.0,-0.006211180124223725,0.0,-0.10000000000000142,16.0,16.05,16.05,16.1,857.0,453.0,2761.0,782.0,False,False
2890,2022-10-28 11:00:30.929983,0.0,-0.006211180124223725,0.0,-0.10000000000000142,16.0,16.05,16.05,16.1,860.0,453.0,2761.0,782.0,False,False
2890,2022-10-28 11:00:31.928490,0.0,-0.006211180124223725,0.0,-0.10000000000000142,16.0,16.05,16.05,16.1,860.0,448.0,2761.0,782.0,False,False
2890,2022-10-28 11:00:31.968298,0.0,-0.006211180124223725,0.0,-0.10000000000000142,16.0,16.05,16.05,16.1,860.0,454.0,2761.0,782.0,False,False
2890,2022-10-28 11:00:32.058108,0.0,-0.006211180124223725,0.0,-0.10000000000000142,16.0,16.05,16.05,16.1,860.0,459.0,2761.0,782.0,False,False
2890,2022-10-28 11:00:33.375493,0.0,-0.006211180124223725,0.0,-0.10000000000000142,16.0,16.05,16.05,16.1,860.0,459.0,2811.0,726.0,True,True
2890,2022-10-28 11:00:34.681178,0.0,-0.006211180124223725,0.0,-0.10000000000000142,16.0,16.05,16.05,16.1,860.0,459.0,2811.0,726.0,False,False
2890,2022-10-28 11:00:36.819549,0.0,-0.006211180124223725,0.0,-0.10000000000000142,16.0,16.05,16.05,16.1,860.0,459.0,2811.0,726.0,False,False
2890,2022-10-28 11:00:40.731272,0.0,-0.006211180124223725,0.0,-0.10000000000000142,16.0,16.05,16.05,16.1,860.0,459.0,2811.0,726.0,False,False
2890,2022-10-28 11:00:46.213234,0.0,-0.006211180124223725,0.0,-0.10000000000000142,16.0,16.05,16.05,16.1,860.0,464.0,2811.0,726.0,False,False
2890,2022-10-28 11:00:59.994702,0.0,-0.006211180124223725,0.0,-0.10000000000000142,16.0,16.05,16.05,16.1,860.0,465.0,2811.0,726.0,False,False
2890,2022-10-28 11:01:03.860058,0.0,-0.006211180124223725,0.0,-0.10000000000000142,16.0,16.05,16.05,16.1,860.0,465.0,2811.0,726.0,False,False
2890,2022-10-28 11:01:05.956878,0.0,-0.006211180124223725,0.0,-0.10000000000000142,16.0,16.05,16.05,16.1,860.0,459.0,2811.0,726.0,False,False
2890,2022-10-28 11:01:05.989672,0.0,-0.006211180124223725,0.0,-0.10000000000000142,16.0,16.05,16.05,16.1,860.0,466.0,2811.0,726.0,False,False
2890,2022-10-28 11:01:07.399992,0.0,-0.006211180124223725,0.0,-0.10000000000000142,16.0,16.05,16.05,16.1,864.0,466.0,2811.0,726.0,False,False
2890,2022-10-28 11:01:12.777717,0.0,-0.006211180124223725,0.0,-0.10000000000000142,16.0,16.05,16.05,16.1,864.0,466.0,2811.0,726.0,False,True
2890,2022-10-28 11:01:14.164903,0.0,-0.006211180124223725,0.0,-0.10000000000000142,16.0,16.05,16.05,16.1,864.0,461.0,2811.0,726.0,False,False
2890,2022-10-28 11:01:16.664823,0.0,-0.006211180124223725,0.0,-0.10000000000000142,16.0,16.05,16.05,16.1,564.0,461.0,2811.0,726.0,False,False
2890,2022-10-28 11:01:16.696631,0.0,-0.006211180124223725,0.0,-0.10000000000000142,16.0,16.05,16.05,16.1,564.0,522.0,2811.0,726.0,False,False
2890,2022-10-28 11:01:16.767327,0.0,-0.006211180124223725,0.0,-0.10000000000000142,16.0,16.05,16.05,16.1,563.0,514.0,2811.0,726.0,False,False
2890,2022-10-28 11:01:16.769519,0.0,-0.006211180124223725,0.0,-0.10000000000000142,16.0,16.05,16.05,16.1,551.0,514.0,2811.0,726.0,False,False
2890,2022-10-28 11:01:16.748735,0.0,-0.006211180124223725,0.0,-0.10000000000000142,16.0,16.05,16.05,16.1,564.0,514.0,2811.0,726.0,False,False
2890,2022-10-28 11:01:16.924074,0.0,-0.006211180124223725,0.0,-0.10000000000000142,16.0,16.05,16.05,16.1,546.0,525.0,2811.0,726.0,False,False
2890,2022-10-28 11:01:16.880091,0.0,-0.006211180124223725,0.0,-0.10000000000000142,16.0,16.05,16.05,16.1,551.0,525.0,2811.0,726.0,False,False
2890,2022-10-28 11:01:16.951602,0.0,-0.006211180124223725,0.0,-0.10000000000000142,16.0,16.05,16.05,16.1,535.0,525.0,2811.0,726.0,False,False
2890,2022-10-28 11:01:17.177748,0.0,-0.006211180124223725,0.0,-0.10000000000000142,16.0,16.05,16.05,16.1,516.0,538.0,2811.0,726.0,False,False
2890,2022-10-28 11:01:17.177405,0.0,-0.006211180124223725,0.0,-0.10000000000000142,16.0,16.05,16.05,16.1,535.0,538.0,2811.0,726.0,False,False
2890,2022-10-28 11:01:17.277077,0.0,-0.006211180124223725,0.0,-0.10000000000000142,16.0,16.05,16.05,16.1,505.0,538.0,2811.0,726.0,False,False
2890,2022-10-28 11:01:18.193305,0.0,-0.006211180124223725,0.0,-0.10000000000000142,16.0,16.05,16.05,16.1,505.0,538.0,2811.0,726.0,False,False
2890,2022-10-28 11:01:18.193357,0.0,-0.006211180124223725,0.0,-0.10000000000000142,16.0,16.05,16.05,16.1,524.0,538.0,2811.0,726.0,False,False
2890,2022-10-28 11:01:19.097049,0.0,-0.006211180124223725,0.0,-0.10000000000000142,16.0,16.05,16.05,16.1,524.0,529.0,2811.0,726.0,False,False
2890,2022-10-28 11:01:19.100929,0.0,-0.006211180124223725,0.0,-0.10000000000000142,16.0,16.05,16.05,16.1,504.0,509.0,2811.0,726.0,False,False
2890,2022-10-28 11:01:19.473522,0.0,-0.006211180124223725,0.0,-0.10000000000000142,16.0,16.05,16.05,16.1,500.0,509.0,2811.0,726.0,False,False
2890,2022-10-28 11:01:20.000567,0.0,-0.006211180124223725,0.0,-0.10000000000000142,16.0,16.05,16.05,16.1,500.0,506.0,2811.0,726.0,False,False
2890,2022-10-28 11:01:20.115462,0.0,-0.006211180124223725,0.0,-0.10000000000000142,16.0,16.05,16.05,16.1,500.0,506.0,2811.0,726.0,False,False
2890,2022-10-28 11:01:20.269148,0.0,-0.006211180124223725,0.0,-0.10000000000000142,16.0,16.05,16.05,16.1,495.0,506.0,2811.0,726.0,False,False
2890,2022-10-28 11:01:22.112832,0.0,-0.006211180124223725,0.0,-0.10000000000000142,16.0,16.05,16.05,16.1,495.0,506.0,2811.0,726.0,False,False
2890,2022-10-28 11:01:22.672630,0.0,-0.006211180124223725,0.0,-0.10000000000000142,16.0,16.05,16.05,16.1,489.0,506.0,2811.0,726.0,False,False
2890,2022-10-28 11:01:22.823481,0.0,-0.006211180124223725,0.0,-0.10000000000000142,16.0,16.05,16.05,16.1,489.0,506.0,2911.0,726.0,True,True
2890,2022-10-28 11:01:23.214559,0.0,-0.006211180124223725,0.0,-0.10000000000000142,16.0,16.05,16.05,16.1,484.0,506.0,2911.0,726.0,False,False
2890,2022-10-28 11:01:25.250769,0.0,-0.006211180124223725,0.0,-0.10000000000000142,16.0,16.05,16.05,16.1,484.0,506.0,2911.0,726.0,False,False
2890,2022-10-28 11:01:25.689716,0.0,-0.006211180124223725,0.0,-0.10000000000000142,16.0,16.05,16.05,16.1,484.0,506.0,2911.0,726.0,False,False
2890,2022-10-28 11:01:32.871493,0.0,-0.006211180124223725,0.0,-0.10000000000000142,16.0,16.05,16.05,16.1,484.0,506.0,2751.0,726.0,True,True
2890,2022-10-28 11:01:36.840168,0.0,-0.006211180124223725,0.0,-0.10000000000000142,16.0,16.05,16.05,16.1,484.0,506.0,2751.0,726.0,False,False
2890,2022-10-28 11:01:36.840669,0.0,-0.006211180124223725,0.0,-0.10000000000000142,16.0,16.05,16.05,16.1,484.0,506.0,2751.0,726.0,False,False
2890,2022-10-28 11:01:36.943237,0.0,-0.006211180124223725,0.0,-0.10000000000000142,16.0,16.05,16.05,16.1,484.0,506.0,2751.0,726.0,False,False
2890,2022-10-28 11:01:38.647404,0.0,-0.006211180124223725,0.0,-0.10000000000000142,16.0,16.05,16.05,16.1,483.0,506.0,2751.0,726.0,False,False
2890,2022-10-28 11:01:41.976955,0.0,-0.006211180124223725,0.0,-0.10000000000000142,16.0,16.05,16.05,16.1,483.0,499.0,2751.0,726.0,False,False
2890,2022-10-28 11:01:42.019146,0.0,-0.006211180124223725,0.0,-0.10000000000000142,16.0,16.05,16.05,16.1,483.0,507.0,2751.0,726.0,False,False
2890,2022-10-28 11:01:44.045711,0.0,-0.006211180124223725,0.0,-0.10000000000000142,16.0,16.05,16.05,16.1,484.0,507.0,2751.0,726.0,False,False
2890,2022-10-28 11:01:57.007068,0.0,-0.006211180124223725,0.0,-0.10000000000000142,16.0,16.05,16.05,16.1,479.0,507.0,2751.0,726.0,False,False
2890,2022-10-28 11:02:02.998494,0.0,-0.006211180124223725,0.0,-0.10000000000000142,16.0,16.05,16.05,16.1,479.0,507.0,2801.0,726.0,True,True
2890,2022-10-28 11:02:13.040450,0.0,-0.006211180124223725,0.0,-0.10000000000000142,16.0,16.05,16.05,16.1,479.0,507.0,3001.0,726.0,True,True
2890,2022-10-28 11:02:13.993594,0.0,-0.006211180124223725,0.0,-0.10000000000000142,16.0,16.05,16.05,16.1,479.0,499.0,3001.0,726.0,False,False
2890,2022-10-28 11:02:14.036171,0.0,-0.006211180124223725,0.0,-0.10000000000000142,16.0,16.05,16.05,16.1,479.0,508.0,3001.0,726.0,False,False
2890,2022-10-28 11:02:23.067801,0.0,-0.006211180124223725,0.0,-0.10000000000000142,16.0,16.05,16.05,16.1,480.0,508.0,3001.0,726.0,False,False
2890,2022-10-28 11:02:23.111951,0.0,-0.006211180124223725,0.0,-0.10000000000000142,16.0,16.05,16.05,16.1,480.0,508.0,3161.0,626.0,True,True
