symbol,datetime,NaOb_r,NbOa_r,NaOb_s,NbOa_s,bid1,ask1,odd_bid1,odd_ask1,bidQty1,askQty1,odd_bidQty1,odd_askQty1,simulate,triggerbyOdd
2891,2022-10-28 10:32:32.628545,0.0,-0.004842615012106477,0.0,-0.09999999999999787,20.55,20.6,20.6,20.65,467.0,360.0,3140.0,1095.0,True,True
2891,2022-10-28 10:32:36.517951,0.0,-0.004842615012106477,0.0,-0.09999999999999787,20.55,20.6,20.6,20.65,467.0,359.0,3140.0,1095.0,False,False
2891,2022-10-28 10:32:38.869491,0.0,-0.004842615012106477,0.0,-0.09999999999999787,20.55,20.6,20.6,20.65,472.0,359.0,3140.0,1095.0,False,False
2891,2022-10-28 10:32:44.241404,0.0,-0.004842615012106477,0.0,-0.09999999999999787,20.55,20.6,20.6,20.65,472.0,365.0,3140.0,1095.0,False,False
2891,2022-10-28 10:32:45.571053,0.0,-0.004842615012106477,0.0,-0.09999999999999787,20.55,20.6,20.6,20.65,472.0,364.0,3140.0,1095.0,False,False
2891,2022-10-28 10:32:45.696756,0.0,-0.004842615012106477,0.0,-0.09999999999999787,20.55,20.6,20.6,20.65,472.0,365.0,3140.0,1095.0,False,False
2891,2022-10-28 10:32:46.385519,0.0,-0.004842615012106477,0.0,-0.09999999999999787,20.55,20.6,20.6,20.65,479.0,365.0,3140.0,1095.0,False,False
2891,2022-10-28 10:32:54.094125,0.0,-0.004842615012106477,0.0,-0.09999999999999787,20.55,20.6,20.6,20.65,479.0,366.0,3140.0,1095.0,False,False
2891,2022-10-28 10:33:01.302171,0.0,-0.004842615012106477,0.0,-0.09999999999999787,20.55,20.6,20.6,20.65,479.0,366.0,3140.0,1095.0,False,False
2891,2022-10-28 10:33:03.767693,0.0,-0.004842615012106477,0.0,-0.09999999999999787,20.55,20.6,20.6,20.65,479.0,365.0,3140.0,1095.0,False,False
2891,2022-10-28 10:33:07.047744,0.0,-0.004842615012106477,0.0,-0.09999999999999787,20.55,20.6,20.6,20.65,479.0,365.0,3140.0,1095.0,False,False
2891,2022-10-28 10:33:08.448817,0.0,-0.004842615012106477,0.0,-0.09999999999999787,20.55,20.6,20.6,20.65,479.0,366.0,3140.0,1095.0,False,False
2891,2022-10-28 10:33:11.445992,0.0,-0.004842615012106477,0.0,-0.09999999999999787,20.55,20.6,20.6,20.65,482.0,366.0,3140.0,1095.0,False,False
2891,2022-10-28 10:33:11.704339,0.0,-0.004842615012106477,0.0,-0.09999999999999787,20.55,20.6,20.6,20.65,482.0,357.0,3140.0,1095.0,False,False
2891,2022-10-28 10:33:11.840054,0.0,-0.004842615012106477,0.0,-0.09999999999999787,20.55,20.6,20.6,20.65,482.0,358.0,3140.0,1095.0,False,False
2891,2022-10-28 10:33:11.852806,0.0,-0.004842615012106477,0.0,-0.09999999999999787,20.55,20.6,20.6,20.65,481.0,358.0,3140.0,1095.0,False,False
2891,2022-10-28 10:33:12.101104,0.0,-0.004842615012106477,0.0,-0.09999999999999787,20.55,20.6,20.6,20.65,481.0,353.0,3140.0,1095.0,False,False
2891,2022-10-28 10:33:12.208001,0.0,-0.004842615012106477,0.0,-0.09999999999999787,20.55,20.6,20.6,20.65,481.0,354.0,3140.0,1095.0,False,False
2891,2022-10-28 10:33:12.389175,0.0,-0.004842615012106477,0.0,-0.09999999999999787,20.55,20.6,20.6,20.65,481.0,346.0,3140.0,1095.0,False,False
2891,2022-10-28 10:33:12.426257,0.0,-0.004842615012106477,0.0,-0.09999999999999787,20.55,20.6,20.6,20.65,481.0,350.0,3140.0,1095.0,False,False
2891,2022-10-28 10:33:12.793309,0.0,-0.004842615012106477,0.0,-0.09999999999999787,20.55,20.6,20.6,20.65,481.0,350.0,3140.0,1016.0,True,True
2891,2022-10-28 10:33:13.169713,0.0,-0.004842615012106477,0.0,-0.09999999999999787,20.55,20.6,20.6,20.65,481.0,349.0,3140.0,1016.0,False,False
2891,2022-10-28 10:33:14.231464,0.0,-0.004842615012106477,0.0,-0.09999999999999787,20.55,20.6,20.6,20.65,501.0,349.0,3140.0,1016.0,False,False
2891,2022-10-28 10:33:14.338541,0.0,-0.004842615012106477,0.0,-0.09999999999999787,20.55,20.6,20.6,20.65,500.0,348.0,3140.0,1016.0,False,False
2891,2022-10-28 10:33:14.508165,0.0,-0.004842615012106477,0.0,-0.09999999999999787,20.55,20.6,20.6,20.65,500.0,345.0,3140.0,1016.0,False,False
2891,2022-10-28 10:33:14.509552,0.0,-0.004842615012106477,0.0,-0.09999999999999787,20.55,20.6,20.6,20.65,499.0,344.0,3140.0,1016.0,False,False
2891,2022-10-28 10:33:14.637213,0.0,-0.004842615012106477,0.0,-0.09999999999999787,20.55,20.6,20.6,20.65,498.0,343.0,3140.0,1016.0,False,False
2891,2022-10-28 10:33:16.099108,0.0,-0.004842615012106477,0.0,-0.09999999999999787,20.55,20.6,20.6,20.65,495.0,343.0,3140.0,1016.0,False,False
2891,2022-10-28 10:33:16.950998,0.0,-0.004842615012106477,0.0,-0.09999999999999787,20.55,20.6,20.6,20.65,495.0,343.0,3140.0,1016.0,False,False
2891,2022-10-28 10:33:22.951535,0.0,-0.004842615012106477,0.0,-0.09999999999999787,20.55,20.6,20.6,20.65,495.0,342.0,3140.0,1016.0,False,False
2891,2022-10-28 10:33:23.056104,0.0,-0.004842615012106477,0.0,-0.09999999999999787,20.55,20.6,20.6,20.65,495.0,343.0,3140.0,1016.0,False,False
2891,2022-10-28 10:33:25.877210,0.0,-0.004842615012106477,0.0,-0.09999999999999787,20.55,20.6,20.6,20.65,495.0,344.0,3140.0,1016.0,False,False
2891,2022-10-28 10:33:33.116405,0.0,-0.004842615012106477,0.0,-0.09999999999999787,20.55,20.6,20.6,20.65,493.0,342.0,3140.0,1016.0,False,False
2891,2022-10-28 10:33:34.526994,0.0,-0.004842615012106477,0.0,-0.09999999999999787,20.55,20.6,20.6,20.65,493.0,349.0,3140.0,1016.0,False,False
2891,2022-10-28 10:33:37.011871,0.0,-0.004842615012106477,0.0,-0.09999999999999787,20.55,20.6,20.6,20.65,490.0,349.0,3140.0,1016.0,False,False
2891,2022-10-28 10:33:41.168534,0.0,-0.004842615012106477,0.0,-0.09999999999999787,20.55,20.6,20.6,20.65,490.0,348.0,3140.0,1016.0,False,False
2891,2022-10-28 10:33:44.578735,0.0,-0.004842615012106477,0.0,-0.09999999999999787,20.55,20.6,20.6,20.65,491.0,348.0,3140.0,1016.0,False,False
2891,2022-10-28 10:33:48.759980,0.0,-0.004842615012106477,0.0,-0.09999999999999787,20.55,20.6,20.6,20.65,491.0,348.0,3140.0,1016.0,False,False
2891,2022-10-28 10:33:50.497526,0.0,-0.004842615012106477,0.0,-0.09999999999999787,20.55,20.6,20.6,20.65,491.0,348.0,3140.0,1016.0,False,False
2891,2022-10-28 10:33:51.828201,0.0,-0.004842615012106477,0.0,-0.09999999999999787,20.55,20.6,20.6,20.65,491.0,348.0,3140.0,1016.0,False,False
2891,2022-10-28 10:33:51.916041,0.0,-0.004842615012106477,0.0,-0.09999999999999787,20.55,20.6,20.6,20.65,491.0,349.0,3140.0,1016.0,False,False
2891,2022-10-28 10:33:52.960101,0.0,-0.004842615012106477,0.0,-0.09999999999999787,20.55,20.6,20.6,20.65,491.0,349.0,3140.0,1006.0,True,True
2891,2022-10-28 10:33:57.029887,0.0,-0.004842615012106477,0.0,-0.09999999999999787,20.55,20.6,20.6,20.65,497.0,349.0,3140.0,1006.0,False,False
2891,2022-10-28 10:33:59.360151,0.0,-0.004842615012106477,0.0,-0.09999999999999787,20.55,20.6,20.6,20.65,497.0,348.0,3140.0,1006.0,False,False
2891,2022-10-28 10:33:59.474410,0.0,-0.004842615012106477,0.0,-0.09999999999999787,20.55,20.6,20.6,20.65,497.0,349.0,3140.0,1006.0,False,False
2891,2022-10-28 10:34:03.000301,0.0,-0.004842615012106477,0.0,-0.09999999999999787,20.55,20.6,20.6,20.65,497.0,349.0,3596.0,1006.0,True,True
2891,2022-10-28 10:34:04.113099,0.0,-0.004842615012106477,0.0,-0.09999999999999787,20.55,20.6,20.6,20.65,497.0,351.0,3596.0,1006.0,False,False
2891,2022-10-28 10:34:05.847529,0.0,-0.004842615012106477,0.0,-0.09999999999999787,20.55,20.6,20.6,20.65,497.0,351.0,3596.0,1006.0,False,False
2891,2022-10-28 10:34:09.788087,0.0,-0.004842615012106477,0.0,-0.09999999999999787,20.55,20.6,20.6,20.65,497.0,351.0,3596.0,1006.0,False,False
2891,2022-10-28 10:34:12.437010,0.0,-0.004842615012106477,0.0,-0.09999999999999787,20.55,20.6,20.6,20.65,497.0,351.0,3796.0,1006.0,False,True
2891,2022-10-28 10:34:12.728633,0.0,-0.004842615012106477,0.0,-0.09999999999999787,20.55,20.6,20.6,20.65,497.0,351.0,3796.0,1006.0,False,False
2891,2022-10-28 10:34:14.914898,0.0,-0.004842615012106477,0.0,-0.09999999999999787,20.55,20.6,20.6,20.65,502.0,351.0,3796.0,1006.0,False,False
2891,2022-10-28 10:34:17.595757,0.0,-0.004842615012106477,0.0,-0.09999999999999787,20.55,20.6,20.6,20.65,509.0,351.0,3796.0,1006.0,False,False
2891,2022-10-28 10:34:18.566775,0.0,-0.004842615012106477,0.0,-0.09999999999999787,20.55,20.6,20.6,20.65,509.0,350.0,3796.0,1006.0,False,False
2891,2022-10-28 10:34:20.250151,0.0,-0.004842615012106477,0.0,-0.09999999999999787,20.55,20.6,20.6,20.65,509.0,350.0,3796.0,1006.0,False,False
2891,2022-10-28 10:34:20.253912,0.0,-0.004842615012106477,0.0,-0.09999999999999787,20.55,20.6,20.6,20.65,509.0,369.0,3796.0,1006.0,False,False
2891,2022-10-28 10:34:21.534240,0.0,-0.004842615012106477,0.0,-0.09999999999999787,20.55,20.6,20.6,20.65,509.0,347.0,3796.0,1006.0,False,False
2891,2022-10-28 10:34:21.558844,0.0,-0.004842615012106477,0.0,-0.09999999999999787,20.55,20.6,20.6,20.65,693.0,347.0,3796.0,1006.0,False,False
2891,2022-10-28 10:34:21.661858,0.0,-0.004842615012106477,0.0,-0.09999999999999787,20.55,20.6,20.6,20.65,693.0,348.0,3796.0,1006.0,False,False
2891,2022-10-28 10:34:21.673408,0.0,-0.004842615012106477,0.0,-0.09999999999999787,20.55,20.6,20.6,20.65,692.0,348.0,3796.0,1006.0,False,False
2891,2022-10-28 10:34:21.758020,0.0,-0.004842615012106477,0.0,-0.09999999999999787,20.55,20.6,20.6,20.65,508.0,349.0,3796.0,1006.0,False,False
2891,2022-10-28 10:34:21.889886,0.0,-0.004842615012106477,0.0,-0.09999999999999787,20.55,20.6,20.6,20.65,508.0,350.0,3796.0,1006.0,False,False
2891,2022-10-28 10:34:23.795577,0.0,-0.004842615012106477,0.0,-0.09999999999999787,20.55,20.6,20.6,20.65,511.0,350.0,3796.0,1006.0,False,False
2891,2022-10-28 10:34:23.905058,0.0,-0.004842615012106477,0.0,-0.09999999999999787,20.55,20.6,20.6,20.65,510.0,349.0,3796.0,1006.0,False,False
2891,2022-10-28 10:34:24.024577,0.0,-0.004842615012106477,0.0,-0.09999999999999787,20.55,20.6,20.6,20.65,509.0,348.0,3796.0,1006.0,False,False
2891,2022-10-28 10:34:24.162519,0.0,-0.004842615012106477,0.0,-0.09999999999999787,20.55,20.6,20.6,20.65,508.0,347.0,3796.0,1006.0,False,False
2891,2022-10-28 10:34:24.516525,0.0,-0.004842615012106477,0.0,-0.09999999999999787,20.55,20.6,20.6,20.65,504.0,347.0,3796.0,1006.0,False,False
2891,2022-10-28 10:34:24.628055,0.0,-0.004842615012106477,0.0,-0.09999999999999787,20.55,20.6,20.6,20.65,504.0,348.0,3796.0,1006.0,False,False
2891,2022-10-28 10:34:26.199161,0.0,-0.004842615012106477,0.0,-0.09999999999999787,20.55,20.6,20.6,20.65,504.0,358.0,3796.0,1006.0,False,False
2891,2022-10-28 10:34:27.103242,0.0,-0.004842615012106477,0.0,-0.09999999999999787,20.55,20.6,20.6,20.65,504.0,358.0,3796.0,1006.0,False,False
2891,2022-10-28 10:34:31.441169,0.0,-0.004842615012106477,0.0,-0.09999999999999787,20.55,20.6,20.6,20.65,504.0,363.0,3796.0,1006.0,False,False
2891,2022-10-28 10:34:33.359263,0.0,-0.004842615012106477,0.0,-0.09999999999999787,20.55,20.6,20.6,20.65,504.0,363.0,3796.0,1006.0,False,False
2891,2022-10-28 10:34:34.563291,0.0,-0.004842615012106477,0.0,-0.09999999999999787,20.55,20.6,20.6,20.65,504.0,365.0,3796.0,1006.0,False,False
2891,2022-10-28 10:34:35.245562,0.0,-0.004842615012106477,0.0,-0.09999999999999787,20.55,20.6,20.6,20.65,506.0,365.0,3796.0,1006.0,False,False
2891,2022-10-28 10:34:36.775489,0.0,-0.004842615012106477,0.0,-0.09999999999999787,20.55,20.6,20.6,20.65,506.0,364.0,3796.0,1006.0,False,False
2891,2022-10-28 10:34:38.048830,0.0,-0.004842615012106477,0.0,-0.09999999999999787,20.55,20.6,20.6,20.65,506.0,341.0,3796.0,1006.0,False,False
2891,2022-10-28 10:34:38.067725,0.0,-0.004842615012106477,0.0,-0.09999999999999787,20.55,20.6,20.6,20.65,494.0,351.0,3796.0,1006.0,False,False
2891,2022-10-28 10:34:38.064660,0.0,-0.004842615012106477,0.0,-0.09999999999999787,20.55,20.6,20.6,20.65,506.0,351.0,3796.0,1006.0,False,False
2891,2022-10-28 10:34:38.240059,0.0,-0.004842615012106477,0.0,-0.09999999999999787,20.55,20.6,20.6,20.65,493.0,352.0,3796.0,1006.0,False,False
2891,2022-10-28 10:34:38.227068,0.0,-0.004842615012106477,0.0,-0.09999999999999787,20.55,20.6,20.6,20.65,494.0,352.0,3796.0,1006.0,False,False
2891,2022-10-28 10:34:38.602320,0.0,-0.004842615012106477,0.0,-0.09999999999999787,20.55,20.6,20.6,20.65,489.0,352.0,3796.0,1006.0,False,False
2891,2022-10-28 10:34:38.711282,0.0,-0.004842615012106477,0.0,-0.09999999999999787,20.55,20.6,20.6,20.65,489.0,353.0,3796.0,1006.0,False,False
2891,2022-10-28 10:34:39.436068,0.0,-0.004842615012106477,0.0,-0.09999999999999787,20.55,20.6,20.6,20.65,489.0,355.0,3796.0,1006.0,False,False
2891,2022-10-28 10:34:39.553383,0.0,-0.004842615012106477,0.0,-0.09999999999999787,20.55,20.6,20.6,20.65,489.0,356.0,3796.0,1006.0,False,False
2891,2022-10-28 10:34:40.146761,0.0,-0.004842615012106477,0.0,-0.09999999999999787,20.55,20.6,20.6,20.65,490.0,356.0,3796.0,1006.0,False,False
2891,2022-10-28 10:34:40.249571,0.0,-0.004842615012106477,0.0,-0.09999999999999787,20.55,20.6,20.6,20.65,489.0,355.0,3796.0,1006.0,False,False
2891,2022-10-28 10:34:46.638772,0.0,-0.004842615012106477,0.0,-0.09999999999999787,20.55,20.6,20.6,20.65,489.0,355.0,3796.0,1006.0,False,False
2891,2022-10-28 10:34:47.241867,0.0,-0.004842615012106477,0.0,-0.09999999999999787,20.55,20.6,20.6,20.65,489.0,355.0,3796.0,1006.0,False,False
2891,2022-10-28 10:34:47.651249,0.0,-0.004842615012106477,0.0,-0.09999999999999787,20.55,20.6,20.6,20.65,488.0,355.0,3796.0,1006.0,False,False
2891,2022-10-28 10:34:47.766915,0.0,-0.004842615012106477,0.0,-0.09999999999999787,20.55,20.6,20.6,20.65,487.0,354.0,3796.0,1006.0,False,False
2891,2022-10-28 10:34:47.900712,0.0,-0.004842615012106477,0.0,-0.09999999999999787,20.55,20.6,20.6,20.65,486.0,353.0,3796.0,1006.0,False,False
2891,2022-10-28 10:34:48.668781,0.0,-0.004842615012106477,0.0,-0.09999999999999787,20.55,20.6,20.6,20.65,486.0,353.0,3796.0,1006.0,False,False
2891,2022-10-28 10:34:49.116602,0.0,-0.004842615012106477,0.0,-0.09999999999999787,20.55,20.6,20.6,20.65,486.0,353.0,3796.0,1006.0,False,False
2891,2022-10-28 10:34:49.663696,0.0,-0.004842615012106477,0.0,-0.09999999999999787,20.55,20.6,20.6,20.65,485.0,353.0,3796.0,1006.0,False,False
2891,2022-10-28 10:34:52.602775,0.0,-0.004842615012106477,0.0,-0.09999999999999787,20.55,20.6,20.6,20.65,485.0,353.0,3796.0,992.0,True,True
2891,2022-10-28 10:34:54.984307,0.0,-0.004842615012106477,0.0,-0.09999999999999787,20.55,20.6,20.6,20.65,485.0,352.0,3796.0,992.0,False,False
2891,2022-10-28 10:34:55.077375,0.0,-0.004842615012106477,0.0,-0.09999999999999787,20.55,20.6,20.6,20.65,485.0,353.0,3796.0,992.0,False,False
2891,2022-10-28 10:34:56.273732,0.0,-0.004842615012106477,0.0,-0.09999999999999787,20.55,20.6,20.6,20.65,487.0,353.0,3796.0,992.0,False,False
2891,2022-10-28 10:34:57.604181,0.0,-0.004842615012106477,0.0,-0.09999999999999787,20.55,20.6,20.6,20.65,482.0,353.0,3796.0,992.0,False,False
2891,2022-10-28 10:35:01.695445,0.0,-0.004842615012106477,0.0,-0.09999999999999787,20.55,20.6,20.6,20.65,482.0,353.0,3796.0,992.0,False,False
2891,2022-10-28 10:35:01.958653,0.0,-0.004842615012106477,0.0,-0.09999999999999787,20.55,20.6,20.6,20.65,492.0,353.0,3796.0,992.0,False,False
2891,2022-10-28 10:35:03.103755,0.0,-0.004842615012106477,0.0,-0.09999999999999787,20.55,20.6,20.6,20.65,492.0,357.0,3796.0,992.0,False,False
2891,2022-10-28 10:35:07.048645,0.0,-0.004842615012106477,0.0,-0.09999999999999787,20.55,20.6,20.6,20.65,492.0,357.0,3796.0,992.0,False,False
2891,2022-10-28 10:35:09.733797,0.0,-0.004842615012106477,0.0,-0.09999999999999787,20.55,20.6,20.6,20.65,492.0,357.0,3796.0,992.0,False,False
2891,2022-10-28 10:35:14.053357,0.0,-0.004842615012106477,0.0,-0.09999999999999787,20.55,20.6,20.6,20.65,492.0,356.0,3796.0,992.0,False,False
2891,2022-10-28 10:35:14.156604,0.0,-0.004842615012106477,0.0,-0.09999999999999787,20.55,20.6,20.6,20.65,492.0,357.0,3796.0,992.0,False,False
2891,2022-10-28 10:35:16.867726,0.0,-0.004842615012106477,0.0,-0.09999999999999787,20.55,20.6,20.6,20.65,492.0,357.0,3796.0,992.0,False,False
2891,2022-10-28 10:35:22.994232,0.0,-0.004842615012106477,0.0,-0.09999999999999787,20.55,20.6,20.6,20.65,492.0,357.0,3596.0,992.0,True,True
2891,2022-10-28 10:35:24.949181,0.0,-0.004842615012106477,0.0,-0.09999999999999787,20.55,20.6,20.6,20.65,492.0,347.0,3596.0,992.0,False,False
2891,2022-10-28 10:35:29.923594,0.0,-0.004842615012106477,0.0,-0.09999999999999787,20.55,20.6,20.6,20.65,492.0,346.0,3596.0,992.0,False,False
2891,2022-10-28 10:35:32.210964,0.0,-0.004842615012106477,0.0,-0.09999999999999787,20.55,20.6,20.6,20.65,492.0,345.0,3596.0,992.0,False,False
2891,2022-10-28 10:35:32.321862,0.0,-0.004842615012106477,0.0,-0.09999999999999787,20.55,20.6,20.6,20.65,492.0,346.0,3596.0,992.0,False,False
2891,2022-10-28 10:35:35.097551,0.0,-0.004842615012106477,0.0,-0.09999999999999787,20.55,20.6,20.6,20.65,492.0,346.0,3596.0,992.0,False,False
2891,2022-10-28 10:35:35.099216,0.0,-0.004842615012106477,0.0,-0.09999999999999787,20.55,20.6,20.6,20.65,494.0,346.0,3596.0,992.0,False,False
2891,2022-10-28 10:35:44.176908,0.0,-0.004842615012106477,0.0,-0.09999999999999787,20.55,20.6,20.6,20.65,494.0,356.0,3596.0,992.0,False,False
2891,2022-10-28 10:35:47.572744,0.0,-0.004842615012106477,0.0,-0.09999999999999787,20.55,20.6,20.6,20.65,494.0,371.0,3596.0,992.0,False,False
2891,2022-10-28 10:35:47.841966,0.0,-0.004842615012106477,0.0,-0.09999999999999787,20.55,20.6,20.6,20.65,494.0,371.0,3596.0,992.0,False,False
2891,2022-10-28 10:35:47.966719,0.0,-0.004842615012106477,0.0,-0.09999999999999787,20.55,20.6,20.6,20.65,494.0,392.0,3596.0,992.0,False,False
2891,2022-10-28 10:35:50.859543,0.0,-0.004842615012106477,0.0,-0.09999999999999787,20.55,20.6,20.6,20.65,494.0,391.0,3596.0,992.0,False,False
2891,2022-10-28 10:35:51.405715,0.0,-0.004842615012106477,0.0,-0.09999999999999787,20.55,20.6,20.6,20.65,494.0,390.0,3596.0,992.0,False,False
2891,2022-10-28 10:35:56.284442,0.0,-0.004842615012106477,0.0,-0.09999999999999787,20.55,20.6,20.6,20.65,494.0,391.0,3596.0,992.0,False,False
2891,2022-10-28 10:35:59.017191,0.0,-0.004842615012106477,0.0,-0.09999999999999787,20.55,20.6,20.6,20.65,494.0,391.0,3596.0,992.0,False,False
2891,2022-10-28 10:35:59.207523,0.0,-0.004842615012106477,0.0,-0.09999999999999787,20.55,20.6,20.6,20.65,494.0,391.0,3596.0,992.0,False,False
2891,2022-10-28 10:36:02.330694,0.0,-0.004842615012106477,0.0,-0.09999999999999787,20.55,20.6,20.6,20.65,494.0,391.0,3596.0,992.0,False,False
2891,2022-10-28 10:36:06.222569,0.0,-0.004842615012106477,0.0,-0.09999999999999787,20.55,20.6,20.6,20.65,499.0,391.0,3596.0,992.0,False,False
2891,2022-10-28 10:36:07.088707,0.0,-0.004842615012106477,0.0,-0.09999999999999787,20.55,20.6,20.6,20.65,506.0,391.0,3596.0,992.0,False,False
2891,2022-10-28 10:36:08.949259,0.0,-0.004842615012106477,0.0,-0.09999999999999787,20.55,20.6,20.6,20.65,506.0,393.0,3596.0,992.0,False,False
2891,2022-10-28 10:36:09.054101,0.0,-0.004842615012106477,0.0,-0.09999999999999787,20.55,20.6,20.6,20.65,506.0,393.0,3596.0,992.0,False,False
2891,2022-10-28 10:36:09.561817,0.0,-0.004842615012106477,0.0,-0.09999999999999787,20.55,20.6,20.6,20.65,506.0,392.0,3596.0,992.0,False,False
2891,2022-10-28 10:36:09.693137,0.0,-0.004842615012106477,0.0,-0.09999999999999787,20.55,20.6,20.6,20.65,505.0,391.0,3596.0,992.0,False,False
2891,2022-10-28 10:36:09.828828,0.0,-0.004842615012106477,0.0,-0.09999999999999787,20.55,20.6,20.6,20.65,504.0,390.0,3596.0,992.0,False,False
2891,2022-10-28 10:36:10.911055,0.0,-0.004842615012106477,0.0,-0.09999999999999787,20.55,20.6,20.6,20.65,500.0,390.0,3596.0,992.0,False,False
2891,2022-10-28 10:36:10.965850,0.0,-0.004842615012106477,0.0,-0.09999999999999787,20.55,20.6,20.6,20.65,502.0,390.0,3596.0,992.0,False,False
2891,2022-10-28 10:36:12.470436,0.0,-0.004842615012106477,0.0,-0.09999999999999787,20.55,20.6,20.6,20.65,502.0,390.0,3596.0,992.0,False,False
2891,2022-10-28 10:36:14.364416,0.0,-0.004842615012106477,0.0,-0.09999999999999787,20.55,20.6,20.6,20.65,502.0,388.0,3596.0,992.0,False,False
2891,2022-10-28 10:36:15.584933,0.0,-0.004842615012106477,0.0,-0.09999999999999787,20.55,20.6,20.6,20.65,502.0,387.0,3596.0,992.0,False,False
2891,2022-10-28 10:36:15.682014,0.0,-0.004842615012106477,0.0,-0.09999999999999787,20.55,20.6,20.6,20.65,502.0,388.0,3596.0,992.0,False,False
2891,2022-10-28 10:36:16.868544,0.0,-0.004842615012106477,0.0,-0.09999999999999787,20.55,20.6,20.6,20.65,502.0,388.0,3596.0,992.0,False,False
2891,2022-10-28 10:36:20.345749,0.0,-0.004842615012106477,0.0,-0.09999999999999787,20.55,20.6,20.6,20.65,502.0,389.0,3596.0,992.0,False,False
2891,2022-10-28 10:36:25.981820,0.0,-0.004842615012106477,0.0,-0.09999999999999787,20.55,20.6,20.6,20.65,502.0,390.0,3596.0,992.0,False,False
2891,2022-10-28 10:36:27.738832,0.0,-0.004842615012106477,0.0,-0.09999999999999787,20.55,20.6,20.6,20.65,502.0,389.0,3596.0,992.0,False,False
2891,2022-10-28 10:36:34.364830,0.0,-0.004842615012106477,0.0,-0.09999999999999787,20.55,20.6,20.6,20.65,502.0,395.0,3596.0,992.0,False,False
2891,2022-10-28 10:36:36.599663,0.0,-0.004842615012106477,0.0,-0.09999999999999787,20.55,20.6,20.6,20.65,503.0,395.0,3596.0,992.0,False,False
2891,2022-10-28 10:36:42.698157,0.0,-0.004842615012106477,0.0,-0.09999999999999787,20.55,20.6,20.6,20.65,503.0,399.0,3596.0,992.0,False,False
2891,2022-10-28 10:36:45.918526,0.0,-0.004842615012106477,0.0,-0.09999999999999787,20.55,20.6,20.6,20.65,506.0,399.0,3596.0,992.0,False,False
2891,2022-10-28 10:36:46.551215,0.0,-0.004842615012106477,0.0,-0.09999999999999787,20.55,20.6,20.6,20.65,509.0,399.0,3596.0,992.0,False,False
2891,2022-10-28 10:36:46.892766,0.0,-0.004842615012106477,0.0,-0.09999999999999787,20.55,20.6,20.6,20.65,509.0,398.0,3596.0,992.0,False,False
2891,2022-10-28 10:36:46.997097,0.0,-0.004842615012106477,0.0,-0.09999999999999787,20.55,20.6,20.6,20.65,509.0,399.0,3596.0,992.0,False,False
2891,2022-10-28 10:36:49.205004,0.0,-0.004842615012106477,0.0,-0.09999999999999787,20.55,20.6,20.6,20.65,509.0,399.0,3596.0,992.0,False,False
2891,2022-10-28 10:36:53.232951,0.0,-0.004842615012106477,0.0,-0.09999999999999787,20.55,20.6,20.6,20.65,509.0,399.0,3596.0,1052.0,True,True
2891,2022-10-28 10:36:54.514831,0.0,-0.004842615012106477,0.0,-0.09999999999999787,20.55,20.6,20.6,20.65,509.0,399.0,3596.0,1052.0,False,False
2891,2022-10-28 10:37:00.967778,0.0,-0.004842615012106477,0.0,-0.09999999999999787,20.55,20.6,20.6,20.65,509.0,397.0,3596.0,1052.0,False,False
2891,2022-10-28 10:37:03.262502,0.0,-0.004842615012106477,0.0,-0.09999999999999787,20.55,20.6,20.6,20.65,509.0,397.0,3596.0,1042.0,True,True
2891,2022-10-28 10:37:05.066324,0.0,-0.004842615012106477,0.0,-0.09999999999999787,20.55,20.6,20.6,20.65,509.0,396.0,3596.0,1042.0,False,False
2891,2022-10-28 10:37:07.293362,0.0,-0.004842615012106477,0.0,-0.09999999999999787,20.55,20.6,20.6,20.65,509.0,396.0,3596.0,1042.0,False,False
2891,2022-10-28 10:37:10.537973,0.0,-0.004842615012106477,0.0,-0.09999999999999787,20.55,20.6,20.6,20.65,509.0,397.0,3596.0,1042.0,False,False
2891,2022-10-28 10:37:12.489723,0.0,-0.004842615012106477,0.0,-0.09999999999999787,20.55,20.6,20.6,20.65,509.0,397.0,3596.0,1042.0,False,True
2891,2022-10-28 10:37:13.885831,0.0,-0.004842615012106477,0.0,-0.09999999999999787,20.55,20.6,20.6,20.65,509.0,397.0,3596.0,1042.0,False,False
2891,2022-10-28 10:37:13.904616,0.0,-0.004842615012106477,0.0,-0.09999999999999787,20.55,20.6,20.6,20.65,694.0,397.0,3596.0,1042.0,False,False
2891,2022-10-28 10:37:14.424877,0.0,-0.004842615012106477,0.0,-0.09999999999999787,20.55,20.6,20.6,20.65,705.0,397.0,3596.0,1042.0,False,False
2891,2022-10-28 10:37:14.754964,0.0,-0.004842615012106477,0.0,-0.09999999999999787,20.55,20.6,20.6,20.65,705.0,397.0,3596.0,1042.0,False,False
2891,2022-10-28 10:37:14.787198,0.0,-0.004842615012106477,0.0,-0.09999999999999787,20.55,20.6,20.6,20.65,709.0,397.0,3596.0,1042.0,False,False
2891,2022-10-28 10:37:15.185497,0.0,-0.004842615012106477,0.0,-0.09999999999999787,20.55,20.6,20.6,20.65,717.0,397.0,3596.0,1042.0,False,False
2891,2022-10-28 10:37:15.967880,0.0,-0.004842615012106477,0.0,-0.09999999999999787,20.55,20.6,20.6,20.65,717.0,395.0,3596.0,1042.0,False,False
2891,2022-10-28 10:37:16.091965,0.0,-0.004842615012106477,0.0,-0.09999999999999787,20.55,20.6,20.6,20.65,717.0,396.0,3596.0,1042.0,False,False
2891,2022-10-28 10:37:16.835144,0.0,-0.004842615012106477,0.0,-0.09999999999999787,20.55,20.6,20.6,20.65,714.0,396.0,3596.0,1042.0,False,False
2891,2022-10-28 10:37:16.837076,0.0,-0.004842615012106477,0.0,-0.09999999999999787,20.55,20.6,20.6,20.65,714.0,396.0,3596.0,1042.0,False,False
2891,2022-10-28 10:37:17.535407,0.0,-0.004842615012106477,0.0,-0.09999999999999787,20.55,20.6,20.6,20.65,710.0,396.0,3596.0,1042.0,False,False
2891,2022-10-28 10:37:17.593575,0.0,-0.004842615012106477,0.0,-0.09999999999999787,20.55,20.6,20.6,20.65,711.0,396.0,3596.0,1042.0,False,False
2891,2022-10-28 10:37:17.860298,0.0,-0.004842615012106477,0.0,-0.09999999999999787,20.55,20.6,20.6,20.65,710.0,395.0,3596.0,1042.0,False,False
2891,2022-10-28 10:37:20.410589,0.0,-0.004842615012106477,0.0,-0.09999999999999787,20.55,20.6,20.6,20.65,715.0,395.0,3596.0,1042.0,False,False
2891,2022-10-28 10:37:20.415301,0.0,-0.004842615012106477,0.0,-0.09999999999999787,20.55,20.6,20.6,20.65,715.0,393.0,3596.0,1042.0,False,False
2891,2022-10-28 10:37:20.523416,0.0,-0.004842615012106477,0.0,-0.09999999999999787,20.55,20.6,20.6,20.65,715.0,394.0,3596.0,1042.0,False,False
2891,2022-10-28 10:37:20.660501,0.0,-0.004842615012106477,0.0,-0.09999999999999787,20.55,20.6,20.6,20.65,715.0,394.0,3596.0,1042.0,False,False
2891,2022-10-28 10:37:22.065930,0.0,-0.004842615012106477,0.0,-0.09999999999999787,20.55,20.6,20.6,20.65,715.0,394.0,3596.0,1042.0,False,False
2891,2022-10-28 10:37:22.518874,0.0,-0.004842615012106477,0.0,-0.09999999999999787,20.55,20.6,20.6,20.65,715.0,394.0,3596.0,1042.0,True,True
2891,2022-10-28 10:37:24.272367,0.0,-0.004842615012106477,0.0,-0.09999999999999787,20.55,20.6,20.6,20.65,715.0,393.0,3596.0,1042.0,False,False
2891,2022-10-28 10:37:30.966389,0.0,-0.004842615012106477,0.0,-0.09999999999999787,20.55,20.6,20.6,20.65,715.0,391.0,3596.0,1042.0,False,False
2891,2022-10-28 10:37:31.079561,0.0,-0.004842615012106477,0.0,-0.09999999999999787,20.55,20.6,20.6,20.65,714.0,390.0,3596.0,1042.0,False,False
2891,2022-10-28 10:37:32.833896,0.0,-0.004842615012106477,0.0,-0.09999999999999787,20.55,20.6,20.6,20.65,714.0,390.0,3596.0,1042.0,False,False
2891,2022-10-28 10:37:42.463219,0.0,-0.004842615012106477,0.0,-0.09999999999999787,20.55,20.6,20.6,20.65,714.0,389.0,3596.0,1042.0,False,False
2891,2022-10-28 10:37:42.589526,0.0,-0.004842615012106477,0.0,-0.09999999999999787,20.55,20.6,20.6,20.65,714.0,390.0,3596.0,1042.0,False,False
2891,2022-10-28 10:37:42.642586,0.0,-0.004842615012106477,0.0,-0.09999999999999787,20.55,20.6,20.6,20.65,714.0,391.0,3596.0,1042.0,False,False
2891,2022-10-28 10:37:43.261060,0.0,-0.004842615012106477,0.0,-0.09999999999999787,20.55,20.6,20.6,20.65,714.0,391.0,3596.0,1042.0,False,False
2891,2022-10-28 10:37:44.782841,0.0,-0.004842615012106477,0.0,-0.09999999999999787,20.55,20.6,20.6,20.65,714.0,491.0,3596.0,1042.0,False,False
2891,2022-10-28 10:37:44.868371,0.0,-0.004842615012106477,0.0,-0.09999999999999787,20.55,20.6,20.6,20.65,714.0,494.0,3596.0,1042.0,False,False
2891,2022-10-28 10:37:45.951624,0.0,-0.004842615012106477,0.0,-0.09999999999999787,20.55,20.6,20.6,20.65,714.0,492.0,3596.0,1042.0,False,False
2891,2022-10-28 10:37:47.035251,0.0,-0.004842615012106477,0.0,-0.09999999999999787,20.55,20.6,20.6,20.65,709.0,492.0,3596.0,1042.0,False,False
2891,2022-10-28 10:37:47.143819,0.0,-0.004842615012106477,0.0,-0.09999999999999787,20.55,20.6,20.6,20.65,708.0,491.0,3596.0,1042.0,False,False
2891,2022-10-28 10:37:47.204064,0.0,-0.004842615012106477,0.0,-0.09999999999999787,20.55,20.6,20.6,20.65,707.0,490.0,3596.0,1042.0,False,False
2891,2022-10-28 10:37:47.422493,0.0,-0.004842615012106477,0.0,-0.09999999999999787,20.55,20.6,20.6,20.65,707.0,488.0,3596.0,1042.0,False,False
2891,2022-10-28 10:37:47.471364,0.0,-0.004842615012106477,0.0,-0.09999999999999787,20.55,20.6,20.6,20.65,707.0,478.0,3596.0,1042.0,False,False
2891,2022-10-28 10:37:47.514415,0.0,-0.004842615012106477,0.0,-0.09999999999999787,20.55,20.6,20.6,20.65,707.0,479.0,3596.0,1042.0,False,False
2891,2022-10-28 10:37:49.393112,0.0,-0.004842615012106477,0.0,-0.09999999999999787,20.55,20.6,20.6,20.65,707.0,488.0,3596.0,1042.0,False,False
2891,2022-10-28 10:37:52.812823,0.0,-0.004842615012106477,0.0,-0.09999999999999787,20.55,20.6,20.6,20.65,707.0,588.0,3596.0,1042.0,False,False
2891,2022-10-28 10:37:53.240140,0.0,-0.004842615012106477,0.0,-0.09999999999999787,20.55,20.6,20.6,20.65,707.0,588.0,3596.0,1042.0,False,False
2891,2022-10-28 10:37:53.241294,0.0,-0.004842615012106477,0.0,-0.09999999999999787,20.55,20.6,20.6,20.65,707.0,611.0,3596.0,1042.0,False,False
2891,2022-10-28 10:37:53.418434,0.0,-0.004842615012106477,0.0,-0.09999999999999787,20.55,20.6,20.6,20.65,707.0,616.0,3596.0,1042.0,False,False
2891,2022-10-28 10:37:56.909153,0.0,-0.004842615012106477,0.0,-0.09999999999999787,20.55,20.6,20.6,20.65,707.0,612.0,3596.0,1042.0,False,False
2891,2022-10-28 10:37:57.009923,0.0,-0.004842615012106477,0.0,-0.09999999999999787,20.55,20.6,20.6,20.65,707.0,613.0,3596.0,1042.0,False,False
2891,2022-10-28 10:38:00.637538,0.0,-0.004842615012106477,0.0,-0.09999999999999787,20.55,20.6,20.6,20.65,707.0,612.0,3596.0,1042.0,False,False
2891,2022-10-28 10:38:00.947277,0.0,-0.004842615012106477,0.0,-0.09999999999999787,20.55,20.6,20.6,20.65,707.0,610.0,3596.0,1042.0,False,False
2891,2022-10-28 10:38:01.062193,0.0,-0.004842615012106477,0.0,-0.09999999999999787,20.55,20.6,20.6,20.65,707.0,611.0,3596.0,1042.0,False,False
2891,2022-10-28 10:38:05.597190,0.0,-0.004842615012106477,0.0,-0.09999999999999787,20.55,20.6,20.6,20.65,707.0,630.0,3596.0,1042.0,False,False
2891,2022-10-28 10:38:08.353979,0.0,-0.004842615012106477,0.0,-0.09999999999999787,20.55,20.6,20.6,20.65,706.0,630.0,3596.0,1042.0,False,False
2891,2022-10-28 10:38:08.487862,0.0,-0.004842615012106477,0.0,-0.09999999999999787,20.55,20.6,20.6,20.65,705.0,629.0,3596.0,1042.0,False,False
2891,2022-10-28 10:38:09.142075,0.0,-0.004842615012106477,0.0,-0.09999999999999787,20.55,20.6,20.6,20.65,730.0,629.0,3596.0,1042.0,False,False
2891,2022-10-28 10:38:09.743040,0.0,-0.004842615012106477,0.0,-0.09999999999999787,20.55,20.6,20.6,20.65,730.0,616.0,3596.0,1042.0,False,False
2891,2022-10-28 10:38:09.880973,0.0,-0.004842615012106477,0.0,-0.09999999999999787,20.55,20.6,20.6,20.65,730.0,617.0,3596.0,1042.0,False,False
2891,2022-10-28 10:38:09.888461,0.0,-0.004842615012106477,0.0,-0.09999999999999787,20.55,20.6,20.6,20.65,729.0,617.0,3596.0,1042.0,False,False
2891,2022-10-28 10:38:11.120163,0.0,-0.004842615012106477,0.0,-0.09999999999999787,20.55,20.6,20.6,20.65,729.0,617.0,3596.0,1042.0,False,False
2891,2022-10-28 10:38:14.300189,0.0,-0.004842615012106477,0.0,-0.09999999999999787,20.55,20.6,20.6,20.65,729.0,611.0,3596.0,1042.0,False,False
2891,2022-10-28 10:38:14.407832,0.0,-0.004842615012106477,0.0,-0.09999999999999787,20.55,20.6,20.6,20.65,728.0,610.0,3596.0,1042.0,False,False
2891,2022-10-28 10:38:14.909609,0.0,-0.004842615012106477,0.0,-0.09999999999999787,20.55,20.6,20.6,20.65,728.0,610.0,3596.0,1042.0,False,False
2891,2022-10-28 10:38:15.287480,0.0,-0.004842615012106477,0.0,-0.09999999999999787,20.55,20.6,20.6,20.65,728.0,610.0,3596.0,1042.0,False,False
2891,2022-10-28 10:38:15.941062,0.0,-0.004842615012106477,0.0,-0.09999999999999787,20.55,20.6,20.6,20.65,728.0,608.0,3596.0,1042.0,False,False
2891,2022-10-28 10:38:16.045082,0.0,-0.004842615012106477,0.0,-0.09999999999999787,20.55,20.6,20.6,20.65,728.0,609.0,3596.0,1042.0,False,False
2891,2022-10-28 10:38:18.175911,0.0,-0.004842615012106477,0.0,-0.09999999999999787,20.55,20.6,20.6,20.65,731.0,609.0,3596.0,1042.0,False,False
2891,2022-10-28 10:38:19.842312,0.0,-0.004842615012106477,0.0,-0.09999999999999787,20.55,20.6,20.6,20.65,731.0,608.0,3596.0,1042.0,False,False
2891,2022-10-28 10:38:22.164101,0.0,-0.004842615012106477,0.0,-0.09999999999999787,20.55,20.6,20.6,20.65,731.0,609.0,3596.0,1042.0,False,False
2891,2022-10-28 10:38:22.883962,0.0,-0.004842615012106477,0.0,-0.09999999999999787,20.55,20.6,20.6,20.65,731.0,611.0,3596.0,1042.0,False,False
2891,2022-10-28 10:38:24.349670,0.0,-0.004842615012106477,0.0,-0.09999999999999787,20.55,20.6,20.6,20.65,734.0,611.0,3596.0,1042.0,False,False
2891,2022-10-28 10:38:24.626334,0.0,-0.004842615012106477,0.0,-0.09999999999999787,20.55,20.6,20.6,20.65,734.0,612.0,3596.0,1042.0,False,False
2891,2022-10-28 10:38:25.101755,0.0,-0.004842615012106477,0.0,-0.09999999999999787,20.55,20.6,20.6,20.65,734.0,611.0,3596.0,1042.0,False,False
2891,2022-10-28 10:38:29.755174,0.0,-0.004842615012106477,0.0,-0.09999999999999787,20.55,20.6,20.6,20.65,734.0,614.0,3596.0,1042.0,False,False
2891,2022-10-28 10:38:30.934407,0.0,-0.004842615012106477,0.0,-0.09999999999999787,20.55,20.6,20.6,20.65,734.0,612.0,3596.0,1042.0,False,False
2891,2022-10-28 10:38:31.056666,0.0,-0.004842615012106477,0.0,-0.09999999999999787,20.55,20.6,20.6,20.65,734.0,613.0,3596.0,1042.0,False,False
2891,2022-10-28 10:38:31.876334,0.0,-0.004842615012106477,0.0,-0.09999999999999787,20.55,20.6,20.6,20.65,735.0,613.0,3596.0,1042.0,False,False
2891,2022-10-28 10:38:32.739947,0.0,-0.004842615012106477,0.0,-0.09999999999999787,20.55,20.6,20.6,20.65,735.0,613.0,3096.0,1042.0,True,True
2891,2022-10-28 10:38:33.873327,0.0,-0.004842615012106477,0.0,-0.09999999999999787,20.55,20.6,20.6,20.65,736.0,613.0,3096.0,1042.0,False,False
2891,2022-10-28 10:38:34.308606,0.0,-0.004842615012106477,0.0,-0.09999999999999787,20.55,20.6,20.6,20.65,736.0,624.0,3096.0,1042.0,False,False
2891,2022-10-28 10:38:35.125904,0.0,-0.004842615012106477,0.0,-0.09999999999999787,20.55,20.6,20.6,20.65,736.0,629.0,3096.0,1042.0,False,False
2891,2022-10-28 10:38:35.365998,0.0,-0.004842615012106477,0.0,-0.09999999999999787,20.55,20.6,20.6,20.65,739.0,629.0,3096.0,1042.0,False,False
2891,2022-10-28 10:38:37.264965,0.0,-0.004842615012106477,0.0,-0.09999999999999787,20.55,20.6,20.6,20.65,739.0,625.0,3096.0,1042.0,False,False
2891,2022-10-28 10:38:38.001222,0.0,-0.004842615012106477,0.0,-0.09999999999999787,20.55,20.6,20.6,20.65,739.0,624.0,3096.0,1042.0,False,False
2891,2022-10-28 10:38:38.641635,0.0,-0.004842615012106477,0.0,-0.09999999999999787,20.55,20.6,20.6,20.65,739.0,624.0,3096.0,1042.0,False,False
2891,2022-10-28 10:38:42.767054,0.0,-0.004842615012106477,0.0,-0.09999999999999787,20.55,20.6,20.6,20.65,739.0,624.0,2596.0,2041.0,True,True
2891,2022-10-28 10:38:44.743097,0.0,-0.004842615012106477,0.0,-0.09999999999999787,20.55,20.6,20.6,20.65,740.0,624.0,2596.0,2041.0,False,False
2891,2022-10-28 10:38:45.925827,0.0,-0.004842615012106477,0.0,-0.09999999999999787,20.55,20.6,20.6,20.65,740.0,622.0,2596.0,2041.0,False,False
2891,2022-10-28 10:38:46.076054,0.0,-0.004842615012106477,0.0,-0.09999999999999787,20.55,20.6,20.6,20.65,740.0,623.0,2596.0,2041.0,False,False
2891,2022-10-28 10:38:46.087939,0.0,-0.004842615012106477,0.0,-0.09999999999999787,20.55,20.6,20.6,20.65,739.0,623.0,2596.0,2041.0,False,False
2891,2022-10-28 10:38:50.035935,0.0,-0.004842615012106477,0.0,-0.09999999999999787,20.55,20.6,20.6,20.65,739.0,623.0,2596.0,2041.0,False,False
2891,2022-10-28 10:38:56.189857,0.0,-0.004842615012106477,0.0,-0.09999999999999787,20.55,20.6,20.6,20.65,739.0,622.0,2596.0,2041.0,False,False
2891,2022-10-28 10:38:57.665622,0.0,-0.004842615012106477,0.0,-0.09999999999999787,20.55,20.6,20.6,20.65,739.0,622.0,2596.0,2041.0,False,False
2891,2022-10-28 10:39:00.003024,0.0,-0.004842615012106477,0.0,-0.09999999999999787,20.55,20.6,20.6,20.65,739.0,623.0,2596.0,2041.0,False,False
2891,2022-10-28 10:39:01.091672,0.0,-0.004842615012106477,0.0,-0.09999999999999787,20.55,20.6,20.6,20.65,739.0,633.0,2596.0,2041.0,False,False
2891,2022-10-28 10:39:01.206494,0.0,-0.004842615012106477,0.0,-0.09999999999999787,20.55,20.6,20.6,20.65,739.0,634.0,2596.0,2041.0,False,False
2891,2022-10-28 10:39:01.913520,0.0,-0.004842615012106477,0.0,-0.09999999999999787,20.55,20.6,20.6,20.65,739.0,632.0,2596.0,2041.0,False,False
2891,2022-10-28 10:39:07.688450,0.0,-0.004842615012106477,0.0,-0.09999999999999787,20.55,20.6,20.6,20.65,739.0,633.0,2596.0,2041.0,False,False
2891,2022-10-28 10:39:11.744728,0.0,-0.004842615012106477,0.0,-0.09999999999999787,20.55,20.6,20.6,20.65,739.0,636.0,2596.0,2041.0,False,False
2891,2022-10-28 10:39:12.865576,0.0,-0.004842615012106477,0.0,-0.09999999999999787,20.55,20.6,20.6,20.65,739.0,636.0,2611.0,2041.0,True,True
2891,2022-10-28 10:39:14.023162,0.0,-0.004842615012106477,0.0,-0.09999999999999787,20.55,20.6,20.6,20.65,741.0,636.0,2611.0,2041.0,False,False
2891,2022-10-28 10:39:14.148936,0.0,-0.004842615012106477,0.0,-0.09999999999999787,20.55,20.6,20.6,20.65,741.0,636.0,2611.0,2041.0,False,False
2891,2022-10-28 10:39:15.380076,0.0,-0.004842615012106477,0.0,-0.09999999999999787,20.55,20.6,20.6,20.65,741.0,635.0,2611.0,2041.0,False,False
2891,2022-10-28 10:39:15.821855,0.0,-0.004842615012106477,0.0,-0.09999999999999787,20.55,20.6,20.6,20.65,741.0,635.0,2611.0,2041.0,False,False
2891,2022-10-28 10:39:15.825427,0.0,-0.004842615012106477,0.0,-0.09999999999999787,20.55,20.6,20.6,20.65,741.0,645.0,2611.0,2041.0,False,False
2891,2022-10-28 10:39:16.910322,0.0,-0.004842615012106477,0.0,-0.09999999999999787,20.55,20.6,20.6,20.65,741.0,643.0,2611.0,2041.0,False,False
2891,2022-10-28 10:39:17.020261,0.0,-0.004842615012106477,0.0,-0.09999999999999787,20.55,20.6,20.6,20.65,740.0,642.0,2611.0,2041.0,False,False
2891,2022-10-28 10:39:18.122067,0.0,-0.004842615012106477,0.0,-0.09999999999999787,20.55,20.6,20.6,20.65,740.0,647.0,2611.0,2041.0,False,False
2891,2022-10-28 10:39:19.845771,0.0,-0.004842615012106477,0.0,-0.09999999999999787,20.55,20.6,20.6,20.65,741.0,647.0,2611.0,2041.0,False,False
2891,2022-10-28 10:39:20.337675,0.0,-0.004842615012106477,0.0,-0.09999999999999787,20.55,20.6,20.6,20.65,741.0,645.0,2611.0,2041.0,False,False
2891,2022-10-28 10:39:24.348766,0.0,-0.004842615012106477,0.0,-0.09999999999999787,20.55,20.6,20.6,20.65,741.0,641.0,2611.0,2041.0,False,False
2891,2022-10-28 10:39:24.480907,0.0,-0.004842615012106477,0.0,-0.09999999999999787,20.55,20.6,20.6,20.65,741.0,642.0,2611.0,2041.0,False,False
2891,2022-10-28 10:39:24.489698,0.0,-0.004842615012106477,0.0,-0.09999999999999787,20.55,20.6,20.6,20.65,740.0,642.0,2611.0,2041.0,False,False
2891,2022-10-28 10:39:25.839903,0.0,-0.004842615012106477,0.0,-0.09999999999999787,20.55,20.6,20.6,20.65,740.0,642.0,2611.0,2041.0,False,False
2891,2022-10-28 10:39:26.469219,0.0,-0.004842615012106477,0.0,-0.09999999999999787,20.55,20.6,20.6,20.65,742.0,642.0,2611.0,2041.0,False,False
2891,2022-10-28 10:39:28.930730,0.0,-0.004842615012106477,0.0,-0.09999999999999787,20.55,20.6,20.6,20.65,742.0,643.0,2611.0,2041.0,False,False
2891,2022-10-28 10:39:30.039486,0.0,-0.004842615012106477,0.0,-0.09999999999999787,20.55,20.6,20.6,20.65,740.0,643.0,2611.0,2041.0,False,False
2891,2022-10-28 10:39:31.903565,0.0,-0.004842615012106477,0.0,-0.09999999999999787,20.55,20.6,20.6,20.65,740.0,641.0,2611.0,2041.0,False,False
2891,2022-10-28 10:39:32.179716,0.0,-0.004842615012106477,0.0,-0.09999999999999787,20.55,20.6,20.6,20.65,740.0,641.0,2611.0,2041.0,False,False
2891,2022-10-28 10:39:32.927905,0.0,-0.004842615012106477,0.0,-0.09999999999999787,20.55,20.6,20.6,20.65,740.0,641.0,2756.0,2041.0,True,True
2891,2022-10-28 10:39:33.585844,0.0,-0.004842615012106477,0.0,-0.09999999999999787,20.55,20.6,20.6,20.65,740.0,640.0,2756.0,2041.0,False,False
2891,2022-10-28 10:39:35.115036,0.0,-0.004842615012106477,0.0,-0.09999999999999787,20.55,20.6,20.6,20.65,740.0,640.0,2756.0,2041.0,False,False
2891,2022-10-28 10:39:35.957852,0.0,-0.004842615012106477,0.0,-0.09999999999999787,20.55,20.6,20.6,20.65,740.0,642.0,2756.0,2041.0,False,False
2891,2022-10-28 10:39:37.298686,0.0,-0.004842615012106477,0.0,-0.09999999999999787,20.55,20.6,20.6,20.65,740.0,638.0,2756.0,2041.0,False,False
2891,2022-10-28 10:39:37.529358,0.0,-0.004842615012106477,0.0,-0.09999999999999787,20.55,20.6,20.6,20.65,740.0,639.0,2756.0,2041.0,False,False
2891,2022-10-28 10:39:38.205712,0.0,-0.004842615012106477,0.0,-0.09999999999999787,20.55,20.6,20.6,20.65,740.0,639.0,2756.0,2041.0,False,False
2891,2022-10-28 10:39:38.842968,0.0,-0.004842615012106477,0.0,-0.09999999999999787,20.55,20.6,20.6,20.65,740.0,639.0,2756.0,2041.0,False,False
2891,2022-10-28 10:39:42.965053,0.0,-0.004842615012106477,0.0,-0.09999999999999787,20.55,20.6,20.6,20.65,740.0,639.0,2856.0,2941.0,True,True
2891,2022-10-28 10:39:44.011933,0.0,-0.004842615012106477,0.0,-0.09999999999999787,20.55,20.6,20.6,20.65,740.0,640.0,2856.0,2941.0,False,False
2891,2022-10-28 10:39:46.883230,0.0,-0.004842615012106477,0.0,-0.09999999999999787,20.55,20.6,20.6,20.65,740.0,638.0,2856.0,2941.0,False,False
2891,2022-10-28 10:39:47.000692,0.0,-0.004842615012106477,0.0,-0.09999999999999787,20.55,20.6,20.6,20.65,739.0,637.0,2856.0,2941.0,False,False
2891,2022-10-28 10:39:47.091588,0.0,-0.004842615012106477,0.0,-0.09999999999999787,20.55,20.6,20.6,20.65,738.0,636.0,2856.0,2941.0,False,False
2891,2022-10-28 10:39:48.444403,0.0,-0.004842615012106477,0.0,-0.09999999999999787,20.55,20.6,20.6,20.65,738.0,626.0,2856.0,2941.0,False,False
2891,2022-10-28 10:39:48.462958,0.0,-0.004842615012106477,0.0,-0.09999999999999787,20.55,20.6,20.6,20.65,728.0,625.0,2856.0,2941.0,False,False
2891,2022-10-28 10:39:48.465958,0.0,-0.004842615012106477,0.0,-0.09999999999999787,20.55,20.6,20.6,20.65,727.0,625.0,2856.0,2941.0,False,False
2891,2022-10-28 10:39:48.444439,0.0,-0.004842615012106477,0.0,-0.09999999999999787,20.55,20.6,20.6,20.65,738.0,625.0,2856.0,2941.0,False,False
2891,2022-10-28 10:39:48.590665,0.0,-0.004842615012106477,0.0,-0.09999999999999787,20.55,20.6,20.6,20.65,727.0,626.0,2856.0,2941.0,False,False
2891,2022-10-28 10:39:48.706392,0.0,-0.004842615012106477,0.0,-0.09999999999999787,20.55,20.6,20.6,20.65,727.0,627.0,2856.0,2941.0,False,False
2891,2022-10-28 10:39:50.487782,0.0,-0.004842615012106477,0.0,-0.09999999999999787,20.55,20.6,20.6,20.65,727.0,627.0,2856.0,2941.0,False,False
2891,2022-10-28 10:39:52.791121,0.0,-0.004842615012106477,0.0,-0.09999999999999787,20.55,20.6,20.6,20.65,727.0,626.0,2856.0,2941.0,False,False
2891,2022-10-28 10:39:52.903827,0.0,-0.004842615012106477,0.0,-0.09999999999999787,20.55,20.6,20.6,20.65,726.0,625.0,2856.0,2941.0,False,False
2891,2022-10-28 10:39:53.009645,0.0,-0.004842615012106477,0.0,-0.09999999999999787,20.55,20.6,20.6,20.65,726.0,625.0,3441.0,2941.0,True,True
2891,2022-10-28 10:39:53.022448,0.0,-0.004842615012106477,0.0,-0.09999999999999787,20.55,20.6,20.6,20.65,725.0,625.0,3441.0,2941.0,False,False
2891,2022-10-28 10:39:57.726539,0.0,-0.004842615012106477,0.0,-0.09999999999999787,20.55,20.6,20.6,20.65,725.0,625.0,3441.0,2941.0,False,False
2891,2022-10-28 10:39:58.410720,0.0,-0.004842615012106477,0.0,-0.09999999999999787,20.55,20.6,20.6,20.65,725.0,623.0,3441.0,2941.0,False,False
2891,2022-10-28 10:39:59.184669,0.0,-0.004842615012106477,0.0,-0.09999999999999787,20.55,20.6,20.6,20.65,728.0,623.0,3441.0,2941.0,False,False
2891,2022-10-28 10:40:01.318583,0.0,-0.004842615012106477,0.0,-0.09999999999999787,20.55,20.6,20.6,20.65,728.0,973.0,3441.0,2941.0,False,False
2891,2022-10-28 10:40:01.379977,0.0,-0.004842615012106477,0.0,-0.09999999999999787,20.55,20.6,20.6,20.65,728.0,975.0,3441.0,2941.0,False,False
2891,2022-10-28 10:40:01.451954,0.0,-0.004842615012106477,0.0,-0.09999999999999787,20.55,20.6,20.6,20.65,727.0,975.0,3441.0,2941.0,False,False
2891,2022-10-28 10:40:01.598840,0.0,-0.004842615012106477,0.0,-0.09999999999999787,20.55,20.6,20.6,20.65,727.0,1018.0,3441.0,2941.0,False,False
2891,2022-10-28 10:40:01.707895,0.0,-0.004842615012106477,0.0,-0.09999999999999787,20.55,20.6,20.6,20.65,727.0,1023.0,3441.0,2941.0,False,False
2891,2022-10-28 10:40:01.948380,0.0,-0.004842615012106477,0.0,-0.09999999999999787,20.55,20.6,20.6,20.65,727.0,1021.0,3441.0,2941.0,False,False
2891,2022-10-28 10:40:02.057176,0.0,-0.004842615012106477,0.0,-0.09999999999999787,20.55,20.6,20.6,20.65,727.0,1022.0,3441.0,2941.0,False,False
2891,2022-10-28 10:40:02.096867,0.0,-0.004842615012106477,0.0,-0.09999999999999787,20.55,20.6,20.6,20.65,727.0,1030.0,3441.0,2941.0,False,False
2891,2022-10-28 10:40:02.589774,0.0,-0.004842615012106477,0.0,-0.09999999999999787,20.55,20.6,20.6,20.65,727.0,1031.0,3441.0,2941.0,False,False
2891,2022-10-28 10:40:02.712084,0.0,-0.004842615012106477,0.0,-0.09999999999999787,20.55,20.6,20.6,20.65,727.0,1031.0,3441.0,2941.0,False,False
2891,2022-10-28 10:40:03.145785,0.0,-0.004842615012106477,0.0,-0.09999999999999787,20.55,20.6,20.6,20.65,727.0,1048.0,3441.0,2941.0,False,False
2891,2022-10-28 10:40:04.135777,0.0,-0.004842615012106477,0.0,-0.09999999999999787,20.55,20.6,20.6,20.65,727.0,1051.0,3441.0,2941.0,False,False
2891,2022-10-28 10:40:04.582190,0.0,-0.004842615012106477,0.0,-0.09999999999999787,20.55,20.6,20.6,20.65,723.0,1051.0,3441.0,2941.0,False,False
2891,2022-10-28 10:40:06.035257,0.0,-0.004842615012106477,0.0,-0.09999999999999787,20.55,20.6,20.6,20.65,721.0,1049.0,3441.0,2941.0,False,False
2891,2022-10-28 10:40:06.038092,0.0,-0.004842615012106477,0.0,-0.09999999999999787,20.55,20.6,20.6,20.65,719.0,1047.0,3441.0,2941.0,False,False
2891,2022-10-28 10:40:06.161937,0.0,-0.004842615012106477,0.0,-0.09999999999999787,20.55,20.6,20.6,20.65,719.0,1048.0,3441.0,2941.0,False,False
2891,2022-10-28 10:40:06.247020,0.0,-0.004842615012106477,0.0,-0.09999999999999787,20.55,20.6,20.6,20.65,719.0,1048.0,3441.0,2941.0,False,False
2891,2022-10-28 10:40:06.326276,0.0,-0.004842615012106477,0.0,-0.09999999999999787,20.55,20.6,20.6,20.65,719.0,1091.0,3441.0,2941.0,False,False
2891,2022-10-28 10:40:11.078414,0.0,-0.004842615012106477,0.0,-0.09999999999999787,20.55,20.6,20.6,20.65,719.0,1090.0,3441.0,2941.0,False,False
2891,2022-10-28 10:40:11.124609,0.0,-0.004842615012106477,0.0,-0.09999999999999787,20.55,20.6,20.6,20.65,719.0,1091.0,3441.0,2941.0,False,False
2891,2022-10-28 10:40:11.222504,0.0,-0.004842615012106477,0.0,-0.09999999999999787,20.55,20.6,20.6,20.65,719.0,1092.0,3441.0,2941.0,False,False
2891,2022-10-28 10:40:11.236859,0.0,-0.004842615012106477,0.0,-0.09999999999999787,20.55,20.6,20.6,20.65,718.0,1092.0,3441.0,2941.0,False,False
2891,2022-10-28 10:40:11.288593,0.0,-0.004842615012106477,0.0,-0.09999999999999787,20.55,20.6,20.6,20.65,533.0,1092.0,3441.0,2941.0,False,False
2891,2022-10-28 10:40:12.054747,0.0,-0.004842615012106477,0.0,-0.09999999999999787,20.55,20.6,20.6,20.65,529.0,1092.0,3441.0,2941.0,False,False
2891,2022-10-28 10:40:12.087547,0.0,-0.004842615012106477,0.0,-0.09999999999999787,20.55,20.6,20.6,20.65,656.0,1092.0,3441.0,2941.0,False,False
2891,2022-10-28 10:40:12.594494,0.0,-0.004842615012106477,0.0,-0.09999999999999787,20.55,20.6,20.6,20.65,656.0,1092.0,3451.0,2941.0,False,True
2891,2022-10-28 10:40:16.570613,0.0,-0.004842615012106477,0.0,-0.09999999999999787,20.55,20.6,20.6,20.65,306.0,742.0,3451.0,2941.0,False,False
2891,2022-10-28 10:40:16.591431,0.0,-0.004842615012106477,0.0,-0.09999999999999787,20.55,20.6,20.6,20.65,303.0,742.0,3451.0,2941.0,False,False
2891,2022-10-28 10:40:16.591471,0.0,-0.004842615012106477,0.0,-0.09999999999999787,20.55,20.6,20.6,20.65,143.0,742.0,3451.0,2941.0,False,False
2891,2022-10-28 10:40:16.591515,0.0,-0.007263922518159771,0.0,-0.14999999999999858,20.5,20.6,20.6,20.65,890.0,742.0,3451.0,2941.0,False,False
2891,2022-10-28 10:40:16.592222,0.0,-0.007263922518159771,0.0,-0.14999999999999858,20.5,20.6,20.6,20.65,890.0,742.0,3451.0,2941.0,False,False
2891,2022-10-28 10:40:16.606236,0.0024330900243310083,-0.007263922518159771,0.05000000000000071,-0.14999999999999858,20.5,20.55,20.6,20.65,890.0,303.0,3451.0,2941.0,False,False
2891,2022-10-28 10:40:16.613155,0.0024330900243310083,-0.007263922518159771,0.05000000000000071,-0.14999999999999858,20.5,20.55,20.6,20.65,872.0,316.0,3451.0,2941.0,False,False
2891,2022-10-28 10:40:16.656452,0.0024330900243310083,-0.007263922518159771,0.05000000000000071,-0.14999999999999858,20.5,20.55,20.6,20.65,872.0,511.0,3451.0,2941.0,False,False
2891,2022-10-28 10:40:16.729079,0.0024330900243310083,-0.007263922518159771,0.05000000000000071,-0.14999999999999858,20.5,20.55,20.6,20.65,876.0,602.0,3451.0,2941.0,False,False
2891,2022-10-28 10:40:16.858200,0.0024330900243310083,-0.007263922518159771,0.05000000000000071,-0.14999999999999858,20.5,20.55,20.6,20.65,864.0,602.0,3451.0,2941.0,False,False
2891,2022-10-28 10:40:16.962384,0.0024330900243310083,-0.007263922518159771,0.05000000000000071,-0.14999999999999858,20.5,20.55,20.6,20.65,864.0,616.0,3451.0,2941.0,False,False
2891,2022-10-28 10:40:17.006955,0.0024330900243310083,-0.007263922518159771,0.05000000000000071,-0.14999999999999858,20.5,20.55,20.6,20.65,864.0,614.0,3451.0,2941.0,False,False
2891,2022-10-28 10:40:17.064265,0.0024330900243310083,-0.007263922518159771,0.05000000000000071,-0.14999999999999858,20.5,20.55,20.6,20.65,864.0,615.0,3451.0,2941.0,False,False
2891,2022-10-28 10:40:17.165004,0.0024330900243310083,-0.007263922518159771,0.05000000000000071,-0.14999999999999858,20.5,20.55,20.6,20.65,864.0,616.0,3451.0,2941.0,False,False
2891,2022-10-28 10:40:17.370765,0.0024330900243310083,-0.007263922518159771,0.05000000000000071,-0.14999999999999858,20.5,20.55,20.6,20.65,864.0,618.0,3451.0,2941.0,False,False
2891,2022-10-28 10:40:17.462671,0.0024330900243310083,-0.007263922518159771,0.05000000000000071,-0.14999999999999858,20.5,20.55,20.6,20.65,845.0,631.0,3451.0,2941.0,False,False
2891,2022-10-28 10:40:17.571394,0.0024330900243310083,-0.007263922518159771,0.05000000000000071,-0.14999999999999858,20.5,20.55,20.6,20.65,845.0,632.0,3451.0,2941.0,False,False
2891,2022-10-28 10:40:17.682398,0.0024330900243310083,-0.007263922518159771,0.05000000000000071,-0.14999999999999858,20.5,20.55,20.6,20.65,845.0,803.0,3451.0,2941.0,False,False
2891,2022-10-28 10:40:17.767079,0.0024330900243310083,-0.007263922518159771,0.05000000000000071,-0.14999999999999858,20.5,20.55,20.6,20.65,845.0,804.0,3451.0,2941.0,False,False
2891,2022-10-28 10:40:17.968455,0.0024330900243310083,-0.007263922518159771,0.05000000000000071,-0.14999999999999858,20.5,20.55,20.6,20.65,845.0,806.0,3451.0,2941.0,False,False
2891,2022-10-28 10:40:18.063866,0.0024330900243310083,-0.007263922518159771,0.05000000000000071,-0.14999999999999858,20.5,20.55,20.6,20.65,845.0,807.0,3451.0,2941.0,False,False
2891,2022-10-28 10:40:18.168645,0.0024330900243310083,-0.007263922518159771,0.05000000000000071,-0.14999999999999858,20.5,20.55,20.6,20.65,845.0,808.0,3451.0,2941.0,False,False
2891,2022-10-28 10:40:18.270709,0.0024330900243310083,-0.007263922518159771,0.05000000000000071,-0.14999999999999858,20.5,20.55,20.6,20.65,845.0,809.0,3451.0,2941.0,False,False
2891,2022-10-28 10:40:18.471167,0.0024330900243310083,-0.007263922518159771,0.05000000000000071,-0.14999999999999858,20.5,20.55,20.6,20.65,845.0,811.0,3451.0,2941.0,False,False
2891,2022-10-28 10:40:18.573885,0.0024330900243310083,-0.007263922518159771,0.05000000000000071,-0.14999999999999858,20.5,20.55,20.6,20.65,845.0,812.0,3451.0,2941.0,False,False
2891,2022-10-28 10:40:18.730525,0.0024330900243310083,-0.007263922518159771,0.05000000000000071,-0.14999999999999858,20.5,20.55,20.6,20.65,848.0,813.0,3451.0,2941.0,False,False
2891,2022-10-28 10:40:18.760100,0.0024330900243310083,-0.007263922518159771,0.05000000000000071,-0.14999999999999858,20.5,20.55,20.6,20.65,848.0,813.0,3451.0,2941.0,False,False
2891,2022-10-28 10:40:18.820220,0.0024330900243310083,-0.007263922518159771,0.05000000000000071,-0.14999999999999858,20.5,20.55,20.6,20.65,847.0,829.0,3451.0,2941.0,False,False
2891,2022-10-28 10:40:18.809304,0.0024330900243310083,-0.007263922518159771,0.05000000000000071,-0.14999999999999858,20.5,20.55,20.6,20.65,848.0,829.0,3451.0,2941.0,False,False
2891,2022-10-28 10:40:18.990146,0.0024330900243310083,-0.007263922518159771,0.05000000000000071,-0.14999999999999858,20.5,20.55,20.6,20.65,847.0,831.0,3451.0,2941.0,False,False
2891,2022-10-28 10:40:19.112092,0.0024330900243310083,-0.007263922518159771,0.05000000000000071,-0.14999999999999858,20.5,20.55,20.6,20.65,863.0,833.0,3451.0,2941.0,False,False
2891,2022-10-28 10:40:19.236176,0.0024330900243310083,-0.007263922518159771,0.05000000000000071,-0.14999999999999858,20.5,20.55,20.6,20.65,863.0,834.0,3451.0,2941.0,False,False
2891,2022-10-28 10:40:19.338872,0.0024330900243310083,-0.007263922518159771,0.05000000000000071,-0.14999999999999858,20.5,20.55,20.6,20.65,808.0,835.0,3451.0,2941.0,False,False
2891,2022-10-28 10:40:19.343844,0.0024330900243310083,-0.007263922518159771,0.05000000000000071,-0.14999999999999858,20.5,20.55,20.6,20.65,808.0,916.0,3451.0,2941.0,False,False
2891,2022-10-28 10:40:19.487732,0.0024330900243310083,-0.007263922518159771,0.05000000000000071,-0.14999999999999858,20.5,20.55,20.6,20.65,808.0,918.0,3451.0,2941.0,False,False
2891,2022-10-28 10:40:19.588770,0.0024330900243310083,-0.007263922518159771,0.05000000000000071,-0.14999999999999858,20.5,20.55,20.6,20.65,808.0,919.0,3451.0,2941.0,False,False
2891,2022-10-28 10:40:19.688231,0.0024330900243310083,-0.007263922518159771,0.05000000000000071,-0.14999999999999858,20.5,20.55,20.6,20.65,808.0,920.0,3451.0,2941.0,False,False
2891,2022-10-28 10:40:19.782404,0.0024330900243310083,-0.007263922518159771,0.05000000000000071,-0.14999999999999858,20.5,20.55,20.6,20.65,808.0,921.0,3451.0,2941.0,False,False
2891,2022-10-28 10:40:19.990753,0.0024330900243310083,-0.007263922518159771,0.05000000000000071,-0.14999999999999858,20.5,20.55,20.6,20.65,808.0,923.0,3451.0,2941.0,False,False
2891,2022-10-28 10:40:20.097603,0.0024330900243310083,-0.007263922518159771,0.05000000000000071,-0.14999999999999858,20.5,20.55,20.6,20.65,808.0,928.0,3451.0,2941.0,False,False
2891,2022-10-28 10:40:20.242904,0.0024330900243310083,-0.007263922518159771,0.05000000000000071,-0.14999999999999858,20.5,20.55,20.6,20.65,808.0,956.0,3451.0,2941.0,False,False
2891,2022-10-28 10:40:20.339662,0.0024330900243310083,-0.007263922518159771,0.05000000000000071,-0.14999999999999858,20.5,20.55,20.6,20.65,808.0,958.0,3451.0,2941.0,False,False
2891,2022-10-28 10:40:20.385964,0.0024330900243310083,-0.007263922518159771,0.05000000000000071,-0.14999999999999858,20.5,20.55,20.6,20.65,808.0,959.0,3451.0,2941.0,False,False
2891,2022-10-28 10:40:20.593084,0.0024330900243310083,-0.007263922518159771,0.05000000000000071,-0.14999999999999858,20.5,20.55,20.6,20.65,808.0,961.0,3451.0,2941.0,False,False
2891,2022-10-28 10:40:20.692476,0.0024330900243310083,-0.007263922518159771,0.05000000000000071,-0.14999999999999858,20.5,20.55,20.6,20.65,808.0,962.0,3451.0,2941.0,False,False
2891,2022-10-28 10:40:20.848195,0.0024330900243310083,-0.007263922518159771,0.05000000000000071,-0.14999999999999858,20.5,20.55,20.6,20.65,807.0,984.0,3451.0,2941.0,False,False
2891,2022-10-28 10:40:20.835196,0.0024330900243310083,-0.007263922518159771,0.05000000000000071,-0.14999999999999858,20.5,20.55,20.6,20.65,808.0,984.0,3451.0,2941.0,False,False
2891,2022-10-28 10:40:21.003454,0.0024330900243310083,-0.007263922518159771,0.05000000000000071,-0.14999999999999858,20.5,20.55,20.6,20.65,807.0,986.0,3451.0,2941.0,False,False
2891,2022-10-28 10:40:21.105966,0.0024330900243310083,-0.007263922518159771,0.05000000000000071,-0.14999999999999858,20.5,20.55,20.6,20.65,807.0,987.0,3451.0,2941.0,False,False
2891,2022-10-28 10:40:21.209053,0.0024330900243310083,-0.007263922518159771,0.05000000000000071,-0.14999999999999858,20.5,20.55,20.6,20.65,807.0,988.0,3451.0,2941.0,False,False
2891,2022-10-28 10:40:21.329818,0.0024330900243310083,-0.007263922518159771,0.05000000000000071,-0.14999999999999858,20.5,20.55,20.6,20.65,799.0,989.0,3451.0,2941.0,False,False
2891,2022-10-28 10:40:21.302986,0.0024330900243310083,-0.007263922518159771,0.05000000000000071,-0.14999999999999858,20.5,20.55,20.6,20.65,807.0,989.0,3451.0,2941.0,False,False
2891,2022-10-28 10:40:21.404627,0.0024330900243310083,-0.007263922518159771,0.05000000000000071,-0.14999999999999858,20.5,20.55,20.6,20.65,799.0,990.0,3451.0,2941.0,False,False
2891,2022-10-28 10:40:21.602264,0.0024330900243310083,-0.007263922518159771,0.05000000000000071,-0.14999999999999858,20.5,20.55,20.6,20.65,799.0,992.0,3451.0,2941.0,False,False
2891,2022-10-28 10:40:22.085496,0.0024330900243310083,-0.007263922518159771,0.05000000000000071,-0.14999999999999858,20.5,20.55,20.6,20.65,799.0,996.0,3451.0,2941.0,False,False
2891,2022-10-28 10:40:22.172024,0.0024330900243310083,-0.007263922518159771,0.05000000000000071,-0.14999999999999858,20.5,20.55,20.6,20.65,794.0,996.0,3451.0,2941.0,False,False
2891,2022-10-28 10:40:22.410119,0.0024330900243310083,-0.007263922518159771,0.05000000000000071,-0.14999999999999858,20.5,20.55,20.6,20.65,794.0,698.0,3451.0,2941.0,False,False
2891,2022-10-28 10:40:22.642787,0.0024330900243310083,-0.007263922518159771,0.05000000000000071,-0.14999999999999858,20.5,20.55,20.6,20.65,794.0,688.0,3451.0,2941.0,False,False
2891,2022-10-28 10:40:22.663598,0.0024330900243310083,-0.007263922518159771,0.05000000000000071,-0.14999999999999858,20.5,20.55,20.6,20.65,794.0,688.0,3451.0,42901.0,True,True
2891,2022-10-28 10:40:22.748424,0.0024330900243310083,-0.007263922518159771,0.05000000000000071,-0.14999999999999858,20.5,20.55,20.6,20.65,794.0,686.0,3451.0,42901.0,False,False
2891,2022-10-28 10:40:22.863262,0.0024330900243310083,-0.007263922518159771,0.05000000000000071,-0.14999999999999858,20.5,20.55,20.6,20.65,793.0,686.0,3451.0,42901.0,False,False
2891,2022-10-28 10:40:22.966239,0.0024330900243310083,-0.007263922518159771,0.05000000000000071,-0.14999999999999858,20.5,20.55,20.6,20.65,793.0,665.0,3451.0,42901.0,False,False
2891,2022-10-28 10:40:22.968352,0.0024330900243310083,-0.007263922518159771,0.05000000000000071,-0.14999999999999858,20.5,20.55,20.6,20.65,793.0,658.0,3451.0,42901.0,False,False
2891,2022-10-28 10:40:23.277978,0.0024330900243310083,-0.007263922518159771,0.05000000000000071,-0.14999999999999858,20.5,20.55,20.6,20.65,793.0,631.0,3451.0,42901.0,False,False
2891,2022-10-28 10:40:23.349629,0.0024330900243310083,-0.007263922518159771,0.05000000000000071,-0.14999999999999858,20.5,20.55,20.6,20.65,789.0,631.0,3451.0,42901.0,False,False
2891,2022-10-28 10:40:23.346366,0.0024330900243310083,-0.007263922518159771,0.05000000000000071,-0.14999999999999858,20.5,20.55,20.6,20.65,793.0,631.0,3451.0,42901.0,False,False
2891,2022-10-28 10:40:24.156175,0.0024330900243310083,-0.007263922518159771,0.05000000000000071,-0.14999999999999858,20.5,20.55,20.6,20.65,789.0,631.0,3451.0,42901.0,False,False
2891,2022-10-28 10:40:24.302481,0.0024330900243310083,-0.007263922518159771,0.05000000000000071,-0.14999999999999858,20.5,20.55,20.6,20.65,762.0,631.0,3451.0,42901.0,False,False
2891,2022-10-28 10:40:24.322017,0.0024330900243310083,-0.007263922518159771,0.05000000000000071,-0.14999999999999858,20.5,20.55,20.6,20.65,762.0,627.0,3451.0,42901.0,False,False
2891,2022-10-28 10:40:24.886400,0.0024330900243310083,-0.007263922518159771,0.05000000000000071,-0.14999999999999858,20.5,20.55,20.6,20.65,762.0,630.0,3451.0,42901.0,False,False
2891,2022-10-28 10:40:25.025565,0.0024330900243310083,-0.007263922518159771,0.05000000000000071,-0.14999999999999858,20.5,20.55,20.6,20.65,761.0,630.0,3451.0,42901.0,False,False
2891,2022-10-28 10:40:25.370948,0.0024330900243310083,-0.007263922518159771,0.05000000000000071,-0.14999999999999858,20.5,20.55,20.6,20.65,758.0,630.0,3451.0,42901.0,False,False
2891,2022-10-28 10:40:26.452776,0.0024330900243310083,-0.007263922518159771,0.05000000000000071,-0.14999999999999858,20.5,20.55,20.6,20.65,758.0,630.0,3451.0,42901.0,False,False
2891,2022-10-28 10:40:27.196390,0.0024330900243310083,-0.007263922518159771,0.05000000000000071,-0.14999999999999858,20.5,20.55,20.6,20.65,758.0,630.0,3451.0,42901.0,False,False
2891,2022-10-28 10:40:27.312354,0.0024330900243310083,-0.007263922518159771,0.05000000000000071,-0.14999999999999858,20.5,20.55,20.6,20.65,757.0,630.0,3451.0,42901.0,False,False
2891,2022-10-28 10:40:27.385748,0.0024330900243310083,-0.007263922518159771,0.05000000000000071,-0.14999999999999858,20.5,20.55,20.6,20.65,753.0,630.0,3451.0,42901.0,False,False
2891,2022-10-28 10:40:28.203779,0.0024330900243310083,-0.007263922518159771,0.05000000000000071,-0.14999999999999858,20.5,20.55,20.6,20.65,753.0,630.0,3451.0,42901.0,False,False
2891,2022-10-28 10:40:29.338012,0.0024330900243310083,-0.007263922518159771,0.05000000000000071,-0.14999999999999858,20.5,20.55,20.6,20.65,753.0,629.0,3451.0,42901.0,False,False
2891,2022-10-28 10:40:29.408167,0.0024330900243310083,-0.007263922518159771,0.05000000000000071,-0.14999999999999858,20.5,20.55,20.6,20.65,750.0,629.0,3451.0,42901.0,False,False
2891,2022-10-28 10:40:29.483711,0.0024330900243310083,-0.007263922518159771,0.05000000000000071,-0.14999999999999858,20.5,20.55,20.6,20.65,749.0,629.0,3451.0,42901.0,False,False
2891,2022-10-28 10:40:30.611633,0.0024330900243310083,-0.007263922518159771,0.05000000000000071,-0.14999999999999858,20.5,20.55,20.6,20.65,748.0,629.0,3451.0,42901.0,False,False
2891,2022-10-28 10:40:31.328382,0.0024330900243310083,-0.007263922518159771,0.05000000000000071,-0.14999999999999858,20.5,20.55,20.6,20.65,748.0,629.0,3451.0,42901.0,False,False
2891,2022-10-28 10:40:31.332101,0.0024330900243310083,-0.007263922518159771,0.05000000000000071,-0.14999999999999858,20.5,20.55,20.6,20.65,748.0,629.0,3451.0,42901.0,False,False
2891,2022-10-28 10:40:31.454059,0.0024330900243310083,-0.007263922518159771,0.05000000000000071,-0.14999999999999858,20.5,20.55,20.6,20.65,744.0,625.0,3451.0,42901.0,False,False
2891,2022-10-28 10:40:31.423732,0.0024330900243310083,-0.007263922518159771,0.05000000000000071,-0.14999999999999858,20.5,20.55,20.6,20.65,748.0,625.0,3451.0,42901.0,False,False
2891,2022-10-28 10:40:31.559950,0.0024330900243310083,-0.007263922518159771,0.05000000000000071,-0.14999999999999858,20.5,20.55,20.6,20.65,743.0,625.0,3451.0,42901.0,False,False
2891,2022-10-28 10:40:32.038831,0.0024330900243310083,-0.007263922518159771,0.05000000000000071,-0.14999999999999858,20.5,20.55,20.6,20.65,743.0,623.0,3451.0,42901.0,False,False
2891,2022-10-28 10:40:32.122730,0.0024330900243310083,-0.007263922518159771,0.05000000000000071,-0.14999999999999858,20.5,20.55,20.6,20.65,743.0,633.0,3451.0,42901.0,False,False
2891,2022-10-28 10:40:33.250650,0.0024330900243310083,-0.007263922518159771,0.05000000000000071,-0.14999999999999858,20.5,20.55,20.6,20.65,743.0,633.0,3451.0,42901.0,False,False
2891,2022-10-28 10:40:33.254121,0.0024330900243310083,-0.007263922518159771,0.05000000000000071,-0.14999999999999858,20.5,20.55,20.6,20.65,746.0,633.0,3451.0,42901.0,False,False
2891,2022-10-28 10:40:34.415332,0.0024330900243310083,-0.007263922518159771,0.05000000000000071,-0.14999999999999858,20.5,20.55,20.6,20.65,746.0,630.0,3451.0,42901.0,False,False
2891,2022-10-28 10:40:34.525063,0.0024330900243310083,-0.007263922518159771,0.05000000000000071,-0.14999999999999858,20.5,20.55,20.6,20.65,745.0,630.0,3451.0,42901.0,False,False
2891,2022-10-28 10:40:35.204378,0.0024330900243310083,-0.007263922518159771,0.05000000000000071,-0.14999999999999858,20.5,20.55,20.6,20.65,747.0,630.0,3451.0,42901.0,False,False
2891,2022-10-28 10:40:36.397986,0.0024330900243310083,-0.007263922518159771,0.05000000000000071,-0.14999999999999858,20.5,20.55,20.6,20.65,746.0,630.0,3451.0,42901.0,False,False
2891,2022-10-28 10:40:36.531452,0.0024330900243310083,-0.007263922518159771,0.05000000000000071,-0.14999999999999858,20.5,20.55,20.6,20.65,746.0,627.0,3451.0,42901.0,False,False
2891,2022-10-28 10:40:36.563151,0.0024330900243310083,-0.007263922518159771,0.05000000000000071,-0.14999999999999858,20.5,20.55,20.6,20.65,742.0,627.0,3451.0,42901.0,False,False
2891,2022-10-28 10:40:36.657777,0.0024330900243310083,-0.007263922518159771,0.05000000000000071,-0.14999999999999858,20.5,20.55,20.6,20.65,741.0,627.0,3451.0,42901.0,False,False
2891,2022-10-28 10:40:37.432168,0.0024330900243310083,-0.007263922518159771,0.05000000000000071,-0.14999999999999858,20.5,20.55,20.6,20.65,741.0,627.0,3451.0,42901.0,False,False
2891,2022-10-28 10:40:37.479822,0.0024330900243310083,-0.007263922518159771,0.05000000000000071,-0.14999999999999858,20.5,20.55,20.6,20.65,741.0,682.0,3451.0,42901.0,False,False
2891,2022-10-28 10:40:38.030333,0.0024330900243310083,-0.007263922518159771,0.05000000000000071,-0.14999999999999858,20.5,20.55,20.6,20.65,741.0,682.0,3451.0,42901.0,False,False
2891,2022-10-28 10:40:38.031631,0.0024330900243310083,-0.007263922518159771,0.05000000000000071,-0.14999999999999858,20.5,20.55,20.6,20.65,741.0,682.0,3451.0,42901.0,False,False
2891,2022-10-28 10:40:38.475008,0.0024330900243310083,-0.007263922518159771,0.05000000000000071,-0.14999999999999858,20.5,20.55,20.6,20.65,741.0,685.0,3451.0,42901.0,False,False
2891,2022-10-28 10:40:39.235579,0.0024330900243310083,-0.007263922518159771,0.05000000000000071,-0.14999999999999858,20.5,20.55,20.6,20.65,740.0,684.0,3451.0,42901.0,False,False
2891,2022-10-28 10:40:39.354702,0.0024330900243310083,-0.007263922518159771,0.05000000000000071,-0.14999999999999858,20.5,20.55,20.6,20.65,739.0,683.0,3451.0,42901.0,False,False
2891,2022-10-28 10:40:39.455064,0.0024330900243310083,-0.007263922518159771,0.05000000000000071,-0.14999999999999858,20.5,20.55,20.6,20.65,738.0,682.0,3451.0,42901.0,False,False
2891,2022-10-28 10:40:39.477880,0.0024330900243310083,-0.007263922518159771,0.05000000000000071,-0.14999999999999858,20.5,20.55,20.6,20.65,747.0,682.0,3451.0,42901.0,False,False
2891,2022-10-28 10:40:39.556591,0.0024330900243310083,-0.007263922518159771,0.05000000000000071,-0.14999999999999858,20.5,20.55,20.6,20.65,746.0,681.0,3451.0,42901.0,False,False
2891,2022-10-28 10:40:39.656826,0.0024330900243310083,-0.007263922518159771,0.05000000000000071,-0.14999999999999858,20.5,20.55,20.6,20.65,745.0,680.0,3451.0,42901.0,False,False
2891,2022-10-28 10:40:39.751097,0.0024330900243310083,-0.007263922518159771,0.05000000000000071,-0.14999999999999858,20.5,20.55,20.6,20.65,744.0,679.0,3451.0,42901.0,False,False
2891,2022-10-28 10:40:39.854823,0.0024330900243310083,-0.007263922518159771,0.05000000000000071,-0.14999999999999858,20.5,20.55,20.6,20.65,743.0,678.0,3451.0,42901.0,False,False
2891,2022-10-28 10:40:39.952762,0.0024330900243310083,-0.007263922518159771,0.05000000000000071,-0.14999999999999858,20.5,20.55,20.6,20.65,742.0,677.0,3451.0,42901.0,False,False
2891,2022-10-28 10:40:40.066421,0.0024330900243310083,-0.007263922518159771,0.05000000000000071,-0.14999999999999858,20.5,20.55,20.6,20.65,741.0,676.0,3451.0,42901.0,False,False
2891,2022-10-28 10:40:40.156462,0.0024330900243310083,-0.007263922518159771,0.05000000000000071,-0.14999999999999858,20.5,20.55,20.6,20.65,740.0,675.0,3451.0,42901.0,False,False
2891,2022-10-28 10:40:40.265006,0.0024330900243310083,-0.007263922518159771,0.05000000000000071,-0.14999999999999858,20.5,20.55,20.6,20.65,739.0,674.0,3451.0,42901.0,False,False
2891,2022-10-28 10:40:40.355975,0.0024330900243310083,-0.007263922518159771,0.05000000000000071,-0.14999999999999858,20.5,20.55,20.6,20.65,738.0,673.0,3451.0,42901.0,False,False
2891,2022-10-28 10:40:40.464312,0.0024330900243310083,-0.007263922518159771,0.05000000000000071,-0.14999999999999858,20.5,20.55,20.6,20.65,737.0,672.0,3451.0,42901.0,False,False
2891,2022-10-28 10:40:40.554668,0.0024330900243310083,-0.007263922518159771,0.05000000000000071,-0.14999999999999858,20.5,20.55,20.6,20.65,736.0,671.0,3451.0,42901.0,False,False
2891,2022-10-28 10:40:40.657943,0.0024330900243310083,-0.007263922518159771,0.05000000000000071,-0.14999999999999858,20.5,20.55,20.6,20.65,735.0,670.0,3451.0,42901.0,False,False
2891,2022-10-28 10:40:40.763613,0.0024330900243310083,-0.007263922518159771,0.05000000000000071,-0.14999999999999858,20.5,20.55,20.6,20.65,734.0,669.0,3451.0,42901.0,False,False
2891,2022-10-28 10:40:40.863827,0.0024330900243310083,-0.007263922518159771,0.05000000000000071,-0.14999999999999858,20.5,20.55,20.6,20.65,733.0,668.0,3451.0,42901.0,False,False
2891,2022-10-28 10:40:40.960189,0.0024330900243310083,-0.007263922518159771,0.05000000000000071,-0.14999999999999858,20.5,20.55,20.6,20.65,732.0,667.0,3451.0,42901.0,False,False
2891,2022-10-28 10:40:41.059026,0.0024330900243310083,-0.007263922518159771,0.05000000000000071,-0.14999999999999858,20.5,20.55,20.6,20.65,731.0,666.0,3451.0,42901.0,False,False
2891,2022-10-28 10:40:41.164643,0.0024330900243310083,-0.007263922518159771,0.05000000000000071,-0.14999999999999858,20.5,20.55,20.6,20.65,730.0,665.0,3451.0,42901.0,False,False
2891,2022-10-28 10:40:41.266250,0.0024330900243310083,-0.007263922518159771,0.05000000000000071,-0.14999999999999858,20.5,20.55,20.6,20.65,729.0,664.0,3451.0,42901.0,False,False
2891,2022-10-28 10:40:41.363281,0.0024330900243310083,-0.007263922518159771,0.05000000000000071,-0.14999999999999858,20.5,20.55,20.6,20.65,728.0,663.0,3451.0,42901.0,False,False
2891,2022-10-28 10:40:41.465917,0.0024330900243310083,-0.007263922518159771,0.05000000000000071,-0.14999999999999858,20.5,20.55,20.6,20.65,727.0,662.0,3451.0,42901.0,False,False
2891,2022-10-28 10:40:41.565619,0.0024330900243310083,-0.007263922518159771,0.05000000000000071,-0.14999999999999858,20.5,20.55,20.6,20.65,727.0,660.0,3451.0,42901.0,False,False
2891,2022-10-28 10:40:41.567503,0.0024330900243310083,-0.007263922518159771,0.05000000000000071,-0.14999999999999858,20.5,20.55,20.6,20.65,726.0,659.0,3451.0,42901.0,False,False
2891,2022-10-28 10:40:41.591989,0.0024330900243310083,-0.007263922518159771,0.05000000000000071,-0.14999999999999858,20.5,20.55,20.6,20.65,722.0,659.0,3451.0,42901.0,False,False
2891,2022-10-28 10:40:41.683733,0.0024330900243310083,-0.007263922518159771,0.05000000000000071,-0.14999999999999858,20.5,20.55,20.6,20.65,721.0,658.0,3451.0,42901.0,False,False
2891,2022-10-28 10:40:41.769973,0.0024330900243310083,-0.007263922518159771,0.05000000000000071,-0.14999999999999858,20.5,20.55,20.6,20.65,720.0,657.0,3451.0,42901.0,False,False
2891,2022-10-28 10:40:41.864567,0.0024330900243310083,-0.007263922518159771,0.05000000000000071,-0.14999999999999858,20.5,20.55,20.6,20.65,719.0,656.0,3451.0,42901.0,False,False
2891,2022-10-28 10:40:41.976400,0.0024330900243310083,-0.007263922518159771,0.05000000000000071,-0.14999999999999858,20.5,20.55,20.6,20.65,718.0,655.0,3451.0,42901.0,False,False
2891,2022-10-28 10:40:42.069584,0.0024330900243310083,-0.007263922518159771,0.05000000000000071,-0.14999999999999858,20.5,20.55,20.6,20.65,717.0,654.0,3451.0,42901.0,False,False
2891,2022-10-28 10:40:42.175319,0.0024330900243310083,-0.007263922518159771,0.05000000000000071,-0.14999999999999858,20.5,20.55,20.6,20.65,716.0,653.0,3451.0,42901.0,False,False
2891,2022-10-28 10:40:42.270433,0.0024330900243310083,-0.007263922518159771,0.05000000000000071,-0.14999999999999858,20.5,20.55,20.6,20.65,715.0,652.0,3451.0,42901.0,False,False
2891,2022-10-28 10:40:42.334211,0.0024330900243310083,-0.007263922518159771,0.05000000000000071,-0.14999999999999858,20.5,20.55,20.6,20.65,715.0,652.0,3451.0,42901.0,False,False
2891,2022-10-28 10:40:42.368084,0.0024330900243310083,-0.007263922518159771,0.05000000000000071,-0.14999999999999858,20.5,20.55,20.6,20.65,714.0,651.0,3451.0,42901.0,False,False
2891,2022-10-28 10:40:42.467046,0.0024330900243310083,-0.007263922518159771,0.05000000000000071,-0.14999999999999858,20.5,20.55,20.6,20.65,713.0,650.0,3451.0,42901.0,False,False
2891,2022-10-28 10:40:42.569086,0.0024330900243310083,-0.007263922518159771,0.05000000000000071,-0.14999999999999858,20.5,20.55,20.6,20.65,712.0,649.0,3451.0,42901.0,False,False
2891,2022-10-28 10:40:42.672462,0.0024330900243310083,-0.007263922518159771,0.05000000000000071,-0.14999999999999858,20.5,20.55,20.6,20.65,711.0,648.0,3451.0,42901.0,False,False
2891,2022-10-28 10:40:42.769446,0.0024330900243310083,-0.007263922518159771,0.05000000000000071,-0.14999999999999858,20.5,20.55,20.6,20.65,710.0,647.0,3451.0,42901.0,False,False
2891,2022-10-28 10:40:42.873489,0.0024330900243310083,-0.007263922518159771,0.05000000000000071,-0.14999999999999858,20.5,20.55,20.6,20.65,709.0,646.0,3451.0,42901.0,False,False
2891,2022-10-28 10:40:42.986607,0.0024330900243310083,-0.007263922518159771,0.05000000000000071,-0.14999999999999858,20.5,20.55,20.6,20.65,708.0,645.0,3451.0,42901.0,False,False
2891,2022-10-28 10:40:43.075952,0.0024330900243310083,-0.007263922518159771,0.05000000000000071,-0.14999999999999858,20.5,20.55,20.6,20.65,707.0,644.0,3451.0,42901.0,False,False
2891,2022-10-28 10:40:43.184895,0.0024330900243310083,-0.007263922518159771,0.05000000000000071,-0.14999999999999858,20.5,20.55,20.6,20.65,706.0,643.0,3451.0,42901.0,False,False
2891,2022-10-28 10:40:43.274826,0.0024330900243310083,-0.007263922518159771,0.05000000000000071,-0.14999999999999858,20.5,20.55,20.6,20.65,705.0,642.0,3451.0,42901.0,False,False
2891,2022-10-28 10:40:43.372344,0.0024330900243310083,-0.007263922518159771,0.05000000000000071,-0.14999999999999858,20.5,20.55,20.6,20.65,704.0,641.0,3451.0,42901.0,False,False
2891,2022-10-28 10:40:43.474883,0.0024330900243310083,-0.007263922518159771,0.05000000000000071,-0.14999999999999858,20.5,20.55,20.6,20.65,703.0,640.0,3451.0,42901.0,False,False
2891,2022-10-28 10:40:43.570342,0.0024330900243310083,-0.007263922518159771,0.05000000000000071,-0.14999999999999858,20.5,20.55,20.6,20.65,702.0,639.0,3451.0,42901.0,False,False
2891,2022-10-28 10:40:43.582291,0.0024330900243310083,-0.007263922518159771,0.05000000000000071,-0.14999999999999858,20.5,20.55,20.6,20.65,702.0,636.0,3451.0,42901.0,False,False
2891,2022-10-28 10:40:43.609344,0.0024330900243310083,-0.007263922518159771,0.05000000000000071,-0.14999999999999858,20.5,20.55,20.6,20.65,699.0,636.0,3451.0,42901.0,False,False
2891,2022-10-28 10:40:43.644200,0.0024330900243310083,-0.007263922518159771,0.05000000000000071,-0.14999999999999858,20.5,20.55,20.6,20.65,700.0,636.0,3451.0,42901.0,False,False
2891,2022-10-28 10:40:43.686711,0.0024330900243310083,-0.007263922518159771,0.05000000000000071,-0.14999999999999858,20.5,20.55,20.6,20.65,699.0,635.0,3451.0,42901.0,False,False
2891,2022-10-28 10:40:43.773848,0.0024330900243310083,-0.007263922518159771,0.05000000000000071,-0.14999999999999858,20.5,20.55,20.6,20.65,698.0,634.0,3451.0,42901.0,False,False
2891,2022-10-28 10:40:44.237861,0.0024330900243310083,-0.007263922518159771,0.05000000000000071,-0.14999999999999858,20.5,20.55,20.6,20.65,699.0,634.0,3451.0,42901.0,False,False
2891,2022-10-28 10:40:44.353516,0.0024330900243310083,-0.007263922518159771,0.05000000000000071,-0.14999999999999858,20.5,20.55,20.6,20.65,698.0,633.0,3451.0,42901.0,False,False
2891,2022-10-28 10:40:44.484015,0.0024330900243310083,-0.007263922518159771,0.05000000000000071,-0.14999999999999858,20.5,20.55,20.6,20.65,697.0,632.0,3451.0,42901.0,False,False
2891,2022-10-28 10:40:44.577670,0.0024330900243310083,-0.007263922518159771,0.05000000000000071,-0.14999999999999858,20.5,20.55,20.6,20.65,696.0,631.0,3451.0,42901.0,False,False
2891,2022-10-28 10:40:45.600497,0.0024330900243310083,-0.007263922518159771,0.05000000000000071,-0.14999999999999858,20.5,20.55,20.6,20.65,696.0,627.0,3451.0,42901.0,False,False
2891,2022-10-28 10:40:45.630083,0.0024330900243310083,-0.007263922518159771,0.05000000000000071,-0.14999999999999858,20.5,20.55,20.6,20.65,692.0,627.0,3451.0,42901.0,False,False
2891,2022-10-28 10:40:46.998146,0.0024330900243310083,-0.007263922518159771,0.05000000000000071,-0.14999999999999858,20.5,20.55,20.6,20.65,696.0,627.0,3451.0,42901.0,False,False
2891,2022-10-28 10:40:47.060934,0.0024330900243310083,-0.007263922518159771,0.05000000000000071,-0.14999999999999858,20.5,20.55,20.6,20.65,696.0,625.0,3451.0,42901.0,False,False
2891,2022-10-28 10:40:48.141821,0.0024330900243310083,-0.007263922518159771,0.05000000000000071,-0.14999999999999858,20.5,20.55,20.6,20.65,691.0,625.0,3451.0,42901.0,False,False
2891,2022-10-28 10:40:48.248656,0.0024330900243310083,-0.007263922518159771,0.05000000000000071,-0.14999999999999858,20.5,20.55,20.6,20.65,691.0,625.0,3451.0,42901.0,False,False
2891,2022-10-28 10:40:48.374671,0.0024330900243310083,-0.007263922518159771,0.05000000000000071,-0.14999999999999858,20.5,20.55,20.6,20.65,691.0,625.0,3451.0,42901.0,False,False
2891,2022-10-28 10:40:48.557498,0.0024330900243310083,-0.007263922518159771,0.05000000000000071,-0.14999999999999858,20.5,20.55,20.6,20.65,691.0,624.0,3451.0,42901.0,False,False
2891,2022-10-28 10:40:48.618713,0.0024330900243310083,-0.007263922518159771,0.05000000000000071,-0.14999999999999858,20.5,20.55,20.6,20.65,691.0,621.0,3451.0,42901.0,False,False
2891,2022-10-28 10:40:48.648135,0.0024330900243310083,-0.007263922518159771,0.05000000000000071,-0.14999999999999858,20.5,20.55,20.6,20.65,688.0,621.0,3451.0,42901.0,False,False
2891,2022-10-28 10:40:48.683881,0.0024330900243310083,-0.007263922518159771,0.05000000000000071,-0.14999999999999858,20.5,20.55,20.6,20.65,688.0,611.0,3451.0,42901.0,False,False
2891,2022-10-28 10:40:50.795340,0.0024330900243310083,-0.007263922518159771,0.05000000000000071,-0.14999999999999858,20.5,20.55,20.6,20.65,688.0,611.0,3451.0,42901.0,False,False
2891,2022-10-28 10:40:50.994744,0.0024330900243310083,-0.007263922518159771,0.05000000000000071,-0.14999999999999858,20.5,20.55,20.6,20.65,668.0,611.0,3451.0,42901.0,False,False
2891,2022-10-28 10:40:51.638328,0.0024330900243310083,-0.007263922518159771,0.05000000000000071,-0.14999999999999858,20.5,20.55,20.6,20.65,668.0,608.0,3451.0,42901.0,False,False
2891,2022-10-28 10:40:51.670079,0.0024330900243310083,-0.007263922518159771,0.05000000000000071,-0.14999999999999858,20.5,20.55,20.6,20.65,665.0,608.0,3451.0,42901.0,False,False
2891,2022-10-28 10:40:52.823766,0.0024330900243310083,-0.007263922518159771,0.05000000000000071,-0.14999999999999858,20.5,20.55,20.6,20.65,665.0,608.0,3426.0,42901.0,True,True
2891,2022-10-28 10:40:52.813226,0.0024330900243310083,-0.007263922518159771,0.05000000000000071,-0.14999999999999858,20.5,20.55,20.6,20.65,665.0,608.0,3426.0,42901.0,False,False
2891,2022-10-28 10:40:52.818576,0.0024330900243310083,-0.007263922518159771,0.05000000000000071,-0.14999999999999858,20.5,20.55,20.6,20.65,669.0,608.0,3426.0,42901.0,False,False
2891,2022-10-28 10:40:53.112772,0.0024330900243310083,-0.007263922518159771,0.05000000000000071,-0.14999999999999858,20.5,20.55,20.6,20.65,669.0,608.0,3426.0,42901.0,False,False
2891,2022-10-28 10:40:54.343952,0.0024330900243310083,-0.007263922518159771,0.05000000000000071,-0.14999999999999858,20.5,20.55,20.6,20.65,669.0,609.0,3426.0,42901.0,False,False
2891,2022-10-28 10:40:54.428131,0.0024330900243310083,-0.007263922518159771,0.05000000000000071,-0.14999999999999858,20.5,20.55,20.6,20.65,669.0,609.0,3426.0,42901.0,False,False
2891,2022-10-28 10:40:54.494527,0.0024330900243310083,-0.007263922518159771,0.05000000000000071,-0.14999999999999858,20.5,20.55,20.6,20.65,669.0,616.0,3426.0,42901.0,False,False
2891,2022-10-28 10:40:56.604813,0.0024330900243310083,-0.007263922518159771,0.05000000000000071,-0.14999999999999858,20.5,20.55,20.6,20.65,666.0,616.0,3426.0,42901.0,False,False
2891,2022-10-28 10:40:56.698951,0.0024330900243310083,-0.007263922518159771,0.05000000000000071,-0.14999999999999858,20.5,20.55,20.6,20.65,666.0,616.0,3426.0,42901.0,False,False
2891,2022-10-28 10:40:56.753316,0.0024330900243310083,-0.007263922518159771,0.05000000000000071,-0.14999999999999858,20.5,20.55,20.6,20.65,666.0,616.0,3426.0,42901.0,False,False
2891,2022-10-28 10:40:57.836377,0.0024330900243310083,-0.007263922518159771,0.05000000000000071,-0.14999999999999858,20.5,20.55,20.6,20.65,666.0,626.0,3426.0,42901.0,False,False
2891,2022-10-28 10:40:58.507781,0.0024330900243310083,-0.007263922518159771,0.05000000000000071,-0.14999999999999858,20.5,20.55,20.6,20.65,668.0,626.0,3426.0,42901.0,False,False
2891,2022-10-28 10:41:01.482935,0.0024330900243310083,-0.007263922518159771,0.05000000000000071,-0.14999999999999858,20.5,20.55,20.6,20.65,668.0,626.0,3426.0,42901.0,False,False
2891,2022-10-28 10:41:02.073622,0.0024330900243310083,-0.007263922518159771,0.05000000000000071,-0.14999999999999858,20.5,20.55,20.6,20.65,668.0,624.0,3426.0,42901.0,False,False
2891,2022-10-28 10:41:02.864686,0.0024330900243310083,-0.007263922518159771,0.05000000000000071,-0.14999999999999858,20.5,20.55,20.6,20.65,668.0,624.0,3426.0,42901.0,True,True
2891,2022-10-28 10:41:03.519666,0.0024330900243310083,-0.007263922518159771,0.05000000000000071,-0.14999999999999858,20.5,20.55,20.6,20.65,668.0,624.0,3426.0,42901.0,False,False
2891,2022-10-28 10:41:04.247363,0.0024330900243310083,-0.007263922518159771,0.05000000000000071,-0.14999999999999858,20.5,20.55,20.6,20.65,667.0,624.0,3426.0,42901.0,False,False
2891,2022-10-28 10:41:05.976579,0.0024330900243310083,-0.007263922518159771,0.05000000000000071,-0.14999999999999858,20.5,20.55,20.6,20.65,666.0,624.0,3426.0,42901.0,False,False
2891,2022-10-28 10:41:06.548447,0.0024330900243310083,-0.007263922518159771,0.05000000000000071,-0.14999999999999858,20.5,20.55,20.6,20.65,666.0,624.0,3426.0,42901.0,False,False
2891,2022-10-28 10:41:06.801383,0.0024330900243310083,-0.007263922518159771,0.05000000000000071,-0.14999999999999858,20.5,20.55,20.6,20.65,666.0,623.0,3426.0,42901.0,False,False
2891,2022-10-28 10:41:07.626332,0.0024330900243310083,-0.007263922518159771,0.05000000000000071,-0.14999999999999858,20.5,20.55,20.6,20.65,666.0,623.0,3426.0,42901.0,False,False
2891,2022-10-28 10:41:07.628656,0.0024330900243310083,-0.007263922518159771,0.05000000000000071,-0.14999999999999858,20.5,20.55,20.6,20.65,666.0,625.0,3426.0,42901.0,False,False
2891,2022-10-28 10:41:08.174943,0.0024330900243310083,-0.007263922518159771,0.05000000000000071,-0.14999999999999858,20.5,20.55,20.6,20.65,666.0,625.0,3426.0,42901.0,False,False
2891,2022-10-28 10:41:12.258013,0.0024330900243310083,-0.007263922518159771,0.05000000000000071,-0.14999999999999858,20.5,20.55,20.6,20.65,661.0,625.0,3426.0,42901.0,False,False
2891,2022-10-28 10:41:12.664363,0.0024330900243310083,-0.007263922518159771,0.05000000000000071,-0.14999999999999858,20.5,20.55,20.6,20.65,661.0,625.0,3426.0,42901.0,False,False
2891,2022-10-28 10:41:12.723033,0.0024330900243310083,-0.007263922518159771,0.05000000000000071,-0.14999999999999858,20.5,20.55,20.6,20.65,661.0,615.0,3426.0,42901.0,False,False
2891,2022-10-28 10:41:12.904759,0.0024330900243310083,-0.007263922518159771,0.05000000000000071,-0.14999999999999858,20.5,20.55,20.6,20.65,661.0,615.0,2926.0,42901.0,True,True
2891,2022-10-28 10:41:13.040505,0.0024330900243310083,-0.007263922518159771,0.05000000000000071,-0.14999999999999858,20.5,20.55,20.6,20.65,660.0,615.0,2926.0,42901.0,False,False
2891,2022-10-28 10:41:13.078162,0.0024330900243310083,-0.007263922518159771,0.05000000000000071,-0.14999999999999858,20.5,20.55,20.6,20.65,660.0,615.0,2926.0,42901.0,False,False
2891,2022-10-28 10:41:13.755280,0.0024330900243310083,-0.007263922518159771,0.05000000000000071,-0.14999999999999858,20.5,20.55,20.6,20.65,660.0,611.0,2926.0,42901.0,False,False
2891,2022-10-28 10:41:13.784440,0.0024330900243310083,-0.007263922518159771,0.05000000000000071,-0.14999999999999858,20.5,20.55,20.6,20.65,656.0,611.0,2926.0,42901.0,False,False
2891,2022-10-28 10:41:14.680124,0.0024330900243310083,-0.007263922518159771,0.05000000000000071,-0.14999999999999858,20.5,20.55,20.6,20.65,648.0,611.0,2926.0,42901.0,False,False
2891,2022-10-28 10:41:14.681217,0.0024330900243310083,-0.007263922518159771,0.05000000000000071,-0.14999999999999858,20.5,20.55,20.6,20.65,648.0,611.0,2926.0,42901.0,False,False
2891,2022-10-28 10:41:15.021513,0.0024330900243310083,-0.007263922518159771,0.05000000000000071,-0.14999999999999858,20.5,20.55,20.6,20.65,647.0,611.0,2926.0,42901.0,False,False
2891,2022-10-28 10:41:17.074510,0.0024330900243310083,-0.007263922518159771,0.05000000000000071,-0.14999999999999858,20.5,20.55,20.6,20.65,647.0,609.0,2926.0,42901.0,False,False
2891,2022-10-28 10:41:17.671319,0.0024330900243310083,-0.007263922518159771,0.05000000000000071,-0.14999999999999858,20.5,20.55,20.6,20.65,647.0,609.0,2926.0,42901.0,False,False
2891,2022-10-28 10:41:17.927627,0.0024330900243310083,-0.007263922518159771,0.05000000000000071,-0.14999999999999858,20.5,20.55,20.6,20.65,648.0,609.0,2926.0,42901.0,False,False
2891,2022-10-28 10:41:20.512940,0.0024330900243310083,-0.007263922518159771,0.05000000000000071,-0.14999999999999858,20.5,20.55,20.6,20.65,648.0,609.0,2926.0,42901.0,False,False
2891,2022-10-28 10:41:21.504071,0.0024330900243310083,-0.007263922518159771,0.05000000000000071,-0.14999999999999858,20.5,20.55,20.6,20.65,649.0,609.0,2926.0,42901.0,False,False
2891,2022-10-28 10:41:22.949515,0.0024330900243310083,-0.007263922518159771,0.05000000000000071,-0.14999999999999858,20.5,20.55,20.6,20.65,649.0,609.0,2823.0,43401.0,True,True
2891,2022-10-28 10:41:24.067093,0.0024330900243310083,-0.007263922518159771,0.05000000000000071,-0.14999999999999858,20.5,20.55,20.6,20.65,649.0,609.0,2823.0,43401.0,False,False
2891,2022-10-28 10:41:25.041007,0.0024330900243310083,-0.007263922518159771,0.05000000000000071,-0.14999999999999858,20.5,20.55,20.6,20.65,649.0,608.0,2823.0,43401.0,False,False
2891,2022-10-28 10:41:27.090231,0.0024330900243310083,-0.007263922518159771,0.05000000000000071,-0.14999999999999858,20.5,20.55,20.6,20.65,649.0,608.0,2823.0,43401.0,False,False
2891,2022-10-28 10:41:27.214909,0.0024330900243310083,-0.007263922518159771,0.05000000000000071,-0.14999999999999858,20.5,20.55,20.6,20.65,649.0,609.0,2823.0,43401.0,False,False
2891,2022-10-28 10:41:28.753767,0.0024330900243310083,-0.007263922518159771,0.05000000000000071,-0.14999999999999858,20.5,20.55,20.6,20.65,649.0,608.0,2823.0,43401.0,False,False
2891,2022-10-28 10:41:30.161489,0.0024330900243310083,-0.007263922518159771,0.05000000000000071,-0.14999999999999858,20.5,20.55,20.6,20.65,650.0,608.0,2823.0,43401.0,False,False
2891,2022-10-28 10:41:31.517956,0.0024330900243310083,-0.007263922518159771,0.05000000000000071,-0.14999999999999858,20.5,20.55,20.6,20.65,650.0,608.0,2823.0,43401.0,False,False
2891,2022-10-28 10:41:32.083448,0.0024330900243310083,-0.007263922518159771,0.05000000000000071,-0.14999999999999858,20.5,20.55,20.6,20.65,650.0,606.0,2823.0,43401.0,False,False
2891,2022-10-28 10:41:32.989926,0.0024330900243310083,-0.007263922518159771,0.05000000000000071,-0.14999999999999858,20.5,20.55,20.6,20.65,650.0,606.0,2823.0,43401.0,True,True
2891,2022-10-28 10:41:33.170626,0.0024330900243310083,-0.007263922518159771,0.05000000000000071,-0.14999999999999858,20.5,20.55,20.6,20.65,650.0,616.0,2823.0,43401.0,False,False
2891,2022-10-28 10:41:34.707167,0.0024330900243310083,-0.007263922518159771,0.05000000000000071,-0.14999999999999858,20.5,20.55,20.6,20.65,650.0,616.0,2823.0,43401.0,False,False
2891,2022-10-28 10:41:37.924648,0.0024330900243310083,-0.007263922518159771,0.05000000000000071,-0.14999999999999858,20.5,20.55,20.6,20.65,650.0,616.0,2823.0,43401.0,False,False
2891,2022-10-28 10:41:42.338503,0.0024330900243310083,-0.007263922518159771,0.05000000000000071,-0.14999999999999858,20.5,20.55,20.6,20.65,650.0,616.0,2823.0,43401.0,False,False
2891,2022-10-28 10:41:43.028088,0.0024330900243310083,-0.007263922518159771,0.05000000000000071,-0.14999999999999858,20.5,20.55,20.6,20.65,650.0,616.0,1923.0,43523.0,True,True
2891,2022-10-28 10:41:43.121719,0.0024330900243310083,-0.007263922518159771,0.05000000000000071,-0.14999999999999858,20.5,20.55,20.6,20.65,651.0,616.0,1923.0,43523.0,False,False
2891,2022-10-28 10:41:43.695071,0.0024330900243310083,-0.007263922518159771,0.05000000000000071,-0.14999999999999858,20.5,20.55,20.6,20.65,651.0,616.0,1923.0,43523.0,False,False
2891,2022-10-28 10:41:44.328960,0.0024330900243310083,-0.007263922518159771,0.05000000000000071,-0.14999999999999858,20.5,20.55,20.6,20.65,651.0,615.0,1923.0,43523.0,False,False
2891,2022-10-28 10:41:44.867751,0.0024330900243310083,-0.007263922518159771,0.05000000000000071,-0.14999999999999858,20.5,20.55,20.6,20.65,651.0,616.0,1923.0,43523.0,False,False
2891,2022-10-28 10:41:44.879557,0.0024330900243310083,-0.007263922518159771,0.05000000000000071,-0.14999999999999858,20.5,20.55,20.6,20.65,651.0,616.0,1923.0,43523.0,False,False
2891,2022-10-28 10:41:46.041434,0.0024330900243310083,-0.007263922518159771,0.05000000000000071,-0.14999999999999858,20.5,20.55,20.6,20.65,651.0,618.0,1923.0,43523.0,False,False
2891,2022-10-28 10:41:47.092077,0.0024330900243310083,-0.007263922518159771,0.05000000000000071,-0.14999999999999858,20.5,20.55,20.6,20.65,651.0,616.0,1923.0,43523.0,False,False
2891,2022-10-28 10:41:50.377802,0.0024330900243310083,-0.007263922518159771,0.05000000000000071,-0.14999999999999858,20.5,20.55,20.6,20.65,651.0,616.0,1923.0,43523.0,False,False
2891,2022-10-28 10:41:50.994547,0.0024330900243310083,-0.007263922518159771,0.05000000000000071,-0.14999999999999858,20.5,20.55,20.6,20.65,651.0,617.0,1923.0,43523.0,False,False
2891,2022-10-28 10:41:57.850844,0.0024330900243310083,-0.007263922518159771,0.05000000000000071,-0.14999999999999858,20.5,20.55,20.6,20.65,651.0,617.0,1923.0,43523.0,False,False
2891,2022-10-28 10:41:58.697258,0.0024330900243310083,-0.007263922518159771,0.05000000000000071,-0.14999999999999858,20.5,20.55,20.6,20.65,651.0,616.0,1923.0,43523.0,False,False
2891,2022-10-28 10:42:00.525138,0.0024330900243310083,-0.007263922518159771,0.05000000000000071,-0.14999999999999858,20.5,20.55,20.6,20.65,649.0,616.0,1923.0,43523.0,False,False
2891,2022-10-28 10:42:00.529165,0.0024330900243310083,-0.007263922518159771,0.05000000000000071,-0.14999999999999858,20.5,20.55,20.6,20.65,649.0,616.0,1923.0,43523.0,False,False
2891,2022-10-28 10:42:02.097142,0.0024330900243310083,-0.007263922518159771,0.05000000000000071,-0.14999999999999858,20.5,20.55,20.6,20.65,649.0,614.0,1923.0,43523.0,False,False
2891,2022-10-28 10:42:02.538497,0.0024330900243310083,-0.007263922518159771,0.05000000000000071,-0.14999999999999858,20.5,20.55,20.6,20.65,649.0,613.0,1923.0,43523.0,False,False
2891,2022-10-28 10:42:02.934548,0.0024330900243310083,-0.007263922518159771,0.05000000000000071,-0.14999999999999858,20.5,20.55,20.6,20.65,649.0,615.0,1923.0,43523.0,False,False
2891,2022-10-28 10:42:03.094924,0.0024330900243310083,-0.007263922518159771,0.05000000000000071,-0.14999999999999858,20.5,20.55,20.6,20.65,649.0,633.0,1923.0,43523.0,False,False
2891,2022-10-28 10:42:03.116796,0.0024330900243310083,-0.007263922518159771,0.05000000000000071,-0.14999999999999858,20.5,20.55,20.6,20.65,649.0,633.0,924.0,43523.0,True,True
2891,2022-10-28 10:42:08.304121,0.0024330900243310083,-0.007263922518159771,0.05000000000000071,-0.14999999999999858,20.5,20.55,20.6,20.65,649.0,633.0,924.0,43523.0,False,False
2891,2022-10-28 10:42:10.987990,0.0024330900243310083,-0.007263922518159771,0.05000000000000071,-0.14999999999999858,20.5,20.55,20.6,20.65,649.0,633.0,924.0,43523.0,False,False
2891,2022-10-28 10:42:11.806566,0.0024330900243310083,-0.007263922518159771,0.05000000000000071,-0.14999999999999858,20.5,20.55,20.6,20.65,649.0,631.0,924.0,43523.0,False,False
2891,2022-10-28 10:42:13.167150,0.0,-0.004854368932038944,0.0,-0.10000000000000142,20.5,20.55,20.55,20.6,649.0,631.0,6147.0,76.0,True,True
2891,2022-10-28 10:42:15.001195,0.0,-0.004854368932038944,0.0,-0.10000000000000142,20.5,20.55,20.55,20.6,649.0,631.0,6147.0,76.0,False,False
2891,2022-10-28 10:42:16.328810,0.0,-0.004854368932038944,0.0,-0.10000000000000142,20.5,20.55,20.55,20.6,649.0,631.0,6147.0,76.0,False,False
2891,2022-10-28 10:42:16.537484,0.0,-0.004854368932038944,0.0,-0.10000000000000142,20.5,20.55,20.55,20.6,649.0,651.0,6147.0,76.0,False,False
2891,2022-10-28 10:42:17.111125,0.0,-0.004854368932038944,0.0,-0.10000000000000142,20.5,20.55,20.55,20.6,649.0,649.0,6147.0,76.0,False,False
2891,2022-10-28 10:42:20.546003,0.0,-0.004854368932038944,0.0,-0.10000000000000142,20.5,20.55,20.55,20.6,653.0,649.0,6147.0,76.0,False,False
2891,2022-10-28 10:42:20.761109,0.0,-0.004854368932038944,0.0,-0.10000000000000142,20.5,20.55,20.55,20.6,653.0,648.0,6147.0,76.0,False,False
2891,2022-10-28 10:42:27.609089,0.0,-0.004854368932038944,0.0,-0.10000000000000142,20.5,20.55,20.55,20.6,653.0,649.0,6147.0,76.0,False,False
2891,2022-10-28 10:42:35.388935,0.0,-0.004854368932038944,0.0,-0.10000000000000142,20.5,20.55,20.55,20.6,654.0,649.0,6147.0,76.0,False,False
2891,2022-10-28 10:42:36.165423,0.0,-0.004854368932038944,0.0,-0.10000000000000142,20.5,20.55,20.55,20.6,632.0,649.0,6147.0,76.0,False,False
2891,2022-10-28 10:42:38.226878,0.0,-0.004854368932038944,0.0,-0.10000000000000142,20.5,20.55,20.55,20.6,632.0,646.0,6147.0,76.0,False,False
2891,2022-10-28 10:42:38.253711,0.0,-0.004854368932038944,0.0,-0.10000000000000142,20.5,20.55,20.55,20.6,629.0,646.0,6147.0,76.0,False,False
2891,2022-10-28 10:42:38.806163,0.0,-0.004854368932038944,0.0,-0.10000000000000142,20.5,20.55,20.55,20.6,629.0,646.0,6147.0,76.0,False,False
2891,2022-10-28 10:42:39.238766,0.0,-0.004854368932038944,0.0,-0.10000000000000142,20.5,20.55,20.55,20.6,629.0,646.0,6147.0,76.0,False,False
2891,2022-10-28 10:42:39.969356,0.0,-0.004854368932038944,0.0,-0.10000000000000142,20.5,20.55,20.55,20.6,629.0,645.0,6147.0,76.0,False,False
2891,2022-10-28 10:42:40.777551,0.0,-0.004854368932038944,0.0,-0.10000000000000142,20.5,20.55,20.55,20.6,625.0,645.0,6147.0,76.0,False,False
2891,2022-10-28 10:42:42.886723,0.0,-0.004854368932038944,0.0,-0.10000000000000142,20.5,20.55,20.55,20.6,625.0,646.0,6147.0,76.0,False,False
2891,2022-10-28 10:42:47.074794,0.0,-0.004854368932038944,0.0,-0.10000000000000142,20.5,20.55,20.55,20.6,625.0,647.0,6147.0,76.0,False,False
2891,2022-10-28 10:42:51.734399,0.0,-0.004854368932038944,0.0,-0.10000000000000142,20.5,20.55,20.55,20.6,625.0,647.0,6147.0,76.0,False,False
2891,2022-10-28 10:42:51.896467,0.0,-0.004854368932038944,0.0,-0.10000000000000142,20.5,20.55,20.55,20.6,624.0,647.0,6147.0,76.0,False,False
2891,2022-10-28 10:42:53.401251,0.0,-0.004854368932038944,0.0,-0.10000000000000142,20.5,20.55,20.55,20.6,624.0,648.0,6147.0,76.0,False,False
2891,2022-10-28 10:42:55.559549,0.0,-0.004854368932038944,0.0,-0.10000000000000142,20.5,20.55,20.55,20.6,622.0,648.0,6147.0,76.0,False,False
2891,2022-10-28 10:42:55.725778,0.0,-0.004854368932038944,0.0,-0.10000000000000142,20.5,20.55,20.55,20.6,622.0,648.0,6147.0,76.0,False,False
2891,2022-10-28 10:42:58.145310,0.0,-0.004854368932038944,0.0,-0.10000000000000142,20.5,20.55,20.55,20.6,622.0,647.0,6147.0,76.0,False,False
2891,2022-10-28 10:43:00.565198,0.0,-0.004854368932038944,0.0,-0.10000000000000142,20.5,20.55,20.55,20.6,622.0,647.0,6147.0,76.0,False,False
2891,2022-10-28 10:43:03.364995,0.0,-0.004854368932038944,0.0,-0.10000000000000142,20.5,20.55,20.55,20.6,622.0,647.0,6147.0,176.0,True,True
2891,2022-10-28 10:43:10.152966,0.0,-0.004854368932038944,0.0,-0.10000000000000142,20.5,20.55,20.55,20.6,623.0,647.0,6147.0,176.0,False,False
2891,2022-10-28 10:43:12.608091,0.0,-0.004854368932038944,0.0,-0.10000000000000142,20.5,20.55,20.55,20.6,623.0,647.0,6147.0,176.0,False,True
2891,2022-10-28 10:43:14.735750,0.0,-0.004854368932038944,0.0,-0.10000000000000142,20.5,20.55,20.55,20.6,633.0,647.0,6147.0,176.0,False,False
2891,2022-10-28 10:43:15.099930,0.0,-0.004854368932038944,0.0,-0.10000000000000142,20.5,20.55,20.55,20.6,633.0,646.0,6147.0,176.0,False,False
2891,2022-10-28 10:43:15.537654,0.0,-0.004854368932038944,0.0,-0.10000000000000142,20.5,20.55,20.55,20.6,633.0,646.0,6147.0,176.0,False,False
2891,2022-10-28 10:43:15.541337,0.0,-0.004854368932038944,0.0,-0.10000000000000142,20.5,20.55,20.55,20.6,633.0,646.0,6147.0,176.0,False,False
2891,2022-10-28 10:43:16.583098,0.0,-0.004854368932038944,0.0,-0.10000000000000142,20.5,20.55,20.55,20.6,633.0,646.0,6147.0,176.0,False,False
2891,2022-10-28 10:43:17.346890,0.0,-0.004854368932038944,0.0,-0.10000000000000142,20.5,20.55,20.55,20.6,633.0,645.0,6147.0,176.0,False,False
2891,2022-10-28 10:43:18.186141,0.0,-0.004854368932038944,0.0,-0.10000000000000142,20.5,20.55,20.55,20.6,633.0,648.0,6147.0,176.0,False,False
2891,2022-10-28 10:43:22.155802,0.0,-0.004854368932038944,0.0,-0.10000000000000142,20.5,20.55,20.55,20.6,653.0,648.0,6147.0,176.0,False,False
2891,2022-10-28 10:43:22.646219,0.0,-0.004854368932038944,0.0,-0.10000000000000142,20.5,20.55,20.55,20.6,653.0,648.0,6147.0,166.0,True,True
2891,2022-10-28 10:43:24.892506,0.0,-0.004854368932038944,0.0,-0.10000000000000142,20.5,20.55,20.55,20.6,658.0,648.0,6147.0,166.0,False,False
2891,2022-10-28 10:43:25.838253,0.0,-0.004854368932038944,0.0,-0.10000000000000142,20.5,20.55,20.55,20.6,658.0,648.0,6147.0,166.0,False,False
2891,2022-10-28 10:43:26.618093,0.0,-0.004854368932038944,0.0,-0.10000000000000142,20.5,20.55,20.55,20.6,658.0,648.0,6147.0,166.0,False,False
2891,2022-10-28 10:43:26.621217,0.0,-0.004854368932038944,0.0,-0.10000000000000142,20.5,20.55,20.55,20.6,662.0,648.0,6147.0,166.0,False,False
2891,2022-10-28 10:43:26.654012,0.0,-0.004854368932038944,0.0,-0.10000000000000142,20.5,20.55,20.55,20.6,662.0,648.0,6147.0,166.0,False,False
2891,2022-10-28 10:43:27.935625,0.0,-0.004854368932038944,0.0,-0.10000000000000142,20.5,20.55,20.55,20.6,662.0,648.0,6147.0,166.0,False,False
2891,2022-10-28 10:43:29.245378,0.0,-0.004854368932038944,0.0,-0.10000000000000142,20.5,20.55,20.55,20.6,662.0,648.0,6147.0,166.0,False,False
2891,2022-10-28 10:43:30.646581,0.0,-0.004854368932038944,0.0,-0.10000000000000142,20.5,20.55,20.55,20.6,663.0,648.0,6147.0,166.0,False,False
2891,2022-10-28 10:43:31.156913,0.0,-0.004854368932038944,0.0,-0.10000000000000142,20.5,20.55,20.55,20.6,662.0,647.0,6147.0,166.0,False,False
2891,2022-10-28 10:43:32.685358,0.0,-0.004854368932038944,0.0,-0.10000000000000142,20.5,20.55,20.55,20.6,662.0,647.0,6147.0,152.0,True,True
2891,2022-10-28 10:43:34.242549,0.0,-0.004854368932038944,0.0,-0.10000000000000142,20.5,20.55,20.55,20.6,657.0,647.0,6147.0,152.0,False,False
2891,2022-10-28 10:43:34.513256,0.0,-0.004854368932038944,0.0,-0.10000000000000142,20.5,20.55,20.55,20.6,657.0,640.0,6147.0,152.0,False,False
2891,2022-10-28 10:43:34.915293,0.0,-0.004854368932038944,0.0,-0.10000000000000142,20.5,20.55,20.55,20.6,657.0,630.0,6147.0,152.0,False,False
2891,2022-10-28 10:43:35.618827,0.0,-0.004854368932038944,0.0,-0.10000000000000142,20.5,20.55,20.55,20.6,657.0,629.0,6147.0,152.0,False,False
2891,2022-10-28 10:43:37.330123,0.0,-0.004854368932038944,0.0,-0.10000000000000142,20.5,20.55,20.55,20.6,657.0,629.0,6147.0,152.0,False,False
2891,2022-10-28 10:43:38.542526,0.0,-0.004854368932038944,0.0,-0.10000000000000142,20.5,20.55,20.55,20.6,657.0,629.0,6147.0,152.0,False,False
2891,2022-10-28 10:43:40.578936,0.0,-0.004854368932038944,0.0,-0.10000000000000142,20.5,20.55,20.55,20.6,654.0,629.0,6147.0,152.0,False,False
2891,2022-10-28 10:43:40.583583,0.0,-0.004854368932038944,0.0,-0.10000000000000142,20.5,20.55,20.55,20.6,654.0,629.0,6147.0,152.0,False,False
2891,2022-10-28 10:43:46.097153,0.0,-0.004854368932038944,0.0,-0.10000000000000142,20.5,20.55,20.55,20.6,658.0,629.0,6147.0,152.0,False,False
2891,2022-10-28 10:43:49.389109,0.0,-0.004854368932038944,0.0,-0.10000000000000142,20.5,20.55,20.55,20.6,658.0,631.0,6147.0,152.0,False,False
2891,2022-10-28 10:43:52.009636,0.0,-0.004854368932038944,0.0,-0.10000000000000142,20.5,20.55,20.55,20.6,657.0,631.0,6147.0,152.0,False,False
2891,2022-10-28 10:43:53.825080,0.0,-0.004854368932038944,0.0,-0.10000000000000142,20.5,20.55,20.55,20.6,657.0,630.0,6147.0,152.0,False,False
2891,2022-10-28 10:43:54.539075,0.0,-0.004854368932038944,0.0,-0.10000000000000142,20.5,20.55,20.55,20.6,657.0,643.0,6147.0,152.0,False,False
2891,2022-10-28 10:43:55.677140,0.0,-0.004854368932038944,0.0,-0.10000000000000142,20.5,20.55,20.55,20.6,657.0,646.0,6147.0,152.0,False,False
2891,2022-10-28 10:43:56.043420,0.0,-0.004854368932038944,0.0,-0.10000000000000142,20.5,20.55,20.55,20.6,658.0,646.0,6147.0,152.0,False,False
2891,2022-10-28 10:43:59.335525,0.0,-0.004854368932038944,0.0,-0.10000000000000142,20.5,20.55,20.55,20.6,658.0,656.0,6147.0,152.0,False,False
2891,2022-10-28 10:44:00.593879,0.0,-0.004854368932038944,0.0,-0.10000000000000142,20.5,20.55,20.55,20.6,663.0,656.0,6147.0,152.0,False,False
2891,2022-10-28 10:44:00.879532,0.0,-0.004854368932038944,0.0,-0.10000000000000142,20.5,20.55,20.55,20.6,663.0,656.0,6147.0,152.0,False,False
2891,2022-10-28 10:44:01.151563,0.0,-0.004854368932038944,0.0,-0.10000000000000142,20.5,20.55,20.55,20.6,662.0,656.0,6147.0,152.0,False,False
2891,2022-10-28 10:44:01.795904,0.0,-0.004854368932038944,0.0,-0.10000000000000142,20.5,20.55,20.55,20.6,662.0,656.0,6147.0,152.0,False,False
2891,2022-10-28 10:44:05.109986,0.0,-0.004854368932038944,0.0,-0.10000000000000142,20.5,20.55,20.55,20.6,662.0,657.0,6147.0,152.0,False,False
