symbol,datetime,NaOb_r,NbOa_r,NaOb_s,NbOa_s,bid1,ask1,odd_bid1,odd_ask1,bidQty1,askQty1,odd_bidQty1,odd_askQty1,simulate,triggerbyOdd
3481,2022-10-28 10:32:25.896402,0.0,-0.008368200836820106,0.0,-0.09999999999999964,11.85,11.9,11.9,11.95,1914.0,1600.0,49707.0,56105.0,True,True
3481,2022-10-28 10:32:26.053854,0.0,-0.008368200836820106,0.0,-0.09999999999999964,11.85,11.9,11.9,11.95,1914.0,1600.0,49707.0,56105.0,False,False
3481,2022-10-28 10:32:26.171951,0.0,-0.008368200836820106,0.0,-0.09999999999999964,11.85,11.9,11.9,11.95,1914.0,1600.0,49707.0,56105.0,False,False
3481,2022-10-28 10:32:27.412613,0.0,-0.008368200836820106,0.0,-0.09999999999999964,11.85,11.9,11.9,11.95,1927.0,1600.0,49707.0,56105.0,False,False
3481,2022-10-28 10:32:27.413181,0.0,-0.008368200836820106,0.0,-0.09999999999999964,11.85,11.9,11.9,11.95,1927.0,1600.0,49707.0,56105.0,False,False
3481,2022-10-28 10:32:27.835849,0.0,-0.008368200836820106,0.0,-0.09999999999999964,11.85,11.9,11.9,11.95,1929.0,1600.0,49707.0,56105.0,False,False
3481,2022-10-28 10:32:27.951717,0.0,-0.008368200836820106,0.0,-0.09999999999999964,11.85,11.9,11.9,11.95,1929.0,1600.0,49707.0,56105.0,False,False
3481,2022-10-28 10:32:28.554793,0.0,-0.008368200836820106,0.0,-0.09999999999999964,11.85,11.9,11.9,11.95,1929.0,1600.0,49707.0,56105.0,False,False
3481,2022-10-28 10:32:29.336095,0.0,-0.008368200836820106,0.0,-0.09999999999999964,11.85,11.9,11.9,11.95,1929.0,1600.0,49707.0,56105.0,False,False
3481,2022-10-28 10:32:29.864828,0.0,-0.008368200836820106,0.0,-0.09999999999999964,11.85,11.9,11.9,11.95,1930.0,1600.0,49707.0,56105.0,False,False
3481,2022-10-28 10:32:30.915391,0.0,-0.008368200836820106,0.0,-0.09999999999999964,11.85,11.9,11.9,11.95,1929.0,1600.0,49707.0,56105.0,False,False
3481,2022-10-28 10:32:31.204426,0.0,-0.008368200836820106,0.0,-0.09999999999999964,11.85,11.9,11.9,11.95,1928.0,1599.0,49707.0,56105.0,False,False
3481,2022-10-28 10:32:32.373243,0.0,-0.008368200836820106,0.0,-0.09999999999999964,11.85,11.9,11.9,11.95,1928.0,1599.0,49707.0,56105.0,False,False
3481,2022-10-28 10:32:32.419241,0.0,-0.008368200836820106,0.0,-0.09999999999999964,11.85,11.9,11.9,11.95,1915.0,1592.0,49707.0,56105.0,False,False
3481,2022-10-28 10:32:33.490649,0.0,-0.008368200836820106,0.0,-0.09999999999999964,11.85,11.9,11.9,11.95,1916.0,1592.0,49707.0,56105.0,False,False
3481,2022-10-28 10:32:33.853981,0.0,-0.008368200836820106,0.0,-0.09999999999999964,11.85,11.9,11.9,11.95,1917.0,1592.0,49707.0,56105.0,False,False
3481,2022-10-28 10:32:35.219344,0.0,-0.008368200836820106,0.0,-0.09999999999999964,11.85,11.9,11.9,11.95,1917.0,1593.0,49707.0,56105.0,False,False
3481,2022-10-28 10:32:36.654072,0.0,-0.008368200836820106,0.0,-0.09999999999999964,11.85,11.9,11.9,11.95,1919.0,1593.0,49707.0,56105.0,False,False
3481,2022-10-28 10:32:38.496453,0.0,-0.008368200836820106,0.0,-0.09999999999999964,11.85,11.9,11.9,11.95,1919.0,1592.0,49707.0,56105.0,False,False
3481,2022-10-28 10:32:38.498572,0.0,-0.008368200836820106,0.0,-0.09999999999999964,11.85,11.9,11.9,11.95,1918.0,1592.0,49707.0,56105.0,False,False
3481,2022-10-28 10:32:39.690678,0.0,-0.008368200836820106,0.0,-0.09999999999999964,11.85,11.9,11.9,11.95,1919.0,1592.0,49707.0,56105.0,False,False
3481,2022-10-28 10:32:40.217118,0.0,-0.008368200836820106,0.0,-0.09999999999999964,11.85,11.9,11.9,11.95,1919.0,1596.0,49707.0,56105.0,False,False
3481,2022-10-28 10:32:40.352852,0.0,-0.008368200836820106,0.0,-0.09999999999999964,11.85,11.9,11.9,11.95,1919.0,1596.0,49707.0,56105.0,False,False
3481,2022-10-28 10:32:40.806901,0.0,-0.008368200836820106,0.0,-0.09999999999999964,11.85,11.9,11.9,11.95,1919.0,1596.0,49707.0,56105.0,False,False
3481,2022-10-28 10:32:40.858745,0.0,-0.008368200836820106,0.0,-0.09999999999999964,11.85,11.9,11.9,11.95,1919.0,1596.0,49707.0,56105.0,False,False
3481,2022-10-28 10:32:41.942301,0.0,-0.008368200836820106,0.0,-0.09999999999999964,11.85,11.9,11.9,11.95,1919.0,1596.0,49707.0,56105.0,False,False
3481,2022-10-28 10:32:43.063713,0.0,-0.008368200836820106,0.0,-0.09999999999999964,11.85,11.9,11.9,11.95,1920.0,1596.0,49707.0,56105.0,False,False
3481,2022-10-28 10:32:44.861000,0.0,-0.008368200836820106,0.0,-0.09999999999999964,11.85,11.9,11.9,11.95,1922.0,1596.0,49707.0,56105.0,False,False
3481,2022-10-28 10:32:44.986138,0.0,-0.008368200836820106,0.0,-0.09999999999999964,11.85,11.9,11.9,11.95,1903.0,1596.0,49707.0,56105.0,False,False
3481,2022-10-28 10:32:45.210602,0.0,-0.008368200836820106,0.0,-0.09999999999999964,11.85,11.9,11.9,11.95,1903.0,1596.0,49707.0,56105.0,False,False
3481,2022-10-28 10:32:45.976729,0.0,-0.008368200836820106,0.0,-0.09999999999999964,11.85,11.9,11.9,11.95,1903.0,1596.0,48747.0,56105.0,True,True
3481,2022-10-28 10:32:46.481396,0.0,-0.008368200836820106,0.0,-0.09999999999999964,11.85,11.9,11.9,11.95,1903.0,1596.0,48747.0,56105.0,False,False
3481,2022-10-28 10:32:48.849995,0.0,-0.008368200836820106,0.0,-0.09999999999999964,11.85,11.9,11.9,11.95,1904.0,1596.0,48747.0,56105.0,False,False
3481,2022-10-28 10:32:51.138452,0.0,-0.008368200836820106,0.0,-0.09999999999999964,11.85,11.9,11.9,11.95,1904.0,1596.0,48747.0,56105.0,False,False
3481,2022-10-28 10:32:52.497942,0.0,-0.008368200836820106,0.0,-0.09999999999999964,11.85,11.9,11.9,11.95,1897.0,1589.0,48747.0,56105.0,False,False
3481,2022-10-28 10:32:54.364667,0.0,-0.008368200836820106,0.0,-0.09999999999999964,11.85,11.9,11.9,11.95,1896.0,1589.0,48747.0,56105.0,False,False
3481,2022-10-28 10:32:54.493050,0.0,-0.008368200836820106,0.0,-0.09999999999999964,11.85,11.9,11.9,11.95,1891.0,1589.0,48747.0,56105.0,False,False
3481,2022-10-28 10:32:54.493161,0.0,-0.008368200836820106,0.0,-0.09999999999999964,11.85,11.9,11.9,11.95,1882.0,1589.0,48747.0,56105.0,False,False
3481,2022-10-28 10:32:54.987520,0.0,-0.008368200836820106,0.0,-0.09999999999999964,11.85,11.9,11.9,11.95,1882.0,1589.0,48747.0,56105.0,False,False
3481,2022-10-28 10:32:55.313664,0.0,-0.008368200836820106,0.0,-0.09999999999999964,11.85,11.9,11.9,11.95,1882.0,1589.0,48747.0,56105.0,False,False
3481,2022-10-28 10:32:55.542628,0.0,-0.008368200836820106,0.0,-0.09999999999999964,11.85,11.9,11.9,11.95,1882.0,1590.0,48747.0,56105.0,False,False
3481,2022-10-28 10:32:55.657633,0.0,-0.008368200836820106,0.0,-0.09999999999999964,11.85,11.9,11.9,11.95,1881.0,1590.0,48747.0,56105.0,False,False
3481,2022-10-28 10:32:55.680286,0.0,-0.008368200836820106,0.0,-0.09999999999999964,11.85,11.9,11.9,11.95,1882.0,1590.0,48747.0,56105.0,False,False
3481,2022-10-28 10:32:56.011402,0.0,-0.008368200836820106,0.0,-0.09999999999999964,11.85,11.9,11.9,11.95,1882.0,1590.0,48890.0,56105.0,True,True
3481,2022-10-28 10:32:57.033948,0.0,-0.008368200836820106,0.0,-0.09999999999999964,11.85,11.9,11.9,11.95,1883.0,1590.0,48890.0,56105.0,False,False
3481,2022-10-28 10:32:57.073696,0.0,-0.008368200836820106,0.0,-0.09999999999999964,11.85,11.9,11.9,11.95,1883.0,1590.0,48890.0,56105.0,False,False
3481,2022-10-28 10:32:57.431351,0.0,-0.008368200836820106,0.0,-0.09999999999999964,11.85,11.9,11.9,11.95,1883.0,1590.0,48890.0,56105.0,False,False
3481,2022-10-28 10:32:57.511768,0.0,-0.008368200836820106,0.0,-0.09999999999999964,11.85,11.9,11.9,11.95,1883.0,1666.0,48890.0,56105.0,False,False
3481,2022-10-28 10:32:57.512304,0.0,-0.008368200836820106,0.0,-0.09999999999999964,11.85,11.9,11.9,11.95,1883.0,1666.0,48890.0,56105.0,False,False
3481,2022-10-28 10:32:57.626713,0.0,-0.008368200836820106,0.0,-0.09999999999999964,11.85,11.9,11.9,11.95,1882.0,1666.0,48890.0,56105.0,False,False
3481,2022-10-28 10:32:57.647494,0.0,-0.008368200836820106,0.0,-0.09999999999999964,11.85,11.9,11.9,11.95,1882.0,1590.0,48890.0,56105.0,False,False
3481,2022-10-28 10:32:58.293572,0.0,-0.008368200836820106,0.0,-0.09999999999999964,11.85,11.9,11.9,11.95,1889.0,1590.0,48890.0,56105.0,False,False
3481,2022-10-28 10:32:59.301296,0.0,-0.008368200836820106,0.0,-0.09999999999999964,11.85,11.9,11.9,11.95,1889.0,1620.0,48890.0,56105.0,False,False
3481,2022-10-28 10:32:59.406539,0.0,-0.008368200836820106,0.0,-0.09999999999999964,11.85,11.9,11.9,11.95,1890.0,1620.0,48890.0,56105.0,False,False
3481,2022-10-28 10:32:59.526782,0.0,-0.008368200836820106,0.0,-0.09999999999999964,11.85,11.9,11.9,11.95,1890.0,1620.0,48890.0,56105.0,False,False
3481,2022-10-28 10:32:59.616495,0.0,-0.008368200836820106,0.0,-0.09999999999999964,11.85,11.9,11.9,11.95,1890.0,1696.0,48890.0,56105.0,False,False
3481,2022-10-28 10:33:00.742646,0.0,-0.008368200836820106,0.0,-0.09999999999999964,11.85,11.9,11.9,11.95,1890.0,1698.0,48890.0,56105.0,False,False
3481,2022-10-28 10:33:01.674126,0.0,-0.008368200836820106,0.0,-0.09999999999999964,11.85,11.9,11.9,11.95,1885.0,1698.0,48890.0,56105.0,False,False
3481,2022-10-28 10:33:01.827793,0.0,-0.008368200836820106,0.0,-0.09999999999999964,11.85,11.9,11.9,11.95,1868.0,1698.0,48890.0,56105.0,False,False
3481,2022-10-28 10:33:01.827953,0.0,-0.008368200836820106,0.0,-0.09999999999999964,11.85,11.9,11.9,11.95,1861.0,1698.0,48890.0,56105.0,False,False
3481,2022-10-28 10:33:01.870508,0.0,-0.008368200836820106,0.0,-0.09999999999999964,11.85,11.9,11.9,11.95,1861.0,1750.0,48890.0,56105.0,False,False
3481,2022-10-28 10:33:01.971419,0.0,-0.008368200836820106,0.0,-0.09999999999999964,11.85,11.9,11.9,11.95,1857.0,1698.0,48890.0,56105.0,False,False
3481,2022-10-28 10:33:01.916398,0.0,-0.008368200836820106,0.0,-0.09999999999999964,11.85,11.9,11.9,11.95,1861.0,1698.0,48890.0,56105.0,False,False
3481,2022-10-28 10:33:02.031333,0.0,-0.008368200836820106,0.0,-0.09999999999999964,11.85,11.9,11.9,11.95,1834.0,1750.0,48890.0,56105.0,False,False
3481,2022-10-28 10:33:02.063076,0.0,-0.008368200836820106,0.0,-0.09999999999999964,11.85,11.9,11.9,11.95,1834.0,1750.0,48890.0,56105.0,False,False
3481,2022-10-28 10:33:02.775519,0.0,-0.008368200836820106,0.0,-0.09999999999999964,11.85,11.9,11.9,11.95,1834.0,1752.0,48890.0,56105.0,False,False
3481,2022-10-28 10:33:02.805894,0.0,-0.008368200836820106,0.0,-0.09999999999999964,11.85,11.9,11.9,11.95,1834.0,1700.0,48890.0,56105.0,False,False
3481,2022-10-28 10:33:02.955652,0.0,-0.008368200836820106,0.0,-0.09999999999999964,11.85,11.9,11.9,11.95,1787.0,1700.0,48890.0,56105.0,False,False
3481,2022-10-28 10:33:02.986039,0.0,-0.008368200836820106,0.0,-0.09999999999999964,11.85,11.9,11.9,11.95,1787.0,1752.0,48890.0,56105.0,False,False
3481,2022-10-28 10:33:03.074077,0.0,-0.008368200836820106,0.0,-0.09999999999999964,11.85,11.9,11.9,11.95,1783.0,1748.0,48890.0,56105.0,False,False
3481,2022-10-28 10:33:03.963005,0.0,-0.008368200836820106,0.0,-0.09999999999999964,11.85,11.9,11.9,11.95,1782.0,1748.0,48890.0,56105.0,False,False
3481,2022-10-28 10:33:03.976818,0.0,-0.008368200836820106,0.0,-0.09999999999999964,11.85,11.9,11.9,11.95,1780.0,1748.0,48890.0,56105.0,False,False
3481,2022-10-28 10:33:03.990205,0.0,-0.008368200836820106,0.0,-0.09999999999999964,11.85,11.9,11.9,11.95,1780.0,1696.0,48890.0,56105.0,False,False
3481,2022-10-28 10:33:04.073574,0.0,-0.008368200836820106,0.0,-0.09999999999999964,11.85,11.9,11.9,11.95,1859.0,1696.0,48890.0,56105.0,False,False
3481,2022-10-28 10:33:04.196017,0.0,-0.008368200836820106,0.0,-0.09999999999999964,11.85,11.9,11.9,11.95,1859.0,1696.0,48890.0,56105.0,False,False
3481,2022-10-28 10:33:04.308423,0.0,-0.008368200836820106,0.0,-0.09999999999999964,11.85,11.9,11.9,11.95,1859.0,1696.0,48890.0,56105.0,False,False
3481,2022-10-28 10:33:05.729621,0.0,-0.008368200836820106,0.0,-0.09999999999999964,11.85,11.9,11.9,11.95,1857.0,1696.0,48890.0,56105.0,False,False
3481,2022-10-28 10:33:06.053870,0.0,-0.008368200836820106,0.0,-0.09999999999999964,11.85,11.9,11.9,11.95,1857.0,1696.0,49080.0,56105.0,True,True
3481,2022-10-28 10:33:06.053479,0.0,-0.008368200836820106,0.0,-0.09999999999999964,11.85,11.9,11.9,11.95,1907.0,1696.0,49080.0,56105.0,False,False
3481,2022-10-28 10:33:06.847954,0.0,-0.008368200836820106,0.0,-0.09999999999999964,11.85,11.9,11.9,11.95,1907.0,1696.0,49080.0,56105.0,False,False
3481,2022-10-28 10:33:07.904659,0.0,-0.008368200836820106,0.0,-0.09999999999999964,11.85,11.9,11.9,11.95,1906.0,1696.0,49080.0,56105.0,False,False
3481,2022-10-28 10:33:08.044827,0.0,-0.008368200836820106,0.0,-0.09999999999999964,11.85,11.9,11.9,11.95,1906.0,1696.0,49080.0,56105.0,False,False
3481,2022-10-28 10:33:08.321754,0.0,-0.008368200836820106,0.0,-0.09999999999999964,11.85,11.9,11.9,11.95,1904.0,1696.0,49080.0,56105.0,False,False
3481,2022-10-28 10:33:08.415645,0.0,-0.008368200836820106,0.0,-0.09999999999999964,11.85,11.9,11.9,11.95,1904.0,1696.0,49080.0,56105.0,False,False
3481,2022-10-28 10:33:09.354106,0.0,-0.008368200836820106,0.0,-0.09999999999999964,11.85,11.9,11.9,11.95,1903.0,1696.0,49080.0,56105.0,False,False
3481,2022-10-28 10:33:09.604520,0.0,-0.008368200836820106,0.0,-0.09999999999999964,11.85,11.9,11.9,11.95,1908.0,1696.0,49080.0,56105.0,False,False
3481,2022-10-28 10:33:09.932413,0.0,-0.008368200836820106,0.0,-0.09999999999999964,11.85,11.9,11.9,11.95,1908.0,1696.0,49080.0,56105.0,False,False
3481,2022-10-28 10:33:11.062587,0.0,-0.008368200836820106,0.0,-0.09999999999999964,11.85,11.9,11.9,11.95,1918.0,1696.0,49080.0,56105.0,False,False
3481,2022-10-28 10:33:11.189481,0.0,-0.008368200836820106,0.0,-0.09999999999999964,11.85,11.9,11.9,11.95,1917.0,1696.0,49080.0,56105.0,False,False
3481,2022-10-28 10:33:11.729475,0.0,-0.008368200836820106,0.0,-0.09999999999999964,11.85,11.9,11.9,11.95,1916.0,1695.0,49080.0,56105.0,False,False
3481,2022-10-28 10:33:12.514021,0.0,-0.008368200836820106,0.0,-0.09999999999999964,11.85,11.9,11.9,11.95,1915.0,1695.0,49080.0,56105.0,False,False
3481,2022-10-28 10:33:12.615385,0.0,-0.008368200836820106,0.0,-0.09999999999999964,11.85,11.9,11.9,11.95,1915.0,1693.0,49080.0,56105.0,False,False
3481,2022-10-28 10:33:12.643147,0.0,-0.008368200836820106,0.0,-0.09999999999999964,11.85,11.9,11.9,11.95,1915.0,1698.0,49080.0,56105.0,False,False
3481,2022-10-28 10:33:12.652086,0.0,-0.008368200836820106,0.0,-0.09999999999999964,11.85,11.9,11.9,11.95,1910.0,1698.0,49080.0,56105.0,False,False
3481,2022-10-28 10:33:12.643259,0.0,-0.008368200836820106,0.0,-0.09999999999999964,11.85,11.9,11.9,11.95,1914.0,1698.0,49080.0,56105.0,False,False
3481,2022-10-28 10:33:13.072351,0.0,-0.008368200836820106,0.0,-0.09999999999999964,11.85,11.9,11.9,11.95,1910.0,1698.0,49080.0,56105.0,False,False
3481,2022-10-28 10:33:13.306422,0.0,-0.008368200836820106,0.0,-0.09999999999999964,11.85,11.9,11.9,11.95,1910.0,1697.0,49080.0,56105.0,False,False
3481,2022-10-28 10:33:13.323595,0.0,-0.008368200836820106,0.0,-0.09999999999999964,11.85,11.9,11.9,11.95,1915.0,1697.0,49080.0,56105.0,False,False
3481,2022-10-28 10:33:14.980012,0.0,-0.008368200836820106,0.0,-0.09999999999999964,11.85,11.9,11.9,11.95,1920.0,1697.0,49080.0,56105.0,False,False
3481,2022-10-28 10:33:16.013677,0.0,-0.008368200836820106,0.0,-0.09999999999999964,11.85,11.9,11.9,11.95,1920.0,1697.0,49080.0,56105.0,False,False
3481,2022-10-28 10:33:16.112787,0.0,-0.008368200836820106,0.0,-0.09999999999999964,11.85,11.9,11.9,11.95,1920.0,1697.0,49080.0,56105.0,True,True
3481,2022-10-28 10:33:16.322324,0.0,-0.008368200836820106,0.0,-0.09999999999999964,11.85,11.9,11.9,11.95,1922.0,1697.0,49080.0,56105.0,False,False
3481,2022-10-28 10:33:16.455524,0.0,-0.008368200836820106,0.0,-0.09999999999999964,11.85,11.9,11.9,11.95,1922.0,1697.0,49080.0,56105.0,False,False
3481,2022-10-28 10:33:16.830988,0.0,-0.008368200836820106,0.0,-0.09999999999999964,11.85,11.9,11.9,11.95,1918.0,1693.0,49080.0,56105.0,False,False
3481,2022-10-28 10:33:17.385178,0.0,-0.008368200836820106,0.0,-0.09999999999999964,11.85,11.9,11.9,11.95,1918.0,1693.0,49080.0,56105.0,False,False
3481,2022-10-28 10:33:18.327963,0.0,-0.008368200836820106,0.0,-0.09999999999999964,11.85,11.9,11.9,11.95,1918.0,1693.0,49080.0,56105.0,False,False
3481,2022-10-28 10:33:18.439266,0.0,-0.008368200836820106,0.0,-0.09999999999999964,11.85,11.9,11.9,11.95,1918.0,1617.0,49080.0,56105.0,False,False
3481,2022-10-28 10:33:18.581527,0.0,-0.008368200836820106,0.0,-0.09999999999999964,11.85,11.9,11.9,11.95,1908.0,1607.0,49080.0,56105.0,False,False
3481,2022-10-28 10:33:18.817720,0.0,-0.008368200836820106,0.0,-0.09999999999999964,11.85,11.9,11.9,11.95,1914.0,1607.0,49080.0,56105.0,False,False
3481,2022-10-28 10:33:18.991009,0.0,-0.008368200836820106,0.0,-0.09999999999999964,11.85,11.9,11.9,11.95,1884.0,1607.0,49080.0,56105.0,False,False
3481,2022-10-28 10:33:19.061700,0.0,-0.008368200836820106,0.0,-0.09999999999999964,11.85,11.9,11.9,11.95,1883.0,1607.0,49080.0,56105.0,False,False
3481,2022-10-28 10:33:19.442011,0.0,-0.008368200836820106,0.0,-0.09999999999999964,11.85,11.9,11.9,11.95,1895.0,1607.0,49080.0,56105.0,False,False
3481,2022-10-28 10:33:19.449729,0.0,-0.008368200836820106,0.0,-0.09999999999999964,11.85,11.9,11.9,11.95,1895.0,1607.0,49080.0,56105.0,False,False
3481,2022-10-28 10:33:19.908102,0.0,-0.008368200836820106,0.0,-0.09999999999999964,11.85,11.9,11.9,11.95,1895.0,1607.0,49080.0,56105.0,False,False
3481,2022-10-28 10:33:19.931332,0.0,-0.008368200836820106,0.0,-0.09999999999999964,11.85,11.9,11.9,11.95,1894.0,1607.0,49080.0,56105.0,False,False
3481,2022-10-28 10:33:20.478991,0.0,-0.008368200836820106,0.0,-0.09999999999999964,11.85,11.9,11.9,11.95,1895.0,1607.0,49080.0,56105.0,False,False
3481,2022-10-28 10:33:20.529435,0.0,-0.008368200836820106,0.0,-0.09999999999999964,11.85,11.9,11.9,11.95,1895.0,1585.0,49080.0,56105.0,False,False
3481,2022-10-28 10:33:20.582688,0.0,-0.008368200836820106,0.0,-0.09999999999999964,11.85,11.9,11.9,11.95,1895.0,1584.0,49080.0,56105.0,False,False
3481,2022-10-28 10:33:20.565734,0.0,-0.008368200836820106,0.0,-0.09999999999999964,11.85,11.9,11.9,11.95,1895.0,1585.0,49080.0,56105.0,False,False
3481,2022-10-28 10:33:22.294561,0.0,-0.008368200836820106,0.0,-0.09999999999999964,11.85,11.9,11.9,11.95,1895.0,1584.0,49080.0,56105.0,False,False
3481,2022-10-28 10:33:22.464492,0.0,-0.008368200836820106,0.0,-0.09999999999999964,11.85,11.9,11.9,11.95,1894.0,1583.0,49080.0,56105.0,False,False
3481,2022-10-28 10:33:23.105554,0.0,-0.008368200836820106,0.0,-0.09999999999999964,11.85,11.9,11.9,11.95,1895.0,1583.0,49080.0,56105.0,False,False
3481,2022-10-28 10:33:23.821620,0.0,-0.008368200836820106,0.0,-0.09999999999999964,11.85,11.9,11.9,11.95,1889.0,1583.0,49080.0,56105.0,False,False
3481,2022-10-28 10:33:23.823732,0.0,-0.008368200836820106,0.0,-0.09999999999999964,11.85,11.9,11.9,11.95,1889.0,1577.0,49080.0,56105.0,False,False
3481,2022-10-28 10:33:26.158939,0.0,-0.008368200836820106,0.0,-0.09999999999999964,11.85,11.9,11.9,11.95,1889.0,1577.0,48980.0,56105.0,True,True
3481,2022-10-28 10:33:27.129250,0.0,-0.008368200836820106,0.0,-0.09999999999999964,11.85,11.9,11.9,11.95,1862.0,1577.0,48980.0,56105.0,False,False
3481,2022-10-28 10:33:27.242986,0.0,-0.008368200836820106,0.0,-0.09999999999999964,11.85,11.9,11.9,11.95,1858.0,1577.0,48980.0,56105.0,False,False
3481,2022-10-28 10:33:27.400452,0.0,-0.008368200836820106,0.0,-0.09999999999999964,11.85,11.9,11.9,11.95,1860.0,1577.0,48980.0,56105.0,False,False
3481,2022-10-28 10:33:28.137725,0.0,-0.008368200836820106,0.0,-0.09999999999999964,11.85,11.9,11.9,11.95,1856.0,1577.0,48980.0,56105.0,False,False
3481,2022-10-28 10:33:28.180680,0.0,-0.008368200836820106,0.0,-0.09999999999999964,11.85,11.9,11.9,11.95,1806.0,1577.0,48980.0,56105.0,False,False
3481,2022-10-28 10:33:28.384729,0.0,-0.008368200836820106,0.0,-0.09999999999999964,11.85,11.9,11.9,11.95,1804.0,1577.0,48980.0,56105.0,False,False
3481,2022-10-28 10:33:28.924136,0.0,-0.008368200836820106,0.0,-0.09999999999999964,11.85,11.9,11.9,11.95,1798.0,1577.0,48980.0,56105.0,False,False
3481,2022-10-28 10:33:29.043363,0.0,-0.008368200836820106,0.0,-0.09999999999999964,11.85,11.9,11.9,11.95,1798.0,1577.0,48980.0,56105.0,False,False
3481,2022-10-28 10:33:29.551542,0.0,-0.008368200836820106,0.0,-0.09999999999999964,11.85,11.9,11.9,11.95,1798.0,1576.0,48980.0,56105.0,False,False
3481,2022-10-28 10:33:30.051817,0.0,-0.008368200836820106,0.0,-0.09999999999999964,11.85,11.9,11.9,11.95,1796.0,1576.0,48980.0,56105.0,False,False
3481,2022-10-28 10:33:30.067114,0.0,-0.008368200836820106,0.0,-0.09999999999999964,11.85,11.9,11.9,11.95,1797.0,1576.0,48980.0,56105.0,False,False
3481,2022-10-28 10:33:31.538895,0.0,-0.008368200836820106,0.0,-0.09999999999999964,11.85,11.9,11.9,11.95,1796.0,1575.0,48980.0,56105.0,False,False
3481,2022-10-28 10:33:32.077872,0.0,-0.008368200836820106,0.0,-0.09999999999999964,11.85,11.9,11.9,11.95,1796.0,1575.0,48980.0,56105.0,False,False
3481,2022-10-28 10:33:34.048203,0.0,-0.008368200836820106,0.0,-0.09999999999999964,11.85,11.9,11.9,11.95,1796.0,1575.0,48980.0,56105.0,False,False
3481,2022-10-28 10:33:34.069809,0.0,-0.008368200836820106,0.0,-0.09999999999999964,11.85,11.9,11.9,11.95,1796.0,1575.0,48980.0,56105.0,False,False
3481,2022-10-28 10:33:35.780675,0.0,-0.008368200836820106,0.0,-0.09999999999999964,11.85,11.9,11.9,11.95,1796.0,1575.0,48980.0,56105.0,False,False
3481,2022-10-28 10:33:36.136942,0.0,-0.008368200836820106,0.0,-0.09999999999999964,11.85,11.9,11.9,11.95,1796.0,1575.0,48980.0,56105.0,False,False
3481,2022-10-28 10:33:36.199517,0.0,-0.008368200836820106,0.0,-0.09999999999999964,11.85,11.9,11.9,11.95,1796.0,1575.0,48480.0,56105.0,True,True
3481,2022-10-28 10:33:36.255369,0.0,-0.008368200836820106,0.0,-0.09999999999999964,11.85,11.9,11.9,11.95,1796.0,1576.0,48480.0,56105.0,False,False
3481,2022-10-28 10:33:36.431624,0.0,-0.008368200836820106,0.0,-0.09999999999999964,11.85,11.9,11.9,11.95,1796.0,1576.0,48480.0,56105.0,False,False
3481,2022-10-28 10:33:36.439011,0.0,-0.008368200836820106,0.0,-0.09999999999999964,11.85,11.9,11.9,11.95,1796.0,1576.0,48480.0,56105.0,False,False
3481,2022-10-28 10:33:36.931796,0.0,-0.008368200836820106,0.0,-0.09999999999999964,11.85,11.9,11.9,11.95,1795.0,1576.0,48480.0,56105.0,False,False
3481,2022-10-28 10:33:37.525781,0.0,-0.008368200836820106,0.0,-0.09999999999999964,11.85,11.9,11.9,11.95,1795.0,1576.0,48480.0,56105.0,False,False
3481,2022-10-28 10:33:37.745412,0.0,-0.008368200836820106,0.0,-0.09999999999999964,11.85,11.9,11.9,11.95,1794.0,1576.0,48480.0,56105.0,False,False
3481,2022-10-28 10:33:39.866188,0.0,-0.008368200836820106,0.0,-0.09999999999999964,11.85,11.9,11.9,11.95,1796.0,1576.0,48480.0,56105.0,False,False
3481,2022-10-28 10:33:39.934408,0.0,-0.008368200836820106,0.0,-0.09999999999999964,11.85,11.9,11.9,11.95,1795.0,1576.0,48480.0,56105.0,False,False
3481,2022-10-28 10:33:39.935688,0.0,-0.008368200836820106,0.0,-0.09999999999999964,11.85,11.9,11.9,11.95,1799.0,1576.0,48480.0,56105.0,False,False
3481,2022-10-28 10:33:40.266076,0.0,-0.008368200836820106,0.0,-0.09999999999999964,11.85,11.9,11.9,11.95,1799.0,1576.0,48480.0,56105.0,False,False
3481,2022-10-28 10:33:41.370651,0.0,-0.008368200836820106,0.0,-0.09999999999999964,11.85,11.9,11.9,11.95,1799.0,1575.0,48480.0,56105.0,False,False
3481,2022-10-28 10:33:43.930987,0.0,-0.008368200836820106,0.0,-0.09999999999999964,11.85,11.9,11.9,11.95,1798.0,1575.0,48480.0,56105.0,False,False
3481,2022-10-28 10:33:44.621744,0.0,-0.008368200836820106,0.0,-0.09999999999999964,11.85,11.9,11.9,11.95,1796.0,1575.0,48480.0,56105.0,False,False
3481,2022-10-28 10:33:44.941757,0.0,-0.008368200836820106,0.0,-0.09999999999999964,11.85,11.9,11.9,11.95,1792.0,1575.0,48480.0,56105.0,False,False
3481,2022-10-28 10:33:44.941876,0.0,-0.008368200836820106,0.0,-0.09999999999999964,11.85,11.9,11.9,11.95,1792.0,1571.0,48480.0,56105.0,False,False
3481,2022-10-28 10:33:46.234623,0.0,-0.008368200836820106,0.0,-0.09999999999999964,11.85,11.9,11.9,11.95,1792.0,1571.0,47425.0,56105.0,True,True
3481,2022-10-28 10:33:46.387615,0.0,-0.008368200836820106,0.0,-0.09999999999999964,11.85,11.9,11.9,11.95,1792.0,1571.0,47425.0,56105.0,False,False
3481,2022-10-28 10:33:46.940689,0.0,-0.008368200836820106,0.0,-0.09999999999999964,11.85,11.9,11.9,11.95,1791.0,1571.0,47425.0,56105.0,False,False
3481,2022-10-28 10:33:47.318865,0.0,-0.008368200836820106,0.0,-0.09999999999999964,11.85,11.9,11.9,11.95,1791.0,1571.0,47425.0,56105.0,False,False
3481,2022-10-28 10:33:48.235356,0.0,-0.008368200836820106,0.0,-0.09999999999999964,11.85,11.9,11.9,11.95,1790.0,1570.0,47425.0,56105.0,False,False
3481,2022-10-28 10:33:48.878032,0.0,-0.008368200836820106,0.0,-0.09999999999999964,11.85,11.9,11.9,11.95,1790.0,1570.0,47425.0,56105.0,False,False
3481,2022-10-28 10:33:49.065313,0.0,-0.008368200836820106,0.0,-0.09999999999999964,11.85,11.9,11.9,11.95,1791.0,1570.0,47425.0,56105.0,False,False
3481,2022-10-28 10:33:49.855043,0.0,-0.008368200836820106,0.0,-0.09999999999999964,11.85,11.9,11.9,11.95,1791.0,1570.0,47425.0,56105.0,False,False
3481,2022-10-28 10:33:49.948916,0.0,-0.008368200836820106,0.0,-0.09999999999999964,11.85,11.9,11.9,11.95,1790.0,1570.0,47425.0,56105.0,False,False
3481,2022-10-28 10:33:50.574421,0.0,-0.008368200836820106,0.0,-0.09999999999999964,11.85,11.9,11.9,11.95,1790.0,1570.0,47425.0,56105.0,False,False
3481,2022-10-28 10:33:51.912107,0.0,-0.008368200836820106,0.0,-0.09999999999999964,11.85,11.9,11.9,11.95,1795.0,1570.0,47425.0,56105.0,False,False
3481,2022-10-28 10:33:52.265173,0.0,-0.008368200836820106,0.0,-0.09999999999999964,11.85,11.9,11.9,11.95,1795.0,1570.0,47425.0,56105.0,False,False
3481,2022-10-28 10:33:53.409767,0.0,-0.008368200836820106,0.0,-0.09999999999999964,11.85,11.9,11.9,11.95,1795.0,1570.0,47425.0,56105.0,False,False
3481,2022-10-28 10:33:53.949202,0.0,-0.008368200836820106,0.0,-0.09999999999999964,11.85,11.9,11.9,11.95,1794.0,1570.0,47425.0,56105.0,False,False
3481,2022-10-28 10:33:54.370730,0.0,-0.008368200836820106,0.0,-0.09999999999999964,11.85,11.9,11.9,11.95,1795.0,1570.0,47425.0,56105.0,False,False
3481,2022-10-28 10:33:54.923892,0.0,-0.008368200836820106,0.0,-0.09999999999999964,11.85,11.9,11.9,11.95,1795.0,1570.0,47425.0,56105.0,False,False
3481,2022-10-28 10:33:55.940449,0.0,-0.008368200836820106,0.0,-0.09999999999999964,11.85,11.9,11.9,11.95,1796.0,1570.0,47425.0,56105.0,False,False
3481,2022-10-28 10:33:56.566570,0.0,-0.008368200836820106,0.0,-0.09999999999999964,11.85,11.9,11.9,11.95,1796.0,1570.0,47425.0,56105.0,False,False
3481,2022-10-28 10:33:56.941084,0.0,-0.008368200836820106,0.0,-0.09999999999999964,11.85,11.9,11.9,11.95,1795.0,1570.0,47425.0,56105.0,False,False
3481,2022-10-28 10:33:58.466909,0.0,-0.008368200836820106,0.0,-0.09999999999999964,11.85,11.9,11.9,11.95,1795.0,1570.0,47425.0,56105.0,False,False
3481,2022-10-28 10:33:58.725828,0.0,-0.008368200836820106,0.0,-0.09999999999999964,11.85,11.9,11.9,11.95,1796.0,1570.0,47425.0,56105.0,False,False
3481,2022-10-28 10:33:59.953935,0.0,-0.008368200836820106,0.0,-0.09999999999999964,11.85,11.9,11.9,11.95,1795.0,1570.0,47425.0,56105.0,False,False
3481,2022-10-28 10:34:00.100945,0.0,-0.008368200836820106,0.0,-0.09999999999999964,11.85,11.9,11.9,11.95,1795.0,1570.0,47425.0,56105.0,False,False
3481,2022-10-28 10:34:01.243547,0.0,-0.008368200836820106,0.0,-0.09999999999999964,11.85,11.9,11.9,11.95,1796.0,1570.0,47425.0,56105.0,False,False
3481,2022-10-28 10:34:03.838203,0.0,-0.008368200836820106,0.0,-0.09999999999999964,11.85,11.9,11.9,11.95,1796.0,1570.0,47425.0,56105.0,False,False
3481,2022-10-28 10:34:03.967706,0.0,-0.008368200836820106,0.0,-0.09999999999999964,11.85,11.9,11.9,11.95,1795.0,1570.0,47425.0,56105.0,False,False
3481,2022-10-28 10:34:05.720684,0.0,-0.008368200836820106,0.0,-0.09999999999999964,11.85,11.9,11.9,11.95,1795.0,1570.0,48749.0,56105.0,False,True
3481,2022-10-28 10:34:06.541271,0.0,-0.008368200836820106,0.0,-0.09999999999999964,11.85,11.9,11.9,11.95,1795.0,1570.0,48749.0,56105.0,False,False
3481,2022-10-28 10:34:06.727336,0.0,-0.008368200836820106,0.0,-0.09999999999999964,11.85,11.9,11.9,11.95,1791.0,1570.0,48749.0,56105.0,False,False
3481,2022-10-28 10:34:06.848022,0.0,-0.008368200836820106,0.0,-0.09999999999999964,11.85,11.9,11.9,11.95,1790.0,1570.0,48749.0,56105.0,False,False
3481,2022-10-28 10:34:09.959587,0.0,-0.008368200836820106,0.0,-0.09999999999999964,11.85,11.9,11.9,11.95,1789.0,1570.0,48749.0,56105.0,False,False
3481,2022-10-28 10:34:11.795429,0.0,-0.008368200836820106,0.0,-0.09999999999999964,11.85,11.9,11.9,11.95,1794.0,1570.0,48749.0,56105.0,False,False
3481,2022-10-28 10:34:13.095936,0.0,-0.008368200836820106,0.0,-0.09999999999999964,11.85,11.9,11.9,11.95,1794.0,1570.0,48749.0,56105.0,False,False
3481,2022-10-28 10:34:13.151601,0.0,-0.008368200836820106,0.0,-0.09999999999999964,11.85,11.9,11.9,11.95,1793.0,1570.0,48749.0,56105.0,False,False
3481,2022-10-28 10:34:13.263148,0.0,-0.008368200836820106,0.0,-0.09999999999999964,11.85,11.9,11.9,11.95,1792.0,1570.0,48749.0,56105.0,False,False
3481,2022-10-28 10:34:13.295105,0.0,-0.008368200836820106,0.0,-0.09999999999999964,11.85,11.9,11.9,11.95,1792.0,1570.0,48749.0,56105.0,False,False
3481,2022-10-28 10:34:13.825994,0.0,-0.008368200836820106,0.0,-0.09999999999999964,11.85,11.9,11.9,11.95,1791.0,1570.0,48749.0,56105.0,False,False
3481,2022-10-28 10:34:14.599149,0.0,-0.008368200836820106,0.0,-0.09999999999999964,11.85,11.9,11.9,11.95,1791.0,1570.0,48749.0,56105.0,False,False
3481,2022-10-28 10:34:15.309190,0.0,-0.008368200836820106,0.0,-0.09999999999999964,11.85,11.9,11.9,11.95,1791.0,1570.0,48749.0,56105.0,False,False
3481,2022-10-28 10:34:15.375956,0.0,-0.008368200836820106,0.0,-0.09999999999999964,11.85,11.9,11.9,11.95,1791.0,1570.0,48749.0,56105.0,False,False
3481,2022-10-28 10:34:15.767477,0.0,-0.008368200836820106,0.0,-0.09999999999999964,11.85,11.9,11.9,11.95,1791.0,1570.0,47750.0,56105.0,True,True
3481,2022-10-28 10:34:16.151850,0.0,-0.008368200836820106,0.0,-0.09999999999999964,11.85,11.9,11.9,11.95,1790.0,1570.0,47750.0,56105.0,False,False
3481,2022-10-28 10:34:16.960729,0.0,-0.008368200836820106,0.0,-0.09999999999999964,11.85,11.9,11.9,11.95,1789.0,1570.0,47750.0,56105.0,False,False
3481,2022-10-28 10:34:17.090656,0.0,-0.008368200836820106,0.0,-0.09999999999999964,11.85,11.9,11.9,11.95,1790.0,1570.0,47750.0,56105.0,False,False
3481,2022-10-28 10:34:18.102063,0.0,-0.008368200836820106,0.0,-0.09999999999999964,11.85,11.9,11.9,11.95,1788.0,1570.0,47750.0,56105.0,False,False
3481,2022-10-28 10:34:18.529734,0.0,-0.008368200836820106,0.0,-0.09999999999999964,11.85,11.9,11.9,11.95,1793.0,1570.0,47750.0,56105.0,False,False
3481,2022-10-28 10:34:18.617664,0.0,-0.008368200836820106,0.0,-0.09999999999999964,11.85,11.9,11.9,11.95,1791.0,1570.0,47750.0,56105.0,False,False
3481,2022-10-28 10:34:19.571659,0.0,-0.008368200836820106,0.0,-0.09999999999999964,11.85,11.9,11.9,11.95,1792.0,1570.0,47750.0,56105.0,False,False
3481,2022-10-28 10:34:19.959203,0.0,-0.008368200836820106,0.0,-0.09999999999999964,11.85,11.9,11.9,11.95,1791.0,1570.0,47750.0,56105.0,False,False
3481,2022-10-28 10:34:21.066781,0.0,-0.008368200836820106,0.0,-0.09999999999999964,11.85,11.9,11.9,11.95,1792.0,1570.0,47750.0,56105.0,False,False
3481,2022-10-28 10:34:21.722209,0.0,-0.008368200836820106,0.0,-0.09999999999999964,11.85,11.9,11.9,11.95,1792.0,1570.0,47750.0,56105.0,False,False
3481,2022-10-28 10:34:23.030571,0.0,-0.008368200836820106,0.0,-0.09999999999999964,11.85,11.9,11.9,11.95,1792.0,1570.0,47750.0,56105.0,False,False
3481,2022-10-28 10:34:23.967460,0.0,-0.008368200836820106,0.0,-0.09999999999999964,11.85,11.9,11.9,11.95,1791.0,1570.0,47750.0,56105.0,False,False
3481,2022-10-28 10:34:25.807633,0.0,-0.008368200836820106,0.0,-0.09999999999999964,11.85,11.9,11.9,11.95,1791.0,1570.0,47860.0,56105.0,True,True
3481,2022-10-28 10:34:26.111106,0.0,-0.008368200836820106,0.0,-0.09999999999999964,11.85,11.9,11.9,11.95,1791.0,1570.0,47860.0,56105.0,False,False
3481,2022-10-28 10:34:26.957066,0.0,-0.008368200836820106,0.0,-0.09999999999999964,11.85,11.9,11.9,11.95,1790.0,1570.0,47860.0,56105.0,False,False
3481,2022-10-28 10:34:27.262473,0.0,-0.008368200836820106,0.0,-0.09999999999999964,11.85,11.9,11.9,11.95,1789.0,1569.0,47860.0,56105.0,False,False
3481,2022-10-28 10:34:27.459768,0.0,-0.008368200836820106,0.0,-0.09999999999999964,11.85,11.9,11.9,11.95,1795.0,1569.0,47860.0,56105.0,False,False
3481,2022-10-28 10:34:28.062769,0.0,-0.008368200836820106,0.0,-0.09999999999999964,11.85,11.9,11.9,11.95,1794.0,1569.0,47860.0,56105.0,False,False
3481,2022-10-28 10:34:28.314354,0.0,-0.008368200836820106,0.0,-0.09999999999999964,11.85,11.9,11.9,11.95,1795.0,1569.0,47860.0,56105.0,False,False
3481,2022-10-28 10:34:29.055924,0.0,-0.008368200836820106,0.0,-0.09999999999999964,11.85,11.9,11.9,11.95,1795.0,1573.0,47860.0,56105.0,False,False
3481,2022-10-28 10:34:29.225254,0.0,-0.008368200836820106,0.0,-0.09999999999999964,11.85,11.9,11.9,11.95,1795.0,1573.0,47860.0,56105.0,False,False
3481,2022-10-28 10:34:29.965926,0.0,-0.008368200836820106,0.0,-0.09999999999999964,11.85,11.9,11.9,11.95,1794.0,1573.0,47860.0,56105.0,False,False
3481,2022-10-28 10:34:30.730972,0.0,-0.008368200836820106,0.0,-0.09999999999999964,11.85,11.9,11.9,11.95,1794.0,1573.0,47860.0,56105.0,False,False
3481,2022-10-28 10:34:31.599984,0.0,-0.008368200836820106,0.0,-0.09999999999999964,11.85,11.9,11.9,11.95,1794.0,1573.0,47860.0,56105.0,False,False
3481,2022-10-28 10:34:32.352898,0.0,-0.008368200836820106,0.0,-0.09999999999999964,11.85,11.9,11.9,11.95,1794.0,1570.0,47860.0,56105.0,False,False
3481,2022-10-28 10:34:33.963859,0.0,-0.008368200836820106,0.0,-0.09999999999999964,11.85,11.9,11.9,11.95,1793.0,1570.0,47860.0,56105.0,False,False
3481,2022-10-28 10:34:35.842661,0.0,-0.008368200836820106,0.0,-0.09999999999999964,11.85,11.9,11.9,11.95,1793.0,1570.0,47670.0,56105.0,True,True
3481,2022-10-28 10:34:36.362580,0.0,-0.008368200836820106,0.0,-0.09999999999999964,11.85,11.9,11.9,11.95,1793.0,1569.0,47670.0,56105.0,False,False
3481,2022-10-28 10:34:36.474896,0.0,-0.008368200836820106,0.0,-0.09999999999999964,11.85,11.9,11.9,11.95,1792.0,1569.0,47670.0,56105.0,False,False
3481,2022-10-28 10:34:37.026994,0.0,-0.008368200836820106,0.0,-0.09999999999999964,11.85,11.9,11.9,11.95,1792.0,1569.0,47670.0,56105.0,False,False
3481,2022-10-28 10:34:37.105111,0.0,-0.008368200836820106,0.0,-0.09999999999999964,11.85,11.9,11.9,11.95,1805.0,1569.0,47670.0,56105.0,False,False
3481,2022-10-28 10:34:37.333764,0.0,-0.008368200836820106,0.0,-0.09999999999999964,11.85,11.9,11.9,11.95,1805.0,1569.0,47670.0,56105.0,False,False
3481,2022-10-28 10:34:39.398758,0.0,-0.008368200836820106,0.0,-0.09999999999999964,11.85,11.9,11.9,11.95,1803.0,1569.0,47670.0,56105.0,False,False
3481,2022-10-28 10:34:39.446350,0.0,-0.008368200836820106,0.0,-0.09999999999999964,11.85,11.9,11.9,11.95,1803.0,1569.0,47670.0,56105.0,False,False
3481,2022-10-28 10:34:39.705186,0.0,-0.008368200836820106,0.0,-0.09999999999999964,11.85,11.9,11.9,11.95,1799.0,1569.0,47670.0,56105.0,False,False
3481,2022-10-28 10:34:39.851896,0.0,-0.008368200836820106,0.0,-0.09999999999999964,11.85,11.9,11.9,11.95,1798.0,1569.0,47670.0,56105.0,False,False
3481,2022-10-28 10:34:40.603618,0.0,-0.008368200836820106,0.0,-0.09999999999999964,11.85,11.9,11.9,11.95,1797.0,1569.0,47670.0,56105.0,False,False
3481,2022-10-28 10:34:42.471529,0.0,-0.008368200836820106,0.0,-0.09999999999999964,11.85,11.9,11.9,11.95,1719.0,1569.0,47670.0,56105.0,False,False
3481,2022-10-28 10:34:42.545987,0.0,-0.008368200836820106,0.0,-0.09999999999999964,11.85,11.9,11.9,11.95,1720.0,1569.0,47670.0,56105.0,False,False
3481,2022-10-28 10:34:42.580006,0.0,-0.008368200836820106,0.0,-0.09999999999999964,11.85,11.9,11.9,11.95,1720.0,1569.0,47670.0,56105.0,False,False
3481,2022-10-28 10:34:43.448851,0.0,-0.008368200836820106,0.0,-0.09999999999999964,11.85,11.9,11.9,11.95,1719.0,1569.0,47670.0,56105.0,False,False
3481,2022-10-28 10:34:43.553859,0.0,-0.008368200836820106,0.0,-0.09999999999999964,11.85,11.9,11.9,11.95,1718.0,1569.0,47670.0,56105.0,False,False
3481,2022-10-28 10:34:43.900991,0.0,-0.008368200836820106,0.0,-0.09999999999999964,11.85,11.9,11.9,11.95,1718.0,1563.0,47670.0,56105.0,False,False
3481,2022-10-28 10:34:43.950172,0.0,-0.008368200836820106,0.0,-0.09999999999999964,11.85,11.9,11.9,11.95,1718.0,1563.0,47670.0,56105.0,False,False
3481,2022-10-28 10:34:46.014752,0.0,-0.008368200836820106,0.0,-0.09999999999999964,11.85,11.9,11.9,11.95,1718.0,1563.0,47670.0,56105.0,False,False
3481,2022-10-28 10:34:46.094828,0.0,-0.008368200836820106,0.0,-0.09999999999999964,11.85,11.9,11.9,11.95,1724.0,1563.0,47670.0,56105.0,False,False
3481,2022-10-28 10:34:46.116989,0.0,-0.008368200836820106,0.0,-0.09999999999999964,11.85,11.9,11.9,11.95,1724.0,1563.0,47670.0,56105.0,False,False
3481,2022-10-28 10:34:46.227449,0.0,-0.008368200836820106,0.0,-0.09999999999999964,11.85,11.9,11.9,11.95,1724.0,1563.0,47670.0,56105.0,False,False
3481,2022-10-28 10:34:46.977014,0.0,-0.008368200836820106,0.0,-0.09999999999999964,11.85,11.9,11.9,11.95,1723.0,1563.0,47670.0,56105.0,False,False
3481,2022-10-28 10:34:47.119885,0.0,-0.008368200836820106,0.0,-0.09999999999999964,11.85,11.9,11.9,11.95,1724.0,1563.0,47670.0,56105.0,False,False
3481,2022-10-28 10:34:47.586258,0.0,-0.008368200836820106,0.0,-0.09999999999999964,11.85,11.9,11.9,11.95,1724.0,1615.0,47670.0,56105.0,False,False
3481,2022-10-28 10:34:47.587004,0.0,-0.008368200836820106,0.0,-0.09999999999999964,11.85,11.9,11.9,11.95,1712.0,1615.0,47670.0,56105.0,False,False
3481,2022-10-28 10:34:47.588296,0.0,-0.008368200836820106,0.0,-0.09999999999999964,11.85,11.9,11.9,11.95,1712.0,1615.0,47670.0,56105.0,False,False
3481,2022-10-28 10:34:47.740172,0.0,-0.008368200836820106,0.0,-0.09999999999999964,11.85,11.9,11.9,11.95,1712.0,1615.0,47670.0,56105.0,False,False
3481,2022-10-28 10:34:49.142305,0.0,-0.008368200836820106,0.0,-0.09999999999999964,11.85,11.9,11.9,11.95,1711.0,1615.0,47670.0,56105.0,False,False
3481,2022-10-28 10:34:49.970639,0.0,-0.008368200836820106,0.0,-0.09999999999999964,11.85,11.9,11.9,11.95,1710.0,1615.0,47670.0,56105.0,False,False
3481,2022-10-28 10:34:50.074198,0.0,-0.008368200836820106,0.0,-0.09999999999999964,11.85,11.9,11.9,11.95,1712.0,1615.0,47670.0,56105.0,False,False
3481,2022-10-28 10:34:51.099048,0.0,-0.008368200836820106,0.0,-0.09999999999999964,11.85,11.9,11.9,11.95,1712.0,1609.0,47670.0,56105.0,False,False
3481,2022-10-28 10:34:51.125913,0.0,-0.008368200836820106,0.0,-0.09999999999999964,11.85,11.9,11.9,11.95,1706.0,1609.0,47670.0,56105.0,False,False
3481,2022-10-28 10:34:51.557497,0.0,-0.008368200836820106,0.0,-0.09999999999999964,11.85,11.9,11.9,11.95,1705.0,1609.0,47670.0,56105.0,False,False
3481,2022-10-28 10:34:51.698936,0.0,-0.008368200836820106,0.0,-0.09999999999999964,11.85,11.9,11.9,11.95,1705.0,1609.0,47670.0,56105.0,False,False
3481,2022-10-28 10:34:52.982946,0.0,-0.008368200836820106,0.0,-0.09999999999999964,11.85,11.9,11.9,11.95,1704.0,1609.0,47670.0,56105.0,False,False
3481,2022-10-28 10:34:53.822784,0.0,-0.008368200836820106,0.0,-0.09999999999999964,11.85,11.9,11.9,11.95,1704.0,1631.0,47670.0,56105.0,False,False
3481,2022-10-28 10:34:54.612009,0.0,-0.008368200836820106,0.0,-0.09999999999999964,11.85,11.9,11.9,11.95,1704.0,1631.0,47670.0,56105.0,False,False
3481,2022-10-28 10:34:55.670530,0.0,-0.008368200836820106,0.0,-0.09999999999999964,11.85,11.9,11.9,11.95,1704.0,1631.0,47670.0,56105.0,False,False
3481,2022-10-28 10:34:55.921500,0.0,-0.008368200836820106,0.0,-0.09999999999999964,11.85,11.9,11.9,11.95,1704.0,1631.0,47774.0,56105.0,True,True
3481,2022-10-28 10:34:56.103043,0.0,-0.008368200836820106,0.0,-0.09999999999999964,11.85,11.9,11.9,11.95,1704.0,1631.0,47774.0,56105.0,False,False
3481,2022-10-28 10:34:56.491750,0.0,-0.008368200836820106,0.0,-0.09999999999999964,11.85,11.9,11.9,11.95,1702.0,1631.0,47774.0,56105.0,False,False
3481,2022-10-28 10:34:56.597630,0.0,-0.008368200836820106,0.0,-0.09999999999999964,11.85,11.9,11.9,11.95,1701.0,1631.0,47774.0,56105.0,False,False
3481,2022-10-28 10:34:56.893133,0.0,-0.008368200836820106,0.0,-0.09999999999999964,11.85,11.9,11.9,11.95,1656.0,1586.0,47774.0,56105.0,False,False
3481,2022-10-28 10:34:59.341926,0.0,-0.008368200836820106,0.0,-0.09999999999999964,11.85,11.9,11.9,11.95,1657.0,1586.0,47774.0,56105.0,False,False
3481,2022-10-28 10:34:59.546975,0.0,-0.008368200836820106,0.0,-0.09999999999999964,11.85,11.9,11.9,11.95,1658.0,1586.0,47774.0,56105.0,False,False
3481,2022-10-28 10:34:59.680627,0.0,-0.008368200836820106,0.0,-0.09999999999999964,11.85,11.9,11.9,11.95,1657.0,1586.0,47774.0,56105.0,False,False
3481,2022-10-28 10:34:59.723656,0.0,-0.008368200836820106,0.0,-0.09999999999999964,11.85,11.9,11.9,11.95,1657.0,1586.0,47774.0,56105.0,False,False
3481,2022-10-28 10:35:00.382239,0.0,-0.008368200836820106,0.0,-0.09999999999999964,11.85,11.9,11.9,11.95,1657.0,1586.0,47774.0,56105.0,False,False
3481,2022-10-28 10:35:00.522182,0.0,-0.008368200836820106,0.0,-0.09999999999999964,11.85,11.9,11.9,11.95,1657.0,1590.0,47774.0,56105.0,False,False
3481,2022-10-28 10:35:01.250777,0.0,-0.008368200836820106,0.0,-0.09999999999999964,11.85,11.9,11.9,11.95,1658.0,1590.0,47774.0,56105.0,False,False
3481,2022-10-28 10:35:01.371646,0.0,-0.008368200836820106,0.0,-0.09999999999999964,11.85,11.9,11.9,11.95,1658.0,1595.0,47774.0,56105.0,False,False
3481,2022-10-28 10:35:02.847396,0.0,-0.008368200836820106,0.0,-0.09999999999999964,11.85,11.9,11.9,11.95,1657.0,1595.0,47774.0,56105.0,False,False
3481,2022-10-28 10:35:02.909158,0.0,-0.008368200836820106,0.0,-0.09999999999999964,11.85,11.9,11.9,11.95,1656.0,1595.0,47774.0,56105.0,False,False
3481,2022-10-28 10:35:03.035292,0.0,-0.008368200836820106,0.0,-0.09999999999999964,11.85,11.9,11.9,11.95,1659.0,1595.0,47774.0,56105.0,False,False
3481,2022-10-28 10:35:03.836340,0.0,-0.008368200836820106,0.0,-0.09999999999999964,11.85,11.9,11.9,11.95,1656.0,1595.0,47774.0,56105.0,False,False
3481,2022-10-28 10:35:04.133533,0.0,-0.008368200836820106,0.0,-0.09999999999999964,11.85,11.9,11.9,11.95,1656.0,1595.0,47774.0,56105.0,False,False
3481,2022-10-28 10:35:04.169746,0.0,-0.008368200836820106,0.0,-0.09999999999999964,11.85,11.9,11.9,11.95,1656.0,1595.0,47774.0,56105.0,False,False
3481,2022-10-28 10:35:05.495807,0.0,-0.008368200836820106,0.0,-0.09999999999999964,11.85,11.9,11.9,11.95,1656.0,1595.0,47774.0,56105.0,False,False
3481,2022-10-28 10:35:05.979384,0.0,-0.008368200836820106,0.0,-0.09999999999999964,11.85,11.9,11.9,11.95,1645.0,1595.0,47774.0,56105.0,False,False
3481,2022-10-28 10:35:06.082163,0.0,-0.008368200836820106,0.0,-0.09999999999999964,11.85,11.9,11.9,11.95,1645.0,1595.0,47774.0,56105.0,True,True
3481,2022-10-28 10:35:06.159452,0.0,-0.008368200836820106,0.0,-0.09999999999999964,11.85,11.9,11.9,11.95,1645.0,1595.0,47774.0,56105.0,False,False
3481,2022-10-28 10:35:06.349856,0.0,-0.008368200836820106,0.0,-0.09999999999999964,11.85,11.9,11.9,11.95,1645.0,1595.0,47774.0,56105.0,False,False
3481,2022-10-28 10:35:06.900649,0.0,-0.008368200836820106,0.0,-0.09999999999999964,11.85,11.9,11.9,11.95,1644.0,1595.0,47774.0,56105.0,False,False
3481,2022-10-28 10:35:08.302558,0.0,-0.008368200836820106,0.0,-0.09999999999999964,11.85,11.9,11.9,11.95,1648.0,1595.0,47774.0,56105.0,False,False
3481,2022-10-28 10:35:08.364305,0.0,-0.008368200836820106,0.0,-0.09999999999999964,11.85,11.9,11.9,11.95,1647.0,1595.0,47774.0,56105.0,False,False
3481,2022-10-28 10:35:08.460901,0.0,-0.008368200836820106,0.0,-0.09999999999999964,11.85,11.9,11.9,11.95,1636.0,1595.0,47774.0,56105.0,False,False
3481,2022-10-28 10:35:08.581044,0.0,-0.008368200836820106,0.0,-0.09999999999999964,11.85,11.9,11.9,11.95,1636.0,1611.0,47774.0,56105.0,False,False
3481,2022-10-28 10:35:08.696414,0.0,-0.008368200836820106,0.0,-0.09999999999999964,11.85,11.9,11.9,11.95,1641.0,1611.0,47774.0,56105.0,False,False
3481,2022-10-28 10:35:09.879687,0.0,-0.008368200836820106,0.0,-0.09999999999999964,11.85,11.9,11.9,11.95,1640.0,1611.0,47774.0,56105.0,False,False
3481,2022-10-28 10:35:10.048928,0.0,-0.008368200836820106,0.0,-0.09999999999999964,11.85,11.9,11.9,11.95,1640.0,1611.0,47774.0,56105.0,False,False
3481,2022-10-28 10:35:10.443685,0.0,-0.008368200836820106,0.0,-0.09999999999999964,11.85,11.9,11.9,11.95,1642.0,1611.0,47774.0,56105.0,False,False
3481,2022-10-28 10:35:10.544095,0.0,-0.008368200836820106,0.0,-0.09999999999999964,11.85,11.9,11.9,11.95,1642.0,1610.0,47774.0,56105.0,False,False
3481,2022-10-28 10:35:11.416377,0.0,-0.008368200836820106,0.0,-0.09999999999999964,11.85,11.9,11.9,11.95,1642.0,1610.0,47774.0,56105.0,False,False
3481,2022-10-28 10:35:12.274196,0.0,-0.008368200836820106,0.0,-0.09999999999999964,11.85,11.9,11.9,11.95,1642.0,1610.0,47774.0,56105.0,False,False
3481,2022-10-28 10:35:12.868912,0.0,-0.008368200836820106,0.0,-0.09999999999999964,11.85,11.9,11.9,11.95,1641.0,1610.0,47774.0,56105.0,False,False
3481,2022-10-28 10:35:13.506212,0.0,-0.008368200836820106,0.0,-0.09999999999999964,11.85,11.9,11.9,11.95,1637.0,1610.0,47774.0,56105.0,False,False
3481,2022-10-28 10:35:13.589621,0.0,-0.008368200836820106,0.0,-0.09999999999999964,11.85,11.9,11.9,11.95,1648.0,1610.0,47774.0,56105.0,False,False
3481,2022-10-28 10:35:16.281476,0.0,-0.008368200836820106,0.0,-0.09999999999999964,11.85,11.9,11.9,11.95,1648.0,1610.0,48519.0,56105.0,True,True
3481,2022-10-28 10:35:16.731038,0.0,-0.008368200836820106,0.0,-0.09999999999999964,11.85,11.9,11.9,11.95,1658.0,1610.0,48519.0,56105.0,False,False
3481,2022-10-28 10:35:16.854721,0.0,-0.008368200836820106,0.0,-0.09999999999999964,11.85,11.9,11.9,11.95,1657.0,1610.0,48519.0,56105.0,False,False
3481,2022-10-28 10:35:17.000662,0.0,-0.008368200836820106,0.0,-0.09999999999999964,11.85,11.9,11.9,11.95,1657.0,1610.0,48519.0,56105.0,False,False
3481,2022-10-28 10:35:18.821251,0.0,-0.008368200836820106,0.0,-0.09999999999999964,11.85,11.9,11.9,11.95,1657.0,1612.0,48519.0,56105.0,False,False
3481,2022-10-28 10:35:19.844943,0.0,-0.008368200836820106,0.0,-0.09999999999999964,11.85,11.9,11.9,11.95,1656.0,1612.0,48519.0,56105.0,False,False
3481,2022-10-28 10:35:20.588007,0.0,-0.008368200836820106,0.0,-0.09999999999999964,11.85,11.9,11.9,11.95,1655.0,1611.0,48519.0,56105.0,False,False
3481,2022-10-28 10:35:20.725544,0.0,-0.008368200836820106,0.0,-0.09999999999999964,11.85,11.9,11.9,11.95,1655.0,1611.0,48519.0,56105.0,False,False
3481,2022-10-28 10:35:21.063529,0.0,-0.008368200836820106,0.0,-0.09999999999999964,11.85,11.9,11.9,11.95,1660.0,1611.0,48519.0,56105.0,False,False
3481,2022-10-28 10:35:21.702443,0.0,-0.008368200836820106,0.0,-0.09999999999999964,11.85,11.9,11.9,11.95,1660.0,1611.0,48519.0,56105.0,False,False
3481,2022-10-28 10:35:22.086283,0.0,-0.008368200836820106,0.0,-0.09999999999999964,11.85,11.9,11.9,11.95,1660.0,1611.0,48519.0,56105.0,False,False
3481,2022-10-28 10:35:22.441620,0.0,-0.008368200836820106,0.0,-0.09999999999999964,11.85,11.9,11.9,11.95,1610.0,1611.0,48519.0,56105.0,False,False
3481,2022-10-28 10:35:22.837555,0.0,-0.008368200836820106,0.0,-0.09999999999999964,11.85,11.9,11.9,11.95,1609.0,1611.0,48519.0,56105.0,False,False
3481,2022-10-28 10:35:24.839559,0.0,-0.008368200836820106,0.0,-0.09999999999999964,11.85,11.9,11.9,11.95,1611.0,1611.0,48519.0,56105.0,False,False
3481,2022-10-28 10:35:25.165741,0.0,-0.008368200836820106,0.0,-0.09999999999999964,11.85,11.9,11.9,11.95,1561.0,1611.0,48519.0,56105.0,False,False
3481,2022-10-28 10:35:25.893444,0.0,-0.008368200836820106,0.0,-0.09999999999999964,11.85,11.9,11.9,11.95,1561.0,1574.0,48519.0,56105.0,False,False
3481,2022-10-28 10:35:25.916223,0.0,-0.008368200836820106,0.0,-0.09999999999999964,11.85,11.9,11.9,11.95,1559.0,1574.0,48519.0,56105.0,False,False
3481,2022-10-28 10:35:26.011953,0.0,-0.008368200836820106,0.0,-0.09999999999999964,11.85,11.9,11.9,11.95,1558.0,1574.0,48519.0,56105.0,False,False
3481,2022-10-28 10:35:26.053672,0.0,-0.008368200836820106,0.0,-0.09999999999999964,11.85,11.9,11.9,11.95,1553.0,1574.0,48519.0,56105.0,False,False
3481,2022-10-28 10:35:26.055490,0.0,-0.008368200836820106,0.0,-0.09999999999999964,11.85,11.9,11.9,11.95,1553.0,1569.0,48519.0,56105.0,False,False
3481,2022-10-28 10:35:26.293956,0.0,-0.008368200836820106,0.0,-0.09999999999999964,11.85,11.9,11.9,11.95,1553.0,1569.0,48899.0,56105.0,True,True
3481,2022-10-28 10:35:28.461273,0.0,-0.008368200836820106,0.0,-0.09999999999999964,11.85,11.9,11.9,11.95,1552.0,1569.0,48899.0,56105.0,False,False
3481,2022-10-28 10:35:28.662830,0.0,-0.008368200836820106,0.0,-0.09999999999999964,11.85,11.9,11.9,11.95,1551.0,1569.0,48899.0,56105.0,False,False
3481,2022-10-28 10:35:28.865430,0.0,-0.008368200836820106,0.0,-0.09999999999999964,11.85,11.9,11.9,11.95,1550.0,1569.0,48899.0,56105.0,False,False
3481,2022-10-28 10:35:28.917299,0.0,-0.008368200836820106,0.0,-0.09999999999999964,11.85,11.9,11.9,11.95,1522.0,1569.0,48899.0,56105.0,False,False
3481,2022-10-28 10:35:28.917457,0.0,-0.008368200836820106,0.0,-0.09999999999999964,11.85,11.9,11.9,11.95,1513.0,1569.0,48899.0,56105.0,False,False
3481,2022-10-28 10:35:29.029741,0.0,-0.008368200836820106,0.0,-0.09999999999999964,11.85,11.9,11.9,11.95,1512.0,1569.0,48899.0,56105.0,False,False
3481,2022-10-28 10:35:29.178934,0.0,-0.008368200836820106,0.0,-0.09999999999999964,11.85,11.9,11.9,11.95,1511.0,1569.0,48899.0,56105.0,False,False
3481,2022-10-28 10:35:29.384077,0.0,-0.008368200836820106,0.0,-0.09999999999999964,11.85,11.9,11.9,11.95,1510.0,1569.0,48899.0,56105.0,False,False
3481,2022-10-28 10:35:29.496877,0.0,-0.008368200836820106,0.0,-0.09999999999999964,11.85,11.9,11.9,11.95,1509.0,1569.0,48899.0,56105.0,False,False
3481,2022-10-28 10:35:29.501277,0.0,-0.008368200836820106,0.0,-0.09999999999999964,11.85,11.9,11.9,11.95,1538.0,1569.0,48899.0,56105.0,False,False
3481,2022-10-28 10:35:29.564608,0.0,-0.008368200836820106,0.0,-0.09999999999999964,11.85,11.9,11.9,11.95,1537.0,1569.0,48899.0,56105.0,False,False
3481,2022-10-28 10:35:29.778480,0.0,-0.008368200836820106,0.0,-0.09999999999999964,11.85,11.9,11.9,11.95,1536.0,1569.0,48899.0,56105.0,False,False
3481,2022-10-28 10:35:29.888803,0.0,-0.008368200836820106,0.0,-0.09999999999999964,11.85,11.9,11.9,11.95,1535.0,1569.0,48899.0,56105.0,False,False
3481,2022-10-28 10:35:29.956319,0.0,-0.008368200836820106,0.0,-0.09999999999999964,11.85,11.9,11.9,11.95,1535.0,1569.0,48899.0,56105.0,False,False
3481,2022-10-28 10:35:30.038811,0.0,-0.008368200836820106,0.0,-0.09999999999999964,11.85,11.9,11.9,11.95,1534.0,1569.0,48899.0,56105.0,False,False
3481,2022-10-28 10:35:30.220874,0.0,-0.008368200836820106,0.0,-0.09999999999999964,11.85,11.9,11.9,11.95,1533.0,1569.0,48899.0,56105.0,False,False
3481,2022-10-28 10:35:30.229757,0.0,-0.008368200836820106,0.0,-0.09999999999999964,11.85,11.9,11.9,11.95,1533.0,1569.0,48899.0,56105.0,False,False
3481,2022-10-28 10:35:30.268450,0.0,-0.008368200836820106,0.0,-0.09999999999999964,11.85,11.9,11.9,11.95,1531.0,1567.0,48899.0,56105.0,False,False
3481,2022-10-28 10:35:30.416555,0.0,-0.008368200836820106,0.0,-0.09999999999999964,11.85,11.9,11.9,11.95,1530.0,1567.0,48899.0,56105.0,False,False
3481,2022-10-28 10:35:30.552564,0.0,-0.008368200836820106,0.0,-0.09999999999999964,11.85,11.9,11.9,11.95,1529.0,1567.0,48899.0,56105.0,False,False
3481,2022-10-28 10:35:30.581699,0.0,-0.008368200836820106,0.0,-0.09999999999999964,11.85,11.9,11.9,11.95,1529.0,1567.0,48899.0,56105.0,False,False
3481,2022-10-28 10:35:30.581742,0.0,-0.008368200836820106,0.0,-0.09999999999999964,11.85,11.9,11.9,11.95,1529.0,1567.0,48899.0,56105.0,False,False
3481,2022-10-28 10:35:30.714247,0.0,-0.008368200836820106,0.0,-0.09999999999999964,11.85,11.9,11.9,11.95,1528.0,1567.0,48899.0,56105.0,False,False
3481,2022-10-28 10:35:30.735282,0.0,-0.008368200836820106,0.0,-0.09999999999999964,11.85,11.9,11.9,11.95,1042.0,1567.0,48899.0,56105.0,False,False
3481,2022-10-28 10:35:30.752980,0.0,-0.008368200836820106,0.0,-0.09999999999999964,11.85,11.9,11.9,11.95,964.0,1567.0,48899.0,56105.0,False,False
3481,2022-10-28 10:35:30.753135,0.0,-0.008368200836820106,0.0,-0.09999999999999964,11.85,11.9,11.9,11.95,511.0,1567.0,48899.0,56105.0,False,False
3481,2022-10-28 10:35:30.756187,0.0,-0.008368200836820106,0.0,-0.09999999999999964,11.85,11.9,11.9,11.95,211.0,1567.0,48899.0,56105.0,False,False
3481,2022-10-28 10:35:30.760000,0.0,-0.008368200836820106,0.0,-0.09999999999999964,11.85,11.9,11.9,11.95,211.0,1643.0,48899.0,56105.0,False,False
3481,2022-10-28 10:35:30.773356,0.0,-0.008368200836820106,0.0,-0.09999999999999964,11.85,11.9,11.9,11.95,127.0,1695.0,48899.0,56105.0,False,False
3481,2022-10-28 10:35:30.773662,0.0,-0.012552301255229992,0.0,-0.14999999999999858,11.8,11.9,11.9,11.95,4914.0,1695.0,48899.0,56105.0,False,False
3481,2022-10-28 10:35:30.812531,0.0042194092827005925,-0.012552301255229992,0.05000000000000071,-0.14999999999999858,11.8,11.85,11.9,11.95,4692.0,359.0,48899.0,56105.0,False,False
3481,2022-10-28 10:35:30.824127,0.0042194092827005925,-0.012552301255229992,0.05000000000000071,-0.14999999999999858,11.8,11.85,11.9,11.95,4628.0,359.0,48899.0,56105.0,False,False
3481,2022-10-28 10:35:30.841594,0.0042194092827005925,-0.012552301255229992,0.05000000000000071,-0.14999999999999858,11.8,11.85,11.9,11.95,4508.0,359.0,48899.0,56105.0,False,False
3481,2022-10-28 10:35:30.841885,0.0042194092827005925,-0.012552301255229992,0.05000000000000071,-0.14999999999999858,11.8,11.85,11.9,11.95,4388.0,359.0,48899.0,56105.0,False,False
3481,2022-10-28 10:35:30.842151,0.0042194092827005925,-0.012552301255229992,0.05000000000000071,-0.14999999999999858,11.8,11.85,11.9,11.95,4376.0,359.0,48899.0,56105.0,False,False
3481,2022-10-28 10:35:30.842826,0.0042194092827005925,-0.012552301255229992,0.05000000000000071,-0.14999999999999858,11.8,11.85,11.9,11.95,4364.0,359.0,48899.0,56105.0,False,False
3481,2022-10-28 10:35:30.861671,0.0042194092827005925,-0.012552301255229992,0.05000000000000071,-0.14999999999999858,11.8,11.85,11.9,11.95,4364.0,678.0,48899.0,56105.0,False,False
3481,2022-10-28 10:35:30.862111,0.0042194092827005925,-0.012552301255229992,0.05000000000000071,-0.14999999999999858,11.8,11.85,11.9,11.95,4347.0,678.0,48899.0,56105.0,False,False
3481,2022-10-28 10:35:30.875484,0.0042194092827005925,-0.012552301255229992,0.05000000000000071,-0.14999999999999858,11.8,11.85,11.9,11.95,4348.0,839.0,48899.0,56105.0,False,False
3481,2022-10-28 10:35:30.929722,0.0042194092827005925,-0.012552301255229992,0.05000000000000071,-0.14999999999999858,11.8,11.85,11.9,11.95,4347.0,842.0,48899.0,56105.0,False,False
3481,2022-10-28 10:35:30.935677,0.0042194092827005925,-0.012552301255229992,0.05000000000000071,-0.14999999999999858,11.8,11.85,11.9,11.95,4320.0,842.0,48899.0,56105.0,False,False
3481,2022-10-28 10:35:30.934052,0.0042194092827005925,-0.012552301255229992,0.05000000000000071,-0.14999999999999858,11.8,11.85,11.9,11.95,4347.0,842.0,48899.0,56105.0,False,False
3481,2022-10-28 10:35:31.063278,0.0042194092827005925,-0.012552301255229992,0.05000000000000071,-0.14999999999999858,11.8,11.85,11.9,11.95,4320.0,833.0,48899.0,56105.0,False,False
3481,2022-10-28 10:35:31.081126,0.0042194092827005925,-0.012552301255229992,0.05000000000000071,-0.14999999999999858,11.8,11.85,11.9,11.95,4320.0,833.0,48899.0,56105.0,False,False
3481,2022-10-28 10:35:31.227814,0.0042194092827005925,-0.012552301255229992,0.05000000000000071,-0.14999999999999858,11.8,11.85,11.9,11.95,4315.0,833.0,48899.0,56105.0,False,False
3481,2022-10-28 10:35:31.264473,0.0042194092827005925,-0.012552301255229992,0.05000000000000071,-0.14999999999999858,11.8,11.85,11.9,11.95,4315.0,895.0,48899.0,56105.0,False,False
3481,2022-10-28 10:35:31.361762,0.0042194092827005925,-0.012552301255229992,0.05000000000000071,-0.14999999999999858,11.8,11.85,11.9,11.95,4300.0,875.0,48899.0,56105.0,False,False
3481,2022-10-28 10:35:31.317702,0.0042194092827005925,-0.012552301255229992,0.05000000000000071,-0.14999999999999858,11.8,11.85,11.9,11.95,4300.0,895.0,48899.0,56105.0,False,False
3481,2022-10-28 10:35:31.490192,0.0042194092827005925,-0.012552301255229992,0.05000000000000071,-0.14999999999999858,11.8,11.85,11.9,11.95,4300.0,877.0,48899.0,56105.0,False,False
3481,2022-10-28 10:35:31.605240,0.0042194092827005925,-0.012552301255229992,0.05000000000000071,-0.14999999999999858,11.8,11.85,11.9,11.95,4300.0,887.0,48899.0,56105.0,False,False
3481,2022-10-28 10:35:31.918094,0.0042194092827005925,-0.012552301255229992,0.05000000000000071,-0.14999999999999858,11.8,11.85,11.9,11.95,4301.0,887.0,48899.0,56105.0,False,False
3481,2022-10-28 10:35:31.945248,0.0042194092827005925,-0.012552301255229992,0.05000000000000071,-0.14999999999999858,11.8,11.85,11.9,11.95,4301.0,887.0,48899.0,56105.0,False,False
3481,2022-10-28 10:35:32.242734,0.0042194092827005925,-0.012552301255229992,0.05000000000000071,-0.14999999999999858,11.8,11.85,11.9,11.95,4304.0,887.0,48899.0,56105.0,False,False
3481,2022-10-28 10:35:32.271478,0.0042194092827005925,-0.012552301255229992,0.05000000000000071,-0.14999999999999858,11.8,11.85,11.9,11.95,4304.0,676.0,48899.0,56105.0,False,False
3481,2022-10-28 10:35:32.386891,0.0042194092827005925,-0.012552301255229992,0.05000000000000071,-0.14999999999999858,11.8,11.85,11.9,11.95,4304.0,656.0,48899.0,56105.0,False,False
3481,2022-10-28 10:35:32.275048,0.0042194092827005925,-0.012552301255229992,0.05000000000000071,-0.14999999999999858,11.8,11.85,11.9,11.95,4304.0,659.0,48899.0,56105.0,False,False
3481,2022-10-28 10:35:32.480511,0.0042194092827005925,-0.012552301255229992,0.05000000000000071,-0.14999999999999858,11.8,11.85,11.9,11.95,4304.0,656.0,48899.0,56105.0,False,False
3481,2022-10-28 10:35:32.824808,0.0042194092827005925,-0.012552301255229992,0.05000000000000071,-0.14999999999999858,11.8,11.85,11.9,11.95,4303.0,656.0,48899.0,56105.0,False,False
3481,2022-10-28 10:35:32.868430,0.0042194092827005925,-0.012552301255229992,0.05000000000000071,-0.14999999999999858,11.8,11.85,11.9,11.95,4303.0,667.0,48899.0,56105.0,False,False
3481,2022-10-28 10:35:32.960413,0.0042194092827005925,-0.012552301255229992,0.05000000000000071,-0.14999999999999858,11.8,11.85,11.9,11.95,4303.0,682.0,48899.0,56105.0,False,False
3481,2022-10-28 10:35:33.170570,0.0042194092827005925,-0.012552301255229992,0.05000000000000071,-0.14999999999999858,11.8,11.85,11.9,11.95,4303.0,682.0,48899.0,56105.0,False,False
3481,2022-10-28 10:35:33.224859,0.0042194092827005925,-0.012552301255229992,0.05000000000000071,-0.14999999999999858,11.8,11.85,11.9,11.95,4303.0,681.0,48899.0,56105.0,False,False
3481,2022-10-28 10:35:33.819680,0.0042194092827005925,-0.012552301255229992,0.05000000000000071,-0.14999999999999858,11.8,11.85,11.9,11.95,4303.0,682.0,48899.0,56105.0,False,False
3481,2022-10-28 10:35:34.078994,0.0042194092827005925,-0.012552301255229992,0.05000000000000071,-0.14999999999999858,11.8,11.85,11.9,11.95,4303.0,682.0,48899.0,56105.0,False,False
3481,2022-10-28 10:35:34.100469,0.0042194092827005925,-0.012552301255229992,0.05000000000000071,-0.14999999999999858,11.8,11.85,11.9,11.95,4303.0,682.0,48899.0,56105.0,False,False
3481,2022-10-28 10:35:34.255864,0.0042194092827005925,-0.012552301255229992,0.05000000000000071,-0.14999999999999858,11.8,11.85,11.9,11.95,4308.0,682.0,48899.0,56105.0,False,False
3481,2022-10-28 10:35:34.342884,0.0042194092827005925,-0.012552301255229992,0.05000000000000071,-0.14999999999999858,11.8,11.85,11.9,11.95,4308.0,683.0,48899.0,56105.0,False,False
3481,2022-10-28 10:35:34.511412,0.0042194092827005925,-0.012552301255229992,0.05000000000000071,-0.14999999999999858,11.8,11.85,11.9,11.95,4307.0,683.0,48899.0,56105.0,False,False
3481,2022-10-28 10:35:34.592816,0.0042194092827005925,-0.012552301255229992,0.05000000000000071,-0.14999999999999858,11.8,11.85,11.9,11.95,4307.0,691.0,48899.0,56105.0,False,False
3481,2022-10-28 10:35:34.667874,0.0042194092827005925,-0.012552301255229992,0.05000000000000071,-0.14999999999999858,11.8,11.85,11.9,11.95,4307.0,688.0,48899.0,56105.0,False,False
3481,2022-10-28 10:35:34.831428,0.0042194092827005925,-0.012552301255229992,0.05000000000000071,-0.14999999999999858,11.8,11.85,11.9,11.95,4307.0,690.0,48899.0,56105.0,False,False
3481,2022-10-28 10:35:35.187078,0.0042194092827005925,-0.012552301255229992,0.05000000000000071,-0.14999999999999858,11.8,11.85,11.9,11.95,4307.0,691.0,48899.0,56105.0,False,False
3481,2022-10-28 10:35:35.374536,0.0042194092827005925,-0.012552301255229992,0.05000000000000071,-0.14999999999999858,11.8,11.85,11.9,11.95,4307.0,692.0,48899.0,56105.0,False,False
3481,2022-10-28 10:35:35.440107,0.0042194092827005925,-0.012552301255229992,0.05000000000000071,-0.14999999999999858,11.8,11.85,11.9,11.95,4307.0,692.0,48899.0,56105.0,False,False
3481,2022-10-28 10:35:35.440133,0.0042194092827005925,-0.012552301255229992,0.05000000000000071,-0.14999999999999858,11.8,11.85,11.9,11.95,4307.0,692.0,48899.0,56105.0,False,False
3481,2022-10-28 10:35:35.844583,0.0042194092827005925,-0.012552301255229992,0.05000000000000071,-0.14999999999999858,11.8,11.85,11.9,11.95,4302.0,692.0,48899.0,56105.0,False,False
3481,2022-10-28 10:35:35.846357,0.0042194092827005925,-0.012552301255229992,0.05000000000000071,-0.14999999999999858,11.8,11.85,11.9,11.95,4301.0,692.0,48899.0,56105.0,False,False
3481,2022-10-28 10:35:35.869165,0.0042194092827005925,-0.012552301255229992,0.05000000000000071,-0.14999999999999858,11.8,11.85,11.9,11.95,4301.0,774.0,48899.0,56105.0,False,False
3481,2022-10-28 10:35:35.971730,0.0042194092827005925,-0.012552301255229992,0.05000000000000071,-0.14999999999999858,11.8,11.85,11.9,11.95,4300.0,774.0,48899.0,56105.0,False,False
3481,2022-10-28 10:35:36.323757,0.0,-0.008403361344537785,0.0,-0.09999999999999964,11.8,11.85,11.85,11.9,4300.0,774.0,26368.0,1950.0,True,True
3481,2022-10-28 10:35:36.842121,0.0,-0.008403361344537785,0.0,-0.09999999999999964,11.8,11.85,11.85,11.9,4300.0,773.0,26368.0,1950.0,False,False
3481,2022-10-28 10:35:36.846474,0.0,-0.008403361344537785,0.0,-0.09999999999999964,11.8,11.85,11.85,11.9,4300.0,772.0,26368.0,1950.0,False,False
3481,2022-10-28 10:35:36.883193,0.0,-0.008403361344537785,0.0,-0.09999999999999964,11.8,11.85,11.85,11.9,4299.0,772.0,26368.0,1950.0,False,False
3481,2022-10-28 10:35:37.183656,0.0,-0.008403361344537785,0.0,-0.09999999999999964,11.8,11.85,11.85,11.9,4298.0,772.0,26368.0,1950.0,False,False
3481,2022-10-28 10:35:37.377652,0.0,-0.008403361344537785,0.0,-0.09999999999999964,11.8,11.85,11.85,11.9,4297.0,772.0,26368.0,1950.0,False,False
3481,2022-10-28 10:35:37.669040,0.0,-0.008403361344537785,0.0,-0.09999999999999964,11.8,11.85,11.85,11.9,4297.0,773.0,26368.0,1950.0,False,False
3481,2022-10-28 10:35:37.899905,0.0,-0.008403361344537785,0.0,-0.09999999999999964,11.8,11.85,11.85,11.9,4297.0,781.0,26368.0,1950.0,False,False
3481,2022-10-28 10:35:37.992222,0.0,-0.008403361344537785,0.0,-0.09999999999999964,11.8,11.85,11.85,11.9,4297.0,778.0,26368.0,1950.0,False,False
3481,2022-10-28 10:35:38.185170,0.0,-0.008403361344537785,0.0,-0.09999999999999964,11.8,11.85,11.85,11.9,4297.0,782.0,26368.0,1950.0,False,False
3481,2022-10-28 10:35:38.226442,0.0,-0.008403361344537785,0.0,-0.09999999999999964,11.8,11.85,11.85,11.9,4297.0,787.0,26368.0,1950.0,False,False
3481,2022-10-28 10:35:38.457334,0.0,-0.008403361344537785,0.0,-0.09999999999999964,11.8,11.85,11.85,11.9,4297.0,792.0,26368.0,1950.0,False,False
3481,2022-10-28 10:35:38.876123,0.0,-0.008403361344537785,0.0,-0.09999999999999964,11.8,11.85,11.85,11.9,4297.0,942.0,26368.0,1950.0,False,False
3481,2022-10-28 10:35:38.964356,0.0,-0.008403361344537785,0.0,-0.09999999999999964,11.8,11.85,11.85,11.9,4297.0,941.0,26368.0,1950.0,False,False
3481,2022-10-28 10:35:39.579706,0.0,-0.008403361344537785,0.0,-0.09999999999999964,11.8,11.85,11.85,11.9,4297.0,939.0,26368.0,1950.0,False,False
3481,2022-10-28 10:35:39.581987,0.0,-0.008403361344537785,0.0,-0.09999999999999964,11.8,11.85,11.85,11.9,4320.0,929.0,26368.0,1950.0,False,False
3481,2022-10-28 10:35:39.700886,0.0,-0.008403361344537785,0.0,-0.09999999999999964,11.8,11.85,11.85,11.9,4319.0,929.0,26368.0,1950.0,False,False
3481,2022-10-28 10:35:40.203109,0.0,-0.008403361344537785,0.0,-0.09999999999999964,11.8,11.85,11.85,11.9,4319.0,928.0,26368.0,1950.0,False,False
3481,2022-10-28 10:35:40.438337,0.0,-0.008403361344537785,0.0,-0.09999999999999964,11.8,11.85,11.85,11.9,4319.0,928.0,26368.0,1950.0,False,False
3481,2022-10-28 10:35:40.438342,0.0,-0.008403361344537785,0.0,-0.09999999999999964,11.8,11.85,11.85,11.9,4319.0,928.0,26368.0,1950.0,False,False
3481,2022-10-28 10:35:40.582393,0.0,-0.008403361344537785,0.0,-0.09999999999999964,11.8,11.85,11.85,11.9,4309.0,928.0,26368.0,1950.0,False,False
3481,2022-10-28 10:35:41.164415,0.0,-0.008403361344537785,0.0,-0.09999999999999964,11.8,11.85,11.85,11.9,4309.0,933.0,26368.0,1950.0,False,False
3481,2022-10-28 10:35:41.297707,0.0,-0.008403361344537785,0.0,-0.09999999999999964,11.8,11.85,11.85,11.9,4309.0,933.0,26368.0,1950.0,False,False
3481,2022-10-28 10:35:41.345711,0.0,-0.008403361344537785,0.0,-0.09999999999999964,11.8,11.85,11.85,11.9,4309.0,977.0,26368.0,1950.0,False,False
3481,2022-10-28 10:35:41.412258,0.0,-0.008403361344537785,0.0,-0.09999999999999964,11.8,11.85,11.85,11.9,4314.0,977.0,26368.0,1950.0,False,False
3481,2022-10-28 10:35:42.685386,0.0,-0.008403361344537785,0.0,-0.09999999999999964,11.8,11.85,11.85,11.9,4314.0,1052.0,26368.0,1950.0,False,False
3481,2022-10-28 10:35:42.696471,0.0,-0.008403361344537785,0.0,-0.09999999999999964,11.8,11.85,11.85,11.9,4314.0,1053.0,26368.0,1950.0,False,False
3481,2022-10-28 10:35:42.850161,0.0,-0.008403361344537785,0.0,-0.09999999999999964,11.8,11.85,11.85,11.9,4313.0,1053.0,26368.0,1950.0,False,False
3481,2022-10-28 10:35:43.249532,0.0,-0.008403361344537785,0.0,-0.09999999999999964,11.8,11.85,11.85,11.9,4313.0,1053.0,26368.0,1950.0,False,False
3481,2022-10-28 10:35:43.496541,0.0,-0.008403361344537785,0.0,-0.09999999999999964,11.8,11.85,11.85,11.9,4313.0,1051.0,26368.0,1950.0,False,False
3481,2022-10-28 10:35:44.560487,0.0,-0.008403361344537785,0.0,-0.09999999999999964,11.8,11.85,11.85,11.9,4314.0,1051.0,26368.0,1950.0,False,False
3481,2022-10-28 10:35:45.009177,0.0,-0.008403361344537785,0.0,-0.09999999999999964,11.8,11.85,11.85,11.9,4324.0,1051.0,26368.0,1950.0,False,False
3481,2022-10-28 10:35:45.106093,0.0,-0.008403361344537785,0.0,-0.09999999999999964,11.8,11.85,11.85,11.9,4324.0,1061.0,26368.0,1950.0,False,False
3481,2022-10-28 10:35:45.780567,0.0,-0.008403361344537785,0.0,-0.09999999999999964,11.8,11.85,11.85,11.9,4324.0,1060.0,26368.0,1950.0,False,False
3481,2022-10-28 10:35:45.846017,0.0,-0.008403361344537785,0.0,-0.09999999999999964,11.8,11.85,11.85,11.9,4324.0,1160.0,26368.0,1950.0,False,False
3481,2022-10-28 10:35:45.867548,0.0,-0.008403361344537785,0.0,-0.09999999999999964,11.8,11.85,11.85,11.9,4324.0,1160.0,26368.0,1950.0,False,False
3481,2022-10-28 10:35:45.944942,0.0,-0.008403361344537785,0.0,-0.09999999999999964,11.8,11.85,11.85,11.9,4316.0,1215.0,26368.0,1950.0,False,False
3481,2022-10-28 10:35:45.979833,0.0,-0.008403361344537785,0.0,-0.09999999999999964,11.8,11.85,11.85,11.9,4316.0,1348.0,26368.0,1950.0,False,False
3481,2022-10-28 10:35:46.118735,0.0,-0.008403361344537785,0.0,-0.09999999999999964,11.8,11.85,11.85,11.9,4316.0,1348.0,26368.0,1950.0,False,False
3481,2022-10-28 10:35:46.348580,0.0,-0.008403361344537785,0.0,-0.09999999999999964,11.8,11.85,11.85,11.9,4316.0,1348.0,26463.0,1950.0,True,True
3481,2022-10-28 10:35:46.666088,0.0,-0.008403361344537785,0.0,-0.09999999999999964,11.8,11.85,11.85,11.9,4316.0,1348.0,26463.0,1950.0,False,False
3481,2022-10-28 10:35:46.718557,0.0,-0.008403361344537785,0.0,-0.09999999999999964,11.8,11.85,11.85,11.9,4316.0,1352.0,26463.0,1950.0,False,False
3481,2022-10-28 10:35:46.749094,0.0,-0.008403361344537785,0.0,-0.09999999999999964,11.8,11.85,11.85,11.9,4316.0,1355.0,26463.0,1950.0,False,False
3481,2022-10-28 10:35:46.867319,0.0,-0.008403361344537785,0.0,-0.09999999999999964,11.8,11.85,11.85,11.9,4316.0,1355.0,26463.0,1950.0,False,False
3481,2022-10-28 10:35:47.372972,0.0,-0.008403361344537785,0.0,-0.09999999999999964,11.8,11.85,11.85,11.9,4313.0,1355.0,26463.0,1950.0,False,False
3481,2022-10-28 10:35:47.374062,0.0,-0.008403361344537785,0.0,-0.09999999999999964,11.8,11.85,11.85,11.9,4310.0,1355.0,26463.0,1950.0,False,False
3481,2022-10-28 10:35:47.607056,0.0,-0.008403361344537785,0.0,-0.09999999999999964,11.8,11.85,11.85,11.9,4310.0,1355.0,26463.0,1950.0,False,False
3481,2022-10-28 10:35:47.741329,0.0,-0.008403361344537785,0.0,-0.09999999999999964,11.8,11.85,11.85,11.9,4315.0,1355.0,26463.0,1950.0,False,False
3481,2022-10-28 10:35:48.190295,0.0,-0.008403361344537785,0.0,-0.09999999999999964,11.8,11.85,11.85,11.9,4317.0,1355.0,26463.0,1950.0,False,False
3481,2022-10-28 10:35:48.454595,0.0,-0.008403361344537785,0.0,-0.09999999999999964,11.8,11.85,11.85,11.9,4317.0,1355.0,26463.0,1950.0,False,False
3481,2022-10-28 10:35:48.465033,0.0,-0.008403361344537785,0.0,-0.09999999999999964,11.8,11.85,11.85,11.9,4292.0,1312.0,26463.0,1950.0,False,False
3481,2022-10-28 10:35:48.557749,0.0,-0.008403361344537785,0.0,-0.09999999999999964,11.8,11.85,11.85,11.9,4291.0,1312.0,26463.0,1950.0,False,False
3481,2022-10-28 10:35:48.718558,0.0,-0.008403361344537785,0.0,-0.09999999999999964,11.8,11.85,11.85,11.9,4293.0,1312.0,26463.0,1950.0,False,False
3481,2022-10-28 10:35:48.804639,0.0,-0.008403361344537785,0.0,-0.09999999999999964,11.8,11.85,11.85,11.9,4263.0,1312.0,26463.0,1950.0,False,False
3481,2022-10-28 10:35:48.876193,0.0,-0.008403361344537785,0.0,-0.09999999999999964,11.8,11.85,11.85,11.9,4273.0,1312.0,26463.0,1950.0,False,False
3481,2022-10-28 10:35:49.261263,0.0,-0.008403361344537785,0.0,-0.09999999999999964,11.8,11.85,11.85,11.9,4273.0,1312.0,26463.0,1950.0,False,False
3481,2022-10-28 10:35:49.531472,0.0,-0.008403361344537785,0.0,-0.09999999999999964,11.8,11.85,11.85,11.9,4272.0,1312.0,26463.0,1950.0,False,False
3481,2022-10-28 10:35:49.642604,0.0,-0.008403361344537785,0.0,-0.09999999999999964,11.8,11.85,11.85,11.9,4271.0,1312.0,26463.0,1950.0,False,False
3481,2022-10-28 10:35:49.866759,0.0,-0.008403361344537785,0.0,-0.09999999999999964,11.8,11.85,11.85,11.9,4271.0,1312.0,26463.0,1950.0,False,False
3481,2022-10-28 10:35:49.878402,0.0,-0.008403361344537785,0.0,-0.09999999999999964,11.8,11.85,11.85,11.9,4270.0,1312.0,26463.0,1950.0,False,False
3481,2022-10-28 10:35:50.235802,0.0,-0.008403361344537785,0.0,-0.09999999999999964,11.8,11.85,11.85,11.9,4270.0,1312.0,26463.0,1950.0,False,False
3481,2022-10-28 10:35:50.524465,0.0,-0.008403361344537785,0.0,-0.09999999999999964,11.8,11.85,11.85,11.9,4269.0,1312.0,26463.0,1950.0,False,False
3481,2022-10-28 10:35:50.795858,0.0,-0.008403361344537785,0.0,-0.09999999999999964,11.8,11.85,11.85,11.9,4256.0,1312.0,26463.0,1950.0,False,False
3481,2022-10-28 10:35:51.300101,0.0,-0.008403361344537785,0.0,-0.09999999999999964,11.8,11.85,11.85,11.9,4156.0,1312.0,26463.0,1950.0,False,False
3481,2022-10-28 10:35:51.372382,0.0,-0.008403361344537785,0.0,-0.09999999999999964,11.8,11.85,11.85,11.9,4161.0,1312.0,26463.0,1950.0,False,False
3481,2022-10-28 10:35:51.410077,0.0,-0.008403361344537785,0.0,-0.09999999999999964,11.8,11.85,11.85,11.9,4160.0,1312.0,26463.0,1950.0,False,False
3481,2022-10-28 10:35:51.501417,0.0,-0.008403361344537785,0.0,-0.09999999999999964,11.8,11.85,11.85,11.9,4060.0,1312.0,26463.0,1950.0,False,False
3481,2022-10-28 10:35:51.539130,0.0,-0.008403361344537785,0.0,-0.09999999999999964,11.8,11.85,11.85,11.9,3561.0,1312.0,26463.0,1950.0,False,False
3481,2022-10-28 10:35:51.651541,0.0,-0.008403361344537785,0.0,-0.09999999999999964,11.8,11.85,11.85,11.9,3561.0,1312.0,26463.0,1950.0,False,False
3481,2022-10-28 10:35:51.687997,0.0,-0.008403361344537785,0.0,-0.09999999999999964,11.8,11.85,11.85,11.9,3555.0,1312.0,26463.0,1950.0,False,False
3481,2022-10-28 10:35:51.766677,0.0,-0.008403361344537785,0.0,-0.09999999999999964,11.8,11.85,11.85,11.9,3455.0,1312.0,26463.0,1950.0,False,False
3481,2022-10-28 10:35:52.017903,0.0,-0.008403361344537785,0.0,-0.09999999999999964,11.8,11.85,11.85,11.9,3455.0,1312.0,26463.0,1950.0,False,False
3481,2022-10-28 10:35:52.063878,0.0,-0.008403361344537785,0.0,-0.09999999999999964,11.8,11.85,11.85,11.9,3355.0,1312.0,26463.0,1950.0,False,False
3481,2022-10-28 10:35:52.103003,0.0,-0.008403361344537785,0.0,-0.09999999999999964,11.8,11.85,11.85,11.9,3034.0,991.0,26463.0,1950.0,False,False
3481,2022-10-28 10:35:52.101327,0.0,-0.008403361344537785,0.0,-0.09999999999999964,11.8,11.85,11.85,11.9,3355.0,991.0,26463.0,1950.0,False,False
3481,2022-10-28 10:35:52.145682,0.0,-0.008403361344537785,0.0,-0.09999999999999964,11.8,11.85,11.85,11.9,2964.0,991.0,26463.0,1950.0,False,False
3481,2022-10-28 10:35:52.225898,0.0,-0.008403361344537785,0.0,-0.09999999999999964,11.8,11.85,11.85,11.9,2963.0,998.0,26463.0,1950.0,False,False
3481,2022-10-28 10:35:52.356361,0.0,-0.008403361344537785,0.0,-0.09999999999999964,11.8,11.85,11.85,11.9,2963.0,998.0,26463.0,1950.0,False,False
3481,2022-10-28 10:35:52.358186,0.0,-0.008403361344537785,0.0,-0.09999999999999964,11.8,11.85,11.85,11.9,2963.0,998.0,26463.0,1950.0,False,False
3481,2022-10-28 10:35:52.470175,0.0,-0.008403361344537785,0.0,-0.09999999999999964,11.8,11.85,11.85,11.9,2963.0,998.0,26463.0,1950.0,False,False
3481,2022-10-28 10:35:52.489749,0.0,-0.008403361344537785,0.0,-0.09999999999999964,11.8,11.85,11.85,11.9,2956.0,998.0,26463.0,1950.0,False,False
3481,2022-10-28 10:35:52.594317,0.0,-0.008403361344537785,0.0,-0.09999999999999964,11.8,11.85,11.85,11.9,2955.0,998.0,26463.0,1950.0,False,False
3481,2022-10-28 10:35:52.648220,0.0,-0.008403361344537785,0.0,-0.09999999999999964,11.8,11.85,11.85,11.9,2955.0,997.0,26463.0,1950.0,False,False
3481,2022-10-28 10:35:52.704631,0.0,-0.008403361344537785,0.0,-0.09999999999999964,11.8,11.85,11.85,11.9,2955.0,1075.0,26463.0,1950.0,False,False
3481,2022-10-28 10:35:52.945689,0.0,-0.008403361344537785,0.0,-0.09999999999999964,11.8,11.85,11.85,11.9,2921.0,1075.0,26463.0,1950.0,False,False
3481,2022-10-28 10:35:53.057893,0.0,-0.008403361344537785,0.0,-0.09999999999999964,11.8,11.85,11.85,11.9,2921.0,1075.0,26463.0,1950.0,False,False
3481,2022-10-28 10:35:53.110463,0.0,-0.008403361344537785,0.0,-0.09999999999999964,11.8,11.85,11.85,11.9,2911.0,1075.0,26463.0,1950.0,False,False
3481,2022-10-28 10:35:53.235855,0.0,-0.008403361344537785,0.0,-0.09999999999999964,11.8,11.85,11.85,11.9,2911.0,1085.0,26463.0,1950.0,False,False
3481,2022-10-28 10:35:53.465264,0.0,-0.008403361344537785,0.0,-0.09999999999999964,11.8,11.85,11.85,11.9,2907.0,1085.0,26463.0,1950.0,False,False
3481,2022-10-28 10:35:53.480618,0.0,-0.008403361344537785,0.0,-0.09999999999999964,11.8,11.85,11.85,11.9,2910.0,1085.0,26463.0,1950.0,False,False
3481,2022-10-28 10:35:54.328800,0.0,-0.008403361344537785,0.0,-0.09999999999999964,11.8,11.85,11.85,11.9,2910.0,1086.0,26463.0,1950.0,False,False
3481,2022-10-28 10:35:54.473113,0.0,-0.008403361344537785,0.0,-0.09999999999999964,11.8,11.85,11.85,11.9,2908.0,1086.0,26463.0,1950.0,False,False
3481,2022-10-28 10:35:54.983526,0.0,-0.008403361344537785,0.0,-0.09999999999999964,11.8,11.85,11.85,11.9,2908.0,1086.0,26463.0,1950.0,False,False
3481,2022-10-28 10:35:55.221325,0.0,-0.008403361344537785,0.0,-0.09999999999999964,11.8,11.85,11.85,11.9,2910.0,1086.0,26463.0,1950.0,False,False
3481,2022-10-28 10:35:56.373128,0.0,-0.008403361344537785,0.0,-0.09999999999999964,11.8,11.85,11.85,11.9,2910.0,1084.0,26463.0,1950.0,False,False
3481,2022-10-28 10:35:56.381083,0.0,-0.008403361344537785,0.0,-0.09999999999999964,11.8,11.85,11.85,11.9,2910.0,1084.0,26463.0,2395.0,True,True
3481,2022-10-28 10:35:56.374898,0.0,-0.008403361344537785,0.0,-0.09999999999999964,11.8,11.85,11.85,11.9,2905.0,1083.0,26463.0,2395.0,False,False
3481,2022-10-28 10:35:56.555075,0.0,-0.008403361344537785,0.0,-0.09999999999999964,11.8,11.85,11.85,11.9,2903.0,1083.0,26463.0,2395.0,False,False
3481,2022-10-28 10:35:56.591675,0.0,-0.008403361344537785,0.0,-0.09999999999999964,11.8,11.85,11.85,11.9,2903.0,1093.0,26463.0,2395.0,False,False
3481,2022-10-28 10:35:57.114677,0.0,-0.008403361344537785,0.0,-0.09999999999999964,11.8,11.85,11.85,11.9,2903.0,1093.0,26463.0,2395.0,False,False
3481,2022-10-28 10:35:57.429678,0.0,-0.008403361344537785,0.0,-0.09999999999999964,11.8,11.85,11.85,11.9,2913.0,1093.0,26463.0,2395.0,False,False
3481,2022-10-28 10:35:57.477409,0.0,-0.008403361344537785,0.0,-0.09999999999999964,11.8,11.85,11.85,11.9,2913.0,1093.0,26463.0,2395.0,False,False
3481,2022-10-28 10:35:58.024608,0.0,-0.008403361344537785,0.0,-0.09999999999999964,11.8,11.85,11.85,11.9,2912.0,1093.0,26463.0,2395.0,False,False
3481,2022-10-28 10:35:58.051843,0.0,-0.008403361344537785,0.0,-0.09999999999999964,11.8,11.85,11.85,11.9,2907.0,1093.0,26463.0,2395.0,False,False
3481,2022-10-28 10:35:58.109312,0.0,-0.008403361344537785,0.0,-0.09999999999999964,11.8,11.85,11.85,11.9,2908.0,1093.0,26463.0,2395.0,False,False
3481,2022-10-28 10:35:59.474662,0.0,-0.008403361344537785,0.0,-0.09999999999999964,11.8,11.85,11.85,11.9,2903.0,1093.0,26463.0,2395.0,False,False
3481,2022-10-28 10:35:59.589823,0.0,-0.008403361344537785,0.0,-0.09999999999999964,11.8,11.85,11.85,11.9,2902.0,1093.0,26463.0,2395.0,False,False
3481,2022-10-28 10:35:59.653024,0.0,-0.008403361344537785,0.0,-0.09999999999999964,11.8,11.85,11.85,11.9,2903.0,1093.0,26463.0,2395.0,False,False
3481,2022-10-28 10:35:59.811196,0.0,-0.008403361344537785,0.0,-0.09999999999999964,11.8,11.85,11.85,11.9,2903.0,1096.0,26463.0,2395.0,False,False
3481,2022-10-28 10:35:59.922604,0.0,-0.008403361344537785,0.0,-0.09999999999999964,11.8,11.85,11.85,11.9,2903.0,1097.0,26463.0,2395.0,False,False
3481,2022-10-28 10:36:00.012399,0.0,-0.008403361344537785,0.0,-0.09999999999999964,11.8,11.85,11.85,11.9,2853.0,1097.0,26463.0,2395.0,False,False
3481,2022-10-28 10:36:00.179718,0.0,-0.008403361344537785,0.0,-0.09999999999999964,11.8,11.85,11.85,11.9,2848.0,1097.0,26463.0,2395.0,False,False
3481,2022-10-28 10:36:00.426304,0.0,-0.008403361344537785,0.0,-0.09999999999999964,11.8,11.85,11.85,11.9,2842.0,1097.0,26463.0,2395.0,False,False
3481,2022-10-28 10:36:00.512418,0.0,-0.008403361344537785,0.0,-0.09999999999999964,11.8,11.85,11.85,11.9,2842.0,1096.0,26463.0,2395.0,False,False
3481,2022-10-28 10:36:01.721915,0.0,-0.008403361344537785,0.0,-0.09999999999999964,11.8,11.85,11.85,11.9,2842.0,1096.0,26463.0,2395.0,False,False
3481,2022-10-28 10:36:01.895303,0.0,-0.008403361344537785,0.0,-0.09999999999999964,11.8,11.85,11.85,11.9,2842.0,1096.0,26463.0,2395.0,False,False
3481,2022-10-28 10:36:02.362210,0.0,-0.008403361344537785,0.0,-0.09999999999999964,11.8,11.85,11.85,11.9,2842.0,1097.0,26463.0,2395.0,False,False
3481,2022-10-28 10:36:02.487703,0.0,-0.008403361344537785,0.0,-0.09999999999999964,11.8,11.85,11.85,11.9,2841.0,1097.0,26463.0,2395.0,False,False
3481,2022-10-28 10:36:02.573339,0.0,-0.008403361344537785,0.0,-0.09999999999999964,11.8,11.85,11.85,11.9,2841.0,1097.0,26463.0,2395.0,False,False
3481,2022-10-28 10:36:02.984242,0.0,-0.008403361344537785,0.0,-0.09999999999999964,11.8,11.85,11.85,11.9,2841.0,1097.0,26463.0,2395.0,False,False
3481,2022-10-28 10:36:03.542935,0.0,-0.008403361344537785,0.0,-0.09999999999999964,11.8,11.85,11.85,11.9,2841.0,1097.0,26463.0,2395.0,False,False
3481,2022-10-28 10:36:03.675252,0.0,-0.008403361344537785,0.0,-0.09999999999999964,11.8,11.85,11.85,11.9,2842.0,1097.0,26463.0,2395.0,False,False
3481,2022-10-28 10:36:04.077046,0.0,-0.008403361344537785,0.0,-0.09999999999999964,11.8,11.85,11.85,11.9,2842.0,1097.0,26463.0,2395.0,False,False
3481,2022-10-28 10:36:05.199520,0.0,-0.008403361344537785,0.0,-0.09999999999999964,11.8,11.85,11.85,11.9,2842.0,1097.0,26463.0,2395.0,False,False
3481,2022-10-28 10:36:05.794378,0.0,-0.008403361344537785,0.0,-0.09999999999999964,11.8,11.85,11.85,11.9,2841.0,1097.0,26463.0,2395.0,False,False
3481,2022-10-28 10:36:05.796548,0.0,-0.008403361344537785,0.0,-0.09999999999999964,11.8,11.85,11.85,11.9,2840.0,1097.0,26463.0,2395.0,False,False
3481,2022-10-28 10:36:06.039342,0.0,-0.008403361344537785,0.0,-0.09999999999999964,11.8,11.85,11.85,11.9,2840.0,1097.0,26463.0,2395.0,False,False
3481,2022-10-28 10:36:06.214827,0.0,-0.008403361344537785,0.0,-0.09999999999999964,11.8,11.85,11.85,11.9,2840.0,1098.0,26463.0,2395.0,False,False
3481,2022-10-28 10:36:06.268441,0.0,-0.008403361344537785,0.0,-0.09999999999999964,11.8,11.85,11.85,11.9,2840.0,1100.0,26463.0,2395.0,False,False
3481,2022-10-28 10:36:06.380492,0.0,-0.008403361344537785,0.0,-0.09999999999999964,11.8,11.85,11.85,11.9,2850.0,1100.0,26463.0,2395.0,False,False
3481,2022-10-28 10:36:06.434373,0.0,-0.008403361344537785,0.0,-0.09999999999999964,11.8,11.85,11.85,11.9,2850.0,1100.0,26463.0,3594.0,True,True
3481,2022-10-28 10:36:06.693048,0.0,-0.008403361344537785,0.0,-0.09999999999999964,11.8,11.85,11.85,11.9,2850.0,1105.0,26463.0,3594.0,False,False
3481,2022-10-28 10:36:06.732494,0.0,-0.008403361344537785,0.0,-0.09999999999999964,11.8,11.85,11.85,11.9,2849.0,1105.0,26463.0,3594.0,False,False
3481,2022-10-28 10:36:07.136828,0.0,-0.008403361344537785,0.0,-0.09999999999999964,11.8,11.85,11.85,11.9,2850.0,1105.0,26463.0,3594.0,False,False
3481,2022-10-28 10:36:07.196237,0.0,-0.008403361344537785,0.0,-0.09999999999999964,11.8,11.85,11.85,11.9,2850.0,1107.0,26463.0,3594.0,False,False
3481,2022-10-28 10:36:07.795400,0.0,-0.008403361344537785,0.0,-0.09999999999999964,11.8,11.85,11.85,11.9,2850.0,1107.0,26463.0,3594.0,False,False
3481,2022-10-28 10:36:08.120329,0.0,-0.008403361344537785,0.0,-0.09999999999999964,11.8,11.85,11.85,11.9,2850.0,1107.0,26463.0,3594.0,False,False
3481,2022-10-28 10:36:08.300551,0.0,-0.008403361344537785,0.0,-0.09999999999999964,11.8,11.85,11.85,11.9,2850.0,1109.0,26463.0,3594.0,False,False
3481,2022-10-28 10:36:08.322771,0.0,-0.008403361344537785,0.0,-0.09999999999999964,11.8,11.85,11.85,11.9,2850.0,1121.0,26463.0,3594.0,False,False
3481,2022-10-28 10:36:09.594956,0.0,-0.008403361344537785,0.0,-0.09999999999999964,11.8,11.85,11.85,11.9,2851.0,1121.0,26463.0,3594.0,False,False
3481,2022-10-28 10:36:09.713183,0.0,-0.008403361344537785,0.0,-0.09999999999999964,11.8,11.85,11.85,11.9,2850.0,1121.0,26463.0,3594.0,False,False
3481,2022-10-28 10:36:09.744690,0.0,-0.008403361344537785,0.0,-0.09999999999999964,11.8,11.85,11.85,11.9,2848.0,1121.0,26463.0,3594.0,False,False
3481,2022-10-28 10:36:09.747684,0.0,-0.008403361344537785,0.0,-0.09999999999999964,11.8,11.85,11.85,11.9,2848.0,1121.0,26463.0,3594.0,False,False
3481,2022-10-28 10:36:09.928574,0.0,-0.008403361344537785,0.0,-0.09999999999999964,11.8,11.85,11.85,11.9,2850.0,1121.0,26463.0,3594.0,False,False
3481,2022-10-28 10:36:10.097107,0.0,-0.008403361344537785,0.0,-0.09999999999999964,11.8,11.85,11.85,11.9,2850.0,1121.0,26463.0,3594.0,False,False
3481,2022-10-28 10:36:10.496197,0.0,-0.008403361344537785,0.0,-0.09999999999999964,11.8,11.85,11.85,11.9,2860.0,1121.0,26463.0,3594.0,False,False
3481,2022-10-28 10:36:11.191731,0.0,-0.008403361344537785,0.0,-0.09999999999999964,11.8,11.85,11.85,11.9,2860.0,1121.0,26463.0,3594.0,False,False
3481,2022-10-28 10:36:11.194277,0.0,-0.008403361344537785,0.0,-0.09999999999999964,11.8,11.85,11.85,11.9,2860.0,1110.0,26463.0,3594.0,False,False
3481,2022-10-28 10:36:11.379475,0.0,-0.008403361344537785,0.0,-0.09999999999999964,11.8,11.85,11.85,11.9,2860.0,1111.0,26463.0,3594.0,False,False
3481,2022-10-28 10:36:11.525303,0.0,-0.008403361344537785,0.0,-0.09999999999999964,11.8,11.85,11.85,11.9,2860.0,1111.0,26463.0,3594.0,False,False
3481,2022-10-28 10:36:11.680479,0.0,-0.008403361344537785,0.0,-0.09999999999999964,11.8,11.85,11.85,11.9,2858.0,1111.0,26463.0,3594.0,False,False
3481,2022-10-28 10:36:11.744979,0.0,-0.008403361344537785,0.0,-0.09999999999999964,11.8,11.85,11.85,11.9,2858.0,1111.0,26463.0,3594.0,False,False
3481,2022-10-28 10:36:12.420207,0.0,-0.008403361344537785,0.0,-0.09999999999999964,11.8,11.85,11.85,11.9,2858.0,1111.0,26463.0,3594.0,False,False
3481,2022-10-28 10:36:12.707327,0.0,-0.008403361344537785,0.0,-0.09999999999999964,11.8,11.85,11.85,11.9,2858.0,1111.0,26463.0,3594.0,False,False
3481,2022-10-28 10:36:12.797363,0.0,-0.008403361344537785,0.0,-0.09999999999999964,11.8,11.85,11.85,11.9,2857.0,1111.0,26463.0,3594.0,False,False
3481,2022-10-28 10:36:13.265735,0.0,-0.008403361344537785,0.0,-0.09999999999999964,11.8,11.85,11.85,11.9,2855.0,1111.0,26463.0,3594.0,False,False
3481,2022-10-28 10:36:13.916505,0.0,-0.008403361344537785,0.0,-0.09999999999999964,11.8,11.85,11.85,11.9,2855.0,1121.0,26463.0,3594.0,False,False
3481,2022-10-28 10:36:13.990710,0.0,-0.008403361344537785,0.0,-0.09999999999999964,11.8,11.85,11.85,11.9,2855.0,651.0,26463.0,3594.0,False,False
3481,2022-10-28 10:36:14.024057,0.0,-0.008403361344537785,0.0,-0.09999999999999964,11.8,11.85,11.85,11.9,2855.0,651.0,26463.0,3594.0,False,False
3481,2022-10-28 10:36:14.026322,0.0,-0.008403361344537785,0.0,-0.09999999999999964,11.8,11.85,11.85,11.9,2855.0,549.0,26463.0,3594.0,False,False
3481,2022-10-28 10:36:14.026726,0.0,-0.008403361344537785,0.0,-0.09999999999999964,11.8,11.85,11.85,11.9,2855.0,449.0,26463.0,3594.0,False,False
3481,2022-10-28 10:36:14.074551,0.0,-0.008403361344537785,0.0,-0.09999999999999964,11.8,11.85,11.85,11.9,2855.0,405.0,26463.0,3594.0,False,False
3481,2022-10-28 10:36:14.086046,0.0,-0.008403361344537785,0.0,-0.09999999999999964,11.8,11.85,11.85,11.9,2855.0,405.0,26463.0,3594.0,False,False
3481,2022-10-28 10:36:14.148299,0.0,-0.008403361344537785,0.0,-0.09999999999999964,11.8,11.85,11.85,11.9,2855.0,430.0,26463.0,3594.0,False,False
3481,2022-10-28 10:36:14.326134,0.0,-0.008403361344537785,0.0,-0.09999999999999964,11.8,11.85,11.85,11.9,2855.0,420.0,26463.0,3594.0,False,False
3481,2022-10-28 10:36:14.473165,0.0,-0.008403361344537785,0.0,-0.09999999999999964,11.8,11.85,11.85,11.9,2855.0,420.0,26463.0,3594.0,False,False
3481,2022-10-28 10:36:14.547552,0.0,-0.008403361344537785,0.0,-0.09999999999999964,11.8,11.85,11.85,11.9,2855.0,420.0,26463.0,3594.0,False,False
3481,2022-10-28 10:36:14.628568,0.0,-0.008403361344537785,0.0,-0.09999999999999964,11.8,11.85,11.85,11.9,2855.0,420.0,26463.0,3594.0,False,False
3481,2022-10-28 10:36:14.897522,0.0,-0.008403361344537785,0.0,-0.09999999999999964,11.8,11.85,11.85,11.9,2860.0,420.0,26463.0,3594.0,False,False
3481,2022-10-28 10:36:15.179843,0.0,-0.008403361344537785,0.0,-0.09999999999999964,11.8,11.85,11.85,11.9,2860.0,420.0,26463.0,3594.0,False,False
3481,2022-10-28 10:36:15.192762,0.0,-0.008403361344537785,0.0,-0.09999999999999964,11.8,11.85,11.85,11.9,2870.0,420.0,26463.0,3594.0,False,False
3481,2022-10-28 10:36:15.344381,0.0,-0.008403361344537785,0.0,-0.09999999999999964,11.8,11.85,11.85,11.9,2869.0,425.0,26463.0,3594.0,False,False
3481,2022-10-28 10:36:15.419935,0.0,-0.008403361344537785,0.0,-0.09999999999999964,11.8,11.85,11.85,11.9,2869.0,425.0,26463.0,3594.0,False,False
3481,2022-10-28 10:36:15.543338,0.0,-0.008403361344537785,0.0,-0.09999999999999964,11.8,11.85,11.85,11.9,2869.0,425.0,26463.0,3594.0,False,False
3481,2022-10-28 10:36:16.010929,0.0,-0.008403361344537785,0.0,-0.09999999999999964,11.8,11.85,11.85,11.9,2869.0,425.0,26463.0,3594.0,False,False
3481,2022-10-28 10:36:16.272004,0.0,-0.008403361344537785,0.0,-0.09999999999999964,11.8,11.85,11.85,11.9,2869.0,425.0,26463.0,3594.0,False,False
3481,2022-10-28 10:36:16.476246,0.0,-0.008403361344537785,0.0,-0.09999999999999964,11.8,11.85,11.85,11.9,2869.0,425.0,26483.0,3594.0,True,True
3481,2022-10-28 10:36:16.481829,0.0,-0.008403361344537785,0.0,-0.09999999999999964,11.8,11.85,11.85,11.9,2869.0,419.0,26483.0,3594.0,False,False
3481,2022-10-28 10:36:16.532174,0.0,-0.008403361344537785,0.0,-0.09999999999999964,11.8,11.85,11.85,11.9,2872.0,419.0,26483.0,3594.0,False,False
3481,2022-10-28 10:36:16.680198,0.0,-0.008403361344537785,0.0,-0.09999999999999964,11.8,11.85,11.85,11.9,2872.0,419.0,26483.0,3594.0,False,False
3481,2022-10-28 10:36:17.545085,0.0,-0.008403361344537785,0.0,-0.09999999999999964,11.8,11.85,11.85,11.9,2722.0,419.0,26483.0,3594.0,False,False
3481,2022-10-28 10:36:17.620930,0.0,-0.008403361344537785,0.0,-0.09999999999999964,11.8,11.85,11.85,11.9,2717.0,419.0,26483.0,3594.0,False,False
3481,2022-10-28 10:36:17.709461,0.0,-0.008403361344537785,0.0,-0.09999999999999964,11.8,11.85,11.85,11.9,2718.0,418.0,26483.0,3594.0,False,False
3481,2022-10-28 10:36:17.733797,0.0,-0.008403361344537785,0.0,-0.09999999999999964,11.8,11.85,11.85,11.9,2738.0,418.0,26483.0,3594.0,False,False
3481,2022-10-28 10:36:17.975373,0.0,-0.008403361344537785,0.0,-0.09999999999999964,11.8,11.85,11.85,11.9,2738.0,418.0,26483.0,3594.0,False,False
3481,2022-10-28 10:36:18.034453,0.0,-0.008403361344537785,0.0,-0.09999999999999964,11.8,11.85,11.85,11.9,2738.0,408.0,26483.0,3594.0,False,False
3481,2022-10-28 10:36:18.532276,0.0,-0.008403361344537785,0.0,-0.09999999999999964,11.8,11.85,11.85,11.9,2738.0,402.0,26483.0,3594.0,False,False
3481,2022-10-28 10:36:19.502902,0.0,-0.008403361344537785,0.0,-0.09999999999999964,11.8,11.85,11.85,11.9,2738.0,400.0,26483.0,3594.0,False,False
3481,2022-10-28 10:36:19.529323,0.0,-0.008403361344537785,0.0,-0.09999999999999964,11.8,11.85,11.85,11.9,2738.0,481.0,26483.0,3594.0,False,False
3481,2022-10-28 10:36:19.861281,0.0,-0.008403361344537785,0.0,-0.09999999999999964,11.8,11.85,11.85,11.9,2738.0,481.0,26483.0,3594.0,False,False
3481,2022-10-28 10:36:19.943273,0.0,-0.008403361344537785,0.0,-0.09999999999999964,11.8,11.85,11.85,11.9,2773.0,481.0,26483.0,3594.0,False,False
3481,2022-10-28 10:36:20.231663,0.0,-0.008403361344537785,0.0,-0.09999999999999964,11.8,11.85,11.85,11.9,2773.0,481.0,26483.0,3594.0,False,False
3481,2022-10-28 10:36:20.359641,0.0,-0.008403361344537785,0.0,-0.09999999999999964,11.8,11.85,11.85,11.9,2776.0,481.0,26483.0,3594.0,False,False
3481,2022-10-28 10:36:20.517936,0.0,-0.008403361344537785,0.0,-0.09999999999999964,11.8,11.85,11.85,11.9,2776.0,481.0,26483.0,3594.0,False,False
3481,2022-10-28 10:36:21.103741,0.0,-0.008403361344537785,0.0,-0.09999999999999964,11.8,11.85,11.85,11.9,2776.0,481.0,26483.0,3594.0,False,False
3481,2022-10-28 10:36:21.767237,0.0,-0.008403361344537785,0.0,-0.09999999999999964,11.8,11.85,11.85,11.9,2776.0,481.0,26483.0,3594.0,False,False
3481,2022-10-28 10:36:21.909827,0.0,-0.008403361344537785,0.0,-0.09999999999999964,11.8,11.85,11.85,11.9,2776.0,481.0,26483.0,3594.0,False,False
3481,2022-10-28 10:36:22.740414,0.0,-0.008403361344537785,0.0,-0.09999999999999964,11.8,11.85,11.85,11.9,2776.0,481.0,26483.0,3594.0,False,False
3481,2022-10-28 10:36:22.789307,0.0,-0.008403361344537785,0.0,-0.09999999999999964,11.8,11.85,11.85,11.9,2776.0,480.0,26483.0,3594.0,False,False
3481,2022-10-28 10:36:22.941195,0.0,-0.008403361344537785,0.0,-0.09999999999999964,11.8,11.85,11.85,11.9,2776.0,481.0,26483.0,3594.0,False,False
3481,2022-10-28 10:36:23.815727,0.0,-0.008403361344537785,0.0,-0.09999999999999964,11.8,11.85,11.85,11.9,2776.0,481.0,26483.0,3594.0,False,False
3481,2022-10-28 10:36:24.178403,0.0,-0.008403361344537785,0.0,-0.09999999999999964,11.8,11.85,11.85,11.9,2476.0,481.0,26483.0,3594.0,False,False
3481,2022-10-28 10:36:24.207059,0.0,-0.008403361344537785,0.0,-0.09999999999999964,11.8,11.85,11.85,11.9,2476.0,500.0,26483.0,3594.0,False,False
3481,2022-10-28 10:36:24.249441,0.0,-0.008403361344537785,0.0,-0.09999999999999964,11.8,11.85,11.85,11.9,2477.0,500.0,26483.0,3594.0,False,False
3481,2022-10-28 10:36:24.323569,0.0,-0.008403361344537785,0.0,-0.09999999999999964,11.8,11.85,11.85,11.9,2472.0,500.0,26483.0,3594.0,False,False
3481,2022-10-28 10:36:24.261689,0.0,-0.008403361344537785,0.0,-0.09999999999999964,11.8,11.85,11.85,11.9,2475.0,500.0,26483.0,3594.0,False,False
3481,2022-10-28 10:36:24.656834,0.0,-0.008403361344537785,0.0,-0.09999999999999964,11.8,11.85,11.85,11.9,2472.0,499.0,26483.0,3594.0,False,False
3481,2022-10-28 10:36:24.732140,0.0,-0.008403361344537785,0.0,-0.09999999999999964,11.8,11.85,11.85,11.9,2478.0,499.0,26483.0,3594.0,False,False
3481,2022-10-28 10:36:24.870696,0.0,-0.008403361344537785,0.0,-0.09999999999999964,11.8,11.85,11.85,11.9,2478.0,499.0,26483.0,3594.0,False,False
3481,2022-10-28 10:36:24.963015,0.0,-0.008403361344537785,0.0,-0.09999999999999964,11.8,11.85,11.85,11.9,2478.0,499.0,26483.0,3594.0,False,False
3481,2022-10-28 10:36:25.175331,0.0,-0.008403361344537785,0.0,-0.09999999999999964,11.8,11.85,11.85,11.9,2478.0,499.0,26483.0,3594.0,False,False
3481,2022-10-28 10:36:25.902162,0.0,-0.008403361344537785,0.0,-0.09999999999999964,11.8,11.85,11.85,11.9,2476.0,499.0,26483.0,3594.0,False,False
3481,2022-10-28 10:36:25.970674,0.0,-0.008403361344537785,0.0,-0.09999999999999964,11.8,11.85,11.85,11.9,2476.0,499.0,26483.0,3594.0,False,False
3481,2022-10-28 10:36:26.394092,0.0,-0.008403361344537785,0.0,-0.09999999999999964,11.8,11.85,11.85,11.9,2476.0,499.0,26483.0,3594.0,False,False
3481,2022-10-28 10:36:26.502804,0.0,-0.008403361344537785,0.0,-0.09999999999999964,11.8,11.85,11.85,11.9,2476.0,499.0,25968.0,3594.0,True,True
3481,2022-10-28 10:36:26.818875,0.0,-0.008403361344537785,0.0,-0.09999999999999964,11.8,11.85,11.85,11.9,2515.0,499.0,25968.0,3594.0,False,False
3481,2022-10-28 10:36:26.861127,0.0,-0.008403361344537785,0.0,-0.09999999999999964,11.8,11.85,11.85,11.9,2515.0,499.0,25968.0,3594.0,False,False
3481,2022-10-28 10:36:27.070255,0.0,-0.008403361344537785,0.0,-0.09999999999999964,11.8,11.85,11.85,11.9,2515.0,499.0,25968.0,3594.0,False,False
3481,2022-10-28 10:36:27.306762,0.0,-0.008403361344537785,0.0,-0.09999999999999964,11.8,11.85,11.85,11.9,2515.0,499.0,25968.0,3594.0,False,False
3481,2022-10-28 10:36:27.509056,0.0,-0.008403361344537785,0.0,-0.09999999999999964,11.8,11.85,11.85,11.9,2515.0,499.0,25968.0,3594.0,False,False
3481,2022-10-28 10:36:27.509209,0.0,-0.008403361344537785,0.0,-0.09999999999999964,11.8,11.85,11.85,11.9,2515.0,508.0,25968.0,3594.0,False,False
3481,2022-10-28 10:36:27.783120,0.0,-0.008403361344537785,0.0,-0.09999999999999964,11.8,11.85,11.85,11.9,2515.0,508.0,25968.0,3594.0,False,False
3481,2022-10-28 10:36:27.968875,0.0,-0.008403361344537785,0.0,-0.09999999999999964,11.8,11.85,11.85,11.9,2515.0,530.0,25968.0,3594.0,False,False
3481,2022-10-28 10:36:28.072763,0.0,-0.008403361344537785,0.0,-0.09999999999999964,11.8,11.85,11.85,11.9,2514.0,530.0,25968.0,3594.0,False,False
3481,2022-10-28 10:36:28.641377,0.0,-0.008403361344537785,0.0,-0.09999999999999964,11.8,11.85,11.85,11.9,2514.0,529.0,25968.0,3594.0,False,False
3481,2022-10-28 10:36:28.668290,0.0,-0.008403361344537785,0.0,-0.09999999999999964,11.8,11.85,11.85,11.9,2513.0,529.0,25968.0,3594.0,False,False
3481,2022-10-28 10:36:29.315348,0.0,-0.008403361344537785,0.0,-0.09999999999999964,11.8,11.85,11.85,11.9,2513.0,529.0,25968.0,3594.0,False,False
3481,2022-10-28 10:36:29.360044,0.0,-0.008403361344537785,0.0,-0.09999999999999964,11.8,11.85,11.85,11.9,2513.0,529.0,25968.0,3594.0,False,False
3481,2022-10-28 10:36:29.479940,0.0,-0.008403361344537785,0.0,-0.09999999999999964,11.8,11.85,11.85,11.9,2512.0,529.0,25968.0,3594.0,False,False
3481,2022-10-28 10:36:31.889555,0.0,-0.008403361344537785,0.0,-0.09999999999999964,11.8,11.85,11.85,11.9,2512.0,529.0,25968.0,3594.0,False,False
3481,2022-10-28 10:36:32.682178,0.0,-0.008403361344537785,0.0,-0.09999999999999964,11.8,11.85,11.85,11.9,2550.0,529.0,25968.0,3594.0,False,False
3481,2022-10-28 10:36:32.780773,0.0,-0.008403361344537785,0.0,-0.09999999999999964,11.8,11.85,11.85,11.9,2549.0,529.0,25968.0,3594.0,False,False
3481,2022-10-28 10:36:33.024196,0.0,-0.008403361344537785,0.0,-0.09999999999999964,11.8,11.85,11.85,11.9,2549.0,529.0,25968.0,3594.0,False,False
3481,2022-10-28 10:36:33.293263,0.0,-0.008403361344537785,0.0,-0.09999999999999964,11.8,11.85,11.85,11.9,2552.0,529.0,25968.0,3594.0,False,False
3481,2022-10-28 10:36:33.312194,0.0,-0.008403361344537785,0.0,-0.09999999999999964,11.8,11.85,11.85,11.9,2551.0,529.0,25968.0,3594.0,False,False
3481,2022-10-28 10:36:33.771399,0.0,-0.008403361344537785,0.0,-0.09999999999999964,11.8,11.85,11.85,11.9,2553.0,529.0,25968.0,3594.0,False,False
3481,2022-10-28 10:36:34.103151,0.0,-0.008403361344537785,0.0,-0.09999999999999964,11.8,11.85,11.85,11.9,2554.0,529.0,25968.0,3594.0,False,False
3481,2022-10-28 10:36:34.168129,0.0,-0.008403361344537785,0.0,-0.09999999999999964,11.8,11.85,11.85,11.9,2557.0,529.0,25968.0,3594.0,False,False
3481,2022-10-28 10:36:35.027335,0.0,-0.008403361344537785,0.0,-0.09999999999999964,11.8,11.85,11.85,11.9,2557.0,529.0,25968.0,3594.0,False,False
3481,2022-10-28 10:36:35.428436,0.0,-0.008403361344537785,0.0,-0.09999999999999964,11.8,11.85,11.85,11.9,2557.0,530.0,25968.0,3594.0,False,False
3481,2022-10-28 10:36:35.779708,0.0,-0.008403361344537785,0.0,-0.09999999999999964,11.8,11.85,11.85,11.9,2556.0,530.0,25968.0,3594.0,False,False
3481,2022-10-28 10:36:35.955049,0.0,-0.008403361344537785,0.0,-0.09999999999999964,11.8,11.85,11.85,11.9,2557.0,530.0,25968.0,3594.0,False,False
3481,2022-10-28 10:36:36.221352,0.0,-0.008403361344537785,0.0,-0.09999999999999964,11.8,11.85,11.85,11.9,2557.0,525.0,25968.0,3594.0,False,False
3481,2022-10-28 10:36:36.248872,0.0,-0.008403361344537785,0.0,-0.09999999999999964,11.8,11.85,11.85,11.9,2557.0,525.0,25968.0,3594.0,False,False
3481,2022-10-28 10:36:36.259917,0.0,-0.008403361344537785,0.0,-0.09999999999999964,11.8,11.85,11.85,11.9,2557.0,506.0,25968.0,3594.0,False,False
3481,2022-10-28 10:36:36.527555,0.0,-0.008403361344537785,0.0,-0.09999999999999964,11.8,11.85,11.85,11.9,2557.0,506.0,25683.0,3594.0,True,True
3481,2022-10-28 10:36:37.905666,0.0,-0.008403361344537785,0.0,-0.09999999999999964,11.8,11.85,11.85,11.9,2557.0,506.0,25683.0,3594.0,False,False
3481,2022-10-28 10:36:38.580940,0.0,-0.008403361344537785,0.0,-0.09999999999999964,11.8,11.85,11.85,11.9,2557.0,506.0,25683.0,3594.0,False,False
3481,2022-10-28 10:36:38.908667,0.0,-0.008403361344537785,0.0,-0.09999999999999964,11.8,11.85,11.85,11.9,2560.0,506.0,25683.0,3594.0,False,False
3481,2022-10-28 10:36:39.063771,0.0,-0.008403361344537785,0.0,-0.09999999999999964,11.8,11.85,11.85,11.9,2560.0,506.0,25683.0,3594.0,False,False
3481,2022-10-28 10:36:39.089320,0.0,-0.008403361344537785,0.0,-0.09999999999999964,11.8,11.85,11.85,11.9,2560.0,504.0,25683.0,3594.0,False,False
3481,2022-10-28 10:36:39.599944,0.0,-0.008403361344537785,0.0,-0.09999999999999964,11.8,11.85,11.85,11.9,2600.0,504.0,25683.0,3594.0,False,False
3481,2022-10-28 10:36:41.491761,0.0,-0.008403361344537785,0.0,-0.09999999999999964,11.8,11.85,11.85,11.9,2603.0,504.0,25683.0,3594.0,False,False
3481,2022-10-28 10:36:41.655211,0.0,-0.008403361344537785,0.0,-0.09999999999999964,11.8,11.85,11.85,11.9,2603.0,504.0,25683.0,3594.0,False,False
3481,2022-10-28 10:36:42.002959,0.0,-0.008403361344537785,0.0,-0.09999999999999964,11.8,11.85,11.85,11.9,2603.0,504.0,25683.0,3594.0,False,False
3481,2022-10-28 10:36:42.356146,0.0,-0.008403361344537785,0.0,-0.09999999999999964,11.8,11.85,11.85,11.9,2603.0,504.0,25683.0,3594.0,False,False
3481,2022-10-28 10:36:43.427596,0.0,-0.008403361344537785,0.0,-0.09999999999999964,11.8,11.85,11.85,11.9,2603.0,504.0,25683.0,3594.0,False,False
3481,2022-10-28 10:36:43.857406,0.0,-0.008403361344537785,0.0,-0.09999999999999964,11.8,11.85,11.85,11.9,2603.0,530.0,25683.0,3594.0,False,False
3481,2022-10-28 10:36:44.116297,0.0,-0.008403361344537785,0.0,-0.09999999999999964,11.8,11.85,11.85,11.9,2603.0,530.0,25683.0,3594.0,False,False
3481,2022-10-28 10:36:44.177930,0.0,-0.008403361344537785,0.0,-0.09999999999999964,11.8,11.85,11.85,11.9,2604.0,530.0,25683.0,3594.0,False,False
3481,2022-10-28 10:36:44.338030,0.0,-0.008403361344537785,0.0,-0.09999999999999964,11.8,11.85,11.85,11.9,2604.0,540.0,25683.0,3594.0,False,False
3481,2022-10-28 10:36:44.361411,0.0,-0.008403361344537785,0.0,-0.09999999999999964,11.8,11.85,11.85,11.9,2604.0,540.0,25683.0,3594.0,False,False
3481,2022-10-28 10:36:45.298839,0.0,-0.008403361344537785,0.0,-0.09999999999999964,11.8,11.85,11.85,11.9,2604.0,535.0,25683.0,3594.0,False,False
3481,2022-10-28 10:36:45.730938,0.0,-0.008403361344537785,0.0,-0.09999999999999964,11.8,11.85,11.85,11.9,2604.0,535.0,25683.0,3594.0,False,False
3481,2022-10-28 10:36:45.819598,0.0,-0.008403361344537785,0.0,-0.09999999999999964,11.8,11.85,11.85,11.9,2606.0,535.0,25683.0,3594.0,False,False
3481,2022-10-28 10:36:46.280908,0.0,-0.008403361344537785,0.0,-0.09999999999999964,11.8,11.85,11.85,11.9,2606.0,534.0,25683.0,3594.0,False,False
3481,2022-10-28 10:36:46.340370,0.0,-0.008403361344537785,0.0,-0.09999999999999964,11.8,11.85,11.85,11.9,2606.0,535.0,25683.0,3594.0,False,False
3481,2022-10-28 10:36:46.417717,0.0,-0.008403361344537785,0.0,-0.09999999999999964,11.8,11.85,11.85,11.9,2606.0,535.0,25683.0,3594.0,False,False
