symbol,datetime,NaOb_r,NbOa_r,NaOb_s,NbOa_s,bid1,ask1,odd_bid1,odd_ask1,bidQty1,askQty1,odd_bidQty1,odd_askQty1,simulate,triggerbyOdd
5880,2022-10-28 10:32:54.003730,0.0,-0.005928853754940788,0.0,-0.15000000000000213,25.15,25.2,25.2,25.3,9.0,66.0,2944.0,34070.0,True,True
5880,2022-10-28 10:32:57.064947,0.0,-0.005928853754940788,0.0,-0.15000000000000213,25.15,25.2,25.2,25.3,9.0,67.0,2944.0,34070.0,False,False
5880,2022-10-28 10:33:07.410649,0.0,-0.005928853754940788,0.0,-0.15000000000000213,25.15,25.2,25.2,25.3,9.0,67.0,2944.0,34070.0,False,False
5880,2022-10-28 10:33:08.028611,0.0,-0.005928853754940788,0.0,-0.15000000000000213,25.15,25.2,25.2,25.3,109.0,67.0,2944.0,34070.0,False,False
5880,2022-10-28 10:33:08.059931,0.0,-0.005928853754940788,0.0,-0.15000000000000213,25.15,25.2,25.2,25.3,109.0,49.0,2944.0,34070.0,False,False
5880,2022-10-28 10:33:09.508501,0.0,-0.005928853754940788,0.0,-0.15000000000000213,25.15,25.2,25.2,25.3,109.0,49.0,2944.0,34070.0,False,False
5880,2022-10-28 10:33:10.746213,0.0,-0.005928853754940788,0.0,-0.15000000000000213,25.15,25.2,25.2,25.3,109.0,49.0,2944.0,34070.0,False,False
5880,2022-10-28 10:33:11.761378,0.0,-0.005928853754940788,0.0,-0.15000000000000213,25.15,25.2,25.2,25.3,109.0,36.0,2944.0,34070.0,False,False
5880,2022-10-28 10:33:14.104798,0.0,-0.005928853754940788,0.0,-0.15000000000000213,25.15,25.2,25.2,25.3,109.0,36.0,3569.0,34070.0,True,True
5880,2022-10-28 10:33:29.080830,0.0,-0.005928853754940788,0.0,-0.15000000000000213,25.15,25.2,25.2,25.3,109.0,37.0,3569.0,34070.0,False,False
5880,2022-10-28 10:33:31.914528,0.0,-0.005928853754940788,0.0,-0.15000000000000213,25.15,25.2,25.2,25.3,109.0,38.0,3569.0,34070.0,False,False
5880,2022-10-28 10:33:58.607743,0.0,-0.005928853754940788,0.0,-0.15000000000000213,25.15,25.2,25.2,25.3,109.0,40.0,3569.0,34070.0,False,False
5880,2022-10-28 10:34:03.712167,0.0,-0.005928853754940788,0.0,-0.15000000000000213,25.15,25.2,25.2,25.3,109.0,40.0,3936.0,33438.0,False,True
5880,2022-10-28 10:34:13.758426,0.0,-0.005928853754940788,0.0,-0.15000000000000213,25.15,25.2,25.2,25.3,109.0,40.0,2937.0,33438.0,True,True
5880,2022-10-28 10:34:15.169566,0.0,-0.005928853754940788,0.0,-0.15000000000000213,25.15,25.2,25.2,25.3,109.0,40.0,2937.0,33438.0,False,False
5880,2022-10-28 10:34:27.453488,0.0,-0.005928853754940788,0.0,-0.15000000000000213,25.15,25.2,25.2,25.3,113.0,40.0,2937.0,33438.0,False,False
5880,2022-10-28 10:34:33.835670,0.0,-0.005928853754940788,0.0,-0.15000000000000213,25.15,25.2,25.2,25.3,113.0,40.0,2939.0,33438.0,True,True
5880,2022-10-28 10:34:43.528991,0.0,-0.005928853754940788,0.0,-0.15000000000000213,25.15,25.2,25.2,25.3,113.0,40.0,2939.0,33438.0,False,False
5880,2022-10-28 10:34:43.532251,0.0,-0.005928853754940788,0.0,-0.15000000000000213,25.15,25.2,25.2,25.3,116.0,40.0,2939.0,33438.0,False,False
5880,2022-10-28 10:34:47.119569,0.0,-0.005928853754940788,0.0,-0.15000000000000213,25.15,25.2,25.2,25.3,116.0,42.0,2939.0,33438.0,False,False
5880,2022-10-28 10:34:53.915972,0.0,-0.005928853754940788,0.0,-0.15000000000000213,25.15,25.2,25.2,25.3,116.0,42.0,2942.0,33438.0,True,True
5880,2022-10-28 10:34:56.951062,0.0,-0.005928853754940788,0.0,-0.15000000000000213,25.15,25.2,25.2,25.3,116.0,48.0,2942.0,33438.0,False,False
5880,2022-10-28 10:35:04.086382,0.0,-0.003960396039603964,0.0,-0.10000000000000142,25.15,25.2,25.2,25.25,116.0,48.0,2942.0,6.0,True,True
5880,2022-10-28 10:35:14.280836,0.0,-0.003960396039603964,0.0,-0.10000000000000142,25.15,25.2,25.2,25.25,116.0,48.0,2942.0,6.0,True,True
5880,2022-10-28 10:35:15.064158,0.0,-0.003960396039603964,0.0,-0.10000000000000142,25.15,25.2,25.2,25.25,117.0,48.0,2942.0,6.0,False,False
5880,2022-10-28 10:35:24.290765,0.0,-0.003960396039603964,0.0,-0.10000000000000142,25.15,25.2,25.2,25.25,117.0,48.0,2952.0,6.0,True,True
5880,2022-10-28 10:35:33.640331,0.0,-0.003960396039603964,0.0,-0.10000000000000142,25.15,25.2,25.2,25.25,117.0,46.0,2952.0,6.0,False,False
5880,2022-10-28 10:35:34.310859,0.0,-0.003960396039603964,0.0,-0.10000000000000142,25.15,25.2,25.2,25.25,117.0,46.0,3249.0,56.0,True,True
5880,2022-10-28 10:35:36.468335,0.0,-0.003960396039603964,0.0,-0.10000000000000142,25.15,25.2,25.2,25.25,117.0,48.0,3249.0,56.0,False,False
5880,2022-10-28 10:35:38.106672,0.0,-0.003960396039603964,0.0,-0.10000000000000142,25.15,25.2,25.2,25.25,117.0,160.0,3249.0,56.0,False,False
5880,2022-10-28 10:35:42.294405,0.0,-0.003960396039603964,0.0,-0.10000000000000142,25.15,25.2,25.2,25.25,117.0,150.0,3249.0,56.0,False,False
5880,2022-10-28 10:35:45.415478,0.0,-0.003960396039603964,0.0,-0.10000000000000142,25.15,25.2,25.2,25.25,117.0,149.0,3249.0,56.0,False,False
5880,2022-10-28 10:35:50.341633,0.0,-0.003960396039603964,0.0,-0.10000000000000142,25.15,25.2,25.2,25.25,117.0,149.0,3249.0,56.0,False,False
5880,2022-10-28 10:35:54.374447,0.0,-0.003960396039603964,0.0,-0.10000000000000142,25.15,25.2,25.2,25.25,117.0,149.0,3249.0,56.0,True,True
5880,2022-10-28 10:36:11.698263,0.0,-0.003960396039603964,0.0,-0.10000000000000142,25.15,25.2,25.2,25.25,117.0,148.0,3249.0,56.0,False,False
5880,2022-10-28 10:36:14.470118,0.0,-0.003960396039603964,0.0,-0.10000000000000142,25.15,25.2,25.2,25.25,117.0,148.0,3399.0,56.0,True,True
5880,2022-10-28 10:36:22.123555,0.0,-0.003960396039603964,0.0,-0.10000000000000142,25.15,25.2,25.2,25.25,118.0,148.0,3399.0,56.0,False,False
5880,2022-10-28 10:36:22.268425,0.0,-0.003960396039603964,0.0,-0.10000000000000142,25.15,25.2,25.2,25.25,115.0,148.0,3399.0,56.0,False,False
5880,2022-10-28 10:36:22.273475,0.0,-0.003960396039603964,0.0,-0.10000000000000142,25.15,25.2,25.2,25.25,115.0,142.0,3399.0,56.0,False,False
5880,2022-10-28 10:36:22.495882,0.0,-0.003960396039603964,0.0,-0.10000000000000142,25.15,25.2,25.2,25.25,112.0,142.0,3399.0,56.0,False,False
5880,2022-10-28 10:36:22.929282,0.0,-0.003960396039603964,0.0,-0.10000000000000142,25.15,25.2,25.2,25.25,112.0,144.0,3399.0,56.0,False,False
5880,2022-10-28 10:36:25.614656,0.0,-0.003960396039603964,0.0,-0.10000000000000142,25.15,25.2,25.2,25.25,112.0,32.0,3399.0,56.0,False,False
5880,2022-10-28 10:36:34.310781,0.0,-0.003960396039603964,0.0,-0.10000000000000142,25.15,25.2,25.2,25.25,112.0,32.0,3399.0,56.0,False,False
5880,2022-10-28 10:36:41.574124,0.0,-0.003960396039603964,0.0,-0.10000000000000142,25.15,25.2,25.2,25.25,112.0,31.0,3399.0,56.0,False,False
5880,2022-10-28 10:36:44.550481,0.0,-0.003960396039603964,0.0,-0.10000000000000142,25.15,25.2,25.2,25.25,112.0,31.0,3449.0,56.0,True,True
5880,2022-10-28 10:36:44.889112,0.0,-0.003960396039603964,0.0,-0.10000000000000142,25.15,25.2,25.2,25.25,112.0,31.0,3449.0,56.0,False,False
5880,2022-10-28 10:36:44.897593,0.0,-0.003960396039603964,0.0,-0.10000000000000142,25.15,25.2,25.2,25.25,116.0,31.0,3449.0,56.0,False,False
5880,2022-10-28 10:36:52.431192,0.0,-0.003960396039603964,0.0,-0.10000000000000142,25.15,25.2,25.2,25.25,116.0,31.0,3449.0,56.0,False,False
5880,2022-10-28 10:36:58.864074,0.0,-0.003960396039603964,0.0,-0.10000000000000142,25.15,25.2,25.2,25.25,116.0,31.0,3449.0,56.0,False,False
5880,2022-10-28 10:37:02.169049,0.0,-0.003960396039603964,0.0,-0.10000000000000142,25.15,25.2,25.2,25.25,116.0,30.0,3449.0,56.0,False,False
5880,2022-10-28 10:37:02.199231,0.0,-0.003960396039603964,0.0,-0.10000000000000142,25.15,25.2,25.2,25.25,203.0,30.0,3449.0,56.0,False,False
5880,2022-10-28 10:37:03.853699,0.0,-0.003960396039603964,0.0,-0.10000000000000142,25.15,25.2,25.2,25.25,203.0,30.0,4443.0,51.0,False,True
5880,2022-10-28 10:37:06.730944,0.0,-0.003960396039603964,0.0,-0.10000000000000142,25.15,25.2,25.2,25.25,190.0,30.0,4443.0,51.0,False,False
5880,2022-10-28 10:37:06.768098,0.0,-0.003960396039603964,0.0,-0.10000000000000142,25.15,25.2,25.2,25.25,103.0,30.0,4443.0,51.0,False,False
5880,2022-10-28 10:37:13.883427,0.0,-0.003960396039603964,0.0,-0.10000000000000142,25.15,25.2,25.2,25.25,103.0,30.0,3444.0,51.0,True,True
5880,2022-10-28 10:37:23.975019,0.0,-0.003960396039603964,0.0,-0.10000000000000142,25.15,25.2,25.2,25.25,103.0,30.0,3454.0,51.0,True,True
5880,2022-10-28 10:37:24.474579,0.0,-0.003960396039603964,0.0,-0.10000000000000142,25.15,25.2,25.2,25.25,190.0,30.0,3454.0,51.0,False,False
5880,2022-10-28 10:37:26.140430,0.0,-0.003960396039603964,0.0,-0.10000000000000142,25.15,25.2,25.2,25.25,194.0,30.0,3454.0,51.0,False,False
5880,2022-10-28 10:37:27.092994,0.0,-0.003960396039603964,0.0,-0.10000000000000142,25.15,25.2,25.2,25.25,194.0,38.0,3454.0,51.0,False,False
5880,2022-10-28 10:37:27.848026,0.0,-0.003960396039603964,0.0,-0.10000000000000142,25.15,25.2,25.2,25.25,194.0,43.0,3454.0,51.0,False,False
5880,2022-10-28 10:37:32.149093,0.0,-0.003960396039603964,0.0,-0.10000000000000142,25.15,25.2,25.2,25.25,194.0,43.0,3454.0,51.0,False,False
5880,2022-10-28 10:37:34.445462,0.0,-0.003960396039603964,0.0,-0.10000000000000142,25.15,25.2,25.2,25.25,184.0,43.0,3454.0,51.0,False,False
5880,2022-10-28 10:37:46.887457,0.0,-0.003960396039603964,0.0,-0.10000000000000142,25.15,25.2,25.2,25.25,184.0,45.0,3454.0,51.0,False,False
5880,2022-10-28 10:37:51.862661,0.0,-0.003960396039603964,0.0,-0.10000000000000142,25.15,25.2,25.2,25.25,184.0,45.0,3454.0,51.0,False,False
5880,2022-10-28 10:37:53.591542,0.0,-0.003960396039603964,0.0,-0.10000000000000142,25.15,25.2,25.2,25.25,189.0,45.0,3454.0,51.0,False,False
5880,2022-10-28 10:37:55.538045,0.0,-0.003960396039603964,0.0,-0.10000000000000142,25.15,25.2,25.2,25.25,189.0,46.0,3454.0,51.0,False,False
5880,2022-10-28 10:38:02.839148,0.0,-0.003960396039603964,0.0,-0.10000000000000142,25.15,25.2,25.2,25.25,189.0,46.0,3454.0,51.0,False,False
5880,2022-10-28 10:38:04.492401,0.0,-0.003960396039603964,0.0,-0.10000000000000142,25.15,25.2,25.2,25.25,189.0,46.0,3454.0,51.0,False,False
5880,2022-10-28 10:38:05.811511,0.0,-0.003960396039603964,0.0,-0.10000000000000142,25.15,25.2,25.2,25.25,190.0,46.0,3454.0,51.0,False,False
5880,2022-10-28 10:38:14.134705,0.0,-0.003960396039603964,0.0,-0.10000000000000142,25.15,25.2,25.2,25.25,190.0,46.0,3454.0,51.0,True,True
5880,2022-10-28 10:38:26.328739,0.0,-0.003960396039603964,0.0,-0.10000000000000142,25.15,25.2,25.2,25.25,190.0,56.0,3454.0,51.0,False,False
5880,2022-10-28 10:38:27.003047,0.0,-0.003960396039603964,0.0,-0.10000000000000142,25.15,25.2,25.2,25.25,190.0,60.0,3454.0,51.0,False,False
5880,2022-10-28 10:38:30.866056,0.0,-0.003960396039603964,0.0,-0.10000000000000142,25.15,25.2,25.2,25.25,190.0,60.0,3454.0,51.0,False,False
5880,2022-10-28 10:38:34.165999,0.0,-0.003960396039603964,0.0,-0.10000000000000142,25.15,25.2,25.2,25.25,190.0,61.0,3454.0,51.0,False,False
5880,2022-10-28 10:38:34.194957,0.0,-0.003960396039603964,0.0,-0.10000000000000142,25.15,25.2,25.2,25.25,190.0,61.0,3504.0,555.0,True,True
5880,2022-10-28 10:38:39.973057,0.0,-0.003960396039603964,0.0,-0.10000000000000142,25.15,25.2,25.2,25.25,190.0,60.0,3504.0,555.0,False,False
5880,2022-10-28 10:38:54.554941,0.0,-0.003960396039603964,0.0,-0.10000000000000142,25.15,25.2,25.2,25.25,190.0,61.0,3504.0,555.0,False,False
5880,2022-10-28 10:39:00.118440,0.0,-0.003960396039603964,0.0,-0.10000000000000142,25.15,25.2,25.2,25.25,190.0,111.0,3504.0,555.0,False,False
5880,2022-10-28 10:39:03.390990,0.0,-0.003960396039603964,0.0,-0.10000000000000142,25.15,25.2,25.2,25.25,189.0,111.0,3504.0,555.0,False,False
5880,2022-10-28 10:39:03.428804,0.0,-0.003960396039603964,0.0,-0.10000000000000142,25.15,25.2,25.2,25.25,102.0,111.0,3504.0,555.0,False,False
5880,2022-10-28 10:39:14.322612,0.0,-0.003960396039603964,0.0,-0.10000000000000142,25.15,25.2,25.2,25.25,102.0,111.0,3506.0,555.0,True,True
5880,2022-10-28 10:39:15.331648,0.0,-0.003960396039603964,0.0,-0.10000000000000142,25.15,25.2,25.2,25.25,102.0,111.0,3506.0,555.0,False,False
5880,2022-10-28 10:39:16.842661,0.0,-0.003960396039603964,0.0,-0.10000000000000142,25.15,25.2,25.2,25.25,102.0,113.0,3506.0,555.0,False,False
5880,2022-10-28 10:39:27.818601,0.0,-0.003960396039603964,0.0,-0.10000000000000142,25.15,25.2,25.2,25.25,102.0,129.0,3506.0,555.0,False,False
5880,2022-10-28 10:39:39.582191,0.0,-0.003960396039603964,0.0,-0.10000000000000142,25.15,25.2,25.2,25.25,102.0,130.0,3506.0,555.0,False,False
5880,2022-10-28 10:39:44.796088,0.0,-0.003960396039603964,0.0,-0.10000000000000142,25.15,25.2,25.2,25.25,102.0,132.0,3506.0,555.0,False,False
5880,2022-10-28 10:39:48.879433,0.0,-0.003960396039603964,0.0,-0.10000000000000142,25.15,25.2,25.2,25.25,98.0,132.0,3506.0,555.0,False,False
5880,2022-10-28 10:39:48.917637,0.0,-0.003960396039603964,0.0,-0.10000000000000142,25.15,25.2,25.2,25.25,98.0,132.0,3506.0,555.0,False,False
5880,2022-10-28 10:39:53.167392,0.0,-0.003960396039603964,0.0,-0.10000000000000142,25.15,25.2,25.2,25.25,98.0,82.0,3506.0,555.0,False,False
5880,2022-10-28 10:39:54.443232,0.0,-0.003960396039603964,0.0,-0.10000000000000142,25.15,25.2,25.2,25.25,98.0,82.0,3803.0,555.0,True,True
5880,2022-10-28 10:39:59.995231,0.0,-0.003960396039603964,0.0,-0.10000000000000142,25.15,25.2,25.2,25.25,98.0,83.0,3803.0,555.0,False,False
5880,2022-10-28 10:40:03.953436,0.0,-0.003960396039603964,0.0,-0.10000000000000142,25.15,25.2,25.2,25.25,98.0,83.0,4493.0,347.0,False,True
5880,2022-10-28 10:40:04.227342,0.0,-0.003960396039603964,0.0,-0.10000000000000142,25.15,25.2,25.2,25.25,98.0,83.0,4493.0,347.0,False,False
5880,2022-10-28 10:40:09.762119,0.0,-0.003960396039603964,0.0,-0.10000000000000142,25.15,25.2,25.2,25.25,98.0,79.0,4493.0,347.0,False,False
5880,2022-10-28 10:40:09.796127,0.0,-0.003960396039603964,0.0,-0.10000000000000142,25.15,25.2,25.2,25.25,181.0,79.0,4493.0,347.0,False,False
5880,2022-10-28 10:40:11.162643,0.0,-0.003960396039603964,0.0,-0.10000000000000142,25.15,25.2,25.2,25.25,131.0,79.0,4493.0,347.0,False,False
5880,2022-10-28 10:40:11.203486,0.0,-0.003960396039603964,0.0,-0.10000000000000142,25.15,25.2,25.2,25.25,48.0,79.0,4493.0,347.0,False,False
5880,2022-10-28 10:40:12.615701,0.0,-0.003960396039603964,0.0,-0.10000000000000142,25.15,25.2,25.2,25.25,44.0,79.0,4493.0,347.0,False,False
5880,2022-10-28 10:40:14.034835,0.0,-0.003960396039603964,0.0,-0.10000000000000142,25.15,25.2,25.2,25.25,44.0,79.0,3494.0,347.0,True,True
5880,2022-10-28 10:40:42.990284,0.0,-0.003960396039603964,0.0,-0.10000000000000142,25.15,25.2,25.2,25.25,44.0,81.0,3494.0,347.0,False,False
5880,2022-10-28 10:40:44.213639,0.0,-0.003960396039603964,0.0,-0.10000000000000142,25.15,25.2,25.2,25.25,44.0,81.0,3494.0,347.0,True,True
5880,2022-10-28 10:40:49.823224,0.0,-0.003960396039603964,0.0,-0.10000000000000142,25.15,25.2,25.2,25.25,47.0,81.0,3494.0,347.0,False,False
5880,2022-10-28 10:40:56.546015,0.0,-0.003960396039603964,0.0,-0.10000000000000142,25.15,25.2,25.2,25.25,47.0,82.0,3494.0,347.0,False,False
5880,2022-10-28 10:41:00.392012,0.0,-0.003960396039603964,0.0,-0.10000000000000142,25.15,25.2,25.2,25.25,47.0,82.0,3494.0,347.0,False,False
5880,2022-10-28 10:41:04.301769,0.0,-0.003960396039603964,0.0,-0.10000000000000142,25.15,25.2,25.2,25.25,47.0,82.0,3594.0,1247.0,True,True
5880,2022-10-28 10:41:11.118179,0.0,-0.003960396039603964,0.0,-0.10000000000000142,25.15,25.2,25.2,25.25,47.0,82.0,3594.0,1247.0,False,False
5880,2022-10-28 10:41:11.995238,0.0,-0.003960396039603964,0.0,-0.10000000000000142,25.15,25.2,25.2,25.25,47.0,82.0,3594.0,1247.0,False,False
5880,2022-10-28 10:41:14.354039,0.0,-0.003960396039603964,0.0,-0.10000000000000142,25.15,25.2,25.2,25.25,47.0,82.0,3594.0,1297.0,True,True
5880,2022-10-28 10:41:18.336164,0.0,-0.003960396039603964,0.0,-0.10000000000000142,25.15,25.2,25.2,25.25,47.0,82.0,3594.0,1297.0,False,False
5880,2022-10-28 10:41:23.000255,0.0,-0.003960396039603964,0.0,-0.10000000000000142,25.15,25.2,25.2,25.25,46.0,82.0,3594.0,1297.0,False,False
5880,2022-10-28 10:41:24.499261,0.0,-0.003960396039603964,0.0,-0.10000000000000142,25.15,25.2,25.2,25.25,46.0,82.0,3594.0,1297.0,False,False
5880,2022-10-28 10:41:26.207001,0.0,-0.003960396039603964,0.0,-0.10000000000000142,25.15,25.2,25.2,25.25,46.0,82.0,3594.0,1297.0,False,False
5880,2022-10-28 10:41:34.433977,0.0,-0.003960396039603964,0.0,-0.10000000000000142,25.15,25.2,25.2,25.25,46.0,82.0,3594.0,1297.0,True,True
5880,2022-10-28 10:41:38.103225,0.0,-0.003960396039603964,0.0,-0.10000000000000142,25.15,25.2,25.2,25.25,46.0,82.0,3594.0,1297.0,False,False
5880,2022-10-28 10:41:39.835929,0.0,-0.003960396039603964,0.0,-0.10000000000000142,25.15,25.2,25.2,25.25,46.0,82.0,3594.0,1297.0,False,False
5880,2022-10-28 10:41:43.196812,0.0,-0.003960396039603964,0.0,-0.10000000000000142,25.15,25.2,25.2,25.25,46.0,86.0,3594.0,1297.0,False,False
5880,2022-10-28 10:41:47.246892,0.0,-0.003960396039603964,0.0,-0.10000000000000142,25.15,25.2,25.2,25.25,46.0,87.0,3594.0,1297.0,False,False
5880,2022-10-28 10:41:54.525740,0.0,-0.003960396039603964,0.0,-0.10000000000000142,25.15,25.2,25.2,25.25,46.0,87.0,3563.0,1297.0,True,True
5880,2022-10-28 10:41:55.442924,0.0,-0.003960396039603964,0.0,-0.10000000000000142,25.15,25.2,25.2,25.25,41.0,87.0,3563.0,1297.0,False,False
5880,2022-10-28 10:42:04.581311,0.0,-0.003960396039603964,0.0,-0.10000000000000142,25.15,25.2,25.2,25.25,41.0,87.0,3433.0,1297.0,True,True
5880,2022-10-28 10:42:07.533618,0.0,-0.003960396039603964,0.0,-0.10000000000000142,25.15,25.2,25.2,25.25,41.0,87.0,3433.0,1297.0,False,False
5880,2022-10-28 10:42:08.205630,0.0,-0.003960396039603964,0.0,-0.10000000000000142,25.15,25.2,25.2,25.25,42.0,87.0,3433.0,1297.0,False,False
5880,2022-10-28 10:42:14.539285,0.0,-0.003960396039603964,0.0,-0.10000000000000142,25.15,25.2,25.2,25.25,42.0,88.0,3433.0,1297.0,False,False
5880,2022-10-28 10:42:19.218903,0.0,-0.003960396039603964,0.0,-0.10000000000000142,25.15,25.2,25.2,25.25,42.0,88.0,3433.0,1297.0,False,False
5880,2022-10-28 10:42:23.561345,0.0,-0.003960396039603964,0.0,-0.10000000000000142,25.15,25.2,25.2,25.25,42.0,92.0,3433.0,1297.0,False,False
5880,2022-10-28 10:42:30.083535,0.0,-0.003960396039603964,0.0,-0.10000000000000142,25.15,25.2,25.2,25.25,42.0,88.0,3433.0,1297.0,False,False
5880,2022-10-28 10:42:31.051947,0.0,-0.003960396039603964,0.0,-0.10000000000000142,25.15,25.2,25.2,25.25,42.0,90.0,3433.0,1297.0,False,False
5880,2022-10-28 10:42:32.978409,0.0,-0.003960396039603964,0.0,-0.10000000000000142,25.15,25.2,25.2,25.25,42.0,90.0,3433.0,1297.0,False,False
5880,2022-10-28 10:42:34.704890,0.0,-0.003960396039603964,0.0,-0.10000000000000142,25.15,25.2,25.2,25.25,42.0,90.0,3533.0,2197.0,True,True
5880,2022-10-28 10:42:44.751230,0.0,-0.003960396039603964,0.0,-0.10000000000000142,25.15,25.2,25.2,25.25,42.0,90.0,3533.0,2697.0,True,True
5880,2022-10-28 10:42:46.607487,0.0,-0.003960396039603964,0.0,-0.10000000000000142,25.15,25.2,25.2,25.25,42.0,90.0,3533.0,2697.0,False,False
5880,2022-10-28 10:43:04.049795,0.0,-0.003960396039603964,0.0,-0.10000000000000142,25.15,25.2,25.2,25.25,42.0,90.0,4093.0,2258.0,False,True
5880,2022-10-28 10:43:08.481711,0.0,-0.003960396039603964,0.0,-0.10000000000000142,25.15,25.2,25.2,25.25,42.0,95.0,4093.0,2258.0,False,False
5880,2022-10-28 10:43:14.092574,0.0,-0.003960396039603964,0.0,-0.10000000000000142,25.15,25.2,25.2,25.25,42.0,95.0,3094.0,2258.0,True,True
5880,2022-10-28 10:43:18.752564,0.0,-0.003960396039603964,0.0,-0.10000000000000142,25.15,25.2,25.2,25.25,44.0,95.0,3094.0,2258.0,False,False
5880,2022-10-28 10:43:19.251444,0.0,-0.003960396039603964,0.0,-0.10000000000000142,25.15,25.2,25.2,25.25,44.0,96.0,3094.0,2258.0,False,False
5880,2022-10-28 10:43:22.285023,0.0,-0.003960396039603964,0.0,-0.10000000000000142,25.15,25.2,25.2,25.25,44.0,96.0,3094.0,2258.0,False,False
5880,2022-10-28 10:43:22.891904,0.0,-0.003960396039603964,0.0,-0.10000000000000142,25.15,25.2,25.2,25.25,44.0,98.0,3094.0,2258.0,False,False
5880,2022-10-28 10:43:23.756837,0.0,-0.003960396039603964,0.0,-0.10000000000000142,25.15,25.2,25.2,25.25,45.0,98.0,3094.0,2258.0,False,False
5880,2022-10-28 10:43:24.142560,0.0,-0.003960396039603964,0.0,-0.10000000000000142,25.15,25.2,25.2,25.25,45.0,98.0,3096.0,2458.0,True,True
5880,2022-10-28 10:43:44.226909,0.0,-0.003960396039603964,0.0,-0.10000000000000142,25.15,25.2,25.2,25.25,45.0,98.0,3096.0,2518.0,True,True
5880,2022-10-28 10:43:57.104990,0.0,-0.003960396039603964,0.0,-0.10000000000000142,25.15,25.2,25.2,25.25,45.0,97.0,3096.0,2518.0,False,False
5880,2022-10-28 10:44:04.333788,0.0,-0.003960396039603964,0.0,-0.10000000000000142,25.15,25.2,25.2,25.25,45.0,97.0,3096.0,2518.0,True,True
5880,2022-10-28 10:44:05.460101,0.0,-0.003960396039603964,0.0,-0.10000000000000142,25.15,25.2,25.2,25.25,45.0,97.0,3096.0,2518.0,False,False
5880,2022-10-28 10:44:09.367020,0.0,-0.003960396039603964,0.0,-0.10000000000000142,25.15,25.2,25.2,25.25,45.0,97.0,3096.0,2518.0,False,False
5880,2022-10-28 10:44:15.178352,0.0,-0.003960396039603964,0.0,-0.10000000000000142,25.15,25.2,25.2,25.25,38.0,97.0,3096.0,2518.0,False,False
5880,2022-10-28 10:44:18.813334,0.0,-0.003960396039603964,0.0,-0.10000000000000142,25.15,25.2,25.2,25.25,38.0,92.0,3096.0,2518.0,False,False
5880,2022-10-28 10:44:23.764502,0.0,-0.003960396039603964,0.0,-0.10000000000000142,25.15,25.2,25.2,25.25,38.0,92.0,3096.0,2518.0,False,False
5880,2022-10-28 10:44:28.110950,0.0,-0.003960396039603964,0.0,-0.10000000000000142,25.15,25.2,25.2,25.25,38.0,95.0,3096.0,2518.0,False,False
5880,2022-10-28 10:44:31.412981,0.0,-0.003960396039603964,0.0,-0.10000000000000142,25.15,25.2,25.2,25.25,36.0,95.0,3096.0,2518.0,False,False
5880,2022-10-28 10:44:31.446149,0.0,-0.003960396039603964,0.0,-0.10000000000000142,25.15,25.2,25.2,25.25,35.0,95.0,3096.0,2518.0,False,False
5880,2022-10-28 10:44:33.361395,0.0,-0.003960396039603964,0.0,-0.10000000000000142,25.15,25.2,25.2,25.25,35.0,96.0,3096.0,2518.0,False,False
5880,2022-10-28 10:44:44.491337,0.0,-0.003960396039603964,0.0,-0.10000000000000142,25.15,25.2,25.2,25.25,35.0,96.0,3086.0,2518.0,True,True
5880,2022-10-28 10:44:49.045211,0.0,-0.003960396039603964,0.0,-0.10000000000000142,25.15,25.2,25.2,25.25,35.0,92.0,3086.0,2518.0,False,False
5880,2022-10-28 10:44:56.101711,0.0,-0.003960396039603964,0.0,-0.10000000000000142,25.15,25.2,25.2,25.25,35.0,92.0,3086.0,2518.0,False,False
5880,2022-10-28 10:45:00.333572,0.0,-0.003960396039603964,0.0,-0.10000000000000142,25.15,25.2,25.2,25.25,35.0,92.0,3086.0,2518.0,False,False
5880,2022-10-28 10:45:00.674362,0.0,-0.003960396039603964,0.0,-0.10000000000000142,25.15,25.2,25.2,25.25,35.0,91.0,3086.0,2518.0,False,False
5880,2022-10-28 10:45:04.351285,0.0,-0.003960396039603964,0.0,-0.10000000000000142,25.15,25.2,25.2,25.25,35.0,91.0,3086.0,2518.0,False,False
5880,2022-10-28 10:45:04.914099,0.0,-0.003960396039603964,0.0,-0.10000000000000142,25.15,25.2,25.2,25.25,35.0,90.0,3086.0,2518.0,False,False
5880,2022-10-28 10:45:07.009180,0.0,-0.003960396039603964,0.0,-0.10000000000000142,25.15,25.2,25.2,25.25,33.0,90.0,3086.0,2518.0,False,False
5880,2022-10-28 10:46:01.129083,0.0,-0.003960396039603964,0.0,-0.10000000000000142,25.15,25.2,25.2,25.25,32.0,90.0,3086.0,2518.0,False,False
5880,2022-10-28 10:46:04.234901,0.0,-0.003960396039603964,0.0,-0.10000000000000142,25.15,25.2,25.2,25.25,32.0,90.0,4085.0,2518.0,False,True
5880,2022-10-28 10:46:14.273394,0.0,-0.003960396039603964,0.0,-0.10000000000000142,25.15,25.2,25.2,25.25,32.0,90.0,3086.0,2518.0,True,True
5880,2022-10-28 10:46:24.304128,0.0,-0.003960396039603964,0.0,-0.10000000000000142,25.15,25.2,25.2,25.25,32.0,90.0,3096.0,2518.0,True,True
5880,2022-10-28 10:46:26.055883,0.0,-0.003960396039603964,0.0,-0.10000000000000142,25.15,25.2,25.2,25.25,32.0,90.0,3096.0,2518.0,False,False
5880,2022-10-28 10:46:46.063354,0.0,-0.003960396039603964,0.0,-0.10000000000000142,25.15,25.2,25.2,25.25,32.0,91.0,3096.0,2518.0,False,False
5880,2022-10-28 10:46:59.617545,0.0,-0.003960396039603964,0.0,-0.10000000000000142,25.15,25.2,25.2,25.25,31.0,90.0,3096.0,2518.0,False,False
5880,2022-10-28 10:47:04.120725,0.0,-0.003960396039603964,0.0,-0.10000000000000142,25.15,25.2,25.2,25.25,31.0,90.0,3096.0,2518.0,False,False
5880,2022-10-28 10:47:04.908519,0.0,-0.003960396039603964,0.0,-0.10000000000000142,25.15,25.2,25.2,25.25,31.0,93.0,3096.0,2518.0,False,False
5880,2022-10-28 10:47:10.451843,0.0,-0.003960396039603964,0.0,-0.10000000000000142,25.15,25.2,25.2,25.25,31.0,89.0,3096.0,2518.0,False,False
5880,2022-10-28 10:47:27.030042,0.0,-0.003960396039603964,0.0,-0.10000000000000142,25.15,25.2,25.2,25.25,31.0,94.0,3096.0,2518.0,False,False
5880,2022-10-28 10:47:42.888982,0.0,-0.003960396039603964,0.0,-0.10000000000000142,25.15,25.2,25.2,25.25,31.0,91.0,3096.0,2518.0,False,False
5880,2022-10-28 10:47:42.930725,0.0,-0.003960396039603964,0.0,-0.10000000000000142,25.15,25.2,25.2,25.25,31.0,95.0,3096.0,2518.0,False,False
5880,2022-10-28 10:47:44.625465,0.0,-0.003960396039603964,0.0,-0.10000000000000142,25.15,25.2,25.2,25.25,31.0,95.0,3098.0,2518.0,True,True
5880,2022-10-28 10:47:53.281561,0.0,-0.003960396039603964,0.0,-0.10000000000000142,25.15,25.2,25.2,25.25,28.0,95.0,3098.0,2518.0,False,False
5880,2022-10-28 10:47:53.316815,0.0,-0.003960396039603964,0.0,-0.10000000000000142,25.15,25.2,25.2,25.25,28.0,95.0,3098.0,2518.0,False,False
5880,2022-10-28 10:47:53.344167,0.0,-0.005940594059405835,0.0,-0.14999999999999858,25.1,25.2,25.2,25.25,140.0,95.0,3098.0,2518.0,False,False
5880,2022-10-28 10:47:53.374842,0.0,-0.005940594059405835,0.0,-0.14999999999999858,25.1,25.2,25.2,25.25,140.0,111.0,3098.0,2518.0,False,False
5880,2022-10-28 10:47:54.465366,0.0,-0.005940594059405835,0.0,-0.14999999999999858,25.1,25.2,25.2,25.25,136.0,111.0,3098.0,2518.0,False,False
5880,2022-10-28 10:47:54.468212,0.0,-0.005940594059405835,0.0,-0.14999999999999858,25.1,25.2,25.2,25.25,136.0,111.0,3098.0,2518.0,False,False
5880,2022-10-28 10:47:54.657675,0.0,-0.005940594059405835,0.0,-0.14999999999999858,25.1,25.2,25.2,25.25,136.0,111.0,3098.0,2518.0,True,True
5880,2022-10-28 10:47:56.198744,0.0,-0.005940594059405835,0.0,-0.14999999999999858,25.1,25.2,25.2,25.25,136.0,121.0,3098.0,2518.0,False,False
5880,2022-10-28 10:47:59.971274,0.001988071570576677,-0.005940594059405835,0.05000000000000071,-0.14999999999999858,25.1,25.15,25.2,25.25,136.0,1.0,3098.0,2518.0,False,False
5880,2022-10-28 10:48:00.023819,0.001988071570576677,-0.005940594059405835,0.05000000000000071,-0.14999999999999858,25.1,25.15,25.2,25.25,136.0,22.0,3098.0,2518.0,False,False
5880,2022-10-28 10:48:00.180147,0.001988071570576677,-0.005940594059405835,0.05000000000000071,-0.14999999999999858,25.1,25.15,25.2,25.25,136.0,44.0,3098.0,2518.0,False,False
5880,2022-10-28 10:48:00.259361,0.001988071570576677,-0.005940594059405835,0.05000000000000071,-0.14999999999999858,25.1,25.15,25.2,25.25,136.0,48.0,3098.0,2518.0,False,False
5880,2022-10-28 10:48:04.693258,0.001988071570576677,-0.005940594059405835,0.05000000000000071,-0.14999999999999858,25.1,25.15,25.2,25.25,136.0,48.0,2099.0,33487.0,True,True
5880,2022-10-28 10:48:06.136012,0.001988071570576677,-0.005940594059405835,0.05000000000000071,-0.14999999999999858,25.1,25.15,25.2,25.25,136.0,48.0,2099.0,33487.0,False,False
5880,2022-10-28 10:48:13.095437,0.001988071570576677,-0.005940594059405835,0.05000000000000071,-0.14999999999999858,25.1,25.15,25.2,25.25,136.0,48.0,2099.0,33487.0,False,False
5880,2022-10-28 10:48:22.869883,0.001988071570576677,-0.005940594059405835,0.05000000000000071,-0.14999999999999858,25.1,25.15,25.2,25.25,136.0,48.0,2099.0,33487.0,False,False
5880,2022-10-28 10:48:22.871152,0.001988071570576677,-0.005940594059405835,0.05000000000000071,-0.14999999999999858,25.1,25.15,25.2,25.25,136.0,48.0,2099.0,33487.0,False,False
5880,2022-10-28 10:48:24.771538,0.001988071570576677,-0.005940594059405835,0.05000000000000071,-0.14999999999999858,25.1,25.15,25.2,25.25,136.0,48.0,2099.0,33487.0,True,True
5880,2022-10-28 10:48:25.338328,0.001988071570576677,-0.005940594059405835,0.05000000000000071,-0.14999999999999858,25.1,25.15,25.2,25.25,136.0,48.0,2099.0,33487.0,False,False
5880,2022-10-28 10:48:26.475490,0.001988071570576677,-0.005940594059405835,0.05000000000000071,-0.14999999999999858,25.1,25.15,25.2,25.25,134.0,48.0,2099.0,33487.0,False,False
5880,2022-10-28 10:48:28.437832,0.001988071570576677,-0.005940594059405835,0.05000000000000071,-0.14999999999999858,25.1,25.15,25.2,25.25,184.0,48.0,2099.0,33487.0,False,False
5880,2022-10-28 10:48:28.468343,0.001988071570576677,-0.005940594059405835,0.05000000000000071,-0.14999999999999858,25.1,25.15,25.2,25.25,184.0,48.0,2099.0,33487.0,False,False
5880,2022-10-28 10:48:32.475174,0.001988071570576677,-0.005940594059405835,0.05000000000000071,-0.14999999999999858,25.1,25.15,25.2,25.25,184.0,48.0,2099.0,33487.0,False,False
5880,2022-10-28 10:48:32.511616,0.001988071570576677,-0.005940594059405835,0.05000000000000071,-0.14999999999999858,25.1,25.15,25.2,25.25,184.0,59.0,2099.0,33487.0,False,False
5880,2022-10-28 10:48:35.499852,0.001988071570576677,-0.005940594059405835,0.05000000000000071,-0.14999999999999858,25.1,25.15,25.2,25.25,184.0,58.0,2099.0,33487.0,False,False
5880,2022-10-28 10:48:40.649281,0.001988071570576677,-0.005940594059405835,0.05000000000000071,-0.14999999999999858,25.1,25.15,25.2,25.25,184.0,58.0,2099.0,33487.0,False,False
5880,2022-10-28 10:49:01.355950,0.001988071570576677,-0.005940594059405835,0.05000000000000071,-0.14999999999999858,25.1,25.15,25.2,25.25,184.0,59.0,2099.0,33487.0,False,False
5880,2022-10-28 10:49:04.320911,0.001988071570576677,-0.005940594059405835,0.05000000000000071,-0.14999999999999858,25.1,25.15,25.2,25.25,184.0,59.0,4085.0,33478.0,False,True
5880,2022-10-28 10:49:11.812762,0.001988071570576677,-0.005940594059405835,0.05000000000000071,-0.14999999999999858,25.1,25.15,25.2,25.25,184.0,60.0,4085.0,33478.0,False,False
5880,2022-10-28 10:49:14.367431,0.001988071570576677,-0.005940594059405835,0.05000000000000071,-0.14999999999999858,25.1,25.15,25.2,25.25,184.0,60.0,3086.0,32978.0,True,True
5880,2022-10-28 10:49:16.051976,0.001988071570576677,-0.005940594059405835,0.05000000000000071,-0.14999999999999858,25.1,25.15,25.2,25.25,188.0,60.0,3086.0,32978.0,False,False
5880,2022-10-28 10:49:24.920698,0.001988071570576677,-0.005940594059405835,0.05000000000000071,-0.14999999999999858,25.1,25.15,25.2,25.25,191.0,60.0,3086.0,32978.0,False,False
5880,2022-10-28 10:49:31.698040,0.001988071570576677,-0.005940594059405835,0.05000000000000071,-0.14999999999999858,25.1,25.15,25.2,25.25,191.0,60.0,3086.0,32978.0,False,False
5880,2022-10-28 10:49:40.262020,0.001988071570576677,-0.005940594059405835,0.05000000000000071,-0.14999999999999858,25.1,25.15,25.2,25.25,191.0,60.0,3086.0,32978.0,False,False
5880,2022-10-28 10:49:51.300777,0.001988071570576677,-0.005940594059405835,0.05000000000000071,-0.14999999999999858,25.1,25.15,25.2,25.25,192.0,60.0,3086.0,32978.0,False,False
5880,2022-10-28 10:49:54.509409,0.001988071570576677,-0.005940594059405835,0.05000000000000071,-0.14999999999999858,25.1,25.15,25.2,25.25,192.0,60.0,2583.0,32978.0,True,True
5880,2022-10-28 10:50:09.160578,0.001988071570576677,-0.005940594059405835,0.05000000000000071,-0.14999999999999858,25.1,25.15,25.2,25.25,192.0,63.0,2583.0,32978.0,False,False
5880,2022-10-28 10:50:10.053425,0.001988071570576677,-0.005940594059405835,0.05000000000000071,-0.14999999999999858,25.1,25.15,25.2,25.25,192.0,63.0,2583.0,32978.0,False,False
5880,2022-10-28 10:50:14.699307,0.001988071570576677,-0.005940594059405835,0.05000000000000071,-0.14999999999999858,25.1,25.15,25.2,25.25,192.0,63.0,2658.0,32978.0,True,True
5880,2022-10-28 10:50:19.204223,0.001988071570576677,-0.005940594059405835,0.05000000000000071,-0.14999999999999858,25.1,25.15,25.2,25.25,192.0,63.0,2658.0,32978.0,False,False
5880,2022-10-28 10:50:20.483910,0.001988071570576677,-0.005940594059405835,0.05000000000000071,-0.14999999999999858,25.1,25.15,25.2,25.25,192.0,64.0,2658.0,32978.0,False,False
5880,2022-10-28 10:50:40.744239,0.001988071570576677,-0.005940594059405835,0.05000000000000071,-0.14999999999999858,25.1,25.15,25.2,25.25,193.0,64.0,2658.0,32978.0,False,False
5880,2022-10-28 10:50:50.810041,0.001988071570576677,-0.005940594059405835,0.05000000000000071,-0.14999999999999858,25.1,25.15,25.2,25.25,193.0,68.0,2658.0,32978.0,False,False
5880,2022-10-28 10:50:54.922696,0.001988071570576677,-0.005940594059405835,0.05000000000000071,-0.14999999999999858,25.1,25.15,25.2,25.25,193.0,68.0,2668.0,32978.0,True,True
5880,2022-10-28 10:51:01.003074,0.001988071570576677,-0.005940594059405835,0.05000000000000071,-0.14999999999999858,25.1,25.15,25.2,25.25,193.0,71.0,2668.0,32978.0,False,False
5880,2022-10-28 10:51:04.910752,0.001988071570576677,-0.005940594059405835,0.05000000000000071,-0.14999999999999858,25.1,25.15,25.2,25.25,193.0,71.0,2668.0,32978.0,False,False
5880,2022-10-28 10:51:04.963374,0.001988071570576677,-0.005940594059405835,0.05000000000000071,-0.14999999999999858,25.1,25.15,25.2,25.25,193.0,71.0,2868.0,32978.0,True,True
5880,2022-10-28 10:51:28.975624,0.001988071570576677,-0.005940594059405835,0.05000000000000071,-0.14999999999999858,25.1,25.15,25.2,25.25,197.0,71.0,2868.0,32978.0,False,False
5880,2022-10-28 10:51:34.415696,0.001988071570576677,-0.005940594059405835,0.05000000000000071,-0.14999999999999858,25.1,25.15,25.2,25.25,197.0,71.0,2868.0,32978.0,False,False
5880,2022-10-28 10:51:34.947128,0.001988071570576677,-0.005940594059405835,0.05000000000000071,-0.14999999999999858,25.1,25.15,25.2,25.25,197.0,71.0,2868.0,32978.0,False,False
5880,2022-10-28 10:51:35.120148,0.001988071570576677,-0.005940594059405835,0.05000000000000071,-0.14999999999999858,25.1,25.15,25.2,25.25,197.0,71.0,2868.0,32978.0,True,True
5880,2022-10-28 10:51:55.195510,0.001988071570576677,-0.005940594059405835,0.05000000000000071,-0.14999999999999858,25.1,25.15,25.2,25.25,197.0,71.0,2970.0,32978.0,True,True
5880,2022-10-28 10:52:03.719002,0.001988071570576677,-0.005940594059405835,0.05000000000000071,-0.14999999999999858,25.1,25.15,25.2,25.25,199.0,71.0,2970.0,32978.0,False,False
5880,2022-10-28 10:52:04.438864,0.001988071570576677,-0.005940594059405835,0.05000000000000071,-0.14999999999999858,25.1,25.15,25.2,25.25,199.0,71.0,3969.0,32978.0,False,True
5880,2022-10-28 10:52:04.471675,0.001988071570576677,-0.005940594059405835,0.05000000000000071,-0.14999999999999858,25.1,25.15,25.2,25.25,283.0,71.0,3969.0,32978.0,False,False
5880,2022-10-28 10:52:04.477597,0.001988071570576677,-0.005940594059405835,0.05000000000000071,-0.14999999999999858,25.1,25.15,25.2,25.25,260.0,71.0,3969.0,32978.0,False,False
5880,2022-10-28 10:52:14.151857,0.001988071570576677,-0.005940594059405835,0.05000000000000071,-0.14999999999999858,25.1,25.15,25.2,25.25,260.0,71.0,3969.0,32978.0,False,False
5880,2022-10-28 10:52:14.503399,0.001988071570576677,-0.005940594059405835,0.05000000000000071,-0.14999999999999858,25.1,25.15,25.2,25.25,260.0,71.0,2970.0,32978.0,True,True
5880,2022-10-28 10:52:24.541506,0.001988071570576677,-0.005940594059405835,0.05000000000000071,-0.14999999999999858,25.1,25.15,25.2,25.25,260.0,71.0,2970.0,33153.0,True,True
5880,2022-10-28 10:52:26.842617,0.001988071570576677,-0.005940594059405835,0.05000000000000071,-0.14999999999999858,25.1,25.15,25.2,25.25,260.0,71.0,2970.0,33153.0,False,False
5880,2022-10-28 10:52:26.895694,0.001988071570576677,-0.005940594059405835,0.05000000000000071,-0.14999999999999858,25.1,25.15,25.2,25.25,264.0,71.0,2970.0,33153.0,False,False
5880,2022-10-28 10:52:27.440199,0.001988071570576677,-0.005940594059405835,0.05000000000000071,-0.14999999999999858,25.1,25.15,25.2,25.25,258.0,71.0,2970.0,33153.0,False,False
5880,2022-10-28 10:52:30.355069,0.001988071570576677,-0.005940594059405835,0.05000000000000071,-0.14999999999999858,25.1,25.15,25.2,25.25,258.0,71.0,2970.0,33153.0,False,False
5880,2022-10-28 10:52:37.177553,0.001988071570576677,-0.005940594059405835,0.05000000000000071,-0.14999999999999858,25.1,25.15,25.2,25.25,258.0,71.0,2970.0,33153.0,False,False
5880,2022-10-28 10:52:47.636773,0.001988071570576677,-0.005940594059405835,0.05000000000000071,-0.14999999999999858,25.1,25.15,25.2,25.25,258.0,70.0,2970.0,33153.0,False,False
5880,2022-10-28 10:52:48.598114,0.001988071570576677,-0.005940594059405835,0.05000000000000071,-0.14999999999999858,25.1,25.15,25.2,25.25,258.0,71.0,2970.0,33153.0,False,False
5880,2022-10-28 10:52:59.741169,0.001988071570576677,-0.005940594059405835,0.05000000000000071,-0.14999999999999858,25.1,25.15,25.2,25.25,258.0,71.0,2970.0,33153.0,False,False
5880,2022-10-28 10:53:06.073408,0.001988071570576677,-0.005940594059405835,0.05000000000000071,-0.14999999999999858,25.1,25.15,25.2,25.25,258.0,83.0,2970.0,33153.0,False,False
5880,2022-10-28 10:53:08.380605,0.001988071570576677,-0.005940594059405835,0.05000000000000071,-0.14999999999999858,25.1,25.15,25.2,25.25,258.0,78.0,2970.0,33153.0,False,False
5880,2022-10-28 10:53:08.425376,0.001988071570576677,-0.005940594059405835,0.05000000000000071,-0.14999999999999858,25.1,25.15,25.2,25.25,258.0,81.0,2970.0,33153.0,False,False
5880,2022-10-28 10:53:14.765872,0.001988071570576677,-0.005940594059405835,0.05000000000000071,-0.14999999999999858,25.1,25.15,25.2,25.25,258.0,81.0,2470.0,33153.0,True,True
5880,2022-10-28 10:53:18.337414,0.001988071570576677,-0.005940594059405835,0.05000000000000071,-0.14999999999999858,25.1,25.15,25.2,25.25,258.0,81.0,2470.0,33153.0,False,False
5880,2022-10-28 10:53:18.761861,0.001988071570576677,-0.005940594059405835,0.05000000000000071,-0.14999999999999858,25.1,25.15,25.2,25.25,256.0,79.0,2470.0,33153.0,False,False
5880,2022-10-28 10:53:20.175731,0.001988071570576677,-0.005940594059405835,0.05000000000000071,-0.14999999999999858,25.1,25.15,25.2,25.25,256.0,79.0,2470.0,33153.0,False,False
5880,2022-10-28 10:53:24.806037,0.001988071570576677,-0.005940594059405835,0.05000000000000071,-0.14999999999999858,25.1,25.15,25.2,25.25,256.0,79.0,1970.0,33153.0,True,True
5880,2022-10-28 10:53:35.836845,0.001988071570576677,-0.005940594059405835,0.05000000000000071,-0.14999999999999858,25.1,25.15,25.2,25.25,256.0,79.0,1970.0,33153.0,False,False
5880,2022-10-28 10:53:50.657588,0.001988071570576677,-0.005940594059405835,0.05000000000000071,-0.14999999999999858,25.1,25.15,25.2,25.25,256.0,80.0,1970.0,33153.0,False,False
5880,2022-10-28 10:53:50.695739,0.001988071570576677,-0.005940594059405835,0.05000000000000071,-0.14999999999999858,25.1,25.15,25.2,25.25,256.0,80.0,1970.0,33153.0,False,False
5880,2022-10-28 10:53:54.929686,0.001988071570576677,-0.005940594059405835,0.05000000000000071,-0.14999999999999858,25.1,25.15,25.2,25.25,256.0,80.0,1830.0,33153.0,True,True
5880,2022-10-28 10:54:04.978960,0.001988071570576677,-0.005940594059405835,0.05000000000000071,-0.14999999999999858,25.1,25.15,25.2,25.25,256.0,80.0,1885.0,33153.0,True,True
5880,2022-10-28 10:54:12.165834,0.001988071570576677,-0.005940594059405835,0.05000000000000071,-0.14999999999999858,25.1,25.15,25.2,25.25,256.0,83.0,1885.0,33153.0,False,False
5880,2022-10-28 10:54:12.808811,0.001988071570576677,-0.005940594059405835,0.05000000000000071,-0.14999999999999858,25.1,25.15,25.2,25.25,256.0,79.0,1885.0,33153.0,False,False
5880,2022-10-28 10:54:15.019116,0.001988071570576677,-0.005940594059405835,0.05000000000000071,-0.14999999999999858,25.1,25.15,25.2,25.25,256.0,79.0,1885.0,33153.0,True,True
5880,2022-10-28 10:54:18.428661,0.001988071570576677,-0.005940594059405835,0.05000000000000071,-0.14999999999999858,25.1,25.15,25.2,25.25,256.0,79.0,1885.0,33153.0,False,False
5880,2022-10-28 10:54:18.736729,0.001988071570576677,-0.005940594059405835,0.05000000000000071,-0.14999999999999858,25.1,25.15,25.2,25.25,256.0,78.0,1885.0,33153.0,False,False
5880,2022-10-28 10:54:22.977335,0.001988071570576677,-0.005940594059405835,0.05000000000000071,-0.14999999999999858,25.1,25.15,25.2,25.25,256.0,78.0,1885.0,33153.0,False,False
5880,2022-10-28 10:54:30.114373,0.001988071570576677,-0.005940594059405835,0.05000000000000071,-0.14999999999999858,25.1,25.15,25.2,25.25,256.0,78.0,1885.0,33153.0,False,False
5880,2022-10-28 10:54:34.418460,0.001988071570576677,-0.005940594059405835,0.05000000000000071,-0.14999999999999858,25.1,25.15,25.2,25.25,256.0,79.0,1885.0,33153.0,False,False
5880,2022-10-28 10:54:35.215274,0.001988071570576677,-0.005940594059405835,0.05000000000000071,-0.14999999999999858,25.1,25.15,25.2,25.25,256.0,79.0,1885.0,33153.0,False,False
5880,2022-10-28 10:54:39.314985,0.001988071570576677,-0.005940594059405835,0.05000000000000071,-0.14999999999999858,25.1,25.15,25.2,25.25,256.0,80.0,1885.0,33153.0,False,False
5880,2022-10-28 10:54:46.433617,0.001988071570576677,-0.005940594059405835,0.05000000000000071,-0.14999999999999858,25.1,25.15,25.2,25.25,256.0,86.0,1885.0,33153.0,False,False
5880,2022-10-28 10:55:04.579720,0.001988071570576677,-0.005940594059405835,0.05000000000000071,-0.14999999999999858,25.1,25.15,25.2,25.25,256.0,86.0,2884.0,33153.0,False,True
5880,2022-10-28 10:55:14.777417,0.001988071570576677,-0.005940594059405835,0.05000000000000071,-0.14999999999999858,25.1,25.15,25.2,25.25,256.0,86.0,1885.0,33153.0,True,True
5880,2022-10-28 10:55:22.460006,0.001988071570576677,-0.005940594059405835,0.05000000000000071,-0.14999999999999858,25.1,25.15,25.2,25.25,195.0,86.0,1885.0,33153.0,False,False
5880,2022-10-28 10:55:24.784954,0.001988071570576677,-0.005940594059405835,0.05000000000000071,-0.14999999999999858,25.1,25.15,25.2,25.25,195.0,86.0,1895.0,33153.0,True,True
5880,2022-10-28 10:55:24.981466,0.001988071570576677,-0.005940594059405835,0.05000000000000071,-0.14999999999999858,25.1,25.15,25.2,25.25,195.0,89.0,1895.0,33153.0,False,False
5880,2022-10-28 10:55:43.399167,0.001988071570576677,-0.005940594059405835,0.05000000000000071,-0.14999999999999858,25.1,25.15,25.2,25.25,205.0,89.0,1895.0,33153.0,False,False
5880,2022-10-28 10:55:46.973373,0.001988071570576677,-0.005940594059405835,0.05000000000000071,-0.14999999999999858,25.1,25.15,25.2,25.25,205.0,89.0,1895.0,33153.0,False,False
5880,2022-10-28 10:55:48.631069,0.001988071570576677,-0.005940594059405835,0.05000000000000071,-0.14999999999999858,25.1,25.15,25.2,25.25,205.0,90.0,1895.0,33153.0,False,False
5880,2022-10-28 10:56:10.416998,0.001988071570576677,-0.005940594059405835,0.05000000000000071,-0.14999999999999858,25.1,25.15,25.2,25.25,205.0,90.0,1895.0,33153.0,False,False
5880,2022-10-28 10:56:14.922943,0.001988071570576677,-0.005940594059405835,0.05000000000000071,-0.14999999999999858,25.1,25.15,25.2,25.25,205.0,90.0,1898.0,33333.0,True,True
5880,2022-10-28 10:56:16.044541,0.001988071570576677,-0.005940594059405835,0.05000000000000071,-0.14999999999999858,25.1,25.15,25.2,25.25,205.0,90.0,1898.0,33333.0,False,False
5880,2022-10-28 10:56:24.960170,0.001988071570576677,-0.005940594059405835,0.05000000000000071,-0.14999999999999858,25.1,25.15,25.2,25.25,205.0,90.0,2024.0,33283.0,True,True
5880,2022-10-28 10:56:31.511027,0.001988071570576677,-0.005940594059405835,0.05000000000000071,-0.14999999999999858,25.1,25.15,25.2,25.25,204.0,90.0,2024.0,33283.0,False,False
5880,2022-10-28 10:56:34.383105,0.001988071570576677,-0.005940594059405835,0.05000000000000071,-0.14999999999999858,25.1,25.15,25.2,25.25,204.0,86.0,2024.0,33283.0,False,False
5880,2022-10-28 10:56:44.289970,0.001988071570576677,-0.005940594059405835,0.05000000000000071,-0.14999999999999858,25.1,25.15,25.2,25.25,205.0,86.0,2024.0,33283.0,False,False
5880,2022-10-28 10:56:45.027883,0.001988071570576677,-0.005940594059405835,0.05000000000000071,-0.14999999999999858,25.1,25.15,25.2,25.25,205.0,86.0,1974.0,33283.0,True,True
5880,2022-10-28 10:56:56.912850,0.001988071570576677,-0.005940594059405835,0.05000000000000071,-0.14999999999999858,25.1,25.15,25.2,25.25,205.0,88.0,1974.0,33283.0,False,False
5880,2022-10-28 10:56:58.350819,0.001988071570576677,-0.005940594059405835,0.05000000000000071,-0.14999999999999858,25.1,25.15,25.2,25.25,205.0,88.0,1974.0,33283.0,False,False
5880,2022-10-28 10:57:11.448538,0.001988071570576677,-0.005940594059405835,0.05000000000000071,-0.14999999999999858,25.1,25.15,25.2,25.25,205.0,87.0,1974.0,33283.0,False,False
5880,2022-10-28 10:57:15.122355,0.001988071570576677,-0.005940594059405835,0.05000000000000071,-0.14999999999999858,25.1,25.15,25.2,25.25,205.0,87.0,1974.0,33283.0,True,True
5880,2022-10-28 10:57:21.870473,0.001988071570576677,-0.005940594059405835,0.05000000000000071,-0.14999999999999858,25.1,25.15,25.2,25.25,205.0,87.0,1974.0,33283.0,False,False
5880,2022-10-28 10:57:23.301738,0.001988071570576677,-0.005940594059405835,0.05000000000000071,-0.14999999999999858,25.1,25.15,25.2,25.25,261.0,87.0,1974.0,33283.0,False,False
5880,2022-10-28 10:57:29.661687,0.001988071570576677,-0.005940594059405835,0.05000000000000071,-0.14999999999999858,25.1,25.15,25.2,25.25,262.0,87.0,1974.0,33283.0,False,False
5880,2022-10-28 10:57:33.096097,0.001988071570576677,-0.005940594059405835,0.05000000000000071,-0.14999999999999858,25.1,25.15,25.2,25.25,262.0,87.0,1974.0,33283.0,False,False
5880,2022-10-28 10:57:35.191890,0.001988071570576677,-0.005940594059405835,0.05000000000000071,-0.14999999999999858,25.1,25.15,25.2,25.25,262.0,87.0,2074.0,33283.0,True,True
5880,2022-10-28 10:57:36.480542,0.001988071570576677,-0.005940594059405835,0.05000000000000071,-0.14999999999999858,25.1,25.15,25.2,25.25,262.0,89.0,2074.0,33283.0,False,False
5880,2022-10-28 10:57:45.528269,0.001988071570576677,-0.005940594059405835,0.05000000000000071,-0.14999999999999858,25.1,25.15,25.2,25.25,262.0,94.0,2074.0,33283.0,False,False
5880,2022-10-28 10:57:46.365691,0.001988071570576677,-0.005940594059405835,0.05000000000000071,-0.14999999999999858,25.1,25.15,25.2,25.25,262.0,99.0,2074.0,33283.0,False,False
5880,2022-10-28 10:57:49.718952,0.001988071570576677,-0.005940594059405835,0.05000000000000071,-0.14999999999999858,25.1,25.15,25.2,25.25,262.0,96.0,2074.0,33283.0,False,False
5880,2022-10-28 10:58:04.683442,0.001988071570576677,-0.005940594059405835,0.05000000000000071,-0.14999999999999858,25.1,25.15,25.2,25.25,262.0,96.0,3010.0,33194.0,False,True
5880,2022-10-28 10:58:10.913876,0.001988071570576677,-0.005940594059405835,0.05000000000000071,-0.14999999999999858,25.1,25.15,25.2,25.25,339.0,96.0,3010.0,33194.0,False,False
5880,2022-10-28 10:58:11.780610,0.001988071570576677,-0.005940594059405835,0.05000000000000071,-0.14999999999999858,25.1,25.15,25.2,25.25,343.0,96.0,3010.0,33194.0,False,False
5880,2022-10-28 10:58:14.739124,0.001988071570576677,-0.005940594059405835,0.05000000000000071,-0.14999999999999858,25.1,25.15,25.2,25.25,343.0,96.0,2011.0,33194.0,True,True
5880,2022-10-28 10:58:15.168020,0.001988071570576677,-0.005940594059405835,0.05000000000000071,-0.14999999999999858,25.1,25.15,25.2,25.25,340.0,93.0,2011.0,33194.0,False,False
5880,2022-10-28 10:58:19.070820,0.001988071570576677,-0.005940594059405835,0.05000000000000071,-0.14999999999999858,25.1,25.15,25.2,25.25,340.0,94.0,2011.0,33194.0,False,False
5880,2022-10-28 10:58:20.022036,0.001988071570576677,-0.005940594059405835,0.05000000000000071,-0.14999999999999858,25.1,25.15,25.2,25.25,341.0,94.0,2011.0,33194.0,False,False
5880,2022-10-28 10:58:20.870756,0.001988071570576677,-0.005940594059405835,0.05000000000000071,-0.14999999999999858,25.1,25.15,25.2,25.25,341.0,96.0,2011.0,33194.0,False,False
5880,2022-10-28 10:58:25.255611,0.001988071570576677,-0.005940594059405835,0.05000000000000071,-0.14999999999999858,25.1,25.15,25.2,25.25,337.0,96.0,2011.0,33194.0,False,False
5880,2022-10-28 10:58:32.312766,0.001988071570576677,-0.005940594059405835,0.05000000000000071,-0.14999999999999858,25.1,25.15,25.2,25.25,337.0,96.0,2011.0,33194.0,False,False
5880,2022-10-28 10:58:41.859747,0.001988071570576677,-0.005940594059405835,0.05000000000000071,-0.14999999999999858,25.1,25.15,25.2,25.25,337.0,96.0,2011.0,33194.0,False,False
5880,2022-10-28 10:58:49.691181,0.001988071570576677,-0.005940594059405835,0.05000000000000071,-0.14999999999999858,25.1,25.15,25.2,25.25,337.0,96.0,2011.0,33194.0,False,False
5880,2022-10-28 10:58:53.140608,0.001988071570576677,-0.005940594059405835,0.05000000000000071,-0.14999999999999858,25.1,25.15,25.2,25.25,334.0,96.0,2011.0,33194.0,False,False
5880,2022-10-28 10:58:55.976427,0.001988071570576677,-0.005940594059405835,0.05000000000000071,-0.14999999999999858,25.1,25.15,25.2,25.25,332.0,96.0,2011.0,33194.0,False,False
5880,2022-10-28 10:58:59.959454,0.001988071570576677,-0.005940594059405835,0.05000000000000071,-0.14999999999999858,25.1,25.15,25.2,25.25,332.0,97.0,2011.0,33194.0,False,False
5880,2022-10-28 10:59:00.657901,0.001988071570576677,-0.005940594059405835,0.05000000000000071,-0.14999999999999858,25.1,25.15,25.2,25.25,331.0,97.0,2011.0,33194.0,False,False
5880,2022-10-28 10:59:00.940198,0.001988071570576677,-0.005940594059405835,0.05000000000000071,-0.14999999999999858,25.1,25.15,25.2,25.25,326.0,92.0,2011.0,33194.0,False,False
5880,2022-10-28 10:59:04.913292,0.001988071570576677,-0.005940594059405835,0.05000000000000071,-0.14999999999999858,25.1,25.15,25.2,25.25,326.0,92.0,2012.0,33194.0,True,True
5880,2022-10-28 10:59:07.878286,0.001988071570576677,-0.005940594059405835,0.05000000000000071,-0.14999999999999858,25.1,25.15,25.2,25.25,327.0,92.0,2012.0,33194.0,False,False
5880,2022-10-28 10:59:10.320007,0.001988071570576677,-0.005940594059405835,0.05000000000000071,-0.14999999999999858,25.1,25.15,25.2,25.25,327.0,92.0,2012.0,33194.0,False,False
5880,2022-10-28 10:59:10.942507,0.001988071570576677,-0.005940594059405835,0.05000000000000071,-0.14999999999999858,25.1,25.15,25.2,25.25,327.0,88.0,2012.0,33194.0,False,False
5880,2022-10-28 10:59:11.465523,0.001988071570576677,-0.005940594059405835,0.05000000000000071,-0.14999999999999858,25.1,25.15,25.2,25.25,327.0,88.0,2012.0,33194.0,False,False
5880,2022-10-28 10:59:14.942410,0.001988071570576677,-0.005940594059405835,0.05000000000000071,-0.14999999999999858,25.1,25.15,25.2,25.25,327.0,88.0,2012.0,33194.0,True,True
5880,2022-10-28 10:59:15.924108,0.001988071570576677,-0.005940594059405835,0.05000000000000071,-0.14999999999999858,25.1,25.15,25.2,25.25,326.0,88.0,2012.0,33194.0,False,False
5880,2022-10-28 10:59:25.491354,0.001988071570576677,-0.005940594059405835,0.05000000000000071,-0.14999999999999858,25.1,25.15,25.2,25.25,326.0,88.0,2012.0,33194.0,False,False
5880,2022-10-28 10:59:45.496601,0.001988071570576677,-0.005940594059405835,0.05000000000000071,-0.14999999999999858,25.1,25.15,25.2,25.25,327.0,88.0,2012.0,33194.0,False,False
5880,2022-10-28 10:59:48.591343,0.001988071570576677,-0.005940594059405835,0.05000000000000071,-0.14999999999999858,25.1,25.15,25.2,25.25,327.0,88.0,2012.0,33194.0,False,False
5880,2022-10-28 10:59:51.645304,0.001988071570576677,-0.005940594059405835,0.05000000000000071,-0.14999999999999858,25.1,25.15,25.2,25.25,326.0,88.0,2012.0,33194.0,False,False
5880,2022-10-28 10:59:55.084516,0.001988071570576677,-0.005940594059405835,0.05000000000000071,-0.14999999999999858,25.1,25.15,25.2,25.25,326.0,88.0,2559.0,33194.0,True,True
5880,2022-10-28 10:59:55.163025,0.001988071570576677,-0.005940594059405835,0.05000000000000071,-0.14999999999999858,25.1,25.15,25.2,25.25,325.0,87.0,2559.0,33194.0,False,False
5880,2022-10-28 11:00:01.880907,0.001988071570576677,-0.005940594059405835,0.05000000000000071,-0.14999999999999858,25.1,25.15,25.2,25.25,325.0,89.0,2559.0,33194.0,False,False
5880,2022-10-28 11:00:03.607448,0.001988071570576677,-0.005940594059405835,0.05000000000000071,-0.14999999999999858,25.1,25.15,25.2,25.25,326.0,89.0,2559.0,33194.0,False,False
5880,2022-10-28 11:00:35.384094,0.001988071570576677,-0.005940594059405835,0.05000000000000071,-0.14999999999999858,25.1,25.15,25.2,25.25,326.0,89.0,2561.0,33194.0,True,True
5880,2022-10-28 11:00:41.675681,0.001988071570576677,-0.005940594059405835,0.05000000000000071,-0.14999999999999858,25.1,25.15,25.2,25.25,326.0,89.0,2561.0,33194.0,False,False
5880,2022-10-28 11:00:55.506534,0.001988071570576677,-0.005940594059405835,0.05000000000000071,-0.14999999999999858,25.1,25.15,25.2,25.25,326.0,89.0,2601.0,33194.0,True,True
5880,2022-10-28 11:00:55.692549,0.001988071570576677,-0.005940594059405835,0.05000000000000071,-0.14999999999999858,25.1,25.15,25.2,25.25,325.0,89.0,2601.0,33194.0,False,False
5880,2022-10-28 11:01:04.742896,0.001988071570576677,-0.005940594059405835,0.05000000000000071,-0.14999999999999858,25.1,25.15,25.2,25.25,325.0,89.0,3588.0,33182.0,False,True
5880,2022-10-28 11:01:14.786901,0.001988071570576677,-0.005940594059405835,0.05000000000000071,-0.14999999999999858,25.1,25.15,25.2,25.25,325.0,89.0,2589.0,33182.0,True,True
5880,2022-10-28 11:01:15.386464,0.001988071570576677,-0.005940594059405835,0.05000000000000071,-0.14999999999999858,25.1,25.15,25.2,25.25,325.0,89.0,2589.0,33182.0,False,False
5880,2022-10-28 11:01:22.530902,0.001988071570576677,-0.005940594059405835,0.05000000000000071,-0.14999999999999858,25.1,25.15,25.2,25.25,323.0,89.0,2589.0,33182.0,False,False
5880,2022-10-28 11:01:26.617426,0.001988071570576677,-0.005940594059405835,0.05000000000000071,-0.14999999999999858,25.1,25.15,25.2,25.25,323.0,89.0,2589.0,33182.0,False,False
5880,2022-10-28 11:01:27.146485,0.001988071570576677,-0.005940594059405835,0.05000000000000071,-0.14999999999999858,25.1,25.15,25.2,25.25,323.0,85.0,2589.0,33182.0,False,False
5880,2022-10-28 11:01:29.287233,0.001988071570576677,-0.005940594059405835,0.05000000000000071,-0.14999999999999858,25.1,25.15,25.2,25.25,323.0,85.0,2589.0,33182.0,False,False
5880,2022-10-28 11:01:43.692610,0.001988071570576677,-0.005940594059405835,0.05000000000000071,-0.14999999999999858,25.1,25.15,25.2,25.25,320.0,85.0,2589.0,33182.0,False,False
5880,2022-10-28 11:01:48.713054,0.001988071570576677,-0.005940594059405835,0.05000000000000071,-0.14999999999999858,25.1,25.15,25.2,25.25,322.0,85.0,2589.0,33182.0,False,False
5880,2022-10-28 11:02:11.305532,0.001988071570576677,-0.005940594059405835,0.05000000000000071,-0.14999999999999858,25.1,25.15,25.2,25.25,322.0,84.0,2589.0,33182.0,False,False
5880,2022-10-28 11:02:15.050924,0.001988071570576677,-0.005940594059405835,0.05000000000000071,-0.14999999999999858,25.1,25.15,25.2,25.25,322.0,84.0,2639.0,33182.0,True,True
5880,2022-10-28 11:02:15.406573,0.001988071570576677,-0.005940594059405835,0.05000000000000071,-0.14999999999999858,25.1,25.15,25.2,25.25,322.0,94.0,2639.0,33182.0,False,False
5880,2022-10-28 11:02:18.734289,0.001988071570576677,-0.005940594059405835,0.05000000000000071,-0.14999999999999858,25.1,25.15,25.2,25.25,320.0,92.0,2639.0,33182.0,False,False
5880,2022-10-28 11:02:22.046997,0.001988071570576677,-0.005940594059405835,0.05000000000000071,-0.14999999999999858,25.1,25.15,25.2,25.25,320.0,95.0,2639.0,33182.0,False,False
5880,2022-10-28 11:02:24.217681,0.001988071570576677,-0.005940594059405835,0.05000000000000071,-0.14999999999999858,25.1,25.15,25.2,25.25,320.0,95.0,2639.0,33182.0,False,False
5880,2022-10-28 11:02:25.123492,0.001988071570576677,-0.005940594059405835,0.05000000000000071,-0.14999999999999858,25.1,25.15,25.2,25.25,320.0,95.0,3489.0,33182.0,True,True
5880,2022-10-28 11:02:42.711082,0.001988071570576677,-0.005940594059405835,0.05000000000000071,-0.14999999999999858,25.1,25.15,25.2,25.25,320.0,94.0,3489.0,33182.0,False,False
5880,2022-10-28 11:02:45.033368,0.001988071570576677,-0.005940594059405835,0.05000000000000071,-0.14999999999999858,25.1,25.15,25.2,25.25,318.0,94.0,3489.0,33182.0,False,False
5880,2022-10-28 11:02:45.198456,0.001988071570576677,-0.005940594059405835,0.05000000000000071,-0.14999999999999858,25.1,25.15,25.2,25.25,318.0,94.0,3489.0,33182.0,True,True
5880,2022-10-28 11:02:55.800398,0.001988071570576677,-0.005940594059405835,0.05000000000000071,-0.14999999999999858,25.1,25.15,25.2,25.25,313.0,94.0,3489.0,33182.0,False,False
5880,2022-10-28 11:02:59.281300,0.001988071570576677,-0.005940594059405835,0.05000000000000071,-0.14999999999999858,25.1,25.15,25.2,25.25,313.0,94.0,3489.0,33182.0,False,False
5880,2022-10-28 11:03:01.756998,0.001988071570576677,-0.005940594059405835,0.05000000000000071,-0.14999999999999858,25.1,25.15,25.2,25.25,371.0,94.0,3489.0,33182.0,False,False
5880,2022-10-28 11:03:16.384900,0.001988071570576677,-0.005940594059405835,0.05000000000000071,-0.14999999999999858,25.1,25.15,25.2,25.25,371.0,93.0,3489.0,33182.0,False,False
5880,2022-10-28 11:03:18.037969,0.001988071570576677,-0.005940594059405835,0.05000000000000071,-0.14999999999999858,25.1,25.15,25.2,25.25,371.0,93.0,3489.0,33182.0,False,False
5880,2022-10-28 11:03:18.071713,0.001988071570576677,-0.005940594059405835,0.05000000000000071,-0.14999999999999858,25.1,25.15,25.2,25.25,371.0,57.0,3489.0,33182.0,False,False
5880,2022-10-28 11:03:18.777075,0.001988071570576677,-0.005940594059405835,0.05000000000000071,-0.14999999999999858,25.1,25.15,25.2,25.25,371.0,60.0,3489.0,33182.0,False,False
5880,2022-10-28 11:03:20.107210,0.001988071570576677,-0.005940594059405835,0.05000000000000071,-0.14999999999999858,25.1,25.15,25.2,25.25,370.0,60.0,3489.0,33182.0,False,False
5880,2022-10-28 11:03:27.692351,0.001988071570576677,-0.005940594059405835,0.05000000000000071,-0.14999999999999858,25.1,25.15,25.2,25.25,312.0,60.0,3489.0,33182.0,False,False
5880,2022-10-28 11:03:35.429499,0.001988071570576677,-0.005940594059405835,0.05000000000000071,-0.14999999999999858,25.1,25.15,25.2,25.25,312.0,60.0,3449.0,33182.0,True,True
5880,2022-10-28 11:03:51.222717,0.001988071570576677,-0.005940594059405835,0.05000000000000071,-0.14999999999999858,25.1,25.15,25.2,25.25,312.0,66.0,3449.0,33182.0,False,False
5880,2022-10-28 11:04:00.181034,0.001988071570576677,-0.005940594059405835,0.05000000000000071,-0.14999999999999858,25.1,25.15,25.2,25.25,312.0,73.0,3449.0,33182.0,False,False
5880,2022-10-28 11:04:04.764600,0.001988071570576677,-0.005940594059405835,0.05000000000000071,-0.14999999999999858,25.1,25.15,25.2,25.25,312.0,73.0,4448.0,33182.0,False,True
5880,2022-10-28 11:04:06.721006,0.001988071570576677,-0.005940594059405835,0.05000000000000071,-0.14999999999999858,25.1,25.15,25.2,25.25,312.0,78.0,4448.0,33182.0,False,False
5880,2022-10-28 11:04:08.421800,0.001988071570576677,-0.005940594059405835,0.05000000000000071,-0.14999999999999858,25.1,25.15,25.2,25.25,313.0,78.0,4448.0,33182.0,False,False
5880,2022-10-28 11:04:12.481344,0.001988071570576677,-0.005940594059405835,0.05000000000000071,-0.14999999999999858,25.1,25.15,25.2,25.25,313.0,78.0,4448.0,33182.0,False,False
5880,2022-10-28 11:04:23.767281,0.001988071570576677,-0.005940594059405835,0.05000000000000071,-0.14999999999999858,25.1,25.15,25.2,25.25,313.0,78.0,4448.0,33182.0,False,False
5880,2022-10-28 11:04:24.854121,0.001988071570576677,-0.005940594059405835,0.05000000000000071,-0.14999999999999858,25.1,25.15,25.2,25.25,313.0,78.0,4448.0,33172.0,True,True
5880,2022-10-28 11:04:30.775224,0.001988071570576677,-0.005940594059405835,0.05000000000000071,-0.14999999999999858,25.1,25.15,25.2,25.25,313.0,78.0,4448.0,33172.0,False,False
5880,2022-10-28 11:04:34.898418,0.001988071570576677,-0.005940594059405835,0.05000000000000071,-0.14999999999999858,25.1,25.15,25.2,25.25,313.0,78.0,4448.0,33181.0,True,True
5880,2022-10-28 11:04:39.291301,0.001988071570576677,-0.005940594059405835,0.05000000000000071,-0.14999999999999858,25.1,25.15,25.2,25.25,313.0,79.0,4448.0,33181.0,False,False
5880,2022-10-28 11:04:40.661773,0.001988071570576677,-0.005940594059405835,0.05000000000000071,-0.14999999999999858,25.1,25.15,25.2,25.25,313.0,79.0,4448.0,33181.0,False,False
5880,2022-10-28 11:04:44.953899,0.001988071570576677,-0.005940594059405835,0.05000000000000071,-0.14999999999999858,25.1,25.15,25.2,25.25,313.0,79.0,4448.0,33179.0,True,True
5880,2022-10-28 11:04:46.061196,0.001988071570576677,-0.005940594059405835,0.05000000000000071,-0.14999999999999858,25.1,25.15,25.2,25.25,313.0,81.0,4448.0,33179.0,False,False
5880,2022-10-28 11:04:46.243987,0.001988071570576677,-0.005940594059405835,0.05000000000000071,-0.14999999999999858,25.1,25.15,25.2,25.25,313.0,81.0,4448.0,33179.0,False,False
5880,2022-10-28 11:04:55.003281,0.001988071570576677,-0.005940594059405835,0.05000000000000071,-0.14999999999999858,25.1,25.15,25.2,25.25,313.0,81.0,4448.0,33181.0,True,True
5880,2022-10-28 11:05:03.986092,0.001988071570576677,-0.005940594059405835,0.05000000000000071,-0.14999999999999858,25.1,25.15,25.2,25.25,313.0,82.0,4448.0,33181.0,False,False
5880,2022-10-28 11:05:04.446389,0.001988071570576677,-0.005940594059405835,0.05000000000000071,-0.14999999999999858,25.1,25.15,25.2,25.25,303.0,72.0,4448.0,33181.0,False,False
5880,2022-10-28 11:05:05.052132,0.001988071570576677,-0.005940594059405835,0.05000000000000071,-0.14999999999999858,25.1,25.15,25.2,25.25,303.0,75.0,4448.0,33181.0,False,False
5880,2022-10-28 11:05:10.188714,0.001988071570576677,-0.005940594059405835,0.05000000000000071,-0.14999999999999858,25.1,25.15,25.2,25.25,313.0,75.0,4448.0,33181.0,False,False
5880,2022-10-28 11:05:35.415632,0.001988071570576677,-0.005940594059405835,0.05000000000000071,-0.14999999999999858,25.1,25.15,25.2,25.25,313.0,75.0,4448.0,33181.0,True,True
5880,2022-10-28 11:05:45.451625,0.001988071570576677,-0.005940594059405835,0.05000000000000071,-0.14999999999999858,25.1,25.15,25.2,25.25,313.0,75.0,4448.0,33141.0,True,True
5880,2022-10-28 11:05:54.916136,0.001988071570576677,-0.005940594059405835,0.05000000000000071,-0.14999999999999858,25.1,25.15,25.2,25.25,317.0,75.0,4448.0,33141.0,False,False
5880,2022-10-28 11:05:55.067748,0.001988071570576677,-0.005940594059405835,0.05000000000000071,-0.14999999999999858,25.1,25.15,25.2,25.25,307.0,75.0,4448.0,33141.0,False,False
5880,2022-10-28 11:05:55.475811,0.001988071570576677,-0.005940594059405835,0.05000000000000071,-0.14999999999999858,25.1,25.15,25.2,25.25,307.0,75.0,4448.0,33181.0,True,True
5880,2022-10-28 11:06:15.624916,0.001988071570576677,-0.005940594059405835,0.05000000000000071,-0.14999999999999858,25.1,25.15,25.2,25.25,307.0,75.0,4488.0,33181.0,True,True
5880,2022-10-28 11:06:16.562140,0.001988071570576677,-0.005940594059405835,0.05000000000000071,-0.14999999999999858,25.1,25.15,25.2,25.25,307.0,71.0,4488.0,33181.0,False,False
5880,2022-10-28 11:06:25.654610,0.001988071570576677,-0.005940594059405835,0.05000000000000071,-0.14999999999999858,25.1,25.15,25.2,25.25,307.0,71.0,4488.0,33180.0,True,True
5880,2022-10-28 11:06:29.989597,0.001988071570576677,-0.005940594059405835,0.05000000000000071,-0.14999999999999858,25.1,25.15,25.2,25.25,307.0,72.0,4488.0,33180.0,False,False
5880,2022-10-28 11:06:35.682511,0.001988071570576677,-0.005940594059405835,0.05000000000000071,-0.14999999999999858,25.1,25.15,25.2,25.25,307.0,72.0,4488.0,33181.0,True,True
5880,2022-10-28 11:06:47.937007,0.001988071570576677,-0.005940594059405835,0.05000000000000071,-0.14999999999999858,25.1,25.15,25.2,25.25,296.0,72.0,4488.0,33181.0,False,False
5880,2022-10-28 11:06:51.026641,0.001988071570576677,-0.005940594059405835,0.05000000000000071,-0.14999999999999858,25.1,25.15,25.2,25.25,296.0,72.0,4488.0,33181.0,False,False
5880,2022-10-28 11:07:04.816713,0.001988071570576677,-0.005940594059405835,0.05000000000000071,-0.14999999999999858,25.1,25.15,25.2,25.25,296.0,72.0,4488.0,33181.0,False,True
5880,2022-10-28 11:07:07.449992,0.001988071570576677,-0.005940594059405835,0.05000000000000071,-0.14999999999999858,25.1,25.15,25.2,25.25,297.0,72.0,4488.0,33181.0,False,False
5880,2022-10-28 11:07:10.365715,0.001988071570576677,-0.005940594059405835,0.05000000000000071,-0.14999999999999858,25.1,25.15,25.2,25.25,297.0,71.0,4488.0,33181.0,False,False
5880,2022-10-28 11:07:14.847421,0.001988071570576677,-0.005940594059405835,0.05000000000000071,-0.14999999999999858,25.1,25.15,25.2,25.25,297.0,71.0,3489.0,33181.0,True,True
5880,2022-10-28 11:07:17.502871,0.001988071570576677,-0.005940594059405835,0.05000000000000071,-0.14999999999999858,25.1,25.15,25.2,25.25,297.0,72.0,3489.0,33181.0,False,False
5880,2022-10-28 11:07:31.623748,0.001988071570576677,-0.005940594059405835,0.05000000000000071,-0.14999999999999858,25.1,25.15,25.2,25.25,298.0,72.0,3489.0,33181.0,False,False
5880,2022-10-28 11:07:34.288243,0.001988071570576677,-0.005940594059405835,0.05000000000000071,-0.14999999999999858,25.1,25.15,25.2,25.25,298.0,72.0,3489.0,33181.0,False,False
5880,2022-10-28 11:07:36.560360,0.001988071570576677,-0.005940594059405835,0.05000000000000071,-0.14999999999999858,25.1,25.15,25.2,25.25,297.0,72.0,3489.0,33181.0,False,False
5880,2022-10-28 11:07:43.888900,0.001988071570576677,-0.005940594059405835,0.05000000000000071,-0.14999999999999858,25.1,25.15,25.2,25.25,297.0,75.0,3489.0,33181.0,False,False
5880,2022-10-28 11:07:44.852802,0.001988071570576677,-0.005940594059405835,0.05000000000000071,-0.14999999999999858,25.1,25.15,25.2,25.25,297.0,80.0,3489.0,33181.0,False,False
5880,2022-10-28 11:07:44.941750,0.001988071570576677,-0.005940594059405835,0.05000000000000071,-0.14999999999999858,25.1,25.15,25.2,25.25,297.0,80.0,3489.0,33181.0,True,True
5880,2022-10-28 11:07:52.397086,0.001988071570576677,-0.005940594059405835,0.05000000000000071,-0.14999999999999858,25.1,25.15,25.2,25.25,296.0,79.0,3489.0,33181.0,False,False
5880,2022-10-28 11:07:54.971444,0.001988071570576677,-0.005940594059405835,0.05000000000000071,-0.14999999999999858,25.1,25.15,25.2,25.25,296.0,79.0,3544.0,33181.0,True,True
5880,2022-10-28 11:08:00.020529,0.001988071570576677,-0.005940594059405835,0.05000000000000071,-0.14999999999999858,25.1,25.15,25.2,25.25,296.0,80.0,3544.0,33181.0,False,False
5880,2022-10-28 11:08:01.276767,0.001988071570576677,-0.005940594059405835,0.05000000000000071,-0.14999999999999858,25.1,25.15,25.2,25.25,296.0,80.0,3544.0,33181.0,False,False
5880,2022-10-28 11:08:14.873306,0.001988071570576677,-0.005940594059405835,0.05000000000000071,-0.14999999999999858,25.1,25.15,25.2,25.25,296.0,80.0,3544.0,33181.0,False,False
5880,2022-10-28 11:08:25.065871,0.001988071570576677,-0.005940594059405835,0.05000000000000071,-0.14999999999999858,25.1,25.15,25.2,25.25,296.0,80.0,3044.0,33181.0,True,True
5880,2022-10-28 11:08:42.367127,0.001988071570576677,-0.005940594059405835,0.05000000000000071,-0.14999999999999858,25.1,25.15,25.2,25.25,296.0,84.0,3044.0,33181.0,False,False
5880,2022-10-28 11:08:43.576675,0.001988071570576677,-0.005940594059405835,0.05000000000000071,-0.14999999999999858,25.1,25.15,25.2,25.25,292.0,84.0,3044.0,33181.0,False,False
5880,2022-10-28 11:08:43.579725,0.001988071570576677,-0.005940594059405835,0.05000000000000071,-0.14999999999999858,25.1,25.15,25.2,25.25,292.0,80.0,3044.0,33181.0,False,False
5880,2022-10-28 11:08:45.981296,0.001988071570576677,-0.005940594059405835,0.05000000000000071,-0.14999999999999858,25.1,25.15,25.2,25.25,292.0,80.0,3044.0,33181.0,False,False
5880,2022-10-28 11:08:50.578510,0.001988071570576677,-0.005940594059405835,0.05000000000000071,-0.14999999999999858,25.1,25.15,25.2,25.25,292.0,80.0,3044.0,33181.0,False,False
5880,2022-10-28 11:08:55.170532,0.001988071570576677,-0.005940594059405835,0.05000000000000071,-0.14999999999999858,25.1,25.15,25.2,25.25,292.0,80.0,3054.0,33181.0,True,True
5880,2022-10-28 11:09:02.988702,0.001988071570576677,-0.005940594059405835,0.05000000000000071,-0.14999999999999858,25.1,25.15,25.2,25.25,292.0,80.0,3054.0,33181.0,False,False
5880,2022-10-28 11:09:03.533815,0.001988071570576677,-0.005940594059405835,0.05000000000000071,-0.14999999999999858,25.1,25.15,25.2,25.25,292.0,78.0,3054.0,33181.0,False,False
5880,2022-10-28 11:09:03.668183,0.001988071570576677,-0.005940594059405835,0.05000000000000071,-0.14999999999999858,25.1,25.15,25.2,25.25,293.0,78.0,3054.0,33181.0,False,False
5880,2022-10-28 11:09:05.200705,0.001988071570576677,-0.005940594059405835,0.05000000000000071,-0.14999999999999858,25.1,25.15,25.2,25.25,293.0,78.0,3001.0,33181.0,True,True
5880,2022-10-28 11:09:05.718031,0.001988071570576677,-0.005940594059405835,0.05000000000000071,-0.14999999999999858,25.1,25.15,25.2,25.25,292.0,78.0,3001.0,33181.0,False,False
5880,2022-10-28 11:09:06.153361,0.001988071570576677,-0.005940594059405835,0.05000000000000071,-0.14999999999999858,25.1,25.15,25.2,25.25,291.0,77.0,3001.0,33181.0,False,False
5880,2022-10-28 11:09:20.481856,0.001988071570576677,-0.005940594059405835,0.05000000000000071,-0.14999999999999858,25.1,25.15,25.2,25.25,291.0,77.0,3001.0,33181.0,False,False
5880,2022-10-28 11:09:23.892106,0.001988071570576677,-0.005940594059405835,0.05000000000000071,-0.14999999999999858,25.1,25.15,25.2,25.25,291.0,81.0,3001.0,33181.0,False,False
5880,2022-10-28 11:09:25.272164,0.001988071570576677,-0.005940594059405835,0.05000000000000071,-0.14999999999999858,25.1,25.15,25.2,25.25,291.0,81.0,3001.0,33181.0,True,True
5880,2022-10-28 11:09:45.348608,0.001988071570576677,-0.005940594059405835,0.05000000000000071,-0.14999999999999858,25.1,25.15,25.2,25.25,291.0,81.0,3003.0,33181.0,True,True
5880,2022-10-28 11:09:55.382109,0.001988071570576677,-0.005940594059405835,0.05000000000000071,-0.14999999999999858,25.1,25.15,25.2,25.25,291.0,81.0,3003.0,33181.0,True,True
5880,2022-10-28 11:09:57.361504,0.001988071570576677,-0.005940594059405835,0.05000000000000071,-0.14999999999999858,25.1,25.15,25.2,25.25,290.0,81.0,3003.0,33181.0,False,False
5880,2022-10-28 11:10:00.735155,0.001988071570576677,-0.005940594059405835,0.05000000000000071,-0.14999999999999858,25.1,25.15,25.2,25.25,290.0,80.0,3003.0,33181.0,False,False
5880,2022-10-28 11:10:03.568461,0.001988071570576677,-0.005940594059405835,0.05000000000000071,-0.14999999999999858,25.1,25.15,25.2,25.25,300.0,80.0,3003.0,33181.0,False,False
5880,2022-10-28 11:10:04.893549,0.001988071570576677,-0.005940594059405835,0.05000000000000071,-0.14999999999999858,25.1,25.15,25.2,25.25,300.0,80.0,4057.0,33181.0,False,True
5880,2022-10-28 11:10:05.904380,0.001988071570576677,-0.005940594059405835,0.05000000000000071,-0.14999999999999858,25.1,25.15,25.2,25.25,300.0,83.0,4057.0,33181.0,False,False
5880,2022-10-28 11:10:10.188270,0.001988071570576677,-0.005940594059405835,0.05000000000000071,-0.14999999999999858,25.1,25.15,25.2,25.25,300.0,83.0,4057.0,33181.0,False,False
5880,2022-10-28 11:10:10.978648,0.001988071570576677,-0.005940594059405835,0.05000000000000071,-0.14999999999999858,25.1,25.15,25.2,25.25,300.0,82.0,4057.0,33181.0,False,False
5880,2022-10-28 11:10:14.245574,0.001988071570576677,-0.005940594059405835,0.05000000000000071,-0.14999999999999858,25.1,25.15,25.2,25.25,300.0,83.0,4057.0,33181.0,False,False
5880,2022-10-28 11:10:14.414716,0.001988071570576677,-0.005940594059405835,0.05000000000000071,-0.14999999999999858,25.1,25.15,25.2,25.25,300.0,83.0,4057.0,33181.0,False,False
5880,2022-10-28 11:10:14.982397,0.001988071570576677,-0.005940594059405835,0.05000000000000071,-0.14999999999999858,25.1,25.15,25.2,25.25,300.0,83.0,3058.0,33181.0,True,True
5880,2022-10-28 11:10:25.046166,0.001988071570576677,-0.005940594059405835,0.05000000000000071,-0.14999999999999858,25.1,25.15,25.2,25.25,300.0,83.0,3058.0,34181.0,True,True
5880,2022-10-28 11:10:25.831536,0.001988071570576677,-0.005940594059405835,0.05000000000000071,-0.14999999999999858,25.1,25.15,25.2,25.25,300.0,83.0,3058.0,34181.0,False,False
5880,2022-10-28 11:10:35.096083,0.001988071570576677,-0.005940594059405835,0.05000000000000071,-0.14999999999999858,25.1,25.15,25.2,25.25,300.0,83.0,3055.0,34181.0,True,True
5880,2022-10-28 11:10:40.907807,0.001988071570576677,-0.005940594059405835,0.05000000000000071,-0.14999999999999858,25.1,25.15,25.2,25.25,300.0,83.0,3055.0,34181.0,False,False
5880,2022-10-28 11:10:45.143538,0.001988071570576677,-0.005940594059405835,0.05000000000000071,-0.14999999999999858,25.1,25.15,25.2,25.25,300.0,83.0,3055.0,34181.0,True,True
5880,2022-10-28 11:10:55.189678,0.001988071570576677,-0.005940594059405835,0.05000000000000071,-0.14999999999999858,25.1,25.15,25.2,25.25,300.0,83.0,3055.0,34181.0,True,True
5880,2022-10-28 11:10:55.782812,0.001988071570576677,-0.005940594059405835,0.05000000000000071,-0.14999999999999858,25.1,25.15,25.2,25.25,301.0,83.0,3055.0,34181.0,False,False
5880,2022-10-28 11:11:05.264151,0.001988071570576677,-0.005940594059405835,0.05000000000000071,-0.14999999999999858,25.1,25.15,25.2,25.25,301.0,83.0,3104.0,34181.0,True,True
5880,2022-10-28 11:11:10.033431,0.001988071570576677,-0.005940594059405835,0.05000000000000071,-0.14999999999999858,25.1,25.15,25.2,25.25,305.0,83.0,3104.0,34181.0,False,False
5880,2022-10-28 11:11:12.037139,0.001988071570576677,-0.005940594059405835,0.05000000000000071,-0.14999999999999858,25.1,25.15,25.2,25.25,305.0,79.0,3104.0,34181.0,False,False
5880,2022-10-28 11:11:13.033542,0.001988071570576677,-0.005940594059405835,0.05000000000000071,-0.14999999999999858,25.1,25.15,25.2,25.25,301.0,79.0,3104.0,34181.0,False,False
5880,2022-10-28 11:11:15.306141,0.001988071570576677,-0.005940594059405835,0.05000000000000071,-0.14999999999999858,25.1,25.15,25.2,25.25,301.0,79.0,3104.0,34181.0,True,True
5880,2022-10-28 11:11:37.388951,0.001988071570576677,-0.005940594059405835,0.05000000000000071,-0.14999999999999858,25.1,25.15,25.2,25.25,301.0,79.0,3104.0,34181.0,False,False
5880,2022-10-28 11:11:45.451935,0.001988071570576677,-0.005940594059405835,0.05000000000000071,-0.14999999999999858,25.1,25.15,25.2,25.25,301.0,79.0,3104.0,34181.0,True,True
5880,2022-10-28 11:11:51.410647,0.001988071570576677,-0.005940594059405835,0.05000000000000071,-0.14999999999999858,25.1,25.15,25.2,25.25,305.0,79.0,3104.0,34181.0,False,False
5880,2022-10-28 11:11:56.679131,0.001988071570576677,-0.005940594059405835,0.05000000000000071,-0.14999999999999858,25.1,25.15,25.2,25.25,305.0,78.0,3104.0,34181.0,False,False
5880,2022-10-28 11:11:59.238516,0.001988071570576677,-0.005940594059405835,0.05000000000000071,-0.14999999999999858,25.1,25.15,25.2,25.25,305.0,78.0,3104.0,34181.0,False,False
5880,2022-10-28 11:12:04.876339,0.001988071570576677,-0.005940594059405835,0.05000000000000071,-0.14999999999999858,25.1,25.15,25.2,25.25,305.0,74.0,3104.0,34181.0,False,False
5880,2022-10-28 11:12:11.996485,0.001988071570576677,-0.005940594059405835,0.05000000000000071,-0.14999999999999858,25.1,25.15,25.2,25.25,305.0,74.0,3104.0,34181.0,False,False
5880,2022-10-28 11:12:33.881835,0.001988071570576677,-0.005940594059405835,0.05000000000000071,-0.14999999999999858,25.1,25.15,25.2,25.25,305.0,74.0,3104.0,34181.0,False,False
5880,2022-10-28 11:12:44.464991,0.001988071570576677,-0.005940594059405835,0.05000000000000071,-0.14999999999999858,25.1,25.15,25.2,25.25,305.0,73.0,3104.0,34181.0,False,False
5880,2022-10-28 11:12:46.102037,0.001988071570576677,-0.005940594059405835,0.05000000000000071,-0.14999999999999858,25.1,25.15,25.2,25.25,305.0,73.0,3104.0,34181.0,False,False
5880,2022-10-28 11:13:01.625220,0.001988071570576677,-0.005940594059405835,0.05000000000000071,-0.14999999999999858,25.1,25.15,25.2,25.25,305.0,73.0,3104.0,34181.0,False,False
5880,2022-10-28 11:13:04.985054,0.001988071570576677,-0.005940594059405835,0.05000000000000071,-0.14999999999999858,25.1,25.15,25.2,25.25,305.0,73.0,4103.0,34181.0,False,True
5880,2022-10-28 11:13:07.070394,0.001988071570576677,-0.005940594059405835,0.05000000000000071,-0.14999999999999858,25.1,25.15,25.2,25.25,305.0,76.0,4103.0,34181.0,False,False
5880,2022-10-28 11:13:09.632977,0.001988071570576677,-0.005940594059405835,0.05000000000000071,-0.14999999999999858,25.1,25.15,25.2,25.25,305.0,76.0,4103.0,34181.0,False,False
5880,2022-10-28 11:13:15.026500,0.001988071570576677,-0.005940594059405835,0.05000000000000071,-0.14999999999999858,25.1,25.15,25.2,25.25,305.0,76.0,3106.0,34181.0,True,True
5880,2022-10-28 11:13:19.263759,0.001988071570576677,-0.005940594059405835,0.05000000000000071,-0.14999999999999858,25.1,25.15,25.2,25.25,305.0,77.0,3106.0,34181.0,False,False
5880,2022-10-28 11:13:25.066893,0.001988071570576677,-0.005940594059405835,0.05000000000000071,-0.14999999999999858,25.1,25.15,25.2,25.25,305.0,77.0,3116.0,34181.0,True,True
5880,2022-10-28 11:13:36.689588,0.001988071570576677,-0.005940594059405835,0.05000000000000071,-0.14999999999999858,25.1,25.15,25.2,25.25,309.0,77.0,3116.0,34181.0,False,False
5880,2022-10-28 11:13:39.905318,0.001988071570576677,-0.005940594059405835,0.05000000000000071,-0.14999999999999858,25.1,25.15,25.2,25.25,309.0,77.0,3116.0,34181.0,False,False
5880,2022-10-28 11:13:45.445659,0.001988071570576677,-0.005940594059405835,0.05000000000000071,-0.14999999999999858,25.1,25.15,25.2,25.25,309.0,73.0,3116.0,34181.0,False,False
5880,2022-10-28 11:14:03.313865,0.001988071570576677,-0.005940594059405835,0.05000000000000071,-0.14999999999999858,25.1,25.15,25.2,25.25,306.0,73.0,3116.0,34181.0,False,False
5880,2022-10-28 11:14:15.279915,0.001988071570576677,-0.005940594059405835,0.05000000000000071,-0.14999999999999858,25.1,25.15,25.2,25.25,306.0,73.0,3116.0,34181.0,True,True
5880,2022-10-28 11:14:19.128872,0.001988071570576677,-0.005940594059405835,0.05000000000000071,-0.14999999999999858,25.1,25.15,25.2,25.25,306.0,78.0,3116.0,34181.0,False,False
5880,2022-10-28 11:14:26.718786,0.001988071570576677,-0.005940594059405835,0.05000000000000071,-0.14999999999999858,25.1,25.15,25.2,25.25,306.0,78.0,3116.0,34181.0,False,False
5880,2022-10-28 11:14:31.570644,0.001988071570576677,-0.005940594059405835,0.05000000000000071,-0.14999999999999858,25.1,25.15,25.2,25.25,316.0,78.0,3116.0,34181.0,False,False
5880,2022-10-28 11:14:34.536276,0.001988071570576677,-0.005940594059405835,0.05000000000000071,-0.14999999999999858,25.1,25.15,25.2,25.25,316.0,77.0,3116.0,34181.0,False,False
5880,2022-10-28 11:14:35.371576,0.001988071570576677,-0.005940594059405835,0.05000000000000071,-0.14999999999999858,25.1,25.15,25.2,25.25,316.0,77.0,3176.0,34181.0,True,True
5880,2022-10-28 11:14:45.431314,0.001988071570576677,-0.005940594059405835,0.05000000000000071,-0.14999999999999858,25.1,25.15,25.2,25.25,316.0,74.0,3176.0,34181.0,False,False
5880,2022-10-28 11:15:15.007692,0.001988071570576677,-0.005940594059405835,0.05000000000000071,-0.14999999999999858,25.1,25.15,25.2,25.25,316.0,77.0,3176.0,34181.0,False,False
5880,2022-10-28 11:15:39.261566,0.001988071570576677,-0.005940594059405835,0.05000000000000071,-0.14999999999999858,25.1,25.15,25.2,25.25,316.0,77.0,3176.0,34181.0,False,False
5880,2022-10-28 11:15:49.553186,0.001988071570576677,-0.005940594059405835,0.05000000000000071,-0.14999999999999858,25.1,25.15,25.2,25.25,316.0,77.0,3176.0,34181.0,False,False
5880,2022-10-28 11:15:51.343337,0.001988071570576677,-0.005940594059405835,0.05000000000000071,-0.14999999999999858,25.1,25.15,25.2,25.25,316.0,79.0,3176.0,34181.0,False,False
5880,2022-10-28 11:16:05.140913,0.001988071570576677,-0.005940594059405835,0.05000000000000071,-0.14999999999999858,25.1,25.15,25.2,25.25,316.0,79.0,4163.0,34169.0,False,True
5880,2022-10-28 11:16:08.442359,0.001988071570576677,-0.005940594059405835,0.05000000000000071,-0.14999999999999858,25.1,25.15,25.2,25.25,316.0,79.0,4163.0,34169.0,False,False
5880,2022-10-28 11:16:14.312096,0.001988071570576677,-0.005940594059405835,0.05000000000000071,-0.14999999999999858,25.1,25.15,25.2,25.25,316.0,75.0,4163.0,34169.0,False,False
5880,2022-10-28 11:16:15.083244,0.001988071570576677,-0.005940594059405835,0.05000000000000071,-0.14999999999999858,25.1,25.15,25.2,25.25,316.0,73.0,4163.0,34169.0,False,False
5880,2022-10-28 11:16:15.171192,0.001988071570576677,-0.005940594059405835,0.05000000000000071,-0.14999999999999858,25.1,25.15,25.2,25.25,316.0,73.0,3264.0,34169.0,True,True
5880,2022-10-28 11:16:22.915050,0.001988071570576677,-0.005940594059405835,0.05000000000000071,-0.14999999999999858,25.1,25.15,25.2,25.25,316.0,73.0,3264.0,34169.0,False,False
5880,2022-10-28 11:16:32.837359,0.001988071570576677,-0.005940594059405835,0.05000000000000071,-0.14999999999999858,25.1,25.15,25.2,25.25,316.0,73.0,3264.0,34169.0,False,False
5880,2022-10-28 11:16:35.242109,0.001988071570576677,-0.005940594059405835,0.05000000000000071,-0.14999999999999858,25.1,25.15,25.2,25.25,316.0,73.0,3274.0,34169.0,True,True
5880,2022-10-28 11:16:47.803314,0.001988071570576677,-0.005940594059405835,0.05000000000000071,-0.14999999999999858,25.1,25.15,25.2,25.25,316.0,74.0,3274.0,34169.0,False,False
5880,2022-10-28 11:16:55.297563,0.001988071570576677,-0.005940594059405835,0.05000000000000071,-0.14999999999999858,25.1,25.15,25.2,25.25,316.0,74.0,3274.0,34375.0,True,True
5880,2022-10-28 11:16:56.606243,0.001988071570576677,-0.005940594059405835,0.05000000000000071,-0.14999999999999858,25.1,25.15,25.2,25.25,312.0,74.0,3274.0,34375.0,False,False
5880,2022-10-28 11:17:05.290558,0.001988071570576677,-0.005940594059405835,0.05000000000000071,-0.14999999999999858,25.1,25.15,25.2,25.25,312.0,75.0,3274.0,34375.0,False,False
5880,2022-10-28 11:17:05.329145,0.001988071570576677,-0.005940594059405835,0.05000000000000071,-0.14999999999999858,25.1,25.15,25.2,25.25,312.0,75.0,3274.0,34375.0,True,True
5880,2022-10-28 11:17:12.339355,0.001988071570576677,-0.005940594059405835,0.05000000000000071,-0.14999999999999858,25.1,25.15,25.2,25.25,312.0,75.0,3274.0,34375.0,False,False
5880,2022-10-28 11:17:15.360273,0.001988071570576677,-0.005940594059405835,0.05000000000000071,-0.14999999999999858,25.1,25.15,25.2,25.25,312.0,75.0,3279.0,34375.0,True,True
5880,2022-10-28 11:17:20.693389,0.001988071570576677,-0.005940594059405835,0.05000000000000071,-0.14999999999999858,25.1,25.15,25.2,25.25,312.0,75.0,3279.0,34375.0,False,False
5880,2022-10-28 11:17:33.283850,0.001988071570576677,-0.005940594059405835,0.05000000000000071,-0.14999999999999858,25.1,25.15,25.2,25.25,312.0,75.0,3279.0,34375.0,False,False
5880,2022-10-28 11:17:35.422587,0.001988071570576677,-0.005940594059405835,0.05000000000000071,-0.14999999999999858,25.1,25.15,25.2,25.25,312.0,75.0,3281.0,34375.0,True,True
5880,2022-10-28 11:17:44.838481,0.001988071570576677,-0.005940594059405835,0.05000000000000071,-0.14999999999999858,25.1,25.15,25.2,25.25,312.0,75.0,3281.0,34375.0,False,False
5880,2022-10-28 11:17:45.449855,0.001988071570576677,-0.005940594059405835,0.05000000000000071,-0.14999999999999858,25.1,25.15,25.2,25.25,312.0,75.0,3281.0,34375.0,True,True
5880,2022-10-28 11:17:55.477724,0.001988071570576677,-0.005940594059405835,0.05000000000000071,-0.14999999999999858,25.1,25.15,25.2,25.25,312.0,75.0,3291.0,34375.0,True,True
5880,2022-10-28 11:18:02.655826,0.001988071570576677,-0.005940594059405835,0.05000000000000071,-0.14999999999999858,25.1,25.15,25.2,25.25,302.0,65.0,3291.0,34375.0,False,False
5880,2022-10-28 11:18:02.878780,0.001988071570576677,-0.005940594059405835,0.05000000000000071,-0.14999999999999858,25.1,25.15,25.2,25.25,302.0,68.0,3291.0,34375.0,False,False
5880,2022-10-28 11:18:03.575614,0.001988071570576677,-0.005940594059405835,0.05000000000000071,-0.14999999999999858,25.1,25.15,25.2,25.25,301.0,68.0,3291.0,34375.0,False,False
5880,2022-10-28 11:18:05.505750,0.001988071570576677,-0.005940594059405835,0.05000000000000071,-0.14999999999999858,25.1,25.15,25.2,25.25,301.0,68.0,3341.0,34375.0,True,True
5880,2022-10-28 11:18:08.257460,0.001988071570576677,-0.005940594059405835,0.05000000000000071,-0.14999999999999858,25.1,25.15,25.2,25.25,301.0,68.0,3341.0,34375.0,False,False
5880,2022-10-28 11:18:12.875039,0.001988071570576677,-0.005940594059405835,0.05000000000000071,-0.14999999999999858,25.1,25.15,25.2,25.25,301.0,68.0,3341.0,34375.0,False,False
5880,2022-10-28 11:18:15.544133,0.001988071570576677,-0.005940594059405835,0.05000000000000071,-0.14999999999999858,25.1,25.15,25.2,25.25,301.0,68.0,3341.0,34375.0,True,True
5880,2022-10-28 11:18:15.992807,0.001988071570576677,-0.005940594059405835,0.05000000000000071,-0.14999999999999858,25.1,25.15,25.2,25.25,301.0,68.0,3341.0,34375.0,False,False
5880,2022-10-28 11:18:23.436179,0.001988071570576677,-0.005940594059405835,0.05000000000000071,-0.14999999999999858,25.1,25.15,25.2,25.25,301.0,69.0,3341.0,34375.0,False,False
5880,2022-10-28 11:18:28.834740,0.001988071570576677,-0.005940594059405835,0.05000000000000071,-0.14999999999999858,25.1,25.15,25.2,25.25,301.0,69.0,3341.0,34375.0,False,False
5880,2022-10-28 11:18:45.846524,0.001988071570576677,-0.005940594059405835,0.05000000000000071,-0.14999999999999858,25.1,25.15,25.2,25.25,301.0,65.0,3341.0,34375.0,False,False
5880,2022-10-28 11:18:45.848186,0.001988071570576677,-0.005940594059405835,0.05000000000000071,-0.14999999999999858,25.1,25.15,25.2,25.25,297.0,65.0,3341.0,34375.0,False,False
5880,2022-10-28 11:18:53.121403,0.001988071570576677,-0.005940594059405835,0.05000000000000071,-0.14999999999999858,25.1,25.15,25.2,25.25,297.0,71.0,3341.0,34375.0,False,False
5880,2022-10-28 11:19:00.022895,0.001988071570576677,-0.005940594059405835,0.05000000000000071,-0.14999999999999858,25.1,25.15,25.2,25.25,297.0,72.0,3341.0,34375.0,False,False
5880,2022-10-28 11:19:03.420239,0.001988071570576677,-0.005940594059405835,0.05000000000000071,-0.14999999999999858,25.1,25.15,25.2,25.25,297.0,72.0,3341.0,34375.0,False,False
5880,2022-10-28 11:19:05.297587,0.001988071570576677,-0.005940594059405835,0.05000000000000071,-0.14999999999999858,25.1,25.15,25.2,25.25,297.0,72.0,4323.0,34358.0,False,True
5880,2022-10-28 11:19:15.329723,0.001988071570576677,-0.005940594059405835,0.05000000000000071,-0.14999999999999858,25.1,25.15,25.2,25.25,297.0,72.0,3324.0,34358.0,True,True
5880,2022-10-28 11:19:35.404312,0.001988071570576677,-0.005940594059405835,0.05000000000000071,-0.14999999999999858,25.1,25.15,25.2,25.25,297.0,72.0,3524.0,34358.0,True,True
5880,2022-10-28 11:19:49.810154,0.001988071570576677,-0.005940594059405835,0.05000000000000071,-0.14999999999999858,25.1,25.15,25.2,25.25,299.0,72.0,3524.0,34358.0,False,False
5880,2022-10-28 11:19:58.065788,0.001988071570576677,-0.005940594059405835,0.05000000000000071,-0.14999999999999858,25.1,25.15,25.2,25.25,299.0,33.0,3524.0,34358.0,False,False
5880,2022-10-28 11:19:58.843842,0.001988071570576677,-0.005940594059405835,0.05000000000000071,-0.14999999999999858,25.1,25.15,25.2,25.25,299.0,40.0,3524.0,34358.0,False,False
5880,2022-10-28 11:20:08.356227,0.001988071570576677,-0.005940594059405835,0.05000000000000071,-0.14999999999999858,25.1,25.15,25.2,25.25,299.0,40.0,3524.0,34358.0,False,False
5880,2022-10-28 11:20:15.671385,0.001988071570576677,-0.005940594059405835,0.05000000000000071,-0.14999999999999858,25.1,25.15,25.2,25.25,299.0,40.0,3564.0,34358.0,True,True
5880,2022-10-28 11:20:19.916991,0.001988071570576677,-0.005940594059405835,0.05000000000000071,-0.14999999999999858,25.1,25.15,25.2,25.25,300.0,40.0,3564.0,34358.0,False,False
5880,2022-10-28 11:20:20.646632,0.001988071570576677,-0.005940594059405835,0.05000000000000071,-0.14999999999999858,25.1,25.15,25.2,25.25,300.0,39.0,3564.0,34358.0,False,False
5880,2022-10-28 11:20:22.193354,0.001988071570576677,-0.005940594059405835,0.05000000000000071,-0.14999999999999858,25.1,25.15,25.2,25.25,300.0,29.0,3564.0,34358.0,False,False
5880,2022-10-28 11:20:22.468613,0.001988071570576677,-0.005940594059405835,0.05000000000000071,-0.14999999999999858,25.1,25.15,25.2,25.25,300.0,32.0,3564.0,34358.0,False,False
5880,2022-10-28 11:20:22.498520,0.001988071570576677,-0.005940594059405835,0.05000000000000071,-0.14999999999999858,25.1,25.15,25.2,25.25,300.0,34.0,3564.0,34358.0,False,False
5880,2022-10-28 11:20:23.303417,0.001988071570576677,-0.005940594059405835,0.05000000000000071,-0.14999999999999858,25.1,25.15,25.2,25.25,300.0,35.0,3564.0,34358.0,False,False
5880,2022-10-28 11:20:26.451780,0.001988071570576677,-0.005940594059405835,0.05000000000000071,-0.14999999999999858,25.1,25.15,25.2,25.25,297.0,35.0,3564.0,34358.0,False,False
5880,2022-10-28 11:20:32.540284,0.001988071570576677,-0.005940594059405835,0.05000000000000071,-0.14999999999999858,25.1,25.15,25.2,25.25,297.0,35.0,3564.0,34358.0,False,False
5880,2022-10-28 11:20:33.148964,0.001988071570576677,-0.005940594059405835,0.05000000000000071,-0.14999999999999858,25.1,25.15,25.2,25.25,297.0,35.0,3564.0,34358.0,False,False
5880,2022-10-28 11:20:33.897550,0.001988071570576677,-0.005940594059405835,0.05000000000000071,-0.14999999999999858,25.1,25.15,25.2,25.25,297.0,37.0,3564.0,34358.0,False,False
5880,2022-10-28 11:20:45.823948,0.001988071570576677,-0.005940594059405835,0.05000000000000071,-0.14999999999999858,25.1,25.15,25.2,25.25,297.0,37.0,3564.0,34703.0,True,True
5880,2022-10-28 11:20:50.337512,0.001988071570576677,-0.005940594059405835,0.05000000000000071,-0.14999999999999858,25.1,25.15,25.2,25.25,296.0,37.0,3564.0,34703.0,False,False
5880,2022-10-28 11:20:55.865723,0.001988071570576677,-0.005940594059405835,0.05000000000000071,-0.14999999999999858,25.1,25.15,25.2,25.25,296.0,37.0,3564.0,34703.0,True,True
5880,2022-10-28 11:21:05.907353,0.001988071570576677,-0.005940594059405835,0.05000000000000071,-0.14999999999999858,25.1,25.15,25.2,25.25,296.0,37.0,3524.0,34703.0,True,True
5880,2022-10-28 11:21:19.197655,0.001988071570576677,-0.005940594059405835,0.05000000000000071,-0.14999999999999858,25.1,25.15,25.2,25.25,296.0,37.0,3524.0,34703.0,False,False
5880,2022-10-28 11:21:21.709720,0.001988071570576677,-0.005940594059405835,0.05000000000000071,-0.14999999999999858,25.1,25.15,25.2,25.25,296.0,38.0,3524.0,34703.0,False,False
5880,2022-10-28 11:21:23.016217,0.001988071570576677,-0.005940594059405835,0.05000000000000071,-0.14999999999999858,25.1,25.15,25.2,25.25,296.0,40.0,3524.0,34703.0,False,False
5880,2022-10-28 11:21:24.047997,0.001988071570576677,-0.005940594059405835,0.05000000000000071,-0.14999999999999858,25.1,25.15,25.2,25.25,296.0,36.0,3524.0,34703.0,False,False
5880,2022-10-28 11:21:26.002206,0.001988071570576677,-0.005940594059405835,0.05000000000000071,-0.14999999999999858,25.1,25.15,25.2,25.25,296.0,36.0,4028.0,34703.0,True,True
5880,2022-10-28 11:21:34.424760,0.001988071570576677,-0.005940594059405835,0.05000000000000071,-0.14999999999999858,25.1,25.15,25.2,25.25,296.0,36.0,4028.0,34703.0,False,False
5880,2022-10-28 11:21:36.046118,0.001988071570576677,-0.005940594059405835,0.05000000000000071,-0.14999999999999858,25.1,25.15,25.2,25.25,296.0,36.0,4028.0,34703.0,True,True
5880,2022-10-28 11:21:39.617063,0.001988071570576677,-0.005940594059405835,0.05000000000000071,-0.14999999999999858,25.1,25.15,25.2,25.25,296.0,36.0,4028.0,34703.0,False,False
5880,2022-10-28 11:21:56.131811,0.001988071570576677,-0.005940594059405835,0.05000000000000071,-0.14999999999999858,25.1,25.15,25.2,25.25,296.0,36.0,4031.0,34703.0,True,True
5880,2022-10-28 11:22:04.382451,0.001988071570576677,-0.005940594059405835,0.05000000000000071,-0.14999999999999858,25.1,25.15,25.2,25.25,296.0,36.0,4031.0,34703.0,False,False
5880,2022-10-28 11:22:05.382620,0.001988071570576677,-0.005940594059405835,0.05000000000000071,-0.14999999999999858,25.1,25.15,25.2,25.25,296.0,36.0,5027.0,34700.0,False,True
5880,2022-10-28 11:22:15.425772,0.001988071570576677,-0.005940594059405835,0.05000000000000071,-0.14999999999999858,25.1,25.15,25.2,25.25,296.0,36.0,4038.0,34700.0,True,True
5880,2022-10-28 11:22:15.990865,0.001988071570576677,-0.005940594059405835,0.05000000000000071,-0.14999999999999858,25.1,25.15,25.2,25.25,296.0,36.0,4038.0,34700.0,False,False
5880,2022-10-28 11:22:35.506147,0.001988071570576677,-0.005940594059405835,0.05000000000000071,-0.14999999999999858,25.1,25.15,25.2,25.25,296.0,36.0,4188.0,34700.0,True,True
5880,2022-10-28 11:22:41.667232,0.001988071570576677,-0.005940594059405835,0.05000000000000071,-0.14999999999999858,25.1,25.15,25.2,25.25,296.0,45.0,4188.0,34700.0,False,False
5880,2022-10-28 11:22:42.376980,0.001988071570576677,-0.005940594059405835,0.05000000000000071,-0.14999999999999858,25.1,25.15,25.2,25.25,301.0,45.0,4188.0,34700.0,False,False
5880,2022-10-28 11:22:52.649573,0.001988071570576677,-0.005940594059405835,0.05000000000000071,-0.14999999999999858,25.1,25.15,25.2,25.25,301.0,44.0,4188.0,34700.0,False,False
5880,2022-10-28 11:22:59.261498,0.001988071570576677,-0.005940594059405835,0.05000000000000071,-0.14999999999999858,25.1,25.15,25.2,25.25,301.0,45.0,4188.0,34700.0,False,False
5880,2022-10-28 11:23:08.069978,0.001988071570576677,-0.005940594059405835,0.05000000000000071,-0.14999999999999858,25.1,25.15,25.2,25.25,301.0,47.0,4188.0,34700.0,False,False
5880,2022-10-28 11:23:09.325537,0.001988071570576677,-0.005940594059405835,0.05000000000000071,-0.14999999999999858,25.1,25.15,25.2,25.25,301.0,46.0,4188.0,34700.0,False,False
5880,2022-10-28 11:23:25.718123,0.001988071570576677,-0.005940594059405835,0.05000000000000071,-0.14999999999999858,25.1,25.15,25.2,25.25,301.0,46.0,4188.0,34700.0,True,True
5880,2022-10-28 11:23:32.867530,0.001988071570576677,-0.005940594059405835,0.05000000000000071,-0.14999999999999858,25.1,25.15,25.2,25.25,301.0,46.0,4188.0,34700.0,False,False
5880,2022-10-28 11:23:39.346623,0.001988071570576677,-0.005940594059405835,0.05000000000000071,-0.14999999999999858,25.1,25.15,25.2,25.25,301.0,46.0,4188.0,34700.0,False,False
5880,2022-10-28 11:23:43.221740,0.001988071570576677,-0.005940594059405835,0.05000000000000071,-0.14999999999999858,25.1,25.15,25.2,25.25,311.0,46.0,4188.0,34700.0,False,False
5880,2022-10-28 11:23:44.493200,0.001988071570576677,-0.005940594059405835,0.05000000000000071,-0.14999999999999858,25.1,25.15,25.2,25.25,315.0,46.0,4188.0,34700.0,False,False
5880,2022-10-28 11:23:45.798537,0.001988071570576677,-0.005940594059405835,0.05000000000000071,-0.14999999999999858,25.1,25.15,25.2,25.25,315.0,46.0,4202.0,34700.0,True,True
5880,2022-10-28 11:23:51.511136,0.001988071570576677,-0.005940594059405835,0.05000000000000071,-0.14999999999999858,25.1,25.15,25.2,25.25,315.0,42.0,4202.0,34700.0,False,False
5880,2022-10-28 11:23:51.587026,0.001988071570576677,-0.005940594059405835,0.05000000000000071,-0.14999999999999858,25.1,25.15,25.2,25.25,314.0,42.0,4202.0,34700.0,False,False
5880,2022-10-28 11:23:52.271844,0.001988071570576677,-0.005940594059405835,0.05000000000000071,-0.14999999999999858,25.1,25.15,25.2,25.25,314.0,40.0,4202.0,34700.0,False,False
5880,2022-10-28 11:23:52.343159,0.001988071570576677,-0.005940594059405835,0.05000000000000071,-0.14999999999999858,25.1,25.15,25.2,25.25,314.0,39.0,4202.0,34700.0,False,False
5880,2022-10-28 11:24:02.665560,0.001988071570576677,-0.005940594059405835,0.05000000000000071,-0.14999999999999858,25.1,25.15,25.2,25.25,314.0,38.0,4202.0,34700.0,False,False
5880,2022-10-28 11:24:02.731085,0.001988071570576677,-0.005940594059405835,0.05000000000000071,-0.14999999999999858,25.1,25.15,25.2,25.25,313.0,38.0,4202.0,34700.0,False,False
5880,2022-10-28 11:24:12.102251,0.001988071570576677,-0.005940594059405835,0.05000000000000071,-0.14999999999999858,25.1,25.15,25.2,25.25,313.0,39.0,4202.0,34700.0,False,False
5880,2022-10-28 11:24:13.813711,0.001988071570576677,-0.005940594059405835,0.05000000000000071,-0.14999999999999858,25.1,25.15,25.2,25.25,313.0,49.0,4202.0,34700.0,False,False
5880,2022-10-28 11:24:14.412814,0.001988071570576677,-0.005940594059405835,0.05000000000000071,-0.14999999999999858,25.1,25.15,25.2,25.25,313.0,50.0,4202.0,34700.0,False,False
5880,2022-10-28 11:24:26.710353,0.001988071570576677,-0.005940594059405835,0.05000000000000071,-0.14999999999999858,25.1,25.15,25.2,25.25,313.0,51.0,4202.0,34700.0,False,False
5880,2022-10-28 11:24:45.691655,0.001988071570576677,-0.005940594059405835,0.05000000000000071,-0.14999999999999858,25.1,25.15,25.2,25.25,314.0,51.0,4202.0,34700.0,False,False
5880,2022-10-28 11:24:56.067864,0.001988071570576677,-0.005940594059405835,0.05000000000000071,-0.14999999999999858,25.1,25.15,25.2,25.25,314.0,51.0,4252.0,34700.0,True,True
5880,2022-10-28 11:25:05.429260,0.001988071570576677,-0.005940594059405835,0.05000000000000071,-0.14999999999999858,25.1,25.15,25.2,25.25,314.0,51.0,5227.0,34331.0,False,True
5880,2022-10-28 11:25:12.931259,0.001988071570576677,-0.005940594059405835,0.05000000000000071,-0.14999999999999858,25.1,25.15,25.2,25.25,304.0,51.0,5227.0,34331.0,False,False
5880,2022-10-28 11:25:12.998323,0.001988071570576677,-0.005940594059405835,0.05000000000000071,-0.14999999999999858,25.1,25.15,25.2,25.25,304.0,50.0,5227.0,34331.0,False,False
5880,2022-10-28 11:25:12.999058,0.001988071570576677,-0.005940594059405835,0.05000000000000071,-0.14999999999999858,25.1,25.15,25.2,25.25,302.0,50.0,5227.0,34331.0,False,False
5880,2022-10-28 11:25:13.062988,0.001988071570576677,-0.005940594059405835,0.05000000000000071,-0.14999999999999858,25.1,25.15,25.2,25.25,302.0,48.0,5227.0,34331.0,False,False
5880,2022-10-28 11:25:13.462799,0.001988071570576677,-0.005940594059405835,0.05000000000000071,-0.14999999999999858,25.1,25.15,25.2,25.25,303.0,48.0,5227.0,34331.0,False,False
5880,2022-10-28 11:25:15.623998,0.001988071570576677,-0.005940594059405835,0.05000000000000071,-0.14999999999999858,25.1,25.15,25.2,25.25,303.0,48.0,4228.0,34331.0,True,True
5880,2022-10-28 11:25:46.952509,0.001988071570576677,-0.005940594059405835,0.05000000000000071,-0.14999999999999858,25.1,25.15,25.2,25.25,303.0,50.0,4228.0,34331.0,False,False
5880,2022-10-28 11:25:56.019822,0.001988071570576677,-0.005940594059405835,0.05000000000000071,-0.14999999999999858,25.1,25.15,25.2,25.25,293.0,40.0,4228.0,34331.0,False,False
5880,2022-10-28 11:25:56.083689,0.001988071570576677,-0.005940594059405835,0.05000000000000071,-0.14999999999999858,25.1,25.15,25.2,25.25,291.0,40.0,4228.0,34331.0,False,False
5880,2022-10-28 11:26:03.728458,0.001988071570576677,-0.005940594059405835,0.05000000000000071,-0.14999999999999858,25.1,25.15,25.2,25.25,291.0,45.0,4228.0,34331.0,False,False
5880,2022-10-28 11:26:05.736267,0.001988071570576677,-0.005940594059405835,0.05000000000000071,-0.14999999999999858,25.1,25.15,25.2,25.25,291.0,45.0,4230.0,34331.0,True,True
5880,2022-10-28 11:26:18.268310,0.001988071570576677,-0.005940594059405835,0.05000000000000071,-0.14999999999999858,25.1,25.15,25.2,25.25,292.0,45.0,4230.0,34331.0,False,False
5880,2022-10-28 11:26:24.592730,0.001988071570576677,-0.005940594059405835,0.05000000000000071,-0.14999999999999858,25.1,25.15,25.2,25.25,292.0,44.0,4230.0,34331.0,False,False
5880,2022-10-28 11:26:24.677956,0.001988071570576677,-0.005940594059405835,0.05000000000000071,-0.14999999999999858,25.1,25.15,25.2,25.25,292.0,42.0,4230.0,34331.0,False,False
5880,2022-10-28 11:26:24.762724,0.001988071570576677,-0.005940594059405835,0.05000000000000071,-0.14999999999999858,25.1,25.15,25.2,25.25,291.0,42.0,4230.0,34331.0,False,False
5880,2022-10-28 11:26:32.372333,0.001988071570576677,-0.005940594059405835,0.05000000000000071,-0.14999999999999858,25.1,25.15,25.2,25.25,287.0,42.0,4230.0,34331.0,False,False
5880,2022-10-28 11:26:32.374179,0.001988071570576677,-0.005940594059405835,0.05000000000000071,-0.14999999999999858,25.1,25.15,25.2,25.25,287.0,38.0,4230.0,34331.0,False,False
5880,2022-10-28 11:26:33.239679,0.001988071570576677,-0.005940594059405835,0.05000000000000071,-0.14999999999999858,25.1,25.15,25.2,25.25,287.0,41.0,4230.0,34331.0,False,False
5880,2022-10-28 11:26:33.316774,0.001988071570576677,-0.005940594059405835,0.05000000000000071,-0.14999999999999858,25.1,25.15,25.2,25.25,286.0,40.0,4230.0,34331.0,False,False
5880,2022-10-28 11:26:33.315094,0.001988071570576677,-0.005940594059405835,0.05000000000000071,-0.14999999999999858,25.1,25.15,25.2,25.25,286.0,41.0,4230.0,34331.0,False,False
5880,2022-10-28 11:26:33.392577,0.001988071570576677,-0.005940594059405835,0.05000000000000071,-0.14999999999999858,25.1,25.15,25.2,25.25,286.0,39.0,4230.0,34331.0,False,False
5880,2022-10-28 11:26:37.889132,0.001988071570576677,-0.005940594059405835,0.05000000000000071,-0.14999999999999858,25.1,25.15,25.2,25.25,292.0,39.0,4230.0,34331.0,False,False
5880,2022-10-28 11:26:45.862519,0.001988071570576677,-0.005940594059405835,0.05000000000000071,-0.14999999999999858,25.1,25.15,25.2,25.25,292.0,39.0,4265.0,34331.0,True,True
5880,2022-10-28 11:26:52.913493,0.001988071570576677,-0.005940594059405835,0.05000000000000071,-0.14999999999999858,25.1,25.15,25.2,25.25,292.0,39.0,4265.0,34331.0,False,False
5880,2022-10-28 11:26:52.915338,0.001988071570576677,-0.005940594059405835,0.05000000000000071,-0.14999999999999858,25.1,25.15,25.2,25.25,292.0,39.0,4265.0,34331.0,False,False
5880,2022-10-28 11:26:58.959146,0.001988071570576677,-0.005940594059405835,0.05000000000000071,-0.14999999999999858,25.1,25.15,25.2,25.25,292.0,42.0,4265.0,34331.0,False,False
5880,2022-10-28 11:27:05.921316,0.001988071570576677,-0.005940594059405835,0.05000000000000071,-0.14999999999999858,25.1,25.15,25.2,25.25,292.0,42.0,4265.0,34331.0,True,True
5880,2022-10-28 11:27:08.941398,0.001988071570576677,-0.005940594059405835,0.05000000000000071,-0.14999999999999858,25.1,25.15,25.2,25.25,291.0,42.0,4265.0,34331.0,False,False
5880,2022-10-28 11:27:12.854202,0.001988071570576677,-0.005940594059405835,0.05000000000000071,-0.14999999999999858,25.1,25.15,25.2,25.25,341.0,42.0,4265.0,34331.0,False,False
