ts,close,volume,bid_price,bid_volume,ask_price,ask_volume,tick_type,datetime
1660640409982120000,13.85,150,13.8,28,13.85,21,2,2022-08-16 09:00:09
1660640410025542000,13.8,28,13.75,13,13.85,21,2,2022-08-16 09:00:10
1660640410074017000,13.75,13,13.7,29,13.85,21,2,2022-08-16 09:00:10
1660640414440724000,13.7,2,13.7,27,13.8,2,2,2022-08-16 09:00:14
1660640417393806000,13.8,1,13.7,27,13.8,5,1,2022-08-16 09:00:17
1660640421908853000,13.7,2,13.7,26,13.8,22,2,2022-08-16 09:00:21
1660640429059430000,13.7,4,13.7,28,13.75,18,2,2022-08-16 09:00:29
1660640429059478000,13.7,2,13.7,26,13.75,18,2,2022-08-16 09:00:29
1660640429059581000,13.7,4,13.7,22,13.75,18,2,2022-08-16 09:00:29
1660640429923650000,13.7,4,13.7,19,13.75,18,2,2022-08-16 09:00:29
1660640429923780000,13.7,4,13.7,15,13.75,18,2,2022-08-16 09:00:29
1660640429960401000,13.7,15,13.65,9,13.75,18,2,2022-08-16 09:00:29
1660640430363168000,13.75,10,13.65,9,13.75,8,1,2022-08-16 09:00:30
1660640433399970000,13.75,1,13.65,9,13.75,7,1,2022-08-16 09:00:33
1660640434359487000,13.65,2,13.65,9,13.7,13,2,2022-08-16 09:00:34
1660640434853544000,13.65,2,13.65,5,13.7,13,2,2022-08-16 09:00:34
1660640434853676000,13.65,4,13.65,1,13.7,13,2,2022-08-16 09:00:34
1660640434853806000,13.65,1,13.6,26,13.65,3,2,2022-08-16 09:00:34
1660640435386192000,13.65,4,13.6,26,13.7,13,1,2022-08-16 09:00:35
1660640435386192000,13.7,1,13.6,26,13.7,13,1,2022-08-16 09:00:35
1660640439154346000,13.65,1,13.6,26,13.65,3,1,2022-08-16 09:00:39
1660640439501195000,13.65,1,13.6,26,13.65,2,1,2022-08-16 09:00:39
1660640440362502000,13.65,1,13.6,26,13.65,1,1,2022-08-16 09:00:40
1660640444412182000,13.6,1,13.6,25,13.65,1,2,2022-08-16 09:00:44
1660640444690835000,13.65,1,13.6,25,13.7,16,1,2022-08-16 09:00:44
1660640445891227000,13.65,1,13.6,25,13.7,17,2,2022-08-16 09:00:45
1660640447144358000,13.6,1,13.6,25,13.65,8,2,2022-08-16 09:00:47
1660640448254852000,13.65,1,13.6,24,13.65,27,1,2022-08-16 09:00:48
1660640457135336000,13.6,6,13.6,18,13.65,27,2,2022-08-16 09:00:57
1660640457751352000,13.6,1,13.6,17,13.65,20,2,2022-08-16 09:00:57
1660640459657577000,13.6,7,13.6,10,13.65,20,2,2022-08-16 09:00:59
1660640459703455000,13.6,10,13.55,7,13.65,20,2,2022-08-16 09:00:59
1660640462124532000,13.6,1,13.55,7,13.65,20,2,2022-08-16 09:01:02
1660640462522034000,13.6,5,13.55,7,13.65,20,2,2022-08-16 09:01:02
1660640463866497000,13.55,5,13.5,27,13.6,5,2,2022-08-16 09:01:03
1660640467742556000,13.6,2,13.55,3,13.6,31,1,2022-08-16 09:01:07
1660640470701908000,13.55,10,13.5,25,13.6,29,2,2022-08-16 09:01:10
1660640473589945000,13.55,1,13.55,4,13.6,29,2,2022-08-16 09:01:13
1660640473625354000,13.55,4,13.5,25,13.6,29,2,2022-08-16 09:01:13
1660640479947646000,13.55,1,13.5,25,13.55,3,1,2022-08-16 09:01:19
1660640483508903000,13.5,1,13.5,24,13.55,3,2,2022-08-16 09:01:23
1660640484369511000,13.5,1,13.5,23,13.55,4,2,2022-08-16 09:01:24
1660640484735564000,13.55,1,13.5,23,13.55,3,1,2022-08-16 09:01:24
1660640485552687000,13.5,15,13.5,8,13.55,3,2,2022-08-16 09:01:25
1660640488906105000,13.5,2,13.5,6,13.55,11,2,2022-08-16 09:01:28
1660640488936847000,13.5,6,13.45,3,13.55,11,2,2022-08-16 09:01:28
1660640490378527000,13.5,1,13.45,9,13.55,11,2,2022-08-16 09:01:30
1660640490610490000,13.45,9,13.4,18,13.5,1,2,2022-08-16 09:01:30
1660640492204089000,13.5,1,13.45,4,13.5,2,1,2022-08-16 09:01:32
1660640494180004000,13.45,4,13.4,22,13.45,1,2,2022-08-16 09:01:34
1660640496789280000,13.45,1,13.4,22,13.55,12,1,2022-08-16 09:01:36
1660640496789280000,13.5,1,13.4,22,13.55,12,1,2022-08-16 09:01:36
1660640501425056000,13.5,1,13.45,9,13.55,12,1,2022-08-16 09:01:41
1660640505087047000,13.5,1,13.45,10,13.55,11,2,2022-08-16 09:01:45
1660640507479694000,13.5,1,13.45,10,13.55,10,1,2022-08-16 09:01:47
1660640508969925000,13.5,2,13.5,3,13.55,8,1,2022-08-16 09:01:48
1660640514442917000,13.5,1,13.5,3,13.55,8,2,2022-08-16 09:01:54
1660640517933009000,13.55,2,13.5,14,13.55,6,1,2022-08-16 09:01:57
1660640517964207000,13.55,6,13.5,14,13.6,28,1,2022-08-16 09:01:57
1660640524118602000,13.55,3,13.55,19,13.6,28,2,2022-08-16 09:02:04
1660640528320832000,13.55,1,13.55,18,13.6,28,2,2022-08-16 09:02:08
1660640544354131000,13.6,1,13.55,20,13.6,27,1,2022-08-16 09:02:24
1660640546644286000,13.55,1,13.55,19,13.6,27,2,2022-08-16 09:02:26
1660640553359912000,13.55,3,13.55,16,13.6,27,2,2022-08-16 09:02:33
1660640553829238000,13.6,2,13.55,16,13.6,25,1,2022-08-16 09:02:33
1660640561482110000,13.6,10,13.55,31,13.6,15,1,2022-08-16 09:02:41
1660640564269865000,13.6,1,13.55,31,13.6,14,1,2022-08-16 09:02:44
1660640565923455000,13.6,5,13.55,34,13.6,9,1,2022-08-16 09:02:45
1660640567989043000,13.6,1,13.55,34,13.6,8,1,2022-08-16 09:02:47
1660640568772477000,13.6,1,13.55,34,13.6,8,1,2022-08-16 09:02:48
1660640570547758000,13.6,1,13.55,34,13.6,7,1,2022-08-16 09:02:50
1660640571326492000,13.6,2,13.55,34,13.6,6,1,2022-08-16 09:02:51
1660640572580987000,13.6,1,13.55,34,13.6,5,1,2022-08-16 09:02:52
1660640574734366000,13.6,3,13.55,34,13.6,2,1,2022-08-16 09:02:54
1660640577150316000,13.6,1,13.55,34,13.6,1,1,2022-08-16 09:02:57
1660640578591890000,13.6,1,13.55,35,13.65,14,1,2022-08-16 09:02:58
1660640586279267000,13.6,1,13.6,1,13.65,14,2,2022-08-16 09:03:06
1660640587043285000,13.6,1,13.6,1,13.65,14,2,2022-08-16 09:03:07
1660640587772017000,13.6,2,13.55,45,13.65,14,2,2022-08-16 09:03:07
1660640599061178000,13.6,3,13.55,60,13.65,14,2,2022-08-16 09:03:19
1660640602455937000,13.65,14,13.65,1,13.7,17,1,2022-08-16 09:03:22
1660640602483390000,13.65,1,13.55,45,13.7,17,2,2022-08-16 09:03:22
1660640604130389000,13.6,4,13.6,9,13.7,17,1,2022-08-16 09:03:24
1660640608295821000,13.6,9,13.55,45,13.7,24,2,2022-08-16 09:03:28
1660640610354834000,13.65,5,13.55,45,13.7,24,2,2022-08-16 09:03:30
1660640616389373000,13.6,1,13.55,45,13.7,20,1,2022-08-16 09:03:36
1660640628243934000,13.6,1,13.55,44,13.6,11,1,2022-08-16 09:03:48
1660640633667467000,13.6,5,13.55,44,13.6,6,1,2022-08-16 09:03:53
1660640636673563000,13.6,1,13.55,46,13.6,6,1,2022-08-16 09:03:56
1660640638399858000,13.6,1,13.55,47,13.6,5,1,2022-08-16 09:03:58
1660640640210191000,13.6,1,13.55,47,13.6,4,1,2022-08-16 09:04:00
1660640642383599000,13.6,5,13.55,47,13.65,3,1,2022-08-16 09:04:02
1660640643713468000,13.6,5,13.55,47,13.65,24,2,2022-08-16 09:04:03
1660640648611585000,13.6,2,13.55,47,13.6,23,1,2022-08-16 09:04:08
1660640651608243000,13.6,20,13.55,47,13.6,6,1,2022-08-16 09:04:11
1660640653245042000,13.6,9,13.6,1,13.65,24,1,2022-08-16 09:04:13
1660640653277064000,13.6,1,13.55,47,13.6,2,2,2022-08-16 09:04:13
1660640655822338000,13.6,2,13.55,47,13.65,24,2,2022-08-16 09:04:15
1660640675783939000,13.6,1,13.55,48,13.65,31,2,2022-08-16 09:04:35
1660640697636194000,13.6,1,13.6,9,13.65,33,2,2022-08-16 09:04:57
1660640697813011000,13.6,3,13.6,6,13.65,33,2,2022-08-16 09:04:57
1660640703809798000,13.6,1,13.6,6,13.65,33,2,2022-08-16 09:05:03
1660640703844091000,13.6,6,13.55,46,13.65,33,2,2022-08-16 09:05:03
1660640704736925000,13.55,37,13.55,9,13.6,2,2,2022-08-16 09:05:04
1660640704737059000,13.55,6,13.55,3,13.6,2,2,2022-08-16 09:05:04
1660640704773803000,13.55,3,13.5,21,13.6,2,2,2022-08-16 09:05:04
1660640720466828000,13.55,1,13.5,23,13.6,10,2,2022-08-16 09:05:20
1660640732042431000,13.6,10,13.5,25,13.6,5,1,2022-08-16 09:05:32
1660640739245163000,13.55,10,13.5,29,13.6,6,1,2022-08-16 09:05:39
1660640748230282000,13.55,1,13.5,25,13.6,15,2,2022-08-16 09:05:48
1660640761843522000,13.5,1,13.5,27,13.55,1,2,2022-08-16 09:06:01
1660640762575108000,13.55,1,13.5,27,13.6,15,1,2022-08-16 09:06:02
1660640773099272000,13.65,1,13.5,38,13.65,14,1,2022-08-16 09:06:13
1660640777360771000,13.55,1,13.55,3,13.65,14,2,2022-08-16 09:06:17
1660640782916705000,13.5,10,13.5,43,13.65,18,2,2022-08-16 09:06:22
1660640800114970000,13.6,4,13.55,4,13.65,14,1,2022-08-16 09:06:40
1660640800240759000,13.55,1,13.55,4,13.65,14,2,2022-08-16 09:06:40
1660640807313924000,13.55,1,13.55,2,13.65,14,2,2022-08-16 09:06:47
1660640825167584000,13.55,2,13.55,6,13.65,14,2,2022-08-16 09:07:05
1660640829729207000,13.6,2,13.55,5,13.6,5,1,2022-08-16 09:07:09
1660640829804311000,13.6,5,13.55,8,13.65,15,1,2022-08-16 09:07:09
1660640830149603000,13.55,1,13.55,7,13.65,15,2,2022-08-16 09:07:10
1660640878247178000,13.6,1,13.6,2,13.65,15,2,2022-08-16 09:07:58
1660640891594691000,13.65,5,13.6,15,13.65,10,1,2022-08-16 09:08:11
1660640891630539000,13.65,10,13.6,15,13.7,4,1,2022-08-16 09:08:11
1660640891719821000,13.7,3,13.6,15,13.7,4,1,2022-08-16 09:08:11
1660640892645536000,13.7,1,13.6,15,13.75,8,1,2022-08-16 09:08:12
1660640892956917000,13.6,1,13.6,18,13.75,8,2,2022-08-16 09:08:12
1660640926537658000,13.65,1,13.65,1,13.7,2,2,2022-08-16 09:08:46
1660640937494475000,13.7,1,13.65,2,13.7,1,1,2022-08-16 09:08:57
1660640952322869000,13.65,2,13.6,11,13.7,2,2,2022-08-16 09:09:12
1660640952322869000,13.6,8,13.6,11,13.7,2,2,2022-08-16 09:09:12
1660640971401726000,13.65,1,13.6,16,13.7,16,2,2022-08-16 09:09:31
1660640972195995000,13.6,15,13.6,1,13.7,16,2,2022-08-16 09:09:32
1660640972238965000,13.6,1,13.55,72,13.7,16,2,2022-08-16 09:09:32
1660640983218133000,13.6,1,13.55,69,13.6,9,1,2022-08-16 09:09:43
1660640983328603000,13.6,1,13.55,69,13.6,8,1,2022-08-16 09:09:43
1660640989708348000,13.6,5,13.55,70,13.6,3,1,2022-08-16 09:09:49
1660640992394392000,13.6,3,13.6,2,13.65,21,1,2022-08-16 09:09:52
1660641018375329000,13.6,2,13.6,2,13.65,6,2,2022-08-16 09:10:18
1660641024299558000,13.65,1,13.6,7,13.65,5,1,2022-08-16 09:10:24
1660641046969699000,13.65,2,13.65,8,13.7,14,1,2022-08-16 09:10:46
1660641067281640000,13.7,10,13.65,10,13.7,4,1,2022-08-16 09:11:07
1660641067312956000,13.7,4,13.65,10,13.75,8,1,2022-08-16 09:11:07
1660641073868507000,13.7,1,13.65,10,13.7,4,1,2022-08-16 09:11:13
1660641073957543000,13.7,4,13.65,13,13.75,8,1,2022-08-16 09:11:13
1660641084305468000,13.75,1,13.7,1,13.75,7,1,2022-08-16 09:11:24
1660641099376993000,13.75,1,13.7,11,13.75,7,1,2022-08-16 09:11:39
1660641103395088000,13.75,3,13.7,11,13.75,5,1,2022-08-16 09:11:43
1660641105939181000,13.7,7,13.7,4,13.75,12,2,2022-08-16 09:11:45
1660641105972832000,13.7,1,13.7,3,13.75,12,2,2022-08-16 09:11:45
1660641106682304000,13.75,1,13.7,3,13.75,11,1,2022-08-16 09:11:46
1660641121230358000,13.75,1,13.7,3,13.75,11,1,2022-08-16 09:12:01
1660641121581776000,13.75,3,13.7,3,13.75,8,1,2022-08-16 09:12:01
1660641122346473000,13.7,1,13.7,5,13.75,8,2,2022-08-16 09:12:02
1660641180323680000,13.7,1,13.7,36,13.75,8,2,2022-08-16 09:13:00
1660641184575783000,13.75,5,13.7,36,13.75,3,1,2022-08-16 09:13:04
1660641192933945000,13.75,2,13.7,36,13.75,3,1,2022-08-16 09:13:12
1660641193736029000,13.75,2,13.7,36,13.8,6,1,2022-08-16 09:13:13
1660641205503424000,13.75,1,13.75,4,13.8,7,2,2022-08-16 09:13:25
1660641206430506000,13.75,2,13.75,2,13.8,7,2,2022-08-16 09:13:26
1660641207016734000,13.8,5,13.75,2,13.8,2,1,2022-08-16 09:13:27
1660641208039004000,13.75,2,13.7,78,13.8,2,2,2022-08-16 09:13:28
1660641242859172000,13.75,10,13.7,40,13.8,3,2,2022-08-16 09:14:02
1660641253756130000,13.75,1,13.7,39,13.75,3,1,2022-08-16 09:14:13
1660641275818205000,13.75,1,13.7,39,13.75,2,1,2022-08-16 09:14:35
1660641299061417000,13.75,1,13.7,41,13.75,2,1,2022-08-16 09:14:59
1660641301658782000,13.75,1,13.7,41,13.75,1,1,2022-08-16 09:15:01
1660641341017621000,13.75,2,13.7,43,13.75,6,1,2022-08-16 09:15:41
1660641354322130000,13.75,5,13.7,43,13.75,1,1,2022-08-16 09:15:54
1660641356981704000,13.75,1,13.75,9,13.8,6,1,2022-08-16 09:15:56
1660641357055920000,13.75,1,13.75,9,13.8,6,2,2022-08-16 09:15:57
1660641367172367000,13.75,8,13.7,43,13.8,7,2,2022-08-16 09:16:07
1660641367206143000,13.7,1,13.7,42,13.8,7,2,2022-08-16 09:16:07
1660641382048030000,13.7,12,13.7,30,13.8,8,2,2022-08-16 09:16:22
1660641387219587000,13.75,2,13.75,8,13.8,8,2,2022-08-16 09:16:27
1660641387220151000,13.75,8,13.7,30,13.8,8,2,2022-08-16 09:16:27
1660641414952617000,13.75,1,13.7,30,13.75,29,1,2022-08-16 09:16:54
1660641419513965000,13.75,1,13.7,30,13.75,28,1,2022-08-16 09:16:59
1660641426069418000,13.7,1,13.7,29,13.75,23,2,2022-08-16 09:17:06
1660641462370600000,13.75,5,13.75,5,13.8,8,1,2022-08-16 09:17:42
1660641462396013000,13.75,5,13.7,29,13.8,8,2,2022-08-16 09:17:42
1660641490350999000,13.75,1,13.7,24,13.8,10,2,2022-08-16 09:18:10
1660641492510029000,13.75,5,13.7,24,13.8,9,1,2022-08-16 09:18:12
1660641502676293000,13.7,1,13.7,24,13.75,1,2,2022-08-16 09:18:22
1660641514810262000,13.7,1,13.7,23,13.8,28,2,2022-08-16 09:18:34
1660641523013655000,13.7,1,13.7,23,13.75,1,2,2022-08-16 09:18:43
1660641543178127000,13.7,3,13.7,18,13.75,21,2,2022-08-16 09:19:03
1660641543871971000,13.7,18,13.65,23,13.7,2,2,2022-08-16 09:19:03
1660641543906173000,13.7,2,13.65,23,13.75,1,1,2022-08-16 09:19:03
1660641564414067000,13.7,1,13.65,25,13.75,2,2,2022-08-16 09:19:24
1660641567737746000,13.7,2,13.65,28,13.75,2,1,2022-08-16 09:19:27
1660641620378990000,13.75,1,13.7,1,13.75,7,1,2022-08-16 09:20:20
1660641665149311000,13.75,2,13.7,69,13.75,4,1,2022-08-16 09:21:05
1660641665187532000,13.75,4,13.7,69,13.8,4,1,2022-08-16 09:21:05
1660641667879167000,13.7,32,13.7,75,13.8,6,2,2022-08-16 09:21:07
1660641694461652000,13.7,20,13.7,24,13.75,2,2,2022-08-16 09:21:34
1660641718225602000,13.7,2,13.7,22,13.75,3,2,2022-08-16 09:21:58
1660641718272619000,13.75,3,13.7,22,13.8,5,1,2022-08-16 09:21:58
1660641718272619000,13.8,2,13.7,22,13.8,5,1,2022-08-16 09:21:58
1660641726244988000,13.75,1,13.75,6,13.8,13,2,2022-08-16 09:22:06
1660641726272872000,13.75,6,13.7,22,13.8,9,2,2022-08-16 09:22:06
1660641757832005000,13.75,2,13.7,37,13.75,3,1,2022-08-16 09:22:37
1660641769794972000,13.75,2,13.7,39,13.75,1,1,2022-08-16 09:22:49
1660641782762651000,13.75,1,13.7,39,13.8,6,1,2022-08-16 09:23:02
1660641802458542000,13.75,3,13.7,35,13.8,11,2,2022-08-16 09:23:22
1660641802458542000,13.7,2,13.7,35,13.8,11,2,2022-08-16 09:23:22
1660641815291778000,13.7,1,13.7,34,13.75,29,2,2022-08-16 09:23:35
1660641815329571000,13.7,4,13.7,30,13.75,29,2,2022-08-16 09:23:35
1660641815360395000,13.7,30,13.65,11,13.75,29,2,2022-08-16 09:23:35
1660641822233569000,13.65,2,13.65,9,13.7,12,2,2022-08-16 09:23:42
1660641836383584000,13.7,2,13.65,9,13.7,11,1,2022-08-16 09:23:56
1660641860878619000,13.65,1,13.65,7,13.7,13,2,2022-08-16 09:24:20
1660641866059647000,13.65,1,13.65,6,13.7,16,2,2022-08-16 09:24:26
1660641866092379000,13.65,6,13.6,22,13.7,16,2,2022-08-16 09:24:26
1660641874044706000,13.65,2,13.6,29,13.7,16,1,2022-08-16 09:24:34
1660641895905316000,13.6,1,13.6,28,13.7,22,2,2022-08-16 09:24:55
1660641926724918000,13.6,3,13.6,24,13.7,22,2,2022-08-16 09:25:26
1660641927168542000,13.6,2,13.6,22,13.7,22,2,2022-08-16 09:25:27
1660641942958173000,13.6,2,13.6,20,13.65,1,2,2022-08-16 09:25:42
1660641944752251000,13.6,3,13.6,21,13.65,2,2,2022-08-16 09:25:44
1660641948283466000,13.6,6,13.6,12,13.65,3,2,2022-08-16 09:25:48
1660641950503127000,13.6,6,13.6,6,13.65,7,2,2022-08-16 09:25:50
1660641950531353000,13.6,6,13.55,44,13.65,7,2,2022-08-16 09:25:50
1660641970880519000,13.6,1,13.55,46,13.65,3,2,2022-08-16 09:26:10
1660641981172606000,13.6,5,13.6,2,13.65,3,2,2022-08-16 09:26:21
1660641981180240000,13.65,3,13.6,2,13.7,17,1,2022-08-16 09:26:21
1660641996520826000,13.6,1,13.55,50,13.65,2,2,2022-08-16 09:26:36
1660642006300985000,13.6,1,13.6,1,13.65,2,1,2022-08-16 09:26:46
1660642008239494000,13.6,1,13.55,50,13.6,2,2,2022-08-16 09:26:48
1660642008259398000,13.6,2,13.55,50,13.6,2,1,2022-08-16 09:26:48
1660642030221016000,13.6,1,13.55,46,13.65,8,2,2022-08-16 09:27:10
1660642053587247000,13.6,1,13.55,40,13.6,2,1,2022-08-16 09:27:33
1660642053657531000,13.6,2,13.55,43,13.65,9,1,2022-08-16 09:27:33
1660642060882867000,13.55,32,13.55,8,13.65,9,2,2022-08-16 09:27:40
1660642060916487000,13.55,8,13.5,106,13.65,9,2,2022-08-16 09:27:40
1660642073253198000,13.6,2,13.6,1,13.65,12,2,2022-08-16 09:27:53
1660642073284376000,13.6,1,13.55,5,13.65,12,2,2022-08-16 09:27:53
1660642076527503000,13.55,1,13.55,4,13.65,12,2,2022-08-16 09:27:56
1660642093773800000,13.6,2,13.55,11,13.65,15,1,2022-08-16 09:28:13
1660642122627811000,13.6,1,13.55,13,13.6,4,1,2022-08-16 09:28:42
1660642122650908000,13.6,4,13.55,13,13.65,11,1,2022-08-16 09:28:42
1660642149794776000,13.6,1,13.55,15,13.6,3,1,2022-08-16 09:29:09
1660642195325291000,13.6,4,13.55,28,13.65,10,1,2022-08-16 09:29:55
1660642226569370000,13.6,1,13.55,28,13.6,3,1,2022-08-16 09:30:26
1660642232222065000,13.6,3,13.55,28,13.65,6,1,2022-08-16 09:30:32
1660642250543648000,13.6,6,13.55,39,13.65,6,2,2022-08-16 09:30:50
1660642322895236000,13.6,3,13.6,11,13.65,7,2,2022-08-16 09:32:02
1660642326111507000,13.6,9,13.6,1,13.65,7,2,2022-08-16 09:32:06
1660642326145237000,13.6,1,13.55,39,13.65,7,2,2022-08-16 09:32:06
1660642334518298000,13.6,2,13.55,39,13.6,2,1,2022-08-16 09:32:14
1660642343373070000,13.55,1,13.55,38,13.65,7,2,2022-08-16 09:32:23
1660642344470654000,13.55,1,13.55,37,13.65,7,2,2022-08-16 09:32:24
1660642364755210000,13.6,2,13.55,42,13.65,7,1,2022-08-16 09:32:44
1660642420393036000,13.55,10,13.55,33,13.65,12,2,2022-08-16 09:33:40
1660642420510147000,13.55,1,13.55,35,13.65,12,2,2022-08-16 09:33:40
1660642430110935000,13.6,2,13.55,36,13.65,11,1,2022-08-16 09:33:50
1660642430197430000,13.6,2,13.6,1,13.65,11,2,2022-08-16 09:33:50
1660642443709071000,13.6,1,13.55,36,13.6,6,2,2022-08-16 09:34:03
1660642443724737000,13.6,6,13.55,36,13.65,11,1,2022-08-16 09:34:03
1660642473011653000,13.6,1,13.6,3,13.65,11,2,2022-08-16 09:34:33
1660642494437171000,13.6,1,13.6,7,13.65,11,2,2022-08-16 09:34:54
1660642565295026000,13.65,11,13.65,1,13.7,12,1,2022-08-16 09:36:05
1660642565382116000,13.65,3,13.65,1,13.7,12,2,2022-08-16 09:36:05
1660642565413549000,13.65,1,13.6,7,13.7,12,2,2022-08-16 09:36:05
1660642623983415000,13.65,1,13.6,13,13.65,1,1,2022-08-16 09:37:03
1660642631006149000,13.6,4,13.6,9,13.65,2,2,2022-08-16 09:37:11
1660642679450544000,13.6,2,13.6,13,13.65,2,2,2022-08-16 09:37:59
1660642847165597000,13.65,1,13.6,45,13.65,4,1,2022-08-16 09:40:47
1660642869317176000,13.65,2,13.6,46,13.65,2,1,2022-08-16 09:41:09
1660642879218375000,13.65,2,13.6,46,13.7,13,1,2022-08-16 09:41:19
1660642932293149000,13.65,1,13.6,44,13.7,14,2,2022-08-16 09:42:12
1660642958434251000,13.6,3,13.6,42,13.7,15,2,2022-08-16 09:42:38
1660642987640011000,13.7,1,13.6,42,13.7,20,1,2022-08-16 09:43:07
1660643004085023000,13.65,1,13.6,43,13.65,15,1,2022-08-16 09:43:24
1660643007802921000,13.65,1,13.6,42,13.65,14,1,2022-08-16 09:43:27
1660643085160241000,13.6,1,13.6,42,13.65,15,2,2022-08-16 09:44:45
1660643086488724000,13.65,5,13.6,42,13.65,10,1,2022-08-16 09:44:46
1660643115524166000,13.65,1,13.6,42,13.65,9,1,2022-08-16 09:45:15
1660643154297647000,13.6,16,13.6,26,13.65,8,2,2022-08-16 09:45:54
1660643164940694000,13.6,21,13.6,5,13.65,8,2,2022-08-16 09:46:04
1660643164973928000,13.6,2,13.6,3,13.65,8,2,2022-08-16 09:46:04
1660643164974226000,13.6,3,13.55,45,13.65,8,2,2022-08-16 09:46:04
1660643201808855000,13.6,1,13.55,49,13.65,8,1,2022-08-16 09:46:41
1660643214126003000,13.55,1,13.55,48,13.65,8,2,2022-08-16 09:46:54
1660643251033598000,13.6,3,13.55,53,13.65,9,2,2022-08-16 09:47:31
1660643266760154000,13.6,1,13.6,12,13.65,9,2,2022-08-16 09:47:46
1660643477883870000,13.6,11,13.55,35,13.65,10,2,2022-08-16 09:51:17
1660643477883870000,13.55,21,13.55,35,13.65,10,2,2022-08-16 09:51:17
1660643530480420000,13.55,1,13.55,34,13.6,3,2,2022-08-16 09:52:10
1660643569886846000,13.55,30,13.55,6,13.6,5,2,2022-08-16 09:52:49
1660643569917100000,13.55,6,13.5,125,13.6,5,2,2022-08-16 09:52:49
1660643608805426000,13.6,5,13.55,16,13.65,8,1,2022-08-16 09:53:28
1660643621636372000,13.6,1,13.55,16,13.65,13,1,2022-08-16 09:53:41
1660643622422404000,13.55,2,13.55,14,13.65,13,2,2022-08-16 09:53:42
1660643715449857000,13.55,2,13.55,16,13.6,1,2,2022-08-16 09:55:15
1660643735870649000,13.55,1,13.55,15,13.6,1,2,2022-08-16 09:55:35
1660643780222720000,13.6,1,13.55,24,13.65,16,1,2022-08-16 09:56:20
1660643784175037000,13.65,1,13.55,24,13.65,15,1,2022-08-16 09:56:24
1660643789072805000,13.65,1,13.55,24,13.65,14,1,2022-08-16 09:56:29
1660643812389118000,13.55,1,13.55,25,13.65,21,2,2022-08-16 09:56:52
1660643850246757000,13.6,1,13.6,12,13.65,21,2,2022-08-16 09:57:30
1660643918626993000,13.6,1,13.6,12,13.65,17,2,2022-08-16 09:58:38
1660643920342834000,13.6,5,13.6,7,13.65,17,2,2022-08-16 09:58:40
1660644003466628000,13.6,1,13.6,12,13.65,17,2,2022-08-16 10:00:03
1660644097406024000,13.6,5,13.6,14,13.65,17,2,2022-08-16 10:01:37
1660644153253283000,13.65,17,13.6,54,13.7,22,1,2022-08-16 10:02:33
1660644156572493000,13.65,1,13.65,6,13.7,22,2,2022-08-16 10:02:36
1660644186860185000,13.65,1,13.65,9,13.7,22,2,2022-08-16 10:03:06
1660644201521650000,13.7,15,13.65,38,13.7,7,1,2022-08-16 10:03:21
1660644201549789000,13.7,7,13.65,38,13.75,29,1,2022-08-16 10:03:21
1660644259430700000,13.7,5,13.7,3,13.75,35,2,2022-08-16 10:04:19
1660644281189845000,13.75,6,13.7,15,13.75,29,1,2022-08-16 10:04:41
1660644286607550000,13.75,5,13.7,15,13.75,24,1,2022-08-16 10:04:46
1660644295457490000,13.75,3,13.7,15,13.75,21,1,2022-08-16 10:04:55
1660644296767782000,13.75,1,13.7,15,13.75,20,1,2022-08-16 10:04:56
1660644300735283000,13.75,3,13.7,15,13.75,12,1,2022-08-16 10:05:00
1660644305244325000,13.75,10,13.7,15,13.75,2,1,2022-08-16 10:05:05
1660644305276473000,13.75,2,13.7,15,13.8,40,1,2022-08-16 10:05:05
1660644308478439000,13.75,1,13.7,17,13.8,40,1,2022-08-16 10:05:08
1660644318578818000,13.75,1,13.75,5,13.8,45,2,2022-08-16 10:05:18
1660644358201110000,13.8,3,13.75,7,13.8,42,1,2022-08-16 10:05:58
1660644369870526000,13.75,3,13.75,6,13.8,37,2,2022-08-16 10:06:09
1660644372220633000,13.75,1,13.75,5,13.8,37,2,2022-08-16 10:06:12
1660644388296549000,13.75,2,13.75,3,13.8,37,2,2022-08-16 10:06:28
1660644391027122000,13.75,3,13.7,14,13.75,17,2,2022-08-16 10:06:31
1660644391066491000,13.75,4,13.7,14,13.75,13,1,2022-08-16 10:06:31
1660644391142331000,13.75,1,13.7,15,13.75,13,1,2022-08-16 10:06:31
1660644391214866000,13.75,6,13.7,16,13.75,6,1,2022-08-16 10:06:31
1660644391296820000,13.75,6,13.7,19,13.8,37,1,2022-08-16 10:06:31
1660644405506502000,13.8,1,13.75,12,13.8,56,1,2022-08-16 10:06:45
1660644414805649000,13.75,8,13.75,4,13.8,57,2,2022-08-16 10:06:54
1660644431711999000,13.75,2,13.75,2,13.8,57,2,2022-08-16 10:07:11
1660644449512220000,13.8,10,13.75,2,13.8,47,1,2022-08-16 10:07:29
1660644461383787000,13.75,1,13.75,1,13.8,47,2,2022-08-16 10:07:41
1660644476467089000,13.75,3,13.7,19,13.75,17,2,2022-08-16 10:07:56
1660644614615932000,13.7,1,13.7,23,13.75,34,2,2022-08-16 10:10:14
1660644625217045000,13.7,1,13.7,22,13.75,34,2,2022-08-16 10:10:25
1660644636361745000,13.7,2,13.7,21,13.75,44,2,2022-08-16 10:10:36
1660644668786412000,13.7,6,13.7,13,13.75,48,2,2022-08-16 10:11:08
1660644668820460000,13.7,13,13.65,21,13.75,48,2,2022-08-16 10:11:08
1660644689576450000,13.65,10,13.65,15,13.7,5,2,2022-08-16 10:11:29
1660644695249961000,13.65,1,13.65,14,13.7,5,2,2022-08-16 10:11:35
1660644811515344000,13.65,1,13.65,14,13.7,8,2,2022-08-16 10:13:31
1660644906784309000,13.7,3,13.65,13,13.7,5,1,2022-08-16 10:15:06
1660644979591561000,13.7,2,13.65,19,13.7,1,1,2022-08-16 10:16:19
1660644994737190000,13.7,1,13.65,19,13.75,55,1,2022-08-16 10:16:34
1660645016380521000,13.7,5,13.65,19,13.75,54,2,2022-08-16 10:16:56
1660645077635612000,13.7,2,13.65,27,13.7,11,1,2022-08-16 10:17:57
1660645129586517000,13.7,2,13.65,27,13.7,10,1,2022-08-16 10:18:49
1660645163641000000,13.65,1,13.65,26,13.7,9,2,2022-08-16 10:19:23
1660645181652437000,13.65,1,13.65,25,13.7,9,2,2022-08-16 10:19:41
1660645209735258000,13.7,9,13.65,25,13.75,51,1,2022-08-16 10:20:09
1660645265888954000,13.7,4,13.7,4,13.75,51,1,2022-08-16 10:21:05
1660645271374748000,13.7,4,13.65,25,13.75,53,2,2022-08-16 10:21:11
1660645347349792000,13.65,1,13.65,24,13.7,1,2,2022-08-16 10:22:27
1660645376251144000,13.65,1,13.65,28,13.7,1,2,2022-08-16 10:22:56
1660645405641538000,13.7,2,13.65,28,13.75,57,1,2022-08-16 10:23:25
1660645696692346000,13.7,2,13.65,33,13.75,60,1,2022-08-16 10:28:16
1660645789770104000,13.65,1,13.65,36,13.7,8,2,2022-08-16 10:29:49
1660645853045294000,13.7,5,13.65,36,13.7,4,1,2022-08-16 10:30:53
1660645894507648000,13.7,1,13.65,36,13.7,3,1,2022-08-16 10:31:34
1660645925900660000,13.7,3,13.7,2,13.75,56,1,2022-08-16 10:32:05
1660645956435064000,13.7,3,13.65,36,13.7,1,2,2022-08-16 10:32:36
1660645998910203000,13.65,20,13.65,16,13.7,8,2,2022-08-16 10:33:18
1660645998935427000,13.65,16,13.6,32,13.7,8,2,2022-08-16 10:33:18
1660646004686123000,13.7,2,13.6,31,13.7,8,1,2022-08-16 10:33:24
1660646038213387000,13.6,1,13.6,33,13.7,10,2,2022-08-16 10:33:58
1660646090592340000,13.6,1,13.6,34,13.65,5,2,2022-08-16 10:34:50
1660646140733833000,13.6,4,13.6,40,13.65,2,2,2022-08-16 10:35:40
1660646146077786000,13.6,4,13.6,33,13.65,3,2,2022-08-16 10:35:46
1660646505678615000,13.6,5,13.6,31,13.65,5,2,2022-08-16 10:41:45
1660646532231256000,13.6,8,13.6,23,13.65,5,2,2022-08-16 10:42:12
1660646559866663000,13.6,5,13.6,19,13.65,9,2,2022-08-16 10:42:39
1660646559897303000,13.6,19,13.55,68,13.65,9,2,2022-08-16 10:42:39
1660646694465020000,13.6,1,13.55,69,13.6,2,1,2022-08-16 10:44:54
1660646702228106000,13.6,1,13.55,68,13.6,3,1,2022-08-16 10:45:02
1660646721468277000,13.6,2,13.55,68,13.6,1,1,2022-08-16 10:45:21
1660646729143026000,13.6,1,13.55,68,13.65,6,1,2022-08-16 10:45:29
1660646764111265000,13.6,1,13.6,8,13.65,6,2,2022-08-16 10:46:04
1660646768849642000,13.6,7,13.6,1,13.65,6,2,2022-08-16 10:46:08
1660646768880276000,13.6,1,13.55,68,13.65,6,2,2022-08-16 10:46:08
1660646811846546000,13.55,3,13.55,62,13.65,16,2,2022-08-16 10:46:51
1660646856532263000,13.55,1,13.55,64,13.65,30,2,2022-08-16 10:47:36
1660646964326720000,13.55,2,13.55,58,13.6,1,2,2022-08-16 10:49:24
1660647005901232000,13.6,2,13.6,8,13.65,28,1,2022-08-16 10:50:05
1660647124804486000,13.6,8,13.55,60,13.65,27,2,2022-08-16 10:52:04
1660647314943712000,13.55,4,13.55,54,13.6,2,2,2022-08-16 10:55:14
1660647418233770000,13.6,2,13.6,8,13.65,26,1,2022-08-16 10:56:58
1660647510181291000,13.6,1,13.6,7,13.65,27,2,2022-08-16 10:58:30
1660647662304719000,13.6,5,13.6,6,13.65,27,2,2022-08-16 11:01:02
1660647748227903000,13.6,9,13.55,57,13.6,1,2,2022-08-16 11:02:28
1660647916382969000,13.55,30,13.55,30,13.6,3,2,2022-08-16 11:05:16
1660648253063123000,13.55,4,13.55,34,13.6,6,2,2022-08-16 11:10:53
1660648534262456000,13.55,5,13.55,51,13.6,7,2,2022-08-16 11:15:34
1660648792771125000,13.55,3,13.55,45,13.6,10,2,2022-08-16 11:19:52
1660648820552186000,13.55,14,13.55,31,13.6,10,2,2022-08-16 11:20:20
1660648901296333000,13.55,1,13.55,38,13.6,10,2,2022-08-16 11:21:41
1660648975682929000,13.55,6,13.55,22,13.6,10,2,2022-08-16 11:22:55
1660649046467272000,13.6,2,13.55,30,13.6,8,1,2022-08-16 11:24:06
1660649117984578000,13.55,1,13.55,29,13.6,13,2,2022-08-16 11:25:17
1660649165059177000,13.6,2,13.55,29,13.6,14,1,2022-08-16 11:26:05
1660649237859356000,13.55,1,13.55,28,13.6,14,2,2022-08-16 11:27:17
1660649363990045000,13.6,9,13.55,29,13.6,6,1,2022-08-16 11:29:23
1660649416955581000,13.55,1,13.55,30,13.6,3,2,2022-08-16 11:30:16
1660649418293535000,13.55,30,13.5,144,13.6,6,2,2022-08-16 11:30:18
1660649418293535000,13.5,2,13.5,144,13.6,6,2,2022-08-16 11:30:18
1660649421915131000,13.55,1,13.5,144,13.6,11,2,2022-08-16 11:30:21
1660649678350724000,13.55,1,13.55,20,13.6,11,2,2022-08-16 11:34:38
1660649703241691000,13.55,20,13.5,132,13.6,11,2,2022-08-16 11:35:03
1660649703241691000,13.5,12,13.5,132,13.6,11,2,2022-08-16 11:35:03
1660649925878948000,13.55,1,13.5,138,13.55,1,1,2022-08-16 11:38:45
1660649935279341000,13.55,1,13.55,2,13.6,25,1,2022-08-16 11:38:55
1660649935313575000,13.55,2,13.5,138,13.6,25,2,2022-08-16 11:38:55
1660649994786594000,13.55,1,13.55,4,13.6,25,1,2022-08-16 11:39:54
1660649994810920000,13.55,4,13.55,4,13.6,25,2,2022-08-16 11:39:54
1660650143285679000,13.55,2,13.5,138,13.55,8,1,2022-08-16 11:42:23
1660650148173001000,13.55,1,13.5,138,13.55,7,1,2022-08-16 11:42:28
1660650170691022000,13.55,7,13.55,3,13.6,25,1,2022-08-16 11:42:50
1660650170720638000,13.55,3,13.5,140,13.6,25,2,2022-08-16 11:42:50
1660650238311115000,13.5,1,13.5,138,13.6,26,2,2022-08-16 11:43:58
1660650239384730000,13.55,2,13.5,138,13.6,26,2,2022-08-16 11:43:59
1660650348015449000,13.5,32,13.5,106,13.6,37,2,2022-08-16 11:45:48
1660650385584285000,13.5,10,13.5,96,13.6,37,2,2022-08-16 11:46:25
1660650465730148000,13.5,2,13.5,94,13.55,18,2,2022-08-16 11:47:45
1660650483620863000,13.55,1,13.5,94,13.55,17,1,2022-08-16 11:48:03
1660650493875461000,13.5,32,13.5,62,13.55,17,2,2022-08-16 11:48:13
1660650493897852000,13.5,16,13.5,46,13.55,17,2,2022-08-16 11:48:13
1660650493898092000,13.5,46,13.45,72,13.55,17,2,2022-08-16 11:48:13
1660650513179617000,13.5,1,13.45,72,13.5,1,1,2022-08-16 11:48:33
1660650513315326000,13.5,1,13.45,72,13.55,16,1,2022-08-16 11:48:33
1660650515868063000,13.45,32,13.45,40,13.55,16,2,2022-08-16 11:48:35
1660650515900936000,13.45,18,13.45,22,13.55,16,2,2022-08-16 11:48:35
1660650515901756000,13.45,1,13.45,21,13.55,16,2,2022-08-16 11:48:35
1660650527356579000,13.45,1,13.45,20,13.55,16,2,2022-08-16 11:48:47
1660650531144636000,13.45,2,13.45,18,13.55,16,2,2022-08-16 11:48:51
1660650546714183000,13.45,1,13.45,17,13.55,21,2,2022-08-16 11:49:06
1660650648902203000,13.45,1,13.45,39,13.55,43,2,2022-08-16 11:50:48
1660650728564882000,13.5,1,13.5,2,13.55,39,2,2022-08-16 11:52:08
1660650731627354000,13.5,1,13.5,1,13.55,39,2,2022-08-16 11:52:11
1660650737043526000,13.5,1,13.4,89,13.55,39,2,2022-08-16 11:52:17
1660650737043526000,13.45,27,13.4,89,13.55,39,2,2022-08-16 11:52:17
1660650737043526000,13.4,4,13.4,89,13.55,39,2,2022-08-16 11:52:17
1660650751351768000,13.4,32,13.4,64,13.55,43,2,2022-08-16 11:52:31
1660650768964044000,13.4,5,13.4,59,13.55,43,2,2022-08-16 11:52:48
1660650798960217000,13.45,3,13.45,6,13.5,3,2,2022-08-16 11:53:18
1660650887952421000,13.5,1,13.45,8,13.5,7,1,2022-08-16 11:54:47
1660650925355021000,13.45,3,13.45,7,13.5,2,2,2022-08-16 11:55:25
1660650931814746000,13.45,1,13.45,6,13.5,2,2,2022-08-16 11:55:31
1660651029468462000,13.45,2,13.45,10,13.5,5,2,2022-08-16 11:57:09
1660651179634219000,13.45,3,13.45,8,13.5,13,2,2022-08-16 11:59:39
1660651290675275000,13.45,1,13.45,7,13.5,22,2,2022-08-16 12:01:30
1660651295155669000,13.45,6,13.45,1,13.5,22,2,2022-08-16 12:01:35
1660651330081263000,13.45,5,13.45,4,13.5,12,2,2022-08-16 12:02:10
1660651347177898000,13.45,2,13.45,2,13.5,12,2,2022-08-16 12:02:27
1660651446678907000,13.5,1,13.45,6,13.5,11,1,2022-08-16 12:04:06
1660651497706991000,13.5,1,13.45,6,13.5,10,1,2022-08-16 12:04:57
1660651500507989000,13.5,1,13.45,6,13.5,9,1,2022-08-16 12:05:00
1660651653956048000,13.45,1,13.45,7,13.5,9,2,2022-08-16 12:07:33
1660651788087293000,13.45,1,13.45,10,13.5,9,2,2022-08-16 12:09:48
1660651848421493000,13.5,3,13.45,21,13.5,6,1,2022-08-16 12:10:48
1660651857723243000,13.45,1,13.45,24,13.5,6,2,2022-08-16 12:10:57
1660652009491374000,13.45,7,13.45,17,13.5,6,2,2022-08-16 12:13:29
1660652264032475000,13.45,1,13.45,33,13.5,7,2,2022-08-16 12:17:44
1660652601322174000,13.45,9,13.45,47,13.5,10,2,2022-08-16 12:23:21
1660652645006324000,13.45,5,13.45,41,13.5,5,2,2022-08-16 12:24:05
1660652658859079000,13.5,4,13.5,6,13.55,24,1,2022-08-16 12:24:18
1660652670346794000,13.5,6,13.45,41,13.5,9,2,2022-08-16 12:24:30
1660652675893055000,13.5,9,13.5,1,13.55,24,1,2022-08-16 12:24:35
1660652760662583000,13.5,2,13.5,1,13.55,26,2,2022-08-16 12:26:00
1660652760682289000,13.5,1,13.45,54,13.55,26,2,2022-08-16 12:26:00
1660652796139862000,13.5,1,13.45,55,13.55,25,1,2022-08-16 12:26:36
1660653019963182000,13.5,16,13.5,15,13.55,24,2,2022-08-16 12:30:19
1660653050653277000,13.5,10,13.5,6,13.55,24,2,2022-08-16 12:30:50
1660653099995368000,13.55,1,13.5,23,13.55,24,1,2022-08-16 12:31:39
1660653160510589000,13.55,1,13.5,22,13.55,23,1,2022-08-16 12:32:40
1660653205793062000,13.55,1,13.5,26,13.55,20,1,2022-08-16 12:33:25
1660653315487423000,13.55,1,13.5,26,13.55,21,1,2022-08-16 12:35:15
1660653374935545000,13.5,8,13.5,4,13.55,26,2,2022-08-16 12:36:14
1660653378155433000,13.5,2,13.5,2,13.55,26,2,2022-08-16 12:36:18
1660653391087693000,13.5,1,13.5,3,13.55,26,2,2022-08-16 12:36:31
1660653391118359000,13.5,2,13.5,1,13.55,26,2,2022-08-16 12:36:31
1660653419369429000,13.5,1,13.5,7,13.55,22,2,2022-08-16 12:36:59
1660653491813567000,13.5,2,13.5,6,13.55,22,2,2022-08-16 12:38:11
1660653494087208000,13.55,2,13.5,6,13.55,20,1,2022-08-16 12:38:14
1660653554508044000,13.55,5,13.5,6,13.55,15,1,2022-08-16 12:39:14
1660653779970318000,13.5,1,13.5,10,13.55,31,2,2022-08-16 12:42:59
1660653883158940000,13.5,2,13.5,10,13.55,31,2,2022-08-16 12:44:43
1660653913586506000,13.5,1,13.5,9,13.55,30,2,2022-08-16 12:45:13
1660653919008295000,13.5,9,13.45,33,13.55,40,2,2022-08-16 12:45:19
1660654128941347000,13.5,1,13.5,5,13.55,41,2,2022-08-16 12:48:48
1660654138281191000,13.5,5,13.45,36,13.5,17,2,2022-08-16 12:48:58
1660654176901895000,13.5,1,13.45,38,13.5,18,1,2022-08-16 12:49:36
1660654207901527000,13.5,10,13.45,38,13.5,8,1,2022-08-16 12:50:07
1660654219392095000,13.5,1,13.45,38,13.5,8,1,2022-08-16 12:50:19
1660654220732032000,13.5,8,13.45,38,13.55,40,1,2022-08-16 12:50:20
1660654426976544000,13.5,2,13.5,3,13.55,30,2,2022-08-16 12:53:46
1660654441174226000,13.5,1,13.5,2,13.55,30,2,2022-08-16 12:54:01
1660654441210638000,13.5,2,13.45,37,13.55,30,2,2022-08-16 12:54:01
1660654456796241000,13.45,1,13.45,36,13.55,30,2,2022-08-16 12:54:16
1660654491496238000,13.45,1,13.45,41,13.5,1,2,2022-08-16 12:54:51
1660654500924001000,13.45,1,13.45,40,13.5,1,2,2022-08-16 12:55:00
1660654774609264000,13.45,1,13.45,36,13.5,22,2,2022-08-16 12:59:34
1660654929658635000,13.45,20,13.45,33,13.5,23,2,2022-08-16 13:02:09
1660655056761672000,13.5,10,13.45,36,13.5,15,1,2022-08-16 13:04:16
1660655056782382000,13.5,15,13.45,36,13.55,18,1,2022-08-16 13:04:16
1660655129430882000,13.5,1,13.45,43,13.5,1,2,2022-08-16 13:05:29
1660655151792555000,13.5,1,13.45,37,13.55,18,1,2022-08-16 13:05:51
1660655191411897000,13.5,1,13.45,36,13.5,2,2,2022-08-16 13:06:31
1660655194674956000,13.5,1,13.45,36,13.5,1,1,2022-08-16 13:06:34
1660655208000180000,13.5,1,13.45,36,13.55,22,1,2022-08-16 13:06:48
1660655212539135000,13.45,1,13.45,35,13.55,22,2,2022-08-16 13:06:52
1660655355069340000,13.5,7,13.45,41,13.5,19,1,2022-08-16 13:09:15
1660655382632691000,13.5,1,13.45,41,13.5,23,1,2022-08-16 13:09:42
1660655385765452000,13.5,1,13.45,41,13.5,22,1,2022-08-16 13:09:45
1660655400124013000,13.5,2,13.45,41,13.5,20,1,2022-08-16 13:10:00
1660655413394496000,13.5,20,13.5,10,13.55,22,1,2022-08-16 13:10:13
1660655435327364000,13.55,1,13.5,11,13.55,17,1,2022-08-16 13:10:35
1660655440082398000,13.55,1,13.5,11,13.55,16,1,2022-08-16 13:10:40
1660655459238392000,13.55,1,13.5,13,13.55,15,1,2022-08-16 13:10:59
1660655463128110000,13.55,2,13.5,13,13.55,13,1,2022-08-16 13:11:03
1660655563195420000,13.55,1,13.5,19,13.55,20,1,2022-08-16 13:12:43
1660655606138352000,13.55,1,13.5,20,13.55,19,1,2022-08-16 13:13:26
1660655612013380000,13.5,18,13.5,2,13.55,19,2,2022-08-16 13:13:32
1660655612039478000,13.5,2,13.45,39,13.55,19,2,2022-08-16 13:13:32
1660655665076567000,13.45,1,13.45,41,13.5,1,2,2022-08-16 13:14:25
1660655720997862000,13.5,2,13.45,48,13.5,2,1,2022-08-16 13:15:20
1660655752481103000,13.45,1,13.45,47,13.5,2,2,2022-08-16 13:15:52
1660655771628144000,13.45,4,13.45,44,13.5,15,2,2022-08-16 13:16:11
1660655833119947000,13.5,1,13.45,48,13.5,13,1,2022-08-16 13:17:13
1660655847473305000,13.5,1,13.45,48,13.5,12,1,2022-08-16 13:17:27
1660655875620352000,13.45,2,13.45,47,13.5,10,2,2022-08-16 13:17:55
1660655937165208000,13.45,1,13.45,46,13.5,10,2,2022-08-16 13:18:57
1660655993044041000,13.45,1,13.45,45,13.5,20,2,2022-08-16 13:19:53
1660655995545754000,13.45,14,13.45,31,13.5,20,2,2022-08-16 13:19:55
1660656000088931000,13.5,20,13.45,31,13.55,13,1,2022-08-16 13:20:00
1660656008874090000,13.5,1,13.45,31,13.55,13,1,2022-08-16 13:20:08
1660656040971076000,13.55,1,13.45,31,13.55,12,1,2022-08-16 13:20:40
1660656056300276000,13.55,1,13.45,32,13.55,11,1,2022-08-16 13:20:56
1660656141100342000,13.5,1,13.5,4,13.55,21,2,2022-08-16 13:22:21
1660656141126549000,13.5,4,13.45,33,13.55,21,2,2022-08-16 13:22:21
1660656183214973000,13.5,2,13.45,33,13.55,21,1,2022-08-16 13:23:03
1660656200104151000,13.5,8,13.5,2,13.55,14,1,2022-08-16 13:23:20
1660656245315766000,13.5,2,13.5,2,13.55,12,2,2022-08-16 13:24:05
1660656294904159000,13.5,2,13.5,7,13.55,9,2,2022-08-16 13:24:54
1660656298027852000,13.55,4,13.5,7,13.55,5,1,2022-08-16 13:24:58
1660656600000000000,13.55,111,13.5,5,13.55,1,1,2022-08-16 13:30:00
