ts,close,volume,bid_price,bid_volume,ask_price,ask_volume,tick_type,datetime
1660640522606301000,8.33,689,8.33,171,8.35,2,1,2022-08-16 09:02:02
1660640522628516000,8.33,171,8.32,223,8.35,2,2,2022-08-16 09:02:02
1660640523536508000,8.35,2,8.33,2,8.4,2,1,2022-08-16 09:02:03
1660640524238246000,8.4,2,8.35,2,8.41,7,1,2022-08-16 09:02:04
1660640524562435000,8.4,3,8.35,2,8.4,8,1,2022-08-16 09:02:04
1660640529453818000,8.4,1,8.35,2,8.4,4,1,2022-08-16 09:02:09
1660640529486186000,8.4,2,8.35,2,8.4,2,1,2022-08-16 09:02:09
1660640529811855000,8.35,1,8.35,1,8.4,2,2,2022-08-16 09:02:09
1660640532055301000,8.4,1,8.35,1,8.4,1,1,2022-08-16 09:02:12
1660640532089902000,8.4,1,8.35,1,8.41,7,1,2022-08-16 09:02:12
1660640532695634000,8.35,1,8.33,18,8.37,132,2,2022-08-16 09:02:12
1660640532953835000,8.35,1,8.33,18,8.37,131,1,2022-08-16 09:02:12
1660640532953835000,8.37,1,8.33,18,8.37,131,1,2022-08-16 09:02:12
1660640533290879000,8.37,66,8.33,18,8.37,65,1,2022-08-16 09:02:13
1660640534662713000,8.37,1,8.33,18,8.37,64,1,2022-08-16 09:02:14
1660640534723996000,8.37,10,8.33,18,8.37,54,1,2022-08-16 09:02:14
1660640535899048000,8.37,1,8.33,18,8.37,53,1,2022-08-16 09:02:15
1660640537744302000,8.37,2,8.33,18,8.37,51,1,2022-08-16 09:02:17
1660640538747777000,8.35,5,8.35,5,8.37,52,2,2022-08-16 09:02:18
1660640540863558000,8.37,1,8.35,5,8.37,51,1,2022-08-16 09:02:20
1660640541013298000,8.37,50,8.35,5,8.37,1,1,2022-08-16 09:02:21
1660640541049114000,8.37,1,8.35,5,8.4,9,1,2022-08-16 09:02:21
1660640542049491000,8.35,1,8.35,4,8.4,9,2,2022-08-16 09:02:22
1660640545157403000,8.4,2,8.35,10,8.4,9,1,2022-08-16 09:02:25
1660640545434481000,8.4,1,8.35,10,8.4,24,1,2022-08-16 09:02:25
1660640547103980000,8.37,2,8.35,15,8.4,23,2,2022-08-16 09:02:27
1660640547103980000,8.35,1,8.35,15,8.4,23,2,2022-08-16 09:02:27
1660640547327153000,8.39,1,8.35,15,8.4,23,2,2022-08-16 09:02:27
1660640547493971000,8.35,1,8.35,14,8.4,23,2,2022-08-16 09:02:27
1660640549995272000,8.39,3,8.35,34,8.39,2,1,2022-08-16 09:02:29
1660640551298671000,8.39,1,8.35,34,8.39,1,1,2022-08-16 09:02:31
1660640551628790000,8.39,1,8.39,1,8.4,26,1,2022-08-16 09:02:31
1660640552272610000,8.39,1,8.35,35,8.4,36,2,2022-08-16 09:02:32
1660640553717216000,8.4,4,8.36,1,8.4,36,1,2022-08-16 09:02:33
1660640556853470000,8.39,1,8.36,1,8.39,1,1,2022-08-16 09:02:36
1660640557521368000,8.39,8,8.36,1,8.4,26,1,2022-08-16 09:02:37
1660640557521368000,8.4,2,8.36,1,8.4,26,1,2022-08-16 09:02:37
1660640558304504000,8.39,1,8.36,1,8.4,24,1,2022-08-16 09:02:38
1660640558304504000,8.4,2,8.36,1,8.4,24,1,2022-08-16 09:02:38
1660640560956015000,8.4,1,8.36,1,8.4,23,1,2022-08-16 09:02:40
1660640561055453000,8.4,1,8.36,1,8.4,22,1,2022-08-16 09:02:41
1660640563712312000,8.4,5,8.36,1,8.4,22,1,2022-08-16 09:02:43
1660640565415047000,8.4,1,8.36,1,8.4,22,1,2022-08-16 09:02:45
1660640566818787000,8.4,10,8.36,1,8.4,12,1,2022-08-16 09:02:46
1660640567499419000,8.4,3,8.36,1,8.4,9,1,2022-08-16 09:02:47
1660640567614471000,8.4,9,8.4,21,8.41,20,1,2022-08-16 09:02:47
1660640567638816000,8.4,21,8.36,1,8.41,20,2,2022-08-16 09:02:47
1660640570655122000,8.41,2,8.36,1,8.41,18,1,2022-08-16 09:02:50
1660640571217070000,8.41,5,8.4,15,8.41,13,1,2022-08-16 09:02:51
1660640573205194000,8.4,1,8.4,27,8.41,13,2,2022-08-16 09:02:53
1660640573758671000,8.41,5,8.4,26,8.41,8,1,2022-08-16 09:02:53
1660640577556087000,8.4,2,8.4,26,8.41,8,2,2022-08-16 09:02:57
1660640580214331000,8.41,1,8.4,28,8.41,11,1,2022-08-16 09:03:00
1660640582115400000,8.41,10,8.4,28,8.41,1,1,2022-08-16 09:03:02
1660640582495381000,8.41,1,8.4,29,8.42,15,1,2022-08-16 09:03:02
1660640583748764000,8.41,1,8.41,4,8.42,15,1,2022-08-16 09:03:03
1660640586153729000,8.42,2,8.41,11,8.42,13,1,2022-08-16 09:03:06
1660640588245286000,8.42,13,8.42,7,8.43,13,1,2022-08-16 09:03:08
1660640593459081000,8.42,5,8.42,9,8.43,17,2,2022-08-16 09:03:13
1660640594147264000,8.42,2,8.42,2,8.43,17,2,2022-08-16 09:03:14
1660640594183397000,8.42,2,8.41,25,8.43,17,2,2022-08-16 09:03:14
1660640594264220000,8.43,10,8.41,25,8.43,7,1,2022-08-16 09:03:14
1660640594361929000,8.43,1,8.41,25,8.43,6,1,2022-08-16 09:03:14
1660640595664413000,8.43,6,8.43,4,8.44,13,1,2022-08-16 09:03:15
1660640596544141000,8.43,1,8.43,4,8.44,13,2,2022-08-16 09:03:16
1660640598089873000,8.43,5,8.42,25,8.44,13,2,2022-08-16 09:03:18
1660640598089873000,8.42,5,8.42,25,8.44,13,2,2022-08-16 09:03:18
1660640601197557000,8.43,5,8.42,35,8.43,11,1,2022-08-16 09:03:21
1660640601361086000,8.43,5,8.42,35,8.43,6,1,2022-08-16 09:03:21
1660640602076771000,8.43,1,8.42,35,8.43,5,1,2022-08-16 09:03:22
1660640602556780000,8.43,3,8.42,35,8.43,2,1,2022-08-16 09:03:22
1660640602768861000,8.42,1,8.42,34,8.43,2,2,2022-08-16 09:03:22
1660640603092717000,8.43,2,8.44,15,8.45,20,1,2022-08-16 09:03:23
1660640603092717000,8.44,13,8.44,15,8.45,20,1,2022-08-16 09:03:23
1660640603161057000,8.44,8,8.44,7,8.45,20,2,2022-08-16 09:03:23
1660640603803077000,8.44,5,8.44,2,8.45,20,2,2022-08-16 09:03:23
1660640606828599000,8.44,2,8.42,39,8.44,3,2,2022-08-16 09:03:26
1660640607000491000,8.44,3,8.42,39,8.45,13,1,2022-08-16 09:03:27
1660640607000491000,8.45,7,8.42,39,8.45,13,1,2022-08-16 09:03:27
1660640607986768000,8.44,1,8.42,39,8.45,13,1,2022-08-16 09:03:27
1660640609663770000,8.45,2,8.42,39,8.45,11,1,2022-08-16 09:03:29
1660640609775534000,8.45,1,8.44,1,8.45,10,1,2022-08-16 09:03:29
1660640611129045000,8.44,1,8.42,39,8.44,4,2,2022-08-16 09:03:31
1660640611539759000,8.44,2,8.42,39,8.44,2,1,2022-08-16 09:03:31
1660640613463721000,8.43,1,8.42,39,8.44,1,1,2022-08-16 09:03:33
1660640613463721000,8.44,2,8.42,39,8.44,1,1,2022-08-16 09:03:33
1660640613485376000,8.44,1,8.42,39,8.43,1,1,2022-08-16 09:03:33
1660640613670842000,8.44,12,8.44,7,8.46,4,2,2022-08-16 09:03:33
1660640615738977000,8.46,4,8.44,7,8.48,5,1,2022-08-16 09:03:35
1660640615738977000,8.47,1,8.44,7,8.48,5,1,2022-08-16 09:03:35
1660640616922976000,8.48,9,8.44,7,8.56,13,1,2022-08-16 09:03:36
1660640616922976000,8.5,11,8.44,7,8.56,13,1,2022-08-16 09:03:36
1660640616922976000,8.55,5,8.44,7,8.56,13,1,2022-08-16 09:03:36
1660640616922976000,8.56,5,8.44,7,8.56,13,1,2022-08-16 09:03:36
1660640623920949000,8.54,1,8.47,20,8.54,3,1,2022-08-16 09:03:43
1660640625149714000,8.54,2,8.47,20,8.54,1,1,2022-08-16 09:03:45
1660640626405006000,8.54,1,8.47,20,8.56,12,1,2022-08-16 09:03:46
1660640626405006000,8.55,3,8.47,20,8.56,12,1,2022-08-16 09:03:46
1660640626405006000,8.56,1,8.47,20,8.56,12,1,2022-08-16 09:03:46
1660640627856824000,8.47,1,8.47,19,8.54,1,2,2022-08-16 09:03:47
1660640627857013000,8.47,1,8.47,18,8.54,1,2,2022-08-16 09:03:47
1660640629020935000,8.54,1,8.54,1,8.56,12,1,2022-08-16 09:03:49
1660640629064507000,8.54,1,8.47,18,8.56,12,2,2022-08-16 09:03:49
1660640630752513000,8.55,15,8.54,1,8.56,16,2,2022-08-16 09:03:50
1660640631251991000,8.54,1,8.47,18,8.56,16,2,2022-08-16 09:03:51
1660640631360948000,8.56,10,8.47,18,8.56,6,1,2022-08-16 09:03:51
1660640631390816000,8.56,6,8.56,4,8.57,2,1,2022-08-16 09:03:51
1660640631425496000,8.56,4,8.54,2,8.56,6,2,2022-08-16 09:03:51
1660640634063876000,8.56,1,8.54,2,8.56,5,1,2022-08-16 09:03:54
1660640636865548000,8.56,3,8.54,2,8.56,2,1,2022-08-16 09:03:56
1660640637607933000,8.56,2,8.47,18,8.57,2,1,2022-08-16 09:03:57
1660640637740584000,8.56,1,8.47,18,8.57,2,2,2022-08-16 09:03:57
1660640637829500000,8.57,2,8.47,21,8.57,2,1,2022-08-16 09:03:57
1660640638240203000,8.57,3,8.47,21,8.58,7,2,2022-08-16 09:03:58
1660640638739687000,8.56,1,8.47,21,8.58,7,2,2022-08-16 09:03:58
1660640639987581000,8.56,1,8.56,2,8.58,7,1,2022-08-16 09:03:59
1660640640408019000,8.58,2,8.56,2,8.58,5,1,2022-08-16 09:04:00
1660640641579011000,8.56,1,8.56,1,8.58,5,2,2022-08-16 09:04:01
1660640641737253000,8.56,1,8.5,1,8.58,5,2,2022-08-16 09:04:01
1660640644813263000,8.58,1,8.54,2,8.58,4,1,2022-08-16 09:04:04
1660640646222285000,8.58,4,8.58,1,8.59,8,1,2022-08-16 09:04:06
1660640646251834000,8.58,1,8.54,2,8.59,8,2,2022-08-16 09:04:06
1660640646751429000,8.58,2,8.54,2,8.59,8,2,2022-08-16 09:04:06
1660640646764482000,8.59,8,8.54,2,8.6,6,1,2022-08-16 09:04:06
1660640646764482000,8.6,12,8.54,2,8.6,6,1,2022-08-16 09:04:06
1660640646989152000,8.6,6,8.6,44,8.65,1,1,2022-08-16 09:04:06
1660640649709430000,8.6,1,8.6,43,8.65,3,2,2022-08-16 09:04:09
1660640652297277000,8.6,12,8.6,31,8.65,3,2,2022-08-16 09:04:12
1660640653616147000,8.6,20,8.6,13,8.64,1,2,2022-08-16 09:04:13
1660640654892723000,8.6,3,8.6,10,8.64,1,2,2022-08-16 09:04:14
1660640654923315000,8.6,10,8.59,1,8.64,1,2,2022-08-16 09:04:14
1660640655223666000,8.59,1,8.5,100,8.64,1,2,2022-08-16 09:04:15
1660640655223666000,8.56,5,8.5,100,8.64,1,2,2022-08-16 09:04:15
1660640655223666000,8.54,2,8.5,100,8.64,1,2,2022-08-16 09:04:15
1660640655223666000,8.5,2,8.5,100,8.64,1,2,2022-08-16 09:04:15
1660640777218795000,8.68,141,8.66,1,8.68,70,1,2022-08-16 09:06:17
1660640777386293000,8.66,1,8.62,30,8.67,2,2,2022-08-16 09:06:17
1660640780163674000,8.62,10,8.62,20,8.65,2,2,2022-08-16 09:06:20
1660640780189055000,8.62,20,8.61,1,8.65,2,2,2022-08-16 09:06:20
1660640781697509000,8.65,2,8.65,3,8.66,9,1,2022-08-16 09:06:21
1660640781731940000,8.65,3,8.61,1,8.66,9,2,2022-08-16 09:06:21
1660640788595106000,8.65,2,8.61,1,8.65,1,1,2022-08-16 09:06:28
1660640790821049000,8.66,2,8.61,1,8.66,8,1,2022-08-16 09:06:30
1660640791777972000,8.65,1,8.65,4,8.66,8,1,2022-08-16 09:06:31
1660640791816705000,8.65,4,8.61,1,8.66,8,2,2022-08-16 09:06:31
1660640792492847000,8.66,5,8.61,1,8.66,3,1,2022-08-16 09:06:32
1660640795958894000,8.66,2,8.61,1,8.66,1,1,2022-08-16 09:06:35
1660640797995268000,8.65,8,8.61,1,8.68,73,2,2022-08-16 09:06:37
1660640799397114000,8.61,1,8.6,3,8.65,1,2,2022-08-16 09:06:39
1660640799458687000,8.65,1,8.6,3,8.65,1,1,2022-08-16 09:06:39
1660640799458687000,8.68,2,8.6,3,8.65,1,1,2022-08-16 09:06:39
1660640800049037000,8.68,2,8.6,3,8.68,69,1,2022-08-16 09:06:40
1660640802490735000,8.65,1,8.66,1,8.68,69,1,2022-08-16 09:06:42
1660640802525073000,8.66,1,8.61,1,8.68,69,2,2022-08-16 09:06:42
1660640804970670000,8.66,1,8.61,2,8.68,89,2,2022-08-16 09:06:44
1660640811346748000,8.62,2,8.62,4,8.65,13,2,2022-08-16 09:06:51
1660640813470297000,8.65,1,8.62,4,8.65,13,1,2022-08-16 09:06:53
1660640820643221000,8.64,5,8.63,2,8.64,3,1,2022-08-16 09:07:00
1660640821031138000,8.63,1,8.63,1,8.64,3,2,2022-08-16 09:07:01
1660640821720403000,8.64,1,8.63,1,8.64,3,1,2022-08-16 09:07:01
1660640823353894000,8.63,1,8.62,4,8.64,3,2,2022-08-16 09:07:03
1660640824105065000,8.64,1,8.62,4,8.64,2,1,2022-08-16 09:07:04
1660640824663510000,8.63,3,8.62,4,8.65,23,1,2022-08-16 09:07:04
1660640824663510000,8.64,2,8.62,4,8.65,23,1,2022-08-16 09:07:04
1660640824663510000,8.65,5,8.62,4,8.65,23,1,2022-08-16 09:07:04
1660640825021880000,8.65,5,8.62,4,8.65,18,1,2022-08-16 09:07:05
1660640827649793000,8.63,2,8.63,1,8.65,18,1,2022-08-16 09:07:07
1660640827680696000,8.63,1,8.62,4,8.65,20,2,2022-08-16 09:07:07
1660640828283286000,8.63,1,8.62,4,8.63,1,1,2022-08-16 09:07:08
1660640828283286000,8.65,4,8.62,4,8.63,1,1,2022-08-16 09:07:08
1660640828708793000,8.62,5,8.61,3,8.65,16,2,2022-08-16 09:07:08
1660640834391328000,8.64,5,8.63,2,8.64,2,1,2022-08-16 09:07:14
1660640839246364000,8.64,2,8.63,2,8.64,3,1,2022-08-16 09:07:19
1660640840310577000,8.64,2,8.63,2,8.64,4,1,2022-08-16 09:07:20
1660640840439117000,8.63,1,8.63,1,8.64,4,2,2022-08-16 09:07:20
1660640843934218000,8.64,4,8.63,1,8.65,11,1,2022-08-16 09:07:23
1660640843934218000,8.65,6,8.63,1,8.65,11,1,2022-08-16 09:07:23
1660640848360354000,8.64,2,8.63,1,8.64,3,1,2022-08-16 09:07:28
1660640851362522000,8.64,1,8.63,11,8.64,11,1,2022-08-16 09:07:31
1660640851957269000,8.64,1,8.63,11,8.64,10,1,2022-08-16 09:07:31
1660640853935363000,8.63,1,8.63,10,8.64,10,2,2022-08-16 09:07:33
1660640854462462000,8.64,2,8.63,10,8.64,8,1,2022-08-16 09:07:34
1660640857196060000,8.64,5,8.63,11,8.64,6,1,2022-08-16 09:07:37
1660640857807004000,8.63,1,8.63,10,8.64,6,2,2022-08-16 09:07:37
1660640858194673000,8.64,1,8.63,10,8.64,5,1,2022-08-16 09:07:38
1660640861630515000,8.64,1,8.63,12,8.64,4,1,2022-08-16 09:07:41
1660640863979653000,8.64,4,8.63,12,8.65,10,1,2022-08-16 09:07:43
1660640863979653000,8.65,1,8.63,12,8.65,10,1,2022-08-16 09:07:43
1660640864768353000,8.63,1,8.63,11,8.65,10,2,2022-08-16 09:07:44
1660640866130498000,8.64,1,8.63,11,8.64,4,2,2022-08-16 09:07:46
1660640866165966000,8.63,11,8.62,11,8.64,4,2,2022-08-16 09:07:46
1660640866232603000,8.64,4,8.64,6,8.65,10,1,2022-08-16 09:07:46
1660640870517205000,8.64,6,8.63,5,8.65,10,2,2022-08-16 09:07:50
1660640872178780000,8.65,2,8.63,5,8.65,8,1,2022-08-16 09:07:52
1660640875536253000,8.63,1,8.63,9,8.64,1,2,2022-08-16 09:07:55
1660640875779017000,8.63,1,8.63,8,8.64,1,2,2022-08-16 09:07:55
1660640879717638000,8.64,1,8.64,6,8.65,8,1,2022-08-16 09:07:59
1660640881077344000,8.65,8,8.64,6,8.67,2,1,2022-08-16 09:08:01
1660640881077344000,8.66,13,8.64,6,8.67,2,1,2022-08-16 09:08:01
1660640881077344000,8.67,9,8.64,6,8.67,2,1,2022-08-16 09:08:01
1660640881359010000,8.67,2,8.64,6,8.68,100,1,2022-08-16 09:08:01
1660640881359010000,8.68,3,8.64,6,8.68,100,1,2022-08-16 09:08:01
1660640886683134000,8.68,1,8.65,5,8.68,99,1,2022-08-16 09:08:06
1660640888970953000,8.65,5,8.64,6,8.65,1,2,2022-08-16 09:08:08
1660640890767250000,8.65,1,8.64,6,8.68,79,1,2022-08-16 09:08:10
1660640890767250000,8.68,19,8.64,6,8.68,79,1,2022-08-16 09:08:10
1660640897317391000,8.66,5,8.66,2,8.68,79,2,2022-08-16 09:08:17
1660640902640768000,8.66,3,8.64,7,8.66,8,2,2022-08-16 09:08:22
1660640902675106000,8.64,7,8.63,10,8.66,8,2,2022-08-16 09:08:22
1660640903558920000,8.65,1,8.63,10,8.65,7,1,2022-08-16 09:08:23
1660640904388328000,8.65,1,8.63,10,8.65,5,1,2022-08-16 09:08:24
1660640904403563000,8.63,10,8.62,14,8.65,5,2,2022-08-16 09:08:24
1660640904506644000,8.65,1,8.62,14,8.65,4,1,2022-08-16 09:08:24
1660640904936273000,8.65,1,8.62,14,8.65,3,1,2022-08-16 09:08:24
1660640906896724000,8.62,3,8.62,11,8.65,7,2,2022-08-16 09:08:26
1660640906935150000,8.62,11,8.61,4,8.65,7,2,2022-08-16 09:08:26
1660640908412115000,8.61,1,8.61,3,8.65,7,2,2022-08-16 09:08:28
1660640909547211000,8.65,1,8.61,3,8.65,6,1,2022-08-16 09:08:29
1660640910981237000,8.63,4,8.61,3,8.64,2,1,2022-08-16 09:08:30
1660640910981237000,8.64,6,8.61,3,8.64,2,1,2022-08-16 09:08:30
1660640913395426000,8.64,2,8.61,3,8.64,4,1,2022-08-16 09:08:33
1660640914649094000,8.64,1,8.61,3,8.64,3,1,2022-08-16 09:08:34
1660640920089031000,8.64,3,8.61,3,8.64,3,1,2022-08-16 09:08:40
1660640923383038000,8.64,1,8.64,1,8.65,11,2,2022-08-16 09:08:43
1660640923412857000,8.64,1,8.61,4,8.65,11,2,2022-08-16 09:08:43
1660640924312039000,8.65,1,8.61,4,8.65,10,1,2022-08-16 09:08:44
1660640928506555000,8.64,2,8.63,4,8.64,4,1,2022-08-16 09:08:48
1660640929611024000,8.64,2,8.63,4,8.64,5,1,2022-08-16 09:08:49
1660640930564500000,8.63,1,8.63,3,8.64,5,2,2022-08-16 09:08:50
1660640932882675000,8.63,3,8.61,6,8.64,9,2,2022-08-16 09:08:52
1660640933036278000,8.61,6,8.61,6,8.64,9,2,2022-08-16 09:08:53
1660640934874198000,8.64,1,8.6,91,8.64,8,1,2022-08-16 09:08:54
1660640937191951000,8.63,1,8.63,1,8.64,8,2,2022-08-16 09:08:57
1660640943184892000,8.63,1,8.61,1,8.64,10,2,2022-08-16 09:09:03
1660640943454744000,8.61,1,8.6,77,8.64,10,2,2022-08-16 09:09:03
1660640943454744000,8.6,19,8.6,77,8.64,10,2,2022-08-16 09:09:03
1660640943496372000,8.6,20,8.6,57,8.64,10,2,2022-08-16 09:09:03
1660640943552906000,8.6,20,8.6,37,8.64,10,2,2022-08-16 09:09:03
1660640943583763000,8.6,5,8.6,32,8.64,10,2,2022-08-16 09:09:03
1660640945054014000,8.64,3,8.6,32,8.64,6,1,2022-08-16 09:09:05
1660640947367708000,8.6,2,8.6,30,8.64,6,2,2022-08-16 09:09:07
1660640947720055000,8.6,10,8.6,20,8.64,8,2,2022-08-16 09:09:07
1660640957361666000,8.62,5,8.6,20,8.64,8,2,2022-08-16 09:09:17
1660640957883024000,8.6,10,8.6,10,8.62,5,2,2022-08-16 09:09:17
1660640961886840000,8.6,5,8.6,5,8.62,5,2,2022-08-16 09:09:21
1660640962506445000,8.6,5,8.56,10,8.6,1,2,2022-08-16 09:09:22
1660640963226902000,8.6,1,8.56,10,8.64,8,1,2022-08-16 09:09:23
1660640971243383000,8.6,1,8.56,5,8.64,4,1,2022-08-16 09:09:31
1660640973700104000,8.56,5,8.55,7,8.56,35,2,2022-08-16 09:09:33
1660640980247616000,8.55,2,8.55,5,8.56,35,2,2022-08-16 09:09:40
1660640983518344000,8.55,3,8.55,2,8.56,35,2,2022-08-16 09:09:43
1660640984357066000,8.55,1,8.55,1,8.56,35,2,2022-08-16 09:09:44
1660640984807918000,8.55,1,8.52,21,8.55,9,2,2022-08-16 09:09:44
1660640985713414000,8.55,9,8.52,21,8.56,32,1,2022-08-16 09:09:45
1660640985713414000,8.56,3,8.52,21,8.56,32,1,2022-08-16 09:09:45
1660640990222940000,8.56,3,8.52,21,8.56,29,1,2022-08-16 09:09:50
1660640997071637000,8.55,1,8.53,1,8.55,5,1,2022-08-16 09:09:57
1660640997113844000,8.55,2,8.53,1,8.55,3,1,2022-08-16 09:09:57
1660641000614307000,8.53,2,8.52,25,8.56,30,2,2022-08-16 09:10:00
1660641001112993000,8.52,4,8.52,21,8.56,30,2,2022-08-16 09:10:01
1660641003598412000,8.52,1,8.52,20,8.56,30,2,2022-08-16 09:10:03
1660641011291185000,8.53,1,8.52,18,8.55,15,2,2022-08-16 09:10:11
1660641011291185000,8.52,2,8.52,18,8.55,15,2,2022-08-16 09:10:11
1660641011870159000,8.55,10,8.52,18,8.55,5,1,2022-08-16 09:10:11
1660641018285692000,8.53,1,8.52,9,8.56,30,2,2022-08-16 09:10:18
1660641018285692000,8.52,9,8.52,9,8.56,30,2,2022-08-16 09:10:18
1660641024934208000,8.52,1,8.52,16,8.55,5,2,2022-08-16 09:10:24
1660641027643554000,8.52,5,8.52,11,8.55,6,2,2022-08-16 09:10:27
1660641028850182000,8.53,1,8.52,2,8.55,6,2,2022-08-16 09:10:28
1660641028850182000,8.52,9,8.52,2,8.55,6,2,2022-08-16 09:10:28
1660641032895054000,8.55,3,8.52,2,8.55,3,1,2022-08-16 09:10:32
1660641034651509000,8.52,2,8.51,16,8.55,3,2,2022-08-16 09:10:34
1660641063361410000,8.52,1,8.52,11,8.53,1,2,2022-08-16 09:11:03
1660641065922072000,8.53,1,8.52,11,8.54,2,1,2022-08-16 09:11:05
1660641071779088000,8.52,11,8.51,16,8.53,5,2,2022-08-16 09:11:11
1660641074809559000,8.52,3,8.51,16,8.52,2,1,2022-08-16 09:11:14
1660641077528409000,8.52,3,8.51,16,8.53,10,2,2022-08-16 09:11:17
1660641085200481000,8.53,5,8.55,27,8.56,43,1,2022-08-16 09:11:25
1660641085200481000,8.54,7,8.55,27,8.56,43,1,2022-08-16 09:11:25
1660641085200481000,8.55,11,8.55,27,8.56,43,1,2022-08-16 09:11:25
1660641091484727000,8.56,1,8.55,27,8.56,42,1,2022-08-16 09:11:31
1660641095136914000,8.55,5,8.55,22,8.56,42,2,2022-08-16 09:11:35
1660641095169504000,8.55,14,8.55,8,8.56,42,2,2022-08-16 09:11:35
1660641101172486000,8.55,1,8.55,7,8.56,42,2,2022-08-16 09:11:41
1660641102646724000,8.55,5,8.55,2,8.56,42,2,2022-08-16 09:11:42
1660641106562548000,8.55,2,8.52,3,8.55,12,2,2022-08-16 09:11:46
1660641117270072000,8.52,1,8.52,2,8.55,12,2,2022-08-16 09:11:57
1660641123594190000,8.55,2,8.52,2,8.55,12,1,2022-08-16 09:12:03
1660641135449679000,8.55,2,8.52,12,8.55,18,1,2022-08-16 09:12:15
1660641145041709000,8.55,5,8.53,3,8.55,13,1,2022-08-16 09:12:25
1660641148048179000,8.53,2,8.53,1,8.55,17,2,2022-08-16 09:12:28
1660641148071887000,8.53,1,8.52,12,8.55,17,2,2022-08-16 09:12:28
1660641150272890000,8.55,2,8.52,12,8.55,27,1,2022-08-16 09:12:30
1660641151296750000,8.55,2,8.52,12,8.55,25,1,2022-08-16 09:12:31
1660641152305425000,8.55,5,8.52,12,8.55,20,1,2022-08-16 09:12:32
1660641159369468000,8.54,2,8.52,12,8.55,12,1,2022-08-16 09:12:39
1660641159369468000,8.55,8,8.52,12,8.55,12,1,2022-08-16 09:12:39
1660641159980955000,8.55,5,8.52,12,8.55,2,1,2022-08-16 09:12:39
1660641160015317000,8.55,2,8.52,12,8.56,28,1,2022-08-16 09:12:40
1660641170283815000,8.55,1,8.55,10,8.56,28,2,2022-08-16 09:12:50
1660641175695244000,8.55,1,8.55,19,8.56,28,2,2022-08-16 09:12:55
1660641177503852000,8.56,28,8.56,2,8.58,5,1,2022-08-16 09:12:57
1660641193206941000,8.56,1,8.56,2,8.58,5,2,2022-08-16 09:13:13
1660641194620486000,8.56,2,8.55,70,8.56,1,2,2022-08-16 09:13:14
1660641194643885000,8.56,1,8.55,70,8.58,5,1,2022-08-16 09:13:14
1660641206983577000,8.56,5,8.55,65,8.58,5,2,2022-08-16 09:13:26
1660641206983577000,8.55,5,8.55,65,8.58,5,2,2022-08-16 09:13:26
1660641216890508000,8.58,4,8.56,72,8.58,1,1,2022-08-16 09:13:36
1660641216927494000,8.58,1,8.56,72,8.6,12,1,2022-08-16 09:13:36
1660641236612847000,8.58,2,8.58,2,8.6,12,2,2022-08-16 09:13:56
1660641236852086000,8.6,5,8.58,2,8.6,7,1,2022-08-16 09:13:56
1660641246640016000,8.6,7,8.58,2,8.65,43,1,2022-08-16 09:14:06
1660641252303948000,8.65,1,8.58,2,8.65,46,1,2022-08-16 09:14:12
1660641270181857000,8.6,10,8.58,18,8.6,1,1,2022-08-16 09:14:30
1660641270210751000,8.6,1,8.58,18,8.64,5,1,2022-08-16 09:14:30
1660641278234710000,8.64,9,8.58,18,8.65,47,1,2022-08-16 09:14:38
1660641281139654000,8.65,10,8.58,22,8.65,37,1,2022-08-16 09:14:41
1660641286494720000,8.64,5,8.64,5,8.65,37,1,2022-08-16 09:14:46
1660641293906956000,8.64,5,8.58,24,8.65,37,2,2022-08-16 09:14:53
1660641296710956000,8.65,35,8.58,24,8.65,6,1,2022-08-16 09:14:56
1660641299761603000,8.64,2,8.6,5,8.64,4,1,2022-08-16 09:14:59
1660641300199135000,8.64,4,8.6,5,8.65,1,1,2022-08-16 09:15:00
1660641300199135000,8.65,1,8.6,5,8.65,1,1,2022-08-16 09:15:00
1660641304734246000,8.64,1,8.6,10,8.65,3,1,2022-08-16 09:15:04
1660641311593868000,8.64,1,8.6,10,8.64,1,1,2022-08-16 09:15:11
1660641312172497000,8.64,1,8.64,1,8.65,3,1,2022-08-16 09:15:12
1660641313142479000,8.65,3,8.64,1,8.67,31,1,2022-08-16 09:15:13
1660641313142479000,8.66,16,8.64,1,8.67,31,1,2022-08-16 09:15:13
1660641313142479000,8.67,6,8.64,1,8.67,31,1,2022-08-16 09:15:13
1660641326819773000,8.67,37,8.67,13,8.68,70,1,2022-08-16 09:15:26
1660641336757747000,8.68,40,8.67,13,8.68,30,1,2022-08-16 09:15:36
1660641336792494000,8.68,30,8.67,13,8.69,9,1,2022-08-16 09:15:36
1660641342139301000,8.69,9,8.67,13,8.71,2,1,2022-08-16 09:15:42
1660641342139301000,8.7,15,8.67,13,8.71,2,1,2022-08-16 09:15:42
1660641343488052000,8.67,1,8.67,12,8.71,2,2,2022-08-16 09:15:43
1660641347528744000,8.71,2,8.67,12,8.73,38,1,2022-08-16 09:15:47
1660641347528744000,8.72,2,8.67,12,8.73,38,1,2022-08-16 09:15:47
1660641347528744000,8.73,5,8.67,12,8.73,38,1,2022-08-16 09:15:47
1660641352342611000,8.67,3,8.67,16,8.73,38,2,2022-08-16 09:15:52
1660641368267772000,8.68,1,8.68,12,8.73,39,2,2022-08-16 09:16:08
1660641375792980000,8.68,6,8.68,7,8.73,39,2,2022-08-16 09:16:15
1660641377802181000,8.73,2,8.69,5,8.73,37,1,2022-08-16 09:16:17
1660641389658228000,8.72,1,8.7,5,8.73,35,1,2022-08-16 09:16:29
1660641389658228000,8.73,2,8.7,5,8.73,35,1,2022-08-16 09:16:29
1660641390856336000,8.7,5,8.68,2,8.73,35,2,2022-08-16 09:16:30
1660641390856336000,8.68,5,8.68,2,8.73,35,2,2022-08-16 09:16:30
1660641399850100000,8.72,3,8.72,2,8.73,35,1,2022-08-16 09:16:39
1660641401222536000,8.73,35,8.72,2,8.79,1,1,2022-08-16 09:16:41
1660641401222536000,8.74,3,8.72,2,8.79,1,1,2022-08-16 09:16:41
1660641401222536000,8.75,2,8.72,2,8.79,1,1,2022-08-16 09:16:41
1660641401222536000,8.78,5,8.72,2,8.79,1,1,2022-08-16 09:16:41
1660641401222536000,8.79,5,8.72,2,8.79,1,1,2022-08-16 09:16:41
1660641412113723000,8.73,2,8.79,2,8.8,30,1,2022-08-16 09:16:52
1660641412113723000,8.79,6,8.79,2,8.8,30,1,2022-08-16 09:16:52
1660641412145528000,8.79,2,8.72,2,8.8,30,2,2022-08-16 09:16:52
1660641420167421000,8.79,5,8.72,2,8.79,2,1,2022-08-16 09:17:00
1660641424864047000,8.72,1,8.72,1,8.79,7,2,2022-08-16 09:17:04
1660641425502743000,8.79,1,8.72,1,8.79,6,1,2022-08-16 09:17:05
1660641434047177000,8.79,2,8.73,5,8.79,9,1,2022-08-16 09:17:14
1660641451714688000,8.79,3,8.75,16,8.79,12,1,2022-08-16 09:17:31
1660641452768293000,8.75,5,8.75,21,8.79,12,2,2022-08-16 09:17:32
1660641456070263000,8.79,10,8.75,21,8.79,2,1,2022-08-16 09:17:36
1660641460591386000,8.76,1,8.75,21,8.8,2,1,2022-08-16 09:17:40
1660641460591386000,8.79,2,8.75,21,8.8,2,1,2022-08-16 09:17:40
1660641460591386000,8.8,27,8.75,21,8.8,2,1,2022-08-16 09:17:40
1660641461546346000,8.8,2,8.75,21,8.85,11,1,2022-08-16 09:17:41
1660641461546346000,8.81,1,8.75,21,8.85,11,1,2022-08-16 09:17:41
1660641461546346000,8.83,1,8.75,21,8.85,11,1,2022-08-16 09:17:41
1660641461546346000,8.84,6,8.75,21,8.85,11,1,2022-08-16 09:17:41
1660641467438834000,8.79,2,8.76,1,8.85,11,1,2022-08-16 09:17:47
1660641476112495000,8.79,2,8.79,3,8.84,5,2,2022-08-16 09:17:56
1660641484971231000,8.79,3,8.79,3,8.82,7,2,2022-08-16 09:18:04
1660641484971231000,8.76,1,8.79,3,8.82,7,2,2022-08-16 09:18:04
1660641492581994000,8.79,5,8.76,1,8.85,30,1,2022-08-16 09:18:12
1660641492581994000,8.82,3,8.76,1,8.85,30,1,2022-08-16 09:18:12
1660641492581994000,8.84,1,8.76,1,8.85,30,1,2022-08-16 09:18:12
1660641492581994000,8.85,1,8.76,1,8.85,30,1,2022-08-16 09:18:12
1660641499916163000,8.79,1,8.76,1,8.79,4,1,2022-08-16 09:18:19
1660641504597014000,8.79,5,8.76,1,8.79,4,1,2022-08-16 09:18:24
1660641510258080000,8.79,2,8.76,3,8.79,2,1,2022-08-16 09:18:30
1660641510288978000,8.79,2,8.76,3,8.84,3,1,2022-08-16 09:18:30
1660641515736805000,8.79,2,8.76,4,8.79,18,1,2022-08-16 09:18:35
1660641517208804000,8.79,1,8.76,3,8.79,17,1,2022-08-16 09:18:37
1660641517343495000,8.79,1,8.76,3,8.79,16,1,2022-08-16 09:18:37
1660641517455425000,8.79,3,8.76,3,8.79,13,1,2022-08-16 09:18:37
1660641517743124000,8.79,2,8.76,3,8.79,11,1,2022-08-16 09:18:37
1660641520642710000,8.79,1,8.76,5,8.79,10,1,2022-08-16 09:18:40
1660641523323042000,8.79,1,8.76,15,8.79,9,1,2022-08-16 09:18:43
1660641523696223000,8.79,9,8.76,15,8.84,3,1,2022-08-16 09:18:43
1660641525229740000,8.79,1,8.79,1,8.84,3,2,2022-08-16 09:18:45
1660641537697042000,8.79,2,8.76,15,8.84,9,2,2022-08-16 09:18:57
1660641540782370000,8.76,6,8.76,10,8.84,9,2,2022-08-16 09:19:00
1660641544353035000,8.84,9,8.76,10,8.85,29,1,2022-08-16 09:19:04
1660641544353035000,8.85,1,8.76,10,8.85,29,1,2022-08-16 09:19:04
1660641545674765000,8.76,10,8.75,75,8.84,5,2,2022-08-16 09:19:05
1660641547003831000,8.84,3,8.75,75,8.84,2,1,2022-08-16 09:19:07
1660641554809821000,8.79,2,8.79,2,8.8,6,2,2022-08-16 09:19:14
1660641573910796000,8.79,1,8.75,80,8.79,4,1,2022-08-16 09:19:33
1660641587299737000,8.77,2,8.76,5,8.78,10,2,2022-08-16 09:19:47
1660641595320860000,8.76,5,8.75,80,8.78,10,2,2022-08-16 09:19:55
1660641596463844000,8.75,20,8.75,60,8.78,10,2,2022-08-16 09:19:56
1660641597854025000,8.78,3,8.75,60,8.78,7,1,2022-08-16 09:19:57
1660641605088106000,8.75,20,8.75,40,8.77,5,2,2022-08-16 09:20:05
1660641605112842000,8.75,14,8.75,26,8.77,5,2,2022-08-16 09:20:05
1660641607618918000,8.75,10,8.75,16,8.77,10,2,2022-08-16 09:20:07
1660641610938849000,8.75,5,8.75,11,8.77,10,2,2022-08-16 09:20:10
1660641611363298000,8.76,1,8.75,9,8.77,10,2,2022-08-16 09:20:11
1660641611363298000,8.75,2,8.75,9,8.77,10,2,2022-08-16 09:20:11
1660641611422954000,8.75,9,8.73,6,8.77,10,2,2022-08-16 09:20:11
1660641613441115000,8.77,1,8.73,6,8.77,9,1,2022-08-16 09:20:13
1660641620142702000,8.73,1,8.72,3,8.73,2,2,2022-08-16 09:20:20
1660641627751892000,8.73,1,8.72,3,8.73,1,1,2022-08-16 09:20:27
1660641630350864000,8.73,1,8.72,3,8.75,3,1,2022-08-16 09:20:30
1660641634672403000,8.73,1,8.72,3,8.73,1,1,2022-08-16 09:20:34
1660641638728282000,8.73,1,8.72,3,8.75,1,1,2022-08-16 09:20:38
1660641644357464000,8.75,5,8.72,3,8.75,1,1,2022-08-16 09:20:44
1660641649034108000,8.73,2,8.73,4,8.77,4,2,2022-08-16 09:20:49
1660641659867844000,8.75,1,8.73,9,8.79,7,1,2022-08-16 09:20:59
1660641659867844000,8.77,4,8.73,9,8.79,7,1,2022-08-16 09:20:59
1660641663853721000,8.73,5,8.73,4,8.78,5,2,2022-08-16 09:21:03
1660641666592825000,8.77,1,8.73,4,8.77,3,1,2022-08-16 09:21:06
1660641675764129000,8.77,3,8.73,4,8.77,3,1,2022-08-16 09:21:15
1660641681185837000,8.75,5,8.73,4,8.77,3,1,2022-08-16 09:21:21
1660641683846852000,8.73,1,8.73,3,8.77,3,2,2022-08-16 09:21:23
1660641690191579000,8.73,8,8.72,3,8.73,2,2,2022-08-16 09:21:30
1660641691605785000,8.73,1,8.72,3,8.73,1,1,2022-08-16 09:21:31
1660641698192343000,8.73,1,8.73,89,8.79,8,1,2022-08-16 09:21:38
1660641702548522000,8.73,5,8.73,84,8.77,2,2,2022-08-16 09:21:42
1660641706308992000,8.73,5,8.73,79,8.77,2,2,2022-08-16 09:21:46
1660641706353931000,8.77,2,8.73,79,8.79,8,1,2022-08-16 09:21:46
1660641714385658000,8.78,1,8.75,1,8.79,8,2,2022-08-16 09:21:54
1660641720268714000,8.75,1,8.73,84,8.75,4,2,2022-08-16 09:22:00
1660641722835054000,8.75,2,8.73,84,8.75,2,1,2022-08-16 09:22:02
1660641730006419000,8.75,2,8.73,85,8.78,1,1,2022-08-16 09:22:10
1660641736006566000,8.73,1,8.73,89,8.75,1,2,2022-08-16 09:22:16
1660641741378710000,8.75,1,8.73,89,8.78,1,1,2022-08-16 09:22:21
1660641742515124000,8.73,1,8.73,88,8.78,1,2,2022-08-16 09:22:22
1660641752174117000,8.73,1,8.73,117,8.78,5,2,2022-08-16 09:22:32
1660641760320376000,8.73,1,8.73,116,8.78,5,2,2022-08-16 09:22:40
1660641767816387000,8.73,1,8.73,115,8.78,9,2,2022-08-16 09:22:47
1660641768157918000,8.78,1,8.73,115,8.78,8,1,2022-08-16 09:22:48
1660641780341337000,8.73,20,8.73,95,8.78,9,2,2022-08-16 09:23:00
1660641785996103000,8.78,1,8.73,102,8.78,13,1,2022-08-16 09:23:05
1660641790885246000,8.78,1,8.73,102,8.78,8,1,2022-08-16 09:23:10
1660641793852322000,8.77,5,8.78,7,8.79,13,1,2022-08-16 09:23:13
1660641793852322000,8.78,8,8.78,7,8.79,13,1,2022-08-16 09:23:13
1660641804589507000,8.78,10,8.73,117,8.79,13,2,2022-08-16 09:23:24
1660641827650280000,8.75,1,8.75,1,8.78,13,1,2022-08-16 09:23:47
1660641833089398000,8.75,1,8.73,116,8.77,4,2,2022-08-16 09:23:53
1660641833089398000,8.73,2,8.73,116,8.77,4,2,2022-08-16 09:23:53
1660641847157750000,8.73,2,8.73,114,8.75,1,2,2022-08-16 09:24:07
1660641847854073000,8.75,1,8.73,114,8.75,5,1,2022-08-16 09:24:07
1660641859370600000,8.75,1,8.75,1,8.78,13,2,2022-08-16 09:24:19
1660641894455157000,8.75,5,8.75,3,8.77,6,2,2022-08-16 09:24:54
1660641897542453000,8.75,3,8.73,114,8.75,7,2,2022-08-16 09:24:57
1660641901593087000,8.75,7,8.75,3,8.77,7,1,2022-08-16 09:25:01
1660641930205091000,8.76,5,8.75,4,8.77,5,1,2022-08-16 09:25:30
1660641930205091000,8.77,2,8.75,4,8.77,5,1,2022-08-16 09:25:30
1660641930516060000,8.75,1,8.75,3,8.77,5,2,2022-08-16 09:25:30
1660641935456486000,8.75,1,8.75,2,8.76,6,2,2022-08-16 09:25:35
1660641935722290000,8.76,5,8.75,2,8.76,1,1,2022-08-16 09:25:35
1660641942752957000,8.75,2,8.73,119,8.76,1,2,2022-08-16 09:25:42
1660641952186350000,8.75,7,8.75,10,8.76,1,2,2022-08-16 09:25:52
1660641955049039000,8.75,5,8.75,3,8.76,1,2,2022-08-16 09:25:55
1660641956902565000,8.75,3,8.73,119,8.76,1,2,2022-08-16 09:25:56
1660641960445088000,8.76,1,8.75,10,8.77,25,1,2022-08-16 09:26:00
1660641964293352000,8.77,10,8.75,10,8.77,15,1,2022-08-16 09:26:04
1660641967540676000,8.75,2,8.75,8,8.77,15,2,2022-08-16 09:26:07
1660641971774795000,8.75,7,8.75,1,8.77,15,2,2022-08-16 09:26:11
1660641979049519000,8.75,1,8.74,1,8.76,10,2,2022-08-16 09:26:19
1660641985623127000,8.75,1,8.75,1,8.76,10,1,2022-08-16 09:26:25
1660641990045254000,8.75,1,8.74,2,8.75,1,2,2022-08-16 09:26:30
1660641992601795000,8.75,2,8.75,3,8.76,10,1,2022-08-16 09:26:32
1660641997521296000,8.75,1,8.75,3,8.76,10,2,2022-08-16 09:26:37
1660642003412564000,8.75,1,8.75,2,8.76,10,2,2022-08-16 09:26:43
1660642006132753000,8.75,2,8.74,1,8.76,10,2,2022-08-16 09:26:46
1660642016097780000,8.74,1,8.73,119,8.75,13,2,2022-08-16 09:26:56
1660642019585813000,8.73,25,8.73,94,8.75,13,2,2022-08-16 09:26:59
1660642025591148000,8.73,3,8.73,91,8.75,13,2,2022-08-16 09:27:05
1660642030904091000,8.73,2,8.73,89,8.75,13,2,2022-08-16 09:27:10
1660642033979862000,8.73,1,8.73,88,8.75,33,2,2022-08-16 09:27:13
1660642036150275000,8.73,2,8.73,86,8.75,36,2,2022-08-16 09:27:16
1660642041337783000,8.73,1,8.73,85,8.75,36,2,2022-08-16 09:27:21
1660642041701233000,8.73,2,8.73,83,8.75,36,2,2022-08-16 09:27:21
1660642043222940000,8.75,5,8.73,83,8.75,31,1,2022-08-16 09:27:23
1660642049746574000,8.74,2,8.73,80,8.75,36,2,2022-08-16 09:27:29
1660642049746574000,8.73,3,8.73,80,8.75,36,2,2022-08-16 09:27:29
1660642053199201000,8.73,1,8.73,79,8.75,36,2,2022-08-16 09:27:33
1660642059539955000,8.73,20,8.73,59,8.75,39,2,2022-08-16 09:27:39
1660642062999378000,8.73,30,8.73,29,8.75,39,2,2022-08-16 09:27:42
1660642063963090000,8.73,2,8.73,27,8.75,39,2,2022-08-16 09:27:43
1660642068223881000,8.73,1,8.73,26,8.75,39,2,2022-08-16 09:27:48
1660642068968503000,8.73,5,8.73,21,8.75,39,2,2022-08-16 09:27:48
1660642071996136000,8.73,5,8.73,16,8.75,49,2,2022-08-16 09:27:51
1660642072060670000,8.73,6,8.73,10,8.75,49,2,2022-08-16 09:27:52
1660642074316436000,8.73,5,8.73,5,8.75,51,2,2022-08-16 09:27:54
1660642076600666000,8.73,3,8.73,3,8.75,51,2,2022-08-16 09:27:56
1660642078689760000,8.73,1,8.73,2,8.75,51,2,2022-08-16 09:27:58
1660642079074611000,8.73,2,8.7,45,8.75,51,2,2022-08-16 09:27:59
1660642079074611000,8.72,3,8.7,45,8.75,51,2,2022-08-16 09:27:59
1660642085078693000,8.73,1,8.7,45,8.73,2,1,2022-08-16 09:28:05
1660642101761582000,8.7,10,8.7,35,8.73,8,2,2022-08-16 09:28:21
1660642110668632000,8.71,1,8.7,26,8.72,6,2,2022-08-16 09:28:30
1660642110668632000,8.7,9,8.7,26,8.72,6,2,2022-08-16 09:28:30
1660642111121296000,8.72,5,8.7,26,8.72,1,1,2022-08-16 09:28:31
1660642115600837000,8.7,20,8.7,8,8.71,10,2,2022-08-16 09:28:35
1660642125721343000,8.7,10,8.69,57,8.71,10,2,2022-08-16 09:28:45
1660642152558912000,8.69,1,8.69,56,8.7,13,2,2022-08-16 09:29:12
1660642156131404000,8.69,3,8.69,53,8.7,16,2,2022-08-16 09:29:16
1660642158941946000,8.69,2,8.69,51,8.7,16,2,2022-08-16 09:29:18
1660642172866508000,8.69,25,8.69,26,8.7,16,2,2022-08-16 09:29:32
1660642173345538000,8.69,1,8.69,25,8.7,16,2,2022-08-16 09:29:33
1660642175907330000,8.69,2,8.69,23,8.7,16,2,2022-08-16 09:29:35
1660642190568340000,8.69,5,8.69,18,8.7,16,2,2022-08-16 09:29:50
1660642193255002000,8.69,1,8.69,17,8.7,16,2,2022-08-16 09:29:53
1660642198577218000,8.69,1,8.69,16,8.7,16,2,2022-08-16 09:29:58
1660642201472141000,8.69,2,8.69,14,8.7,16,2,2022-08-16 09:30:01
1660642206594062000,8.69,10,8.69,4,8.7,16,2,2022-08-16 09:30:06
1660642214271708000,8.69,2,8.69,2,8.7,16,2,2022-08-16 09:30:14
1660642216036706000,8.69,2,8.68,14,8.7,16,2,2022-08-16 09:30:16
1660642241231327000,8.69,2,8.68,1,8.7,17,1,2022-08-16 09:30:41
1660642241231327000,8.7,1,8.68,1,8.7,17,1,2022-08-16 09:30:41
1660642249806765000,8.69,1,8.68,1,8.69,24,1,2022-08-16 09:30:49
1660642254074386000,8.69,1,8.68,1,8.69,23,1,2022-08-16 09:30:54
1660642261002093000,8.69,2,8.68,1,8.69,21,1,2022-08-16 09:31:01
1660642275152951000,8.69,1,8.68,3,8.69,20,1,2022-08-16 09:31:15
1660642276163787000,8.68,3,8.66,5,8.69,20,2,2022-08-16 09:31:16
1660642276163787000,8.67,3,8.66,5,8.69,20,2,2022-08-16 09:31:16
1660642276163787000,8.66,4,8.66,5,8.69,20,2,2022-08-16 09:31:16
1660642278441046000,8.69,20,8.69,30,8.7,28,1,2022-08-16 09:31:18
1660642281943919000,8.69,6,8.69,24,8.7,28,2,2022-08-16 09:31:21
1660642301264587000,8.69,3,8.69,23,8.7,19,2,2022-08-16 09:31:41
1660642308309815000,8.7,1,8.69,23,8.7,18,1,2022-08-16 09:31:48
1660642314156633000,8.7,1,8.69,26,8.7,17,1,2022-08-16 09:31:54
1660642317804052000,8.69,5,8.69,21,8.7,17,2,2022-08-16 09:31:57
1660642329000382000,8.7,4,8.69,20,8.7,13,1,2022-08-16 09:32:09
1660642341385222000,8.69,5,8.69,15,8.7,13,2,2022-08-16 09:32:21
1660642344333120000,8.69,1,8.69,14,8.7,13,2,2022-08-16 09:32:24
1660642352099924000,8.69,1,8.69,13,8.7,13,2,2022-08-16 09:32:32
1660642363323178000,8.69,1,8.69,12,8.7,13,2,2022-08-16 09:32:43
1660642375622378000,8.69,2,8.69,10,8.7,13,2,2022-08-16 09:32:55
1660642376876318000,8.69,4,8.69,8,8.7,13,2,2022-08-16 09:32:56
1660642380775833000,8.69,5,8.69,3,8.7,13,2,2022-08-16 09:33:00
1660642401712165000,8.7,2,8.69,1,8.7,11,1,2022-08-16 09:33:21
1660642434144210000,8.69,1,8.66,12,8.69,4,2,2022-08-16 09:33:54
1660642451603786000,8.67,1,8.67,4,8.69,4,2,2022-08-16 09:34:11
1660642494798225000,8.67,1,8.67,3,8.69,13,2,2022-08-16 09:34:54
1660642502689779000,8.67,15,8.66,7,8.69,13,2,2022-08-16 09:35:02
1660642502689779000,8.66,5,8.66,7,8.69,13,2,2022-08-16 09:35:02
1660642520094693000,8.69,5,8.67,6,8.69,13,1,2022-08-16 09:35:20
1660642566694911000,8.67,5,8.67,1,8.68,7,2,2022-08-16 09:36:06
1660642585976013000,8.67,1,8.66,7,8.67,7,2,2022-08-16 09:36:25
1660642601602694000,8.67,9,8.66,7,8.68,6,1,2022-08-16 09:36:41
1660642601602694000,8.68,1,8.66,7,8.68,6,1,2022-08-16 09:36:41
1660642608367126000,8.66,7,8.65,12,8.68,6,2,2022-08-16 09:36:48
1660642608367126000,8.65,33,8.65,12,8.68,6,2,2022-08-16 09:36:48
1660642618379614000,8.65,2,8.65,10,8.67,3,2,2022-08-16 09:36:58
1660642627023155000,8.65,1,8.65,9,8.67,3,2,2022-08-16 09:37:07
1660642645867421000,8.65,2,8.65,7,8.67,3,2,2022-08-16 09:37:25
1660642646725310000,8.65,2,8.65,5,8.67,3,2,2022-08-16 09:37:26
1660642656213696000,8.65,5,8.58,12,8.67,3,2,2022-08-16 09:37:36
1660642656213696000,8.64,1,8.58,12,8.67,3,2,2022-08-16 09:37:36
1660642656213696000,8.61,6,8.58,12,8.67,3,2,2022-08-16 09:37:36
1660642656213696000,8.6,17,8.58,12,8.67,3,2,2022-08-16 09:37:36
1660642656213696000,8.58,1,8.58,12,8.67,3,2,2022-08-16 09:37:36
1660642658076231000,8.65,1,8.65,2,8.67,3,1,2022-08-16 09:37:38
1660642662471908000,8.65,2,8.58,15,8.67,3,2,2022-08-16 09:37:42
1660642662471908000,8.58,1,8.58,15,8.67,3,2,2022-08-16 09:37:42
1660642680617135000,8.62,1,8.63,49,8.65,8,1,2022-08-16 09:38:00
1660642687628835000,8.63,10,8.63,39,8.65,8,2,2022-08-16 09:38:07
1660642725167088000,8.63,1,8.63,38,8.65,13,2,2022-08-16 09:38:45
1660642735882695000,8.63,2,8.63,36,8.65,10,2,2022-08-16 09:38:55
1660642737778829000,8.63,5,8.63,31,8.65,10,2,2022-08-16 09:38:57
1660642738941353000,8.65,6,8.63,31,8.65,4,1,2022-08-16 09:38:58
1660642740321888000,8.65,4,8.65,6,8.66,5,1,2022-08-16 09:39:00
1660642754513812000,8.65,5,8.65,1,8.66,5,2,2022-08-16 09:39:14
1660642761628464000,8.65,1,8.63,33,8.66,5,2,2022-08-16 09:39:21
1660642781594797000,8.65,2,8.65,8,8.66,10,1,2022-08-16 09:39:41
1660642782945505000,8.65,1,8.65,7,8.66,10,2,2022-08-16 09:39:42
1660642788460738000,8.65,5,8.65,2,8.66,10,2,2022-08-16 09:39:48
1660642792314306000,8.65,2,8.63,38,8.66,10,2,2022-08-16 09:39:52
1660642801893522000,8.65,3,8.65,7,8.66,10,1,2022-08-16 09:40:01
1660642810961188000,8.65,1,8.65,6,8.66,10,2,2022-08-16 09:40:10
1660642817518741000,8.65,1,8.65,5,8.66,11,2,2022-08-16 09:40:17
1660642820466118000,8.65,5,8.63,32,8.66,11,2,2022-08-16 09:40:20
1660642820466118000,8.63,6,8.63,32,8.66,11,2,2022-08-16 09:40:20
1660642834579563000,8.65,3,8.64,1,8.65,1,1,2022-08-16 09:40:34
1660642866540466000,8.65,1,8.63,31,8.65,8,1,2022-08-16 09:41:06
1660642883008744000,8.65,1,8.63,31,8.65,10,1,2022-08-16 09:41:23
1660642899385994000,8.65,8,8.63,31,8.65,2,1,2022-08-16 09:41:39
1660642911740229000,8.65,2,8.63,31,8.66,11,1,2022-08-16 09:41:51
1660642927524795000,8.66,1,8.65,24,8.66,10,1,2022-08-16 09:42:07
1660642939723945000,8.66,10,8.65,24,8.67,2,1,2022-08-16 09:42:19
1660642953531741000,8.66,1,8.65,25,8.66,9,2,2022-08-16 09:42:33
1660642963942516000,8.66,1,8.65,25,8.66,8,1,2022-08-16 09:42:43
1660642967316814000,8.66,8,8.66,2,8.67,2,1,2022-08-16 09:42:47
1660642991142964000,8.67,1,8.66,3,8.67,2,1,2022-08-16 09:43:11
1660643016393773000,8.66,2,8.66,1,8.67,2,2,2022-08-16 09:43:36
1660643017282026000,8.66,1,8.65,25,8.67,12,2,2022-08-16 09:43:37
1660643020080260000,8.67,1,8.65,25,8.67,11,1,2022-08-16 09:43:40
1660643024036192000,8.67,3,8.65,25,8.67,8,1,2022-08-16 09:43:44
1660643093229211000,8.65,3,8.65,25,8.66,10,2,2022-08-16 09:44:53
1660643110619453000,8.65,5,8.65,20,8.66,10,2,2022-08-16 09:45:10
1660643115251893000,8.65,1,8.65,19,8.66,10,2,2022-08-16 09:45:15
1660643126480071000,8.65,1,8.65,18,8.66,10,2,2022-08-16 09:45:26
1660643132254840000,8.65,5,8.65,13,8.66,5,2,2022-08-16 09:45:32
1660643133621540000,8.65,1,8.65,12,8.66,5,2,2022-08-16 09:45:33
1660643146531352000,8.65,1,8.65,11,8.66,5,2,2022-08-16 09:45:46
1660643153022991000,8.65,5,8.65,6,8.66,5,2,2022-08-16 09:45:53
1660643154321259000,8.65,5,8.65,1,8.66,5,2,2022-08-16 09:45:54
1660643159590174000,8.65,1,8.64,5,8.65,7,2,2022-08-16 09:45:59
1660643164683673000,8.64,2,8.64,3,8.65,27,2,2022-08-16 09:46:04
1660643166231314000,8.64,1,8.64,2,8.65,27,2,2022-08-16 09:46:06
1660643168805712000,8.64,1,8.64,1,8.65,27,2,2022-08-16 09:46:08
1660643170175927000,8.64,1,8.63,51,8.65,27,2,2022-08-16 09:46:10
1660643217989082000,8.64,5,8.63,81,8.64,5,1,2022-08-16 09:46:57
1660643238307157000,8.64,3,8.63,81,8.64,4,1,2022-08-16 09:47:18
1660643256676050000,8.64,4,8.63,81,8.65,22,1,2022-08-16 09:47:36
1660643292954646000,8.64,1,8.64,1,8.65,23,2,2022-08-16 09:48:12
1660643306817551000,8.65,23,8.65,2,8.67,10,1,2022-08-16 09:48:26
1660643318164823000,8.65,2,8.64,11,8.67,10,2,2022-08-16 09:48:38
1660643369087897000,8.65,2,8.64,3,8.66,2,2,2022-08-16 09:49:29
1660643369087897000,8.64,8,8.64,3,8.66,2,2,2022-08-16 09:49:29
1660643382063969000,8.64,3,8.63,79,8.66,2,2,2022-08-16 09:49:42
1660643382063969000,8.63,2,8.63,79,8.66,2,2,2022-08-16 09:49:42
1660643421084941000,8.64,1,8.64,1,8.66,2,2,2022-08-16 09:50:21
1660643483213379000,8.64,7,8.63,56,8.66,3,2,2022-08-16 09:51:23
1660643483213379000,8.63,23,8.63,56,8.66,3,2,2022-08-16 09:51:23
1660643504152582000,8.66,2,8.63,55,8.66,1,1,2022-08-16 09:51:44
1660643530132411000,8.66,1,8.63,55,8.66,31,1,2022-08-16 09:52:10
1660643536609927000,8.63,5,8.63,50,8.66,31,2,2022-08-16 09:52:16
1660643569585901000,8.63,2,8.63,48,8.65,1,2,2022-08-16 09:52:49
1660643591672764000,8.63,1,8.63,47,8.65,1,2,2022-08-16 09:53:11
1660643603664849000,8.63,10,8.63,39,8.65,3,2,2022-08-16 09:53:23
1660643626812055000,8.63,15,8.63,39,8.65,3,2,2022-08-16 09:53:46
1660643639137471000,8.63,25,8.63,14,8.65,2,2,2022-08-16 09:53:59
1660643660190278000,8.65,4,8.63,14,8.66,25,1,2022-08-16 09:54:20
1660643660190278000,8.66,6,8.63,14,8.66,25,1,2022-08-16 09:54:20
1660643673660755000,8.63,3,8.63,11,8.65,9,2,2022-08-16 09:54:33
1660643696546750000,8.65,5,8.63,14,8.65,3,1,2022-08-16 09:54:56
1660643710182397000,8.66,1,8.65,2,8.66,25,1,2022-08-16 09:55:10
1660643744937975000,8.66,4,8.65,3,8.66,21,1,2022-08-16 09:55:44
1660643750072919000,8.65,2,8.65,1,8.66,21,2,2022-08-16 09:55:50
1660643756181174000,8.65,1,8.63,19,8.66,21,2,2022-08-16 09:55:56
1660643768039108000,8.66,10,8.63,19,8.66,11,1,2022-08-16 09:56:08
1660643799251230000,8.66,15,8.66,5,8.67,25,1,2022-08-16 09:56:39
1660643813970505000,8.66,1,8.66,4,8.67,25,2,2022-08-16 09:56:53
1660643817618897000,8.67,5,8.66,4,8.67,20,1,2022-08-16 09:56:57
1660643818073209000,8.66,1,8.66,3,8.67,20,2,2022-08-16 09:56:58
1660643848434543000,8.66,3,8.64,4,8.66,2,2,2022-08-16 09:57:28
1660643903657012000,8.66,3,8.64,4,8.66,3,1,2022-08-16 09:58:23
1660643970747339000,8.66,5,8.64,4,8.66,3,1,2022-08-16 09:59:30
1660644066889579000,8.64,32,8.63,15,8.66,5,2,2022-08-16 10:01:06
1660644066889579000,8.63,4,8.63,15,8.66,5,2,2022-08-16 10:01:06
1660644083953802000,8.63,10,8.63,7,8.66,5,2,2022-08-16 10:01:23
1660644091289346000,8.66,3,8.63,7,8.66,2,1,2022-08-16 10:01:31
1660644103266239000,8.66,1,8.63,7,8.66,6,1,2022-08-16 10:01:43
1660644124943770000,8.66,10,8.63,12,8.67,22,1,2022-08-16 10:02:04
1660644162968847000,8.67,22,8.66,10,8.68,14,1,2022-08-16 10:02:42
1660644162968847000,8.68,3,8.66,10,8.68,14,1,2022-08-16 10:02:42
1660644163600437000,8.66,2,8.66,12,8.68,14,2,2022-08-16 10:02:43
1660644197188589000,8.66,1,8.66,2,8.68,16,2,2022-08-16 10:03:17
1660644245306455000,8.66,3,8.64,3,8.66,7,2,2022-08-16 10:04:05
1660644294313618000,8.66,5,8.64,3,8.66,2,1,2022-08-16 10:04:54
1660644294334686000,8.66,2,8.64,3,8.68,14,1,2022-08-16 10:04:54
1660644367180420000,8.66,2,8.64,6,8.68,16,2,2022-08-16 10:06:07
1660644392169463000,8.68,9,8.65,3,8.68,7,1,2022-08-16 10:06:32
1660644443764173000,8.68,5,8.66,2,8.68,2,1,2022-08-16 10:07:23
1660644443785871000,8.68,2,8.66,2,8.69,23,1,2022-08-16 10:07:23
1660644460530113000,8.68,1,8.68,1,8.69,23,1,2022-08-16 10:07:40
1660644465606332000,8.68,1,8.66,6,8.68,1,2,2022-08-16 10:07:45
1660644467373539000,8.68,1,8.68,4,8.69,23,1,2022-08-16 10:07:47
1660644483127927000,8.68,4,8.66,6,8.69,26,2,2022-08-16 10:08:03
1660644498204096000,8.68,2,8.66,6,8.69,26,2,2022-08-16 10:08:18
1660644598782368000,8.69,1,8.68,8,8.69,22,1,2022-08-16 10:09:58
1660644598815197000,8.69,5,8.68,8,8.69,17,1,2022-08-16 10:09:58
1660644615783971000,8.68,3,8.68,5,8.69,17,2,2022-08-16 10:10:15
1660644624921743000,8.68,1,8.68,7,8.69,19,2,2022-08-16 10:10:24
1660644630986666000,8.69,1,8.68,12,8.69,17,1,2022-08-16 10:10:30
1660644631021341000,8.69,5,8.68,12,8.69,12,1,2022-08-16 10:10:31
1660644645894661000,8.69,2,8.68,12,8.69,10,1,2022-08-16 10:10:45
1660644645918224000,8.69,10,8.68,12,8.7,20,1,2022-08-16 10:10:45
1660644659947439000,8.7,3,8.69,11,8.7,17,1,2022-08-16 10:10:59
1660644662759290000,8.7,1,8.69,11,8.7,16,1,2022-08-16 10:11:02
1660644663619276000,8.7,10,8.69,11,8.7,6,1,2022-08-16 10:11:03
1660644664966063000,8.7,6,8.7,4,8.71,5,1,2022-08-16 10:11:04
1660644675368067000,8.7,4,8.69,11,8.71,6,2,2022-08-16 10:11:15
1660644696129838000,8.71,3,8.7,5,8.71,2,1,2022-08-16 10:11:36
1660644696162143000,8.71,2,8.7,5,8.72,15,1,2022-08-16 10:11:36
1660644750766865000,8.71,1,8.7,7,8.71,4,1,2022-08-16 10:12:30
1660644766504435000,8.71,1,8.7,7,8.71,3,1,2022-08-16 10:12:46
1660644779778655000,8.71,3,8.7,7,8.75,25,1,2022-08-16 10:12:59
1660644779778655000,8.72,15,8.7,7,8.75,25,1,2022-08-16 10:12:59
1660644779778655000,8.73,3,8.7,7,8.75,25,1,2022-08-16 10:12:59
1660644779778655000,8.74,18,8.7,7,8.75,25,1,2022-08-16 10:12:59
1660644779778655000,8.75,6,8.7,7,8.75,25,1,2022-08-16 10:12:59
1660644791313435000,8.74,4,8.7,14,8.75,25,1,2022-08-16 10:13:11
1660644817008871000,8.75,10,8.71,1,8.75,15,1,2022-08-16 10:13:37
1660644826983960000,8.74,2,8.74,3,8.75,15,1,2022-08-16 10:13:46
1660644833546537000,8.74,3,8.71,1,8.72,2,2,2022-08-16 10:13:53
1660644842212041000,8.72,2,8.71,1,8.75,15,1,2022-08-16 10:14:02
1660644875269374000,8.74,1,8.74,4,8.75,15,1,2022-08-16 10:14:35
1660644879725615000,8.74,4,8.72,2,8.74,6,2,2022-08-16 10:14:39
1660644886554155000,8.74,5,8.72,2,8.74,1,1,2022-08-16 10:14:46
1660644892742677000,8.74,1,8.72,2,8.75,20,1,2022-08-16 10:14:52
1660644904393906000,8.75,1,8.72,7,8.75,24,1,2022-08-16 10:15:04
1660644914233196000,8.75,5,8.72,7,8.75,19,1,2022-08-16 10:15:14
1660644922380889000,8.75,1,8.72,7,8.75,18,1,2022-08-16 10:15:22
1660644922482011000,8.75,18,8.72,7,8.76,34,1,2022-08-16 10:15:22
1660644922482011000,8.76,2,8.72,7,8.76,34,1,2022-08-16 10:15:22
1660644937979153000,8.76,1,8.72,12,8.76,33,1,2022-08-16 10:15:37
1660644939945829000,8.76,1,8.72,7,8.76,32,1,2022-08-16 10:15:39
1660644950815952000,8.76,2,8.72,7,8.76,31,1,2022-08-16 10:15:50
1660644951811465000,8.76,2,8.72,7,8.76,29,1,2022-08-16 10:15:51
1660644953827317000,8.76,1,8.72,7,8.76,28,1,2022-08-16 10:15:53
1660644983994030000,8.75,1,8.74,10,8.76,26,1,2022-08-16 10:16:23
1660644983994030000,8.76,2,8.74,10,8.76,26,1,2022-08-16 10:16:23
1660644992415217000,8.76,5,8.74,10,8.76,21,1,2022-08-16 10:16:32
1660644992762491000,8.76,5,8.74,10,8.76,16,1,2022-08-16 10:16:32
1660645008157307000,8.75,5,8.74,10,8.76,16,1,2022-08-16 10:16:48
1660645033593362000,8.75,2,8.75,4,8.76,18,2,2022-08-16 10:17:13
1660645043141022000,8.75,1,8.75,3,8.76,18,2,2022-08-16 10:17:23
1660645048011447000,8.75,1,8.75,2,8.76,18,2,2022-08-16 10:17:28
1660645052623705000,8.75,1,8.75,1,8.76,18,2,2022-08-16 10:17:32
1660645053190080000,8.75,1,8.74,10,8.76,18,2,2022-08-16 10:17:33
1660645072819737000,8.76,2,8.74,10,8.76,16,1,2022-08-16 10:17:52
1660645096850295000,8.75,2,8.75,1,8.76,16,2,2022-08-16 10:18:16
1660645130891754000,8.75,1,8.74,10,8.75,4,2,2022-08-16 10:18:50
1660645131564068000,8.75,3,8.74,10,8.75,1,1,2022-08-16 10:18:51
1660645139260976000,8.75,2,8.75,8,8.76,16,1,2022-08-16 10:18:59
1660645154179912000,8.76,10,8.75,8,8.76,6,1,2022-08-16 10:19:14
1660645158391661000,8.76,3,8.75,8,8.76,3,1,2022-08-16 10:19:18
1660645159045052000,8.76,3,8.76,7,8.77,5,1,2022-08-16 10:19:19
1660645175362478000,8.76,1,8.76,6,8.77,5,2,2022-08-16 10:19:35
1660645177273222000,8.77,5,8.77,5,8.78,9,1,2022-08-16 10:19:37
1660645183915456000,8.78,5,8.77,5,8.78,4,1,2022-08-16 10:19:43
1660645188075399000,8.78,4,8.78,1,8.79,13,1,2022-08-16 10:19:48
1660645193635917000,8.79,1,8.78,1,8.79,12,1,2022-08-16 10:19:53
1660645197386006000,8.78,1,8.74,10,8.79,12,2,2022-08-16 10:19:57
1660645197386006000,8.77,5,8.74,10,8.79,12,2,2022-08-16 10:19:57
1660645197386006000,8.76,6,8.74,10,8.79,12,2,2022-08-16 10:19:57
1660645197386006000,8.75,8,8.74,10,8.79,12,2,2022-08-16 10:19:57
1660645215040143000,8.79,10,8.74,10,8.79,2,1,2022-08-16 10:20:15
1660645217709657000,8.79,2,8.74,15,8.8,130,1,2022-08-16 10:20:17
1660645241559829000,8.79,1,8.77,10,8.79,12,1,2022-08-16 10:20:41
1660645257194335000,8.78,1,8.77,10,8.79,4,1,2022-08-16 10:20:57
1660645257194335000,8.79,9,8.77,10,8.79,4,1,2022-08-16 10:20:57
1660645266044771000,8.79,1,8.77,10,8.79,8,1,2022-08-16 10:21:06
1660645270326856000,8.79,1,8.77,10,8.79,9,1,2022-08-16 10:21:10
1660645271053053000,8.79,9,8.79,1,8.8,127,1,2022-08-16 10:21:11
1660645273178793000,8.8,2,8.79,1,8.8,125,1,2022-08-16 10:21:13
1660645276725701000,8.8,1,8.79,1,8.8,124,1,2022-08-16 10:21:16
1660645286874449000,8.79,3,8.77,10,8.79,17,2,2022-08-16 10:21:26
1660645292374597000,8.77,10,8.75,10,8.79,17,2,2022-08-16 10:21:32
1660645308958147000,8.78,1,8.75,10,8.78,1,1,2022-08-16 10:21:48
1660645330760172000,8.78,1,8.76,2,8.79,18,1,2022-08-16 10:22:10
1660645347024671000,8.78,1,8.78,6,8.79,18,2,2022-08-16 10:22:27
1660645365007610000,8.78,1,8.78,5,8.79,17,2,2022-08-16 10:22:45
1660645367221561000,8.79,17,8.79,3,8.8,126,1,2022-08-16 10:22:47
1660645410939142000,8.79,8,8.78,4,8.79,12,2,2022-08-16 10:23:30
1660645417588806000,8.79,10,8.78,4,8.79,2,1,2022-08-16 10:23:37
1660645459373890000,8.79,1,8.78,1,8.79,10,1,2022-08-16 10:24:19
1660645483883519000,8.79,10,8.79,2,8.8,125,1,2022-08-16 10:24:43
1660645494183884000,8.8,3,8.79,2,8.8,122,1,2022-08-16 10:24:54
1660645496301629000,8.79,2,8.76,22,8.78,2,2,2022-08-16 10:24:56
1660645496301629000,8.78,1,8.76,22,8.78,2,2,2022-08-16 10:24:56
1660645512131587000,8.76,2,8.76,20,8.78,2,2,2022-08-16 10:25:12
1660645516714667000,8.78,2,8.76,20,8.79,3,1,2022-08-16 10:25:16
1660645551568623000,8.79,5,8.76,20,8.79,34,1,2022-08-16 10:25:51
1660645579671720000,8.79,6,8.76,22,8.79,29,1,2022-08-16 10:26:19
1660645694683895000,8.76,3,8.76,19,8.78,15,2,2022-08-16 10:28:14
1660645716466090000,8.76,19,8.74,10,8.76,1,2,2022-08-16 10:28:36
1660645729861867000,8.76,1,8.78,4,8.79,37,1,2022-08-16 10:28:49
1660645729861867000,8.78,15,8.78,4,8.79,37,1,2022-08-16 10:28:49
1660645729887955000,8.78,1,8.78,3,8.79,37,2,2022-08-16 10:28:49
1660645745491034000,8.79,2,8.78,3,8.79,35,1,2022-08-16 10:29:05
1660645762368998000,8.79,1,8.78,3,8.79,34,1,2022-08-16 10:29:22
1660645771843281000,8.79,5,8.78,3,8.79,29,1,2022-08-16 10:29:31
1660645783294531000,8.79,1,8.78,3,8.79,28,1,2022-08-16 10:29:43
1660645785688739000,8.79,3,8.78,3,8.79,25,1,2022-08-16 10:29:45
1660645786779047000,8.79,2,8.78,3,8.79,23,1,2022-08-16 10:29:46
1660645869022306000,8.78,1,8.78,2,8.79,35,2,2022-08-16 10:31:09
1660645870543883000,8.78,2,8.74,10,8.79,45,2,2022-08-16 10:31:10
1660645871997275000,8.79,1,8.74,10,8.79,44,1,2022-08-16 10:31:11
1660645992147761000,8.78,2,8.74,10,8.78,13,1,2022-08-16 10:33:12
1660645997990791000,8.78,1,8.74,10,8.78,12,1,2022-08-16 10:33:17
1660646024260357000,8.74,2,8.74,8,8.78,13,2,2022-08-16 10:33:44
1660646128327391000,8.76,10,8.75,15,8.78,15,1,2022-08-16 10:35:28
1660646155242839000,8.78,5,8.75,20,8.78,8,1,2022-08-16 10:35:55
1660646163175879000,8.78,8,8.75,20,8.79,61,1,2022-08-16 10:36:03
1660646223693869000,8.78,1,8.76,22,8.78,1,1,2022-08-16 10:37:03
1660646225649593000,8.78,1,8.78,1,8.79,66,1,2022-08-16 10:37:05
1660646234155012000,8.78,1,8.76,22,8.79,66,2,2022-08-16 10:37:14
1660646255549795000,8.78,2,8.76,22,8.79,66,1,2022-08-16 10:37:35
1660646269851503000,8.78,2,8.76,22,8.79,51,1,2022-08-16 10:37:49
1660646269851503000,8.79,18,8.76,22,8.79,51,1,2022-08-16 10:37:49
1660646286942311000,8.78,1,8.76,22,8.79,49,1,2022-08-16 10:38:06
1660646286942311000,8.79,2,8.76,22,8.79,49,1,2022-08-16 10:38:06
1660646294807266000,8.79,10,8.76,22,8.79,39,1,2022-08-16 10:38:14
1660646353789197000,8.78,4,8.77,21,8.78,3,1,2022-08-16 10:39:13
1660646355733476000,8.78,2,8.77,21,8.78,1,1,2022-08-16 10:39:15
1660646409330085000,8.77,3,8.77,18,8.78,9,2,2022-08-16 10:40:09
1660646435081909000,8.78,3,8.77,23,8.78,4,1,2022-08-16 10:40:35
1660646439769602000,8.77,10,8.77,13,8.78,4,2,2022-08-16 10:40:39
1660646455262620000,8.78,1,8.77,12,8.78,3,1,2022-08-16 10:40:55
1660646500575220000,8.78,1,8.77,12,8.78,3,1,2022-08-16 10:41:40
1660646508167981000,8.77,12,8.76,7,8.78,3,2,2022-08-16 10:41:48
1660646508167981000,8.76,3,8.76,7,8.78,3,2,2022-08-16 10:41:48
1660646543121343000,8.76,3,8.76,5,8.78,5,2,2022-08-16 10:42:23
1660646586840871000,8.78,3,8.76,5,8.78,6,1,2022-08-16 10:43:06
1660646590865948000,8.76,2,8.76,3,8.78,6,2,2022-08-16 10:43:10
1660646617293968000,8.76,10,8.76,23,8.77,5,2,2022-08-16 10:43:37
1660646643967800000,8.76,8,8.76,15,8.77,5,2,2022-08-16 10:44:03
1660646683733438000,8.77,5,8.79,34,8.8,130,1,2022-08-16 10:44:43
1660646683733438000,8.78,3,8.79,34,8.8,130,1,2022-08-16 10:44:43
1660646683733438000,8.79,46,8.79,34,8.8,130,1,2022-08-16 10:44:43
1660646689848885000,8.79,5,8.79,29,8.8,130,2,2022-08-16 10:44:49
1660646718268250000,8.8,20,8.79,29,8.8,110,1,2022-08-16 10:45:18
1660646793761943000,8.8,1,8.79,29,8.8,140,1,2022-08-16 10:46:33
1660646794146090000,8.8,15,8.79,29,8.8,125,1,2022-08-16 10:46:34
1660646795947516000,8.79,2,8.79,27,8.8,125,2,2022-08-16 10:46:35
1660646797242066000,8.79,1,8.79,26,8.8,125,2,2022-08-16 10:46:37
1660646802161798000,8.79,2,8.79,24,8.8,125,2,2022-08-16 10:46:42
1660646840240479000,8.8,40,8.79,26,8.8,86,1,2022-08-16 10:47:20
1660646844682294000,8.79,26,8.75,25,8.79,4,2,2022-08-16 10:47:24
1660646909716869000,8.79,1,8.75,30,8.79,11,1,2022-08-16 10:48:29
1660646927428052000,8.79,9,8.75,30,8.8,85,1,2022-08-16 10:48:47
1660646927428052000,8.8,1,8.75,30,8.8,85,1,2022-08-16 10:48:47
1660646931480902000,8.75,10,8.75,20,8.8,87,2,2022-08-16 10:48:51
1660646981325550000,8.76,2,8.75,29,8.79,10,2,2022-08-16 10:49:41
1660646981325550000,8.75,1,8.75,29,8.79,10,2,2022-08-16 10:49:41
1660646981613688000,8.75,3,8.75,26,8.79,10,2,2022-08-16 10:49:41
1660647073371288000,8.76,1,8.75,26,8.77,4,2,2022-08-16 10:51:13
1660647077104498000,8.77,1,8.75,26,8.77,3,1,2022-08-16 10:51:17
1660647085536283000,8.77,1,8.75,26,8.77,2,1,2022-08-16 10:51:25
1660647193025511000,8.77,2,8.76,2,8.78,23,1,2022-08-16 10:53:13
1660647210159215000,8.77,3,8.76,2,8.78,23,2,2022-08-16 10:53:30
1660647221268315000,8.77,1,8.76,2,8.78,23,1,2022-08-16 10:53:41
1660647221687333000,8.76,2,8.75,26,8.78,23,2,2022-08-16 10:53:41
1660647276658419000,8.76,1,8.75,26,8.77,1,1,2022-08-16 10:54:36
1660647299455299000,8.75,2,8.75,24,8.77,1,2,2022-08-16 10:54:59
1660647305782184000,8.77,1,8.75,24,8.78,23,1,2022-08-16 10:55:05
1660647326186029000,8.75,5,8.75,19,8.77,4,2,2022-08-16 10:55:26
1660647362536905000,8.75,10,8.75,9,8.77,6,2,2022-08-16 10:56:02
1660647372896336000,8.75,3,8.75,6,8.77,6,2,2022-08-16 10:56:12
1660647466454414000,8.76,1,8.76,14,8.77,5,2,2022-08-16 10:57:46
1660647485173965000,8.76,1,8.76,13,8.77,5,2,2022-08-16 10:58:05
1660647504188575000,8.76,10,8.76,3,8.77,5,2,2022-08-16 10:58:24
1660647509693271000,8.76,1,8.76,2,8.77,5,2,2022-08-16 10:58:29
1660647596777804000,8.76,1,8.76,12,8.77,1,2,2022-08-16 10:59:56
1660647613799096000,8.76,1,8.76,11,8.77,1,2,2022-08-16 11:00:13
1660647644024531000,8.76,1,8.76,10,8.77,5,2,2022-08-16 11:00:44
1660647655205540000,8.77,5,8.76,10,8.78,22,1,2022-08-16 11:00:55
1660647672410368000,8.77,1,8.76,10,8.77,3,1,2022-08-16 11:01:12
1660647692363081000,8.77,3,8.76,10,8.78,15,1,2022-08-16 11:01:32
1660647692363081000,8.78,7,8.76,10,8.78,15,1,2022-08-16 11:01:32
1660647696310345000,8.78,2,8.77,1,8.78,13,1,2022-08-16 11:01:36
1660647712698128000,8.78,2,8.77,1,8.78,11,1,2022-08-16 11:01:52
1660647767660482000,8.77,5,8.77,7,8.78,11,2,2022-08-16 11:02:47
1660647851053718000,8.77,3,8.77,5,8.78,35,2,2022-08-16 11:04:11
1660647876360309000,8.77,2,8.77,5,8.78,35,2,2022-08-16 11:04:36
1660647887980909000,8.77,2,8.77,2,8.78,13,2,2022-08-16 11:04:47
1660647896288284000,8.77,1,8.77,1,8.78,13,2,2022-08-16 11:04:56
1660647944638195000,8.78,36,8.78,48,8.79,42,1,2022-08-16 11:05:44
1660647957863777000,8.79,5,8.78,53,8.79,37,1,2022-08-16 11:05:57
1660647957898552000,8.79,18,8.78,53,8.79,19,1,2022-08-16 11:05:57
1660647961109662000,8.79,5,8.78,53,8.79,14,1,2022-08-16 11:06:01
1660647978746777000,8.79,10,8.78,63,8.79,4,1,2022-08-16 11:06:18
1660647993339193000,8.79,4,8.78,66,8.79,20,1,2022-08-16 11:06:33
1660647993582171000,8.79,3,8.78,66,8.79,17,1,2022-08-16 11:06:33
1660647995047050000,8.79,10,8.78,66,8.79,7,1,2022-08-16 11:06:35
1660647997740801000,8.79,1,8.78,66,8.79,6,1,2022-08-16 11:06:37
1660648005214626000,8.79,5,8.78,66,8.79,1,1,2022-08-16 11:06:45
1660648007228865000,8.79,1,8.78,66,8.8,60,1,2022-08-16 11:06:47
1660648007228865000,8.8,9,8.78,66,8.8,60,1,2022-08-16 11:06:47
1660648015903632000,8.8,10,8.78,66,8.8,50,1,2022-08-16 11:06:55
1660648017042814000,8.78,1,8.78,65,8.8,50,2,2022-08-16 11:06:57
1660648043577712000,8.8,50,8.79,3,8.8,2,1,2022-08-16 11:07:23
1660648043600588000,8.8,2,8.79,3,8.82,9,1,2022-08-16 11:07:23
1660648053030066000,8.82,1,8.79,27,8.82,8,1,2022-08-16 11:07:33
1660648053067416000,8.82,8,8.79,27,8.83,14,1,2022-08-16 11:07:33
1660648053145308000,8.83,14,8.79,27,8.84,19,1,2022-08-16 11:07:33
1660648053145308000,8.84,16,8.79,27,8.84,19,1,2022-08-16 11:07:33
1660648077267247000,8.84,1,8.8,1,8.84,21,1,2022-08-16 11:07:57
1660648096607773000,8.84,1,8.8,1,8.84,22,1,2022-08-16 11:08:16
1660648122683698000,8.83,1,8.81,3,8.83,2,1,2022-08-16 11:08:42
1660648140647180000,8.83,1,8.81,3,8.83,1,1,2022-08-16 11:09:00
1660648142194482000,8.83,1,8.83,2,8.84,15,1,2022-08-16 11:09:02
1660648150025192000,8.84,1,8.83,4,8.84,15,1,2022-08-16 11:09:10
1660648165256965000,8.84,1,8.83,4,8.84,14,1,2022-08-16 11:09:25
1660648170506513000,8.84,2,8.83,2,8.84,12,1,2022-08-16 11:09:30
1660648186323430000,8.83,2,8.81,3,8.84,17,2,2022-08-16 11:09:46
1660648188901039000,8.84,17,8.81,3,8.85,91,1,2022-08-16 11:09:48
1660648192955219000,8.85,1,8.84,2,8.85,90,1,2022-08-16 11:09:52
1660648193332038000,8.84,2,8.81,3,8.85,90,2,2022-08-16 11:09:53
1660648204320616000,8.84,1,8.81,3,8.85,90,2,2022-08-16 11:10:04
1660648217751811000,8.84,1,8.81,3,8.84,1,1,2022-08-16 11:10:17
1660648227000097000,8.84,1,8.81,3,8.85,89,1,2022-08-16 11:10:27
1660648227000097000,8.85,1,8.81,3,8.85,89,1,2022-08-16 11:10:27
1660648250184832000,8.84,1,8.84,9,8.85,89,1,2022-08-16 11:10:50
1660648263315239000,8.84,5,8.84,10,8.85,89,2,2022-08-16 11:11:03
1660648272274721000,8.85,4,8.84,6,8.85,85,1,2022-08-16 11:11:12
1660648275768526000,8.85,3,8.84,6,8.85,82,1,2022-08-16 11:11:15
1660648279305341000,8.85,10,8.84,6,8.85,72,1,2022-08-16 11:11:19
1660648284062727000,8.84,1,8.84,5,8.85,72,2,2022-08-16 11:11:24
1660648313667690000,8.84,5,8.83,11,8.85,72,2,2022-08-16 11:11:53
1660648330798881000,8.84,1,8.83,11,8.84,2,1,2022-08-16 11:12:10
1660648362619514000,8.84,1,8.83,12,8.84,4,1,2022-08-16 11:12:42
1660648447964592000,8.84,1,8.83,3,8.84,16,1,2022-08-16 11:14:07
1660648457055608000,8.84,10,8.83,3,8.84,6,1,2022-08-16 11:14:17
1660648467178971000,8.84,1,8.83,3,8.84,5,1,2022-08-16 11:14:27
1660648471828850000,8.84,5,8.84,5,8.85,72,1,2022-08-16 11:14:31
1660648484242153000,8.85,3,8.84,5,8.85,69,1,2022-08-16 11:14:44
1660648489254322000,8.85,10,8.84,5,8.85,59,1,2022-08-16 11:14:49
1660648493297344000,8.84,5,8.83,3,8.85,59,2,2022-08-16 11:14:53
1660648497481920000,8.85,5,8.83,3,8.85,54,1,2022-08-16 11:14:57
1660648514607853000,8.84,2,8.83,3,8.85,52,1,2022-08-16 11:15:14
1660648514607853000,8.85,2,8.83,3,8.85,52,1,2022-08-16 11:15:14
1660648603574015000,8.84,1,8.83,3,8.84,5,1,2022-08-16 11:16:43
1660648612902628000,8.84,5,8.83,3,8.85,54,1,2022-08-16 11:16:52
1660648621042890000,8.85,4,8.84,1,8.85,50,1,2022-08-16 11:17:01
1660648625080208000,8.85,1,8.84,1,8.85,49,1,2022-08-16 11:17:05
1660648639834259000,8.85,1,8.84,1,8.85,48,1,2022-08-16 11:17:19
1660648650954833000,8.85,1,8.83,3,8.85,47,1,2022-08-16 11:17:30
1660648665142174000,8.85,1,8.84,2,8.85,46,1,2022-08-16 11:17:45
1660648666555226000,8.85,46,8.9,9,8.92,1,1,2022-08-16 11:17:46
1660648666555226000,8.86,10,8.9,9,8.92,1,1,2022-08-16 11:17:46
1660648666555226000,8.87,3,8.9,9,8.92,1,1,2022-08-16 11:17:46
1660648666555226000,8.88,34,8.9,9,8.92,1,1,2022-08-16 11:17:46
1660648666555226000,8.89,51,8.9,9,8.92,1,1,2022-08-16 11:17:46
1660648666555226000,8.9,69,8.9,9,8.92,1,1,2022-08-16 11:17:46
1660648666584263000,8.92,1,8.9,9,8.94,7,1,2022-08-16 11:17:46
1660648683377668000,8.94,1,8.9,9,8.94,6,1,2022-08-16 11:18:03
1660648689031141000,8.94,6,8.9,9,8.98,27,1,2022-08-16 11:18:09
1660648689031141000,8.95,3,8.9,9,8.98,27,1,2022-08-16 11:18:09
1660648689031141000,8.98,1,8.9,9,8.98,27,1,2022-08-16 11:18:09
1660648689091543000,8.9,1,8.9,8,8.98,27,2,2022-08-16 11:18:09
1660648699769865000,8.94,1,8.9,8,8.98,27,1,2022-08-16 11:18:19
1660648716453838000,8.94,10,8.91,3,8.98,5,1,2022-08-16 11:18:36
1660648716453838000,8.98,23,8.91,3,8.98,5,1,2022-08-16 11:18:36
1660648722747612000,8.98,5,8.92,1,8.99,79,1,2022-08-16 11:18:42
1660648725155277000,8.99,2,8.92,1,8.99,77,1,2022-08-16 11:18:45
1660648741315363000,8.98,1,8.92,3,8.98,19,1,2022-08-16 11:19:01
1660648745274814000,8.98,1,8.92,3,8.98,18,1,2022-08-16 11:19:05
1660648746731756000,8.98,1,8.92,3,8.98,17,1,2022-08-16 11:19:06
1660648748909773000,8.98,1,8.92,3,8.98,16,1,2022-08-16 11:19:08
1660648756332686000,8.98,2,8.92,13,8.98,15,1,2022-08-16 11:19:16
1660648760522675000,8.98,1,8.93,1,8.98,14,1,2022-08-16 11:19:20
1660648760784346000,8.98,14,8.98,2,8.99,77,1,2022-08-16 11:19:20
1660648763285639000,8.98,1,8.98,1,8.99,72,2,2022-08-16 11:19:23
1660648770869419000,8.98,1,8.93,1,8.99,77,2,2022-08-16 11:19:30
1660648798749461000,8.98,10,8.93,2,8.98,22,1,2022-08-16 11:19:58
1660648804100628000,8.98,1,8.93,2,8.98,21,1,2022-08-16 11:20:04
1660648806862686000,8.98,2,8.93,2,8.98,19,1,2022-08-16 11:20:06
1660648818081322000,8.98,5,8.93,3,8.98,21,1,2022-08-16 11:20:18
1660648829624839000,8.98,5,8.93,3,8.98,17,1,2022-08-16 11:20:29
1660648878418190000,8.97,1,8.93,7,8.97,6,1,2022-08-16 11:21:18
1660648894416973000,8.97,6,8.97,4,8.98,18,1,2022-08-16 11:21:34
1660648900507831000,8.97,4,8.93,7,8.98,18,2,2022-08-16 11:21:40
1660648923414948000,8.93,7,8.92,13,8.95,2,2,2022-08-16 11:22:03
1660648932393089000,8.93,1,8.92,13,8.95,2,2,2022-08-16 11:22:12
1660648939532174000,8.95,2,8.92,13,8.98,57,1,2022-08-16 11:22:19
1660648948910302000,8.92,13,8.91,15,8.97,8,2,2022-08-16 11:22:28
1660648958593020000,8.91,15,8.9,16,8.92,3,2,2022-08-16 11:22:38
1660648960424004000,8.9,6,8.9,8,8.92,3,2,2022-08-16 11:22:40
1660648972489383000,8.91,1,8.91,1,8.92,3,2,2022-08-16 11:22:52
1660648981610616000,8.91,1,8.9,2,8.91,2,2,2022-08-16 11:23:01
1660648989780520000,8.91,1,8.9,2,8.91,1,1,2022-08-16 11:23:09
1660648998026405000,8.91,1,8.9,2,8.95,9,1,2022-08-16 11:23:18
1660648998026405000,8.95,1,8.9,2,8.95,9,1,2022-08-16 11:23:18
1660649010514880000,8.95,1,8.9,2,8.95,8,1,2022-08-16 11:23:30
1660649037437650000,8.93,1,8.9,2,8.93,4,1,2022-08-16 11:23:57
1660649039901168000,8.93,2,8.9,2,8.93,22,1,2022-08-16 11:23:59
1660649050386734000,8.9,1,8.9,1,8.93,22,2,2022-08-16 11:24:10
1660649089904437000,8.91,1,8.9,1,8.93,23,2,2022-08-16 11:24:49
1660649097869362000,8.9,1,8.87,1,8.9,1,2,2022-08-16 11:24:57
1660649120867408000,8.9,1,8.87,1,8.93,22,1,2022-08-16 11:25:20
1660649176146105000,8.9,1,8.88,1,8.9,2,1,2022-08-16 11:26:16
1660649211101373000,8.89,1,8.87,3,8.9,2,2,2022-08-16 11:26:51
1660649227955166000,8.89,1,8.87,40,8.9,7,1,2022-08-16 11:27:07
1660649243569398000,8.9,5,8.87,40,8.9,3,1,2022-08-16 11:27:23
1660649272319064000,8.9,3,8.9,2,8.93,22,1,2022-08-16 11:27:52
1660649285312298000,8.9,2,8.88,3,8.9,1,1,2022-08-16 11:28:05
1660649290033260000,8.9,1,8.9,4,8.93,22,1,2022-08-16 11:28:10
1660649312166654000,8.9,1,8.88,3,8.93,25,1,2022-08-16 11:28:32
1660649374550331000,8.9,5,8.88,3,8.9,4,1,2022-08-16 11:29:34
1660649381115402000,8.9,4,8.9,1,8.93,25,1,2022-08-16 11:29:41
1660649430486464000,8.93,5,8.89,2,8.93,22,1,2022-08-16 11:30:30
1660649462754148000,8.93,1,8.89,1,8.93,21,1,2022-08-16 11:31:02
1660649464689262000,8.93,21,8.93,4,8.95,24,1,2022-08-16 11:31:04
1660649494097808000,8.93,1,8.93,10,8.95,24,2,2022-08-16 11:31:34
1660649518495678000,8.93,1,8.93,9,8.95,26,2,2022-08-16 11:31:58
1660649570534582000,8.93,9,8.9,5,8.93,1,2,2022-08-16 11:32:50
1660649623795475000,8.93,1,8.9,5,8.94,3,1,2022-08-16 11:33:43
1660649648806257000,8.9,1,8.9,5,8.93,3,2,2022-08-16 11:34:08
1660649654590775000,8.93,1,8.9,5,8.93,2,1,2022-08-16 11:34:14
1660649678850080000,8.93,4,8.9,6,8.94,2,1,2022-08-16 11:34:38
1660649678850080000,8.94,1,8.9,6,8.94,2,1,2022-08-16 11:34:38
1660649691579454000,8.9,5,8.9,2,8.93,4,2,2022-08-16 11:34:51
1660649697419940000,8.93,1,8.9,2,8.93,3,1,2022-08-16 11:34:57
1660649740261727000,8.93,1,8.9,2,8.93,2,1,2022-08-16 11:35:40
1660649825955697000,8.93,3,8.9,2,8.94,2,1,2022-08-16 11:37:05
1660649843161101000,8.9,4,8.88,15,8.91,10,2,2022-08-16 11:37:23
1660649844462857000,8.91,1,8.88,15,8.91,9,1,2022-08-16 11:37:24
1660649870833930000,8.9,1,8.88,15,8.9,5,1,2022-08-16 11:37:50
1660649884774427000,8.9,1,8.88,15,8.9,4,1,2022-08-16 11:38:04
1660649924254768000,8.88,1,8.88,14,8.9,4,2,2022-08-16 11:38:44
1660649939458406000,8.88,3,8.88,11,8.9,4,2,2022-08-16 11:38:59
1660649975361197000,8.89,1,8.88,14,8.89,2,1,2022-08-16 11:39:35
1660649995593144000,8.89,1,8.88,14,8.89,1,1,2022-08-16 11:39:55
1660650027189705000,8.89,1,8.88,14,8.9,10,2,2022-08-16 11:40:27
1660650027189705000,8.88,4,8.88,14,8.9,10,2,2022-08-16 11:40:27
1660650058620113000,8.9,1,8.88,15,8.9,9,1,2022-08-16 11:40:58
1660650067063395000,8.88,1,8.88,14,8.9,9,2,2022-08-16 11:41:07
1660650082823753000,8.89,1,8.88,15,8.89,7,1,2022-08-16 11:41:22
1660650114402042000,8.88,7,8.88,8,8.89,11,2,2022-08-16 11:41:54
1660650120967964000,8.88,4,8.88,4,8.89,8,2,2022-08-16 11:42:00
1660650228044311000,8.89,1,8.88,15,8.89,1,1,2022-08-16 11:43:48
1660650249138488000,8.88,5,8.88,10,8.89,2,2,2022-08-16 11:44:09
1660650272626888000,8.88,2,8.88,8,8.89,4,2,2022-08-16 11:44:32
1660650289635066000,8.88,1,8.88,17,8.89,4,2,2022-08-16 11:44:49
1660650363852269000,8.88,2,8.88,16,8.89,5,2,2022-08-16 11:46:03
1660650366526229000,8.88,1,8.88,15,8.89,5,2,2022-08-16 11:46:06
1660650392033328000,8.88,10,8.88,5,8.89,5,2,2022-08-16 11:46:32
1660650403163190000,8.88,4,8.88,1,8.89,5,2,2022-08-16 11:46:43
1660650409120062000,8.88,1,8.87,41,8.88,6,2,2022-08-16 11:46:49
1660650410611518000,8.87,10,8.87,31,8.88,6,2,2022-08-16 11:46:50
1660650430654848000,8.87,5,8.87,26,8.88,6,2,2022-08-16 11:47:10
1660650443237847000,8.88,2,8.87,28,8.88,4,1,2022-08-16 11:47:23
1660650447313519000,8.88,1,8.87,28,8.88,3,1,2022-08-16 11:47:27
1660650466935264000,8.87,10,8.87,18,8.88,3,2,2022-08-16 11:47:46
1660650480106560000,8.87,17,8.87,1,8.88,3,2,2022-08-16 11:48:00
1660650480913522000,8.87,1,8.86,7,8.87,19,2,2022-08-16 11:48:00
1660650490880870000,8.86,5,8.86,2,8.87,19,2,2022-08-16 11:48:10
1660650539170496000,8.86,1,8.86,1,8.88,3,2,2022-08-16 11:48:59
1660650543838877000,8.86,2,8.86,7,8.88,3,2,2022-08-16 11:49:03
1660650550894306000,8.86,7,8.85,27,8.86,13,2,2022-08-16 11:49:10
1660650557752428000,8.86,5,8.85,27,8.86,8,1,2022-08-16 11:49:17
1660650570669371000,8.85,20,8.85,2,8.86,8,2,2022-08-16 11:49:30
1660650573863879000,8.86,1,8.85,2,8.86,7,1,2022-08-16 11:49:33
1660650588263483000,8.86,3,8.85,2,8.86,4,1,2022-08-16 11:49:48
1660650630311206000,8.85,2,8.83,4,8.86,5,2,2022-08-16 11:50:30
1660650659003105000,8.85,8,8.83,2,8.86,5,2,2022-08-16 11:50:59
1660650659003105000,8.83,2,8.83,2,8.86,5,2,2022-08-16 11:50:59
1660650682455503000,8.83,1,8.83,1,8.86,8,2,2022-08-16 11:51:22
1660650684005035000,8.83,1,8.82,10,8.86,8,2,2022-08-16 11:51:24
1660650688376891000,8.82,1,8.82,9,8.86,8,2,2022-08-16 11:51:28
1660650694222970000,8.82,5,8.82,5,8.86,7,2,2022-08-16 11:51:34
1660650710256606000,8.82,1,8.82,5,8.86,7,2,2022-08-16 11:51:50
1660650720219664000,8.82,5,8.81,10,8.86,7,2,2022-08-16 11:52:00
1660650768173006000,8.83,1,8.82,5,8.86,7,2,2022-08-16 11:52:48
1660650836899916000,8.85,1,8.83,13,8.86,2,1,2022-08-16 11:53:56
1660650836899916000,8.86,2,8.83,13,8.86,2,1,2022-08-16 11:53:56
1660650862801011000,8.83,1,8.83,12,8.85,10,2,2022-08-16 11:54:22
1660650870318640000,8.83,1,8.83,11,8.85,10,2,2022-08-16 11:54:30
1660650909926622000,8.84,3,8.83,16,8.86,1,1,2022-08-16 11:55:09
1660650909926622000,8.86,7,8.83,16,8.86,1,1,2022-08-16 11:55:09
1660650925885539000,8.86,1,8.83,16,8.91,6,1,2022-08-16 11:55:25
1660650925885539000,8.87,1,8.83,16,8.91,6,1,2022-08-16 11:55:25
1660650925885539000,8.89,2,8.83,16,8.91,6,1,2022-08-16 11:55:25
1660650925885539000,8.9,1,8.83,16,8.91,6,1,2022-08-16 11:55:25
1660650925885539000,8.91,5,8.83,16,8.91,6,1,2022-08-16 11:55:25
1660651007447179000,8.9,14,8.9,1,8.91,7,1,2022-08-16 11:56:47
1660651013946201000,8.91,1,8.9,1,8.91,6,1,2022-08-16 11:56:53
1660651020016033000,8.91,1,8.9,1,8.91,5,1,2022-08-16 11:57:00
1660651022290557000,8.9,1,8.84,11,8.9,6,2,2022-08-16 11:57:02
1660651029038342000,8.9,2,8.84,11,8.9,4,1,2022-08-16 11:57:09
1660651057373294000,8.9,4,8.84,11,8.93,8,1,2022-08-16 11:57:37
1660651057373294000,8.91,5,8.84,11,8.93,8,1,2022-08-16 11:57:37
1660651057373294000,8.92,7,8.84,11,8.93,8,1,2022-08-16 11:57:37
1660651057373294000,8.93,9,8.84,11,8.93,8,1,2022-08-16 11:57:37
1660651109325149000,8.93,1,8.84,12,8.93,14,1,2022-08-16 11:58:29
1660651113477703000,8.93,1,8.84,12,8.93,13,1,2022-08-16 11:58:33
1660651135580837000,8.92,1,8.85,1,8.93,5,1,2022-08-16 11:58:55
1660651135580837000,8.93,9,8.85,1,8.93,5,1,2022-08-16 11:58:55
1660651156284152000,8.93,1,8.85,1,8.93,8,1,2022-08-16 11:59:16
1660651198168592000,8.92,5,8.88,11,8.92,8,1,2022-08-16 11:59:58
1660651205527128000,8.92,8,8.89,2,8.93,10,1,2022-08-16 12:00:05
1660651293119952000,8.92,2,8.89,2,8.92,9,1,2022-08-16 12:01:33
1660651310135172000,8.9,1,8.9,69,8.92,9,2,2022-08-16 12:01:50
1660651328346490000,8.92,1,8.9,78,8.92,10,1,2022-08-16 12:02:08
1660651395496759000,8.92,10,8.91,2,8.92,9,1,2022-08-16 12:03:15
1660651417465627000,8.91,2,8.9,80,8.92,9,2,2022-08-16 12:03:37
1660651495767329000,8.91,10,8.9,80,8.91,3,1,2022-08-16 12:04:55
1660651502136576000,8.91,1,8.9,80,8.91,2,1,2022-08-16 12:05:02
1660651519154627000,8.91,5,8.91,4,8.92,10,1,2022-08-16 12:05:19
1660651573665965000,8.91,2,8.91,4,8.92,15,2,2022-08-16 12:06:13
1660651579187818000,8.91,4,8.9,81,8.92,15,2,2022-08-16 12:06:19
1660651600187207000,8.9,6,8.9,75,8.91,6,2,2022-08-16 12:06:40
1660651603058405000,8.9,2,8.9,74,8.91,6,2,2022-08-16 12:06:43
1660651653338005000,8.9,1,8.9,63,8.91,6,2,2022-08-16 12:07:33
1660651673460409000,8.9,30,8.9,34,8.91,6,2,2022-08-16 12:07:53
1660651687348216000,8.9,5,8.9,29,8.91,6,2,2022-08-16 12:08:07
1660651690885909000,8.9,2,8.9,27,8.91,6,2,2022-08-16 12:08:10
1660651691704640000,8.91,6,8.9,27,8.92,1,1,2022-08-16 12:08:11
1660651691704640000,8.92,24,8.9,27,8.92,1,1,2022-08-16 12:08:11
1660651705428067000,8.9,29,8.89,1,8.92,1,2,2022-08-16 12:08:25
1660651705428067000,8.89,1,8.89,1,8.92,1,2,2022-08-16 12:08:25
1660651764068746000,8.89,2,8.89,4,8.9,3,2,2022-08-16 12:09:24
1660651765468633000,8.9,1,8.89,3,8.9,2,1,2022-08-16 12:09:25
1660651796701522000,8.89,2,8.89,1,8.9,2,2,2022-08-16 12:09:56
1660651813257022000,8.9,2,8.89,1,8.93,14,1,2022-08-16 12:10:13
1660651813257022000,8.92,1,8.89,1,8.93,14,1,2022-08-16 12:10:13
1660651813257022000,8.93,2,8.89,1,8.93,14,1,2022-08-16 12:10:13
1660651829683996000,8.89,3,8.87,2,8.88,16,2,2022-08-16 12:10:29
1660651829683996000,8.88,11,8.87,2,8.88,16,2,2022-08-16 12:10:29
1660651920646785000,8.87,2,8.86,2,8.87,1,2,2022-08-16 12:12:00
1660651932249192000,8.87,1,8.86,2,8.88,17,1,2022-08-16 12:12:12
1660651997937545000,8.87,2,8.86,3,8.88,22,2,2022-08-16 12:13:17
1660652006397621000,8.88,5,8.86,3,8.88,17,1,2022-08-16 12:13:26
1660652009427958000,8.86,3,8.84,1,8.88,17,2,2022-08-16 12:13:29
1660652009427958000,8.85,12,8.84,1,8.88,17,2,2022-08-16 12:13:29
1660652009427958000,8.84,15,8.84,1,8.88,17,2,2022-08-16 12:13:29
1660652112977082000,8.85,3,8.85,4,8.88,17,2,2022-08-16 12:15:12
1660652128672838000,8.85,2,8.85,2,8.88,17,2,2022-08-16 12:15:28
1660652150575014000,8.85,2,8.84,1,8.88,17,2,2022-08-16 12:15:50
1660652164696375000,8.84,1,8.82,5,8.85,10,2,2022-08-16 12:16:04
1660652164696375000,8.83,2,8.82,5,8.85,10,2,2022-08-16 12:16:04
1660652176234776000,8.82,5,8.8,7,8.85,10,2,2022-08-16 12:16:16
1660652176234776000,8.81,15,8.8,7,8.85,10,2,2022-08-16 12:16:16
1660652176234776000,8.8,11,8.8,7,8.85,10,2,2022-08-16 12:16:16
1660652177219097000,8.8,1,8.8,6,8.85,10,2,2022-08-16 12:16:17
1660652228652307000,8.8,2,8.79,10,8.8,3,2,2022-08-16 12:17:08
1660652231951362000,8.8,3,8.8,4,8.85,11,1,2022-08-16 12:17:11
1660652284978699000,8.8,1,8.79,10,8.8,4,2,2022-08-16 12:18:04
1660652289665320000,8.8,4,8.8,3,8.85,11,1,2022-08-16 12:18:09
1660652345446431000,8.8,2,8.8,7,8.85,10,2,2022-08-16 12:19:05
1660652354687920000,8.8,2,8.79,10,8.8,3,2,2022-08-16 12:19:14
1660652355595208000,8.8,1,8.79,10,8.8,2,1,2022-08-16 12:19:15
1660652360619564000,8.8,2,8.79,10,8.85,10,1,2022-08-16 12:19:20
1660652367745911000,8.8,2,8.79,10,8.8,12,1,2022-08-16 12:19:27
1660652371389893000,8.8,1,8.79,10,8.8,11,1,2022-08-16 12:19:31
1660652371427482000,8.8,4,8.79,10,8.8,7,1,2022-08-16 12:19:31
1660652371456711000,8.8,7,8.79,10,8.85,10,1,2022-08-16 12:19:31
1660652380430546000,8.8,4,8.79,10,8.85,10,1,2022-08-16 12:19:40
1660652389474571000,8.79,1,8.79,14,8.85,10,2,2022-08-16 12:19:49
1660652415553027000,8.79,1,8.79,8,8.84,1,2,2022-08-16 12:20:15
1660652466719187000,8.79,8,8.78,55,8.79,7,2,2022-08-16 12:21:06
1660652468549600000,8.79,7,8.79,3,8.84,7,1,2022-08-16 12:21:08
1660652473575284000,8.84,7,8.84,3,8.85,10,1,2022-08-16 12:21:13
1660652486423766000,8.85,1,8.84,3,8.85,9,1,2022-08-16 12:21:26
1660652494157285000,8.85,1,8.84,3,8.85,8,1,2022-08-16 12:21:34
1660652499912246000,8.85,2,8.84,5,8.85,6,1,2022-08-16 12:21:39
1660652523475122000,8.85,1,8.84,5,8.85,5,1,2022-08-16 12:22:03
1660652547393203000,8.84,5,8.79,2,8.85,5,2,2022-08-16 12:22:27
1660652547997537000,8.85,3,8.79,6,8.85,2,1,2022-08-16 12:22:27
1660652548028668000,8.85,2,8.79,6,8.87,8,1,2022-08-16 12:22:28
1660652657426710000,8.79,4,8.78,60,8.79,96,2,2022-08-16 12:24:17
1660652687865578000,8.79,10,8.78,60,8.79,86,1,2022-08-16 12:24:47
1660652690022921000,8.79,4,8.78,60,8.79,82,1,2022-08-16 12:24:50
1660652696731317000,8.78,20,8.78,40,8.79,82,2,2022-08-16 12:24:56
1660652703597738000,8.78,40,8.77,1,8.78,42,2,2022-08-16 12:25:03
1660652714435737000,8.77,1,8.76,10,8.77,41,2,2022-08-16 12:25:14
1660652720720621000,8.76,10,8.75,100,8.76,31,2,2022-08-16 12:25:20
1660652721623487000,8.76,20,8.75,100,8.76,11,1,2022-08-16 12:25:21
1660652729180347000,8.75,11,8.75,89,8.8,1,2,2022-08-16 12:25:29
1660652729763738000,8.75,1,8.75,88,8.8,1,2,2022-08-16 12:25:29
1660652730435191000,8.75,30,8.75,58,8.8,1,2,2022-08-16 12:25:30
1660652732485219000,8.75,10,8.75,48,8.8,1,2,2022-08-16 12:25:32
1660652747121880000,8.75,10,8.75,38,8.8,1,2,2022-08-16 12:25:47
1660652765419834000,8.75,1,8.75,37,8.8,1,2,2022-08-16 12:26:05
1660652769088180000,8.76,2,8.76,3,8.8,1,2,2022-08-16 12:26:09
1660652774046348000,8.76,1,8.76,2,8.8,1,2,2022-08-16 12:26:14
1660652801654542000,8.76,1,8.76,6,8.8,1,2,2022-08-16 12:26:41
1660652813753852000,8.76,1,8.76,5,8.8,1,2,2022-08-16 12:26:53
1660652868258300000,8.77,1,8.76,12,8.8,6,2,2022-08-16 12:27:48
1660652874437031000,8.8,5,8.76,12,8.8,1,1,2022-08-16 12:27:54
1660652948349197000,8.8,10,8.76,18,8.84,27,1,2022-08-16 12:29:08
1660653031380989000,8.8,1,8.77,14,8.82,1,1,2022-08-16 12:30:31
1660653060484074000,8.8,1,8.77,19,8.8,19,2,2022-08-16 12:31:00
1660653123162787000,8.78,2,8.77,14,8.78,1,1,2022-08-16 12:32:03
1660653146293847000,8.78,1,8.77,10,8.8,22,1,2022-08-16 12:32:26
1660653202386519000,8.8,3,8.77,5,8.8,19,1,2022-08-16 12:33:22
1660653209563356000,8.77,1,8.77,4,8.8,19,2,2022-08-16 12:33:29
1660653252477301000,8.77,1,8.77,3,8.8,34,2,2022-08-16 12:34:12
1660653274067705000,8.77,1,8.77,2,8.8,35,2,2022-08-16 12:34:34
1660653278517362000,8.77,2,8.76,18,8.77,3,2,2022-08-16 12:34:38
1660653323865004000,8.77,5,8.76,18,8.8,34,1,2022-08-16 12:35:23
1660653356966147000,8.76,16,8.76,2,8.79,2,2,2022-08-16 12:35:56
1660653368933377000,8.76,2,8.75,50,8.76,2,2,2022-08-16 12:36:08
1660653370294217000,8.76,2,8.76,3,8.79,2,1,2022-08-16 12:36:10
1660653384958494000,8.76,1,8.76,3,8.79,2,2,2022-08-16 12:36:24
1660653419311521000,8.76,2,8.76,1,8.79,3,2,2022-08-16 12:36:59
1660653486961152000,8.76,3,8.76,2,8.79,2,2,2022-08-16 12:38:06
1660653648158011000,8.76,5,8.76,8,8.79,7,2,2022-08-16 12:40:48
1660653712793956000,8.76,1,8.76,7,8.77,3,2,2022-08-16 12:41:52
1660653757597376000,8.76,1,8.76,6,8.77,3,2,2022-08-16 12:42:37
1660653771630053000,8.76,6,8.75,48,8.76,4,2,2022-08-16 12:42:51
1660653897566477000,8.76,3,8.75,47,8.76,4,1,2022-08-16 12:44:57
1660653905229133000,8.75,1,8.75,46,8.76,4,2,2022-08-16 12:45:05
1660653908015033000,8.76,4,8.76,1,8.77,3,1,2022-08-16 12:45:08
1660653925290518000,8.77,2,8.76,1,8.77,1,1,2022-08-16 12:45:25
1660653925307400000,8.77,1,8.76,1,8.78,6,1,2022-08-16 12:45:25
1660653934486975000,8.76,1,8.75,46,8.78,8,2,2022-08-16 12:45:34
1660653944344114000,8.78,1,8.75,46,8.78,7,1,2022-08-16 12:45:44
1660653969580383000,8.78,7,8.76,1,8.8,22,1,2022-08-16 12:46:09
1660653969580383000,8.79,5,8.76,1,8.8,22,1,2022-08-16 12:46:09
1660654001578952000,8.79,4,8.79,3,8.8,22,1,2022-08-16 12:46:41
1660654002172993000,8.79,3,8.76,1,8.8,22,2,2022-08-16 12:46:42
1660654010324752000,8.79,1,8.79,1,8.8,22,2,2022-08-16 12:46:50
1660654020847143000,8.79,1,8.76,1,8.8,22,2,2022-08-16 12:47:00
1660654028058009000,8.76,1,8.75,45,8.8,23,2,2022-08-16 12:47:08
1660654028058009000,8.75,4,8.75,45,8.8,23,2,2022-08-16 12:47:08
1660654113525694000,8.76,10,8.76,3,8.8,23,2,2022-08-16 12:48:33
1660654118727201000,8.8,23,8.76,3,8.82,3,1,2022-08-16 12:48:38
1660654118727201000,8.82,7,8.76,3,8.82,3,1,2022-08-16 12:48:38
1660654132467929000,8.76,2,8.76,5,8.82,5,2,2022-08-16 12:48:52
1660654203917976000,8.77,1,8.76,1,8.82,6,2,2022-08-16 12:50:03
1660654267157077000,8.77,3,8.77,1,8.81,4,2,2022-08-16 12:51:07
1660654276257237000,8.81,2,8.77,2,8.81,2,1,2022-08-16 12:51:16
1660654307626406000,8.81,1,8.77,2,8.82,4,1,2022-08-16 12:51:47
1660654345475872000,8.79,1,8.77,2,8.8,2,2,2022-08-16 12:52:25
1660654373904083000,8.77,2,8.75,52,8.79,2,2,2022-08-16 12:52:53
1660654373904083000,8.76,6,8.75,52,8.79,2,2,2022-08-16 12:52:53
1660654373904083000,8.75,2,8.75,52,8.79,2,2,2022-08-16 12:52:53
1660654446711821000,8.81,1,8.75,73,8.82,4,1,2022-08-16 12:54:06
1660654464113048000,8.81,1,8.75,73,8.81,7,1,2022-08-16 12:54:24
1660654538518795000,8.81,18,8.76,13,8.81,7,1,2022-08-16 12:55:38
1660654634344060000,8.81,5,8.77,2,8.81,20,1,2022-08-16 12:57:14
1660654647979674000,8.81,5,8.77,2,8.81,14,1,2022-08-16 12:57:27
1660654700844880000,8.81,15,8.77,2,8.82,4,1,2022-08-16 12:58:20
1660654723366729000,8.82,7,8.77,2,8.83,1,1,2022-08-16 12:58:43
1660654723366729000,8.83,113,8.77,2,8.83,1,1,2022-08-16 12:58:43
1660654753525718000,8.83,1,8.77,16,8.84,15,1,2022-08-16 12:59:13
1660654757549226000,8.84,3,8.77,16,8.84,12,1,2022-08-16 12:59:17
1660654769241254000,8.82,1,8.77,16,8.84,12,1,2022-08-16 12:59:29
1660654781744071000,8.84,2,8.77,16,8.84,10,1,2022-08-16 12:59:41
1660654794816621000,8.84,1,8.77,16,8.84,9,1,2022-08-16 12:59:54
1660654808338423000,8.82,5,8.77,16,8.82,25,2,2022-08-16 13:00:08
1660654831400936000,8.82,1,8.77,12,8.82,24,1,2022-08-16 13:00:31
1660654850321927000,8.82,5,8.8,2,8.82,19,1,2022-08-16 13:00:50
1660654863798539000,8.82,19,8.82,6,8.83,2,1,2022-08-16 13:01:03
1660654865175232000,8.82,3,8.82,3,8.83,2,2,2022-08-16 13:01:05
1660654896704996000,8.83,2,8.82,3,8.84,9,1,2022-08-16 13:01:36
1660654896704996000,8.84,2,8.82,3,8.84,9,1,2022-08-16 13:01:36
1660654906371641000,8.83,1,8.82,3,8.83,4,1,2022-08-16 13:01:46
1660654912102260000,8.82,3,8.8,4,8.82,27,2,2022-08-16 13:01:52
1660654917696627000,8.82,1,8.8,4,8.82,44,1,2022-08-16 13:01:57
1660654924267032000,8.8,1,8.8,3,8.82,44,2,2022-08-16 13:02:04
1660654930520269000,8.8,1,8.8,2,8.82,44,2,2022-08-16 13:02:10
1660654937354587000,8.8,2,8.77,12,8.8,8,2,2022-08-16 13:02:17
1660654965540831000,8.8,1,8.77,12,8.8,10,1,2022-08-16 13:02:45
1660654983101371000,8.77,1,8.77,11,8.8,10,2,2022-08-16 13:03:03
1660655008090774000,8.77,10,8.77,14,8.8,10,2,2022-08-16 13:03:28
1660655052236261000,8.8,1,8.77,13,8.8,2,1,2022-08-16 13:04:12
1660655120529408000,8.8,3,8.8,17,8.81,1,1,2022-08-16 13:05:20
1660655134551826000,8.8,10,8.8,17,8.81,1,2,2022-08-16 13:05:34
1660655141722495000,8.8,17,8.78,2,8.8,3,2,2022-08-16 13:05:41
1660655145081467000,8.8,2,8.78,2,8.8,1,1,2022-08-16 13:05:45
1660655145109994000,8.8,1,8.78,2,8.81,1,1,2022-08-16 13:05:45
1660655152466791000,8.8,1,8.76,5,8.81,1,2,2022-08-16 13:05:52
1660655152466791000,8.78,1,8.76,5,8.81,1,2,2022-08-16 13:05:52
1660655152466791000,8.77,13,8.76,5,8.81,1,2,2022-08-16 13:05:52
1660655152466791000,8.76,15,8.76,5,8.81,1,2,2022-08-16 13:05:52
1660655165462986000,8.8,1,8.76,7,8.82,20,1,2022-08-16 13:06:05
1660655165462986000,8.81,1,8.76,7,8.82,20,1,2022-08-16 13:06:05
1660655165462986000,8.82,8,8.76,7,8.82,20,1,2022-08-16 13:06:05
1660655179578748000,8.81,1,8.75,63,8.82,20,2,2022-08-16 13:06:19
1660655179578748000,8.8,1,8.75,63,8.82,20,2,2022-08-16 13:06:19
1660655179578748000,8.77,2,8.75,63,8.82,20,2,2022-08-16 13:06:19
1660655179578748000,8.76,11,8.75,63,8.82,20,2,2022-08-16 13:06:19
1660655179578748000,8.75,10,8.75,63,8.82,20,2,2022-08-16 13:06:19
1660655217594140000,8.75,1,8.75,67,8.82,41,2,2022-08-16 13:06:57
1660655251303167000,8.76,3,8.75,67,8.82,41,2,2022-08-16 13:07:31
1660655251303167000,8.75,2,8.75,67,8.82,41,2,2022-08-16 13:07:31
1660655281149288000,8.75,1,8.75,66,8.81,1,2,2022-08-16 13:08:01
1660655306698143000,8.75,50,8.75,19,8.8,2,2,2022-08-16 13:08:26
1660655333457214000,8.75,2,8.75,22,8.79,2,2,2022-08-16 13:08:53
1660655376287443000,8.75,1,8.75,25,8.79,2,2,2022-08-16 13:09:36
1660655377778318000,8.75,10,8.75,15,8.79,2,2,2022-08-16 13:09:37
1660655388956266000,8.75,3,8.75,12,8.79,3,2,2022-08-16 13:09:48
1660655390660704000,8.79,3,8.79,7,8.8,30,1,2022-08-16 13:09:50
1660655400660625000,8.79,7,8.75,32,8.8,30,2,2022-08-16 13:10:00
1660655467437972000,8.78,2,8.75,32,8.78,4,1,2022-08-16 13:11:07
1660655474391464000,8.78,4,8.78,11,8.8,30,1,2022-08-16 13:11:14
1660655488726302000,8.78,10,8.78,4,8.8,31,2,2022-08-16 13:11:28
1660655507853496000,8.78,4,8.75,32,8.78,6,2,2022-08-16 13:11:47
1660655554202371000,8.78,6,8.75,45,8.8,31,1,2022-08-16 13:12:34
1660655564486758000,8.78,2,8.78,2,8.8,31,1,2022-08-16 13:12:44
1660655574518155000,8.78,2,8.75,37,8.79,1,2,2022-08-16 13:12:54
1660655574518155000,8.75,8,8.75,37,8.79,1,2,2022-08-16 13:12:54
1660655598539380000,8.76,1,8.75,42,8.79,11,2,2022-08-16 13:13:18
1660655604438602000,8.75,2,8.75,40,8.79,11,2,2022-08-16 13:13:24
1660655607670224000,8.75,30,8.75,10,8.79,11,2,2022-08-16 13:13:27
1660655613212159000,8.75,3,8.75,7,8.78,2,2,2022-08-16 13:13:33
1660655663281040000,8.76,2,8.76,5,8.78,1,2,2022-08-16 13:14:23
1660655690321450000,8.76,10,8.75,9,8.78,1,2,2022-08-16 13:14:50
1660655734195287000,8.75,6,8.75,3,8.76,5,2,2022-08-16 13:15:34
1660655735924608000,8.76,5,8.75,3,8.78,6,1,2022-08-16 13:15:35
1660655735924608000,8.78,7,8.75,3,8.78,6,1,2022-08-16 13:15:35
1660655745920761000,8.76,1,8.75,2,8.78,6,2,2022-08-16 13:15:45
1660655750613298000,8.75,2,8.71,11,8.78,6,2,2022-08-16 13:15:50
1660655750613298000,8.74,18,8.71,11,8.78,6,2,2022-08-16 13:15:50
1660655750613298000,8.73,5,8.71,11,8.78,6,2,2022-08-16 13:15:50
1660655750613298000,8.72,3,8.71,11,8.78,6,2,2022-08-16 13:15:50
1660655750613298000,8.71,2,8.71,11,8.78,6,2,2022-08-16 13:15:50
1660655768192796000,8.71,5,8.71,4,8.77,1,2,2022-08-16 13:16:08
1660655770190596000,8.77,1,8.77,4,8.78,6,1,2022-08-16 13:16:10
1660655772033396000,8.78,5,8.77,4,8.78,1,1,2022-08-16 13:16:12
1660655781678587000,8.78,1,8.77,4,8.79,20,1,2022-08-16 13:16:21
1660655781678587000,8.79,1,8.77,4,8.79,20,1,2022-08-16 13:16:21
1660655789608697000,8.77,4,8.75,5,8.79,20,2,2022-08-16 13:16:29
1660655789608697000,8.75,4,8.75,5,8.79,20,2,2022-08-16 13:16:29
1660655815951283000,8.75,5,8.7,2,8.79,21,2,2022-08-16 13:16:55
1660655815951283000,8.71,5,8.7,2,8.79,21,2,2022-08-16 13:16:55
1660655815951283000,8.7,20,8.7,2,8.79,21,2,2022-08-16 13:16:55
1660655843789775000,8.7,4,8.69,17,8.78,7,2,2022-08-16 13:17:23
1660655861174643000,8.69,1,8.69,16,8.7,1,2,2022-08-16 13:17:41
1660655883150548000,8.7,2,8.7,3,8.76,2,1,2022-08-16 13:18:03
1660655927115502000,8.76,1,8.7,3,8.76,1,1,2022-08-16 13:18:47
1660655939726365000,8.76,1,8.7,4,8.76,1,1,2022-08-16 13:18:59
1660655939848626000,8.76,1,8.7,4,8.78,2,1,2022-08-16 13:18:59
1660656038119302000,8.76,2,8.75,1,8.78,10,2,2022-08-16 13:20:38
1660656054235068000,8.77,1,8.75,1,8.77,3,1,2022-08-16 13:20:54
1660656077895041000,8.75,2,8.7,1,8.77,3,2,2022-08-16 13:21:17
1660656077895041000,8.71,3,8.7,1,8.77,3,2,2022-08-16 13:21:17
1660656077895041000,8.7,3,8.7,1,8.77,3,2,2022-08-16 13:21:17
1660656121618859000,8.77,2,8.71,1,8.77,1,1,2022-08-16 13:22:01
1660656128068755000,8.71,1,8.7,3,8.77,6,2,2022-08-16 13:22:08
1660656128068755000,8.7,4,8.7,3,8.77,6,2,2022-08-16 13:22:08
1660656159097414000,8.75,3,8.75,5,8.77,7,1,2022-08-16 13:22:39
1660656170746234000,8.76,1,8.75,5,8.77,11,2,2022-08-16 13:22:50
1660656184586121000,8.75,5,8.7,8,8.77,11,2,2022-08-16 13:23:04
1660656242646482000,8.75,1,8.71,15,8.76,1,2,2022-08-16 13:24:02
1660656250841412000,8.75,2,8.71,15,8.75,10,1,2022-08-16 13:24:10
1660656259867593000,8.71,5,8.71,10,8.75,11,2,2022-08-16 13:24:19
1660656278110355000,8.71,1,8.71,9,8.75,10,2,2022-08-16 13:24:38
1660656600000000000,8.71,136,8.71,22,8.74,3,2,2022-08-16 13:30:00
