ts,close,volume,bid_price,bid_volume,ask_price,ask_volume,tick_type,datetime
1660640415597373000,16.8,183,16.7,2,16.8,8,2,2022-08-16 09:00:15
1660640415668829000,16.8,1,16.7,2,16.8,7,1,2022-08-16 09:00:15
1660640415791009000,16.7,2,16.65,1,16.8,7,2,2022-08-16 09:00:15
1660640416697165000,16.65,1,16.6,23,16.8,7,2,2022-08-16 09:00:16
1660640420919906000,16.6,10,16.6,13,16.8,7,2,2022-08-16 09:00:20
1660640424166839000,16.6,1,16.6,14,16.8,7,2,2022-08-16 09:00:24
1660640426286955000,16.6,2,16.6,12,16.8,7,2,2022-08-16 09:00:26
1660640428628189000,16.6,4,16.6,8,16.8,7,2,2022-08-16 09:00:28
1660640429725220000,16.8,1,16.6,8,16.8,6,1,2022-08-16 09:00:29
1660640433533398000,16.6,1,16.6,14,16.8,6,2,2022-08-16 09:00:33
1660640438344331000,16.65,1,16.6,21,16.8,6,2,2022-08-16 09:00:38
1660640438344331000,16.6,1,16.6,21,16.8,6,2,2022-08-16 09:00:38
1660640446225949000,16.8,1,16.65,6,16.8,5,1,2022-08-16 09:00:46
1660640448716704000,16.8,1,16.7,1,16.8,4,1,2022-08-16 09:00:48
1660640452071844000,16.8,1,16.7,1,16.8,3,1,2022-08-16 09:00:52
1660640457243936000,16.75,1,16.7,4,16.8,2,1,2022-08-16 09:00:57
1660640457243936000,16.8,1,16.7,4,16.8,2,1,2022-08-16 09:00:57
1660640459289571000,16.8,2,16.8,1,16.85,3,1,2022-08-16 09:00:59
1660640460757731000,16.8,2,16.8,1,16.85,5,2,2022-08-16 09:01:00
1660640460789111000,16.8,1,16.7,5,16.85,5,2,2022-08-16 09:01:00
1660640465346286000,16.85,3,16.8,13,16.9,15,1,2022-08-16 09:01:05
1660640468608448000,16.9,13,16.8,13,16.9,2,1,2022-08-16 09:01:08
1660640475365330000,16.9,1,16.85,1,16.9,1,1,2022-08-16 09:01:15
1660640475997486000,16.9,1,16.85,1,16.95,28,1,2022-08-16 09:01:15
1660640475997486000,16.95,2,16.85,1,16.95,28,1,2022-08-16 09:01:15
1660640479912387000,16.95,3,16.9,2,16.95,23,1,2022-08-16 09:01:19
1660640482094743000,16.95,1,16.9,2,16.95,24,1,2022-08-16 09:01:22
1660640483006492000,16.9,1,16.9,1,16.95,24,2,2022-08-16 09:01:23
1660640484989548000,16.9,1,16.85,2,16.95,24,2,2022-08-16 09:01:24
1660640486628494000,16.95,20,16.9,1,16.95,4,1,2022-08-16 09:01:26
1660640487350665000,16.9,3,16.9,1,16.95,4,2,2022-08-16 09:01:27
1660640487486718000,16.9,1,16.85,2,16.95,3,2,2022-08-16 09:01:27
1660640490854433000,16.85,1,16.85,4,16.9,4,2,2022-08-16 09:01:30
1660640492478269000,16.9,1,16.85,4,16.9,3,1,2022-08-16 09:01:32
1660640496570469000,16.9,1,16.85,4,16.9,2,1,2022-08-16 09:01:36
1660640497651863000,16.85,1,16.85,3,16.9,2,2,2022-08-16 09:01:37
1660640499249308000,16.9,2,16.95,4,17.0,121,1,2022-08-16 09:01:39
1660640499249308000,16.95,4,16.95,4,17.0,121,1,2022-08-16 09:01:39
1660640501227169000,16.95,4,16.9,4,17.0,121,2,2022-08-16 09:01:41
1660640501227169000,16.9,1,16.9,4,17.0,121,2,2022-08-16 09:01:41
1660640506310611000,16.95,1,16.9,5,17.0,121,1,2022-08-16 09:01:46
1660640518643258000,16.9,1,16.9,10,16.95,1,2,2022-08-16 09:01:58
1660640521042147000,16.95,1,16.9,10,17.0,119,1,2022-08-16 09:02:01
1660640528497851000,16.9,10,16.9,11,16.95,3,2,2022-08-16 09:02:08
1660640528530345000,16.9,11,16.85,9,16.95,3,2,2022-08-16 09:02:08
1660640539205858000,16.95,1,16.85,10,16.95,3,1,2022-08-16 09:02:19
1660640540520253000,16.85,2,16.85,8,16.95,3,2,2022-08-16 09:02:20
1660640557608229000,16.95,1,16.85,9,16.95,2,1,2022-08-16 09:02:37
1660640567501372000,16.95,1,16.85,9,16.95,1,1,2022-08-16 09:02:47
1660640568167878000,16.85,1,16.85,8,16.95,1,2,2022-08-16 09:02:48
1660640573123682000,16.95,1,17.05,1,17.1,4,1,2022-08-16 09:02:53
1660640573123682000,17.0,6,17.05,1,17.1,4,1,2022-08-16 09:02:53
1660640573123682000,17.05,2,17.05,1,17.1,4,1,2022-08-16 09:02:53
1660640573156592000,17.05,1,16.85,9,17.1,4,2,2022-08-16 09:02:53
1660640574508689000,16.9,1,16.9,1,17.1,4,2,2022-08-16 09:02:54
1660640578289212000,16.95,1,16.95,1,17.1,4,2,2022-08-16 09:02:58
1660640593136393000,16.95,1,16.9,8,17.0,3,2,2022-08-16 09:03:13
1660640603012369000,16.95,1,16.95,2,17.0,3,2,2022-08-16 09:03:23
1660640627809189000,17.0,1,16.95,8,17.0,2,1,2022-08-16 09:03:47
1660640631437637000,16.95,5,16.95,3,17.0,2,2,2022-08-16 09:03:51
1660640640434404000,16.95,4,16.85,8,17.0,2,2,2022-08-16 09:04:00
1660640640434404000,16.9,17,16.85,8,17.0,2,2,2022-08-16 09:04:00
1660640656562204000,16.9,3,16.9,1,16.95,1,2,2022-08-16 09:04:16
1660640660025021000,16.95,5,16.9,1,16.95,2,1,2022-08-16 09:04:20
1660640660315968000,16.9,1,16.85,13,16.95,2,2,2022-08-16 09:04:20
1660640677090951000,16.85,1,16.85,14,16.9,1,2,2022-08-16 09:04:37
1660640678989632000,16.85,10,16.85,4,16.9,1,2,2022-08-16 09:04:38
1660640679205311000,16.85,4,16.8,27,16.9,1,2,2022-08-16 09:04:39
1660640679205311000,16.8,1,16.8,27,16.9,1,2,2022-08-16 09:04:39
1660640679580286000,16.8,14,16.8,13,16.9,1,2,2022-08-16 09:04:39
1660640679887745000,16.8,3,16.8,10,16.9,1,2,2022-08-16 09:04:39
1660640683876433000,16.8,1,16.8,9,16.9,1,2,2022-08-16 09:04:43
1660640685270975000,16.8,2,16.8,7,16.85,1,2,2022-08-16 09:04:45
1660640685311252000,16.8,7,16.75,3,16.85,1,2,2022-08-16 09:04:45
1660640686747218000,16.8,3,16.75,4,16.8,7,1,2022-08-16 09:04:46
1660640686794778000,16.75,3,16.75,1,16.8,7,2,2022-08-16 09:04:46
1660640688500279000,16.75,1,16.7,7,16.8,7,2,2022-08-16 09:04:48
1660640693210440000,16.7,1,16.7,6,16.8,7,2,2022-08-16 09:04:53
1660640697010242000,16.7,1,16.7,6,16.8,7,2,2022-08-16 09:04:57
1660640699435245000,16.7,1,16.7,6,16.8,7,2,2022-08-16 09:04:59
1660640702031858000,16.7,1,16.7,5,16.8,7,2,2022-08-16 09:05:02
1660640704625404000,16.7,1,16.7,4,16.8,7,2,2022-08-16 09:05:04
1660640724643744000,16.8,1,16.7,9,16.8,7,1,2022-08-16 09:05:24
1660640735795514000,16.8,2,16.75,1,16.8,6,1,2022-08-16 09:05:35
1660640739602785000,16.8,1,16.75,4,16.8,5,1,2022-08-16 09:05:39
1660640743865548000,16.8,1,16.75,3,16.8,4,1,2022-08-16 09:05:43
1660640743923644000,16.75,2,16.75,1,16.8,4,2,2022-08-16 09:05:43
1660640745643840000,16.8,1,16.75,1,16.8,3,1,2022-08-16 09:05:45
1660640750284690000,16.75,1,16.7,1,16.8,3,2,2022-08-16 09:05:50
1660640750284690000,16.7,17,16.7,1,16.8,3,2,2022-08-16 09:05:50
1660640772578483000,16.75,1,16.7,12,16.8,3,2,2022-08-16 09:06:12
1660640785202574000,16.75,1,16.7,12,16.8,3,2,2022-08-16 09:06:25
1660640797779566000,16.75,2,16.75,1,16.8,3,2,2022-08-16 09:06:37
1660640805781979000,16.8,3,16.75,1,16.9,4,1,2022-08-16 09:06:45
1660640834409260000,16.8,1,16.75,5,16.9,3,1,2022-08-16 09:07:14
1660640859261099000,16.8,2,16.8,6,16.9,3,2,2022-08-16 09:07:39
1660640865527997000,16.85,6,16.85,4,16.9,3,2,2022-08-16 09:07:45
1660640865552852000,16.85,4,16.8,6,16.9,3,2,2022-08-16 09:07:45
1660640878083666000,16.85,1,16.8,7,16.9,3,2,2022-08-16 09:07:58
1660640898799787000,16.8,1,16.8,18,16.9,4,2,2022-08-16 09:08:18
1660640923591286000,16.8,18,16.75,7,16.85,2,2,2022-08-16 09:08:43
1660640923591286000,16.75,2,16.75,7,16.85,2,2,2022-08-16 09:08:43
1660640946620343000,16.8,2,16.9,2,16.95,3,1,2022-08-16 09:09:06
1660640946620343000,16.85,2,16.9,2,16.95,3,1,2022-08-16 09:09:06
1660640946620343000,16.9,4,16.9,2,16.95,3,1,2022-08-16 09:09:06
1660640946623029000,16.9,2,16.7,34,16.95,3,2,2022-08-16 09:09:06
1660640946623029000,16.75,8,16.7,34,16.95,3,2,2022-08-16 09:09:06
1660640946623029000,16.7,10,16.7,34,16.95,3,2,2022-08-16 09:09:06
1660641018598045000,16.8,2,16.8,8,16.9,4,2,2022-08-16 09:10:18
1660641023241126000,16.8,1,16.8,7,16.9,4,2,2022-08-16 09:10:23
1660641030241753000,16.8,4,16.8,1,16.9,4,2,2022-08-16 09:10:30
1660641030270949000,16.8,1,16.75,10,16.9,4,2,2022-08-16 09:10:30
1660641032612244000,16.9,3,16.75,10,16.9,1,1,2022-08-16 09:10:32
1660641052599117000,16.9,3,16.8,3,16.95,3,1,2022-08-16 09:10:52
1660641052617192000,16.95,1,16.8,3,16.95,2,1,2022-08-16 09:10:52
1660641080231141000,16.8,1,16.75,8,16.85,7,2,2022-08-16 09:11:20
1660641083319320000,16.8,1,16.75,6,16.85,7,2,2022-08-16 09:11:23
1660641083319320000,16.75,2,16.75,6,16.85,7,2,2022-08-16 09:11:23
1660641100242152000,16.75,2,16.75,5,16.8,3,2,2022-08-16 09:11:40
1660641112084103000,16.75,2,16.75,6,16.8,6,2,2022-08-16 09:11:52
1660641123128903000,16.75,1,16.75,5,16.8,6,2,2022-08-16 09:12:03
1660641123151802000,16.75,5,16.7,54,16.8,6,2,2022-08-16 09:12:03
1660641140373381000,16.8,2,16.75,22,16.8,4,1,2022-08-16 09:12:20
1660641140925262000,16.75,1,16.75,21,16.8,4,2,2022-08-16 09:12:20
1660641140930178000,16.8,4,16.8,6,16.85,7,1,2022-08-16 09:12:20
1660641164938098000,16.8,4,16.8,3,16.85,8,2,2022-08-16 09:12:44
1660641164990584000,16.8,2,16.8,1,16.85,8,2,2022-08-16 09:12:44
1660641165022173000,16.8,1,16.75,22,16.85,8,2,2022-08-16 09:12:45
1660641167157061000,16.8,2,16.75,22,16.85,8,2,2022-08-16 09:12:47
1660641180685453000,16.8,2,16.8,8,16.85,8,2,2022-08-16 09:13:00
1660641215530398000,16.8,20,16.8,3,16.85,3,2,2022-08-16 09:13:35
1660641220109212000,16.8,2,16.8,1,16.85,3,2,2022-08-16 09:13:40
1660641220926292000,16.8,1,16.75,7,16.85,3,2,2022-08-16 09:13:40
1660641220926292000,16.75,19,16.75,7,16.85,3,2,2022-08-16 09:13:40
1660641256343579000,16.8,2,16.75,9,16.85,3,2,2022-08-16 09:14:16
1660641344657048000,16.8,1,16.75,8,16.85,4,2,2022-08-16 09:15:44
1660641344657048000,16.75,1,16.75,8,16.85,4,2,2022-08-16 09:15:44
1660641416444692000,16.8,1,16.75,14,16.85,4,2,2022-08-16 09:16:56
1660641447250290000,16.8,1,16.8,1,16.85,2,2,2022-08-16 09:17:27
1660641500481297000,16.85,1,16.8,6,16.85,1,1,2022-08-16 09:18:20
1660641523629810000,16.85,1,16.8,16,16.9,6,1,2022-08-16 09:18:43
1660641537661846000,16.8,3,16.8,13,16.9,6,2,2022-08-16 09:18:57
1660641550743415000,16.9,1,16.8,13,16.9,5,1,2022-08-16 09:19:10
1660641561577527000,16.9,16,16.8,13,16.9,4,1,2022-08-16 09:19:21
1660641564700535000,16.85,4,16.85,1,16.9,4,2,2022-08-16 09:19:24
1660641564728541000,16.85,1,16.8,13,16.9,4,2,2022-08-16 09:19:24
1660641569140876000,16.9,1,16.85,2,16.9,3,1,2022-08-16 09:19:29
1660641575558613000,16.9,2,16.85,2,16.9,1,1,2022-08-16 09:19:35
1660641583612569000,16.9,1,16.8,13,16.95,8,1,2022-08-16 09:19:43
1660641640071864000,16.9,1,16.85,1,16.9,4,2,2022-08-16 09:20:40
1660641656668500000,16.9,1,16.8,27,16.9,8,1,2022-08-16 09:20:56
1660641691893796000,16.9,1,16.8,28,16.9,7,1,2022-08-16 09:21:31
1660641741234127000,16.85,11,16.8,8,16.9,7,2,2022-08-16 09:22:21
1660641741234127000,16.8,18,16.8,8,16.9,7,2,2022-08-16 09:22:21
1660641808038309000,16.8,37,16.8,1,16.9,7,2,2022-08-16 09:23:28
1660641808066670000,16.8,1,16.75,11,16.9,7,2,2022-08-16 09:23:28
1660641840874699000,16.8,1,16.8,1,16.9,13,2,2022-08-16 09:24:00
1660641845138161000,16.8,1,16.75,16,16.85,7,2,2022-08-16 09:24:05
1660641943652795000,16.75,1,16.75,14,16.8,2,2,2022-08-16 09:25:43
1660641946520628000,16.75,1,16.75,13,16.8,2,2,2022-08-16 09:25:46
1660641966279190000,16.75,2,16.75,11,16.9,8,2,2022-08-16 09:26:06
1660641967351566000,16.75,5,16.75,6,16.9,3,2,2022-08-16 09:26:07
1660641967382472000,16.75,6,16.7,68,16.9,3,2,2022-08-16 09:26:07
1660641982841140000,16.7,1,16.7,66,16.9,7,2,2022-08-16 09:26:22
1660641996528261000,16.75,1,16.7,66,16.9,7,2,2022-08-16 09:26:36
1660642040912698000,16.75,2,16.7,65,16.8,1,2,2022-08-16 09:27:20
1660642071245405000,16.75,1,16.7,65,16.8,2,2,2022-08-16 09:27:51
1660642118051343000,16.75,2,16.7,65,16.75,1,2,2022-08-16 09:28:38
1660642129577879000,16.75,1,16.7,70,16.8,2,1,2022-08-16 09:28:49
1660642151245249000,16.75,1,16.7,70,16.8,2,2,2022-08-16 09:29:11
1660642171425840000,16.7,1,16.7,69,16.8,2,2,2022-08-16 09:29:31
1660642250500037000,16.75,2,16.75,1,16.8,2,2,2022-08-16 09:30:50
1660642276828992000,16.75,1,16.7,69,16.8,2,1,2022-08-16 09:31:16
1660642295751148000,16.75,1,16.7,69,16.8,2,1,2022-08-16 09:31:35
1660642308326049000,16.75,2,16.75,1,16.8,2,2,2022-08-16 09:31:48
1660642308353867000,16.75,1,16.75,3,16.8,2,2,2022-08-16 09:31:48
1660642315785520000,16.75,1,16.7,70,16.8,2,1,2022-08-16 09:31:55
1660642340226725000,16.75,1,16.75,1,16.8,2,2,2022-08-16 09:32:20
1660642365173281000,16.75,3,16.75,1,16.85,4,2,2022-08-16 09:32:45
1660642365213880000,16.75,1,16.7,70,16.85,4,2,2022-08-16 09:32:45
1660642375367539000,16.7,1,16.7,69,16.75,6,2,2022-08-16 09:32:55
1660642405374309000,16.7,1,16.7,68,16.75,6,2,2022-08-16 09:33:25
1660642417885967000,16.75,1,16.7,68,16.75,5,1,2022-08-16 09:33:37
1660642437889222000,16.75,5,16.7,67,16.85,4,1,2022-08-16 09:33:57
1660642439362603000,16.85,1,16.75,1,16.85,3,1,2022-08-16 09:33:59
1660642491005901000,16.85,1,16.75,14,16.85,2,1,2022-08-16 09:34:51
1660642518143376000,16.85,1,16.75,14,16.85,1,1,2022-08-16 09:35:18
1660642617733002000,16.8,1,16.75,21,16.8,4,1,2022-08-16 09:36:57
1660642622379949000,16.8,1,16.75,21,16.8,3,1,2022-08-16 09:37:02
1660642632515499000,16.8,1,16.75,21,16.8,2,1,2022-08-16 09:37:12
1660642719629531000,16.8,3,16.8,1,16.85,6,1,2022-08-16 09:38:39
1660642791732393000,16.8,1,16.75,24,16.85,6,2,2022-08-16 09:39:51
1660642829506067000,16.75,1,16.75,27,16.85,6,2,2022-08-16 09:40:29
1660642840070892000,16.75,2,16.75,25,16.8,7,2,2022-08-16 09:40:40
1660642853488223000,16.75,2,16.75,23,16.8,7,2,2022-08-16 09:40:53
1660642916298198000,16.8,1,16.75,24,16.8,6,1,2022-08-16 09:41:56
1660642929933924000,16.8,6,16.8,12,16.85,6,1,2022-08-16 09:42:09
1660642981280165000,16.8,5,16.8,8,16.85,6,2,2022-08-16 09:43:01
1660642981315051000,16.8,8,16.75,26,16.85,6,2,2022-08-16 09:43:01
1660642985857196000,16.75,15,16.75,11,16.8,5,2,2022-08-16 09:43:05
1660642985885273000,16.75,11,16.7,68,16.8,5,2,2022-08-16 09:43:05
1660643009123185000,16.75,1,16.7,68,16.75,4,2,2022-08-16 09:43:29
1660643026452717000,16.75,1,16.7,68,16.75,3,1,2022-08-16 09:43:46
1660643057845909000,16.75,4,16.75,1,16.8,5,1,2022-08-16 09:44:17
1660643092672725000,16.75,2,16.7,69,16.75,3,2,2022-08-16 09:44:52
1660643131421030000,16.75,3,16.8,2,16.85,1,1,2022-08-16 09:45:31
1660643131421030000,16.8,5,16.8,2,16.85,1,1,2022-08-16 09:45:31
1660643153043355000,16.8,2,16.7,70,16.8,3,2,2022-08-16 09:45:53
1660643186451766000,16.75,1,16.7,70,16.8,3,2,2022-08-16 09:46:26
1660643346005600000,16.75,4,16.75,8,16.8,3,2,2022-08-16 09:49:06
1660643475477991000,16.75,1,16.75,17,16.8,3,2,2022-08-16 09:51:15
1660643511863049000,16.75,2,16.75,18,16.8,3,2,2022-08-16 09:51:51
1660643518106312000,16.75,1,16.75,17,16.8,3,2,2022-08-16 09:51:58
1660643558068160000,16.75,2,16.75,15,16.8,3,2,2022-08-16 09:52:38
1660643579698705000,16.75,5,16.75,11,16.8,3,2,2022-08-16 09:52:59
1660643678570060000,16.75,1,16.75,7,16.8,3,2,2022-08-16 09:54:38
1660643715442651000,16.75,1,16.75,15,16.8,3,2,2022-08-16 09:55:15
1660643901439885000,16.8,4,16.75,24,16.8,4,1,2022-08-16 09:58:21
1660643925999932000,16.8,2,16.75,22,16.8,2,1,2022-08-16 09:58:45
1660643933827762000,16.8,1,16.75,22,16.8,1,1,2022-08-16 09:58:53
1660643966272449000,16.8,1,16.75,22,16.85,1,1,2022-08-16 09:59:26
1660644050095109000,16.8,1,16.8,2,16.85,1,2,2022-08-16 10:00:50
1660644072915141000,16.85,1,16.75,22,16.9,4,1,2022-08-16 10:01:12
1660644158043859000,16.85,1,16.75,23,16.85,3,1,2022-08-16 10:02:38
1660644183151916000,16.75,2,16.75,23,16.85,1,2,2022-08-16 10:03:03
1660644197326279000,16.8,1,16.75,21,16.85,1,2,2022-08-16 10:03:17
1660644270005148000,16.8,1,16.75,21,16.85,3,1,2022-08-16 10:04:30
1660644334204123000,16.85,1,16.8,1,16.85,2,1,2022-08-16 10:05:34
1660644398402086000,16.85,1,16.8,1,16.85,1,1,2022-08-16 10:06:38
1660644478358090000,16.8,1,16.75,22,16.85,2,2,2022-08-16 10:07:58
1660644574896495000,16.85,2,16.85,1,16.9,3,1,2022-08-16 10:09:34
1660644576440436000,16.85,1,16.8,18,16.9,3,2,2022-08-16 10:09:36
1660644587809503000,16.8,2,16.8,16,16.9,23,2,2022-08-16 10:09:47
1660644587844737000,16.8,16,16.75,22,16.9,23,2,2022-08-16 10:09:47
1660644589270916000,16.75,1,16.75,21,16.8,10,2,2022-08-16 10:09:49
1660644655581341000,16.75,1,16.75,20,16.8,11,2,2022-08-16 10:10:55
1660644659062622000,16.75,5,16.75,15,16.8,11,2,2022-08-16 10:10:59
1660644667846101000,16.75,2,16.75,13,16.8,11,2,2022-08-16 10:11:07
1660644667877876000,16.75,13,16.7,65,16.8,11,2,2022-08-16 10:11:07
1660644669481923000,16.7,5,16.7,60,16.75,14,2,2022-08-16 10:11:09
1660644677450083000,16.7,10,16.7,50,16.75,14,2,2022-08-16 10:11:17
1660644677501844000,16.7,10,16.7,40,16.75,14,2,2022-08-16 10:11:17
1660644677542988000,16.7,40,16.65,42,16.75,14,2,2022-08-16 10:11:17
1660644687694610000,16.65,6,16.65,38,16.7,27,2,2022-08-16 10:11:27
1660644687716054000,16.65,37,16.65,1,16.7,27,2,2022-08-16 10:11:27
1660644687738787000,16.65,1,16.6,49,16.7,27,2,2022-08-16 10:11:27
1660644698728629000,16.6,1,16.6,48,16.65,28,2,2022-08-16 10:11:38
1660644703142383000,16.6,1,16.6,47,16.65,28,2,2022-08-16 10:11:43
1660644704491050000,16.6,5,16.6,41,16.65,28,2,2022-08-16 10:11:44
1660644713411863000,16.6,29,16.6,13,16.65,28,2,2022-08-16 10:11:53
1660644713446123000,16.6,13,16.55,13,16.65,28,2,2022-08-16 10:11:53
1660644727616055000,16.55,2,16.55,11,16.6,11,2,2022-08-16 10:12:07
1660644728122479000,16.55,1,16.55,10,16.6,11,2,2022-08-16 10:12:08
1660644728433405000,16.55,10,16.5,45,16.6,11,2,2022-08-16 10:12:08
1660644739466691000,16.5,1,16.5,43,16.55,2,2,2022-08-16 10:12:19
1660644739502448000,16.5,23,16.5,20,16.55,2,2,2022-08-16 10:12:19
1660644739502998000,16.5,10,16.5,10,16.55,2,2,2022-08-16 10:12:19
1660644740709147000,16.55,2,16.55,1,16.6,9,1,2022-08-16 10:12:20
1660644741198377000,16.55,1,16.5,10,16.6,9,2,2022-08-16 10:12:21
1660644744017384000,16.5,9,16.5,1,16.6,9,2,2022-08-16 10:12:24
1660644748948139000,16.5,1,16.45,10,16.5,1,2,2022-08-16 10:12:28
1660644750506255000,16.5,2,16.45,10,16.5,14,1,2022-08-16 10:12:30
1660644751557696000,16.5,1,16.45,10,16.5,13,1,2022-08-16 10:12:31
1660644753815292000,16.5,1,16.45,9,16.5,12,1,2022-08-16 10:12:33
1660644754020241000,16.45,9,16.4,39,16.45,1,2,2022-08-16 10:12:34
1660644756978745000,16.45,1,16.4,39,16.5,10,1,2022-08-16 10:12:36
1660644756978745000,16.5,3,16.4,39,16.5,10,1,2022-08-16 10:12:36
1660644766812888000,16.4,2,16.4,35,16.45,2,2,2022-08-16 10:12:46
1660644780420146000,16.45,1,16.4,39,16.5,9,1,2022-08-16 10:13:00
1660644791764954000,16.45,1,16.45,1,16.5,9,1,2022-08-16 10:13:11
1660644796312471000,16.45,4,16.4,5,16.5,9,2,2022-08-16 10:13:16
1660644796312471000,16.4,54,16.4,5,16.5,9,2,2022-08-16 10:13:16
1660644799795687000,16.45,1,16.4,5,16.55,2,1,2022-08-16 10:13:19
1660644799795687000,16.5,9,16.4,5,16.55,2,1,2022-08-16 10:13:19
1660644808275976000,16.45,1,16.4,7,16.45,1,2,2022-08-16 10:13:28
1660644815905147000,16.4,2,16.4,4,16.45,1,2,2022-08-16 10:13:35
1660644819808878000,16.45,1,16.4,4,16.5,10,1,2022-08-16 10:13:39
1660644829294887000,16.45,1,16.4,16,16.45,1,1,2022-08-16 10:13:49
1660644829566264000,16.45,1,16.4,16,16.5,10,1,2022-08-16 10:13:49
1660644837355741000,16.45,1,16.4,17,16.45,1,1,2022-08-16 10:13:57
1660644841922429000,16.4,18,16.3,12,16.45,2,2,2022-08-16 10:14:01
1660644841922429000,16.35,7,16.3,12,16.45,2,2,2022-08-16 10:14:01
1660644841922429000,16.3,4,16.3,12,16.45,2,2,2022-08-16 10:14:01
1660644843757465000,16.45,1,16.3,14,16.45,3,1,2022-08-16 10:14:03
1660644845187448000,16.3,3,16.3,11,16.45,3,2,2022-08-16 10:14:05
1660644847009171000,16.45,1,16.3,11,16.45,2,1,2022-08-16 10:14:07
1660644857880342000,16.45,1,16.35,2,16.45,1,1,2022-08-16 10:14:17
1660644866651506000,16.45,1,16.4,5,16.5,10,1,2022-08-16 10:14:26
1660644877581638000,16.5,2,16.45,2,16.5,8,1,2022-08-16 10:14:37
1660644890689429000,16.5,3,16.45,18,16.5,5,1,2022-08-16 10:14:50
1660644890717387000,16.5,3,16.45,18,16.5,2,1,2022-08-16 10:14:50
1660644895178834000,16.5,2,16.5,1,16.55,2,1,2022-08-16 10:14:55
1660644908329594000,16.5,2,16.5,10,16.65,10,2,2022-08-16 10:15:08
1660644908384780000,16.5,1,16.5,9,16.65,12,2,2022-08-16 10:15:08
1660644908430388000,16.5,2,16.5,7,16.65,12,2,2022-08-16 10:15:08
1660644908502969000,16.5,2,16.5,5,16.65,12,2,2022-08-16 10:15:08
1660644908548890000,16.5,2,16.5,3,16.65,12,2,2022-08-16 10:15:08
1660644908597878000,16.5,1,16.5,2,16.65,12,2,2022-08-16 10:15:08
1660644913654122000,16.5,2,16.5,3,16.6,1,2,2022-08-16 10:15:13
1660644914045581000,16.5,2,16.5,1,16.6,3,2,2022-08-16 10:15:14
1660644914093880000,16.5,1,16.45,18,16.6,3,2,2022-08-16 10:15:14
1660644914158500000,16.45,2,16.45,16,16.6,3,2,2022-08-16 10:15:14
1660644914207111000,16.45,2,16.45,14,16.6,3,2,2022-08-16 10:15:14
1660644914257211000,16.45,2,16.45,12,16.6,3,2,2022-08-16 10:15:14
1660644914301180000,16.45,1,16.45,11,16.6,3,2,2022-08-16 10:15:14
1660644932498492000,16.45,2,16.45,14,16.55,1,2,2022-08-16 10:15:32
1660644932551235000,16.45,1,16.45,13,16.55,1,2,2022-08-16 10:15:32
1660644932613167000,16.45,2,16.45,11,16.55,1,2,2022-08-16 10:15:32
1660644932657460000,16.45,2,16.45,9,16.55,1,2,2022-08-16 10:15:32
1660644932722841000,16.45,2,16.45,7,16.55,1,2,2022-08-16 10:15:32
1660644932767371000,16.45,1,16.45,6,16.55,1,2,2022-08-16 10:15:32
1660644938549009000,16.45,2,16.45,4,16.55,1,2,2022-08-16 10:15:38
1660644938612462000,16.45,1,16.45,3,16.55,1,2,2022-08-16 10:15:38
1660644938663852000,16.45,2,16.45,1,16.55,1,2,2022-08-16 10:15:38
1660644938729058000,16.45,1,16.4,6,16.45,1,2,2022-08-16 10:15:38
1660644959462519000,16.45,1,16.4,6,16.45,2,1,2022-08-16 10:15:59
1660644972248550000,16.45,2,16.4,9,16.55,3,1,2022-08-16 10:16:12
1660645024706248000,16.5,1,16.45,10,16.55,8,1,2022-08-16 10:17:04
1660645055389148000,16.5,1,16.5,6,16.55,7,2,2022-08-16 10:17:35
1660645055425811000,16.5,2,16.5,4,16.55,7,2,2022-08-16 10:17:35
1660645055493754000,16.5,2,16.5,2,16.55,7,2,2022-08-16 10:17:35
1660645056897642000,16.5,2,16.45,11,16.5,1,2,2022-08-16 10:17:36
1660645074704791000,16.45,9,16.4,16,16.5,16,2,2022-08-16 10:17:54
1660645074704791000,16.4,11,16.4,16,16.5,16,2,2022-08-16 10:17:54
1660645085149623000,16.4,2,16.4,14,16.5,16,2,2022-08-16 10:18:05
1660645085177959000,16.4,4,16.4,10,16.5,16,2,2022-08-16 10:18:05
1660645085248401000,16.4,4,16.4,6,16.5,16,2,2022-08-16 10:18:05
1660645100778600000,16.4,2,16.4,14,16.5,17,2,2022-08-16 10:18:20
1660645100813216000,16.4,4,16.4,10,16.5,17,2,2022-08-16 10:18:20
1660645100882398000,16.4,4,16.4,6,16.5,17,2,2022-08-16 10:18:20
1660645117902329000,16.4,1,16.4,8,16.5,16,2,2022-08-16 10:18:37
1660645139928854000,16.4,5,16.4,10,16.45,1,2,2022-08-16 10:18:59
1660645140733468000,16.4,5,16.4,5,16.45,1,2,2022-08-16 10:19:00
1660645141249368000,16.4,5,16.35,16,16.45,1,2,2022-08-16 10:19:01
1660645141648892000,16.35,5,16.35,11,16.45,1,2,2022-08-16 10:19:01
1660645149064905000,16.35,5,16.35,6,16.45,1,2,2022-08-16 10:19:09
1660645158558697000,16.35,8,16.3,9,16.45,1,2,2022-08-16 10:19:18
1660645158558697000,16.3,27,16.3,9,16.45,1,2,2022-08-16 10:19:18
1660645166665338000,16.3,1,16.3,8,16.45,9,2,2022-08-16 10:19:26
1660645211071133000,16.35,1,16.3,19,16.35,1,1,2022-08-16 10:20:11
1660645215637976000,16.3,5,16.3,16,16.35,1,2,2022-08-16 10:20:15
1660645217211903000,16.35,1,16.3,16,16.45,2,1,2022-08-16 10:20:17
1660645219478704000,16.3,15,16.3,1,16.45,2,2,2022-08-16 10:20:19
1660645224195793000,16.3,3,16.25,13,16.45,5,2,2022-08-16 10:20:24
1660645224195793000,16.25,2,16.25,13,16.45,5,2,2022-08-16 10:20:24
1660645231009248000,16.35,1,16.35,29,16.45,3,2,2022-08-16 10:20:31
1660645233666390000,16.35,1,16.35,28,16.45,3,2,2022-08-16 10:20:33
1660645236627649000,16.35,5,16.35,23,16.45,3,2,2022-08-16 10:20:36
1660645240667740000,16.4,1,16.35,23,16.45,3,2,2022-08-16 10:20:40
1660645247922303000,16.4,1,16.35,23,16.45,2,1,2022-08-16 10:20:47
1660645252458137000,16.4,1,16.35,23,16.45,2,1,2022-08-16 10:20:52
1660645262032708000,16.4,1,16.35,23,16.4,4,2,2022-08-16 10:21:02
1660645290603758000,16.35,2,16.35,21,16.4,4,2,2022-08-16 10:21:30
1660645292315462000,16.4,1,16.35,21,16.4,3,1,2022-08-16 10:21:32
1660645303963190000,16.4,1,16.35,22,16.4,2,1,2022-08-16 10:21:43
1660645305897011000,16.4,1,16.35,22,16.4,1,1,2022-08-16 10:21:45
1660645307299160000,16.4,1,16.35,22,16.45,2,1,2022-08-16 10:21:47
1660645373072861000,16.45,1,16.4,16,16.45,6,1,2022-08-16 10:22:53
1660645374624670000,16.45,1,16.4,16,16.45,5,1,2022-08-16 10:22:54
1660645378775116000,16.45,1,16.4,15,16.45,4,1,2022-08-16 10:22:58
1660645402733603000,16.45,1,16.4,14,16.45,3,1,2022-08-16 10:23:22
1660645405007485000,16.45,1,16.4,14,16.45,2,1,2022-08-16 10:23:25
1660645408321859000,16.45,1,16.4,13,16.45,1,1,2022-08-16 10:23:28
1660645431020351000,16.45,1,16.4,18,16.5,3,1,2022-08-16 10:23:51
1660645489563343000,16.5,2,16.4,19,16.5,1,1,2022-08-16 10:24:49
1660645534157353000,16.5,1,16.45,15,16.5,1,1,2022-08-16 10:25:34
1660645548816696000,16.5,1,16.5,2,16.55,5,1,2022-08-16 10:25:48
1660645614016990000,16.55,2,16.5,11,16.55,3,1,2022-08-16 10:26:54
1660645637032590000,16.55,3,16.55,2,16.65,1,1,2022-08-16 10:27:17
1660645646079046000,16.55,1,16.55,1,16.65,12,2,2022-08-16 10:27:26
1660645646103260000,16.55,1,16.5,12,16.65,12,2,2022-08-16 10:27:26
1660645665136758000,16.55,1,16.55,3,16.65,12,2,2022-08-16 10:27:45
1660645670830716000,16.65,3,16.5,12,16.65,9,1,2022-08-16 10:27:50
1660645744239358000,16.55,1,16.5,14,16.55,2,1,2022-08-16 10:29:04
1660645751386472000,16.5,14,16.4,17,16.55,2,2,2022-08-16 10:29:11
1660645751386472000,16.45,11,16.4,17,16.55,2,2,2022-08-16 10:29:11
1660645751386472000,16.4,4,16.4,17,16.55,2,2,2022-08-16 10:29:11
1660645761920663000,16.55,2,16.4,17,16.55,1,1,2022-08-16 10:29:21
1660645798896369000,16.5,1,16.45,2,16.5,1,1,2022-08-16 10:29:58
1660645814989476000,16.5,1,16.5,1,16.55,3,1,2022-08-16 10:30:14
1660645821491426000,16.5,1,16.45,4,16.5,1,2,2022-08-16 10:30:21
1660645825337849000,16.5,1,16.5,1,16.55,1,1,2022-08-16 10:30:25
1660645877225833000,16.5,1,16.45,6,16.55,4,2,2022-08-16 10:31:17
1660645894643118000,16.45,5,16.45,1,16.55,4,2,2022-08-16 10:31:34
1660645972110842000,16.45,1,16.45,2,16.55,4,2,2022-08-16 10:32:52
1660645978486258000,16.5,1,16.45,1,16.5,1,2,2022-08-16 10:32:58
1660646092134741000,16.5,1,16.45,2,16.55,7,2,2022-08-16 10:34:52
1660646145750944000,16.45,2,16.4,19,16.45,1,2,2022-08-16 10:35:45
1660646182054288000,16.45,1,16.45,4,16.5,5,1,2022-08-16 10:36:22
1660646230757486000,16.45,4,16.4,19,16.5,8,2,2022-08-16 10:37:10
1660646264978275000,16.45,1,16.4,19,16.45,2,1,2022-08-16 10:37:44
1660646285829654000,16.4,7,16.4,12,16.5,12,2,2022-08-16 10:38:05
1660646442261989000,16.45,1,16.4,15,16.5,13,2,2022-08-16 10:40:42
1660646491232944000,16.45,1,16.4,16,16.5,16,2,2022-08-16 10:41:31
1660646603254787000,16.45,4,16.45,1,16.5,16,2,2022-08-16 10:43:23
1660646606163995000,16.45,1,16.4,16,16.5,16,2,2022-08-16 10:43:26
1660646615178349000,16.45,1,16.4,16,16.5,16,2,2022-08-16 10:43:35
1660646819121389000,16.4,5,16.4,11,16.5,16,2,2022-08-16 10:46:59
1660646819384234000,16.4,11,16.35,15,16.5,16,2,2022-08-16 10:46:59
1660646823690740000,16.35,5,16.35,10,16.5,16,2,2022-08-16 10:47:03
1660646824952464000,16.35,5,16.35,5,16.5,16,2,2022-08-16 10:47:04
1660646825611850000,16.35,5,16.3,26,16.5,16,2,2022-08-16 10:47:05
1660646844888499000,16.3,5,16.3,21,16.5,16,2,2022-08-16 10:47:24
1660646862692823000,16.3,5,16.3,17,16.45,14,2,2022-08-16 10:47:42
1660646864579412000,16.3,17,16.25,20,16.3,3,2,2022-08-16 10:47:44
1660646886563155000,16.3,2,16.25,17,16.3,1,1,2022-08-16 10:48:06
1660646888201004000,16.25,17,16.2,31,16.25,3,2,2022-08-16 10:48:08
1660646892804205000,16.2,29,16.2,2,16.25,3,2,2022-08-16 10:48:12
1660646892839513000,16.2,1,16.2,1,16.25,3,2,2022-08-16 10:48:12
1660646910265114000,16.2,1,16.2,5,16.25,3,2,2022-08-16 10:48:30
1660646915396241000,16.2,3,16.2,3,16.25,3,2,2022-08-16 10:48:35
1660646921732738000,16.2,1,16.2,4,16.25,3,2,2022-08-16 10:48:41
1660646932511990000,16.2,7,16.15,10,16.2,3,2,2022-08-16 10:48:52
1660646937449616000,16.2,1,16.15,10,16.2,2,1,2022-08-16 10:48:57
1660646937482096000,16.2,2,16.15,10,16.25,3,1,2022-08-16 10:48:57
1660646941706049000,16.2,1,16.15,12,16.25,3,1,2022-08-16 10:49:01
1660646947947106000,16.15,5,16.15,12,16.25,3,2,2022-08-16 10:49:07
1660646948752041000,16.15,5,16.15,7,16.25,3,2,2022-08-16 10:49:08
1660646949417786000,16.15,5,16.15,2,16.25,3,2,2022-08-16 10:49:09
1660646950275551000,16.15,2,16.1,21,16.25,3,2,2022-08-16 10:49:10
1660646950275551000,16.1,3,16.1,21,16.25,3,2,2022-08-16 10:49:10
1660646950463477000,16.1,5,16.1,16,16.25,3,2,2022-08-16 10:49:10
1660646951466647000,16.2,5,16.1,16,16.25,3,2,2022-08-16 10:49:11
1660646951648219000,16.1,5,16.1,11,16.25,3,2,2022-08-16 10:49:11
1660646951790892000,16.1,5,16.1,6,16.25,3,2,2022-08-16 10:49:11
1660646951982476000,16.1,6,16.05,9,16.25,3,2,2022-08-16 10:49:11
1660646951982476000,16.05,4,16.05,9,16.25,3,2,2022-08-16 10:49:11
1660646953165854000,16.05,5,16.05,6,16.25,3,2,2022-08-16 10:49:13
1660646954754989000,16.05,1,16.05,5,16.25,5,2,2022-08-16 10:49:14
1660646957931589000,16.05,5,16.0,208,16.25,3,2,2022-08-16 10:49:17
1660646958160367000,16.0,5,16.0,203,16.25,3,2,2022-08-16 10:49:18
1660646968449025000,16.05,1,16.05,14,16.25,3,2,2022-08-16 10:49:28
1660646984810996000,16.05,2,16.05,25,16.25,3,2,2022-08-16 10:49:44
1660646985009115000,16.05,10,16.05,15,16.25,3,2,2022-08-16 10:49:45
1660646991596756000,16.25,1,16.1,14,16.25,2,1,2022-08-16 10:49:51
1660647019157024000,16.15,2,16.15,2,16.25,2,2,2022-08-16 10:50:19
1660647038726362000,16.2,1,16.2,5,16.25,2,2,2022-08-16 10:50:38
1660647046618047000,16.25,2,16.25,1,16.45,4,1,2022-08-16 10:50:46
1660647055171071000,16.25,1,16.2,6,16.45,14,2,2022-08-16 10:50:55
1660647112340935000,16.4,1,16.3,2,16.4,4,1,2022-08-16 10:51:52
1660647131475600000,16.45,4,16.3,2,16.5,9,1,2022-08-16 10:52:11
1660647160974006000,16.4,8,16.3,2,16.5,9,1,2022-08-16 10:52:40
1660647201040597000,16.35,2,16.3,12,16.35,3,2,2022-08-16 10:53:21
1660647220984269000,16.35,3,16.3,15,16.4,6,1,2022-08-16 10:53:40
1660647373062376000,16.35,1,16.35,5,16.4,4,2,2022-08-16 10:56:13
1660647374680697000,16.35,3,16.35,2,16.4,4,2,2022-08-16 10:56:14
1660647396730284000,16.35,1,16.35,1,16.4,6,2,2022-08-16 10:56:36
1660647564255998000,16.35,3,16.35,12,16.4,4,2,2022-08-16 10:59:24
1660647577651993000,16.4,2,16.35,12,16.4,4,1,2022-08-16 10:59:37
1660647650156452000,16.4,1,16.35,8,16.4,3,1,2022-08-16 11:00:50
1660647682903046000,16.35,1,16.35,7,16.4,1,2,2022-08-16 11:01:22
1660647783131411000,16.35,1,16.35,5,16.4,1,2,2022-08-16 11:03:03
1660647846728464000,16.35,1,16.35,5,16.4,1,2,2022-08-16 11:04:06
1660647864298586000,16.4,1,16.35,5,16.5,6,1,2022-08-16 11:04:24
1660648215594294000,16.4,7,16.4,3,16.5,13,2,2022-08-16 11:10:15
1660648293264336000,16.4,2,16.4,2,16.45,5,2,2022-08-16 11:11:33
1660648296713458000,16.4,2,16.35,5,16.4,1,2,2022-08-16 11:11:36
1660648335777442000,16.4,1,16.35,6,16.5,3,1,2022-08-16 11:12:15
1660648593544549000,16.45,1,16.45,1,16.5,3,1,2022-08-16 11:16:33
1660648630850106000,16.5,1,16.45,1,16.5,2,1,2022-08-16 11:17:10
1660648662497749000,16.55,9,16.55,6,16.6,6,1,2022-08-16 11:17:42
1660648681364719000,16.6,6,16.55,1,16.6,3,1,2022-08-16 11:18:01
1660648682125296000,16.55,1,16.5,5,16.55,1,2,2022-08-16 11:18:02
1660648698035652000,16.55,1,16.55,14,16.7,7,1,2022-08-16 11:18:18
1660648712476037000,16.6,14,16.5,5,16.65,9,2,2022-08-16 11:18:32
1660648753803887000,16.5,5,16.45,1,16.6,5,2,2022-08-16 11:19:13
1660648807813716000,16.5,1,16.45,1,16.5,4,1,2022-08-16 11:20:07
1660648808815307000,16.45,1,16.4,14,16.5,4,2,2022-08-16 11:20:08
1660648832264503000,16.5,2,16.4,15,16.5,3,1,2022-08-16 11:20:32
1660648860786704000,16.5,2,16.4,15,16.5,3,1,2022-08-16 11:21:00
1660648873351688000,16.5,1,16.4,15,16.5,2,1,2022-08-16 11:21:13
1660648892446271000,16.4,15,16.25,10,16.5,2,2,2022-08-16 11:21:32
1660648892446271000,16.35,6,16.25,10,16.5,2,2,2022-08-16 11:21:32
1660648892446271000,16.3,6,16.25,10,16.5,2,2,2022-08-16 11:21:32
1660648892446271000,16.25,2,16.25,10,16.5,2,2,2022-08-16 11:21:32
1660648929368213000,16.3,5,16.25,12,16.5,5,2,2022-08-16 11:22:09
1660649010581062000,16.3,1,16.3,2,16.5,7,2,2022-08-16 11:23:30
1660649054464707000,16.3,1,16.3,1,16.5,5,2,2022-08-16 11:24:14
1660649072249557000,16.3,1,16.15,25,16.2,1,2,2022-08-16 11:24:32
1660649072249557000,16.25,14,16.15,25,16.2,1,2,2022-08-16 11:24:32
1660649072249557000,16.2,14,16.15,25,16.2,1,2,2022-08-16 11:24:32
1660649072277220000,16.2,1,16.15,25,16.5,7,1,2022-08-16 11:24:32
1660649080129540000,16.15,27,16.1,29,16.5,7,2,2022-08-16 11:24:40
1660649080129540000,16.1,2,16.1,29,16.5,7,2,2022-08-16 11:24:40
1660649154646039000,16.2,1,16.2,1,16.45,5,2,2022-08-16 11:25:54
1660649156817159000,16.2,1,16.15,7,16.45,5,2,2022-08-16 11:25:56
1660649402405921000,16.25,1,16.25,5,16.45,1,2,2022-08-16 11:30:02
1660649624785056000,16.3,1,16.2,17,16.25,9,2,2022-08-16 11:33:44
1660649624785056000,16.25,10,16.2,17,16.25,9,2,2022-08-16 11:33:44
1660649663231944000,16.25,5,16.2,16,16.25,4,1,2022-08-16 11:34:23
1660649663261450000,16.25,4,16.2,16,16.45,4,1,2022-08-16 11:34:23
1660649719288148000,16.2,17,16.1,49,16.4,3,2,2022-08-16 11:35:19
1660649719288148000,16.15,8,16.1,49,16.4,3,2,2022-08-16 11:35:19
1660649719288148000,16.1,4,16.1,49,16.4,3,2,2022-08-16 11:35:19
1660649884581567000,16.15,1,16.15,8,16.4,3,2,2022-08-16 11:38:04
1660649982484080000,16.3,1,16.2,6,16.4,3,1,2022-08-16 11:39:42
1660649984478692000,16.2,2,16.2,4,16.4,1,2,2022-08-16 11:39:44
1660650376149445000,16.25,1,16.2,24,16.3,2,1,2022-08-16 11:46:16
1660650397871764000,16.3,1,16.2,24,16.3,1,1,2022-08-16 11:46:37
1660650441182335000,16.3,1,16.25,1,16.35,5,1,2022-08-16 11:47:21
1660650531082335000,16.3,5,16.3,1,16.35,5,2,2022-08-16 11:48:51
1660650538132833000,16.35,3,16.3,1,16.35,2,1,2022-08-16 11:48:58
1660650697696126000,16.35,2,16.3,3,16.35,2,1,2022-08-16 11:51:37
1660650820801951000,16.35,1,16.2,8,16.4,8,2,2022-08-16 11:53:40
1660650820801951000,16.3,3,16.2,8,16.4,8,2,2022-08-16 11:53:40
1660650820801951000,16.25,7,16.2,8,16.4,8,2,2022-08-16 11:53:40
1660650820801951000,16.2,17,16.2,8,16.4,8,2,2022-08-16 11:53:40
1660650957544140000,16.35,4,16.2,8,16.4,9,1,2022-08-16 11:55:57
1660651143520072000,16.3,1,16.3,1,16.4,14,2,2022-08-16 11:59:03
1660651255785267000,16.3,1,16.25,9,16.3,2,1,2022-08-16 12:00:55
1660651288266063000,16.25,1,16.25,8,16.3,4,2,2022-08-16 12:01:28
1660651304834874000,16.25,2,16.25,6,16.3,2,2,2022-08-16 12:01:44
1660651327318734000,16.25,6,16.2,8,16.3,2,2,2022-08-16 12:02:07
1660651327318734000,16.2,8,16.2,8,16.3,2,2,2022-08-16 12:02:07
1660651338716733000,16.2,1,16.2,7,16.3,2,2,2022-08-16 12:02:18
1660651410695748000,16.25,1,16.15,21,16.3,4,2,2022-08-16 12:03:30
1660651410695748000,16.2,7,16.15,21,16.3,4,2,2022-08-16 12:03:30
1660651410695748000,16.15,6,16.15,21,16.3,4,2,2022-08-16 12:03:30
1660651699000051000,16.15,3,16.15,41,16.2,5,2,2022-08-16 12:08:19
1660651752273180000,16.2,3,16.15,42,16.2,5,1,2022-08-16 12:09:12
1660651769026570000,16.2,1,16.15,42,16.2,4,1,2022-08-16 12:09:29
1660651799426959000,16.2,3,16.15,40,16.2,1,1,2022-08-16 12:09:59
1660651811127639000,16.2,1,16.15,39,16.25,5,1,2022-08-16 12:10:11
1660651840367774000,16.2,1,16.2,4,16.25,7,2,2022-08-16 12:10:40
1660651862188486000,16.2,2,16.2,2,16.25,7,2,2022-08-16 12:11:02
1660652047718823000,16.25,2,16.25,8,16.3,10,1,2022-08-16 12:14:07
1660652077062341000,16.3,1,16.25,8,16.3,9,1,2022-08-16 12:14:37
1660652093271596000,16.3,9,16.3,1,16.35,6,1,2022-08-16 12:14:53
1660652093470833000,16.3,1,16.25,9,16.3,1,2,2022-08-16 12:14:53
1660652123460793000,16.35,1,16.3,2,16.35,9,1,2022-08-16 12:15:23
1660652146150410000,16.35,8,16.3,3,16.4,11,1,2022-08-16 12:15:46
1660652148318987000,16.35,3,16.3,2,16.4,13,2,2022-08-16 12:15:48
1660652336575053000,16.35,1,16.3,3,16.35,6,1,2022-08-16 12:18:56
1660652353332553000,16.35,6,16.35,3,16.4,13,1,2022-08-16 12:19:13
1660652391431877000,16.35,2,16.3,3,16.4,14,2,2022-08-16 12:19:51
1660652420385517000,16.3,3,16.25,2,16.4,14,2,2022-08-16 12:20:20
1660652420385517000,16.25,1,16.25,2,16.4,14,2,2022-08-16 12:20:20
1660652495792014000,16.25,1,16.25,5,16.35,2,2,2022-08-16 12:21:35
1660652585342348000,16.3,1,16.25,15,16.35,7,2,2022-08-16 12:23:05
1660653252506291000,16.3,3,16.3,11,16.35,5,2,2022-08-16 12:34:12
1660653264371546000,16.35,5,16.35,5,16.4,13,1,2022-08-16 12:34:24
1660653376256147000,16.4,1,16.35,7,16.4,14,1,2022-08-16 12:36:16
1660653383224010000,16.4,1,16.35,7,16.4,13,1,2022-08-16 12:36:23
1660653417219083000,16.4,4,16.35,10,16.4,7,1,2022-08-16 12:36:57
1660653418690659000,16.4,1,16.35,10,16.4,6,1,2022-08-16 12:36:58
1660653458475841000,16.4,3,16.35,10,16.4,3,1,2022-08-16 12:37:38
1660653473514401000,16.4,1,16.35,9,16.45,13,1,2022-08-16 12:37:53
1660653481364986000,16.4,1,16.35,9,16.45,22,2,2022-08-16 12:38:01
1660653725749755000,16.4,2,16.35,9,16.4,1,1,2022-08-16 12:42:05
1660653764195330000,16.4,2,16.4,1,16.45,21,2,2022-08-16 12:42:44
1660653806410560000,16.45,1,16.4,2,16.45,20,1,2022-08-16 12:43:26
1660653840327499000,16.4,2,16.35,9,16.45,20,2,2022-08-16 12:44:00
1660654087502375000,16.4,1,16.35,20,16.4,1,2,2022-08-16 12:48:07
1660654089728165000,16.4,1,16.35,20,16.45,20,1,2022-08-16 12:48:09
1660654166379148000,16.4,1,16.35,20,16.4,8,1,2022-08-16 12:49:26
1660654183453764000,16.4,6,16.4,4,16.45,13,1,2022-08-16 12:49:43
1660654272428930000,16.45,1,16.4,7,16.45,10,1,2022-08-16 12:51:12
1660654283238923000,16.45,1,16.4,7,16.45,9,1,2022-08-16 12:51:23
1660654315200652000,16.45,1,16.4,7,16.45,9,1,2022-08-16 12:51:55
1660654334769559000,16.45,2,16.4,7,16.45,7,1,2022-08-16 12:52:14
1660654344678560000,16.45,1,16.4,7,16.45,6,1,2022-08-16 12:52:24
1660654373026044000,16.45,1,16.4,7,16.45,5,1,2022-08-16 12:52:53
1660654440114450000,16.45,2,16.4,7,16.45,5,1,2022-08-16 12:54:00
1660654667815229000,16.45,1,16.4,8,16.45,6,1,2022-08-16 12:57:47
1660654674538390000,16.45,1,16.4,8,16.45,7,1,2022-08-16 12:57:54
1660654719715811000,16.45,1,16.4,8,16.45,6,1,2022-08-16 12:58:39
1660654778059123000,16.45,2,16.4,8,16.45,4,1,2022-08-16 12:59:38
1660654800511240000,16.45,1,16.4,8,16.45,6,1,2022-08-16 13:00:00
1660655058194359000,16.4,9,16.35,22,16.45,7,2,2022-08-16 13:04:18
1660655119231311000,16.4,1,16.35,23,16.45,7,2,2022-08-16 13:05:19
1660655195776244000,16.35,1,16.35,27,16.45,7,2,2022-08-16 13:06:35
1660655203454593000,16.35,27,16.3,20,16.45,7,2,2022-08-16 13:06:43
1660655212909125000,16.3,4,16.3,16,16.45,7,2,2022-08-16 13:06:52
1660655225500864000,16.3,1,16.3,15,16.45,6,2,2022-08-16 13:07:05
1660655292385572000,16.35,2,16.3,13,16.45,10,2,2022-08-16 13:08:12
1660655309110695000,16.35,2,16.25,24,16.45,10,2,2022-08-16 13:08:29
1660655309110695000,16.3,13,16.25,24,16.45,10,2,2022-08-16 13:08:29
1660655376442502000,16.3,22,16.25,24,16.4,12,2,2022-08-16 13:09:36
1660655409831162000,16.25,2,16.25,22,16.3,4,2,2022-08-16 13:10:09
1660655465616097000,16.25,2,16.25,45,16.3,8,2,2022-08-16 13:11:05
1660655472757907000,16.25,45,16.2,31,16.3,12,2,2022-08-16 13:11:12
1660655498872969000,16.2,13,16.2,17,16.3,12,2,2022-08-16 13:11:38
1660655537359872000,16.3,15,16.2,11,16.35,9,1,2022-08-16 13:12:17
1660655537359872000,16.35,3,16.2,11,16.35,9,1,2022-08-16 13:12:17
1660655567558986000,16.35,1,16.2,14,16.35,17,1,2022-08-16 13:12:47
1660655660781326000,16.35,2,16.25,4,16.35,16,1,2022-08-16 13:14:20
1660655737781056000,16.3,12,16.25,5,16.35,16,2,2022-08-16 13:15:37
1660655757193934000,16.3,5,16.3,5,16.35,11,1,2022-08-16 13:15:57
1660655762314520000,16.3,5,16.25,5,16.35,11,2,2022-08-16 13:16:02
1660655785468437000,16.3,1,16.25,5,16.3,2,1,2022-08-16 13:16:25
1660655800136178000,16.25,1,16.25,6,16.35,11,2,2022-08-16 13:16:40
1660655837457354000,16.35,2,16.3,2,16.35,9,1,2022-08-16 13:17:17
1660655864249131000,16.35,2,16.25,16,16.35,8,1,2022-08-16 13:17:44
1660655902755466000,16.35,1,16.25,16,16.35,9,1,2022-08-16 13:18:22
1660655990229990000,16.35,1,16.3,1,16.35,8,1,2022-08-16 13:19:50
1660656010081433000,16.3,3,16.25,17,16.35,6,2,2022-08-16 13:20:10
1660656013710302000,16.25,3,16.25,14,16.35,6,2,2022-08-16 13:20:13
1660656021602151000,16.25,10,16.25,5,16.3,21,2,2022-08-16 13:20:21
1660656046469917000,16.3,1,16.25,8,16.3,20,1,2022-08-16 13:20:46
1660656056789852000,16.25,8,16.2,51,16.3,20,2,2022-08-16 13:20:56
1660656056789852000,16.2,22,16.2,51,16.3,20,2,2022-08-16 13:20:56
1660656089604944000,16.25,1,16.2,52,16.3,20,1,2022-08-16 13:21:29
1660656100857974000,16.2,1,16.2,51,16.3,20,2,2022-08-16 13:21:40
1660656104189860000,16.2,15,16.2,36,16.3,20,2,2022-08-16 13:21:44
1660656114242401000,16.2,1,16.2,44,16.3,20,2,2022-08-16 13:21:54
1660656137144799000,16.25,1,16.2,36,16.3,19,2,2022-08-16 13:22:17
1660656137144799000,16.2,14,16.2,36,16.3,19,2,2022-08-16 13:22:17
1660656154587047000,16.25,1,16.2,46,16.25,4,1,2022-08-16 13:22:34
1660656192329340000,16.2,1,16.2,46,16.25,6,2,2022-08-16 13:23:12
1660656202246489000,16.25,1,16.2,46,16.25,5,1,2022-08-16 13:23:22
1660656209725209000,16.2,2,16.2,44,16.25,5,2,2022-08-16 13:23:29
1660656210520259000,16.25,4,16.2,44,16.25,1,1,2022-08-16 13:23:30
1660656223287924000,16.25,1,16.25,1,16.3,19,1,2022-08-16 13:23:43
1660656240878880000,16.25,1,16.25,1,16.3,19,2,2022-08-16 13:24:00
1660656249449149000,16.25,1,16.2,44,16.3,19,2,2022-08-16 13:24:09
1660656600000000000,16.2,118,16.2,53,16.25,5,2,2022-08-16 13:30:00
1660656600000000000,16.2,118,16.2,53,16.25,5,2,2022-08-16 13:30:00
1660656600000000000,16.2,118,16.2,53,16.25,5,2,2022-08-16 13:30:00
