ts,close,volume,bid_price,bid_volume,ask_price,ask_volume,tick_type,datetime
1654592540256440000,19.75,701,19.7,12,19.75,86,2,2022-06-07 09:02:20
1654592540308904000,19.7,12,19.65,11,19.75,91,2,2022-06-07 09:02:20
1654592540393399000,19.65,1,19.65,10,19.75,99,2,2022-06-07 09:02:20
1654592540420519000,19.65,10,19.6,32,19.75,99,2,2022-06-07 09:02:20
1654592540834704000,19.6,3,19.6,29,19.7,28,2,2022-06-07 09:02:20
1654592540953054000,19.6,10,19.6,19,19.7,35,2,2022-06-07 09:02:20
1654592540996267000,19.6,7,19.6,12,19.7,35,2,2022-06-07 09:02:20
1654592541087645000,19.6,4,19.6,8,19.7,41,2,2022-06-07 09:02:21
1654592541308463000,19.6,8,19.55,30,19.7,41,2,2022-06-07 09:02:21
1654592542073186000,19.55,1,19.55,29,19.6,10,2,2022-06-07 09:02:22
1654592543261384000,19.6,1,19.55,29,19.6,9,1,2022-06-07 09:02:23
1654592543314326000,19.6,1,19.55,29,19.6,8,1,2022-06-07 09:02:23
1654592544179719000,19.55,8,19.55,31,19.6,8,2,2022-06-07 09:02:24
1654592544525136000,19.6,8,19.6,2,19.7,44,1,2022-06-07 09:02:24
1654592545298962000,19.6,2,19.6,5,19.7,44,2,2022-06-07 09:02:25
1654592545520971000,19.6,1,19.6,14,19.7,44,2,2022-06-07 09:02:25
1654592547012865000,19.6,1,19.6,13,19.65,10,2,2022-06-07 09:02:27
1654592548079715000,19.6,10,19.6,13,19.65,10,2,2022-06-07 09:02:28
1654592548111874000,19.6,13,19.55,34,19.65,10,2,2022-06-07 09:02:28
1654592548848258000,19.65,2,19.6,1,19.65,8,1,2022-06-07 09:02:28
1654592549418460000,19.6,1,19.6,1,19.65,8,2,2022-06-07 09:02:29
1654592550207814000,19.6,14,19.6,8,19.65,8,2,2022-06-07 09:02:30
1654592550254722000,19.65,1,19.6,8,19.65,7,1,2022-06-07 09:02:30
1654592550459421000,19.6,8,19.55,23,19.65,7,2,2022-06-07 09:02:30
1654592550459421000,19.55,12,19.55,23,19.65,7,2,2022-06-07 09:02:30
1654592550781445000,19.65,3,19.6,1,19.65,4,1,2022-06-07 09:02:30
1654592552454580000,19.6,1,19.6,7,19.65,6,2,2022-06-07 09:02:32
1654592553836158000,19.6,5,19.6,9,19.65,21,2,2022-06-07 09:02:33
1654592553979116000,19.6,1,19.6,8,19.65,21,2,2022-06-07 09:02:33
1654592554197702000,19.6,2,19.6,6,19.65,21,2,2022-06-07 09:02:34
1654592554281865000,19.6,1,19.6,15,19.65,21,2,2022-06-07 09:02:34
1654592554775131000,19.6,1,19.6,15,19.65,21,2,2022-06-07 09:02:34
1654592555568584000,19.6,1,19.6,14,19.65,21,2,2022-06-07 09:02:35
1654592556053332000,19.65,2,19.6,16,19.65,22,1,2022-06-07 09:02:36
1654592556269492000,19.6,1,19.6,17,19.65,22,2,2022-06-07 09:02:36
1654592556490769000,19.65,5,19.6,17,19.65,17,1,2022-06-07 09:02:36
1654592556523412000,19.65,1,19.6,17,19.65,16,1,2022-06-07 09:02:36
1654592556833267000,19.65,2,19.6,17,19.65,14,1,2022-06-07 09:02:36
1654592557198156000,19.6,5,19.6,14,19.65,14,2,2022-06-07 09:02:37
1654592558352493000,19.6,4,19.6,12,19.65,17,2,2022-06-07 09:02:38
1654592558776725000,19.65,1,19.6,12,19.65,21,1,2022-06-07 09:02:38
1654592560352033000,19.6,1,19.6,13,19.65,22,2,2022-06-07 09:02:40
1654592561792461000,19.6,1,19.6,12,19.65,32,2,2022-06-07 09:02:41
1654592561930283000,19.65,1,19.6,12,19.65,31,1,2022-06-07 09:02:41
1654592562560307000,19.6,1,19.6,11,19.65,31,2,2022-06-07 09:02:42
1654592563408938000,19.6,1,19.6,10,19.65,31,2,2022-06-07 09:02:43
1654592563509860000,19.6,1,19.6,9,19.65,31,2,2022-06-07 09:02:43
1654592563870390000,19.6,1,19.6,9,19.65,31,2,2022-06-07 09:02:43
1654592564957026000,19.6,9,19.55,31,19.6,1,2,2022-06-07 09:02:44
1654592564987014000,19.6,1,19.55,31,19.65,31,1,2022-06-07 09:02:44
1654592567312731000,19.55,2,19.55,28,19.6,7,2,2022-06-07 09:02:47
1654592567430195000,19.6,8,19.6,2,19.65,41,1,2022-06-07 09:02:47
1654592567460825000,19.6,2,19.55,28,19.65,41,2,2022-06-07 09:02:47
1654592568630527000,19.6,1,19.6,9,19.65,41,1,2022-06-07 09:02:48
1654592570237499000,19.6,2,19.6,8,19.65,41,2,2022-06-07 09:02:50
1654592571714075000,19.6,1,19.6,8,19.65,40,2,2022-06-07 09:02:51
1654592572171721000,19.6,1,19.6,7,19.65,40,2,2022-06-07 09:02:52
1654592573439154000,19.6,3,19.6,4,19.65,40,2,2022-06-07 09:02:53
1654592574801583000,19.6,1,19.6,8,19.65,42,2,2022-06-07 09:02:54
1654592575125812000,19.6,12,19.6,4,19.65,42,2,2022-06-07 09:02:55
1654592576241308000,19.6,4,19.55,29,19.6,1,2,2022-06-07 09:02:56
1654592576490534000,19.6,1,19.55,29,19.65,43,1,2022-06-07 09:02:56
1654592577703808000,19.6,2,19.6,3,19.65,43,2,2022-06-07 09:02:57
1654592577917315000,19.6,1,19.6,2,19.65,43,2,2022-06-07 09:02:57
1654592578094923000,19.65,1,19.6,2,19.65,42,1,2022-06-07 09:02:58
1654592578749399000,19.6,1,19.6,1,19.65,42,2,2022-06-07 09:02:58
1654592579021661000,19.6,1,19.55,29,19.65,42,2,2022-06-07 09:02:59
1654592579729420000,19.55,10,19.55,19,19.65,42,2,2022-06-07 09:02:59
1654592580346487000,19.65,5,19.55,19,19.65,37,1,2022-06-07 09:03:00
1654592581625339000,19.6,2,19.55,20,19.6,1,1,2022-06-07 09:03:01
1654592582404455000,19.6,2,19.55,20,19.65,39,1,2022-06-07 09:03:02
1654592583094004000,19.55,1,19.55,19,19.65,39,2,2022-06-07 09:03:03
1654592583196194000,19.55,6,19.55,13,19.65,39,2,2022-06-07 09:03:03
1654592583907779000,19.6,1,19.55,13,19.65,41,1,2022-06-07 09:03:03
1654592584155192000,19.6,5,19.6,1,19.65,41,2,2022-06-07 09:03:04
1654592584422832000,19.6,1,19.55,13,19.6,2,2,2022-06-07 09:03:04
1654592584874689000,19.6,1,19.55,13,19.6,1,1,2022-06-07 09:03:04
1654592584956058000,19.6,1,19.6,2,19.65,43,1,2022-06-07 09:03:04
1654592585336540000,19.6,1,19.6,1,19.65,43,2,2022-06-07 09:03:05
1654592585981583000,19.6,2,19.55,18,19.65,43,2,2022-06-07 09:03:05
1654592586673056000,19.6,1,19.55,18,19.6,2,1,2022-06-07 09:03:06
1654592586680800000,19.6,1,19.55,18,19.6,1,1,2022-06-07 09:03:06
1654592587443430000,19.6,3,19.6,1,19.65,41,1,2022-06-07 09:03:07
1654592588600674000,19.6,11,19.55,19,19.6,5,2,2022-06-07 09:03:08
1654592588865371000,19.6,1,19.55,19,19.6,11,1,2022-06-07 09:03:08
1654592590752727000,19.55,1,19.55,18,19.6,14,2,2022-06-07 09:03:10
1654592590939210000,19.6,1,19.55,21,19.6,13,1,2022-06-07 09:03:10
1654592592778821000,19.6,3,19.55,23,19.6,11,1,2022-06-07 09:03:12
1654592592844363000,19.6,5,19.55,23,19.6,6,1,2022-06-07 09:03:12
1654592594483376000,19.6,2,19.55,25,19.6,7,1,2022-06-07 09:03:14
1654592594702802000,19.6,4,19.55,25,19.6,13,1,2022-06-07 09:03:14
1654592595076616000,19.6,1,19.55,25,19.6,12,1,2022-06-07 09:03:15
1654592595829809000,19.6,10,19.55,20,19.6,2,1,2022-06-07 09:03:15
1654592595928592000,19.6,2,19.55,20,19.65,37,1,2022-06-07 09:03:15
1654592596558030000,19.6,1,19.55,20,19.6,5,1,2022-06-07 09:03:16
1654592596790138000,19.55,10,19.55,10,19.6,5,2,2022-06-07 09:03:16
1654592596937357000,19.6,1,19.55,10,19.6,4,1,2022-06-07 09:03:16
1654592597270483000,19.6,2,19.55,10,19.6,2,1,2022-06-07 09:03:17
1654592598892703000,19.6,4,19.6,11,19.65,37,1,2022-06-07 09:03:18
1654592599111794000,19.6,1,19.6,10,19.65,37,2,2022-06-07 09:03:19
1654592599320351000,19.6,1,19.6,11,19.65,37,2,2022-06-07 09:03:19
1654592599702997000,19.6,4,19.6,7,19.65,37,2,2022-06-07 09:03:19
1654592600126324000,19.6,1,19.6,6,19.65,37,2,2022-06-07 09:03:20
1654592600136135000,19.6,1,19.6,5,19.65,37,2,2022-06-07 09:03:20
1654592604892399000,19.6,1,19.6,7,19.65,33,2,2022-06-07 09:03:24
1654592605047024000,19.6,1,19.6,6,19.65,33,2,2022-06-07 09:03:25
1654592605099371000,19.6,2,19.6,4,19.65,33,2,2022-06-07 09:03:25
1654592605257184000,19.6,1,19.6,3,19.65,33,2,2022-06-07 09:03:25
1654592605558852000,19.6,1,19.6,7,19.65,33,2,2022-06-07 09:03:25
1654592605664258000,19.65,1,19.6,7,19.65,32,1,2022-06-07 09:03:25
1654592605931177000,19.6,1,19.6,6,19.65,32,2,2022-06-07 09:03:25
1654592606226486000,19.6,6,19.55,12,19.6,4,2,2022-06-07 09:03:26
1654592606462078000,19.6,1,19.55,11,19.6,3,1,2022-06-07 09:03:26
1654592607784764000,19.6,2,19.55,17,19.6,3,1,2022-06-07 09:03:27
1654592610057819000,19.55,1,19.55,16,19.6,3,2,2022-06-07 09:03:30
1654592610545677000,19.6,1,19.55,16,19.6,5,1,2022-06-07 09:03:30
1654592610988291000,19.6,1,19.55,16,19.6,5,1,2022-06-07 09:03:30
1654592612197497000,19.6,1,19.55,15,19.6,6,1,2022-06-07 09:03:32
1654592612972787000,19.6,1,19.55,15,19.6,6,1,2022-06-07 09:03:32
1654592615384664000,19.6,5,19.55,17,19.6,3,1,2022-06-07 09:03:35
1654592615421434000,19.6,2,19.55,17,19.6,1,1,2022-06-07 09:03:35
1654592615927016000,19.6,1,19.55,17,19.65,47,1,2022-06-07 09:03:35
1654592616640638000,19.6,1,19.55,17,19.6,3,1,2022-06-07 09:03:36
1654592618425902000,19.6,1,19.55,17,19.6,3,1,2022-06-07 09:03:38
1654592618606377000,19.6,1,19.55,17,19.6,2,1,2022-06-07 09:03:38
1654592619256329000,19.6,2,19.55,17,19.65,49,1,2022-06-07 09:03:39
1654592622151295000,19.6,1,19.6,7,19.65,50,2,2022-06-07 09:03:42
1654592624229019000,19.6,3,19.6,6,19.65,50,2,2022-06-07 09:03:44
1654592628575852000,19.6,1,19.6,15,19.65,50,2,2022-06-07 09:03:48
1654592628762465000,19.65,2,19.6,15,19.65,48,1,2022-06-07 09:03:48
1654592630248544000,19.6,10,19.6,15,19.65,48,2,2022-06-07 09:03:50
1654592636154622000,19.6,2,19.6,18,19.65,48,2,2022-06-07 09:03:56
1654592640220446000,19.65,2,19.6,16,19.65,43,1,2022-06-07 09:04:00
1654592640892653000,19.6,2,19.6,16,19.65,43,2,2022-06-07 09:04:00
1654592642409646000,19.65,1,19.6,20,19.65,42,1,2022-06-07 09:04:02
1654592642789977000,19.6,2,19.6,18,19.65,42,2,2022-06-07 09:04:02
1654592642991551000,19.65,2,19.6,18,19.65,40,1,2022-06-07 09:04:02
1654592643189938000,19.6,4,19.6,14,19.65,40,2,2022-06-07 09:04:03
1654592645223282000,19.6,3,19.6,11,19.65,40,2,2022-06-07 09:04:05
1654592646431054000,19.6,2,19.6,20,19.65,40,2,2022-06-07 09:04:06
1654592649220986000,19.6,1,19.6,21,19.65,43,2,2022-06-07 09:04:09
1654592650024550000,19.65,1,19.6,21,19.65,42,1,2022-06-07 09:04:10
1654592653844351000,19.65,2,19.6,33,19.65,40,1,2022-06-07 09:04:13
1654592655984395000,19.65,5,19.6,33,19.65,35,1,2022-06-07 09:04:15
1654592656032507000,19.65,5,19.6,33,19.65,30,1,2022-06-07 09:04:16
1654592656282689000,19.65,1,19.6,33,19.65,29,1,2022-06-07 09:04:16
1654592658813098000,19.65,1,19.6,33,19.65,28,1,2022-06-07 09:04:18
1654592658986658000,19.6,2,19.6,32,19.65,28,2,2022-06-07 09:04:18
1654592659064759000,19.65,1,19.6,32,19.65,27,1,2022-06-07 09:04:19
1654592662121919000,19.65,1,19.6,47,19.65,26,1,2022-06-07 09:04:22
1654592662128534000,19.65,1,19.6,47,19.65,25,1,2022-06-07 09:04:22
1654592665524291000,19.65,5,19.6,51,19.65,21,1,2022-06-07 09:04:25
1654592668164353000,19.65,1,19.6,53,19.65,20,1,2022-06-07 09:04:28
1654592669340456000,19.65,1,19.6,53,19.65,18,1,2022-06-07 09:04:29
1654592670471185000,19.65,4,19.6,55,19.65,1,1,2022-06-07 09:04:30
1654592670959406000,19.65,1,19.6,55,19.65,1,1,2022-06-07 09:04:30
1654592671087954000,19.65,1,19.65,4,19.7,67,1,2022-06-07 09:04:31
1654592676309257000,19.7,1,19.65,20,19.7,66,1,2022-06-07 09:04:36
1654592677968328000,19.7,3,19.65,33,19.7,63,1,2022-06-07 09:04:37
1654592679514242000,19.7,10,19.65,33,19.7,53,1,2022-06-07 09:04:39
1654592680047232000,19.7,5,19.65,33,19.7,48,1,2022-06-07 09:04:40
1654592680552306000,19.7,3,19.65,33,19.7,45,1,2022-06-07 09:04:40
1654592680588943000,19.7,5,19.65,33,19.7,40,1,2022-06-07 09:04:40
1654592680880514000,19.7,5,19.65,33,19.7,35,1,2022-06-07 09:04:40
1654592681191148000,19.7,2,19.65,33,19.7,33,1,2022-06-07 09:04:41
1654592681274104000,19.7,5,19.65,33,19.7,28,1,2022-06-07 09:04:41
1654592681298094000,19.7,1,19.65,33,19.7,27,1,2022-06-07 09:04:41
1654592681687558000,19.7,1,19.65,33,19.7,26,1,2022-06-07 09:04:41
1654592681807132000,19.7,1,19.65,33,19.7,25,1,2022-06-07 09:04:41
1654592682190922000,19.7,5,19.65,34,19.7,20,1,2022-06-07 09:04:42
1654592682315807000,19.65,1,19.65,33,19.7,20,2,2022-06-07 09:04:42
1654592682512138000,19.7,1,19.65,33,19.7,19,1,2022-06-07 09:04:42
1654592682525313000,19.7,10,19.65,33,19.7,9,1,2022-06-07 09:04:42
1654592682699884000,19.7,9,19.7,11,19.75,88,1,2022-06-07 09:04:42
1654592685715722000,19.75,5,19.7,16,19.75,83,1,2022-06-07 09:04:45
1654592686619629000,19.7,1,19.7,17,19.75,83,2,2022-06-07 09:04:46
1654592686700515000,19.75,2,19.7,17,19.75,81,1,2022-06-07 09:04:46
1654592687751811000,19.75,5,19.7,18,19.75,75,1,2022-06-07 09:04:47
1654592688701479000,19.75,1,19.7,18,19.75,74,1,2022-06-07 09:04:48
1654592688995728000,19.75,1,19.7,18,19.75,73,1,2022-06-07 09:04:48
1654592689107482000,19.75,30,19.7,18,19.75,43,1,2022-06-07 09:04:49
1654592689133298000,19.75,43,19.7,18,19.8,149,1,2022-06-07 09:04:49
1654592689990613000,19.75,1,19.75,20,19.8,149,1,2022-06-07 09:04:49
1654592690008288000,19.8,10,19.75,22,19.8,139,1,2022-06-07 09:04:50
1654592690266208000,19.75,1,19.75,21,19.8,139,2,2022-06-07 09:04:50
1654592692533326000,19.8,1,19.75,26,19.8,138,1,2022-06-07 09:04:52
1654592693341207000,19.8,2,19.75,27,19.8,136,1,2022-06-07 09:04:53
1654592693706589000,19.8,2,19.75,27,19.8,135,1,2022-06-07 09:04:53
1654592694297081000,19.8,1,19.75,28,19.8,134,1,2022-06-07 09:04:54
1654592695693522000,19.8,1,19.75,28,19.8,133,1,2022-06-07 09:04:55
1654592695998016000,19.8,3,19.75,29,19.8,130,1,2022-06-07 09:04:55
1654592696018762000,19.8,1,19.75,29,19.8,129,1,2022-06-07 09:04:56
1654592696026637000,19.8,30,19.75,29,19.8,99,1,2022-06-07 09:04:56
1654592696053672000,19.75,1,19.75,28,19.8,99,2,2022-06-07 09:04:56
1654592696076459000,19.8,1,19.75,27,19.8,98,1,2022-06-07 09:04:56
1654592696244173000,19.8,5,19.75,27,19.8,93,1,2022-06-07 09:04:56
1654592696247284000,19.75,1,19.75,26,19.8,93,2,2022-06-07 09:04:56
1654592696436268000,19.75,1,19.75,25,19.8,93,2,2022-06-07 09:04:56
1654592696613016000,19.75,1,19.75,24,19.8,93,2,2022-06-07 09:04:56
1654592696818206000,19.75,1,19.75,23,19.8,93,2,2022-06-07 09:04:56
1654592697043823000,19.75,1,19.75,22,19.8,93,2,2022-06-07 09:04:57
1654592697166307000,19.8,3,19.75,19,19.8,90,1,2022-06-07 09:04:57
1654592697232651000,19.75,1,19.75,18,19.8,90,2,2022-06-07 09:04:57
1654592697487576000,19.75,1,19.75,18,19.8,90,2,2022-06-07 09:04:57
1654592697722300000,19.75,1,19.75,17,19.8,91,2,2022-06-07 09:04:57
1654592697755937000,19.8,1,19.75,17,19.8,90,1,2022-06-07 09:04:57
1654592697962467000,19.75,1,19.75,17,19.8,90,2,2022-06-07 09:04:57
1654592698477722000,19.75,1,19.75,16,19.8,90,2,2022-06-07 09:04:58
1654592698638158000,19.8,10,19.75,16,19.8,80,1,2022-06-07 09:04:58
1654592698860311000,19.75,1,19.75,15,19.8,80,2,2022-06-07 09:04:58
1654592699085621000,19.75,1,19.75,14,19.8,80,2,2022-06-07 09:04:59
1654592699291910000,19.75,1,19.75,15,19.8,80,2,2022-06-07 09:04:59
1654592699365457000,19.8,1,19.75,15,19.8,80,1,2022-06-07 09:04:59
1654592699514935000,19.75,1,19.75,14,19.8,80,2,2022-06-07 09:04:59
1654592699741597000,19.75,1,19.75,19,19.8,80,2,2022-06-07 09:04:59
1654592699977817000,19.75,1,19.75,18,19.8,80,2,2022-06-07 09:04:59
1654592700265825000,19.75,1,19.75,17,19.8,80,2,2022-06-07 09:05:00
1654592700505612000,19.75,1,19.75,16,19.8,80,2,2022-06-07 09:05:00
1654592700856909000,19.75,1,19.75,16,19.8,80,2,2022-06-07 09:05:00
1654592701138632000,19.75,1,19.75,15,19.8,80,2,2022-06-07 09:05:01
1654592701272619000,19.8,10,19.75,15,19.8,70,1,2022-06-07 09:05:01
1654592701431564000,19.75,1,19.75,14,19.8,70,2,2022-06-07 09:05:01
1654592702309036000,19.75,1,19.75,14,19.8,70,2,2022-06-07 09:05:02
1654592702503244000,19.8,1,19.75,14,19.8,69,1,2022-06-07 09:05:02
1654592702542701000,19.75,1,19.75,13,19.8,69,2,2022-06-07 09:05:02
1654592702732942000,19.75,3,19.75,12,19.8,69,2,2022-06-07 09:05:02
1654592702736762000,19.75,1,19.75,11,19.8,69,2,2022-06-07 09:05:02
1654592702772184000,19.75,1,19.75,10,19.8,69,2,2022-06-07 09:05:02
1654592702980303000,19.75,1,19.75,9,19.8,69,2,2022-06-07 09:05:02
1654592703236941000,19.75,1,19.75,8,19.8,69,2,2022-06-07 09:05:03
1654592703311875000,19.75,1,19.75,8,19.8,69,2,2022-06-07 09:05:03
1654592703461734000,19.75,1,19.75,7,19.8,68,2,2022-06-07 09:05:03
1654592703569970000,19.8,1,19.75,7,19.8,67,1,2022-06-07 09:05:03
1654592703971726000,19.75,1,19.75,8,19.8,67,2,2022-06-07 09:05:03
1654592704490329000,19.75,9,19.7,11,19.75,11,2,2022-06-07 09:05:04
1654592704768581000,19.7,4,19.7,7,19.75,11,2,2022-06-07 09:05:04
1654592705307698000,19.75,2,19.7,7,19.75,9,1,2022-06-07 09:05:05
1654592705435442000,19.7,7,19.65,24,19.75,19,2,2022-06-07 09:05:05
1654592706003203000,19.75,2,19.65,24,19.75,17,1,2022-06-07 09:05:06
1654592706396012000,19.75,1,19.65,26,19.75,16,1,2022-06-07 09:05:06
1654592706947440000,19.75,15,19.65,26,19.75,1,1,2022-06-07 09:05:06
1654592706981652000,19.75,1,19.65,26,19.8,57,1,2022-06-07 09:05:06
1654592707576509000,19.75,1,19.65,26,19.75,1,2,2022-06-07 09:05:07
1654592707662610000,19.75,1,19.75,4,19.8,57,1,2022-06-07 09:05:07
1654592709972145000,19.75,4,19.7,1,19.75,1,2,2022-06-07 09:05:09
1654592710043514000,19.75,1,19.7,1,19.8,57,1,2022-06-07 09:05:10
1654592710288537000,19.8,4,19.7,1,19.8,53,1,2022-06-07 09:05:10
1654592710741500000,19.75,1,19.7,3,19.8,52,1,2022-06-07 09:05:10
1654592711091546000,19.75,1,19.7,3,19.75,11,1,2022-06-07 09:05:11
1654592712030957000,19.75,1,19.7,4,19.75,10,1,2022-06-07 09:05:12
1654592712529088000,19.75,1,19.7,4,19.75,9,1,2022-06-07 09:05:12
1654592712720184000,19.75,1,19.7,4,19.75,9,1,2022-06-07 09:05:12
1654592713667922000,19.75,1,19.7,4,19.75,8,1,2022-06-07 09:05:13
1654592714243407000,19.75,1,19.7,4,19.75,11,1,2022-06-07 09:05:14
1654592714474376000,19.75,5,19.7,4,19.75,6,1,2022-06-07 09:05:14
1654592715093079000,19.75,2,19.7,4,19.75,4,1,2022-06-07 09:05:15
1654592715113769000,19.75,2,19.7,4,19.75,2,1,2022-06-07 09:05:15
1654592715537015000,19.75,1,19.7,4,19.75,1,1,2022-06-07 09:05:15
1654592716457328000,19.75,1,19.7,5,19.8,57,1,2022-06-07 09:05:16
1654592718172838000,19.75,1,19.7,7,19.75,20,1,2022-06-07 09:05:18
1654592718739536000,19.75,2,19.7,8,19.75,19,1,2022-06-07 09:05:18
1654592719420464000,19.75,1,19.7,8,19.75,18,1,2022-06-07 09:05:19
1654592719515042000,19.75,4,19.7,8,19.75,14,1,2022-06-07 09:05:19
1654592719523891000,19.75,2,19.7,8,19.75,12,1,2022-06-07 09:05:19
1654592719863068000,19.75,2,19.7,8,19.75,15,1,2022-06-07 09:05:19
1654592720438181000,19.75,1,19.7,8,19.75,17,1,2022-06-07 09:05:20
1654592720449451000,19.75,1,19.7,8,19.75,16,1,2022-06-07 09:05:20
1654592721719423000,19.75,1,19.7,12,19.75,15,1,2022-06-07 09:05:21
1654592723041210000,19.75,3,19.7,12,19.75,13,1,2022-06-07 09:05:23
1654592723826613000,19.75,5,19.7,12,19.75,8,1,2022-06-07 09:05:23
1654592727751739000,19.7,1,19.7,11,19.75,12,2,2022-06-07 09:05:27
1654592728807111000,19.75,3,19.7,11,19.75,11,1,2022-06-07 09:05:28
1654592729881725000,19.75,1,19.7,12,19.75,10,1,2022-06-07 09:05:29
1654592729982808000,19.75,2,19.7,12,19.75,8,1,2022-06-07 09:05:29
1654592733379413000,19.75,8,19.7,22,19.8,55,1,2022-06-07 09:05:33
1654592733379413000,19.8,2,19.7,22,19.8,55,1,2022-06-07 09:05:33
1654592733608230000,19.7,1,19.7,21,19.8,55,2,2022-06-07 09:05:33
1654592737472344000,19.75,1,19.75,1,19.8,55,2,2022-06-07 09:05:37
1654592737664034000,19.75,1,19.7,33,19.8,55,2,2022-06-07 09:05:37
1654592737871901000,19.75,1,19.75,2,19.8,55,1,2022-06-07 09:05:37
1654592738033964000,19.75,1,19.75,1,19.8,55,2,2022-06-07 09:05:38
1654592738207638000,19.75,1,19.7,32,19.8,55,2,2022-06-07 09:05:38
1654592738531777000,19.75,1,19.7,33,19.8,55,1,2022-06-07 09:05:38
1654592739822341000,19.75,1,19.7,33,19.8,55,1,2022-06-07 09:05:39
1654592741062387000,19.8,4,19.7,35,19.8,51,1,2022-06-07 09:05:41
1654592741578201000,19.8,5,19.7,35,19.8,46,1,2022-06-07 09:05:41
1654592746431988000,19.8,1,19.7,38,19.8,42,1,2022-06-07 09:05:46
1654592748838922000,19.75,2,19.7,38,19.8,42,1,2022-06-07 09:05:48
1654592749594795000,19.8,3,19.7,38,19.8,39,1,2022-06-07 09:05:49
1654592752381762000,19.75,2,19.75,2,19.8,40,2,2022-06-07 09:05:52
1654592752776626000,19.8,1,19.75,3,19.8,39,1,2022-06-07 09:05:52
1654592753696491000,19.75,1,19.75,2,19.8,39,2,2022-06-07 09:05:53
1654592753861007000,19.75,2,19.7,37,19.8,39,2,2022-06-07 09:05:53
1654592753861007000,19.7,3,19.7,37,19.8,39,2,2022-06-07 09:05:53
1654592754487387000,19.8,1,19.7,37,19.8,38,1,2022-06-07 09:05:54
1654592756624612000,19.8,10,19.75,3,19.8,28,1,2022-06-07 09:05:56
1654592757495356000,19.8,2,19.75,3,19.8,26,1,2022-06-07 09:05:57
1654592757922784000,19.75,1,19.75,2,19.8,26,2,2022-06-07 09:05:57
1654592760187525000,19.8,1,19.75,3,19.8,31,1,2022-06-07 09:06:00
1654592762293046000,19.8,10,19.75,18,19.8,21,1,2022-06-07 09:06:02
1654592764349637000,19.75,5,19.75,15,19.8,31,2,2022-06-07 09:06:04
1654592765733514000,19.8,8,19.75,17,19.8,24,1,2022-06-07 09:06:05
1654592768322530000,19.75,10,19.75,8,19.8,24,2,2022-06-07 09:06:08
1654592773382383000,19.75,10,19.7,39,19.75,10,2,2022-06-07 09:06:13
1654592773552999000,19.75,2,19.7,39,19.75,8,1,2022-06-07 09:06:13
1654592778319986000,19.7,1,19.7,38,19.75,34,2,2022-06-07 09:06:18
1654592778339360000,19.7,38,19.65,145,19.75,34,2,2022-06-07 09:06:18
1654592786475791000,19.7,1,19.65,165,19.7,11,1,2022-06-07 09:06:26
1654592786522605000,19.7,1,19.65,165,19.7,10,1,2022-06-07 09:06:26
1654592787939567000,19.7,10,19.65,165,19.8,42,1,2022-06-07 09:06:27
1654592787939567000,19.75,38,19.65,165,19.8,42,1,2022-06-07 09:06:27
1654592787939567000,19.8,2,19.65,165,19.8,42,1,2022-06-07 09:06:27
1654592790614741000,19.7,1,19.65,167,19.8,42,1,2022-06-07 09:06:30
1654592791186663000,19.7,6,19.65,168,19.7,4,2,2022-06-07 09:06:31
1654592791201765000,19.7,4,19.7,1,19.8,42,1,2022-06-07 09:06:31
1654592791615369000,19.8,1,19.7,1,19.8,41,1,2022-06-07 09:06:31
1654592794168668000,19.7,1,19.7,5,19.75,6,2,2022-06-07 09:06:34
1654592796349461000,19.7,1,19.7,9,19.75,6,2,2022-06-07 09:06:36
1654592798177028000,19.7,1,19.7,8,19.75,6,2,2022-06-07 09:06:38
1654592800341425000,19.7,1,19.7,13,19.75,6,2,2022-06-07 09:06:40
1654592806129139000,19.75,1,19.7,18,19.75,8,1,2022-06-07 09:06:46
1654592807995273000,19.7,1,19.7,17,19.75,8,2,2022-06-07 09:06:47
1654592809136423000,19.75,1,19.7,17,19.75,8,1,2022-06-07 09:06:49
1654592810063402000,19.7,1,19.7,16,19.75,8,2,2022-06-07 09:06:50
1654592814325504000,19.75,1,19.7,27,19.75,7,1,2022-06-07 09:06:54
1654592814564849000,19.7,2,19.7,25,19.75,7,2,2022-06-07 09:06:54
1654592815386409000,19.75,3,19.7,23,19.75,4,1,2022-06-07 09:06:55
1654592833174186000,19.75,5,19.7,22,19.75,28,1,2022-06-07 09:07:13
1654592835539882000,19.75,2,19.7,23,19.75,28,1,2022-06-07 09:07:15
1654592837016470000,19.75,1,19.7,23,19.75,27,1,2022-06-07 09:07:17
1654592845883332000,19.7,3,19.7,23,19.75,29,2,2022-06-07 09:07:25
1654592848999262000,19.7,1,19.7,23,19.75,30,2,2022-06-07 09:07:28
1654592850606635000,19.7,1,19.7,22,19.75,30,2,2022-06-07 09:07:30
1654592852217188000,19.7,10,19.7,12,19.75,30,2,2022-06-07 09:07:32
1654592853783374000,19.7,2,19.7,10,19.75,30,2,2022-06-07 09:07:33
1654592854237498000,19.75,1,19.7,10,19.75,29,1,2022-06-07 09:07:34
1654592854987415000,19.7,2,19.7,9,19.75,29,2,2022-06-07 09:07:34
1654592855108656000,19.7,1,19.7,8,19.75,29,2,2022-06-07 09:07:35
1654592855552568000,19.7,2,19.7,6,19.75,29,2,2022-06-07 09:07:35
1654592861026641000,19.7,1,19.7,6,19.75,29,2,2022-06-07 09:07:41
1654592862866585000,19.7,2,19.7,10,19.75,40,2,2022-06-07 09:07:42
1654592864916813000,19.7,1,19.7,9,19.75,40,2,2022-06-07 09:07:44
1654592864961050000,19.7,1,19.7,8,19.75,40,2,2022-06-07 09:07:44
1654592865592857000,19.7,1,19.7,7,19.75,40,2,2022-06-07 09:07:45
1654592866910411000,19.7,7,19.7,1,19.75,40,2,2022-06-07 09:07:46
1654592867765402000,19.7,1,19.65,166,19.7,9,2,2022-06-07 09:07:47
1654592875415567000,19.7,1,19.65,164,19.7,25,1,2022-06-07 09:07:55
1654592880686338000,19.65,30,19.65,133,19.7,47,2,2022-06-07 09:08:00
1654592880722868000,19.65,4,19.6,40,19.65,16,2,2022-06-07 09:08:00
1654592881602257000,19.6,10,19.6,30,19.65,26,2,2022-06-07 09:08:01
1654592885753053000,19.6,2,19.6,28,19.65,36,2,2022-06-07 09:08:05
1654592886428409000,19.6,3,19.6,25,19.65,36,2,2022-06-07 09:08:06
1654592886821117000,19.6,1,19.6,24,19.65,36,2,2022-06-07 09:08:06
1654592887273637000,19.6,1,19.6,23,19.65,36,2,2022-06-07 09:08:07
1654592887515391000,19.6,2,19.6,21,19.65,36,2,2022-06-07 09:08:07
1654592888464108000,19.6,1,19.6,20,19.65,36,2,2022-06-07 09:08:08
1654592888589169000,19.6,3,19.6,17,19.65,36,2,2022-06-07 09:08:08
1654592888716971000,19.6,1,19.6,16,19.65,36,2,2022-06-07 09:08:08
1654592889676606000,19.6,10,19.6,5,19.65,36,2,2022-06-07 09:08:09
1654592889695898000,19.6,1,19.6,4,19.65,36,2,2022-06-07 09:08:09
1654592890130822000,19.6,4,19.55,27,19.6,6,2,2022-06-07 09:08:10
1654592890401469000,19.55,4,19.55,23,19.6,6,2,2022-06-07 09:08:10
1654592890423080000,19.55,1,19.55,22,19.6,6,2,2022-06-07 09:08:10
1654592890790204000,19.55,22,19.5,25,19.6,7,2,2022-06-07 09:08:10
1654592890790204000,19.5,29,19.5,25,19.6,7,2,2022-06-07 09:08:10
1654592890807258000,19.5,2,19.5,23,19.6,7,2,2022-06-07 09:08:10
1654592891439792000,19.6,2,19.5,23,19.6,5,1,2022-06-07 09:08:11
1654592891527192000,19.5,23,19.45,36,19.6,5,2,2022-06-07 09:08:11
1654592891527192000,19.45,2,19.45,36,19.6,5,2,2022-06-07 09:08:11
1654592891530022000,19.45,5,19.45,31,19.6,5,2,2022-06-07 09:08:11
1654592893345843000,19.45,1,19.45,30,19.55,1,2,2022-06-07 09:08:13
1654592893374593000,19.45,1,19.45,29,19.55,1,2,2022-06-07 09:08:13
1654592893463377000,19.45,29,19.4,27,19.45,21,2,2022-06-07 09:08:13
1654592893488913000,19.4,10,19.4,17,19.45,21,2,2022-06-07 09:08:13
1654592896906688000,19.4,10,19.4,9,19.45,21,2,2022-06-07 09:08:16
1654592897618579000,19.4,10,19.35,30,19.45,21,2,2022-06-07 09:08:17
1654592899362321000,19.4,2,19.35,30,19.45,21,2,2022-06-07 09:08:19
1654592899461722000,19.4,1,19.4,2,19.45,21,1,2022-06-07 09:08:19
1654592899646087000,19.4,1,19.4,1,19.45,21,2,2022-06-07 09:08:19
1654592899666182000,19.45,21,19.4,1,19.6,1,1,2022-06-07 09:08:19
1654592899666182000,19.55,1,19.4,1,19.6,1,1,2022-06-07 09:08:19
1654592899666182000,19.6,18,19.4,1,19.6,1,1,2022-06-07 09:08:19
1654592900423002000,19.4,1,19.35,30,19.4,2,2,2022-06-07 09:08:20
1654592900440825000,19.4,2,19.35,30,19.6,2,1,2022-06-07 09:08:20
1654592901162733000,19.4,1,19.35,30,19.4,1,2,2022-06-07 09:08:21
1654592901181989000,19.4,1,19.35,30,19.6,2,1,2022-06-07 09:08:21
1654592901457048000,19.4,1,19.35,29,19.6,2,2,2022-06-07 09:08:21
1654592901457048000,19.35,1,19.35,29,19.6,2,2,2022-06-07 09:08:21
1654592902058262000,19.5,1,19.5,1,19.55,2,2,2022-06-07 09:08:22
1654592903502361000,19.55,2,19.5,1,19.65,14,1,2022-06-07 09:08:23
1654592903502361000,19.6,3,19.5,1,19.65,14,1,2022-06-07 09:08:23
1654592903502361000,19.65,5,19.5,1,19.65,14,1,2022-06-07 09:08:23
1654592904166743000,19.55,1,19.5,1,19.65,14,2,2022-06-07 09:08:24
1654592907771078000,19.6,2,19.5,2,19.6,1,1,2022-06-07 09:08:27
1654592909142425000,19.55,1,19.45,7,19.6,4,2,2022-06-07 09:08:29
1654592909142425000,19.5,2,19.45,7,19.6,4,2,2022-06-07 09:08:29
1654592912662048000,19.55,1,19.55,4,19.6,10,2,2022-06-07 09:08:32
1654592912878504000,19.55,4,19.5,21,19.6,10,2,2022-06-07 09:08:32
1654592913723708000,19.5,1,19.5,21,19.6,11,2,2022-06-07 09:08:33
1654592915756983000,19.5,1,19.5,22,19.55,4,2,2022-06-07 09:08:35
1654592916406068000,19.5,4,19.5,19,19.55,4,2,2022-06-07 09:08:36
1654592916907096000,19.5,3,19.5,16,19.55,4,2,2022-06-07 09:08:36
1654592917697459000,19.55,4,19.55,1,19.6,11,1,2022-06-07 09:08:37
1654592919810768000,19.55,3,19.55,3,19.6,11,2,2022-06-07 09:08:39
1654592920116365000,19.55,1,19.55,2,19.6,11,2,2022-06-07 09:08:40
1654592920585477000,19.6,1,19.55,2,19.6,10,1,2022-06-07 09:08:40
1654592921144270000,19.55,2,19.5,24,19.6,10,2,2022-06-07 09:08:41
1654592921144270000,19.5,3,19.5,24,19.6,10,2,2022-06-07 09:08:41
1654592923950599000,19.55,5,19.55,3,19.6,20,2,2022-06-07 09:08:43
1654592925737007000,19.55,2,19.55,1,19.6,21,2,2022-06-07 09:08:45
1654592926129871000,19.55,1,19.5,28,19.55,2,2,2022-06-07 09:08:46
1654592926357547000,19.5,1,19.5,27,19.55,2,2,2022-06-07 09:08:46
1654592927023515000,19.55,1,19.5,32,19.55,1,1,2022-06-07 09:08:47
1654592927451883000,19.55,1,19.55,4,19.6,22,1,2022-06-07 09:08:47
1654592927458905000,19.55,1,19.55,3,19.6,22,2,2022-06-07 09:08:47
1654592928473710000,19.55,3,19.5,37,19.55,1,2,2022-06-07 09:08:48
1654592931580240000,19.55,5,19.5,38,19.55,7,1,2022-06-07 09:08:51
1654592933194753000,19.55,2,19.5,38,19.55,8,1,2022-06-07 09:08:53
1654592934170886000,19.5,1,19.5,36,19.55,8,2,2022-06-07 09:08:54
1654592936533915000,19.5,1,19.5,35,19.55,22,2,2022-06-07 09:08:56
1654592938148896000,19.5,1,19.5,39,19.55,22,2,2022-06-07 09:08:58
1654592938456695000,19.5,2,19.5,37,19.55,22,2,2022-06-07 09:08:58
1654592939087126000,19.55,4,19.5,38,19.55,18,1,2022-06-07 09:08:59
1654592939650362000,19.5,1,19.5,37,19.55,18,2,2022-06-07 09:08:59
1654592940696275000,19.5,1,19.5,34,19.55,18,2,2022-06-07 09:09:00
1654592942915942000,19.5,1,19.5,33,19.55,19,2,2022-06-07 09:09:02
1654592943568925000,19.5,1,19.5,32,19.55,18,2,2022-06-07 09:09:03
1654592945200554000,19.5,1,19.5,31,19.55,18,2,2022-06-07 09:09:05
1654592945538433000,19.5,1,19.5,30,19.55,18,2,2022-06-07 09:09:05
1654592948599264000,19.5,1,19.5,29,19.55,24,2,2022-06-07 09:09:08
1654592948745852000,19.5,1,19.5,28,19.55,24,2,2022-06-07 09:09:08
1654592948786257000,19.55,1,19.5,28,19.55,23,1,2022-06-07 09:09:08
1654592958854641000,19.55,1,19.5,28,19.55,31,1,2022-06-07 09:09:18
1654592959715124000,19.5,20,19.5,8,19.55,31,2,2022-06-07 09:09:19
1654592960952418000,19.5,1,19.5,7,19.55,31,2,2022-06-07 09:09:20
1654592961106835000,19.5,3,19.5,4,19.55,31,2,2022-06-07 09:09:21
1654592961766368000,19.5,4,19.4,26,19.55,32,2,2022-06-07 09:09:21
1654592961766368000,19.45,26,19.4,26,19.55,32,2,2022-06-07 09:09:21
1654592961815631000,19.4,5,19.4,21,19.55,32,2,2022-06-07 09:09:21
1654592961868023000,19.4,5,19.4,16,19.55,32,2,2022-06-07 09:09:21
1654592966076800000,19.5,1,19.4,19,19.5,6,1,2022-06-07 09:09:26
1654592973901166000,19.5,2,19.45,6,19.5,25,1,2022-06-07 09:09:33
1654592976549819000,19.5,2,19.45,8,19.5,33,1,2022-06-07 09:09:36
1654592978915168000,19.45,1,19.45,7,19.5,33,2,2022-06-07 09:09:38
1654592980137745000,19.45,3,19.45,4,19.5,39,2,2022-06-07 09:09:40
1654592980743989000,19.45,5,19.4,27,19.45,3,2,2022-06-07 09:09:40
1654592980778649000,19.45,3,19.4,27,19.5,39,1,2022-06-07 09:09:40
1654592985102621000,19.45,3,19.45,7,19.5,37,2,2022-06-07 09:09:45
1654592985159823000,19.45,5,19.45,2,19.5,37,2,2022-06-07 09:09:45
1654592986587669000,19.45,1,19.45,2,19.5,37,2,2022-06-07 09:09:46
1654592987909382000,19.45,2,19.4,24,19.5,37,2,2022-06-07 09:09:47
1654592988738412000,19.4,1,19.4,23,19.5,37,2,2022-06-07 09:09:48
1654592991441892000,19.45,5,19.4,23,19.5,32,1,2022-06-07 09:09:51
1654592994562321000,19.45,1,19.4,22,19.45,4,2,2022-06-07 09:09:54
1654592994598190000,19.45,4,19.4,22,19.5,31,1,2022-06-07 09:09:54
1654592995251567000,19.45,1,19.4,22,19.5,31,2,2022-06-07 09:09:55
1654592997109348000,19.5,2,19.45,2,19.5,29,1,2022-06-07 09:09:57
1654592998917014000,19.45,2,19.4,23,19.45,3,2,2022-06-07 09:09:58
1654592999072479000,19.45,2,19.4,23,19.45,1,1,2022-06-07 09:09:59
1654592999108595000,19.45,1,19.4,23,19.5,29,1,2022-06-07 09:09:59
1654592999688316000,19.45,1,19.4,23,19.5,29,1,2022-06-07 09:09:59
1654593001515012000,19.45,1,19.4,23,19.45,1,2,2022-06-07 09:10:01
1654593001813334000,19.45,1,19.4,23,19.5,28,1,2022-06-07 09:10:01
1654593001813334000,19.5,1,19.4,23,19.5,28,1,2022-06-07 09:10:01
1654593002043089000,19.4,2,19.4,21,19.5,28,2,2022-06-07 09:10:02
1654593005959931000,19.4,10,19.4,12,19.45,1,2,2022-06-07 09:10:05
1654593006233067000,19.4,1,19.4,12,19.45,1,2,2022-06-07 09:10:06
1654593007585382000,19.4,5,19.4,7,19.45,1,2,2022-06-07 09:10:07
1654593007900237000,19.4,1,19.4,6,19.45,3,2,2022-06-07 09:10:07
1654593008659146000,19.45,1,19.4,6,19.45,4,1,2022-06-07 09:10:08
1654593010132873000,19.4,1,19.4,5,19.45,4,2,2022-06-07 09:10:10
1654593010821234000,19.4,2,19.4,5,19.45,4,2,2022-06-07 09:10:10
1654593011168190000,19.4,1,19.4,4,19.45,5,2,2022-06-07 09:10:11
1654593011893690000,19.4,6,19.35,38,19.4,4,2,2022-06-07 09:10:11
1654593013581137000,19.35,1,19.35,37,19.4,4,2,2022-06-07 09:10:13
1654593013741111000,19.35,1,19.35,36,19.4,4,2,2022-06-07 09:10:13
1654593014236890000,19.4,1,19.35,36,19.4,3,1,2022-06-07 09:10:14
1654593015055585000,19.4,1,19.35,36,19.4,2,1,2022-06-07 09:10:15
1654593015787238000,19.4,1,19.35,36,19.4,1,1,2022-06-07 09:10:15
1654593015821659000,19.4,1,19.35,36,19.45,7,1,2022-06-07 09:10:15
1654593017211486000,19.4,1,19.35,36,19.45,7,2,2022-06-07 09:10:17
1654593017922177000,19.35,1,19.35,35,19.45,7,2,2022-06-07 09:10:17
1654593018348160000,19.4,3,19.4,1,19.45,7,2,2022-06-07 09:10:18
1654593020278047000,19.4,1,19.35,35,19.45,8,2,2022-06-07 09:10:20
1654593022992128000,19.45,1,19.4,7,19.45,7,1,2022-06-07 09:10:22
1654593023091150000,19.4,1,19.4,9,19.45,7,2,2022-06-07 09:10:23
1654593023682218000,19.4,12,19.35,16,19.45,7,2,2022-06-07 09:10:23
1654593023682218000,19.35,18,19.35,16,19.45,7,2,2022-06-07 09:10:23
1654593023970941000,19.35,2,19.35,14,19.4,1,2,2022-06-07 09:10:23
1654593028971858000,19.35,1,19.35,13,19.4,4,2,2022-06-07 09:10:28
1654593029099578000,19.35,1,19.35,12,19.4,4,2,2022-06-07 09:10:29
1654593029127252000,19.4,2,19.35,12,19.4,2,1,2022-06-07 09:10:29
1654593029857683000,19.35,2,19.35,10,19.4,4,2,2022-06-07 09:10:29
1654593033836912000,19.35,2,19.35,16,19.4,19,2,2022-06-07 09:10:33
1654593036838323000,19.4,1,19.35,16,19.4,35,1,2022-06-07 09:10:36
1654593036878223000,19.35,1,19.35,15,19.4,35,2,2022-06-07 09:10:36
1654593038061316000,19.35,3,19.35,14,19.4,36,2,2022-06-07 09:10:38
1654593039230031000,19.35,1,19.35,13,19.4,36,2,2022-06-07 09:10:39
1654593039233999000,19.35,3,19.35,10,19.4,36,2,2022-06-07 09:10:39
1654593039315653000,19.35,1,19.35,9,19.4,36,2,2022-06-07 09:10:39
1654593039835024000,19.35,2,19.35,7,19.4,37,2,2022-06-07 09:10:39
1654593040116966000,19.4,3,19.35,7,19.4,34,1,2022-06-07 09:10:40
1654593040293042000,19.35,1,19.35,6,19.4,34,2,2022-06-07 09:10:40
1654593040792629000,19.35,2,19.35,4,19.4,34,2,2022-06-07 09:10:40
1654593041333699000,19.35,4,19.3,20,19.4,34,2,2022-06-07 09:10:41
1654593041333699000,19.3,6,19.3,20,19.4,34,2,2022-06-07 09:10:41
1654593041386125000,19.3,5,19.3,15,19.4,34,2,2022-06-07 09:10:41
1654593041397910000,19.3,2,19.3,13,19.4,34,2,2022-06-07 09:10:41
1654593042551302000,19.3,1,19.3,12,19.35,2,2,2022-06-07 09:10:42
1654593042755831000,19.35,1,19.3,12,19.35,1,1,2022-06-07 09:10:42
1654593043074950000,19.35,1,19.3,12,19.4,34,1,2022-06-07 09:10:43
1654593043733409000,19.3,2,19.3,10,19.4,34,2,2022-06-07 09:10:43
1654593045799961000,19.3,5,19.3,6,19.35,10,2,2022-06-07 09:10:45
1654593045901258000,19.3,1,19.3,5,19.35,10,2,2022-06-07 09:10:45
1654593046030379000,19.3,4,19.3,1,19.35,10,2,2022-06-07 09:10:46
1654593046364463000,19.3,1,19.25,51,19.35,11,2,2022-06-07 09:10:46
1654593048095977000,19.3,1,19.25,49,19.35,11,2,2022-06-07 09:10:48
1654593048095977000,19.25,1,19.25,49,19.35,11,2,2022-06-07 09:10:48
1654593049855883000,19.35,1,19.3,5,19.35,11,1,2022-06-07 09:10:49
1654593050310181000,19.3,1,19.3,24,19.35,11,2,2022-06-07 09:10:50
1654593050863363000,19.3,1,19.3,23,19.35,11,2,2022-06-07 09:10:50
1654593053728489000,19.3,1,19.3,23,19.35,11,2,2022-06-07 09:10:53
1654593053880049000,19.3,6,19.3,17,19.35,11,2,2022-06-07 09:10:53
1654593053908812000,19.35,1,19.3,17,19.35,10,1,2022-06-07 09:10:53
1654593053936115000,19.3,1,19.3,16,19.35,10,2,2022-06-07 09:10:53
1654593054219229000,19.35,1,19.3,16,19.35,9,1,2022-06-07 09:10:54
1654593054661273000,19.35,4,19.3,16,19.35,6,1,2022-06-07 09:10:54
1654593055136663000,19.3,5,19.3,11,19.35,6,2,2022-06-07 09:10:55
1654593055649226000,19.35,1,19.3,14,19.35,5,1,2022-06-07 09:10:55
1654593055701607000,19.3,5,19.3,9,19.35,5,2,2022-06-07 09:10:55
1654593058591460000,19.3,4,19.3,11,19.35,5,2,2022-06-07 09:10:58
1654593062395695000,19.3,2,19.3,18,19.35,5,2,2022-06-07 09:11:02
1654593062868504000,19.3,8,19.3,11,19.35,5,2,2022-06-07 09:11:02
1654593064044463000,19.3,1,19.3,9,19.35,5,2,2022-06-07 09:11:04
1654593066252487000,19.3,1,19.3,10,19.35,6,2,2022-06-07 09:11:06
1654593066687680000,19.3,10,19.25,48,19.35,6,2,2022-06-07 09:11:06
1654593068496413000,19.3,20,19.25,49,19.35,17,2,2022-06-07 09:11:08
1654593069150339000,19.3,2,19.3,12,19.35,17,2,2022-06-07 09:11:09
1654593069479637000,19.3,1,19.3,11,19.35,17,2,2022-06-07 09:11:09
1654593070690929000,19.3,1,19.3,23,19.35,17,2,2022-06-07 09:11:10
1654593071139083000,19.3,1,19.3,24,19.35,18,2,2022-06-07 09:11:11
1654593071301505000,19.3,1,19.3,23,19.35,18,2,2022-06-07 09:11:11
1654593072228616000,19.3,2,19.3,22,19.35,18,2,2022-06-07 09:11:12
1654593072577263000,19.3,1,19.3,21,19.35,18,2,2022-06-07 09:11:12
1654593072926202000,19.3,2,19.3,19,19.35,18,2,2022-06-07 09:11:12
1654593074720290000,19.3,1,19.3,18,19.35,18,2,2022-06-07 09:11:14
1654593076143722000,19.35,1,19.3,30,19.35,17,1,2022-06-07 09:11:16
1654593076456527000,19.3,1,19.3,29,19.35,17,2,2022-06-07 09:11:16
1654593077603070000,19.3,2,19.3,27,19.35,17,2,2022-06-07 09:11:17
1654593079948138000,19.3,28,19.25,52,19.35,17,2,2022-06-07 09:11:19
1654593079948138000,19.25,2,19.25,52,19.35,17,2,2022-06-07 09:11:19
1654593080292003000,19.3,2,19.25,52,19.3,1,2,2022-06-07 09:11:20
1654593080323151000,19.3,1,19.25,52,19.35,17,1,2022-06-07 09:11:20
1654593081775568000,19.3,1,19.3,1,19.35,16,2,2022-06-07 09:11:21
1654593082289349000,19.3,1,19.25,52,19.35,16,2,2022-06-07 09:11:22
1654593084096466000,19.3,1,19.3,1,19.35,17,2,2022-06-07 09:11:24
1654593084776683000,19.3,1,19.25,52,19.35,17,2,2022-06-07 09:11:24
1654593084819589000,19.25,2,19.25,50,19.35,17,2,2022-06-07 09:11:24
1654593089677579000,19.3,1,19.25,63,19.35,19,2,2022-06-07 09:11:29
1654593090603145000,19.3,1,19.3,9,19.35,19,2,2022-06-07 09:11:30
1654593092892343000,19.3,1,19.3,11,19.35,22,2,2022-06-07 09:11:32
1654593093484881000,19.3,1,19.3,10,19.35,22,2,2022-06-07 09:11:33
1654593094990426000,19.3,1,19.3,10,19.35,27,2,2022-06-07 09:11:34
1654593097346244000,19.3,1,19.3,11,19.35,27,2,2022-06-07 09:11:37
1654593098006122000,19.3,1,19.3,11,19.35,27,2,2022-06-07 09:11:38
1654593098025075000,19.3,1,19.3,10,19.35,27,2,2022-06-07 09:11:38
1654593099842451000,19.3,1,19.3,9,19.35,27,2,2022-06-07 09:11:39
1654593099876046000,19.3,1,19.3,8,19.35,27,2,2022-06-07 09:11:39
1654593102652578000,19.3,3,19.3,10,19.35,27,2,2022-06-07 09:11:42
1654593103792726000,19.3,1,19.3,11,19.35,27,2,2022-06-07 09:11:43
1654593104423077000,19.3,1,19.3,10,19.35,26,2,2022-06-07 09:11:44
1654593104519063000,19.3,5,19.3,5,19.35,26,2,2022-06-07 09:11:44
1654593106827046000,19.3,2,19.3,6,19.35,27,2,2022-06-07 09:11:46
1654593110324913000,19.35,3,19.3,17,19.35,33,1,2022-06-07 09:11:50
1654593112669630000,19.3,1,19.3,25,19.35,33,2,2022-06-07 09:11:52
1654593114889664000,19.3,5,19.3,20,19.35,26,2,2022-06-07 09:11:54
1654593124163640000,19.35,3,19.3,23,19.35,14,1,2022-06-07 09:12:04
1654593125949939000,19.35,3,19.3,23,19.35,10,1,2022-06-07 09:12:05
1654593126744935000,19.35,3,19.3,23,19.35,7,1,2022-06-07 09:12:06
1654593127063380000,19.35,1,19.3,23,19.35,6,1,2022-06-07 09:12:07
1654593127180790000,19.35,4,19.3,23,19.35,2,1,2022-06-07 09:12:07
1654593127574280000,19.35,1,19.3,23,19.35,1,1,2022-06-07 09:12:07
1654593128682215000,19.35,1,19.35,2,19.4,23,1,2022-06-07 09:12:08
1654593134767123000,19.4,1,19.35,8,19.4,12,1,2022-06-07 09:12:14
1654593135871529000,19.4,1,19.35,8,19.4,11,1,2022-06-07 09:12:15
1654593136360726000,19.35,2,19.35,6,19.4,11,2,2022-06-07 09:12:16
1654593139339609000,19.4,5,19.35,8,19.4,6,1,2022-06-07 09:12:19
1654593141244803000,19.35,9,19.3,20,19.35,1,2,2022-06-07 09:12:21
1654593145374409000,19.35,3,19.3,20,19.4,14,1,2022-06-07 09:12:25
1654593154413911000,19.35,1,19.35,2,19.4,22,2,2022-06-07 09:12:34
1654593158473058000,19.35,1,19.35,10,19.4,22,2,2022-06-07 09:12:38
1654593159867139000,19.4,2,19.35,11,19.4,20,1,2022-06-07 09:12:39
1654593160651014000,19.35,3,19.35,8,19.4,20,2,2022-06-07 09:12:40
1654593169892555000,19.35,1,19.35,17,19.4,25,2,2022-06-07 09:12:49
1654593173358144000,19.35,7,19.35,21,19.4,26,2,2022-06-07 09:12:53
1654593186872245000,19.4,2,19.35,24,19.4,24,1,2022-06-07 09:13:06
1654593187386946000,19.35,1,19.35,23,19.4,24,2,2022-06-07 09:13:07
1654593196518061000,19.35,18,19.35,7,19.4,24,2,2022-06-07 09:13:16
1654593196833003000,19.35,1,19.35,6,19.4,24,2,2022-06-07 09:13:16
1654593200195921000,19.35,2,19.35,4,19.4,21,2,2022-06-07 09:13:20
1654593203528023000,19.35,2,19.35,2,19.4,21,2,2022-06-07 09:13:23
1654593207667590000,19.35,1,19.35,3,19.4,21,2,2022-06-07 09:13:27
1654593214200345000,19.35,4,19.3,43,19.4,21,2,2022-06-07 09:13:34
1654593233784337000,19.35,1,19.35,1,19.4,21,2,2022-06-07 09:13:53
1654593233848150000,19.35,1,19.3,43,19.4,21,2,2022-06-07 09:13:53
1654593237373944000,19.35,1,19.3,43,19.4,21,1,2022-06-07 09:13:57
1654593239687445000,19.3,1,19.3,42,19.4,21,2,2022-06-07 09:13:59
1654593239931386000,19.3,1,19.3,41,19.35,5,2,2022-06-07 09:13:59
1654593244901590000,19.3,2,19.3,39,19.35,6,2,2022-06-07 09:14:04
1654593246997874000,19.3,1,19.3,38,19.35,7,2,2022-06-07 09:14:06
1654593249470226000,19.3,2,19.3,36,19.35,7,2,2022-06-07 09:14:09
1654593253337848000,19.3,3,19.3,33,19.35,17,2,2022-06-07 09:14:13
1654593256926066000,19.3,5,19.3,29,19.35,12,2,2022-06-07 09:14:16
1654593260769859000,19.3,3,19.3,6,19.35,12,2,2022-06-07 09:14:20
1654593262464159000,19.35,5,19.3,6,19.35,7,1,2022-06-07 09:14:22
1654593264437684000,19.35,1,19.3,7,19.35,6,1,2022-06-07 09:14:24
1654593264924291000,19.3,3,19.3,5,19.35,6,2,2022-06-07 09:14:24
1654593267338316000,19.35,1,19.3,5,19.35,6,1,2022-06-07 09:14:27
1654593268193990000,19.3,5,19.2,59,19.25,3,2,2022-06-07 09:14:28
1654593268193990000,19.25,92,19.2,59,19.25,3,2,2022-06-07 09:14:28
1654593271188693000,19.2,1,19.2,72,19.25,3,2,2022-06-07 09:14:31
1654593271329320000,19.2,72,19.15,33,19.2,28,2,2022-06-07 09:14:31
1654593271974622000,19.2,14,19.15,33,19.2,14,1,2022-06-07 09:14:31
1654593272004662000,19.2,14,19.15,33,19.25,3,1,2022-06-07 09:14:32
1654593272861581000,19.25,1,19.15,33,19.25,16,1,2022-06-07 09:14:32
1654593275949844000,19.2,1,19.15,33,19.25,16,2,2022-06-07 09:14:35
1654593279168148000,19.2,3,19.15,33,19.25,16,2,2022-06-07 09:14:39
1654593280401252000,19.2,2,19.15,33,19.2,2,2,2022-06-07 09:14:40
1654593281387098000,19.2,1,19.15,33,19.2,1,1,2022-06-07 09:14:41
1654593281841465000,19.15,1,19.15,32,19.2,1,2,2022-06-07 09:14:41
1654593281997313000,19.2,1,19.2,2,19.25,21,1,2022-06-07 09:14:41
1654593282478521000,19.2,1,19.2,1,19.25,21,2,2022-06-07 09:14:42
1654593285581187000,19.2,1,19.2,3,19.25,21,2,2022-06-07 09:14:45
1654593287387971000,19.25,1,19.2,5,19.25,20,1,2022-06-07 09:14:47
1654593292995367000,19.25,1,19.2,17,19.25,6,1,2022-06-07 09:14:52
1654593295187091000,19.25,5,19.2,18,19.25,1,1,2022-06-07 09:14:55
1654593295220781000,19.25,1,19.2,18,19.3,6,1,2022-06-07 09:14:55
1654593298739073000,19.25,1,19.2,13,19.3,6,1,2022-06-07 09:14:58
1654593302917414000,19.25,1,19.2,13,19.25,9,1,2022-06-07 09:15:02
1654593303940716000,19.25,2,19.2,13,19.25,7,1,2022-06-07 09:15:03
1654593306248620000,19.25,2,19.2,12,19.25,5,1,2022-06-07 09:15:06
1654593307238348000,19.25,2,19.2,56,19.25,4,1,2022-06-07 09:15:07
1654593307634830000,19.25,1,19.2,56,19.25,3,1,2022-06-07 09:15:07
1654593307871706000,19.2,2,19.2,54,19.25,3,2,2022-06-07 09:15:07
1654593308595657000,19.25,1,19.2,54,19.25,2,1,2022-06-07 09:15:08
1654593309752580000,19.25,1,19.2,54,19.25,1,1,2022-06-07 09:15:09
1654593312054516000,19.25,1,19.2,56,19.3,19,1,2022-06-07 09:15:12
1654593313575321000,19.25,1,19.25,1,19.3,19,1,2022-06-07 09:15:13
1654593315774260000,19.25,1,19.2,52,19.3,20,2,2022-06-07 09:15:15
1654593320823165000,19.3,1,19.25,28,19.3,20,1,2022-06-07 09:15:20
1654593320829018000,19.25,1,19.25,27,19.3,20,2,2022-06-07 09:15:20
1654593325052784000,19.3,5,19.25,23,19.3,15,1,2022-06-07 09:15:25
1654593325185272000,19.3,1,19.25,23,19.3,14,1,2022-06-07 09:15:25
1654593325699001000,19.3,1,19.25,23,19.3,13,1,2022-06-07 09:15:25
1654593327080336000,19.25,7,19.25,18,19.3,13,2,2022-06-07 09:15:27
1654593327927421000,19.3,13,19.3,37,19.35,9,1,2022-06-07 09:15:27
1654593328094866000,19.35,6,19.3,37,19.35,3,1,2022-06-07 09:15:28
1654593328126943000,19.35,3,19.3,37,19.4,16,1,2022-06-07 09:15:28
1654593333382383000,19.35,2,19.35,1,19.4,16,2,2022-06-07 09:15:33
1654593339884606000,19.35,1,19.3,37,19.4,16,2,2022-06-07 09:15:39
1654593360540882000,19.35,5,19.35,7,19.4,23,2,2022-06-07 09:16:00
1654593364912603000,19.35,1,19.35,6,19.4,23,2,2022-06-07 09:16:04
1654593365620693000,19.4,1,19.35,6,19.4,22,1,2022-06-07 09:16:05
1654593370291054000,19.35,1,19.35,5,19.4,22,2,2022-06-07 09:16:10
1654593372310587000,19.35,4,19.35,1,19.4,22,2,2022-06-07 09:16:12
1654593372331044000,19.35,1,19.3,41,19.4,22,2,2022-06-07 09:16:12
1654593374059509000,19.4,3,19.3,41,19.4,19,1,2022-06-07 09:16:14
1654593378145642000,19.35,1,19.3,43,19.35,21,1,2022-06-07 09:16:18
1654593383026860000,19.35,2,19.3,43,19.35,19,1,2022-06-07 09:16:23
1654593386361628000,19.35,1,19.3,43,19.35,18,1,2022-06-07 09:16:26
1654593386699693000,19.35,1,19.3,43,19.35,17,1,2022-06-07 09:16:26
1654593387783333000,19.35,1,19.3,43,19.35,16,1,2022-06-07 09:16:27
1654593388445730000,19.35,1,19.3,43,19.35,15,1,2022-06-07 09:16:28
1654593388514193000,19.35,8,19.3,43,19.35,7,1,2022-06-07 09:16:28
1654593389480421000,19.35,2,19.3,45,19.35,5,1,2022-06-07 09:16:29
1654593390161878000,19.3,1,19.3,44,19.35,5,2,2022-06-07 09:16:30
1654593395116576000,19.3,1,19.3,43,19.35,5,2,2022-06-07 09:16:35
1654593400395083000,19.35,1,19.3,44,19.35,4,1,2022-06-07 09:16:40
1654593402031490000,19.3,1,19.3,43,19.35,4,2,2022-06-07 09:16:42
1654593406753279000,19.35,1,19.3,43,19.35,4,1,2022-06-07 09:16:46
1654593412519513000,19.3,3,19.3,40,19.35,4,2,2022-06-07 09:16:52
1654593412539984000,19.35,1,19.3,40,19.35,3,1,2022-06-07 09:16:52
1654593412811030000,19.35,1,19.3,40,19.35,2,1,2022-06-07 09:16:52
1654593415445706000,19.3,2,19.3,39,19.35,1,2,2022-06-07 09:16:55
1654593415559367000,19.35,1,19.3,39,19.4,49,1,2022-06-07 09:16:55
1654593425062689000,19.4,1,19.3,40,19.4,52,1,2022-06-07 09:17:05
1654593432746353000,19.35,1,19.3,38,19.4,51,1,2022-06-07 09:17:12
1654593451298263000,19.35,1,19.3,45,19.35,19,1,2022-06-07 09:17:31
1654593458822299000,19.35,5,19.3,45,19.35,14,1,2022-06-07 09:17:38
1654593461174906000,19.35,1,19.3,45,19.35,23,1,2022-06-07 09:17:41
1654593469345742000,19.3,1,19.3,44,19.35,23,2,2022-06-07 09:17:49
1654593470415578000,19.35,1,19.3,44,19.35,22,1,2022-06-07 09:17:50
1654593475618582000,19.35,5,19.3,44,19.35,17,1,2022-06-07 09:17:55
1654593488448975000,19.35,2,19.3,44,19.35,15,1,2022-06-07 09:18:08
1654593490704087000,19.35,1,19.3,44,19.35,17,1,2022-06-07 09:18:10
1654593496200685000,19.35,1,19.3,44,19.35,16,1,2022-06-07 09:18:16
1654593504210361000,19.35,10,19.3,45,19.35,6,1,2022-06-07 09:18:24
1654593506060304000,19.35,3,19.3,45,19.35,3,1,2022-06-07 09:18:26
1654593507853888000,19.35,3,19.35,7,19.4,46,1,2022-06-07 09:18:27
1654593524280645000,19.35,1,19.35,10,19.4,46,2,2022-06-07 09:18:44
1654593556031388000,19.35,1,19.35,15,19.4,51,2,2022-06-07 09:19:16
1654593561965429000,19.35,15,19.3,49,19.35,5,2,2022-06-07 09:19:21
1654593568563312000,19.35,2,19.3,49,19.35,4,1,2022-06-07 09:19:28
1654593584529599000,19.35,2,19.3,89,19.35,2,1,2022-06-07 09:19:44
1654593584794366000,19.35,1,19.3,89,19.35,1,1,2022-06-07 09:19:44
1654593596667404000,19.35,1,19.3,90,19.4,51,1,2022-06-07 09:19:56
1654593619465730000,19.35,1,19.3,89,19.4,51,2,2022-06-07 09:20:19
1654593628018141000,19.35,3,19.35,2,19.4,51,2,2022-06-07 09:20:28
1654593628794931000,19.4,2,19.35,2,19.4,49,1,2022-06-07 09:20:28
1654593637102702000,19.35,2,19.3,90,19.35,8,2,2022-06-07 09:20:37
1654593638810831000,19.35,1,19.3,90,19.35,7,1,2022-06-07 09:20:38
1654593647794484000,19.35,1,19.3,90,19.35,6,1,2022-06-07 09:20:47
1654593650132806000,19.35,1,19.3,90,19.35,5,1,2022-06-07 09:20:50
1654593650266097000,19.35,1,19.3,90,19.35,4,1,2022-06-07 09:20:50
1654593653127030000,19.35,4,19.35,1,19.4,56,1,2022-06-07 09:20:53
1654593680155035000,19.4,1,19.35,9,19.4,53,1,2022-06-07 09:21:20
1654593697251558000,19.4,1,19.35,11,19.4,52,1,2022-06-07 09:21:37
1654593704490236000,19.4,1,19.35,11,19.4,51,1,2022-06-07 09:21:44
1654593710720258000,19.4,2,19.35,10,19.4,49,1,2022-06-07 09:21:50
1654593721266918000,19.4,1,19.35,10,19.4,48,1,2022-06-07 09:22:01
1654593727147633000,19.35,1,19.35,10,19.4,48,2,2022-06-07 09:22:07
1654593730137748000,19.35,3,19.35,7,19.4,48,2,2022-06-07 09:22:10
1654593732487856000,19.35,1,19.35,7,19.4,48,2,2022-06-07 09:22:12
1654593748087938000,19.35,1,19.35,8,19.4,48,2,2022-06-07 09:22:28
1654593749541656000,19.35,1,19.35,7,19.4,48,2,2022-06-07 09:22:29
1654593755686198000,19.35,1,19.35,5,19.4,53,2,2022-06-07 09:22:35
1654593765504275000,19.35,1,19.35,4,19.4,53,2,2022-06-07 09:22:45
1654593768111771000,19.35,5,19.35,1,19.4,54,2,2022-06-07 09:22:48
1654593799515280000,19.35,7,19.3,102,19.35,3,2,2022-06-07 09:23:19
1654593803003901000,19.35,1,19.3,102,19.35,2,1,2022-06-07 09:23:23
1654593807746502000,19.35,1,19.3,102,19.35,6,1,2022-06-07 09:23:27
1654593810706317000,19.35,1,19.3,102,19.35,5,1,2022-06-07 09:23:30
1654593811414199000,19.35,1,19.3,102,19.35,4,1,2022-06-07 09:23:31
1654593812920185000,19.3,3,19.3,99,19.35,4,2,2022-06-07 09:23:32
1654593813760243000,19.35,1,19.3,99,19.35,3,1,2022-06-07 09:23:33
1654593814122522000,19.35,1,19.3,99,19.35,2,1,2022-06-07 09:23:34
1654593817658009000,19.35,2,19.3,99,19.35,5,1,2022-06-07 09:23:37
1654593818488460000,19.35,5,19.3,99,19.4,58,1,2022-06-07 09:23:38
1654593824526783000,19.35,1,19.35,1,19.4,58,2,2022-06-07 09:23:44
1654593835684696000,19.35,5,19.35,1,19.4,63,2,2022-06-07 09:23:55
1654593835722953000,19.35,1,19.3,99,19.4,63,2,2022-06-07 09:23:55
1654593867743732000,19.3,1,19.3,157,19.35,6,2,2022-06-07 09:24:27
1654593873659729000,19.35,6,19.35,4,19.4,61,1,2022-06-07 09:24:33
1654593874046915000,19.35,1,19.35,3,19.4,61,2,2022-06-07 09:24:34
1654593896014913000,19.35,2,19.3,157,19.35,3,2,2022-06-07 09:24:56
1654593897083211000,19.35,3,19.35,7,19.4,60,1,2022-06-07 09:24:57
1654593897477496000,19.35,1,19.35,6,19.4,60,2,2022-06-07 09:24:57
1654593901386092000,19.35,2,19.35,4,19.4,60,2,2022-06-07 09:25:01
1654593920173071000,19.35,1,19.35,3,19.4,60,1,2022-06-07 09:25:20
1654593920897451000,19.35,1,19.35,3,19.4,60,2,2022-06-07 09:25:20
1654593931637790000,19.4,1,19.35,3,19.4,59,1,2022-06-07 09:25:31
1654593936829564000,19.35,1,19.35,3,19.4,59,2,2022-06-07 09:25:36
1654593944990065000,19.35,3,19.3,157,19.35,2,2,2022-06-07 09:25:44
1654593968299940000,19.3,1,19.3,156,19.35,7,2,2022-06-07 09:26:08
1654593975752059000,19.3,2,19.3,156,19.35,7,2,2022-06-07 09:26:15
1654594016835487000,19.3,3,19.3,151,19.35,27,2,2022-06-07 09:26:56
1654594020163443000,19.3,1,19.3,150,19.35,27,2,2022-06-07 09:27:00
1654594031913579000,19.3,4,19.3,146,19.35,27,2,2022-06-07 09:27:11
1654594036363361000,19.3,1,19.3,145,19.35,28,2,2022-06-07 09:27:16
1654594038323755000,19.3,3,19.3,142,19.35,28,2,2022-06-07 09:27:18
1654594038461216000,19.3,1,19.3,141,19.35,28,2,2022-06-07 09:27:18
1654594038865242000,19.3,3,19.3,138,19.35,28,2,2022-06-07 09:27:18
1654594040602428000,19.3,2,19.3,136,19.35,28,2,2022-06-07 09:27:20
1654594041942242000,19.3,1,19.3,135,19.35,28,2,2022-06-07 09:27:21
1654594048921109000,19.3,1,19.3,134,19.35,27,2,2022-06-07 09:27:28
1654594054542825000,19.3,1,19.3,133,19.35,27,2,2022-06-07 09:27:34
1654594057823140000,19.3,50,19.3,83,19.35,27,2,2022-06-07 09:27:37
1654594058856955000,19.3,2,19.3,81,19.35,27,2,2022-06-07 09:27:38
1654594059671823000,19.3,15,19.3,66,19.35,27,2,2022-06-07 09:27:39
1654594061109712000,19.3,5,19.3,61,19.35,27,2,2022-06-07 09:27:41
1654594061944098000,19.3,1,19.3,60,19.35,27,2,2022-06-07 09:27:41
1654594067092710000,19.3,1,19.3,59,19.35,37,2,2022-06-07 09:27:47
1654594068169064000,19.3,5,19.3,54,19.35,37,2,2022-06-07 09:27:48
1654594069511896000,19.3,1,19.3,53,19.35,37,2,2022-06-07 09:27:49
1654594069799261000,19.3,6,19.3,47,19.35,37,2,2022-06-07 09:27:49
1654594069823175000,19.3,9,19.3,38,19.35,37,2,2022-06-07 09:27:49
1654594070704259000,19.3,1,19.3,37,19.35,36,2,2022-06-07 09:27:50
1654594070741768000,19.3,1,19.3,36,19.35,36,2,2022-06-07 09:27:50
1654594070924814000,19.3,16,19.3,20,19.35,36,2,2022-06-07 09:27:50
1654594070953859000,19.3,4,19.3,16,19.35,36,2,2022-06-07 09:27:50
1654594071069650000,19.3,16,19.25,175,19.3,9,2,2022-06-07 09:27:51
1654594073472953000,19.25,5,19.25,170,19.3,64,2,2022-06-07 09:27:53
1654594073523238000,19.25,10,19.2,28,19.25,10,2,2022-06-07 09:27:53
1654594080027941000,19.2,4,19.2,23,19.25,31,2,2022-06-07 09:28:00
1654594093023007000,19.2,10,19.2,12,19.25,11,2,2022-06-07 09:28:13
1654594097640691000,19.2,2,19.2,10,19.25,16,2,2022-06-07 09:28:17
1654594098744346000,19.2,1,19.2,14,19.25,16,2,2022-06-07 09:28:18
1654594099005315000,19.2,15,19.15,42,19.25,17,2,2022-06-07 09:28:19
1654594099005315000,19.15,2,19.15,42,19.25,17,2,2022-06-07 09:28:19
1654594099192331000,19.15,1,19.15,41,19.25,17,2,2022-06-07 09:28:19
1654594099195528000,19.15,1,19.15,40,19.25,17,2,2022-06-07 09:28:19
1654594102000429000,19.15,1,19.15,39,19.25,18,2,2022-06-07 09:28:22
1654594103642169000,19.15,1,19.15,39,19.25,18,2,2022-06-07 09:28:23
1654594106162735000,19.2,1,19.15,41,19.2,1,1,2022-06-07 09:28:26
1654594106183453000,19.2,1,19.15,41,19.25,18,1,2022-06-07 09:28:26
1654594106386258000,19.15,5,19.15,36,19.25,18,2,2022-06-07 09:28:26
1654594110433770000,19.2,1,19.15,36,19.25,17,2,2022-06-07 09:28:30
1654594114855004000,19.2,1,19.2,2,19.25,19,2,2022-06-07 09:28:34
1654594126775603000,19.25,1,19.2,16,19.25,18,1,2022-06-07 09:28:46
1654594130280403000,19.2,2,19.2,15,19.25,18,2,2022-06-07 09:28:50
1654594130978140000,19.2,1,19.2,14,19.25,18,2,2022-06-07 09:28:50
1654594132078496000,19.25,10,19.2,16,19.25,8,1,2022-06-07 09:28:52
1654594132103462000,19.25,5,19.2,16,19.25,3,1,2022-06-07 09:28:52
1654594132937400000,19.2,1,19.2,15,19.25,3,2,2022-06-07 09:28:52
1654594137008141000,19.25,4,19.25,6,19.3,21,1,2022-06-07 09:28:57
1654594137098418000,19.25,1,19.25,5,19.3,21,2,2022-06-07 09:28:57
1654594149378899000,19.25,1,19.25,14,19.3,25,2,2022-06-07 09:29:09
1654594149833667000,19.25,8,19.25,6,19.3,25,2,2022-06-07 09:29:09
1654594158699943000,19.25,4,19.25,2,19.3,25,2,2022-06-07 09:29:18
1654594165013668000,19.3,1,19.25,4,19.3,19,1,2022-06-07 09:29:25
1654594200363041000,19.25,1,19.25,3,19.3,30,2,2022-06-07 09:30:00
1654594200717410000,19.25,3,19.15,40,19.2,13,2,2022-06-07 09:30:00
1654594200717410000,19.2,36,19.15,40,19.2,13,2,2022-06-07 09:30:00
1654594205651254000,19.15,5,19.15,35,19.2,13,2,2022-06-07 09:30:05
1654594210139471000,19.2,2,19.15,34,19.2,11,1,2022-06-07 09:30:10
1654594215984605000,19.2,5,19.15,34,19.2,16,1,2022-06-07 09:30:15
1654594218519248000,19.2,2,19.15,34,19.2,14,1,2022-06-07 09:30:18
1654594221177345000,19.15,5,19.15,29,19.2,14,2,2022-06-07 09:30:21
1654594224354480000,19.2,1,19.15,29,19.2,13,1,2022-06-07 09:30:24
1654594225281824000,19.15,10,19.15,19,19.2,13,2,2022-06-07 09:30:25
1654594227037065000,19.2,1,19.15,19,19.2,13,1,2022-06-07 09:30:27
1654594229920555000,19.15,2,19.15,20,19.2,23,2,2022-06-07 09:30:29
1654594234073933000,19.15,5,19.15,15,19.2,25,2,2022-06-07 09:30:34
1654594235729385000,19.15,2,19.15,13,19.2,25,2,2022-06-07 09:30:35
1654594238108728000,19.15,1,19.15,12,19.2,25,2,2022-06-07 09:30:38
1654594239561987000,19.15,12,19.1,46,19.2,25,2,2022-06-07 09:30:39
1654594239561987000,19.1,6,19.1,46,19.2,25,2,2022-06-07 09:30:39
1654594242910298000,19.1,1,19.1,45,19.15,9,2,2022-06-07 09:30:42
1654594244495432000,19.1,2,19.1,43,19.15,9,2,2022-06-07 09:30:44
1654594245699300000,19.1,10,19.1,34,19.15,9,2,2022-06-07 09:30:45
1654594247965012000,19.1,1,19.1,33,19.15,7,2,2022-06-07 09:30:47
1654594249063596000,19.1,5,19.1,28,19.15,7,2,2022-06-07 09:30:49
1654594249404224000,19.1,1,19.1,27,19.15,7,2,2022-06-07 09:30:49
1654594251179065000,19.1,10,19.1,19,19.15,7,2,2022-06-07 09:30:51
1654594251676834000,19.1,1,19.1,18,19.15,7,2,2022-06-07 09:30:51
1654594254001594000,19.1,2,19.1,16,19.15,7,2,2022-06-07 09:30:54
1654594254293393000,19.1,2,19.1,14,19.15,7,2,2022-06-07 09:30:54
1654594255098330000,19.1,2,19.1,12,19.15,7,2,2022-06-07 09:30:55
1654594256624688000,19.1,1,19.1,16,19.15,7,2,2022-06-07 09:30:56
1654594257286014000,19.1,16,19.05,53,19.1,29,2,2022-06-07 09:30:57
1654594258862003000,19.1,1,19.05,53,19.1,28,1,2022-06-07 09:30:58
1654594259470024000,19.1,10,19.05,53,19.1,18,1,2022-06-07 09:30:59
1654594260484134000,19.1,1,19.05,53,19.1,17,1,2022-06-07 09:31:00
1654594260516550000,19.1,1,19.05,53,19.1,16,1,2022-06-07 09:31:00
1654594262925471000,19.1,8,19.05,53,19.1,8,1,2022-06-07 09:31:02
1654594262963624000,19.1,6,19.05,53,19.1,2,1,2022-06-07 09:31:02
1654594266609037000,19.1,1,19.05,53,19.1,11,1,2022-06-07 09:31:06
1654594266646044000,19.1,1,19.05,72,19.1,10,1,2022-06-07 09:31:06
1654594266646077000,19.1,10,19.05,72,19.15,10,1,2022-06-07 09:31:06
1654594267644334000,19.05,1,19.05,72,19.15,10,2,2022-06-07 09:31:07
1654594272111001000,19.1,4,19.05,72,19.15,10,1,2022-06-07 09:31:12
1654594274670485000,19.1,1,19.05,52,19.1,4,1,2022-06-07 09:31:14
1654594275198974000,19.1,2,19.05,52,19.1,2,1,2022-06-07 09:31:15
1654594275294096000,19.1,1,19.05,52,19.1,1,1,2022-06-07 09:31:15
1654594276421219000,19.1,1,19.05,52,19.1,5,1,2022-06-07 09:31:16
1654594279337444000,19.1,1,19.05,55,19.1,4,1,2022-06-07 09:31:19
1654594280003315000,19.1,1,19.05,53,19.1,3,1,2022-06-07 09:31:20
1654594280171017000,19.1,3,19.1,2,19.15,10,1,2022-06-07 09:31:20
1654594286175965000,19.1,3,19.1,3,19.15,10,2,2022-06-07 09:31:26
1654594287080966000,19.1,2,19.1,2,19.15,10,2,2022-06-07 09:31:27
1654594288173299000,19.1,2,19.05,56,19.1,3,2,2022-06-07 09:31:28
1654594288490704000,19.1,3,19.1,2,19.15,10,1,2022-06-07 09:31:28
1654594290340301000,19.1,1,19.1,3,19.15,12,2,2022-06-07 09:31:30
1654594296671281000,19.1,1,19.1,14,19.15,12,2,2022-06-07 09:31:36
1654594296981955000,19.1,3,19.1,12,19.15,12,2,2022-06-07 09:31:36
1654594305480802000,19.1,1,19.1,26,19.15,13,2,2022-06-07 09:31:45
1654594309092590000,19.1,1,19.1,25,19.15,13,2,2022-06-07 09:31:49
1654594319333337000,19.1,3,19.1,23,19.15,13,2,2022-06-07 09:31:59
1654594324111632000,19.1,1,19.1,23,19.15,13,2,2022-06-07 09:32:04
1654594325120671000,19.1,1,19.1,22,19.15,13,2,2022-06-07 09:32:05
1654594325840205000,19.1,1,19.1,21,19.15,13,2,2022-06-07 09:32:05
1654594327001388000,19.1,1,19.1,20,19.15,13,2,2022-06-07 09:32:07
1654594333239822000,19.15,1,19.1,20,19.15,12,1,2022-06-07 09:32:13
1654594334764374000,19.1,1,19.1,20,19.15,12,2,2022-06-07 09:32:14
1654594338977593000,19.1,1,19.1,21,19.15,17,2,2022-06-07 09:32:18
1654594339262331000,19.15,1,19.1,20,19.15,17,1,2022-06-07 09:32:19
1654594350981228000,19.1,1,19.1,20,19.15,17,2,2022-06-07 09:32:30
1654594351825842000,19.15,1,19.1,20,19.15,16,1,2022-06-07 09:32:31
1654594362602385000,19.15,10,19.1,12,19.15,6,1,2022-06-07 09:32:42
1654594364082548000,19.1,12,19.05,30,19.15,6,2,2022-06-07 09:32:44
1654594364082548000,19.05,6,19.05,30,19.15,6,2,2022-06-07 09:32:44
1654594370084669000,19.15,7,19.2,1,19.25,1,1,2022-06-07 09:32:50
1654594370084669000,19.2,9,19.2,1,19.25,1,1,2022-06-07 09:32:50
1654594373862963000,19.2,1,19.05,30,19.25,3,2,2022-06-07 09:32:53
1654594377508691000,19.1,2,19.1,9,19.25,3,2,2022-06-07 09:32:57
1654594405564252000,19.1,5,19.1,12,19.15,1,2,2022-06-07 09:33:25
1654594412332597000,19.15,1,19.1,13,19.2,8,1,2022-06-07 09:33:32
1654594413735411000,19.1,1,19.1,12,19.2,8,2,2022-06-07 09:33:33
1654594428778237000,19.1,1,19.1,13,19.2,8,2,2022-06-07 09:33:48
1654594444673500000,19.15,1,19.15,3,19.2,7,2,2022-06-07 09:34:04
1654594455790334000,19.15,3,19.1,13,19.2,2,2,2022-06-07 09:34:15
1654594466428692000,19.2,1,19.1,15,19.2,1,1,2022-06-07 09:34:26
1654594486730946000,19.1,19,19.05,40,19.1,1,2,2022-06-07 09:34:46
1654594487611843000,19.1,1,19.05,39,19.15,21,1,2022-06-07 09:34:47
1654594494597453000,19.05,10,19.05,29,19.15,21,2,2022-06-07 09:34:54
1654594498459431000,19.05,3,19.05,26,19.1,6,2,2022-06-07 09:34:58
1654594500642359000,19.1,6,19.1,4,19.15,21,1,2022-06-07 09:35:00
1654594507857029000,19.15,1,19.1,4,19.15,20,1,2022-06-07 09:35:07
1654594515010130000,19.15,3,19.1,4,19.15,17,1,2022-06-07 09:35:15
1654594523352474000,19.15,2,19.1,14,19.15,15,1,2022-06-07 09:35:23
1654594531187940000,19.15,1,19.1,14,19.15,14,1,2022-06-07 09:35:31
1654594531500783000,19.15,2,19.1,14,19.15,12,1,2022-06-07 09:35:31
1654594538790143000,19.1,5,19.1,9,19.15,15,2,2022-06-07 09:35:38
1654594552371703000,19.1,1,19.1,46,19.15,18,2,2022-06-07 09:35:52
1654594554025597000,19.1,1,19.1,46,19.15,18,2,2022-06-07 09:35:54
1654594554657780000,19.15,3,19.1,46,19.15,15,1,2022-06-07 09:35:54
1654594555377254000,19.1,1,19.1,45,19.15,15,2,2022-06-07 09:35:55
1654594556157098000,19.1,10,19.1,35,19.15,15,2,2022-06-07 09:35:56
1654594561131255000,19.1,1,19.1,34,19.15,20,2,2022-06-07 09:36:01
1654594573198886000,19.1,1,19.1,33,19.15,20,2,2022-06-07 09:36:13
1654594575221998000,19.1,2,19.1,31,19.15,20,2,2022-06-07 09:36:15
1654594576849177000,19.15,1,19.1,31,19.15,19,1,2022-06-07 09:36:16
1654594583401162000,19.1,2,19.1,29,19.15,20,2,2022-06-07 09:36:23
1654594589504382000,19.1,1,19.1,328,19.15,20,2,2022-06-07 09:36:29
1654594591903562000,19.15,1,19.1,328,19.15,19,1,2022-06-07 09:36:31
1654594593618129000,19.1,15,19.1,313,19.15,19,2,2022-06-07 09:36:33
1654594604842390000,19.15,1,19.1,313,19.15,18,1,2022-06-07 09:36:44
1654594607025597000,19.15,1,19.1,313,19.15,17,1,2022-06-07 09:36:47
1654594611832725000,19.15,26,19.1,313,19.2,188,1,2022-06-07 09:36:51
1654594611832725000,19.2,74,19.1,313,19.2,188,1,2022-06-07 09:36:51
1654594615689980000,19.2,10,19.15,3,19.2,178,1,2022-06-07 09:36:55
1654594615841214000,19.2,10,19.15,3,19.2,168,1,2022-06-07 09:36:55
1654594623453840000,19.2,3,19.15,43,19.2,165,1,2022-06-07 09:37:03
1654594624149378000,19.2,10,19.15,43,19.2,155,1,2022-06-07 09:37:04
1654594625003971000,19.15,8,19.15,35,19.2,155,2,2022-06-07 09:37:05
1654594628872006000,19.2,10,19.15,35,19.2,145,1,2022-06-07 09:37:08
1654594630672708000,19.2,10,19.15,35,19.2,154,1,2022-06-07 09:37:10
1654594633666804000,19.2,3,19.15,35,19.2,151,1,2022-06-07 09:37:13
1654594633930864000,19.15,8,19.15,27,19.2,151,2,2022-06-07 09:37:13
1654594640183408000,19.15,3,19.15,25,19.2,151,2,2022-06-07 09:37:20
1654594643024483000,19.15,6,19.15,22,19.2,151,2,2022-06-07 09:37:23
1654594652189876000,19.2,1,19.15,23,19.2,151,1,2022-06-07 09:37:32
1654594658959859000,19.15,1,19.15,25,19.2,151,2,2022-06-07 09:37:38
1654594675606254000,19.15,1,19.15,6,19.2,151,2,2022-06-07 09:37:55
1654594679716296000,19.2,5,19.15,6,19.2,146,1,2022-06-07 09:37:59
1654594681024430000,19.15,1,19.15,5,19.2,146,2,2022-06-07 09:38:01
1654594691894425000,19.15,1,19.15,64,19.2,146,2,2022-06-07 09:38:11
1654594695614397000,19.2,10,19.15,125,19.2,137,1,2022-06-07 09:38:15
1654594698983188000,19.2,1,19.15,185,19.2,136,1,2022-06-07 09:38:18
1654594703539398000,19.15,185,19.1,315,19.15,15,2,2022-06-07 09:38:23
1654594715079825000,19.15,6,19.1,315,19.2,138,2,2022-06-07 09:38:35
1654594724124117000,19.15,1,19.1,315,19.15,1,1,2022-06-07 09:38:44
1654594733440185000,19.1,6,19.1,309,19.15,11,2,2022-06-07 09:38:53
1654594733477535000,19.1,9,19.05,27,19.1,1,2,2022-06-07 09:38:53
1654594733571674000,19.05,18,19.05,9,19.1,1,2,2022-06-07 09:38:53
1654594733608786000,19.05,9,19.0,88,19.1,1,2,2022-06-07 09:38:53
1654594740135529000,19.05,1,19.0,88,19.05,9,1,2022-06-07 09:39:00
1654594747220033000,19.05,3,19.0,88,19.1,2,2,2022-06-07 09:39:07
1654594753571267000,19.05,1,19.0,83,19.1,12,2,2022-06-07 09:39:13
1654594760605501000,19.05,5,19.0,83,19.05,1,2,2022-06-07 09:39:20
1654594761410210000,19.05,1,19.0,83,19.1,12,1,2022-06-07 09:39:21
1654594764010403000,19.05,1,19.0,83,19.1,14,1,2022-06-07 09:39:24
1654594765866435000,19.05,1,19.05,4,19.1,13,2,2022-06-07 09:39:25
1654594769237195000,19.05,1,19.05,7,19.1,13,2,2022-06-07 09:39:29
1654594772317764000,19.05,1,19.05,9,19.1,13,2,2022-06-07 09:39:32
1654594772447295000,19.05,1,19.05,8,19.1,13,2,2022-06-07 09:39:32
1654594772778793000,19.05,1,19.05,7,19.1,13,2,2022-06-07 09:39:32
1654594773851025000,19.05,1,19.05,6,19.1,13,2,2022-06-07 09:39:33
1654594775336666000,19.05,1,19.05,6,19.1,13,2,2022-06-07 09:39:35
1654594777933736000,19.05,1,19.05,5,19.1,13,2,2022-06-07 09:39:37
1654594778643590000,19.1,5,19.05,5,19.1,8,1,2022-06-07 09:39:38
1654594779497576000,19.05,1,19.05,4,19.1,8,2,2022-06-07 09:39:39
1654594782909726000,19.05,4,19.0,76,19.05,6,2,2022-06-07 09:39:42
1654594784677712000,19.05,1,19.0,76,19.05,10,1,2022-06-07 09:39:44
1654594784694882000,19.05,4,19.0,76,19.05,6,1,2022-06-07 09:39:44
1654594785117067000,19.05,1,19.0,76,19.05,5,1,2022-06-07 09:39:45
1654594785142433000,19.05,2,19.0,76,19.05,3,1,2022-06-07 09:39:45
1654594786800656000,19.05,1,19.0,77,19.1,12,1,2022-06-07 09:39:46
1654594796048435000,19.1,1,19.05,10,19.1,11,1,2022-06-07 09:39:56
1654594805132496000,19.1,1,19.05,14,19.1,10,1,2022-06-07 09:40:05
1654594807378688000,19.1,3,19.05,15,19.1,8,1,2022-06-07 09:40:07
1654594810237059000,19.05,5,19.05,15,19.1,8,2,2022-06-07 09:40:10
1654594813417985000,19.1,12,19.05,16,19.1,5,1,2022-06-07 09:40:13
1654594837204837000,19.1,1,19.05,20,19.1,6,1,2022-06-07 09:40:37
1654594850822709000,19.05,8,19.05,12,19.1,24,2,2022-06-07 09:40:50
1654594853252642000,19.05,5,19.05,7,19.1,24,2,2022-06-07 09:40:53
1654594853836561000,19.1,3,19.05,7,19.1,21,1,2022-06-07 09:40:53
1654594854869532000,19.05,1,19.05,6,19.1,21,2,2022-06-07 09:40:54
1654594857526494000,19.05,1,19.05,5,19.1,21,2,2022-06-07 09:40:57
1654594860486242000,19.05,1,19.05,4,19.1,23,2,2022-06-07 09:41:00
1654594861439768000,19.05,1,19.05,3,19.1,23,2,2022-06-07 09:41:01
1654594863445550000,19.05,1,19.05,2,19.1,23,2,2022-06-07 09:41:03
1654594869046294000,19.05,1,19.05,3,19.1,25,2,2022-06-07 09:41:09
1654594884443185000,19.05,1,19.05,8,19.1,25,2,2022-06-07 09:41:24
1654594885185736000,19.1,1,19.05,8,19.1,24,1,2022-06-07 09:41:25
1654594902252226000,19.05,4,19.05,4,19.1,24,2,2022-06-07 09:41:42
1654594904581254000,19.05,1,19.05,3,19.1,24,2,2022-06-07 09:41:44
1654594920061570000,19.1,1,19.05,3,19.1,23,1,2022-06-07 09:42:00
1654594959595895000,19.1,2,19.05,10,19.1,21,1,2022-06-07 09:42:39
1654594968887269000,19.1,1,19.05,110,19.1,20,1,2022-06-07 09:42:48
1654595023751613000,19.05,1,19.05,20,19.1,19,2,2022-06-07 09:43:43
1654595030984164000,19.05,20,19.0,101,19.1,20,2,2022-06-07 09:43:50
1654595031693165000,19.0,2,19.0,99,19.1,20,2,2022-06-07 09:43:51
1654595031737842000,19.0,4,19.0,95,19.1,25,2,2022-06-07 09:43:51
1654595031751386000,19.0,1,19.0,94,19.1,25,2,2022-06-07 09:43:51
1654595032198740000,19.1,1,19.0,94,19.1,25,1,2022-06-07 09:43:52
1654595041457240000,19.05,1,19.05,9,19.1,27,2,2022-06-07 09:44:01
1654595044213356000,19.05,6,19.05,3,19.1,28,2,2022-06-07 09:44:04
1654595048097740000,19.05,2,19.05,1,19.1,28,2,2022-06-07 09:44:08
1654595053493718000,19.05,1,19.0,96,19.1,33,2,2022-06-07 09:44:13
1654595061722747000,19.0,5,19.0,91,19.1,32,2,2022-06-07 09:44:21
1654595063893050000,19.0,1,19.0,89,19.1,32,2,2022-06-07 09:44:23
1654595071073320000,19.0,2,19.0,88,19.1,32,2,2022-06-07 09:44:31
1654595071615821000,19.0,40,19.0,48,19.1,32,2,2022-06-07 09:44:31
1654595073778192000,19.0,1,19.0,48,19.1,32,2,2022-06-07 09:44:33
1654595074167597000,19.0,1,19.0,47,19.1,32,2,2022-06-07 09:44:34
1654595075322490000,19.0,1,19.0,46,19.1,32,2,2022-06-07 09:44:35
1654595075604486000,19.0,1,19.0,45,19.1,32,2,2022-06-07 09:44:35
1654595076285470000,19.0,6,19.0,39,19.1,32,2,2022-06-07 09:44:36
1654595077030899000,19.0,3,19.0,36,19.1,32,2,2022-06-07 09:44:37
1654595078860592000,19.0,18,19.0,18,19.05,1,2,2022-06-07 09:44:38
1654595079826915000,19.0,1,19.0,17,19.05,10,2,2022-06-07 09:44:39
1654595080134009000,19.0,2,19.0,15,19.05,10,2,2022-06-07 09:44:40
1654595080581096000,19.0,1,19.0,14,19.05,10,2,2022-06-07 09:44:40
1654595080782870000,19.0,1,19.0,13,19.05,10,2,2022-06-07 09:44:40
1654595082303709000,19.0,1,19.0,12,19.05,10,2,2022-06-07 09:44:42
1654595084912729000,19.0,1,19.0,11,19.05,11,2,2022-06-07 09:44:44
1654595085101947000,19.0,7,19.0,4,19.05,11,2,2022-06-07 09:44:45
1654595085132574000,19.0,4,18.95,227,19.05,11,2,2022-06-07 09:44:45
1654595086002947000,19.0,1,18.95,227,19.0,19,1,2022-06-07 09:44:46
1654595094372799000,18.95,10,18.95,16,19.0,23,2,2022-06-07 09:44:54
1654595094483809000,18.95,4,18.95,12,19.0,23,2,2022-06-07 09:44:54
1654595094485019000,18.95,1,18.95,11,19.0,23,2,2022-06-07 09:44:54
1654595094607645000,18.95,1,18.95,10,19.0,23,2,2022-06-07 09:44:54
1654595096729960000,18.95,1,18.95,8,19.0,14,2,2022-06-07 09:44:56
1654595098544914000,18.95,9,18.9,63,19.0,6,2,2022-06-07 09:44:58
1654595101855871000,18.9,1,18.9,62,18.95,10,2,2022-06-07 09:45:01
1654595103144557000,18.95,1,18.9,62,18.95,9,1,2022-06-07 09:45:03
1654595107001935000,18.9,1,18.9,61,18.95,9,2,2022-06-07 09:45:07
1654595108075657000,18.9,2,18.9,59,18.95,9,2,2022-06-07 09:45:08
1654595109750466000,18.95,3,18.9,59,18.95,6,1,2022-06-07 09:45:09
1654595110905987000,18.9,1,18.9,60,18.95,6,2,2022-06-07 09:45:10
1654595111027382000,18.9,1,18.9,59,18.95,6,2,2022-06-07 09:45:11
1654595111259856000,18.9,2,18.9,57,18.95,6,2,2022-06-07 09:45:11
1654595111704016000,18.9,10,18.9,47,18.95,9,2,2022-06-07 09:45:11
1654595116992854000,18.9,8,18.9,39,18.95,15,2,2022-06-07 09:45:16
1654595118089657000,18.9,1,18.9,39,18.95,18,2,2022-06-07 09:45:18
1654595119321866000,18.9,3,18.9,36,18.95,18,2,2022-06-07 09:45:19
1654595120906693000,18.9,1,18.9,35,18.95,18,2,2022-06-07 09:45:20
1654595121039136000,18.9,3,18.9,32,18.95,18,2,2022-06-07 09:45:21
1654595123451989000,18.9,3,18.9,29,18.95,18,2,2022-06-07 09:45:23
1654595124195922000,18.9,3,18.9,26,18.95,15,2,2022-06-07 09:45:24
1654595124646587000,18.9,2,18.9,24,18.95,18,2,2022-06-07 09:45:24
1654595126870549000,18.9,6,18.9,18,18.95,19,2,2022-06-07 09:45:26
1654595127917092000,18.9,15,18.9,3,18.95,14,2,2022-06-07 09:45:27
1654595128898053000,18.9,3,18.85,48,18.9,3,2,2022-06-07 09:45:28
1654595132562615000,18.9,1,18.85,50,18.9,22,1,2022-06-07 09:45:32
1654595136514201000,18.9,5,18.85,50,18.9,18,1,2022-06-07 09:45:36
1654595138039985000,18.9,2,18.85,52,18.9,16,1,2022-06-07 09:45:38
1654595139072695000,18.9,1,18.85,52,18.9,16,1,2022-06-07 09:45:39
1654595139512220000,18.9,1,18.85,52,18.9,15,1,2022-06-07 09:45:39
1654595140691075000,18.9,2,18.85,52,18.9,13,1,2022-06-07 09:45:40
1654595141353299000,18.9,1,18.85,52,18.9,12,1,2022-06-07 09:45:41
1654595142871026000,18.85,1,18.85,51,18.9,14,2,2022-06-07 09:45:42
1654595142884518000,18.9,4,18.85,51,18.9,10,1,2022-06-07 09:45:42
1654595143714455000,18.85,10,18.85,41,18.9,10,2,2022-06-07 09:45:43
1654595144133063000,18.9,1,18.85,41,18.9,9,1,2022-06-07 09:45:44
1654595147443042000,18.85,2,18.85,39,18.9,16,2,2022-06-07 09:45:47
1654595148735904000,18.9,2,18.85,39,18.9,14,1,2022-06-07 09:45:48
1654595149177313000,18.85,2,18.85,37,18.9,14,2,2022-06-07 09:45:49
1654595149564092000,18.85,5,18.85,32,18.9,14,2,2022-06-07 09:45:49
1654595152436566000,18.85,2,18.85,31,18.9,12,2,2022-06-07 09:45:52
1654595154701190000,18.85,1,18.85,31,18.9,12,2,2022-06-07 09:45:54
1654595155655575000,18.85,10,18.85,21,18.9,12,2,2022-06-07 09:45:55
1654595159227233000,18.85,10,18.85,16,18.9,12,2,2022-06-07 09:45:59
1654595160607371000,18.85,2,18.85,16,18.9,14,2,2022-06-07 09:46:00
1654595160789152000,18.85,5,18.85,11,18.9,14,2,2022-06-07 09:46:00
1654595162300279000,18.85,1,18.85,10,18.9,14,2,2022-06-07 09:46:02
1654595162395811000,18.85,2,18.85,8,18.9,14,2,2022-06-07 09:46:02
1654595163509143000,18.85,1,18.85,7,18.9,14,2,2022-06-07 09:46:03
1654595163626880000,18.85,1,18.85,6,18.9,14,2,2022-06-07 09:46:03
1654595165875520000,18.85,2,18.85,5,18.9,14,2,2022-06-07 09:46:05
1654595167492819000,18.85,1,18.85,4,18.9,15,2,2022-06-07 09:46:07
1654595168548381000,18.85,3,18.85,2,18.9,12,2,2022-06-07 09:46:08
1654595170854032000,18.85,2,18.8,50,18.9,12,2,2022-06-07 09:46:10
1654595170854032000,18.8,2,18.8,50,18.9,12,2,2022-06-07 09:46:10
1654595176667948000,18.85,3,18.8,63,18.85,2,2,2022-06-07 09:46:16
1654595176697055000,18.85,1,18.8,63,18.85,1,1,2022-06-07 09:46:16
1654595176728059000,18.85,1,18.8,63,18.9,15,1,2022-06-07 09:46:16
1654595177592955000,18.85,1,18.85,1,18.9,15,2,2022-06-07 09:46:17
1654595179325728000,18.85,1,18.85,1,18.9,15,2,2022-06-07 09:46:19
1654595180221886000,18.85,1,18.85,1,18.9,14,2,2022-06-07 09:46:20
1654595181957643000,18.85,1,18.85,1,18.9,14,2,2022-06-07 09:46:21
1654595186364357000,18.85,1,18.85,3,18.9,14,2,2022-06-07 09:46:26
1654595188345137000,18.85,3,18.8,65,18.85,2,2,2022-06-07 09:46:28
1654595188378462000,18.85,2,18.8,65,18.9,14,1,2022-06-07 09:46:28
1654595191093222000,18.85,1,18.8,65,18.85,11,1,2022-06-07 09:46:31
1654595191243093000,18.85,1,18.8,65,18.85,10,1,2022-06-07 09:46:31
1654595194264722000,18.85,1,18.8,65,18.85,10,1,2022-06-07 09:46:34
1654595194863460000,18.85,1,18.8,65,18.85,9,1,2022-06-07 09:46:34
1654595197397467000,18.85,3,18.8,66,18.85,6,1,2022-06-07 09:46:37
1654595200977718000,18.85,1,18.8,66,18.9,14,1,2022-06-07 09:46:40
1654595204174425000,18.9,1,18.85,20,18.9,13,1,2022-06-07 09:46:44
1654595204420299000,18.9,9,18.85,36,18.9,4,1,2022-06-07 09:46:44
1654595204450278000,18.9,3,18.85,36,18.9,1,1,2022-06-07 09:46:44
1654595205392007000,18.9,1,18.85,38,19.05,9,1,2022-06-07 09:46:45
1654595205392007000,18.95,3,18.85,38,19.05,9,1,2022-06-07 09:46:45
1654595205392007000,19.0,5,18.85,38,19.05,9,1,2022-06-07 09:46:45
1654595205392007000,19.05,1,18.85,38,19.05,9,1,2022-06-07 09:46:45
1654595208920631000,18.95,8,18.9,2,19.05,9,2,2022-06-07 09:46:48
1654595208920631000,18.9,2,18.9,2,19.05,9,2,2022-06-07 09:46:48
1654595214605091000,18.95,2,18.9,9,19.0,2,2,2022-06-07 09:46:54
1654595217043154000,19.0,1,18.9,4,19.0,1,1,2022-06-07 09:46:57
1654595220843811000,18.95,1,18.9,8,19.0,2,2,2022-06-07 09:47:00
1654595226553124000,18.95,4,18.9,9,18.95,16,2,2022-06-07 09:47:06
1654595228068180000,18.95,1,18.9,9,18.95,15,1,2022-06-07 09:47:08
1654595231703541000,18.95,1,18.9,19,18.95,15,1,2022-06-07 09:47:11
1654595234134538000,18.9,19,18.85,8,18.9,1,2,2022-06-07 09:47:14
1654595235368176000,18.9,1,18.85,8,18.95,35,1,2022-06-07 09:47:15
1654595239243620000,18.85,1,18.85,7,18.95,35,2,2022-06-07 09:47:19
1654595252841029000,18.9,2,18.9,8,18.95,37,1,2022-06-07 09:47:32
1654595256270874000,18.9,1,18.9,7,18.95,37,2,2022-06-07 09:47:36
1654595277872112000,18.9,5,18.9,8,18.95,37,2,2022-06-07 09:47:57
1654595282619748000,18.9,1,18.9,6,18.95,37,2,2022-06-07 09:48:02
1654595284672078000,18.9,4,18.9,2,18.95,37,2,2022-06-07 09:48:04
1654595284973176000,18.9,1,18.9,1,18.95,37,2,2022-06-07 09:48:04
1654595287919148000,18.9,1,18.9,8,18.95,37,2,2022-06-07 09:48:07
1654595292965472000,18.9,1,18.9,7,18.95,37,2,2022-06-07 09:48:12
1654595294515461000,18.95,1,18.9,7,18.95,36,1,2022-06-07 09:48:14
1654595296172634000,18.9,2,18.9,5,18.95,36,2,2022-06-07 09:48:16
1654595316070177000,18.9,5,18.85,45,18.9,8,2,2022-06-07 09:48:36
1654595325703292000,18.9,1,18.85,45,18.9,13,1,2022-06-07 09:48:45
1654595333475577000,18.9,2,18.85,45,18.9,11,1,2022-06-07 09:48:53
1654595336942080000,18.9,1,18.85,45,18.9,10,1,2022-06-07 09:48:56
1654595346872796000,18.9,10,18.85,46,18.95,23,1,2022-06-07 09:49:06
1654595349331959000,18.95,1,18.85,46,18.95,22,1,2022-06-07 09:49:09
1654595352450811000,18.85,3,18.85,43,18.95,22,2,2022-06-07 09:49:12
1654595367123392000,18.9,2,18.9,9,18.95,22,2,2022-06-07 09:49:27
1654595384179249000,18.9,1,18.9,11,18.95,22,2,2022-06-07 09:49:44
1654595385960596000,18.9,2,18.9,9,18.95,22,2,2022-06-07 09:49:45
1654595394575429000,18.95,1,18.9,12,18.95,21,1,2022-06-07 09:49:54
1654595396930388000,18.9,5,18.9,7,18.95,21,2,2022-06-07 09:49:56
1654595423462415000,18.95,1,18.9,66,18.95,19,1,2022-06-07 09:50:23
1654595431850881000,18.95,4,18.9,97,18.95,15,1,2022-06-07 09:50:31
1654595437207086000,18.95,1,18.9,97,18.95,14,1,2022-06-07 09:50:37
1654595442890328000,18.95,5,18.9,102,18.95,9,1,2022-06-07 09:50:42
1654595443775213000,18.95,1,18.9,102,18.95,8,1,2022-06-07 09:50:43
1654595444707556000,18.95,1,18.9,97,18.95,7,1,2022-06-07 09:50:44
1654595451627754000,18.95,1,18.9,93,18.95,6,1,2022-06-07 09:50:51
1654595453409138000,18.95,1,18.9,93,18.95,5,1,2022-06-07 09:50:53
1654595456259144000,18.95,1,18.9,93,18.95,4,1,2022-06-07 09:50:56
1654595456834115000,18.95,1,18.9,88,18.95,3,1,2022-06-07 09:50:56
1654595458028871000,18.95,1,18.9,83,18.95,2,1,2022-06-07 09:50:58
1654595466014529000,18.95,1,18.9,72,18.95,1,1,2022-06-07 09:51:06
1654595470196174000,18.95,1,18.9,72,19.0,27,1,2022-06-07 09:51:10
1654595475496423000,18.95,1,18.9,67,18.95,3,1,2022-06-07 09:51:15
1654595486486310000,18.95,2,18.9,60,18.95,2,1,2022-06-07 09:51:26
1654595487503253000,18.9,5,18.9,55,18.95,6,2,2022-06-07 09:51:27
1654595495105292000,18.9,2,18.9,53,18.95,6,2,2022-06-07 09:51:35
1654595498008162000,18.95,1,18.9,53,18.95,5,1,2022-06-07 09:51:38
1654595511123175000,18.95,1,18.9,58,18.95,7,1,2022-06-07 09:51:51
1654595533323197000,18.95,1,18.9,43,18.95,6,1,2022-06-07 09:52:13
1654595561877842000,18.95,1,18.9,31,18.95,8,1,2022-06-07 09:52:41
1654595562544478000,18.95,1,18.9,31,18.95,7,1,2022-06-07 09:52:42
1654595644873139000,18.95,1,18.9,31,18.95,4,1,2022-06-07 09:54:04
1654595650996606000,18.95,2,18.9,31,18.95,2,1,2022-06-07 09:54:10
1654595653808241000,18.95,1,18.9,31,18.95,1,1,2022-06-07 09:54:13
1654595656339865000,18.95,1,18.95,1,19.0,27,1,2022-06-07 09:54:16
1654595656380906000,18.95,1,18.9,31,19.0,27,2,2022-06-07 09:54:16
1654595669942243000,18.95,1,18.9,31,19.0,27,1,2022-06-07 09:54:29
1654595670772500000,18.95,1,18.95,5,19.0,28,1,2022-06-07 09:54:30
1654595680152559000,18.95,1,18.9,25,18.95,3,2,2022-06-07 09:54:40
1654595681222706000,18.95,2,18.9,25,18.95,1,1,2022-06-07 09:54:41
1654595686668805000,18.95,1,18.9,25,18.95,3,1,2022-06-07 09:54:46
1654595694523618000,18.9,10,18.9,15,18.95,4,2,2022-06-07 09:54:54
1654595720282742000,18.9,20,18.85,74,18.95,5,2,2022-06-07 09:55:20
1654595784504562000,18.9,3,18.85,73,18.9,7,1,2022-06-07 09:56:24
1654595787007205000,18.9,1,18.85,73,18.9,6,1,2022-06-07 09:56:27
1654595790401386000,18.85,15,18.85,61,18.9,6,2,2022-06-07 09:56:30
1654595794842329000,18.9,1,18.85,61,18.9,9,1,2022-06-07 09:56:34
1654595827493161000,18.9,1,18.85,12,18.9,8,1,2022-06-07 09:57:07
1654595834438222000,18.85,2,18.85,10,18.9,8,2,2022-06-07 09:57:14
1654595834567548000,18.85,4,18.85,6,18.9,8,2,2022-06-07 09:57:14
1654595843723937000,18.85,2,18.85,6,18.9,6,2,2022-06-07 09:57:23
1654595846030946000,18.85,1,18.85,5,18.9,6,2,2022-06-07 09:57:26
1654595846212118000,18.85,1,18.85,4,18.9,6,2,2022-06-07 09:57:26
1654595848290360000,18.85,1,18.85,6,18.9,6,2,2022-06-07 09:57:28
1654595848400472000,18.85,1,18.85,5,18.9,6,2,2022-06-07 09:57:28
1654595854437488000,18.9,1,18.85,5,18.9,5,1,2022-06-07 09:57:34
1654595866792906000,18.85,5,18.85,3,18.9,8,2,2022-06-07 09:57:46
1654595871251225000,18.85,1,18.85,2,18.9,8,2,2022-06-07 09:57:51
1654595878817650000,18.85,1,18.85,1,18.9,11,2,2022-06-07 09:57:58
1654595880640201000,18.85,1,18.8,155,18.9,11,2,2022-06-07 09:58:00
1654595902899906000,18.8,18,18.8,137,18.85,2,2,2022-06-07 09:58:22
1654595902945710000,18.8,20,18.8,57,18.85,2,2,2022-06-07 09:58:22
1654595904262158000,18.85,1,18.8,57,18.85,1,1,2022-06-07 09:58:24
1654595907730144000,18.8,1,18.8,56,18.85,1,2,2022-06-07 09:58:27
1654595912271419000,18.85,4,18.8,55,18.9,10,1,2022-06-07 09:58:32
1654595912271419000,18.9,1,18.8,55,18.9,10,1,2022-06-07 09:58:32
1654595954006809000,18.9,1,18.85,5,18.9,5,1,2022-06-07 09:59:14
1654595975493505000,18.9,5,18.85,5,18.9,1,1,2022-06-07 09:59:35
1654595980132418000,18.9,1,18.9,3,18.95,7,1,2022-06-07 09:59:40
1654595988225608000,18.95,1,18.9,3,18.95,6,1,2022-06-07 09:59:48
1654596022011014000,18.95,1,18.9,5,18.95,6,1,2022-06-07 10:00:22
1654596023463400000,18.95,1,18.9,5,18.95,5,1,2022-06-07 10:00:23
1654596062374070000,18.95,1,18.9,4,18.95,2,1,2022-06-07 10:01:02
1654596062444236000,18.95,1,18.9,4,18.95,1,1,2022-06-07 10:01:02
1654596077885447000,18.95,1,18.9,4,19.0,39,1,2022-06-07 10:01:17
1654596141867056000,18.95,1,18.9,4,18.95,2,1,2022-06-07 10:02:21
1654596153903495000,18.95,2,18.95,14,19.0,39,1,2022-06-07 10:02:33
1654596158163786000,18.95,7,18.95,7,19.0,39,2,2022-06-07 10:02:38
1654596158193122000,18.95,7,18.9,4,19.0,39,2,2022-06-07 10:02:38
1654596165904787000,18.95,1,18.9,4,19.0,39,1,2022-06-07 10:02:45
1654596181657835000,18.95,1,18.9,5,19.0,40,2,2022-06-07 10:03:01
1654596189580711000,18.95,1,18.95,87,19.0,40,1,2022-06-07 10:03:09
1654596193637665000,19.0,1,18.95,87,19.0,39,1,2022-06-07 10:03:13
1654596196174306000,19.0,1,18.95,87,19.0,38,1,2022-06-07 10:03:16
1654596204515664000,19.0,1,18.95,87,19.0,38,1,2022-06-07 10:03:24
1654596207903522000,19.0,2,18.95,87,19.0,36,1,2022-06-07 10:03:27
1654596212968075000,18.95,87,18.9,4,18.95,13,2,2022-06-07 10:03:32
1654596214751523000,18.95,1,18.9,4,18.95,12,1,2022-06-07 10:03:34
1654596232064531000,18.95,2,18.9,12,18.95,10,1,2022-06-07 10:03:52
1654596236328615000,18.95,1,18.9,12,18.95,9,1,2022-06-07 10:03:56
1654596298395048000,18.95,1,18.9,12,18.95,10,1,2022-06-07 10:04:58
1654596358400042000,18.95,1,18.9,9,18.95,12,1,2022-06-07 10:05:58
1654596372929915000,18.95,1,18.9,11,18.95,11,1,2022-06-07 10:06:12
1654596378225143000,18.95,1,18.9,11,18.95,10,1,2022-06-07 10:06:18
1654596386179834000,18.95,1,18.9,11,18.95,9,1,2022-06-07 10:06:26
1654596400889764000,18.95,2,18.9,11,18.95,7,1,2022-06-07 10:06:40
1654596405449437000,18.95,2,18.9,11,18.95,5,1,2022-06-07 10:06:45
1654596406092336000,18.95,1,18.9,11,18.95,4,1,2022-06-07 10:06:46
1654596422617094000,18.95,4,18.9,12,19.0,37,1,2022-06-07 10:07:02
1654596438826577000,19.0,1,18.95,9,19.0,36,1,2022-06-07 10:07:18
1654596446654584000,18.95,6,18.95,4,19.0,36,2,2022-06-07 10:07:26
1654596463817726000,19.0,3,18.95,5,19.0,28,1,2022-06-07 10:07:43
1654596463832897000,18.95,5,18.9,11,18.95,5,2,2022-06-07 10:07:43
1654596490966887000,18.95,2,18.9,11,18.95,3,1,2022-06-07 10:08:10
1654596491001279000,18.95,2,18.9,11,18.95,1,1,2022-06-07 10:08:11
1654596512477083000,18.95,1,18.9,12,19.0,27,1,2022-06-07 10:08:32
1654596519659893000,18.95,1,18.85,8,19.0,27,2,2022-06-07 10:08:39
1654596519659893000,18.9,12,18.85,8,19.0,27,2,2022-06-07 10:08:39
1654596519659893000,18.85,7,18.85,8,19.0,27,2,2022-06-07 10:08:39
1654596523082775000,18.95,2,18.95,4,19.0,27,2,2022-06-07 10:08:43
1654596523139144000,18.95,4,18.85,8,18.95,5,2,2022-06-07 10:08:43
1654596613526146000,18.9,1,18.85,9,18.95,18,1,2022-06-07 10:10:13
1654596643821353000,18.9,1,18.85,9,18.95,17,1,2022-06-07 10:10:43
1654596684953011000,18.9,1,18.85,11,18.95,31,2,2022-06-07 10:11:24
1654596695052686000,18.9,1,18.85,11,18.95,31,2,2022-06-07 10:11:35
1654596724788428000,18.9,1,18.9,4,18.95,31,2,2022-06-07 10:12:04
1654596726524312000,18.9,4,18.85,10,18.95,31,2,2022-06-07 10:12:06
1654596726524312000,18.85,1,18.85,10,18.95,31,2,2022-06-07 10:12:06
1654596752762008000,18.85,2,18.85,9,18.9,6,2,2022-06-07 10:12:32
1654596753978173000,18.85,1,18.85,8,18.9,6,2,2022-06-07 10:12:33
1654596770309100000,18.85,1,18.85,12,18.9,7,2,2022-06-07 10:12:50
1654596771057912000,18.85,1,18.85,11,18.9,7,2,2022-06-07 10:12:51
1654596771776998000,18.9,3,18.85,11,18.9,4,1,2022-06-07 10:12:51
1654596780168721000,18.9,4,18.9,6,18.95,31,1,2022-06-07 10:13:00
1654596820695854000,18.9,5,18.9,3,18.95,26,2,2022-06-07 10:13:40
1654596836876292000,18.9,2,18.85,16,18.95,26,2,2022-06-07 10:13:56
1654596881503516000,18.85,10,18.85,10,18.9,5,2,2022-06-07 10:14:41
1654596890001670000,18.9,1,18.85,11,18.9,4,1,2022-06-07 10:14:50
1654596942555197000,18.85,2,18.85,9,18.9,5,2,2022-06-07 10:15:42
1654596986250211000,18.85,1,18.85,14,18.9,6,2,2022-06-07 10:16:26
1654597033148279000,18.9,1,18.85,17,18.9,7,1,2022-06-07 10:17:13
1654597039742744000,18.9,3,18.85,17,18.9,4,1,2022-06-07 10:17:19
1654597067533850000,18.85,2,18.85,17,18.9,4,2,2022-06-07 10:17:47
1654597106735398000,18.85,17,18.85,1,18.9,4,2,2022-06-07 10:18:26
1654597121468105000,18.85,1,18.8,4,18.9,4,2,2022-06-07 10:18:41
1654597121468105000,18.8,109,18.8,4,18.9,4,2,2022-06-07 10:18:41
1654597121706199000,18.8,3,18.8,1,18.9,4,2,2022-06-07 10:18:41
1654597121785273000,18.8,1,18.75,52,18.85,10,2,2022-06-07 10:18:41
1654597124211220000,18.75,2,18.75,50,18.85,18,2,2022-06-07 10:18:44
1654597124367547000,18.75,5,18.75,45,18.85,18,2,2022-06-07 10:18:44
1654597127839530000,18.85,1,18.75,44,18.85,17,1,2022-06-07 10:18:47
1654597136178051000,18.8,1,18.75,44,18.8,4,1,2022-06-07 10:18:56
1654597136387853000,18.75,44,18.7,55,18.75,129,2,2022-06-07 10:18:56
1654597141315237000,18.7,8,18.7,46,18.75,129,2,2022-06-07 10:19:01
1654597141442338000,18.7,21,18.7,25,18.75,129,2,2022-06-07 10:19:01
1654597141532902000,18.75,1,18.7,25,18.75,128,1,2022-06-07 10:19:01
1654597142156379000,18.75,3,18.7,25,18.75,133,1,2022-06-07 10:19:02
1654597145525292000,18.75,1,18.7,25,18.75,132,1,2022-06-07 10:19:05
1654597154947837000,18.75,3,18.7,25,18.75,123,1,2022-06-07 10:19:14
1654597156383571000,18.7,4,18.7,21,18.75,123,2,2022-06-07 10:19:16
1654597159550322000,18.7,18,18.7,4,18.75,123,2,2022-06-07 10:19:19
1654597160258950000,18.7,1,18.7,3,18.75,123,2,2022-06-07 10:19:20
1654597160338296000,18.7,1,18.7,2,18.75,123,2,2022-06-07 10:19:20
1654597160461887000,18.7,1,18.7,1,18.75,123,2,2022-06-07 10:19:20
1654597160557600000,18.7,1,18.65,42,18.7,4,2,2022-06-07 10:19:20
1654597163049265000,18.7,6,18.65,41,18.7,11,1,2022-06-07 10:19:23
1654597165243573000,18.65,1,18.65,40,18.7,18,2,2022-06-07 10:19:25
1654597165246791000,18.7,1,18.65,40,18.7,17,1,2022-06-07 10:19:25
1654597165745327000,18.65,13,18.65,27,18.7,18,2,2022-06-07 10:19:25
1654597169197302000,18.65,3,18.65,24,18.7,18,2,2022-06-07 10:19:29
1654597171509432000,18.65,1,18.65,23,18.7,18,2,2022-06-07 10:19:31
1654597171677533000,18.65,23,18.6,10,18.65,98,2,2022-06-07 10:19:31
1654597174690170000,18.65,10,18.6,9,18.65,88,1,2022-06-07 10:19:34
1654597176818529000,18.6,9,18.55,13,18.6,11,2,2022-06-07 10:19:36
1654597179702757000,18.55,4,18.55,8,18.6,22,2,2022-06-07 10:19:39
1654597180720478000,18.6,1,18.55,13,18.6,21,1,2022-06-07 10:19:40
1654597186762015000,18.6,10,18.55,16,18.6,11,1,2022-06-07 10:19:46
1654597187408608000,18.6,1,18.55,16,18.6,10,1,2022-06-07 10:19:47
1654597191061466000,18.6,4,18.6,3,18.65,98,2,2022-06-07 10:19:51
1654597192035035000,18.6,1,18.6,2,18.65,98,2,2022-06-07 10:19:52
1654597194616884000,18.6,5,18.55,18,18.65,98,2,2022-06-07 10:19:54
1654597197749977000,18.6,1,18.6,2,18.65,98,2,2022-06-07 10:19:57
1654597202365568000,18.65,1,18.6,8,18.65,97,1,2022-06-07 10:20:02
1654597203194344000,18.65,1,18.6,13,18.65,96,1,2022-06-07 10:20:03
1654597203563442000,18.6,10,18.6,3,18.65,96,2,2022-06-07 10:20:03
1654597209072679000,18.6,4,18.55,18,18.65,96,2,2022-06-07 10:20:09
1654597212366707000,18.65,1,18.6,6,18.65,95,1,2022-06-07 10:20:12
1654597214094436000,18.6,1,18.6,7,18.65,95,2,2022-06-07 10:20:14
1654597214679489000,18.6,1,18.6,6,18.65,95,2,2022-06-07 10:20:14
1654597215772715000,18.6,1,18.6,9,18.65,95,2,2022-06-07 10:20:15
1654597216806343000,18.65,2,18.6,9,18.65,93,1,2022-06-07 10:20:16
1654597235001776000,18.6,1,18.6,19,18.65,94,2,2022-06-07 10:20:35
1654597245713417000,18.6,2,18.6,17,18.65,93,2,2022-06-07 10:20:45
1654597246585675000,18.65,2,18.6,17,18.65,91,1,2022-06-07 10:20:46
1654597250235330000,18.6,1,18.6,16,18.65,91,2,2022-06-07 10:20:50
1654597258427692000,18.6,1,18.6,20,18.65,91,2,2022-06-07 10:20:58
1654597264801252000,18.65,5,18.6,15,18.65,86,1,2022-06-07 10:21:04
1654597265490642000,18.6,10,18.6,5,18.65,76,2,2022-06-07 10:21:05
1654597268728926000,18.65,2,18.6,5,18.65,74,1,2022-06-07 10:21:08
1654597278050568000,18.6,1,18.6,15,18.65,74,2,2022-06-07 10:21:18
1654597281823099000,18.6,1,18.6,14,18.65,74,2,2022-06-07 10:21:21
1654597296692422000,18.6,2,18.6,72,18.65,74,2,2022-06-07 10:21:36
1654597297503123000,18.6,3,18.6,69,18.65,74,2,2022-06-07 10:21:37
1654597297546671000,18.65,1,18.6,69,18.65,73,1,2022-06-07 10:21:37
1654597297640877000,18.65,5,18.6,69,18.65,68,1,2022-06-07 10:21:37
1654597297675963000,18.6,69,18.55,39,18.6,31,2,2022-06-07 10:21:37
1654597298520873000,18.6,1,18.55,39,18.6,30,1,2022-06-07 10:21:38
1654597301750989000,18.6,1,18.55,39,18.6,7,2,2022-06-07 10:21:41
1654597311654190000,18.6,8,18.6,2,18.65,68,1,2022-06-07 10:21:51
1654597321942892000,18.65,1,18.6,34,18.65,67,1,2022-06-07 10:22:01
1654597321956585000,18.6,20,18.6,14,18.65,67,2,2022-06-07 10:22:01
1654597324559382000,18.6,14,18.55,41,18.6,11,2,2022-06-07 10:22:04
1654597337903291000,18.55,25,18.55,16,18.6,41,2,2022-06-07 10:22:17
1654597340832538000,18.55,16,18.5,97,18.55,9,2,2022-06-07 10:22:20
1654597345073716000,18.5,25,18.5,72,18.55,24,2,2022-06-07 10:22:25
1654597346756129000,18.5,25,18.5,47,18.55,24,2,2022-06-07 10:22:26
1654597347486888000,18.5,1,18.5,46,18.55,24,2,2022-06-07 10:22:27
1654597348470867000,18.5,25,18.5,21,18.55,24,2,2022-06-07 10:22:28
1654597348499384000,18.5,3,18.5,18,18.55,24,2,2022-06-07 10:22:28
1654597350287610000,18.5,18,18.45,9,18.5,7,2,2022-06-07 10:22:30
1654597350523495000,18.5,1,18.45,9,18.5,6,1,2022-06-07 10:22:30
1654597353147572000,18.5,2,18.45,9,18.5,15,1,2022-06-07 10:22:33
1654597355206330000,18.45,9,18.4,8,18.5,16,2,2022-06-07 10:22:35
1654597355206330000,18.4,9,18.4,8,18.5,16,2,2022-06-07 10:22:35
1654597356053124000,18.5,3,18.4,8,18.5,13,1,2022-06-07 10:22:36
1654597356190582000,18.5,1,18.4,8,18.5,12,1,2022-06-07 10:22:36
1654597358850089000,18.45,1,18.4,9,18.5,12,2,2022-06-07 10:22:38
1654597367626227000,18.45,10,18.4,29,18.5,7,2,2022-06-07 10:22:47
1654597370123037000,18.5,3,18.45,1,18.5,4,1,2022-06-07 10:22:50
1654597376852995000,18.45,2,18.45,5,18.5,6,2,2022-06-07 10:22:56
1654597379351327000,18.5,5,18.45,9,18.5,1,1,2022-06-07 10:22:59
1654597379382622000,18.5,1,18.45,9,18.55,9,1,2022-06-07 10:22:59
1654597384450121000,18.5,1,18.5,1,18.55,9,2,2022-06-07 10:23:04
1654597400801101000,18.5,1,18.5,4,18.55,9,2,2022-06-07 10:23:20
1654597402013809000,18.5,3,18.5,1,18.55,9,2,2022-06-07 10:23:22
1654597405218542000,18.5,1,18.45,44,18.55,9,2,2022-06-07 10:23:25
1654597409510800000,18.5,2,18.5,18,18.55,11,2,2022-06-07 10:23:29
1654597410114125000,18.55,1,18.5,18,18.55,10,1,2022-06-07 10:23:30
1654597411280693000,18.55,1,18.5,18,18.55,9,1,2022-06-07 10:23:31
1654597418054471000,18.55,3,18.5,19,18.55,6,1,2022-06-07 10:23:38
1654597426167473000,18.5,21,18.45,29,18.55,6,2,2022-06-07 10:23:46
1654597426167473000,18.45,9,18.45,29,18.55,6,2,2022-06-07 10:23:46
1654597429115108000,18.5,1,18.5,17,18.55,6,2,2022-06-07 10:23:49
1654597439170520000,18.5,1,18.5,16,18.55,7,2,2022-06-07 10:23:59
1654597445964649000,18.5,2,18.45,32,18.5,10,2,2022-06-07 10:24:05
1654597489292626000,18.5,1,18.45,32,18.5,12,1,2022-06-07 10:24:49
1654597493220672000,18.5,1,18.45,32,18.5,11,1,2022-06-07 10:24:53
1654597494144335000,18.5,2,18.45,32,18.5,10,1,2022-06-07 10:24:54
1654597494732193000,18.45,1,18.45,31,18.5,10,2,2022-06-07 10:24:54
1654597495239250000,18.45,30,18.45,1,18.5,10,2,2022-06-07 10:24:55
1654597495889473000,18.5,1,18.45,1,18.5,9,1,2022-06-07 10:24:55
1654597500183337000,18.45,1,18.4,17,18.5,8,2,2022-06-07 10:25:00
1654597506623847000,18.45,1,18.4,18,18.5,8,1,2022-06-07 10:25:06
1654597508412163000,18.4,1,18.4,17,18.5,8,2,2022-06-07 10:25:08
1654597510058391000,18.45,1,18.4,17,18.5,8,2,2022-06-07 10:25:10
1654597515461522000,18.5,5,18.45,2,18.5,4,1,2022-06-07 10:25:15
1654597535512450000,18.45,1,18.45,1,18.5,6,2,2022-06-07 10:25:35
1654597538993168000,18.45,1,18.4,17,18.5,6,2,2022-06-07 10:25:38
1654597552781189000,18.45,4,18.4,17,18.45,5,2,2022-06-07 10:25:52
1654597555852575000,18.45,2,18.4,17,18.45,3,1,2022-06-07 10:25:55
1654597555882251000,18.45,1,18.4,17,18.45,2,1,2022-06-07 10:25:55
1654597562518759000,18.4,1,18.4,16,18.45,2,2,2022-06-07 10:26:02
1654597563702310000,18.4,16,18.3,35,18.45,3,2,2022-06-07 10:26:03
1654597563702310000,18.35,18,18.3,35,18.45,3,2,2022-06-07 10:26:03
1654597563702310000,18.3,6,18.3,35,18.45,3,2,2022-06-07 10:26:03
1654597563747209000,18.3,1,18.3,33,18.45,3,2,2022-06-07 10:26:03
1654597563748531000,18.45,3,18.3,33,18.55,6,1,2022-06-07 10:26:03
1654597563748531000,18.5,5,18.3,33,18.55,6,1,2022-06-07 10:26:03
1654597563748531000,18.55,2,18.3,33,18.55,6,1,2022-06-07 10:26:03
1654597585207626000,18.5,2,18.45,11,18.5,4,1,2022-06-07 10:26:25
1654597585617849000,18.5,1,18.45,12,18.5,3,1,2022-06-07 10:26:25
1654597589697165000,18.5,2,18.45,12,18.5,1,1,2022-06-07 10:26:29
1654597591652631000,18.5,1,18.5,2,18.55,6,1,2022-06-07 10:26:31
1654597597265534000,18.5,4,18.5,3,18.55,8,2,2022-06-07 10:26:37
1654597597285432000,18.5,3,18.45,12,18.55,8,2,2022-06-07 10:26:37
1654597607174694000,18.55,1,18.45,12,18.55,7,1,2022-06-07 10:26:47
1654597611620425000,18.5,1,18.45,12,18.55,5,1,2022-06-07 10:26:51
1654597611620425000,18.55,2,18.45,12,18.55,5,1,2022-06-07 10:26:51
1654597612110340000,18.45,2,18.45,10,18.55,5,2,2022-06-07 10:26:52
1654597623660453000,18.5,1,18.45,10,18.5,3,1,2022-06-07 10:27:03
1654597631247213000,18.5,2,18.4,6,18.5,8,1,2022-06-07 10:27:11
1654597636130011000,18.5,1,18.45,1,18.5,6,1,2022-06-07 10:27:16
1654597637600926000,18.45,1,18.4,6,18.5,6,2,2022-06-07 10:27:17
1654597646780402000,18.45,1,18.4,6,18.45,3,2,2022-06-07 10:27:26
1654597652729652000,18.4,6,18.35,5,18.45,4,2,2022-06-07 10:27:32
1654597665215455000,18.35,2,18.35,3,18.4,7,2,2022-06-07 10:27:45
1654597668189723000,18.35,1,18.35,4,18.4,7,2,2022-06-07 10:27:48
1654597671463341000,18.35,2,18.35,2,18.4,5,2,2022-06-07 10:27:51
1654597675927205000,18.35,2,18.3,40,18.4,5,2,2022-06-07 10:27:55
1654597681533882000,18.35,1,18.35,3,18.4,4,2,2022-06-07 10:28:01
1654597681557532000,18.35,2,18.35,1,18.4,4,2,2022-06-07 10:28:01
1654597681943977000,18.35,1,18.3,40,18.4,4,2,2022-06-07 10:28:01
1654597687378090000,18.35,1,18.35,4,18.4,4,2,2022-06-07 10:28:07
1654597688826757000,18.35,1,18.35,3,18.4,6,2,2022-06-07 10:28:08
1654597690914003000,18.35,1,18.35,8,18.4,6,2,2022-06-07 10:28:10
1654597692793064000,18.35,9,18.3,38,18.4,6,2,2022-06-07 10:28:12
1654597692793064000,18.3,1,18.3,38,18.4,6,2,2022-06-07 10:28:12
1654597701505110000,18.35,1,18.35,8,18.4,7,2,2022-06-07 10:28:21
1654597703008386000,18.35,1,18.35,7,18.4,17,2,2022-06-07 10:28:23
1654597703898079000,18.35,1,18.35,6,18.4,17,2,2022-06-07 10:28:23
1654597705786847000,18.35,1,18.35,5,18.4,17,2,2022-06-07 10:28:25
1654597706553546000,18.35,2,18.35,3,18.4,17,2,2022-06-07 10:28:26
1654597707610546000,18.4,1,18.35,3,18.4,16,1,2022-06-07 10:28:27
1654597709689366000,18.4,1,18.35,3,18.4,15,1,2022-06-07 10:28:29
1654597727017327000,18.35,2,18.35,9,18.4,14,2,2022-06-07 10:28:47
1654597728333918000,18.4,1,18.35,11,18.4,14,1,2022-06-07 10:28:48
1654597732821677000,18.4,3,18.35,17,18.4,11,1,2022-06-07 10:28:52
1654597742496222000,18.4,11,18.4,9,18.45,2,1,2022-06-07 10:29:02
1654597742912437000,18.4,9,18.25,24,18.45,2,2,2022-06-07 10:29:02
1654597742912437000,18.35,19,18.25,24,18.45,2,2,2022-06-07 10:29:02
1654597742912437000,18.3,43,18.25,24,18.45,2,2,2022-06-07 10:29:02
1654597742912437000,18.25,9,18.25,24,18.45,2,2,2022-06-07 10:29:02
1654597742964482000,18.25,1,18.25,23,18.45,2,2,2022-06-07 10:29:02
1654597746060989000,18.4,1,18.25,23,18.45,2,2,2022-06-07 10:29:06
1654597754151372000,18.3,1,18.3,2,18.4,10,2,2022-06-07 10:29:14
1654597755170083000,18.3,1,18.3,2,18.4,10,2,2022-06-07 10:29:15
1654597755782013000,18.4,10,18.3,2,18.45,2,1,2022-06-07 10:29:15
1654597766078247000,18.4,1,18.3,10,18.4,15,1,2022-06-07 10:29:26
1654597773470758000,18.3,1,18.3,50,18.4,25,2,2022-06-07 10:29:33
1654597776914505000,18.4,3,18.35,3,18.4,22,1,2022-06-07 10:29:36
1654597788168358000,18.4,10,18.35,4,18.4,12,1,2022-06-07 10:29:48
1654597788196086000,18.4,4,18.35,4,18.4,8,1,2022-06-07 10:29:48
1654597789268018000,18.4,1,18.35,4,18.45,12,1,2022-06-07 10:29:49
1654597800455119000,18.4,1,18.35,9,18.4,6,1,2022-06-07 10:30:00
1654597801552500000,18.4,1,18.35,9,18.4,5,1,2022-06-07 10:30:01
1654597804816559000,18.35,1,18.35,9,18.4,5,2,2022-06-07 10:30:04
1654597811569518000,18.35,2,18.35,6,18.4,5,2,2022-06-07 10:30:11
1654597821971904000,18.35,4,18.35,4,18.4,6,2,2022-06-07 10:30:21
1654597826692574000,18.35,5,18.3,67,18.4,10,2,2022-06-07 10:30:26
1654597827683456000,18.35,1,18.3,67,18.35,2,1,2022-06-07 10:30:27
1654597833859053000,18.35,1,18.3,68,18.35,6,1,2022-06-07 10:30:33
1654597842372052000,18.35,2,18.3,67,18.35,4,1,2022-06-07 10:30:42
1654597847675690000,18.35,1,18.3,66,18.35,3,1,2022-06-07 10:30:47
1654597849034718000,18.35,3,18.35,1,18.4,10,1,2022-06-07 10:30:49
1654597863855663000,18.4,1,18.35,17,18.4,9,1,2022-06-07 10:31:03
1654597892058232000,18.4,5,18.35,17,18.4,4,1,2022-06-07 10:31:32
1654597894549302000,18.4,1,18.35,17,18.4,3,1,2022-06-07 10:31:34
1654597895894372000,18.4,3,18.4,2,18.45,16,1,2022-06-07 10:31:35
1654597896146245000,18.4,2,18.35,17,18.4,3,2,2022-06-07 10:31:36
1654597901740518000,18.35,1,18.35,18,18.4,3,2,2022-06-07 10:31:41
1654597903430941000,18.4,1,18.35,18,18.4,2,1,2022-06-07 10:31:43
1654597906805277000,18.4,1,18.35,18,18.4,1,1,2022-06-07 10:31:46
1654597908905928000,18.4,1,18.35,18,18.45,16,1,2022-06-07 10:31:48
1654597910437295000,18.35,1,18.35,17,18.45,16,2,2022-06-07 10:31:50
1654597911993839000,18.35,2,18.35,25,18.45,16,2,2022-06-07 10:31:51
1654597922516606000,18.4,1,18.4,3,18.45,16,2,2022-06-07 10:32:02
1654597923910052000,18.4,3,18.35,28,18.4,2,2,2022-06-07 10:32:03
1654597924704374000,18.35,1,18.35,28,18.4,2,2,2022-06-07 10:32:04
1654597938966679000,18.4,3,18.35,28,18.45,17,1,2022-06-07 10:32:18
1654597946179280000,18.45,1,18.4,3,18.45,16,1,2022-06-07 10:32:26
1654597949545951000,18.4,3,18.35,12,18.45,16,2,2022-06-07 10:32:29
1654597949545951000,18.35,15,18.35,12,18.45,16,2,2022-06-07 10:32:29
1654597956698504000,18.4,1,18.35,15,18.45,16,2,2022-06-07 10:32:36
1654598001554865000,18.4,2,18.4,4,18.45,23,2,2022-06-07 10:33:21
1654598001592285000,18.4,4,18.35,17,18.45,23,2,2022-06-07 10:33:21
1654598013580229000,18.4,1,18.35,17,18.45,23,1,2022-06-07 10:33:33
1654598016731707000,18.45,1,18.35,19,18.45,22,1,2022-06-07 10:33:36
1654598036506527000,18.4,1,18.35,18,18.45,22,1,2022-06-07 10:33:56
1654598056349876000,18.4,1,18.35,24,18.4,4,1,2022-06-07 10:34:16
1654598058383895000,18.35,1,18.35,23,18.4,4,2,2022-06-07 10:34:18
1654598063384799000,18.4,4,18.4,6,18.45,22,1,2022-06-07 10:34:23
1654598080497617000,18.45,1,18.4,63,18.45,20,1,2022-06-07 10:34:40
1654598093651719000,18.45,10,18.4,73,18.45,10,1,2022-06-07 10:34:53
1654598096279605000,18.45,1,18.4,73,18.45,9,1,2022-06-07 10:34:56
1654598098025444000,18.45,5,18.4,123,18.45,4,1,2022-06-07 10:34:58
1654598099213625000,18.45,1,18.4,75,18.45,3,1,2022-06-07 10:34:59
1654598100414769000,18.45,2,18.4,75,18.45,1,1,2022-06-07 10:35:00
1654598101765766000,18.45,1,18.45,7,18.5,6,1,2022-06-07 10:35:01
1654598111225270000,18.5,2,18.45,10,18.5,4,1,2022-06-07 10:35:11
1654598111442588000,18.5,4,18.45,10,18.55,17,1,2022-06-07 10:35:11
1654598111442588000,18.55,4,18.45,10,18.55,17,1,2022-06-07 10:35:11
1654598123601288000,18.55,3,18.45,3,18.55,23,1,2022-06-07 10:35:23
1654598128460485000,18.55,1,18.45,3,18.55,24,1,2022-06-07 10:35:28
1654598132187460000,18.55,2,18.45,8,18.55,22,1,2022-06-07 10:35:32
1654598134497843000,18.55,2,18.45,8,18.55,20,1,2022-06-07 10:35:34
1654598147155964000,18.45,1,18.45,12,18.5,15,2,2022-06-07 10:35:47
1654598153121723000,18.45,2,18.45,10,18.5,15,2,2022-06-07 10:35:53
1654598161527553000,18.45,7,18.4,37,18.5,15,2,2022-06-07 10:36:01
1654598174036317000,18.45,1,18.4,25,18.45,3,2,2022-06-07 10:36:14
1654598180198395000,18.45,1,18.4,25,18.45,2,1,2022-06-07 10:36:20
1654598181392882000,18.45,2,18.4,20,18.5,18,1,2022-06-07 10:36:21
1654598181392882000,18.5,3,18.4,20,18.5,18,1,2022-06-07 10:36:21
1654598191577243000,18.5,5,18.4,20,18.5,13,1,2022-06-07 10:36:31
1654598195184412000,18.4,20,18.4,1,18.5,13,2,2022-06-07 10:36:35
1654598206161368000,18.5,1,18.4,1,18.5,12,1,2022-06-07 10:36:46
1654598206286641000,18.5,2,18.4,1,18.5,10,1,2022-06-07 10:36:46
1654598235799228000,18.45,3,18.4,13,18.5,11,2,2022-06-07 10:37:15
1654598242558685000,18.4,3,18.4,10,18.5,11,2,2022-06-07 10:37:22
1654598270264600000,18.5,5,18.4,11,18.5,8,1,2022-06-07 10:37:50
1654598290201052000,18.5,1,18.4,11,18.5,10,1,2022-06-07 10:38:10
1654598313848657000,18.45,1,18.45,1,18.5,16,2,2022-06-07 10:38:33
1654598313862386000,18.45,1,18.4,11,18.5,16,2,2022-06-07 10:38:33
1654598315346248000,18.5,1,18.4,12,18.5,17,1,2022-06-07 10:38:35
1654598325377835000,18.45,1,18.4,15,18.5,17,2,2022-06-07 10:38:45
1654598346057855000,18.4,1,18.4,14,18.45,11,2,2022-06-07 10:39:06
1654598353744771000,18.4,1,18.4,14,18.45,11,2,2022-06-07 10:39:13
1654598354226230000,18.4,10,18.4,4,18.45,11,2,2022-06-07 10:39:14
1654598354263286000,18.4,2,18.4,2,18.45,11,2,2022-06-07 10:39:14
1654598354263867000,18.4,2,18.35,14,18.45,11,2,2022-06-07 10:39:14
1654598380900070000,18.35,4,18.35,10,18.4,2,2,2022-06-07 10:39:40
1654598393483764000,18.4,2,18.35,15,18.45,11,1,2022-06-07 10:39:53
