ts,close,volume,bid_price,bid_volume,ask_price,ask_volume,tick_type,datetime
1654592402614942000,42.2,571,42.2,3,42.25,20,1,2022-06-07 09:00:02
1654592402655251000,42.2,1,42.2,2,42.25,20,2,2022-06-07 09:00:02
1654592402770917000,42.2,1,42.2,1,42.25,20,2,2022-06-07 09:00:02
1654592404126543000,42.25,1,42.2,1,42.25,19,1,2022-06-07 09:00:04
1654592404286717000,42.2,1,42.1,84,42.25,19,2,2022-06-07 09:00:04
1654592404286717000,42.15,1,42.1,84,42.25,19,2,2022-06-07 09:00:04
1654592404630284000,42.25,10,42.1,84,42.25,9,1,2022-06-07 09:00:04
1654592404646490000,42.25,9,42.1,84,42.3,8,1,2022-06-07 09:00:04
1654592404646490000,42.3,2,42.1,84,42.3,8,1,2022-06-07 09:00:04
1654592404709820000,42.3,8,42.1,84,42.35,5,1,2022-06-07 09:00:04
1654592404709820000,42.35,15,42.1,84,42.35,5,1,2022-06-07 09:00:04
1654592404894168000,42.35,1,42.1,84,42.35,4,1,2022-06-07 09:00:04
1654592404920086000,42.35,4,42.1,84,42.4,24,1,2022-06-07 09:00:04
1654592405785809000,42.4,15,42.15,7,42.4,9,1,2022-06-07 09:00:05
1654592405911896000,42.4,5,42.15,7,42.4,4,1,2022-06-07 09:00:05
1654592406327883000,42.4,4,42.25,5,42.45,2,1,2022-06-07 09:00:06
1654592406553440000,42.4,1,42.25,5,42.4,4,1,2022-06-07 09:00:06
1654592406659549000,42.25,1,42.25,4,42.4,4,2,2022-06-07 09:00:06
1654592406945000000,42.4,4,42.25,4,42.45,2,1,2022-06-07 09:00:06
1654592407243726000,42.45,1,42.35,1,42.45,7,1,2022-06-07 09:00:07
1654592407280687000,42.45,1,42.35,1,42.45,6,1,2022-06-07 09:00:07
1654592407425915000,42.45,6,42.35,1,42.5,11,1,2022-06-07 09:00:07
1654592407425915000,42.5,14,42.35,1,42.5,11,1,2022-06-07 09:00:07
1654592407456848000,42.5,3,42.35,1,42.5,8,1,2022-06-07 09:00:07
1654592407508387000,42.35,1,42.25,9,42.5,8,2,2022-06-07 09:00:07
1654592407508387000,42.25,1,42.25,9,42.5,8,2,2022-06-07 09:00:07
1654592407645494000,42.5,2,42.25,9,42.5,6,1,2022-06-07 09:00:07
1654592407741581000,42.5,6,42.4,1,42.6,25,1,2022-06-07 09:00:07
1654592407741581000,42.55,1,42.4,1,42.6,25,1,2022-06-07 09:00:07
1654592407741581000,42.6,3,42.4,1,42.6,25,1,2022-06-07 09:00:07
1654592408619128000,42.6,1,42.4,6,42.6,24,1,2022-06-07 09:00:08
1654592409947136000,42.6,3,42.4,17,42.6,21,1,2022-06-07 09:00:09
1654592410286092000,42.6,1,42.4,17,42.6,20,1,2022-06-07 09:00:10
1654592410856308000,42.55,1,42.45,1,42.55,4,1,2022-06-07 09:00:10
1654592410990405000,42.55,1,42.45,2,42.55,3,1,2022-06-07 09:00:10
1654592411022421000,42.55,2,42.45,2,42.55,1,1,2022-06-07 09:00:11
1654592411309042000,42.55,1,42.45,1,42.6,20,1,2022-06-07 09:00:11
1654592411462983000,42.55,1,42.45,1,42.55,4,1,2022-06-07 09:00:11
1654592411632865000,42.55,2,42.45,1,42.55,2,1,2022-06-07 09:00:11
1654592411655500000,42.55,1,42.45,1,42.55,1,1,2022-06-07 09:00:11
1654592411728394000,42.5,5,42.45,1,42.7,15,1,2022-06-07 09:00:11
1654592411728394000,42.55,3,42.45,1,42.7,15,1,2022-06-07 09:00:11
1654592411728394000,42.6,20,42.45,1,42.7,15,1,2022-06-07 09:00:11
1654592411728394000,42.7,2,42.45,1,42.7,15,1,2022-06-07 09:00:11
1654592411776675000,42.45,1,42.4,8,42.7,15,2,2022-06-07 09:00:11
1654592411792140000,42.4,1,42.4,7,42.7,15,2,2022-06-07 09:00:11
1654592411859486000,42.65,1,42.45,6,42.7,15,1,2022-06-07 09:00:11
1654592412363336000,42.55,3,42.5,1,42.55,2,1,2022-06-07 09:00:12
1654592412434338000,42.55,1,42.5,1,42.55,1,1,2022-06-07 09:00:12
1654592412474041000,42.55,1,42.5,1,42.65,5,1,2022-06-07 09:00:12
1654592412623348000,42.65,1,42.5,1,42.65,4,1,2022-06-07 09:00:12
1654592414028358000,42.6,1,42.55,1,42.6,1,1,2022-06-07 09:00:14
1654592414284199000,42.6,1,42.55,1,42.65,9,1,2022-06-07 09:00:14
1654592415051320000,42.6,2,42.5,3,42.55,2,2,2022-06-07 09:00:15
1654592415051320000,42.55,1,42.5,3,42.55,2,2,2022-06-07 09:00:15
1654592415075061000,42.55,1,42.5,2,42.55,1,1,2022-06-07 09:00:15
1654592415148576000,42.55,1,42.5,2,42.65,9,1,2022-06-07 09:00:15
1654592415427285000,42.65,1,42.5,2,42.65,8,1,2022-06-07 09:00:15
1654592415498245000,42.65,8,42.5,2,42.7,13,1,2022-06-07 09:00:15
1654592415498245000,42.7,2,42.5,2,42.7,13,1,2022-06-07 09:00:15
1654592415812746000,42.65,1,42.55,11,42.7,12,1,2022-06-07 09:00:15
1654592415812746000,42.7,1,42.55,11,42.7,12,1,2022-06-07 09:00:15
1654592415877843000,42.55,5,42.55,6,42.7,12,2,2022-06-07 09:00:15
1654592415947201000,42.55,1,42.55,5,42.7,12,2,2022-06-07 09:00:15
1654592416021383000,42.6,3,42.6,4,42.7,12,2,2022-06-07 09:00:16
1654592416088554000,42.7,1,42.6,4,42.7,11,1,2022-06-07 09:00:16
1654592416229290000,42.7,1,42.6,4,42.7,10,1,2022-06-07 09:00:16
1654592417068232000,42.7,1,42.6,4,42.7,9,1,2022-06-07 09:00:17
1654592417366009000,42.6,4,42.55,5,42.6,1,2,2022-06-07 09:00:17
1654592417488477000,42.6,1,42.55,5,42.75,1,1,2022-06-07 09:00:17
1654592417488477000,42.7,9,42.55,5,42.75,1,1,2022-06-07 09:00:17
1654592417488477000,42.75,1,42.55,5,42.75,1,1,2022-06-07 09:00:17
1654592417635338000,42.75,1,42.65,1,42.8,42,1,2022-06-07 09:00:17
1654592417890605000,42.8,3,42.65,1,42.8,39,1,2022-06-07 09:00:17
1654592418072617000,42.8,10,42.65,1,42.8,29,1,2022-06-07 09:00:18
1654592418178112000,42.65,1,42.6,7,42.8,29,2,2022-06-07 09:00:18
1654592418424399000,42.75,4,42.6,1,42.75,1,1,2022-06-07 09:00:18
1654592418433491000,42.6,1,42.55,7,42.75,1,2,2022-06-07 09:00:18
1654592418578798000,42.55,5,42.55,2,42.75,1,2,2022-06-07 09:00:18
1654592418703527000,42.75,1,42.55,3,42.8,25,1,2022-06-07 09:00:18
1654592418703527000,42.8,4,42.55,3,42.8,25,1,2022-06-07 09:00:18
1654592418724796000,42.55,2,42.55,1,42.8,25,2,2022-06-07 09:00:18
1654592419011711000,42.8,1,42.6,2,42.8,24,1,2022-06-07 09:00:19
1654592419228539000,42.6,1,42.6,4,42.75,10,2,2022-06-07 09:00:19
1654592419267741000,42.75,1,42.6,4,42.75,9,1,2022-06-07 09:00:19
1654592419880601000,42.65,1,42.6,7,42.75,9,2,2022-06-07 09:00:19
1654592420022431000,42.7,1,42.6,7,42.75,9,1,2022-06-07 09:00:20
1654592420477593000,42.65,8,42.4,23,42.75,14,2,2022-06-07 09:00:20
1654592420477593000,42.6,8,42.4,23,42.75,14,2,2022-06-07 09:00:20
1654592420477593000,42.55,7,42.4,23,42.75,14,2,2022-06-07 09:00:20
1654592420477593000,42.5,2,42.4,23,42.75,14,2,2022-06-07 09:00:20
1654592420477593000,42.45,8,42.4,23,42.75,14,2,2022-06-07 09:00:20
1654592420477593000,42.4,7,42.4,23,42.75,14,2,2022-06-07 09:00:20
1654592420970705000,42.7,1,42.7,3,42.75,24,1,2022-06-07 09:00:20
1654592421005744000,42.7,3,42.6,1,42.75,24,2,2022-06-07 09:00:21
1654592421007367000,42.75,1,42.6,1,42.75,23,1,2022-06-07 09:00:21
1654592421606589000,42.6,2,42.6,3,42.65,10,2,2022-06-07 09:00:21
1654592421643995000,42.6,3,42.55,2,42.65,15,2,2022-06-07 09:00:21
1654592421741540000,42.65,2,42.55,2,42.65,13,1,2022-06-07 09:00:21
1654592422222237000,42.6,1,42.55,2,42.6,9,2,2022-06-07 09:00:22
1654592422412103000,42.55,1,42.55,1,42.6,20,2,2022-06-07 09:00:22
1654592422412139000,42.55,1,42.4,23,42.6,20,2,2022-06-07 09:00:22
1654592422415924000,42.6,2,42.5,1,42.6,18,1,2022-06-07 09:00:22
1654592422827866000,42.6,5,42.5,1,42.6,22,1,2022-06-07 09:00:22
1654592422954394000,42.55,1,42.5,1,42.55,7,1,2022-06-07 09:00:22
1654592422982307000,42.5,1,42.4,23,42.45,7,2,2022-06-07 09:00:22
1654592423157737000,42.45,2,42.4,23,42.45,5,1,2022-06-07 09:00:23
1654592423216394000,42.45,1,42.4,23,42.45,4,1,2022-06-07 09:00:23
1654592423534124000,42.45,1,42.4,23,42.45,3,1,2022-06-07 09:00:23
1654592423807917000,42.4,1,42.4,22,42.45,3,2,2022-06-07 09:00:23
1654592423947272000,42.4,1,42.4,21,42.45,3,2,2022-06-07 09:00:23
1654592424147040000,42.45,1,42.4,21,42.45,2,1,2022-06-07 09:00:24
1654592424203141000,42.4,1,42.4,20,42.45,2,2,2022-06-07 09:00:24
1654592424220345000,42.4,8,42.4,12,42.45,2,2,2022-06-07 09:00:24
1654592424262847000,42.45,2,42.4,12,42.55,20,1,2022-06-07 09:00:24
1654592424349203000,42.5,1,42.4,12,42.55,1,1,2022-06-07 09:00:24
1654592424349203000,42.55,19,42.4,12,42.55,1,1,2022-06-07 09:00:24
1654592424436670000,42.4,1,42.4,11,42.55,1,2,2022-06-07 09:00:24
1654592424440170000,42.55,1,42.4,11,42.6,22,1,2022-06-07 09:00:24
1654592424483084000,42.6,4,42.4,11,42.6,18,1,2022-06-07 09:00:24
1654592424555081000,42.4,1,42.4,10,42.6,18,2,2022-06-07 09:00:24
1654592424713181000,42.4,4,42.4,6,42.6,18,2,2022-06-07 09:00:24
1654592424889287000,42.5,1,42.4,6,42.5,9,1,2022-06-07 09:00:24
1654592425257135000,42.4,2,42.4,4,42.5,19,2,2022-06-07 09:00:25
1654592425672972000,42.5,1,42.4,4,42.5,13,1,2022-06-07 09:00:25
1654592425724288000,42.5,1,42.4,4,42.5,12,1,2022-06-07 09:00:25
1654592425802317000,42.5,1,42.4,4,42.5,11,1,2022-06-07 09:00:25
1654592425840340000,42.5,1,42.4,4,42.5,10,1,2022-06-07 09:00:25
1654592425882547000,42.5,10,42.4,4,42.55,1,1,2022-06-07 09:00:25
1654592425882547000,42.55,4,42.4,4,42.55,1,1,2022-06-07 09:00:25
1654592426020661000,42.4,1,42.4,3,42.55,1,2,2022-06-07 09:00:26
1654592426056669000,42.4,3,42.35,3,42.55,1,2,2022-06-07 09:00:26
1654592426117718000,42.55,1,42.35,3,42.6,7,1,2022-06-07 09:00:26
1654592426117718000,42.6,4,42.35,3,42.6,7,1,2022-06-07 09:00:26
1654592426570154000,42.4,1,42.35,3,42.6,7,2,2022-06-07 09:00:26
1654592426990917000,42.6,1,42.45,1,42.6,6,1,2022-06-07 09:00:26
1654592427098242000,42.45,1,42.4,7,42.6,6,2,2022-06-07 09:00:27
1654592427208485000,42.6,2,42.4,7,42.6,4,1,2022-06-07 09:00:27
1654592427646830000,42.45,1,42.45,2,42.55,5,2,2022-06-07 09:00:27
1654592428051312000,42.45,2,42.35,3,42.55,5,2,2022-06-07 09:00:28
1654592428051312000,42.4,1,42.35,3,42.55,5,2,2022-06-07 09:00:28
1654592428051312000,42.35,2,42.35,3,42.55,5,2,2022-06-07 09:00:28
1654592428081513000,42.35,1,42.35,2,42.55,5,2,2022-06-07 09:00:28
1654592428654560000,42.5,1,42.45,1,42.55,5,2,2022-06-07 09:00:28
1654592428731548000,42.55,2,42.45,1,42.55,3,1,2022-06-07 09:00:28
1654592429984427000,42.5,1,42.45,1,42.5,6,1,2022-06-07 09:00:29
1654592430078162000,42.45,1,42.4,7,42.5,6,2,2022-06-07 09:00:30
1654592430450988000,42.5,2,42.45,1,42.5,4,1,2022-06-07 09:00:30
1654592430465008000,42.5,4,42.45,1,42.55,3,1,2022-06-07 09:00:30
1654592430781823000,42.5,4,42.4,8,42.55,3,2,2022-06-07 09:00:30
1654592430781823000,42.45,1,42.4,8,42.55,3,2,2022-06-07 09:00:30
1654592430781823000,42.4,2,42.4,8,42.55,3,2,2022-06-07 09:00:30
1654592431479645000,42.5,1,42.4,8,42.55,3,2,2022-06-07 09:00:31
1654592431941062000,42.4,1,42.4,9,42.55,3,2,2022-06-07 09:00:31
1654592432252253000,42.5,1,42.45,2,42.55,3,2,2022-06-07 09:00:32
1654592432640943000,42.55,13,42.45,13,42.6,7,1,2022-06-07 09:00:32
1654592432640943000,42.6,2,42.45,13,42.6,7,1,2022-06-07 09:00:32
1654592432657292000,42.45,5,42.45,8,42.6,7,2,2022-06-07 09:00:32
1654592432809663000,42.6,1,42.45,8,42.6,6,1,2022-06-07 09:00:32
1654592434382765000,42.5,1,42.45,18,42.6,6,1,2022-06-07 09:00:34
1654592434393889000,42.6,1,42.45,18,42.6,5,1,2022-06-07 09:00:34
1654592434799741000,42.5,3,42.5,1,42.55,5,2,2022-06-07 09:00:34
1654592434822209000,42.5,1,42.45,18,42.55,5,2,2022-06-07 09:00:34
1654592434849847000,42.55,5,42.45,18,42.6,5,1,2022-06-07 09:00:34
1654592435308567000,42.45,1,42.45,17,42.6,5,2,2022-06-07 09:00:35
1654592436163606000,42.6,5,42.5,1,42.6,1,1,2022-06-07 09:00:36
1654592436180566000,42.6,1,42.5,1,42.65,6,1,2022-06-07 09:00:36
1654592436534608000,42.6,1,42.5,1,42.65,6,2,2022-06-07 09:00:36
1654592437132776000,42.6,1,42.5,6,42.65,6,2,2022-06-07 09:00:37
1654592437604836000,42.6,2,42.6,5,42.65,7,2,2022-06-07 09:00:37
1654592437775807000,42.65,2,42.6,5,42.65,5,1,2022-06-07 09:00:37
1654592438388021000,42.6,1,42.6,4,42.65,5,2,2022-06-07 09:00:38
1654592438719934000,42.65,3,42.6,4,42.65,2,1,2022-06-07 09:00:38
1654592439611528000,42.6,3,42.6,1,42.65,2,2,2022-06-07 09:00:39
1654592439973309000,42.65,2,42.6,1,42.7,24,1,2022-06-07 09:00:39
1654592440953137000,42.7,1,42.65,13,42.7,23,1,2022-06-07 09:00:40
1654592441916006000,42.65,5,42.65,9,42.7,23,2,2022-06-07 09:00:41
1654592441972842000,42.65,5,42.65,4,42.7,23,2,2022-06-07 09:00:41
1654592441980243000,42.65,4,42.6,14,42.7,23,2,2022-06-07 09:00:41
1654592441980243000,42.6,1,42.6,14,42.7,23,2,2022-06-07 09:00:41
1654592442179387000,42.7,5,42.65,7,42.7,18,1,2022-06-07 09:00:42
1654592442218584000,42.7,1,42.65,7,42.7,17,1,2022-06-07 09:00:42
1654592442390424000,42.7,3,42.65,7,42.7,14,1,2022-06-07 09:00:42
1654592442415174000,42.7,3,42.65,7,42.7,11,1,2022-06-07 09:00:42
1654592442518772000,42.7,1,42.65,7,42.7,10,1,2022-06-07 09:00:42
1654592442586341000,42.7,1,42.65,7,42.7,9,1,2022-06-07 09:00:42
1654592442662159000,42.65,5,42.65,2,42.7,9,2,2022-06-07 09:00:42
1654592442695980000,42.7,2,42.65,2,42.7,7,1,2022-06-07 09:00:42
1654592443137593000,42.7,4,42.65,2,42.7,3,1,2022-06-07 09:00:43
1654592443169382000,42.7,3,42.65,2,42.75,105,1,2022-06-07 09:00:43
1654592443378061000,42.75,1,42.65,2,42.75,104,1,2022-06-07 09:00:43
1654592443383708000,42.65,1,42.65,1,42.75,104,2,2022-06-07 09:00:43
1654592443430037000,42.75,1,42.65,1,42.75,103,1,2022-06-07 09:00:43
1654592443796375000,42.7,1,42.65,1,42.7,9,1,2022-06-07 09:00:43
1654592443897191000,42.7,1,42.65,1,42.7,8,1,2022-06-07 09:00:43
1654592443929496000,42.7,2,42.65,1,42.7,6,1,2022-06-07 09:00:43
1654592444103814000,42.7,2,42.65,1,42.7,4,1,2022-06-07 09:00:44
1654592444110681000,42.7,2,42.65,1,42.7,2,1,2022-06-07 09:00:44
1654592444134456000,42.7,2,42.65,1,42.75,103,1,2022-06-07 09:00:44
1654592444198032000,42.75,1,42.65,1,42.75,102,1,2022-06-07 09:00:44
1654592445093337000,42.7,10,42.65,4,42.75,3,1,2022-06-07 09:00:45
1654592445136459000,42.7,1,42.65,4,42.75,3,1,2022-06-07 09:00:45
1654592445602942000,42.75,3,42.7,1,42.8,24,1,2022-06-07 09:00:45
1654592445602942000,42.8,2,42.7,1,42.8,24,1,2022-06-07 09:00:45
1654592445668275000,42.7,1,42.65,4,42.8,24,2,2022-06-07 09:00:45
1654592445821584000,42.8,3,42.65,4,42.8,21,1,2022-06-07 09:00:45
1654592446071800000,42.8,2,42.75,17,42.8,19,1,2022-06-07 09:00:46
1654592446114907000,42.8,5,42.75,17,42.8,14,1,2022-06-07 09:00:46
1654592446143495000,42.8,1,42.75,17,42.8,13,1,2022-06-07 09:00:46
1654592446203706000,42.75,1,42.75,16,42.8,12,2,2022-06-07 09:00:46
1654592446226764000,42.8,4,42.75,16,42.8,8,1,2022-06-07 09:00:46
1654592447127264000,42.8,4,42.75,16,42.8,5,1,2022-06-07 09:00:47
1654592447404159000,42.8,1,42.75,16,42.8,4,1,2022-06-07 09:00:47
1654592447647363000,42.75,5,42.75,12,42.8,4,2,2022-06-07 09:00:47
1654592447742766000,42.8,1,42.75,12,42.8,3,1,2022-06-07 09:00:47
1654592447881064000,42.75,10,42.75,2,42.8,3,2,2022-06-07 09:00:47
1654592448082364000,42.8,1,42.75,2,42.8,2,1,2022-06-07 09:00:48
1654592448419658000,42.8,1,42.75,2,42.85,3,1,2022-06-07 09:00:48
1654592449092608000,42.8,1,42.8,1,42.85,4,2,2022-06-07 09:00:49
1654592449534821000,42.8,1,42.75,5,42.85,4,2,2022-06-07 09:00:49
1654592449666922000,42.85,4,42.75,5,42.9,30,1,2022-06-07 09:00:49
1654592449666922000,42.9,1,42.75,5,42.9,30,1,2022-06-07 09:00:49
1654592449691076000,42.9,10,42.75,5,42.9,20,1,2022-06-07 09:00:49
1654592449857399000,42.9,1,42.75,5,42.9,19,1,2022-06-07 09:00:49
1654592450412181000,42.8,1,42.75,5,42.85,10,1,2022-06-07 09:00:50
1654592450884758000,42.85,1,42.8,5,42.85,10,1,2022-06-07 09:00:50
1654592450892877000,42.85,1,42.8,5,42.85,9,1,2022-06-07 09:00:50
1654592450955255000,42.8,1,42.8,4,42.85,9,2,2022-06-07 09:00:50
1654592450969829000,42.85,2,42.8,8,42.85,7,1,2022-06-07 09:00:50
1654592450999385000,42.85,1,42.8,8,42.85,6,1,2022-06-07 09:00:50
1654592451162574000,42.8,1,42.8,7,42.85,6,2,2022-06-07 09:00:51
1654592451165435000,42.8,1,42.8,6,42.85,6,2,2022-06-07 09:00:51
1654592451342493000,42.85,3,42.8,6,42.85,3,1,2022-06-07 09:00:51
1654592451545426000,42.85,3,42.85,7,42.9,19,1,2022-06-07 09:00:51
1654592452229257000,42.85,5,42.85,2,42.9,19,2,2022-06-07 09:00:52
1654592452385012000,42.9,2,42.85,2,42.9,17,1,2022-06-07 09:00:52
1654592452452441000,42.85,2,42.8,8,42.9,17,2,2022-06-07 09:00:52
1654592452506210000,42.9,1,42.8,14,42.9,16,1,2022-06-07 09:00:52
1654592453038918000,42.8,1,42.8,13,42.9,17,2,2022-06-07 09:00:53
1654592453210098000,42.85,1,42.8,13,42.85,9,2,2022-06-07 09:00:53
1654592453895289000,42.8,6,42.8,8,42.85,9,2,2022-06-07 09:00:53
1654592454492105000,42.85,3,42.8,10,42.85,6,1,2022-06-07 09:00:54
1654592454653629000,42.8,5,42.8,5,42.85,6,2,2022-06-07 09:00:54
1654592454716000000,42.8,3,42.8,2,42.85,6,2,2022-06-07 09:00:54
1654592455326763000,42.8,2,42.8,4,42.85,7,2,2022-06-07 09:00:55
1654592455482554000,42.85,2,42.8,5,42.85,5,1,2022-06-07 09:00:55
1654592455495581000,42.85,1,42.8,5,42.85,4,1,2022-06-07 09:00:55
1654592455841199000,42.85,4,42.85,11,42.9,17,1,2022-06-07 09:00:55
1654592455889310000,42.85,1,42.85,10,42.9,17,2,2022-06-07 09:00:55
1654592456008507000,42.9,1,42.85,10,42.9,16,1,2022-06-07 09:00:56
1654592456117751000,42.85,2,42.85,9,42.9,16,2,2022-06-07 09:00:56
1654592456683565000,42.9,1,42.85,11,42.9,15,1,2022-06-07 09:00:56
1654592456888838000,42.85,5,42.85,6,42.9,15,2,2022-06-07 09:00:56
1654592457352095000,42.85,4,42.85,12,42.9,20,2,2022-06-07 09:00:57
1654592457383951000,42.85,1,42.85,11,42.9,20,2,2022-06-07 09:00:57
1654592457593514000,42.9,1,42.85,12,42.9,20,1,2022-06-07 09:00:57
1654592457626281000,42.85,1,42.85,11,42.9,20,2,2022-06-07 09:00:57
1654592457661940000,42.85,2,42.85,9,42.9,20,2,2022-06-07 09:00:57
1654592457763057000,42.85,2,42.85,7,42.9,20,2,2022-06-07 09:00:57
1654592457819679000,42.9,2,42.85,7,42.9,18,1,2022-06-07 09:00:57
1654592458114412000,42.85,5,42.85,2,42.9,18,2,2022-06-07 09:00:58
1654592458337174000,42.85,2,42.8,21,42.85,3,2,2022-06-07 09:00:58
1654592458454572000,42.85,1,42.8,21,42.85,2,1,2022-06-07 09:00:58
1654592459150907000,42.85,1,42.8,22,42.85,1,1,2022-06-07 09:00:59
1654592459174659000,42.8,5,42.8,17,42.85,1,2,2022-06-07 09:00:59
1654592459847317000,42.85,1,42.8,17,42.85,20,1,2022-06-07 09:00:59
1654592460021173000,42.85,3,42.8,20,42.85,18,1,2022-06-07 09:01:00
1654592460221790000,42.8,1,42.8,19,42.85,18,2,2022-06-07 09:01:00
1654592460336398000,42.8,8,42.8,11,42.85,29,2,2022-06-07 09:01:00
1654592460340458000,42.85,1,42.8,11,42.85,28,1,2022-06-07 09:01:00
1654592460367224000,42.8,11,42.75,20,42.85,28,2,2022-06-07 09:01:00
1654592460425372000,42.75,2,42.75,18,42.85,28,2,2022-06-07 09:01:00
1654592460494097000,42.85,1,42.75,17,42.85,27,1,2022-06-07 09:01:00
1654592460588426000,42.8,1,42.75,17,42.85,27,2,2022-06-07 09:01:00
1654592461095555000,42.8,20,42.75,17,42.8,27,1,2022-06-07 09:01:01
1654592461125282000,42.75,7,42.75,10,42.8,35,2,2022-06-07 09:01:01
1654592461176265000,42.8,1,42.75,10,42.8,34,1,2022-06-07 09:01:01
1654592461233033000,42.8,1,42.75,10,42.8,36,1,2022-06-07 09:01:01
1654592461318455000,42.8,1,42.75,10,42.8,35,1,2022-06-07 09:01:01
1654592461332288000,42.75,10,42.7,8,42.8,40,2,2022-06-07 09:01:01
1654592461388557000,42.7,5,42.7,3,42.75,1,2,2022-06-07 09:01:01
1654592461546887000,42.75,1,42.7,3,42.8,40,1,2022-06-07 09:01:01
1654592461623649000,42.75,1,42.7,3,42.75,6,1,2022-06-07 09:01:01
1654592461767059000,42.7,1,42.7,2,42.75,14,2,2022-06-07 09:01:01
1654592461869171000,42.7,2,42.65,6,42.7,10,2,2022-06-07 09:01:01
1654592461870204000,42.7,1,42.65,6,42.7,9,1,2022-06-07 09:01:01
1654592462636991000,42.7,10,42.65,6,42.7,17,1,2022-06-07 09:01:02
1654592463004143000,42.65,1,42.65,5,42.7,24,2,2022-06-07 09:01:03
1654592463325626000,42.65,4,42.65,1,42.7,24,2,2022-06-07 09:01:03
1654592463490718000,42.65,1,42.6,26,42.65,1,2,2022-06-07 09:01:03
1654592463647174000,42.65,3,42.6,26,42.7,22,1,2022-06-07 09:01:03
1654592463647174000,42.7,2,42.6,26,42.7,22,1,2022-06-07 09:01:03
1654592463759577000,42.6,5,42.6,21,42.7,22,2,2022-06-07 09:01:03
1654592463831168000,42.65,1,42.6,21,42.65,3,1,2022-06-07 09:01:03
1654592463965928000,42.65,3,42.6,21,42.7,22,1,2022-06-07 09:01:03
1654592463965928000,42.7,1,42.6,21,42.7,22,1,2022-06-07 09:01:03
1654592464171764000,42.7,1,42.6,21,42.7,16,1,2022-06-07 09:01:04
1654592464540307000,42.6,5,42.6,16,42.65,4,2,2022-06-07 09:01:04
1654592464753472000,42.65,4,42.6,16,42.7,7,1,2022-06-07 09:01:04
1654592464753472000,42.7,6,42.6,16,42.7,7,1,2022-06-07 09:01:04
1654592465214449000,42.65,1,42.6,16,42.65,9,1,2022-06-07 09:01:05
1654592465275564000,42.6,1,42.6,15,42.65,9,2,2022-06-07 09:01:05
1654592465300420000,42.65,1,42.6,15,42.65,8,1,2022-06-07 09:01:05
1654592465395058000,42.6,1,42.6,14,42.65,8,2,2022-06-07 09:01:05
1654592465913835000,42.65,2,42.6,14,42.65,6,1,2022-06-07 09:01:05
1654592466016053000,42.65,1,42.6,14,42.65,5,1,2022-06-07 09:01:06
1654592466245390000,42.6,4,42.6,11,42.65,5,2,2022-06-07 09:01:06
1654592466277476000,42.65,5,42.6,11,42.7,2,1,2022-06-07 09:01:06
1654592466277476000,42.7,5,42.6,11,42.7,2,1,2022-06-07 09:01:06
1654592466311362000,42.6,1,42.6,10,42.7,2,2,2022-06-07 09:01:06
1654592466570661000,42.7,2,42.6,10,42.75,13,1,2022-06-07 09:01:06
1654592466570661000,42.75,1,42.6,10,42.75,13,1,2022-06-07 09:01:06
1654592466944618000,42.7,1,42.6,10,42.75,13,1,2022-06-07 09:01:06
1654592467833471000,42.7,1,42.65,1,42.7,15,1,2022-06-07 09:01:07
1654592468129760000,42.7,2,42.65,1,42.7,14,1,2022-06-07 09:01:08
1654592468149102000,42.65,1,42.6,9,42.7,14,2,2022-06-07 09:01:08
1654592468237290000,42.7,10,42.6,9,42.7,4,1,2022-06-07 09:01:08
1654592468685213000,42.6,1,42.6,8,42.7,4,2,2022-06-07 09:01:08
1654592469196444000,42.65,1,42.6,8,42.7,4,2,2022-06-07 09:01:09
1654592469343067000,42.6,2,42.6,6,42.7,4,2,2022-06-07 09:01:09
1654592469347968000,42.7,4,42.7,1,42.75,14,1,2022-06-07 09:01:09
1654592469396191000,42.7,1,42.6,6,42.7,4,2,2022-06-07 09:01:09
1654592470313662000,42.65,2,42.6,7,42.7,4,2,2022-06-07 09:01:10
1654592470804754000,42.6,1,42.6,6,42.7,4,2,2022-06-07 09:01:10
1654592471571771000,42.7,1,42.6,9,42.7,4,1,2022-06-07 09:01:11
1654592471761983000,42.7,1,42.6,10,42.7,4,1,2022-06-07 09:01:11
1654592472151748000,42.7,1,42.65,1,42.7,4,1,2022-06-07 09:01:12
1654592472256443000,42.65,1,42.6,8,42.7,4,2,2022-06-07 09:01:12
1654592472256443000,42.6,1,42.6,8,42.7,4,2,2022-06-07 09:01:12
1654592472577217000,42.7,4,42.65,11,42.75,9,1,2022-06-07 09:01:12
1654592472590615000,42.75,1,42.65,11,42.75,8,1,2022-06-07 09:01:12
1654592473326150000,42.65,1,42.65,10,42.7,11,2,2022-06-07 09:01:13
1654592473352685000,42.7,3,42.65,10,42.7,8,1,2022-06-07 09:01:13
1654592473391474000,42.65,1,42.65,9,42.7,8,2,2022-06-07 09:01:13
1654592473563859000,42.65,2,42.65,7,42.7,8,2,2022-06-07 09:01:13
1654592473890373000,42.7,8,42.65,7,42.75,9,1,2022-06-07 09:01:13
1654592473968392000,42.65,1,42.65,6,42.75,9,2,2022-06-07 09:01:13
1654592473999125000,42.65,1,42.65,5,42.75,9,2,2022-06-07 09:01:13
1654592475573942000,42.75,1,42.7,1,42.75,8,1,2022-06-07 09:01:15
1654592475691462000,42.75,1,42.7,1,42.75,7,1,2022-06-07 09:01:15
1654592475703813000,42.75,5,42.7,1,42.75,2,1,2022-06-07 09:01:15
1654592475744553000,42.75,2,42.7,1,42.8,31,1,2022-06-07 09:01:15
1654592475884758000,42.7,1,42.7,1,42.8,31,2,2022-06-07 09:01:15
1654592476124277000,42.7,1,42.65,13,42.8,31,2,2022-06-07 09:01:16
1654592476187258000,42.8,1,42.65,13,42.8,30,1,2022-06-07 09:01:16
1654592476318354000,42.7,1,42.75,1,42.8,30,1,2022-06-07 09:01:16
1654592476318354000,42.75,10,42.75,1,42.8,30,1,2022-06-07 09:01:16
1654592477132073000,42.75,1,42.7,2,42.75,1,2,2022-06-07 09:01:17
1654592477181567000,42.7,1,42.7,1,42.75,1,2,2022-06-07 09:01:17
1654592477564226000,42.75,1,42.7,1,42.8,30,1,2022-06-07 09:01:17
1654592477699711000,42.7,1,42.65,14,42.8,30,2,2022-06-07 09:01:17
1654592477827554000,42.75,5,42.65,14,42.75,6,1,2022-06-07 09:01:17
1654592477897622000,42.65,3,42.65,11,42.75,6,2,2022-06-07 09:01:17
1654592478880415000,42.7,2,42.7,3,42.75,6,2,2022-06-07 09:01:18
1654592478952616000,42.7,1,42.7,2,42.75,6,2,2022-06-07 09:01:18
1654592479212038000,42.75,6,42.7,2,42.8,26,1,2022-06-07 09:01:19
1654592479212038000,42.8,4,42.7,2,42.8,26,1,2022-06-07 09:01:19
1654592480138320000,42.7,1,42.7,1,42.8,27,2,2022-06-07 09:01:20
1654592480860176000,42.8,5,42.7,3,42.8,22,1,2022-06-07 09:01:20
1654592481038988000,42.7,2,42.7,1,42.8,22,2,2022-06-07 09:01:21
1654592481186970000,42.7,1,42.65,15,42.8,22,2,2022-06-07 09:01:21
1654592481375877000,42.75,1,42.65,11,42.8,22,2,2022-06-07 09:01:21
1654592481375877000,42.65,4,42.65,11,42.8,22,2,2022-06-07 09:01:21
1654592481907939000,42.7,1,42.65,2,42.8,22,2,2022-06-07 09:01:21
1654592481907939000,42.65,9,42.65,2,42.8,22,2,2022-06-07 09:01:21
1654592481974855000,42.75,1,42.75,3,42.8,22,1,2022-06-07 09:01:21
1654592482029196000,42.75,1,42.75,2,42.8,22,2,2022-06-07 09:01:22
1654592482336050000,42.8,6,42.75,2,42.8,16,1,2022-06-07 09:01:22
1654592484369022000,42.75,2,42.7,5,42.75,1,2,2022-06-07 09:01:24
1654592484464403000,42.75,1,42.7,5,42.8,19,1,2022-06-07 09:01:24
1654592484822155000,42.8,1,42.7,6,42.8,18,1,2022-06-07 09:01:24
1654592485328712000,42.8,1,42.7,6,42.8,18,1,2022-06-07 09:01:25
1654592485363886000,42.8,1,42.7,6,42.8,17,1,2022-06-07 09:01:25
1654592486096474000,42.8,2,42.75,10,42.8,15,1,2022-06-07 09:01:26
1654592486136363000,42.8,9,42.75,15,42.8,6,1,2022-06-07 09:01:26
1654592486449377000,42.8,2,42.75,15,42.8,10,1,2022-06-07 09:01:26
1654592486618770000,42.75,1,42.75,14,42.8,10,2,2022-06-07 09:01:26
1654592486700698000,42.8,4,42.75,14,42.8,6,1,2022-06-07 09:01:26
1654592487322389000,42.8,1,42.75,14,42.8,6,1,2022-06-07 09:01:27
1654592487472922000,42.8,2,42.75,14,42.8,4,1,2022-06-07 09:01:27
1654592487507163000,42.8,4,42.75,14,42.85,21,1,2022-06-07 09:01:27
1654592487570758000,42.8,1,42.8,2,42.85,21,2,2022-06-07 09:01:27
1654592488425502000,42.85,2,42.8,2,42.85,19,1,2022-06-07 09:01:28
1654592489268789000,42.85,2,42.8,3,42.85,21,1,2022-06-07 09:01:29
1654592489523199000,42.85,1,42.8,3,42.85,20,1,2022-06-07 09:01:29
1654592489731380000,42.85,1,42.8,3,42.85,19,1,2022-06-07 09:01:29
1654592490341332000,42.85,1,42.8,3,42.85,18,1,2022-06-07 09:01:30
1654592490907049000,42.85,1,42.8,3,42.85,17,1,2022-06-07 09:01:30
1654592491079335000,42.85,2,42.8,3,42.85,15,1,2022-06-07 09:01:31
1654592491114583000,42.85,1,42.8,7,42.85,14,1,2022-06-07 09:01:31
1654592491444475000,42.85,2,42.8,7,42.85,12,1,2022-06-07 09:01:31
1654592491471076000,42.85,2,42.8,7,42.85,10,1,2022-06-07 09:01:31
1654592491488684000,42.8,1,42.8,6,42.85,10,2,2022-06-07 09:01:31
1654592491961914000,42.85,5,42.8,8,42.85,5,1,2022-06-07 09:01:31
1654592492159536000,42.85,5,42.8,8,42.9,5,1,2022-06-07 09:01:32
1654592492159536000,42.9,6,42.8,8,42.9,5,1,2022-06-07 09:01:32
1654592492517344000,42.85,1,42.85,2,42.9,5,2,2022-06-07 09:01:32
1654592492687714000,42.9,5,42.85,2,42.95,6,1,2022-06-07 09:01:32
1654592492687714000,42.95,5,42.85,2,42.95,6,1,2022-06-07 09:01:32
1654592493251664000,42.95,1,42.85,2,42.95,5,1,2022-06-07 09:01:33
1654592493586364000,42.95,5,42.9,9,43.0,11,1,2022-06-07 09:01:33
1654592493753507000,42.9,1,42.9,8,43.0,11,2,2022-06-07 09:01:33
1654592493789639000,43.0,11,42.9,8,43.1,10,1,2022-06-07 09:01:33
1654592494070219000,43.05,2,43.05,8,43.1,10,2,2022-06-07 09:01:34
1654592494107555000,43.1,5,43.05,8,43.1,5,1,2022-06-07 09:01:34
1654592494240379000,43.1,1,43.05,9,43.1,4,1,2022-06-07 09:01:34
1654592495123279000,43.1,4,43.05,9,43.15,1,1,2022-06-07 09:01:35
1654592495683970000,43.15,1,43.05,9,43.2,10,1,2022-06-07 09:01:35
1654592496657025000,43.2,1,43.05,10,43.2,9,1,2022-06-07 09:01:36
1654592496912170000,43.2,5,43.05,10,43.2,4,1,2022-06-07 09:01:36
1654592497098283000,43.2,1,43.05,10,43.2,3,1,2022-06-07 09:01:37
1654592497224092000,43.2,3,43.05,12,43.25,2,1,2022-06-07 09:01:37
1654592497388781000,43.25,2,43.05,12,43.3,6,1,2022-06-07 09:01:37
1654592497432852000,43.1,5,43.1,1,43.3,6,2,2022-06-07 09:01:37
1654592497701069000,43.25,5,43.1,1,43.3,6,1,2022-06-07 09:01:37
1654592497777577000,43.3,1,43.1,2,43.3,5,1,2022-06-07 09:01:37
1654592497995380000,43.3,1,43.1,4,43.3,4,1,2022-06-07 09:01:37
1654592498191486000,43.3,1,43.1,4,43.3,3,1,2022-06-07 09:01:38
1654592498351027000,43.3,1,43.1,4,43.3,2,1,2022-06-07 09:01:38
1654592498504405000,43.3,1,43.1,4,43.3,1,1,2022-06-07 09:01:38
1654592498978825000,43.3,1,43.1,10,43.35,7,1,2022-06-07 09:01:38
1654592498978825000,43.35,1,43.1,10,43.35,7,1,2022-06-07 09:01:38
1654592499008954000,43.35,1,43.1,10,43.35,6,1,2022-06-07 09:01:39
1654592499114485000,43.35,3,43.1,12,43.35,3,1,2022-06-07 09:01:39
1654592499414223000,43.15,1,43.15,4,43.35,3,2,2022-06-07 09:01:39
1654592499454120000,43.35,3,43.15,4,43.5,7,1,2022-06-07 09:01:39
1654592499454120000,43.4,12,43.15,4,43.5,7,1,2022-06-07 09:01:39
1654592499454120000,43.5,20,43.15,4,43.5,7,1,2022-06-07 09:01:39
1654592499651542000,43.2,1,43.2,6,43.5,7,2,2022-06-07 09:01:39
1654592499849212000,43.35,1,43.25,1,43.35,6,1,2022-06-07 09:01:39
1654592500430097000,43.35,1,43.3,1,43.35,5,1,2022-06-07 09:01:40
1654592500435259000,43.35,1,43.3,1,43.35,4,1,2022-06-07 09:01:40
1654592500526998000,43.35,4,43.3,1,43.5,8,1,2022-06-07 09:01:40
1654592500526998000,43.45,1,43.3,1,43.5,8,1,2022-06-07 09:01:40
1654592500719725000,43.3,2,43.3,9,43.5,8,2,2022-06-07 09:01:40
1654592502244794000,43.4,1,43.35,2,43.45,1,2,2022-06-07 09:01:42
1654592502455583000,43.35,1,43.35,1,43.45,1,2,2022-06-07 09:01:42
1654592502578347000,43.45,1,43.35,2,43.6,10,1,2022-06-07 09:01:42
1654592502578347000,43.5,8,43.35,2,43.6,10,1,2022-06-07 09:01:42
1654592502578347000,43.6,2,43.35,2,43.6,10,1,2022-06-07 09:01:42
1654592504866378000,43.45,1,43.4,2,43.45,11,1,2022-06-07 09:01:44
1654592504874007000,43.45,2,43.4,2,43.45,9,1,2022-06-07 09:01:44
1654592504895707000,43.4,1,43.4,1,43.45,9,2,2022-06-07 09:01:44
1654592505179248000,43.4,1,43.35,3,43.45,9,2,2022-06-07 09:01:45
1654592505179248000,43.35,4,43.35,3,43.45,9,2,2022-06-07 09:01:45
1654592505248533000,43.45,9,0.0,0,0.0,0,1,2022-06-07 09:01:45
1654592505248533000,43.5,10,0.0,0,0.0,0,1,2022-06-07 09:01:45
1654592505248533000,43.55,2,0.0,0,0.0,0,1,2022-06-07 09:01:45
1654592505248533000,43.6,10,0.0,0,0.0,0,1,2022-06-07 09:01:45
1654592505248533000,43.6,0,0.0,0,0.0,0,1,2022-06-07 09:01:45
1654592626410579000,43.45,371,43.4,30,43.45,68,2,2022-06-07 09:03:46
1654592626452665000,43.4,16,43.4,14,43.45,68,2,2022-06-07 09:03:46
1654592626452786000,43.4,14,43.35,13,43.45,68,2,2022-06-07 09:03:46
1654592626548885000,43.35,13,43.3,3,43.4,5,2,2022-06-07 09:03:46
1654592626610442000,43.3,3,43.25,1,43.35,2,2,2022-06-07 09:03:46
1654592626653814000,43.25,1,43.2,4,43.35,2,2,2022-06-07 09:03:46
1654592626653814000,43.2,5,43.2,4,43.35,2,2,2022-06-07 09:03:46
1654592626676871000,43.2,1,43.2,3,43.35,2,2,2022-06-07 09:03:46
1654592626949725000,43.2,2,43.2,8,43.3,1,2,2022-06-07 09:03:46
1654592626999536000,43.2,2,43.2,6,43.3,1,2,2022-06-07 09:03:46
1654592627019293000,43.2,2,43.2,4,43.3,1,2,2022-06-07 09:03:47
1654592627027151000,43.2,2,43.2,2,43.3,1,2,2022-06-07 09:03:47
1654592627056608000,43.2,2,43.15,6,43.3,1,2,2022-06-07 09:03:47
1654592627098339000,43.15,4,43.15,2,43.3,1,2,2022-06-07 09:03:47
1654592627130690000,43.15,2,43.1,15,43.3,1,2,2022-06-07 09:03:47
1654592627256024000,43.1,9,43.1,6,43.25,1,2,2022-06-07 09:03:47
1654592628510098000,43.1,6,43.05,7,43.1,15,2,2022-06-07 09:03:48
1654592628545672000,43.05,1,43.05,6,43.1,15,2,2022-06-07 09:03:48
1654592628666616000,43.05,1,43.05,5,43.1,15,2,2022-06-07 09:03:48
1654592629705397000,43.1,2,43.05,6,43.15,21,2,2022-06-07 09:03:49
1654592629705397000,43.05,2,43.05,6,43.15,21,2,2022-06-07 09:03:49
1654592629790919000,43.15,5,43.05,6,43.15,16,1,2022-06-07 09:03:49
1654592629829255000,43.15,3,43.05,6,43.15,13,1,2022-06-07 09:03:49
1654592629834980000,43.15,10,43.05,6,43.15,3,1,2022-06-07 09:03:49
1654592629876418000,43.1,1,43.1,1,43.15,3,2,2022-06-07 09:03:49
1654592629877393000,43.1,1,43.05,6,43.15,3,2,2022-06-07 09:03:49
1654592629933661000,43.1,1,43.05,6,43.15,3,1,2022-06-07 09:03:49
1654592629974657000,43.1,1,43.05,6,43.15,3,1,2022-06-07 09:03:49
1654592630008116000,43.05,2,43.05,4,43.15,3,2,2022-06-07 09:03:50
1654592630055645000,43.1,1,43.05,4,43.15,3,1,2022-06-07 09:03:50
1654592630218454000,43.1,2,43.1,5,43.15,2,2,2022-06-07 09:03:50
1654592630479906000,43.1,1,43.1,4,43.15,2,2,2022-06-07 09:03:50
1654592630609131000,43.15,2,43.1,4,43.25,2,1,2022-06-07 09:03:50
1654592630887228000,43.25,2,43.1,4,43.3,2,1,2022-06-07 09:03:50
1654592631508730000,43.15,5,43.1,4,43.15,16,2,2022-06-07 09:03:51
1654592631646945000,43.1,1,43.1,3,43.15,16,2,2022-06-07 09:03:51
1654592631794106000,43.15,5,43.1,3,43.15,11,1,2022-06-07 09:03:51
1654592632813782000,43.1,1,43.1,3,43.25,1,2,2022-06-07 09:03:52
1654592633304163000,43.15,1,43.1,5,43.25,1,2,2022-06-07 09:03:53
1654592633522804000,43.1,5,43.05,15,43.1,6,2,2022-06-07 09:03:53
1654592633548763000,43.1,6,43.05,15,43.25,1,1,2022-06-07 09:03:53
1654592633581490000,43.1,1,43.05,15,43.25,1,1,2022-06-07 09:03:53
1654592634834155000,43.15,1,43.15,6,43.2,1,2,2022-06-07 09:03:54
1654592635656987000,43.15,1,43.15,5,43.2,1,2,2022-06-07 09:03:55
1654592637039452000,43.2,1,43.15,5,43.25,2,1,2022-06-07 09:03:57
1654592637159988000,43.15,3,43.15,2,43.25,2,2,2022-06-07 09:03:57
1654592637201859000,43.15,2,43.1,10,43.25,2,2,2022-06-07 09:03:57
1654592637721700000,43.1,10,43.0,37,43.25,3,2,2022-06-07 09:03:57
1654592637721700000,43.05,6,43.0,37,43.25,3,2,2022-06-07 09:03:57
1654592637721700000,43.0,9,43.0,37,43.25,3,2,2022-06-07 09:03:57
1654592638063474000,43.15,5,43.0,37,43.15,2,1,2022-06-07 09:03:58
1654592638189561000,43.15,1,43.0,37,43.15,1,1,2022-06-07 09:03:58
1654592638424976000,43.15,1,43.0,37,43.2,3,1,2022-06-07 09:03:58
1654592638925250000,43.0,1,43.0,40,43.05,1,2,2022-06-07 09:03:58
1654592639098808000,43.05,1,43.0,40,43.2,9,1,2022-06-07 09:03:59
1654592639160329000,43.0,1,43.0,39,43.2,9,2,2022-06-07 09:03:59
1654592639416389000,43.0,15,43.0,24,43.1,5,2,2022-06-07 09:03:59
1654592639577146000,43.0,2,43.0,22,43.05,4,2,2022-06-07 09:03:59
1654592639729639000,43.0,1,43.0,21,43.05,4,2,2022-06-07 09:03:59
1654592639849538000,43.0,1,43.0,20,43.05,4,2,2022-06-07 09:03:59
1654592639946678000,43.0,1,43.0,19,43.05,4,2,2022-06-07 09:03:59
1654592640479871000,43.0,1,43.0,18,43.05,4,2,2022-06-07 09:04:00
1654592640659449000,43.0,1,43.0,17,43.05,4,2,2022-06-07 09:04:00
1654592641366438000,43.0,1,43.0,16,43.05,4,2,2022-06-07 09:04:01
1654592641418491000,43.05,1,43.0,16,43.05,3,1,2022-06-07 09:04:01
1654592642059748000,43.0,5,43.0,11,43.05,3,2,2022-06-07 09:04:02
1654592642102390000,43.0,1,43.0,10,43.05,3,2,2022-06-07 09:04:02
1654592642140605000,43.0,10,42.9,7,43.05,3,2,2022-06-07 09:04:02
1654592642140605000,42.95,4,42.9,7,43.05,3,2,2022-06-07 09:04:02
1654592642140605000,42.9,1,42.9,7,43.05,3,2,2022-06-07 09:04:02
1654592642180485000,42.9,7,42.85,4,43.05,3,2,2022-06-07 09:04:02
1654592642180485000,42.85,17,42.85,4,43.05,3,2,2022-06-07 09:04:02
1654592642646829000,42.9,1,42.75,6,43.0,5,2,2022-06-07 09:04:02
1654592642646829000,42.85,4,42.75,6,43.0,5,2,2022-06-07 09:04:02
1654592642646829000,42.8,10,42.75,6,43.0,5,2,2022-06-07 09:04:02
1654592642646829000,42.75,8,42.75,6,43.0,5,2,2022-06-07 09:04:02
1654592642833946000,42.75,6,42.7,67,42.8,1,2,2022-06-07 09:04:02
1654592642833946000,42.7,5,42.7,67,42.8,1,2,2022-06-07 09:04:02
1654592642843096000,42.7,2,42.7,65,42.8,1,2,2022-06-07 09:04:02
1654592642902230000,42.75,1,42.7,65,42.8,1,1,2022-06-07 09:04:02
1654592642908173000,42.8,1,42.7,65,42.95,8,1,2022-06-07 09:04:02
1654592643183137000,42.75,2,42.7,65,42.95,9,1,2022-06-07 09:04:03
1654592643557307000,42.7,2,42.7,63,42.9,1,2,2022-06-07 09:04:03
1654592643769871000,42.8,1,42.8,4,42.9,1,2,2022-06-07 09:04:03
1654592643943660000,42.8,1,42.8,3,42.9,1,2,2022-06-07 09:04:03
1654592643977426000,42.8,1,42.8,2,42.9,1,2,2022-06-07 09:04:03
1654592644166995000,42.85,1,42.8,2,42.9,1,1,2022-06-07 09:04:04
1654592644301074000,42.8,2,42.7,61,42.85,1,2,2022-06-07 09:04:04
1654592644301074000,42.75,1,42.7,61,42.85,1,2,2022-06-07 09:04:04
1654592644301074000,42.7,2,42.7,61,42.85,1,2,2022-06-07 09:04:04
1654592644335840000,42.7,4,42.7,57,42.85,1,2,2022-06-07 09:04:04
1654592645115530000,42.75,2,42.7,57,42.75,3,2,2022-06-07 09:04:05
1654592645146031000,42.75,3,42.7,57,42.8,1,1,2022-06-07 09:04:05
1654592645793419000,42.75,1,42.7,57,42.8,2,2,2022-06-07 09:04:05
1654592646172196000,42.75,1,42.75,3,42.8,2,2,2022-06-07 09:04:06
1654592646183265000,42.75,1,42.75,2,42.8,2,2,2022-06-07 09:04:06
1654592646235630000,42.75,1,42.75,1,42.8,2,2,2022-06-07 09:04:06
1654592646330277000,42.75,1,42.7,57,42.75,1,2,2022-06-07 09:04:06
1654592646365108000,42.75,1,42.7,57,42.8,2,1,2022-06-07 09:04:06
1654592646373200000,42.8,1,42.7,57,42.8,1,1,2022-06-07 09:04:06
1654592646408311000,42.7,1,42.7,56,42.8,1,2,2022-06-07 09:04:06
1654592646666286000,42.7,16,42.7,40,42.8,1,2,2022-06-07 09:04:06
1654592646747045000,42.75,1,42.7,40,42.8,1,1,2022-06-07 09:04:06
1654592647007062000,42.7,20,42.7,20,42.8,1,2,2022-06-07 09:04:07
1654592647075378000,42.75,3,42.7,20,42.75,4,1,2022-06-07 09:04:07
1654592647113489000,42.75,4,42.7,20,42.8,2,1,2022-06-07 09:04:07
1654592647119346000,42.7,1,42.7,19,42.8,2,2,2022-06-07 09:04:07
1654592647127707000,42.8,2,42.7,19,42.9,2,1,2022-06-07 09:04:07
1654592647127707000,42.85,1,42.7,19,42.9,2,1,2022-06-07 09:04:07
1654592647127707000,42.9,2,42.7,19,42.9,2,1,2022-06-07 09:04:07
1654592647259226000,42.75,1,42.75,2,42.85,1,2,2022-06-07 09:04:07
1654592647432313000,42.75,1,42.75,1,42.85,1,2,2022-06-07 09:04:07
1654592647442264000,42.75,1,42.65,14,42.85,1,2,2022-06-07 09:04:07
1654592647442264000,42.7,19,42.65,14,42.85,1,2,2022-06-07 09:04:07
1654592647562580000,42.65,1,42.65,13,42.85,1,2,2022-06-07 09:04:07
1654592647604328000,42.65,1,42.65,12,42.75,20,2,2022-06-07 09:04:07
1654592647608385000,42.75,1,42.65,12,42.75,19,1,2022-06-07 09:04:07
1654592647770447000,42.7,1,42.65,12,42.75,19,1,2022-06-07 09:04:07
1654592648541800000,42.7,1,42.7,1,42.75,29,2,2022-06-07 09:04:08
1654592648623234000,42.75,10,42.7,1,42.75,19,1,2022-06-07 09:04:08
1654592648743243000,42.7,1,42.65,12,42.75,19,2,2022-06-07 09:04:08
1654592649274202000,42.75,2,42.65,12,42.75,17,1,2022-06-07 09:04:09
1654592649355878000,42.75,1,42.65,12,42.75,16,1,2022-06-07 09:04:09
1654592649549447000,42.7,1,42.7,1,42.75,16,2,2022-06-07 09:04:09
1654592650042299000,42.7,1,42.65,7,42.75,10,2,2022-06-07 09:04:10
1654592650042299000,42.65,4,42.65,7,42.75,10,2,2022-06-07 09:04:10
1654592650136422000,42.7,2,42.7,3,42.75,10,1,2022-06-07 09:04:10
1654592650982219000,42.75,5,42.7,6,42.75,5,1,2022-06-07 09:04:10
1654592651001868000,42.75,2,42.7,6,42.75,3,1,2022-06-07 09:04:11
1654592651092537000,42.75,3,42.7,6,42.95,1,1,2022-06-07 09:04:11
1654592651092537000,42.85,1,42.7,6,42.95,1,1,2022-06-07 09:04:11
1654592651092537000,42.9,3,42.7,6,42.95,1,1,2022-06-07 09:04:11
1654592651092537000,42.95,1,42.7,6,42.95,1,1,2022-06-07 09:04:11
1654592651121640000,42.7,6,42.65,7,42.7,6,2,2022-06-07 09:04:11
1654592651128986000,42.7,1,42.65,7,42.7,5,1,2022-06-07 09:04:11
1654592651156242000,42.7,4,42.65,7,42.7,1,1,2022-06-07 09:04:11
1654592651161194000,42.65,1,42.65,6,42.7,1,2,2022-06-07 09:04:11
1654592651166434000,42.7,1,42.65,6,42.95,1,1,2022-06-07 09:04:11
1654592651882855000,42.7,1,42.7,13,42.85,1,2,2022-06-07 09:04:11
1654592652053007000,42.8,1,42.7,15,42.85,1,2,2022-06-07 09:04:12
1654592652053007000,42.7,4,42.7,15,42.85,1,2,2022-06-07 09:04:12
1654592652411728000,42.85,3,42.75,5,42.95,5,1,2022-06-07 09:04:12
1654592652411728000,42.95,2,42.75,5,42.95,5,1,2022-06-07 09:04:12
1654592652600148000,42.8,1,42.75,7,42.95,5,2,2022-06-07 09:04:12
1654592652841359000,42.95,1,42.75,8,42.95,4,1,2022-06-07 09:04:12
1654592653059823000,42.8,1,42.75,9,42.95,4,2,2022-06-07 09:04:13
1654592653558641000,42.8,1,42.75,6,42.9,1,2,2022-06-07 09:04:13
1654592653595431000,42.8,1,42.8,2,42.9,1,2,2022-06-07 09:04:13
1654592653701553000,42.8,2,42.75,5,42.9,1,2,2022-06-07 09:04:13
1654592653701553000,42.75,1,42.75,5,42.9,1,2,2022-06-07 09:04:13
1654592654008905000,42.9,1,42.75,5,42.95,5,1,2022-06-07 09:04:14
1654592655242608000,42.8,2,42.75,5,42.9,8,2,2022-06-07 09:04:15
1654592656058340000,42.9,5,42.75,7,42.9,3,1,2022-06-07 09:04:16
1654592657629693000,42.8,1,42.75,7,42.8,6,1,2022-06-07 09:04:17
1654592657934055000,42.8,5,42.75,5,42.8,4,1,2022-06-07 09:04:17
1654592658058150000,42.8,4,42.8,16,42.85,1,1,2022-06-07 09:04:18
1654592660189105000,42.85,1,42.8,40,42.9,12,1,2022-06-07 09:04:20
1654592661160330000,42.9,2,42.85,1,42.9,10,1,2022-06-07 09:04:21
1654592661165886000,42.9,1,42.85,1,42.9,9,1,2022-06-07 09:04:21
1654592661745334000,42.85,1,42.85,1,42.9,9,2,2022-06-07 09:04:21
1654592661795416000,42.85,1,42.8,34,42.9,9,2,2022-06-07 09:04:21
1654592661795416000,42.8,9,42.8,34,42.9,9,2,2022-06-07 09:04:21
1654592662083469000,42.85,1,42.85,3,42.9,9,2,2022-06-07 09:04:22
1654592662221901000,42.9,9,42.85,3,42.95,13,1,2022-06-07 09:04:22
1654592662221901000,42.95,1,42.85,3,42.95,13,1,2022-06-07 09:04:22
1654592662263609000,42.85,1,42.85,2,42.95,13,2,2022-06-07 09:04:22
1654592662722340000,42.85,1,42.85,12,42.95,13,2,2022-06-07 09:04:22
1654592662913269000,42.85,1,42.85,11,42.95,13,2,2022-06-07 09:04:22
1654592663232502000,42.85,1,42.85,10,42.95,13,2,2022-06-07 09:04:23
1654592663378748000,42.9,1,42.85,10,42.95,13,2,2022-06-07 09:04:23
1654592663820849000,42.95,1,42.85,10,42.95,12,1,2022-06-07 09:04:23
1654592665172456000,42.95,3,42.9,2,42.95,9,1,2022-06-07 09:04:25
1654592665284202000,42.9,2,42.85,7,42.95,9,2,2022-06-07 09:04:25
1654592665284202000,42.85,3,42.85,7,42.95,9,2,2022-06-07 09:04:25
1654592665359297000,42.95,1,42.85,7,42.95,8,1,2022-06-07 09:04:25
1654592665544357000,42.95,1,42.85,9,42.95,7,1,2022-06-07 09:04:25
1654592666083557000,42.9,1,42.85,10,42.95,7,1,2022-06-07 09:04:26
1654592666890044000,42.95,7,42.9,3,43.0,9,1,2022-06-07 09:04:26
1654592666890044000,43.0,13,42.9,3,43.0,9,1,2022-06-07 09:04:26
1654592667081150000,43.0,1,42.9,3,43.0,8,1,2022-06-07 09:04:27
1654592668146950000,42.95,5,42.95,2,43.0,8,2,2022-06-07 09:04:28
1654592668435244000,43.0,1,42.95,4,43.0,7,1,2022-06-07 09:04:28
1654592668638137000,43.0,1,42.95,5,43.0,6,1,2022-06-07 09:04:28
1654592668643326000,43.0,3,42.95,5,43.0,3,1,2022-06-07 09:04:28
1654592668670487000,43.0,1,42.95,5,43.0,2,1,2022-06-07 09:04:28
1654592668670585000,43.0,2,42.95,5,43.05,3,1,2022-06-07 09:04:28
1654592668751402000,43.05,2,42.95,5,43.05,1,1,2022-06-07 09:04:28
1654592669694118000,43.05,1,43.0,3,43.15,8,1,2022-06-07 09:04:29
1654592669694118000,43.1,2,43.0,3,43.15,8,1,2022-06-07 09:04:29
1654592669694118000,43.15,2,43.0,3,43.15,8,1,2022-06-07 09:04:29
1654592669850580000,43.05,2,43.0,3,43.05,2,1,2022-06-07 09:04:29
1654592669850598000,43.05,2,43.0,3,43.15,8,1,2022-06-07 09:04:29
1654592671481518000,43.05,1,43.05,1,43.1,1,2,2022-06-07 09:04:31
1654592671517432000,43.05,1,43.0,8,43.1,1,2,2022-06-07 09:04:31
1654592672069430000,43.1,1,43.0,12,43.15,10,1,2022-06-07 09:04:32
1654592672069430000,43.15,1,43.0,12,43.15,10,1,2022-06-07 09:04:32
1654592672703704000,43.1,1,43.0,14,43.15,10,2,2022-06-07 09:04:32
1654592674658940000,43.1,1,43.05,8,43.15,10,2,2022-06-07 09:04:34
1654592674918395000,43.15,2,43.1,1,43.15,8,1,2022-06-07 09:04:34
1654592675329989000,43.1,1,43.05,8,43.15,8,2,2022-06-07 09:04:35
1654592676217718000,43.05,2,43.05,6,43.15,8,2,2022-06-07 09:04:36
1654592677049336000,43.15,1,43.1,1,43.15,7,1,2022-06-07 09:04:37
1654592677234400000,43.15,7,43.1,1,43.2,13,1,2022-06-07 09:04:37
1654592677234400000,43.2,3,43.1,1,43.2,13,1,2022-06-07 09:04:37
1654592677542788000,43.1,2,43.0,15,43.2,13,2,2022-06-07 09:04:37
1654592677542788000,43.05,1,43.0,15,43.2,13,2,2022-06-07 09:04:37
1654592677542788000,43.0,7,43.0,15,43.2,13,2,2022-06-07 09:04:37
1654592677705999000,43.2,2,43.0,15,43.2,11,1,2022-06-07 09:04:37
1654592677777524000,43.1,2,43.0,15,43.1,1,2,2022-06-07 09:04:37
1654592677928755000,43.1,1,43.15,1,43.2,11,1,2022-06-07 09:04:37
1654592678229993000,43.2,1,43.15,1,43.2,10,1,2022-06-07 09:04:38
1654592678435978000,43.2,2,43.15,1,43.2,8,1,2022-06-07 09:04:38
1654592678490159000,43.2,8,43.15,1,43.3,1,1,2022-06-07 09:04:38
1654592678490159000,43.25,4,43.15,1,43.3,1,1,2022-06-07 09:04:38
1654592678490159000,43.3,3,43.15,1,43.3,1,1,2022-06-07 09:04:38
1654592678796868000,43.15,1,43.0,14,43.3,1,2,2022-06-07 09:04:38
1654592678796868000,43.05,1,43.0,14,43.3,1,2,2022-06-07 09:04:38
1654592678796868000,43.0,2,43.0,14,43.3,1,2,2022-06-07 09:04:38
1654592679026587000,43.25,1,43.0,14,43.4,11,1,2022-06-07 09:04:39
1654592679026587000,43.3,1,43.0,14,43.4,11,1,2022-06-07 09:04:39
1654592679026587000,43.35,8,43.0,14,43.4,11,1,2022-06-07 09:04:39
1654592679031738000,43.4,1,43.0,16,43.4,10,1,2022-06-07 09:04:39
1654592679077843000,43.05,1,43.05,6,43.4,10,2,2022-06-07 09:04:39
1654592679393852000,43.4,1,43.1,21,43.4,9,1,2022-06-07 09:04:39
1654592679733733000,43.4,1,43.15,1,43.4,8,1,2022-06-07 09:04:39
1654592680404381000,43.35,1,43.25,1,43.4,8,1,2022-06-07 09:04:40
1654592680699399000,43.25,1,43.2,1,43.3,1,2,2022-06-07 09:04:40
1654592681681492000,43.2,1,43.1,22,43.15,8,2,2022-06-07 09:04:41
1654592681681492000,43.15,1,43.1,22,43.15,8,2,2022-06-07 09:04:41
1654592681945600000,43.15,1,43.1,22,43.15,7,1,2022-06-07 09:04:41
1654592682082630000,43.15,1,43.1,22,43.15,6,1,2022-06-07 09:04:42
1654592683135818000,43.15,1,43.1,21,43.15,5,1,2022-06-07 09:04:43
1654592683425508000,43.15,1,43.1,21,43.15,4,1,2022-06-07 09:04:43
1654592684655216000,43.15,1,43.1,22,43.15,3,1,2022-06-07 09:04:44
1654592684841419000,43.15,3,43.1,22,43.2,3,1,2022-06-07 09:04:44
1654592684841419000,43.2,2,43.1,22,43.2,3,1,2022-06-07 09:04:44
1654592684916319000,43.2,1,43.1,22,43.2,2,1,2022-06-07 09:04:44
1654592685166195000,43.2,1,43.1,22,43.2,1,1,2022-06-07 09:04:45
1654592685865239000,43.2,1,43.1,22,43.25,3,1,2022-06-07 09:04:45
1654592685865239000,43.25,1,43.1,22,43.25,3,1,2022-06-07 09:04:45
1654592686747096000,43.15,1,43.1,23,43.15,1,2,2022-06-07 09:04:46
1654592687121662000,43.15,1,43.15,1,43.2,4,1,2022-06-07 09:04:47
1654592687125711000,43.2,1,43.15,1,43.2,3,1,2022-06-07 09:04:47
1654592687720169000,43.15,1,43.1,24,43.2,3,2,2022-06-07 09:04:47
1654592688412610000,43.2,1,43.1,28,43.2,2,1,2022-06-07 09:04:48
1654592688697165000,43.2,3,43.1,28,43.3,7,1,2022-06-07 09:04:48
1654592688697165000,43.25,3,43.1,28,43.3,7,1,2022-06-07 09:04:48
1654592688697165000,43.3,4,43.1,28,43.3,7,1,2022-06-07 09:04:48
1654592688881211000,43.15,1,43.1,29,43.15,4,1,2022-06-07 09:04:48
1654592689178422000,43.15,1,43.1,30,43.15,4,1,2022-06-07 09:04:49
1654592689588265000,43.15,2,43.1,30,43.15,2,1,2022-06-07 09:04:49
1654592689717574000,43.15,1,43.15,1,43.2,1,1,2022-06-07 09:04:49
1654592690732392000,43.2,1,43.2,4,43.25,2,1,2022-06-07 09:04:50
1654592690773261000,43.25,2,43.25,2,43.3,8,1,2022-06-07 09:04:50
1654592690814298000,43.3,2,43.15,8,43.3,6,1,2022-06-07 09:04:50
1654592691013686000,43.3,2,43.15,8,43.3,4,1,2022-06-07 09:04:51
1654592694432852000,43.25,1,43.2,23,43.3,9,1,2022-06-07 09:04:54
1654592694531454000,43.3,1,43.2,23,43.3,8,1,2022-06-07 09:04:54
1654592695468240000,43.2,15,43.2,10,43.25,1,2,2022-06-07 09:04:55
1654592695994755000,43.25,1,43.2,11,43.3,9,1,2022-06-07 09:04:55
1654592695999263000,43.3,1,43.2,11,43.3,8,1,2022-06-07 09:04:55
1654592696008680000,43.3,1,43.2,11,43.3,7,1,2022-06-07 09:04:56
1654592696300719000,43.3,1,43.2,11,43.3,6,1,2022-06-07 09:04:56
1654592696344431000,43.25,1,43.2,11,43.3,6,2,2022-06-07 09:04:56
1654592697412773000,43.3,1,43.2,11,43.3,6,1,2022-06-07 09:04:57
1654592697749535000,43.2,4,43.2,7,43.3,6,2,2022-06-07 09:04:57
1654592698890907000,43.25,1,43.2,10,43.3,8,2,2022-06-07 09:04:58
1654592699407734000,43.25,1,43.2,10,43.3,8,1,2022-06-07 09:04:59
1654592699654800000,43.2,20,43.15,16,43.2,1,2,2022-06-07 09:04:59
1654592700521526000,43.2,1,43.15,13,43.3,9,1,2022-06-07 09:05:00
1654592700521526000,43.25,1,43.15,13,43.3,9,1,2022-06-07 09:05:00
1654592700521526000,43.3,1,43.15,13,43.3,9,1,2022-06-07 09:05:00
1654592700877743000,43.15,1,43.15,16,43.3,7,2,2022-06-07 09:05:00
1654592700935610000,43.15,6,43.15,10,43.25,1,2,2022-06-07 09:05:00
1654592700946796000,43.15,6,43.15,4,43.25,1,2,2022-06-07 09:05:00
1654592701017359000,43.15,4,43.1,33,43.15,9,2,2022-06-07 09:05:01
1654592701073203000,43.15,2,43.1,33,43.15,22,1,2022-06-07 09:05:01
1654592701346771000,43.15,5,43.1,33,43.15,18,1,2022-06-07 09:05:01
1654592701664213000,43.1,2,43.1,31,43.15,18,2,2022-06-07 09:05:01
1654592702088452000,43.15,1,43.1,31,43.15,18,1,2022-06-07 09:05:02
1654592702246474000,43.1,1,43.1,30,43.15,18,2,2022-06-07 09:05:02
1654592702315876000,43.1,1,43.1,29,43.15,18,2,2022-06-07 09:05:02
1654592702353744000,43.15,1,43.1,30,43.15,17,1,2022-06-07 09:05:02
1654592702525610000,43.1,1,43.1,29,43.15,17,2,2022-06-07 09:05:02
1654592702717978000,43.1,1,43.1,29,43.15,17,2,2022-06-07 09:05:02
1654592702734237000,43.1,5,43.1,24,43.15,17,2,2022-06-07 09:05:02
1654592702826728000,43.1,1,43.1,23,43.15,17,2,2022-06-07 09:05:02
1654592702836325000,43.1,5,43.1,18,43.15,17,2,2022-06-07 09:05:02
1654592702866517000,43.1,1,43.1,17,43.15,17,2,2022-06-07 09:05:02
1654592702883828000,43.1,1,43.1,16,43.15,17,2,2022-06-07 09:05:02
1654592703338658000,43.1,5,43.1,12,43.15,18,2,2022-06-07 09:05:03
1654592703549012000,43.1,4,43.1,8,43.15,18,2,2022-06-07 09:05:03
1654592703691278000,43.1,1,43.1,7,43.15,18,2,2022-06-07 09:05:03
1654592703770159000,43.15,2,43.1,7,43.15,16,1,2022-06-07 09:05:03
1654592703901783000,43.1,1,43.1,6,43.15,16,2,2022-06-07 09:05:03
1654592703978838000,43.15,10,43.1,6,43.15,6,1,2022-06-07 09:05:03
1654592704017190000,43.1,1,43.1,5,43.15,6,2,2022-06-07 09:05:04
1654592704246938000,43.15,4,43.1,5,43.15,2,1,2022-06-07 09:05:04
1654592704305343000,43.1,1,43.1,4,43.15,2,2,2022-06-07 09:05:04
1654592704339327000,43.1,1,43.1,3,43.15,2,2,2022-06-07 09:05:04
1654592704503663000,43.1,3,43.05,6,43.1,2,2,2022-06-07 09:05:04
1654592705418315000,43.05,3,43.05,3,43.1,13,2,2022-06-07 09:05:05
1654592705567477000,43.1,1,43.05,3,43.1,12,1,2022-06-07 09:05:05
1654592705688878000,43.1,1,43.05,3,43.1,11,1,2022-06-07 09:05:05
1654592706169494000,43.05,1,43.05,4,43.1,12,2,2022-06-07 09:05:06
1654592706378413000,43.05,1,43.05,3,43.1,12,2,2022-06-07 09:05:06
1654592706417373000,43.05,1,43.05,2,43.1,12,2,2022-06-07 09:05:06
1654592706502984000,43.1,1,43.05,2,43.1,11,1,2022-06-07 09:05:06
1654592706903098000,43.05,1,43.05,1,43.1,11,2,2022-06-07 09:05:06
1654592707202011000,43.05,1,43.0,51,43.1,11,2,2022-06-07 09:05:07
1654592707202011000,43.0,6,43.0,51,43.1,11,2,2022-06-07 09:05:07
1654592708841450000,43.0,1,43.0,49,43.05,3,2,2022-06-07 09:05:08
1654592709118144000,43.05,1,43.0,49,43.05,2,1,2022-06-07 09:05:09
1654592709765356000,43.0,1,43.0,48,43.05,4,2,2022-06-07 09:05:09
1654592710735481000,43.05,1,43.0,48,43.05,3,1,2022-06-07 09:05:10
1654592710933502000,43.0,6,43.0,42,43.05,3,2,2022-06-07 09:05:10
1654592710951318000,43.0,1,43.0,41,43.05,3,2,2022-06-07 09:05:10
1654592712035388000,43.0,2,43.0,39,43.05,6,2,2022-06-07 09:05:12
1654592712074487000,43.0,1,43.0,38,43.05,6,2,2022-06-07 09:05:12
1654592712077457000,43.0,1,43.0,37,43.05,6,2,2022-06-07 09:05:12
1654592712578519000,43.0,5,43.0,32,43.05,12,2,2022-06-07 09:05:12
1654592712643327000,43.0,1,43.0,31,43.05,12,2,2022-06-07 09:05:12
1654592712971398000,43.0,1,43.0,30,43.05,12,2,2022-06-07 09:05:12
1654592713291335000,43.05,1,43.0,30,43.05,11,1,2022-06-07 09:05:13
1654592713291538000,43.0,2,43.0,28,43.05,11,2,2022-06-07 09:05:13
1654592713374222000,43.0,2,43.0,26,43.05,11,2,2022-06-07 09:05:13
1654592713536113000,43.05,2,43.0,36,43.05,9,1,2022-06-07 09:05:13
1654592714587527000,43.0,1,43.0,40,43.05,8,2,2022-06-07 09:05:14
1654592714936781000,43.05,8,43.0,40,43.1,9,1,2022-06-07 09:05:14
1654592714936781000,43.1,2,43.0,40,43.1,9,1,2022-06-07 09:05:14
1654592715454775000,43.0,5,43.0,35,43.05,1,2,2022-06-07 09:05:15
1654592716279782000,43.0,1,43.0,35,43.05,1,2,2022-06-07 09:05:16
1654592716803324000,43.0,5,43.0,31,43.05,1,2,2022-06-07 09:05:16
1654592717279505000,43.0,1,43.0,30,43.05,1,2,2022-06-07 09:05:17
1654592717451803000,43.05,1,43.05,2,43.1,9,1,2022-06-07 09:05:17
1654592717475358000,43.05,1,43.05,1,43.1,9,2,2022-06-07 09:05:17
1654592719013171000,43.1,1,43.05,10,43.1,22,1,2022-06-07 09:05:19
1654592719157752000,43.05,1,43.05,9,43.1,22,2,2022-06-07 09:05:19
1654592719478000000,43.1,4,43.05,9,43.1,18,1,2022-06-07 09:05:19
1654592719514517000,43.05,1,43.05,8,43.1,18,2,2022-06-07 09:05:19
1654592720329990000,43.1,1,43.05,8,43.1,17,1,2022-06-07 09:05:20
1654592720868265000,43.1,2,43.05,8,43.1,17,1,2022-06-07 09:05:20
1654592721053060000,43.05,1,43.05,7,43.1,17,2,2022-06-07 09:05:21
1654592721633178000,43.1,3,43.05,7,43.1,15,1,2022-06-07 09:05:21
1654592722723724000,43.1,3,43.05,18,43.1,12,1,2022-06-07 09:05:22
1654592722816478000,43.1,1,43.05,18,43.1,11,1,2022-06-07 09:05:22
1654592723494873000,43.1,1,43.05,23,43.1,10,1,2022-06-07 09:05:23
1654592723498471000,43.05,5,43.05,18,43.1,10,2,2022-06-07 09:05:23
1654592723562774000,43.05,1,43.05,17,43.1,10,2,2022-06-07 09:05:23
1654592723593483000,43.05,17,43.0,2,43.1,10,2,2022-06-07 09:05:23
1654592723593483000,43.0,37,43.0,2,43.1,10,2,2022-06-07 09:05:23
1654592723601397000,43.1,1,43.0,2,43.1,9,1,2022-06-07 09:05:23
1654592723770840000,43.05,2,43.05,1,43.1,9,1,2022-06-07 09:05:23
1654592723946982000,43.1,9,43.05,1,43.15,15,1,2022-06-07 09:05:23
1654592723946982000,43.15,1,43.05,1,43.15,15,1,2022-06-07 09:05:23
1654592723992331000,43.05,1,43.0,2,43.15,15,2,2022-06-07 09:05:23
1654592724233430000,43.15,1,43.0,2,43.15,14,1,2022-06-07 09:05:24
1654592725077254000,43.1,1,43.0,9,43.15,14,2,2022-06-07 09:05:25
1654592725077254000,43.05,1,43.0,9,43.15,14,2,2022-06-07 09:05:25
1654592725077254000,43.0,3,43.0,9,43.15,14,2,2022-06-07 09:05:25
1654592727317202000,43.0,2,43.0,8,43.1,2,2,2022-06-07 09:05:27
1654592727491176000,43.1,2,43.0,8,43.15,14,1,2022-06-07 09:05:27
1654592727491176000,43.15,1,43.0,8,43.15,14,1,2022-06-07 09:05:27
1654592727536801000,43.0,2,43.0,6,43.15,14,2,2022-06-07 09:05:27
1654592730270343000,43.1,2,43.05,8,43.15,14,2,2022-06-07 09:05:30
1654592730334020000,43.05,1,43.05,7,43.15,14,2,2022-06-07 09:05:30
1654592730433982000,43.05,2,43.05,5,43.15,14,2,2022-06-07 09:05:30
1654592730481389000,43.05,2,43.05,3,43.15,14,2,2022-06-07 09:05:30
1654592730534417000,43.05,2,43.05,1,43.15,14,2,2022-06-07 09:05:30
1654592730564737000,43.05,1,43.0,10,43.15,14,2,2022-06-07 09:05:30
1654592730593217000,43.0,2,43.0,8,43.15,14,2,2022-06-07 09:05:30
1654592730966772000,43.0,6,43.0,3,43.15,15,2,2022-06-07 09:05:30
1654592731512664000,43.05,2,43.05,4,43.15,15,2,2022-06-07 09:05:31
1654592733784151000,43.05,1,43.05,3,43.15,25,2,2022-06-07 09:05:33
1654592733881744000,43.05,1,43.05,2,43.15,25,2,2022-06-07 09:05:33
1654592733929598000,43.1,1,43.05,2,43.15,16,1,2022-06-07 09:05:33
1654592733929598000,43.15,9,43.05,2,43.15,16,1,2022-06-07 09:05:33
1654592735081030000,43.1,1,43.05,2,43.15,14,1,2022-06-07 09:05:35
1654592735081030000,43.15,1,43.05,2,43.15,14,1,2022-06-07 09:05:35
1654592735366946000,43.15,1,43.05,2,43.15,13,1,2022-06-07 09:05:35
1654592736254487000,43.15,1,43.05,2,43.15,13,1,2022-06-07 09:05:36
1654592737738674000,43.15,1,43.05,4,43.15,12,1,2022-06-07 09:05:37
1654592737853821000,43.05,4,43.0,30,43.15,12,2,2022-06-07 09:05:37
1654592739887543000,43.05,2,43.0,35,43.15,13,1,2022-06-07 09:05:39
1654592740646906000,43.1,1,43.0,36,43.15,9,1,2022-06-07 09:05:40
1654592740646906000,43.15,4,43.0,36,43.15,9,1,2022-06-07 09:05:40
1654592742586723000,43.0,20,43.0,20,43.1,1,2,2022-06-07 09:05:42
1654592743164675000,43.05,1,43.0,20,43.1,1,1,2022-06-07 09:05:43
1654592746749857000,43.05,1,43.0,20,43.1,2,2,2022-06-07 09:05:46
1654592748842824000,43.0,27,42.95,7,43.1,2,2,2022-06-07 09:05:48
1654592748842824000,42.95,3,42.95,7,43.1,2,2,2022-06-07 09:05:48
1654592750740446000,43.05,1,42.95,12,43.05,2,1,2022-06-07 09:05:50
1654592750936006000,42.95,3,42.95,9,43.05,2,2,2022-06-07 09:05:50
1654592751463490000,42.95,2,42.95,7,43.05,2,2,2022-06-07 09:05:51
1654592751612199000,42.95,3,42.95,4,43.05,2,2,2022-06-07 09:05:51
1654592751646227000,42.95,4,42.9,17,43.05,2,2,2022-06-07 09:05:51
1654592752172346000,43.0,1,43.0,2,43.05,2,1,2022-06-07 09:05:52
1654592752205588000,43.0,2,42.9,17,43.05,2,2,2022-06-07 09:05:52
1654592753962895000,42.9,1,42.9,16,43.0,3,2,2022-06-07 09:05:53
1654592754036684000,42.9,16,42.85,6,42.95,1,2,2022-06-07 09:05:54
1654592754139037000,42.85,6,42.8,32,42.9,1,2,2022-06-07 09:05:54
1654592755360808000,42.8,20,42.8,12,42.9,1,2,2022-06-07 09:05:55
1654592755393273000,42.8,12,42.75,1,42.9,1,2,2022-06-07 09:05:55
1654592755569871000,42.75,1,42.7,12,42.8,20,2,2022-06-07 09:05:55
1654592755918650000,42.8,1,42.7,12,42.8,19,1,2022-06-07 09:05:55
1654592757247352000,42.7,1,42.7,11,42.75,4,2,2022-06-07 09:05:57
1654592757313061000,42.7,2,42.7,9,42.75,4,2,2022-06-07 09:05:57
1654592757367454000,42.7,2,42.7,7,42.75,4,2,2022-06-07 09:05:57
1654592757767172000,42.75,1,42.7,7,42.75,3,1,2022-06-07 09:05:57
1654592758060822000,42.7,1,42.7,6,42.75,3,2,2022-06-07 09:05:58
1654592758366966000,42.7,1,42.7,5,42.75,3,2,2022-06-07 09:05:58
1654592758372744000,42.7,1,42.7,4,42.75,3,2,2022-06-07 09:05:58
1654592758750569000,42.7,1,42.7,3,42.75,3,2,2022-06-07 09:05:58
1654592758881251000,42.7,1,42.7,2,42.75,7,2,2022-06-07 09:05:58
1654592759373164000,42.7,2,42.65,7,42.75,7,2,2022-06-07 09:05:59
1654592759373164000,42.65,3,42.65,7,42.75,7,2,2022-06-07 09:05:59
1654592759527150000,42.65,1,42.65,6,42.75,7,2,2022-06-07 09:05:59
1654592760169610000,42.7,1,42.7,3,42.75,7,2,2022-06-07 09:06:00
1654592760356050000,42.7,1,42.7,2,42.75,7,2,2022-06-07 09:06:00
1654592761243275000,42.7,1,42.7,1,42.75,11,2,2022-06-07 09:06:01
1654592761366962000,42.7,1,42.65,6,42.7,1,2,2022-06-07 09:06:01
1654592761455092000,42.7,1,42.65,6,42.75,11,1,2022-06-07 09:06:01
1654592762903656000,42.65,1,42.65,5,42.75,11,2,2022-06-07 09:06:02
1654592763189565000,42.7,1,42.65,5,42.7,4,1,2022-06-07 09:06:03
1654592763220593000,42.65,1,42.65,4,42.7,4,2,2022-06-07 09:06:03
1654592763742030000,42.65,1,42.65,3,42.7,14,2,2022-06-07 09:06:03
1654592763795021000,42.65,1,42.65,2,42.7,14,2,2022-06-07 09:06:03
1654592764052336000,42.65,2,42.6,43,42.65,4,2,2022-06-07 09:06:04
1654592764129135000,42.6,1,42.6,42,42.65,4,2,2022-06-07 09:06:04
1654592764414180000,42.65,4,42.6,42,42.7,14,1,2022-06-07 09:06:04
1654592764999284000,42.65,2,42.6,42,42.65,3,2,2022-06-07 09:06:04
1654592765547508000,42.6,1,42.6,41,42.65,3,2,2022-06-07 09:06:05
1654592766023736000,42.65,1,42.6,41,42.65,5,1,2022-06-07 09:06:06
1654592766209691000,42.65,1,42.6,41,42.65,4,1,2022-06-07 09:06:06
1654592766541747000,42.6,1,42.6,40,42.65,5,2,2022-06-07 09:06:06
1654592766968976000,42.65,5,42.6,40,42.7,18,1,2022-06-07 09:06:06
1654592767108804000,42.7,10,42.6,40,42.7,8,1,2022-06-07 09:06:07
1654592768253193000,42.65,1,42.65,4,42.7,8,1,2022-06-07 09:06:08
1654592769162559000,42.7,2,42.65,12,42.7,7,1,2022-06-07 09:06:09
1654592769197020000,42.7,7,42.65,12,42.75,8,1,2022-06-07 09:06:09
1654592769289006000,42.7,1,42.65,12,42.75,8,1,2022-06-07 09:06:09
1654592770113163000,42.7,3,42.65,14,42.75,8,2,2022-06-07 09:06:10
1654592771825687000,42.75,2,42.7,7,42.75,6,1,2022-06-07 09:06:11
1654592771857323000,42.75,6,42.7,7,42.8,9,1,2022-06-07 09:06:11
1654592771877276000,42.7,1,42.7,6,42.8,9,2,2022-06-07 09:06:11
1654592772043933000,42.7,2,42.7,4,42.75,1,2,2022-06-07 09:06:12
1654592772426299000,42.75,1,42.75,4,42.8,9,1,2022-06-07 09:06:12
1654592772710275000,42.75,1,42.75,3,42.8,9,2,2022-06-07 09:06:12
1654592772867110000,42.75,1,42.75,2,42.8,9,2,2022-06-07 09:06:12
1654592773425425000,42.75,1,42.75,2,42.8,9,2,2022-06-07 09:06:13
1654592773578530000,42.8,4,42.75,2,42.8,5,1,2022-06-07 09:06:13
1654592773752333000,42.8,5,42.75,2,42.85,6,1,2022-06-07 09:06:13
1654592774146052000,42.85,5,42.75,2,42.85,1,1,2022-06-07 09:06:14
1654592774172640000,42.85,1,42.75,2,42.9,1,1,2022-06-07 09:06:14
1654592775915860000,42.8,1,42.75,2,42.9,1,2,2022-06-07 09:06:15
1654592778373034000,42.85,1,42.8,2,42.85,2,1,2022-06-07 09:06:18
1654592779021303000,42.85,2,42.8,2,42.9,2,1,2022-06-07 09:06:19
1654592779021303000,42.9,3,42.8,2,42.9,2,1,2022-06-07 09:06:19
1654592779664061000,42.9,1,42.8,5,42.9,1,1,2022-06-07 09:06:19
1654592779977733000,42.8,3,42.8,2,42.9,1,2,2022-06-07 09:06:19
1654592780348610000,42.9,1,42.8,2,42.95,11,1,2022-06-07 09:06:20
1654592780868130000,42.95,2,42.8,2,42.95,9,1,2022-06-07 09:06:20
1654592781271578000,42.95,2,42.8,2,42.95,7,1,2022-06-07 09:06:21
1654592781730912000,42.8,1,42.8,11,42.95,7,2,2022-06-07 09:06:21
1654592785978764000,42.9,5,42.85,3,42.9,5,1,2022-06-07 09:06:25
1654592786017312000,42.9,5,42.85,3,42.95,7,1,2022-06-07 09:06:26
1654592786951207000,42.85,1,42.85,2,42.9,1,2,2022-06-07 09:06:26
1654592787791243000,42.9,1,42.9,1,42.95,8,1,2022-06-07 09:06:27
1654592787849387000,42.9,1,42.8,25,42.95,8,2,2022-06-07 09:06:27
1654592787849387000,42.85,3,42.8,25,42.95,8,2,2022-06-07 09:06:27
1654592787849387000,42.8,1,42.8,25,42.95,8,2,2022-06-07 09:06:27
1654592788063153000,42.95,2,42.8,25,42.95,6,1,2022-06-07 09:06:28
1654592790218891000,42.85,2,42.8,27,42.95,7,2,2022-06-07 09:06:30
1654592790218891000,42.8,3,42.8,27,42.95,7,2,2022-06-07 09:06:30
1654592792774958000,42.9,1,42.85,10,42.9,1,2,2022-06-07 09:06:32
1654592793531535000,42.9,1,42.85,10,42.95,5,1,2022-06-07 09:06:33
1654592793531535000,42.95,2,42.85,10,42.95,5,1,2022-06-07 09:06:33
1654592795625803000,42.9,5,42.85,16,42.9,10,2,2022-06-07 09:06:35
1654592796188557000,42.9,5,42.85,19,42.9,5,1,2022-06-07 09:06:36
1654592796220884000,42.9,4,42.85,19,42.9,1,1,2022-06-07 09:06:36
1654592796251165000,42.9,1,42.85,19,42.95,5,1,2022-06-07 09:06:36
1654592796808910000,42.85,3,42.85,16,42.95,6,2,2022-06-07 09:06:36
1654592799762483000,42.9,1,42.85,20,42.95,4,1,2022-06-07 09:06:39
1654592799762483000,42.95,4,42.85,20,42.95,4,1,2022-06-07 09:06:39
1654592801040073000,42.9,1,42.85,20,42.9,6,1,2022-06-07 09:06:41
1654592801044057000,42.85,3,42.85,17,42.9,6,2,2022-06-07 09:06:41
1654592801338431000,42.9,5,42.85,17,42.9,1,1,2022-06-07 09:06:41
1654592802461748000,42.9,1,42.85,17,42.9,7,1,2022-06-07 09:06:42
1654592803732358000,42.9,1,42.85,20,42.9,6,1,2022-06-07 09:06:43
1654592804052175000,42.85,1,42.85,19,42.9,6,2,2022-06-07 09:06:44
1654592804368057000,42.9,1,42.85,19,42.9,5,1,2022-06-07 09:06:44
1654592804828064000,42.9,1,42.85,20,42.9,4,1,2022-06-07 09:06:44
1654592805302852000,42.9,2,42.85,20,42.9,2,1,2022-06-07 09:06:45
1654592805538281000,42.9,2,42.85,20,42.95,5,1,2022-06-07 09:06:45
1654592806165252000,42.9,5,42.85,22,42.9,15,2,2022-06-07 09:06:46
1654592806234568000,42.9,1,42.85,22,42.9,14,1,2022-06-07 09:06:46
1654592807316125000,42.9,5,42.85,22,42.9,9,1,2022-06-07 09:06:47
1654592808442726000,42.85,1,42.85,21,42.9,9,2,2022-06-07 09:06:48
1654592809384412000,42.9,1,42.85,21,42.9,8,1,2022-06-07 09:06:49
1654592809472527000,42.9,5,42.85,21,42.9,3,1,2022-06-07 09:06:49
1654592810483839000,42.9,4,42.9,1,42.95,5,1,2022-06-07 09:06:50
1654592810544968000,42.9,1,42.9,2,42.95,5,2,2022-06-07 09:06:50
1654592811061283000,42.95,5,42.9,4,43.0,12,1,2022-06-07 09:06:51
1654592811393563000,43.0,1,42.9,4,43.0,11,1,2022-06-07 09:06:51
1654592811440902000,42.9,1,42.9,3,43.0,11,2,2022-06-07 09:06:51
1654592811442082000,42.9,1,42.9,2,43.0,11,2,2022-06-07 09:06:51
1654592812860263000,42.9,1,42.9,1,42.95,1,2,2022-06-07 09:06:52
1654592815216443000,42.95,1,42.95,4,43.0,14,1,2022-06-07 09:06:55
1654592815414337000,43.0,3,42.95,4,43.0,11,1,2022-06-07 09:06:55
1654592816413344000,43.0,1,42.95,4,43.0,10,1,2022-06-07 09:06:56
1654592816454689000,43.0,8,42.95,5,43.0,2,1,2022-06-07 09:06:56
1654592816475287000,43.0,2,42.95,5,43.05,1,1,2022-06-07 09:06:56
1654592817162516000,43.05,1,43.0,3,43.1,31,1,2022-06-07 09:06:57
1654592817162516000,43.1,3,43.0,3,43.1,31,1,2022-06-07 09:06:57
1654592817205396000,43.0,2,43.0,1,43.1,31,2,2022-06-07 09:06:57
1654592818067755000,43.1,1,43.05,1,43.1,30,1,2022-06-07 09:06:58
1654592819546981000,43.1,1,43.05,7,43.1,29,1,2022-06-07 09:06:59
1654592819770416000,43.1,1,43.05,7,43.1,28,1,2022-06-07 09:06:59
1654592819963283000,43.1,1,43.05,7,43.1,27,1,2022-06-07 09:06:59
1654592820154702000,43.1,1,43.05,7,43.1,26,1,2022-06-07 09:07:00
1654592820368745000,43.1,1,43.05,7,43.1,25,1,2022-06-07 09:07:00
1654592820598529000,43.1,1,43.05,7,43.1,24,1,2022-06-07 09:07:00
1654592820878477000,43.1,1,43.05,7,43.1,23,1,2022-06-07 09:07:00
1654592821109487000,43.1,1,43.05,7,43.1,22,1,2022-06-07 09:07:01
1654592821140886000,43.1,5,43.05,7,43.1,17,1,2022-06-07 09:07:01
1654592821178467000,43.1,1,43.05,7,43.1,16,1,2022-06-07 09:07:01
1654592821291955000,43.1,1,43.05,7,43.1,15,1,2022-06-07 09:07:01
1654592821569020000,43.1,1,43.05,7,43.1,15,1,2022-06-07 09:07:01
1654592821780125000,43.1,1,43.05,8,43.1,14,1,2022-06-07 09:07:01
1654592821799467000,43.1,1,43.05,8,43.1,13,1,2022-06-07 09:07:01
1654592821815881000,43.1,1,43.05,8,43.1,12,1,2022-06-07 09:07:01
1654592821997536000,43.1,1,43.05,8,43.1,11,1,2022-06-07 09:07:01
1654592822204400000,43.05,1,43.05,7,43.1,11,2,2022-06-07 09:07:02
1654592822578822000,43.05,1,43.05,6,43.1,11,2,2022-06-07 09:07:02
1654592822744511000,43.1,1,43.05,6,43.1,10,1,2022-06-07 09:07:02
1654592823108267000,43.1,2,43.05,6,43.1,13,1,2022-06-07 09:07:03
1654592823220577000,43.05,5,43.05,1,43.1,13,2,2022-06-07 09:07:03
1654592824228722000,43.1,1,43.05,2,43.1,14,1,2022-06-07 09:07:04
1654592824867222000,43.05,1,43.05,1,43.1,14,2,2022-06-07 09:07:04
1654592824904613000,43.05,1,42.95,7,43.1,14,2,2022-06-07 09:07:04
1654592825036325000,43.1,1,42.95,7,43.1,13,1,2022-06-07 09:07:05
1654592828973122000,43.1,1,43.05,3,43.1,13,1,2022-06-07 09:07:08
1654592829610866000,43.1,1,43.05,3,43.1,12,1,2022-06-07 09:07:09
1654592829757635000,43.05,1,43.05,3,43.1,12,2,2022-06-07 09:07:09
1654592830972444000,43.1,1,43.05,3,43.1,11,1,2022-06-07 09:07:10
1654592833281235000,43.1,5,43.05,3,43.1,6,1,2022-06-07 09:07:13
1654592834093250000,43.1,1,43.05,4,43.1,5,1,2022-06-07 09:07:14
1654592834530490000,43.1,1,43.05,4,43.1,4,1,2022-06-07 09:07:14
1654592835667480000,43.1,1,43.05,4,43.1,4,1,2022-06-07 09:07:15
1654592835963511000,43.05,3,43.05,1,43.1,4,2,2022-06-07 09:07:15
1654592836381768000,43.1,3,43.05,1,43.1,1,1,2022-06-07 09:07:16
1654592837239588000,43.1,1,43.1,2,43.15,3,1,2022-06-07 09:07:17
1654592841481346000,43.15,3,43.1,16,43.2,25,1,2022-06-07 09:07:21
1654592841481346000,43.2,2,43.1,16,43.2,25,1,2022-06-07 09:07:21
1654592841536224000,43.1,1,43.1,15,43.2,25,2,2022-06-07 09:07:21
1654592842029678000,43.2,1,43.1,18,43.2,24,1,2022-06-07 09:07:22
1654592842308020000,43.1,1,43.1,17,43.2,24,2,2022-06-07 09:07:22
1654592848442196000,43.15,1,43.15,15,43.2,24,2,2022-06-07 09:07:28
1654592849109910000,43.15,2,43.15,14,43.2,24,2,2022-06-07 09:07:29
1654592850165798000,43.15,1,43.15,13,43.2,25,2,2022-06-07 09:07:30
1654592850300163000,43.15,3,43.15,10,43.2,25,2,2022-06-07 09:07:30
1654592850570672000,43.15,4,43.15,6,43.2,30,2,2022-06-07 09:07:30
1654592850654906000,43.15,2,43.15,4,43.2,30,2,2022-06-07 09:07:30
1654592851005717000,43.2,1,43.15,4,43.2,29,1,2022-06-07 09:07:31
1654592852101984000,43.2,2,43.15,4,43.2,27,1,2022-06-07 09:07:32
1654592852845088000,43.15,1,43.15,3,43.2,27,2,2022-06-07 09:07:32
1654592852941446000,43.15,1,43.15,2,43.2,27,2,2022-06-07 09:07:32
1654592854294853000,43.2,1,43.15,3,43.2,26,1,2022-06-07 09:07:34
1654592855255038000,43.15,4,43.1,31,43.15,1,2,2022-06-07 09:07:35
1654592855646426000,43.15,4,43.1,21,43.2,20,1,2022-06-07 09:07:35
1654592855646426000,43.2,6,43.1,21,43.2,20,1,2022-06-07 09:07:35
1654592855649786000,43.2,1,43.1,21,43.2,19,1,2022-06-07 09:07:35
1654592856415592000,43.15,1,43.1,21,43.15,5,1,2022-06-07 09:07:36
1654592857123117000,43.15,1,43.1,21,43.15,4,1,2022-06-07 09:07:37
1654592857980488000,43.15,1,43.1,21,43.15,3,1,2022-06-07 09:07:37
1654592858024027000,43.15,3,43.15,2,43.2,19,1,2022-06-07 09:07:38
1654592858548690000,43.2,1,43.15,2,43.2,18,1,2022-06-07 09:07:38
1654592858724498000,43.2,2,43.15,5,43.2,16,1,2022-06-07 09:07:38
1654592858730315000,43.15,1,43.15,4,43.2,16,2,2022-06-07 09:07:38
1654592859023499000,43.15,1,43.15,3,43.2,16,2,2022-06-07 09:07:39
1654592859536401000,43.2,1,43.15,3,43.2,15,1,2022-06-07 09:07:39
1654592860932625000,43.15,1,43.15,2,43.2,15,2,2022-06-07 09:07:40
1654592862047497000,43.2,1,43.15,9,43.2,14,1,2022-06-07 09:07:42
1654592863556260000,43.2,1,43.15,11,43.2,13,1,2022-06-07 09:07:43
1654592863632107000,43.15,2,43.15,9,43.2,13,2,2022-06-07 09:07:43
1654592864102501000,43.2,5,43.15,10,43.2,8,1,2022-06-07 09:07:44
1654592864128610000,43.2,8,43.15,10,43.25,33,1,2022-06-07 09:07:44
1654592865343465000,43.2,5,43.2,1,43.25,33,2,2022-06-07 09:07:45
1654592865802213000,43.25,2,43.2,1,43.25,31,1,2022-06-07 09:07:45
1654592866805022000,43.2,1,43.2,5,43.25,31,2,2022-06-07 09:07:46
1654592866868820000,43.25,2,43.2,5,43.25,29,1,2022-06-07 09:07:46
1654592867246597000,43.25,2,43.2,8,43.25,27,1,2022-06-07 09:07:47
1654592867255859000,43.25,1,43.2,8,43.25,26,1,2022-06-07 09:07:47
1654592867811838000,43.25,4,43.2,9,43.25,22,1,2022-06-07 09:07:47
1654592868542422000,43.25,21,43.2,11,43.25,1,1,2022-06-07 09:07:48
1654592868572608000,43.25,1,43.2,11,43.3,29,1,2022-06-07 09:07:48
1654592869199273000,43.3,5,43.2,11,43.3,24,1,2022-06-07 09:07:49
1654592870958060000,43.3,10,43.25,7,43.3,14,1,2022-06-07 09:07:50
1654592871114372000,43.3,10,43.25,7,43.3,4,1,2022-06-07 09:07:51
1654592871150951000,43.3,1,43.25,7,43.3,3,1,2022-06-07 09:07:51
1654592871317180000,43.3,1,43.25,7,43.3,2,1,2022-06-07 09:07:51
1654592871358075000,43.3,2,43.25,8,43.35,21,1,2022-06-07 09:07:51
1654592872857197000,43.35,2,43.25,10,43.35,20,1,2022-06-07 09:07:52
1654592873363923000,43.3,2,43.25,10,43.35,17,1,2022-06-07 09:07:53
1654592873363923000,43.35,3,43.25,10,43.35,17,1,2022-06-07 09:07:53
1654592873912106000,43.3,1,43.3,6,43.35,17,2,2022-06-07 09:07:53
1654592873951430000,43.3,2,43.3,5,43.35,17,2,2022-06-07 09:07:53
1654592875723803000,43.3,1,43.3,4,43.35,17,2,2022-06-07 09:07:55
1654592876927452000,43.35,1,43.3,19,43.35,17,1,2022-06-07 09:07:56
1654592877913131000,43.35,2,43.3,52,43.35,17,1,2022-06-07 09:07:57
1654592878599036000,43.35,1,43.3,57,43.35,16,1,2022-06-07 09:07:58
1654592879001721000,43.3,10,43.3,47,43.35,16,2,2022-06-07 09:07:59
1654592879338052000,43.35,5,43.3,47,43.35,11,1,2022-06-07 09:07:59
1654592879599574000,43.35,5,43.3,47,43.35,6,1,2022-06-07 09:07:59
1654592879832606000,43.35,2,43.3,47,43.35,4,1,2022-06-07 09:07:59
1654592880115673000,43.35,1,43.3,49,43.35,3,1,2022-06-07 09:08:00
1654592880133564000,43.35,1,43.3,49,43.35,2,1,2022-06-07 09:08:00
1654592880198610000,43.35,1,43.3,49,43.35,1,1,2022-06-07 09:08:00
1654592880795685000,43.35,2,43.3,49,43.35,2,1,2022-06-07 09:08:00
1654592880982751000,43.35,1,43.3,49,43.35,1,1,2022-06-07 09:08:00
1654592881320457000,43.35,1,43.35,6,43.4,24,1,2022-06-07 09:08:01
1654592881539873000,43.4,1,43.35,11,43.4,23,1,2022-06-07 09:08:01
1654592881667741000,43.4,2,43.35,11,43.4,21,1,2022-06-07 09:08:01
1654592881779767000,43.35,2,43.35,10,43.4,21,2,2022-06-07 09:08:01
1654592882779511000,43.35,2,43.35,9,43.4,21,2,2022-06-07 09:08:02
1654592883043669000,43.4,20,43.35,9,43.4,1,1,2022-06-07 09:08:03
1654592883062781000,43.35,2,43.35,7,43.4,1,2,2022-06-07 09:08:03
1654592883482079000,43.35,2,43.35,5,43.4,1,2,2022-06-07 09:08:03
1654592883491681000,43.35,2,43.35,3,43.4,1,2,2022-06-07 09:08:03
1654592883502940000,43.35,2,43.35,1,43.4,1,2,2022-06-07 09:08:03
1654592884311624000,43.4,1,43.4,19,43.45,14,1,2022-06-07 09:08:04
1654592884393240000,43.45,1,43.4,19,43.45,13,1,2022-06-07 09:08:04
1654592884394596000,43.4,1,43.4,18,43.45,13,2,2022-06-07 09:08:04
1654592884571618000,43.4,1,43.4,17,43.45,13,2,2022-06-07 09:08:04
1654592884594675000,43.45,1,43.4,17,43.45,12,1,2022-06-07 09:08:04
1654592886458394000,43.45,1,43.4,17,43.45,11,1,2022-06-07 09:08:06
1654592886850293000,43.45,1,43.4,17,43.45,12,1,2022-06-07 09:08:06
1654592886968808000,43.45,1,43.4,17,43.45,11,1,2022-06-07 09:08:06
1654592887335264000,43.45,1,43.4,19,43.45,10,1,2022-06-07 09:08:07
1654592887808548000,43.45,2,43.4,19,43.45,8,1,2022-06-07 09:08:07
1654592888033624000,43.45,1,43.4,19,43.45,7,1,2022-06-07 09:08:08
1654592888096904000,43.45,1,43.4,19,43.45,6,1,2022-06-07 09:08:08
1654592888231614000,43.4,10,43.4,9,43.45,6,2,2022-06-07 09:08:08
1654592889221794000,43.45,3,43.4,9,43.45,3,1,2022-06-07 09:08:09
1654592889882875000,43.45,4,43.4,9,43.45,9,1,2022-06-07 09:08:09
1654592889975973000,43.45,1,43.4,9,43.45,8,1,2022-06-07 09:08:09
1654592890032016000,43.45,1,43.4,10,43.45,7,1,2022-06-07 09:08:10
1654592890469048000,43.4,5,43.4,7,43.45,7,2,2022-06-07 09:08:10
1654592890654175000,43.4,1,43.4,6,43.45,15,2,2022-06-07 09:08:10
1654592891540015000,43.4,5,43.4,2,43.45,16,2,2022-06-07 09:08:11
1654592891567974000,43.4,2,43.35,10,43.45,16,2,2022-06-07 09:08:11
1654592891804322000,43.45,1,43.35,10,43.45,15,1,2022-06-07 09:08:11
1654592891819963000,43.45,4,43.35,10,43.45,11,1,2022-06-07 09:08:11
1654592891845913000,43.45,1,43.35,10,43.45,10,1,2022-06-07 09:08:11
1654592892206900000,43.4,2,43.35,10,43.4,1,2,2022-06-07 09:08:12
1654592892379950000,43.4,5,43.35,10,43.4,4,1,2022-06-07 09:08:12
1654592892463112000,43.4,1,43.35,10,43.4,8,1,2022-06-07 09:08:12
1654592892603183000,43.4,1,43.35,10,43.4,7,1,2022-06-07 09:08:12
1654592893265978000,43.4,1,43.35,8,43.4,31,1,2022-06-07 09:08:13
1654592893381004000,43.4,1,43.35,8,43.4,30,1,2022-06-07 09:08:13
1654592893589216000,43.35,4,43.35,4,43.4,30,2,2022-06-07 09:08:13
1654592893627395000,43.35,4,43.3,57,43.4,30,2,2022-06-07 09:08:13
1654592893969617000,43.35,1,43.3,57,43.35,4,1,2022-06-07 09:08:13
1654592894507834000,43.35,1,43.3,54,43.35,18,1,2022-06-07 09:08:14
1654592894650823000,43.35,1,43.3,54,43.35,17,1,2022-06-07 09:08:14
1654592894729942000,43.35,4,43.3,54,43.35,14,1,2022-06-07 09:08:14
1654592894982948000,43.35,1,43.3,54,43.35,22,1,2022-06-07 09:08:14
1654592895218052000,43.35,4,43.3,54,43.35,24,1,2022-06-07 09:08:15
1654592895410403000,43.35,5,43.3,54,43.35,25,1,2022-06-07 09:08:15
1654592895441740000,43.3,1,43.3,53,43.35,25,2,2022-06-07 09:08:15
1654592895662685000,43.35,1,43.3,53,43.35,35,1,2022-06-07 09:08:15
1654592895861503000,43.3,10,43.3,43,43.35,35,2,2022-06-07 09:08:15
1654592895902049000,43.3,3,43.3,40,43.35,35,2,2022-06-07 09:08:15
1654592895906454000,43.3,1,43.3,39,43.35,35,2,2022-06-07 09:08:15
1654592895926452000,43.3,1,43.3,38,43.35,35,2,2022-06-07 09:08:15
1654592896079415000,43.3,20,43.3,18,43.35,35,2,2022-06-07 09:08:16
1654592896117106000,43.3,3,43.3,15,43.35,35,2,2022-06-07 09:08:16
1654592896117122000,43.3,15,43.25,5,43.35,35,2,2022-06-07 09:08:16
1654592896684493000,43.3,1,43.25,5,43.3,5,1,2022-06-07 09:08:16
1654592897838086000,43.25,1,43.25,4,43.3,20,2,2022-06-07 09:08:17
1654592898033481000,43.3,1,43.25,4,43.3,19,1,2022-06-07 09:08:18
1654592898259412000,43.3,6,43.25,4,43.3,13,1,2022-06-07 09:08:18
1654592899139143000,43.25,2,43.25,2,43.3,10,2,2022-06-07 09:08:19
1654592899176428000,43.25,1,43.25,1,43.3,10,2,2022-06-07 09:08:19
1654592900204550000,43.3,2,43.25,1,43.3,9,1,2022-06-07 09:08:20
1654592900242851000,43.25,1,43.2,10,43.3,9,2,2022-06-07 09:08:20
1654592900417453000,43.25,1,43.2,10,43.3,7,1,2022-06-07 09:08:20
1654592900417453000,43.3,2,43.2,10,43.3,7,1,2022-06-07 09:08:20
1654592900646231000,43.3,5,43.2,10,43.3,2,1,2022-06-07 09:08:20
1654592901656119000,43.25,2,43.2,10,43.25,3,1,2022-06-07 09:08:21
1654592901805789000,43.25,3,43.2,10,43.3,2,1,2022-06-07 09:08:21
1654592902024477000,43.3,1,43.2,10,43.3,3,1,2022-06-07 09:08:22
1654592902526204000,43.25,1,43.2,10,43.3,3,2,2022-06-07 09:08:22
1654592902998644000,43.25,1,43.2,10,43.3,4,1,2022-06-07 09:08:22
1654592905599681000,43.3,2,43.25,2,43.3,8,1,2022-06-07 09:08:25
1654592905845435000,43.3,8,43.25,2,43.35,4,1,2022-06-07 09:08:25
1654592905845435000,43.35,3,43.25,2,43.35,4,1,2022-06-07 09:08:25
1654592906434800000,43.25,5,43.25,2,43.35,5,2,2022-06-07 09:08:26
1654592906477035000,43.25,2,43.2,11,43.35,5,2,2022-06-07 09:08:26
1654592906553916000,43.35,1,43.2,11,43.35,4,1,2022-06-07 09:08:26
1654592907398353000,43.2,5,43.2,6,43.3,5,2,2022-06-07 09:08:27
1654592908811701000,43.3,1,43.25,1,43.3,4,1,2022-06-07 09:08:28
1654592909809014000,43.3,1,43.25,2,43.3,3,1,2022-06-07 09:08:29
1654592910293846000,43.3,1,43.25,2,43.3,2,1,2022-06-07 09:08:30
1654592910505326000,43.3,2,43.25,2,43.35,9,1,2022-06-07 09:08:30
1654592911362305000,43.35,1,43.3,6,43.35,8,1,2022-06-07 09:08:31
1654592911421439000,43.3,5,43.3,1,43.35,8,2,2022-06-07 09:08:31
1654592911448288000,43.3,1,43.25,2,43.35,8,2,2022-06-07 09:08:31
1654592912672813000,43.25,2,43.2,19,43.3,11,2,2022-06-07 09:08:32
1654592912672813000,43.2,3,43.2,19,43.3,11,2,2022-06-07 09:08:32
1654592913676289000,43.3,1,43.2,20,43.3,10,1,2022-06-07 09:08:33
1654592916225066000,43.3,1,43.25,1,43.3,11,1,2022-06-07 09:08:36
1654592917788953000,43.3,1,43.25,1,43.3,11,1,2022-06-07 09:08:37
1654592918644351000,43.25,1,43.2,27,43.3,11,2,2022-06-07 09:08:38
1654592918809469000,43.3,10,43.2,27,43.3,1,1,2022-06-07 09:08:38
1654592919493217000,43.2,3,43.2,24,43.3,1,2,2022-06-07 09:08:39
1654592919791729000,43.2,1,43.2,24,43.25,1,2,2022-06-07 09:08:39
1654592919913030000,43.25,1,43.2,24,43.3,1,1,2022-06-07 09:08:39
1654592921245811000,43.3,1,43.2,24,43.35,11,1,2022-06-07 09:08:41
1654592924524407000,43.35,1,43.3,3,43.35,10,1,2022-06-07 09:08:44
1654592925576483000,43.3,1,43.3,4,43.35,10,2,2022-06-07 09:08:45
1654592926367878000,43.3,1,43.3,4,43.35,10,2,2022-06-07 09:08:46
1654592928301593000,43.3,2,43.3,6,43.35,12,2,2022-06-07 09:08:48
1654592928589579000,43.3,2,43.3,4,43.35,12,2,2022-06-07 09:08:48
1654592928869184000,43.35,2,43.3,4,43.35,10,1,2022-06-07 09:08:48
1654592929064495000,43.3,4,43.25,24,43.35,10,2,2022-06-07 09:08:49
1654592930743485000,43.3,2,43.3,14,43.35,10,2,2022-06-07 09:08:50
1654592930942125000,43.3,1,43.3,13,43.35,10,2,2022-06-07 09:08:50
1654592931202460000,43.3,1,43.3,12,43.35,10,2,2022-06-07 09:08:51
1654592931317867000,43.3,1,43.3,11,43.35,10,2,2022-06-07 09:08:51
1654592931455388000,43.35,8,43.3,11,43.35,2,1,2022-06-07 09:08:51
1654592931980063000,43.35,2,43.35,3,43.4,44,1,2022-06-07 09:08:51
1654592932363392000,43.35,1,43.35,2,43.4,44,2,2022-06-07 09:08:52
1654592932628442000,43.4,4,43.35,2,43.4,40,1,2022-06-07 09:08:52
1654592933768796000,43.35,3,43.35,6,43.4,40,2,2022-06-07 09:08:53
1654592933868108000,43.4,30,43.35,6,43.4,10,1,2022-06-07 09:08:53
1654592933900322000,43.4,10,43.35,6,43.45,14,1,2022-06-07 09:08:53
1654592934178234000,43.35,1,43.35,5,43.45,14,2,2022-06-07 09:08:54
1654592934305219000,43.35,1,43.35,5,43.45,14,2,2022-06-07 09:08:54
1654592934469907000,43.45,7,43.4,5,43.45,7,1,2022-06-07 09:08:54
1654592935016725000,43.45,7,43.45,2,43.5,36,1,2022-06-07 09:08:55
1654592935310265000,43.5,1,43.45,4,43.5,35,1,2022-06-07 09:08:55
1654592935623040000,43.5,5,43.45,5,43.5,30,1,2022-06-07 09:08:55
1654592935824274000,43.5,5,43.45,6,43.5,25,1,2022-06-07 09:08:55
1654592935853618000,43.45,1,43.45,5,43.5,25,2,2022-06-07 09:08:55
1654592935856991000,43.5,10,43.45,5,43.5,15,1,2022-06-07 09:08:55
1654592935859246000,43.5,2,43.45,5,43.5,13,1,2022-06-07 09:08:55
1654592936018893000,43.5,10,43.45,5,43.5,3,1,2022-06-07 09:08:56
1654592936054134000,43.5,2,43.45,5,43.5,1,1,2022-06-07 09:08:56
1654592936198961000,43.5,1,43.45,5,43.55,31,1,2022-06-07 09:08:56
1654592936198961000,43.55,9,43.45,5,43.55,31,1,2022-06-07 09:08:56
1654592936435944000,43.55,2,43.5,1,43.55,29,1,2022-06-07 09:08:56
1654592936472050000,43.55,20,43.5,1,43.55,9,1,2022-06-07 09:08:56
1654592936473734000,43.55,5,43.5,1,43.55,4,1,2022-06-07 09:08:56
1654592936504935000,43.55,3,43.5,1,43.55,1,1,2022-06-07 09:08:56
1654592936540172000,43.55,1,43.55,4,43.6,40,1,2022-06-07 09:08:56
1654592936856092000,43.6,2,43.55,4,43.6,38,1,2022-06-07 09:08:56
1654592936896181000,43.6,24,43.55,4,43.6,14,1,2022-06-07 09:08:56
1654592936908263000,43.6,5,43.55,4,43.6,9,1,2022-06-07 09:08:56
1654592936937111000,43.6,5,43.55,4,43.6,4,1,2022-06-07 09:08:56
1654592936976135000,43.6,4,43.55,4,43.65,5,1,2022-06-07 09:08:56
1654592937105270000,43.65,3,43.55,4,43.65,2,1,2022-06-07 09:08:57
1654592937279963000,43.65,1,43.6,5,43.65,1,1,2022-06-07 09:08:57
1654592937324183000,43.65,1,43.6,5,43.7,12,1,2022-06-07 09:08:57
1654592937755427000,43.6,14,43.55,2,43.7,12,2,2022-06-07 09:08:57
1654592937755427000,43.55,9,43.55,2,43.7,12,2,2022-06-07 09:08:57
1654592938098273000,43.7,5,43.65,1,43.7,7,1,2022-06-07 09:08:58
1654592938158662000,43.65,1,43.6,10,43.7,7,2,2022-06-07 09:08:58
1654592938159702000,43.6,1,43.6,9,43.7,7,2,2022-06-07 09:08:58
1654592938234476000,43.7,1,43.6,9,43.7,6,1,2022-06-07 09:08:58
1654592938455754000,43.65,1,43.6,9,43.65,2,2,2022-06-07 09:08:58
1654592938455986000,43.65,1,43.6,9,43.65,1,1,2022-06-07 09:08:58
1654592938466016000,43.65,1,43.6,9,43.7,6,1,2022-06-07 09:08:58
1654592938743063000,43.6,1,43.6,8,43.7,6,2,2022-06-07 09:08:58
1654592938786436000,43.7,2,43.6,8,43.7,4,1,2022-06-07 09:08:58
1654592938857741000,43.7,1,43.6,8,43.7,3,1,2022-06-07 09:08:58
1654592938942829000,43.7,2,43.6,8,43.7,1,1,2022-06-07 09:08:58
1654592939178196000,43.7,1,43.65,2,43.75,9,1,2022-06-07 09:08:59
1654592939670709000,43.75,1,43.7,8,43.75,13,1,2022-06-07 09:08:59
1654592939915685000,43.75,13,43.7,8,44.0,5,1,2022-06-07 09:08:59
1654592939915685000,43.8,30,43.7,8,44.0,5,1,2022-06-07 09:08:59
1654592939915685000,43.85,1,43.7,8,44.0,5,1,2022-06-07 09:08:59
1654592939915685000,43.9,14,43.7,8,44.0,5,1,2022-06-07 09:08:59
1654592939915685000,43.95,3,43.7,8,44.0,5,1,2022-06-07 09:08:59
1654592939915685000,44.0,39,43.7,8,44.0,5,1,2022-06-07 09:08:59
1654592939973192000,43.95,1,43.75,6,44.0,1,1,2022-06-07 09:08:59
1654592939973192000,44.0,4,43.75,6,44.0,1,1,2022-06-07 09:08:59
1654592939974342000,44.0,1,43.75,6,44.05,5,1,2022-06-07 09:08:59
1654592940024310000,43.75,2,43.75,4,44.0,39,2,2022-06-07 09:09:00
1654592940268214000,43.95,2,43.8,1,44.0,11,1,2022-06-07 09:09:00
1654592940268214000,44.0,28,43.8,1,44.0,11,1,2022-06-07 09:09:00
1654592940338432000,44.0,2,43.8,1,44.0,9,1,2022-06-07 09:09:00
1654592940382564000,43.8,1,43.75,1,44.0,9,2,2022-06-07 09:09:00
1654592940382564000,43.75,3,43.75,1,44.0,9,2,2022-06-07 09:09:00
1654592940434518000,43.75,1,43.7,6,43.95,4,2,2022-06-07 09:09:00
1654592940434518000,43.7,3,43.7,6,43.95,4,2,2022-06-07 09:09:00
1654592940835321000,43.85,1,43.75,1,43.9,1,2,2022-06-07 09:09:00
1654592940869588000,43.9,1,43.75,1,43.95,3,1,2022-06-07 09:09:00
1654592940869588000,43.95,1,43.75,1,43.95,3,1,2022-06-07 09:09:00
1654592940969039000,43.95,1,43.75,1,43.95,2,1,2022-06-07 09:09:00
1654592941034374000,43.95,1,43.75,1,43.95,1,1,2022-06-07 09:09:01
1654592941299308000,43.95,1,43.75,2,44.0,9,1,2022-06-07 09:09:01
1654592941393063000,43.75,2,43.7,6,43.9,8,2,2022-06-07 09:09:01
1654592941393063000,43.7,2,43.7,6,43.9,8,2,2022-06-07 09:09:01
1654592941556362000,43.85,1,43.8,1,43.9,1,1,2022-06-07 09:09:01
1654592941556362000,43.9,7,43.8,1,43.9,1,1,2022-06-07 09:09:01
1654592941718475000,43.9,1,43.8,1,44.0,9,1,2022-06-07 09:09:01
1654592941967745000,43.9,1,43.8,1,43.9,9,1,2022-06-07 09:09:01
1654592942264562000,43.9,1,43.8,10,43.9,8,1,2022-06-07 09:09:02
1654592942524283000,43.9,1,43.8,10,43.9,7,1,2022-06-07 09:09:02
1654592942557634000,43.9,2,43.8,10,43.9,5,1,2022-06-07 09:09:02
1654592942567795000,43.8,2,43.8,8,43.9,5,2,2022-06-07 09:09:02
1654592942771590000,43.9,2,43.8,8,43.9,3,1,2022-06-07 09:09:02
1654592942799613000,43.8,2,43.8,6,43.9,3,2,2022-06-07 09:09:02
1654592942804836000,43.8,2,43.8,4,43.9,3,2,2022-06-07 09:09:02
1654592942824722000,43.8,2,43.8,2,43.9,3,2,2022-06-07 09:09:02
1654592942933316000,43.9,1,43.8,2,43.9,2,1,2022-06-07 09:09:02
1654592943001274000,43.9,2,43.8,2,44.0,7,1,2022-06-07 09:09:03
1654592943001274000,43.95,1,43.8,2,44.0,7,1,2022-06-07 09:09:03
1654592943001274000,44.0,2,43.8,2,44.0,7,1,2022-06-07 09:09:03
1654592943005535000,44.0,1,43.8,2,44.0,6,1,2022-06-07 09:09:03
1654592943460769000,43.85,1,43.8,2,43.85,3,1,2022-06-07 09:09:03
1654592943549228000,43.85,2,43.8,2,43.85,1,1,2022-06-07 09:09:03
1654592943719551000,43.85,1,43.8,2,43.95,1,1,2022-06-07 09:09:03
1654592944452888000,43.95,1,43.8,11,43.95,1,1,2022-06-07 09:09:04
1654592944704225000,43.95,1,43.9,1,44.0,6,1,2022-06-07 09:09:04
1654592945144297000,44.0,1,43.9,1,44.0,5,1,2022-06-07 09:09:05
1654592945443233000,44.0,1,43.95,3,44.0,4,1,2022-06-07 09:09:05
1654592945718236000,44.0,1,43.95,3,44.0,3,1,2022-06-07 09:09:05
1654592946045103000,44.0,4,43.95,3,44.05,8,1,2022-06-07 09:09:06
1654592946726981000,44.05,2,43.95,3,44.05,6,1,2022-06-07 09:09:06
1654592946994347000,43.95,2,43.95,1,44.05,6,2,2022-06-07 09:09:06
1654592947125811000,44.05,1,43.95,1,44.05,5,1,2022-06-07 09:09:07
1654592947274307000,44.05,1,44.0,1,44.05,4,1,2022-06-07 09:09:07
1654592947314080000,44.0,1,43.9,2,43.95,7,2,2022-06-07 09:09:07
1654592947314080000,43.95,1,43.9,2,43.95,7,2,2022-06-07 09:09:07
1654592947321036000,43.9,2,43.85,1,43.95,7,2,2022-06-07 09:09:07
1654592947321036000,43.85,4,43.85,1,43.95,7,2,2022-06-07 09:09:07
1654592947483427000,43.95,1,43.85,1,43.95,6,1,2022-06-07 09:09:07
1654592947610137000,43.95,6,43.95,14,44.05,4,1,2022-06-07 09:09:07
1654592947692495000,44.05,1,43.95,14,44.05,3,1,2022-06-07 09:09:07
1654592948029420000,44.0,1,44.0,1,44.05,3,2,2022-06-07 09:09:08
1654592948240504000,44.0,1,43.95,14,44.0,1,2,2022-06-07 09:09:08
1654592948344386000,44.0,1,43.95,14,44.0,5,1,2022-06-07 09:09:08
1654592948607248000,44.0,1,43.95,14,44.0,9,1,2022-06-07 09:09:08
1654592948633757000,44.0,1,43.95,14,44.0,8,1,2022-06-07 09:09:08
1654592948871248000,44.0,2,43.95,22,44.0,6,1,2022-06-07 09:09:08
1654592948957432000,43.95,1,43.95,21,44.0,6,2,2022-06-07 09:09:08
1654592949071421000,44.0,1,43.95,22,44.0,5,1,2022-06-07 09:09:09
1654592949183234000,43.95,5,43.95,17,44.0,5,2,2022-06-07 09:09:09
1654592949217410000,44.0,1,43.95,17,44.0,4,1,2022-06-07 09:09:09
1654592949401095000,44.0,4,44.0,6,44.05,3,1,2022-06-07 09:09:09
1654592950005113000,44.05,2,44.0,6,44.05,1,1,2022-06-07 09:09:10
1654592950116648000,44.0,2,44.0,4,44.05,1,2,2022-06-07 09:09:10
1654592950147294000,44.0,1,44.0,3,44.05,1,2,2022-06-07 09:09:10
1654592950347999000,44.0,1,44.0,7,44.05,1,2,2022-06-07 09:09:10
1654592950358134000,44.0,7,43.95,18,44.0,3,2,2022-06-07 09:09:10
1654592950364920000,44.0,1,43.95,18,44.0,2,1,2022-06-07 09:09:10
1654592951071221000,44.0,2,43.95,23,44.0,5,1,2022-06-07 09:09:11
1654592951267808000,44.0,2,43.95,23,44.0,3,1,2022-06-07 09:09:11
1654592951413893000,43.95,5,43.95,18,44.0,3,2,2022-06-07 09:09:11
1654592951593168000,43.95,1,43.95,18,44.0,3,2,2022-06-07 09:09:11
1654592951598099000,44.0,2,43.95,18,44.0,1,1,2022-06-07 09:09:11
1654592951713817000,44.0,1,44.0,1,44.05,3,1,2022-06-07 09:09:11
1654592951847405000,44.05,3,44.05,7,44.1,12,1,2022-06-07 09:09:11
1654592952117091000,44.05,7,44.0,2,44.1,12,2,2022-06-07 09:09:12
1654592952117091000,44.0,3,44.0,2,44.1,12,2,2022-06-07 09:09:12
1654592952231139000,44.0,2,43.95,18,44.0,1,2,2022-06-07 09:09:12
1654592952437863000,44.0,1,43.95,18,44.1,12,1,2022-06-07 09:09:12
1654592952822347000,44.1,1,43.95,18,44.1,11,1,2022-06-07 09:09:12
1654592952941943000,44.0,2,44.0,1,44.1,11,2,2022-06-07 09:09:12
1654592952970152000,44.0,1,43.95,18,44.0,1,2,2022-06-07 09:09:12
1654592953024940000,44.0,1,43.95,18,44.1,8,1,2022-06-07 09:09:13
1654592953024940000,44.05,1,43.95,18,44.1,8,1,2022-06-07 09:09:13
1654592953024940000,44.1,3,43.95,18,44.1,8,1,2022-06-07 09:09:13
1654592953160687000,43.95,2,43.95,16,44.0,9,2,2022-06-07 09:09:13
1654592953195691000,44.0,1,43.95,16,44.0,8,1,2022-06-07 09:09:13
1654592953578944000,44.0,1,43.95,16,44.0,8,1,2022-06-07 09:09:13
1654592953589771000,44.0,1,43.95,16,44.0,7,1,2022-06-07 09:09:13
1654592953605973000,44.0,7,43.95,20,44.1,5,1,2022-06-07 09:09:13
1654592953605973000,44.1,3,43.95,20,44.1,5,1,2022-06-07 09:09:13
1654592953773610000,44.1,5,44.05,2,44.2,14,1,2022-06-07 09:09:13
1654592953825407000,44.05,2,44.0,3,44.2,13,2,2022-06-07 09:09:13
1654592953825407000,44.0,3,44.0,3,44.2,13,2,2022-06-07 09:09:13
1654592953945764000,44.2,2,44.05,2,44.2,11,1,2022-06-07 09:09:13
1654592954110346000,44.05,1,44.05,11,44.2,11,2,2022-06-07 09:09:14
1654592954230183000,44.05,5,44.05,6,44.2,11,2,2022-06-07 09:09:14
1654592954401450000,44.2,5,44.1,3,44.2,6,1,2022-06-07 09:09:14
1654592955422235000,44.2,4,44.1,3,44.2,2,1,2022-06-07 09:09:15
1654592955450760000,44.2,2,44.1,3,44.25,5,1,2022-06-07 09:09:15
1654592955625399000,44.1,1,44.1,2,44.25,5,2,2022-06-07 09:09:15
1654592955797268000,44.25,3,44.1,2,44.25,2,1,2022-06-07 09:09:15
1654592956015057000,44.1,3,44.05,8,44.25,2,2,2022-06-07 09:09:16
1654592956015057000,44.05,2,44.05,8,44.25,2,2,2022-06-07 09:09:16
1654592956032035000,44.05,1,44.05,7,44.25,2,2,2022-06-07 09:09:16
1654592956154847000,44.1,1,44.1,3,44.25,2,2,2022-06-07 09:09:16
1654592956439179000,44.25,2,44.1,4,44.3,15,1,2022-06-07 09:09:16
1654592956636648000,44.1,1,44.1,3,44.3,15,2,2022-06-07 09:09:16
1654592956901733000,44.1,1,44.1,2,44.3,15,2,2022-06-07 09:09:16
1654592957145356000,44.3,1,44.15,6,44.3,14,1,2022-06-07 09:09:17
1654592957470145000,44.25,2,44.15,8,44.3,13,1,2022-06-07 09:09:17
1654592957470145000,44.3,1,44.15,8,44.3,13,1,2022-06-07 09:09:17
1654592957546846000,44.15,1,44.15,7,44.25,2,2,2022-06-07 09:09:17
1654592957641963000,44.25,1,44.15,7,44.25,1,1,2022-06-07 09:09:17
1654592957991244000,44.25,1,44.15,2,44.25,5,1,2022-06-07 09:09:17
1654592958242911000,44.15,3,44.1,4,44.25,5,2,2022-06-07 09:09:18
1654592958242911000,44.1,2,44.1,4,44.25,5,2,2022-06-07 09:09:18
1654592958286989000,44.25,4,44.1,4,44.25,1,1,2022-06-07 09:09:18
1654592958624648000,44.25,1,44.2,2,44.3,12,1,2022-06-07 09:09:18
1654592958624648000,44.3,1,44.2,2,44.3,12,1,2022-06-07 09:09:18
1654592959020119000,44.25,1,44.2,3,44.25,4,1,2022-06-07 09:09:19
1654592959729045000,44.25,1,44.2,3,44.25,6,1,2022-06-07 09:09:19
1654592959849465000,44.25,1,44.2,4,44.25,5,1,2022-06-07 09:09:19
1654592959853176000,44.25,1,44.2,4,44.25,4,1,2022-06-07 09:09:19
1654592959946881000,44.2,1,44.2,3,44.25,4,2,2022-06-07 09:09:19
1654592960092855000,44.25,1,44.2,3,44.25,3,1,2022-06-07 09:09:20
1654592960093220000,44.25,1,44.2,3,44.25,2,1,2022-06-07 09:09:20
1654592960270002000,44.2,1,44.2,3,44.25,2,2,2022-06-07 09:09:20
1654592960484651000,44.25,1,44.2,4,44.25,1,1,2022-06-07 09:09:20
1654592960622466000,44.2,1,44.2,7,44.25,1,2,2022-06-07 09:09:20
1654592960689307000,44.2,1,44.2,6,44.25,1,2,2022-06-07 09:09:20
1654592960698988000,44.25,1,44.2,6,44.3,15,1,2022-06-07 09:09:20
1654592961224098000,44.25,1,44.2,6,44.25,4,1,2022-06-07 09:09:21
1654592961227541000,44.25,4,44.25,1,44.3,16,1,2022-06-07 09:09:21
1654592961400832000,44.25,1,44.25,5,44.3,16,2,2022-06-07 09:09:21
1654592961787538000,44.3,6,44.25,6,44.3,10,1,2022-06-07 09:09:21
1654592961843690000,44.25,5,44.25,1,44.3,12,2,2022-06-07 09:09:21
1654592961871058000,44.25,1,44.2,6,44.3,12,2,2022-06-07 09:09:21
1654592962057566000,44.2,6,44.15,8,44.2,2,2,2022-06-07 09:09:22
1654592962339732000,44.2,2,44.15,6,44.3,14,1,2022-06-07 09:09:22
1654592962398396000,44.3,4,44.25,5,44.3,10,1,2022-06-07 09:09:22
1654592962408921000,44.25,1,44.25,4,44.3,10,2,2022-06-07 09:09:22
1654592962438664000,44.25,4,44.2,1,44.25,11,2,2022-06-07 09:09:22
1654592962572452000,44.2,1,44.15,6,44.25,11,2,2022-06-07 09:09:22
1654592962867666000,44.2,2,44.15,2,44.25,11,2,2022-06-07 09:09:22
1654592962867666000,44.15,4,44.15,2,44.25,11,2,2022-06-07 09:09:22
1654592963225880000,44.25,5,44.15,2,44.25,9,1,2022-06-07 09:09:23
1654592963434387000,44.15,2,44.1,14,44.2,10,2,2022-06-07 09:09:23
1654592963434387000,44.1,2,44.1,14,44.2,10,2,2022-06-07 09:09:23
1654592963523512000,44.2,1,44.1,14,44.2,9,1,2022-06-07 09:09:23
1654592963857882000,44.2,1,44.1,14,44.2,19,1,2022-06-07 09:09:23
1654592964261639000,44.15,4,44.1,14,44.2,29,2,2022-06-07 09:09:24
1654592964349271000,44.15,1,44.1,14,44.2,28,1,2022-06-07 09:09:24
1654592964349271000,44.2,1,44.1,14,44.2,28,1,2022-06-07 09:09:24
1654592964376895000,44.2,10,44.1,14,44.2,18,1,2022-06-07 09:09:24
1654592965742665000,44.15,5,44.1,14,44.15,1,1,2022-06-07 09:09:25
1654592965919938000,44.15,1,44.15,1,44.2,20,1,2022-06-07 09:09:25
1654592966134226000,44.2,1,44.15,1,44.2,19,1,2022-06-07 09:09:26
1654592966321550000,44.2,2,44.15,1,44.2,17,1,2022-06-07 09:09:26
1654592966397111000,44.15,1,44.1,9,44.2,17,2,2022-06-07 09:09:26
1654592966397111000,44.1,9,44.1,9,44.2,17,2,2022-06-07 09:09:26
1654592966875068000,44.2,3,44.15,1,44.2,14,1,2022-06-07 09:09:26
1654592967302032000,44.15,1,44.1,11,44.15,9,2,2022-06-07 09:09:27
1654592967333951000,44.1,2,44.1,9,44.15,9,2,2022-06-07 09:09:27
1654592967696763000,44.15,1,44.1,10,44.15,8,1,2022-06-07 09:09:27
1654592967706310000,44.15,1,44.1,10,44.15,7,1,2022-06-07 09:09:27
1654592967734852000,44.15,1,44.1,10,44.15,6,1,2022-06-07 09:09:27
1654592968055785000,44.1,1,44.1,9,44.15,7,2,2022-06-07 09:09:28
1654592968534416000,44.1,1,44.1,23,44.15,9,2,2022-06-07 09:09:28
1654592969036868000,44.1,5,44.1,30,44.15,9,2,2022-06-07 09:09:29
1654592969484768000,44.15,1,44.1,30,44.15,8,1,2022-06-07 09:09:29
1654592969501993000,44.1,1,44.1,29,44.15,8,2,2022-06-07 09:09:29
1654592969792174000,44.1,1,44.1,28,44.15,8,2,2022-06-07 09:09:29
1654592969970201000,44.15,5,44.1,30,44.15,13,1,2022-06-07 09:09:29
1654592970210918000,44.15,10,44.1,37,44.15,3,1,2022-06-07 09:09:30
1654592970596023000,44.1,2,44.1,35,44.15,12,2,2022-06-07 09:09:30
1654592970914595000,44.1,1,44.1,34,44.15,12,2,2022-06-07 09:09:30
1654592970953958000,44.15,5,44.1,34,44.15,7,1,2022-06-07 09:09:30
1654592971016167000,44.15,3,44.1,34,44.15,4,1,2022-06-07 09:09:31
1654592971352222000,44.1,1,44.1,34,44.15,4,2,2022-06-07 09:09:31
1654592971584228000,44.15,1,44.1,35,44.15,3,1,2022-06-07 09:09:31
1654592971755137000,44.1,5,44.1,32,44.15,3,2,2022-06-07 09:09:31
1654592971921827000,44.1,10,44.1,23,44.15,3,2,2022-06-07 09:09:31
1654592972189707000,44.15,3,44.15,3,44.2,10,1,2022-06-07 09:09:32
1654592972202502000,44.15,3,44.1,21,44.2,10,2,2022-06-07 09:09:32
1654592972202502000,44.1,2,44.1,21,44.2,10,2,2022-06-07 09:09:32
1654592972499672000,44.2,5,44.15,1,44.2,7,1,2022-06-07 09:09:32
1654592972981832000,44.2,1,44.15,1,44.2,7,1,2022-06-07 09:09:32
1654592973026245000,44.15,1,44.1,22,44.15,6,2,2022-06-07 09:09:33
1654592973138232000,44.1,5,44.1,18,44.15,6,2,2022-06-07 09:09:33
1654592973667655000,44.15,1,44.1,23,44.15,5,1,2022-06-07 09:09:33
1654592973915277000,44.1,1,44.1,22,44.15,6,2,2022-06-07 09:09:33
1654592974049763000,44.1,2,44.1,20,44.15,6,2,2022-06-07 09:09:34
1654592974175632000,44.15,1,44.1,20,44.15,6,1,2022-06-07 09:09:34
1654592974349521000,44.15,2,44.1,20,44.15,4,1,2022-06-07 09:09:34
1654592975357720000,44.1,2,44.1,22,44.15,4,2,2022-06-07 09:09:35
1654592975821882000,44.15,2,44.1,27,44.15,4,1,2022-06-07 09:09:35
1654592976795869000,44.15,1,44.1,28,44.15,3,1,2022-06-07 09:09:36
1654592977264855000,44.15,3,44.1,28,44.15,6,1,2022-06-07 09:09:37
1654592977884984000,44.1,5,44.1,23,44.15,9,2,2022-06-07 09:09:37
1654592977929022000,44.15,9,44.1,23,44.2,10,1,2022-06-07 09:09:37
1654592977929022000,44.2,1,44.1,23,44.2,10,1,2022-06-07 09:09:37
1654592978330764000,44.15,1,44.1,23,44.2,10,1,2022-06-07 09:09:38
1654592978658363000,44.1,1,44.1,23,44.2,10,2,2022-06-07 09:09:38
1654592978716699000,44.2,1,44.1,23,44.2,9,1,2022-06-07 09:09:38
1654592978834863000,44.2,1,44.1,23,44.2,8,1,2022-06-07 09:09:38
1654592979044713000,44.15,1,44.1,23,44.2,8,2,2022-06-07 09:09:39
1654592980272136000,44.15,2,44.1,24,44.15,20,1,2022-06-07 09:09:40
1654592980299309000,44.15,10,44.1,24,44.15,10,1,2022-06-07 09:09:40
1654592980469119000,44.15,1,44.1,24,44.15,9,1,2022-06-07 09:09:40
1654592980475072000,44.1,1,44.1,23,44.15,9,2,2022-06-07 09:09:40
1654592980780105000,44.1,1,44.1,28,44.15,9,2,2022-06-07 09:09:40
1654592980928447000,44.15,1,44.1,28,44.15,8,1,2022-06-07 09:09:40
1654592981117862000,44.1,5,44.1,23,44.15,8,2,2022-06-07 09:09:41
1654592981648971000,44.1,1,44.1,42,44.15,12,2,2022-06-07 09:09:41
1654592982210216000,44.1,1,44.1,41,44.15,12,2,2022-06-07 09:09:42
1654592982501895000,44.1,2,44.1,39,44.15,12,2,2022-06-07 09:09:42
1654592982794159000,44.15,2,44.1,39,44.15,10,1,2022-06-07 09:09:42
1654592982811068000,44.15,1,44.1,39,44.15,9,1,2022-06-07 09:09:42
1654592982914101000,44.1,1,44.1,38,44.15,9,2,2022-06-07 09:09:42
1654592983452201000,44.1,1,44.1,37,44.15,9,2,2022-06-07 09:09:43
1654592984082573000,44.15,1,44.1,37,44.15,8,1,2022-06-07 09:09:44
1654592984142374000,44.1,1,44.1,36,44.15,8,2,2022-06-07 09:09:44
1654592984524418000,44.1,1,44.1,35,44.15,8,2,2022-06-07 09:09:44
1654592984774131000,44.1,1,44.1,37,44.15,9,2,2022-06-07 09:09:44
1654592985045962000,44.1,1,44.1,37,44.15,11,2,2022-06-07 09:09:45
1654592985261221000,44.1,1,44.1,37,44.15,11,2,2022-06-07 09:09:45
1654592985358859000,44.15,1,44.1,37,44.15,10,1,2022-06-07 09:09:45
1654592985736936000,44.15,4,44.1,38,44.15,6,1,2022-06-07 09:09:45
1654592985855489000,44.15,1,44.1,38,44.15,5,1,2022-06-07 09:09:45
1654592985907371000,44.1,1,44.1,37,44.15,5,2,2022-06-07 09:09:45
1654592986022159000,44.15,1,44.1,37,44.15,5,1,2022-06-07 09:09:46
1654592986199503000,44.15,1,44.1,37,44.15,5,1,2022-06-07 09:09:46
1654592986217093000,44.1,2,44.1,35,44.15,5,2,2022-06-07 09:09:46
1654592986234715000,44.15,2,44.1,35,44.15,3,1,2022-06-07 09:09:46
1654592986747222000,44.1,3,44.1,33,44.15,4,2,2022-06-07 09:09:46
1654592987053747000,44.15,1,44.1,33,44.15,3,1,2022-06-07 09:09:47
1654592987101469000,44.1,1,44.1,32,44.15,3,2,2022-06-07 09:09:47
1654592987131489000,44.15,1,44.1,32,44.15,2,1,2022-06-07 09:09:47
1654592987228961000,44.15,2,44.1,35,44.2,20,1,2022-06-07 09:09:47
1654592987228961000,44.2,2,44.1,35,44.2,20,1,2022-06-07 09:09:47
1654592987244911000,44.2,1,44.1,35,44.2,19,1,2022-06-07 09:09:47
1654592987939577000,44.15,1,44.1,35,44.2,19,1,2022-06-07 09:09:47
1654592988346427000,44.2,1,44.1,35,44.2,18,1,2022-06-07 09:09:48
1654592989806355000,44.2,1,44.15,3,44.2,18,1,2022-06-07 09:09:49
1654592989807383000,44.15,1,44.15,2,44.2,18,2,2022-06-07 09:09:49
1654592991028781000,44.15,3,44.15,12,44.2,18,2,2022-06-07 09:09:51
1654592991112280000,44.2,2,44.15,12,44.2,16,1,2022-06-07 09:09:51
1654592991483523000,44.15,2,44.15,10,44.2,17,2,2022-06-07 09:09:51
1654592991975860000,44.15,1,44.15,9,44.2,17,2,2022-06-07 09:09:51
1654592992633328000,44.15,1,44.15,10,44.2,17,2,2022-06-07 09:09:52
1654592993669891000,44.15,4,44.15,11,44.2,17,2,2022-06-07 09:09:53
1654592993784330000,44.2,1,44.15,13,44.2,16,1,2022-06-07 09:09:53
1654592994465889000,44.2,1,44.15,16,44.2,15,1,2022-06-07 09:09:54
1654592995509010000,44.2,2,44.15,20,44.2,14,1,2022-06-07 09:09:55
1654592996174532000,44.2,3,44.15,21,44.2,11,1,2022-06-07 09:09:56
1654592996328333000,44.15,15,44.15,6,44.2,11,2,2022-06-07 09:09:56
1654592996764933000,44.15,2,44.15,5,44.2,12,2,2022-06-07 09:09:56
1654592996802663000,44.2,6,44.15,5,44.2,6,1,2022-06-07 09:09:56
1654592997222660000,44.15,5,44.1,50,44.15,6,2,2022-06-07 09:09:57
1654592997312435000,44.15,1,44.1,50,44.15,5,1,2022-06-07 09:09:57
1654592997433772000,44.15,5,44.1,50,44.2,16,1,2022-06-07 09:09:57
1654592997433772000,44.2,5,44.1,50,44.2,16,1,2022-06-07 09:09:57
1654592997595266000,44.2,5,44.1,50,44.2,11,1,2022-06-07 09:09:57
1654592997812134000,44.15,1,44.1,50,44.15,14,1,2022-06-07 09:09:57
1654592998205650000,44.1,1,44.1,49,44.15,20,2,2022-06-07 09:09:58
1654592998425222000,44.15,5,44.1,49,44.15,15,1,2022-06-07 09:09:58
1654592998709167000,44.1,2,44.1,47,44.15,23,2,2022-06-07 09:09:58
1654592998944184000,44.15,2,44.1,57,44.15,21,1,2022-06-07 09:09:58
1654592999359751000,44.1,3,44.1,54,44.15,42,2,2022-06-07 09:09:59
1654592999486672000,44.15,1,44.1,54,44.15,41,1,2022-06-07 09:09:59
1654593000093615000,44.1,1,44.1,45,44.15,40,2,2022-06-07 09:10:00
1654593000471030000,44.15,1,44.1,45,44.15,39,1,2022-06-07 09:10:00
1654593000640887000,44.1,2,44.1,42,44.15,41,2,2022-06-07 09:10:00
1654593000684006000,44.1,2,44.1,40,44.15,41,2,2022-06-07 09:10:00
1654593000887781000,44.1,2,44.1,38,44.15,41,2,2022-06-07 09:10:00
1654593001005750000,44.1,10,44.1,28,44.15,41,2,2022-06-07 09:10:01
1654593001056677000,44.1,6,44.1,22,44.15,41,2,2022-06-07 09:10:01
1654593001111993000,44.1,5,44.1,17,44.15,41,2,2022-06-07 09:10:01
1654593001226348000,44.15,1,44.1,17,44.15,41,1,2022-06-07 09:10:01
1654593001257421000,44.1,5,44.1,12,44.15,41,2,2022-06-07 09:10:01
1654593001490769000,44.1,2,44.1,10,44.15,42,2,2022-06-07 09:10:01
1654593001520347000,44.1,2,44.1,8,44.15,42,2,2022-06-07 09:10:01
1654593001622608000,44.1,3,44.1,5,44.15,42,2,2022-06-07 09:10:01
1654593001659719000,44.1,5,44.05,22,44.1,2,2,2022-06-07 09:10:01
1654593001845207000,44.05,1,44.05,21,44.1,2,2,2022-06-07 09:10:01
1654593002268321000,44.1,1,44.05,21,44.1,37,1,2022-06-07 09:10:02
1654593002287835000,44.05,1,44.05,20,44.1,37,2,2022-06-07 09:10:02
1654593002424987000,44.1,5,44.05,20,44.1,32,1,2022-06-07 09:10:02
1654593002498548000,44.1,1,44.05,20,44.1,32,1,2022-06-07 09:10:02
