ts,close,volume,bid_price,bid_volume,ask_price,ask_volume,tick_type,datetime
1658307609229966000,39.85,304,39.75,4,39.85,15,1,2022-07-20 09:00:09
1658307609268803000,39.75,1,39.75,3,39.85,15,2,2022-07-20 09:00:09
1658307609336167000,39.75,3,39.7,20,39.85,16,2,2022-07-20 09:00:09
1658307609367604000,39.7,2,39.7,18,39.85,16,2,2022-07-20 09:00:09
1658307609390598000,39.7,2,39.7,16,39.85,16,2,2022-07-20 09:00:09
1658307609518000000,39.7,2,39.7,14,39.85,16,2,2022-07-20 09:00:09
1658307609553676000,39.7,8,39.7,6,39.85,16,2,2022-07-20 09:00:09
1658307609683002000,39.7,2,39.7,16,39.85,16,2,2022-07-20 09:00:09
1658307609714869000,39.85,1,39.7,4,39.85,15,1,2022-07-20 09:00:09
1658307609841592000,39.7,4,39.5,2,39.85,15,2,2022-07-20 09:00:09
1658307609841592000,39.6,1,39.5,2,39.85,15,2,2022-07-20 09:00:09
1658307609841592000,39.5,1,39.5,2,39.85,15,2,2022-07-20 09:00:09
1658307611182726000,39.5,2,39.35,3,39.8,4,2,2022-07-20 09:00:11
1658307611353343000,39.35,1,39.3,1,39.8,4,2,2022-07-20 09:00:11
1658307611420209000,39.35,1,39.3,1,39.8,4,1,2022-07-20 09:00:11
1658307612087554000,39.85,1,39.35,1,39.85,1,1,2022-07-20 09:00:12
1658307612862589000,39.9,15,39.35,1,39.9,3,1,2022-07-20 09:00:12
1658307615253667000,39.9,5,39.3,1,39.95,4,1,2022-07-20 09:00:15
1658307615253667000,39.95,5,39.3,1,39.95,4,1,2022-07-20 09:00:15
1658307615740701000,39.9,1,39.3,2,39.95,4,1,2022-07-20 09:00:15
1658307616882896000,39.85,1,39.4,3,39.95,4,2,2022-07-20 09:00:16
1658307617348385000,39.9,1,39.4,3,39.95,4,1,2022-07-20 09:00:17
1658307617415200000,39.4,1,39.4,2,39.95,4,2,2022-07-20 09:00:17
1658307617958645000,39.95,2,39.4,2,39.95,2,1,2022-07-20 09:00:17
1658307618318896000,39.9,1,39.4,2,39.95,2,2,2022-07-20 09:00:18
1658307618424557000,39.4,1,39.4,1,39.95,2,2,2022-07-20 09:00:18
1658307618542696000,39.9,1,39.4,2,39.95,2,2,2022-07-20 09:00:18
1658307618781838000,39.95,1,39.4,2,39.95,1,1,2022-07-20 09:00:18
1658307619658880000,39.5,2,39.4,2,39.9,5,2,2022-07-20 09:00:19
1658307619658880000,39.45,3,39.4,2,39.9,5,2,2022-07-20 09:00:19
1658307619672843000,39.9,1,39.5,2,39.9,5,1,2022-07-20 09:00:19
1658307620054149000,39.85,2,39.65,2,39.9,4,1,2022-07-20 09:00:20
1658307620245425000,39.9,1,39.65,2,39.9,3,1,2022-07-20 09:00:20
1658307620292722000,39.9,1,39.65,2,39.9,2,1,2022-07-20 09:00:20
1658307620325642000,39.9,1,39.65,2,39.9,1,1,2022-07-20 09:00:20
1658307620356027000,39.9,1,39.65,2,39.95,1,1,2022-07-20 09:00:20
1658307620412623000,39.95,1,39.9,1,40.0,67,1,2022-07-20 09:00:20
1658307620544495000,39.9,1,39.7,1,40.0,67,2,2022-07-20 09:00:20
1658307620694219000,39.9,5,39.7,1,40.0,67,1,2022-07-20 09:00:20
1658307620987231000,39.85,2,39.7,1,40.0,68,1,2022-07-20 09:00:20
1658307621007255000,39.7,1,39.65,2,40.0,68,2,2022-07-20 09:00:21
1658307622348805000,39.9,1,39.9,4,39.95,2,1,2022-07-20 09:00:22
1658307622807636000,39.9,1,39.9,4,39.95,2,2,2022-07-20 09:00:22
1658307624484105000,39.9,1,39.9,5,39.95,2,2,2022-07-20 09:00:24
1658307625412935000,39.95,1,39.95,19,40.0,70,1,2022-07-20 09:00:25
1658307625441490000,40.0,34,39.95,19,40.0,36,1,2022-07-20 09:00:25
1658307625441531000,40.0,36,39.95,19,40.05,2,1,2022-07-20 09:00:25
1658307625476833000,40.05,2,39.95,19,40.1,1,1,2022-07-20 09:00:25
1658307625898572000,39.95,1,39.95,18,40.1,1,2,2022-07-20 09:00:25
1658307626160519000,39.95,5,39.95,13,40.1,1,2,2022-07-20 09:00:26
1658307627759363000,40.1,1,40.0,5,40.2,2,1,2022-07-20 09:00:27
1658307629180027000,40.2,2,40.0,5,40.3,9,1,2022-07-20 09:00:29
1658307629180027000,40.25,5,40.0,5,40.3,9,1,2022-07-20 09:00:29
1658307629180027000,40.3,3,40.0,5,40.3,9,1,2022-07-20 09:00:29
1658307629282036000,40.15,1,40.05,5,40.3,9,1,2022-07-20 09:00:29
1658307629604896000,40.05,1,40.05,4,40.3,9,2,2022-07-20 09:00:29
1658307631530643000,40.2,1,40.0,11,40.25,1,1,2022-07-20 09:00:31
1658307631604534000,40.25,1,40.1,2,40.25,1,1,2022-07-20 09:00:31
1658307631806017000,40.1,1,40.1,1,40.3,9,2,2022-07-20 09:00:31
1658307632766953000,40.25,1,40.1,1,40.3,9,2,2022-07-20 09:00:32
1658307633305796000,40.25,1,40.1,1,40.25,9,1,2022-07-20 09:00:33
1658307633338887000,40.25,9,40.1,1,40.3,9,1,2022-07-20 09:00:33
1658307633400038000,40.3,4,40.1,1,40.3,5,1,2022-07-20 09:00:33
1658307633427406000,40.3,5,40.1,1,40.35,2,1,2022-07-20 09:00:33
1658307633723305000,40.25,3,40.1,1,40.35,2,1,2022-07-20 09:00:33
1658307635533479000,40.3,4,40.3,7,40.35,2,2,2022-07-20 09:00:35
1658307635558174000,40.35,1,40.3,7,40.35,1,1,2022-07-20 09:00:35
1658307635986010000,40.3,1,40.3,6,40.35,4,2,2022-07-20 09:00:35
1658307635990187000,40.35,1,40.3,6,40.35,3,1,2022-07-20 09:00:35
1658307636048081000,40.3,1,40.3,7,40.35,4,2,2022-07-20 09:00:36
1658307636332898000,40.3,3,40.3,2,40.35,3,2,2022-07-20 09:00:36
1658307636367975000,40.3,2,40.1,3,40.35,3,2,2022-07-20 09:00:36
1658307636977941000,40.15,1,40.1,5,40.4,5,1,2022-07-20 09:00:36
1658307638685316000,40.3,1,40.15,1,40.3,1,1,2022-07-20 09:00:38
1658307639307136000,40.25,1,40.15,1,40.3,2,2,2022-07-20 09:00:39
1658307640802234000,40.25,2,40.15,1,40.25,8,1,2022-07-20 09:00:40
1658307641032798000,40.2,1,40.15,1,40.25,8,2,2022-07-20 09:00:41
1658307641321004000,40.25,1,40.15,4,40.25,7,1,2022-07-20 09:00:41
1658307642219848000,40.25,2,40.15,5,40.25,4,1,2022-07-20 09:00:42
1658307642256284000,40.25,2,40.15,5,40.25,2,1,2022-07-20 09:00:42
1658307642836719000,40.2,1,40.15,5,40.2,2,1,2022-07-20 09:00:42
1658307642872311000,40.2,2,40.15,5,40.25,2,1,2022-07-20 09:00:42
1658307643096605000,40.15,1,40.15,5,40.2,3,2,2022-07-20 09:00:43
1658307643527739000,40.25,1,40.15,4,40.25,2,1,2022-07-20 09:00:43
1658307643877885000,40.15,1,40.15,3,40.25,1,2,2022-07-20 09:00:43
1658307644096641000,40.25,1,40.25,1,40.3,3,1,2022-07-20 09:00:44
1658307644465932000,40.25,1,40.15,4,40.3,4,2,2022-07-20 09:00:44
1658307644817405000,40.2,1,40.15,4,40.3,4,1,2022-07-20 09:00:44
1658307645741320000,40.25,1,40.2,1,40.3,4,2,2022-07-20 09:00:45
1658307645803533000,40.2,1,40.15,7,40.2,1,2,2022-07-20 09:00:45
1658307646338128000,40.2,1,40.15,7,40.3,3,1,2022-07-20 09:00:46
1658307646338128000,40.3,1,40.15,7,40.3,3,1,2022-07-20 09:00:46
1658307649052203000,40.25,1,40.2,4,40.25,3,1,2022-07-20 09:00:49
1658307649059328000,40.2,4,40.2,4,40.25,4,2,2022-07-20 09:00:49
1658307649551565000,40.2,2,40.15,20,40.3,26,2,2022-07-20 09:00:49
1658307649686244000,40.2,2,40.15,20,40.3,26,2,2022-07-20 09:00:49
1658307649687908000,40.3,1,40.15,20,40.3,25,1,2022-07-20 09:00:49
1658307649741914000,40.25,1,40.15,20,40.3,25,2,2022-07-20 09:00:49
1658307649794617000,40.15,1,40.15,19,40.25,1,2,2022-07-20 09:00:49
1658307649917043000,40.15,1,40.15,20,40.25,1,2,2022-07-20 09:00:49
1658307650692892000,40.15,3,40.15,15,40.2,7,2,2022-07-20 09:00:50
1658307650693953000,40.15,15,40.1,3,40.2,7,2,2022-07-20 09:00:50
1658307650722065000,40.15,1,40.1,3,40.2,7,2,2022-07-20 09:00:50
1658307650728149000,40.1,1,40.1,2,40.2,7,2,2022-07-20 09:00:50
1658307651676637000,40.2,1,40.1,2,40.2,3,1,2022-07-20 09:00:51
1658307651873585000,40.2,1,40.1,2,40.2,3,1,2022-07-20 09:00:51
1658307652221188000,40.2,1,40.1,2,40.2,2,1,2022-07-20 09:00:52
1658307652685174000,40.15,1,40.15,1,40.2,2,2,2022-07-20 09:00:52
1658307652767645000,40.15,1,40.1,2,40.2,3,2,2022-07-20 09:00:52
1658307653240836000,40.2,3,40.1,2,40.3,25,1,2022-07-20 09:00:53
1658307653240836000,40.25,7,40.1,2,40.3,25,1,2022-07-20 09:00:53
1658307653560167000,40.3,25,40.3,5,40.35,1,1,2022-07-20 09:00:53
1658307653657036000,40.3,5,40.1,3,40.35,1,2,2022-07-20 09:00:53
1658307654413805000,40.1,1,40.1,3,40.35,1,2,2022-07-20 09:00:54
1658307655354413000,40.35,1,40.2,1,40.4,3,1,2022-07-20 09:00:55
1658307655354413000,40.4,1,40.2,1,40.4,3,1,2022-07-20 09:00:55
1658307655429791000,40.3,5,40.2,5,40.4,3,2,2022-07-20 09:00:55
1658307656048763000,40.35,4,40.4,3,40.45,13,1,2022-07-20 09:00:56
1658307656048763000,40.4,3,40.4,3,40.45,13,1,2022-07-20 09:00:56
1658307656081278000,40.4,3,40.2,1,40.45,13,2,2022-07-20 09:00:56
1658307656711112000,40.25,1,40.2,2,40.25,1,1,2022-07-20 09:00:56
1658307657561552000,40.25,1,40.2,2,40.3,4,1,2022-07-20 09:00:57
1658307658366672000,40.25,1,40.2,3,40.25,1,1,2022-07-20 09:00:58
1658307658409272000,40.25,1,40.2,3,40.35,2,1,2022-07-20 09:00:58
1658307658409272000,40.35,2,40.2,3,40.35,2,1,2022-07-20 09:00:58
1658307658441226000,40.2,1,40.2,2,40.35,2,2,2022-07-20 09:00:58
1658307658659019000,40.2,1,40.2,2,40.35,2,2,2022-07-20 09:00:58
1658307658701977000,40.25,1,40.2,2,40.35,2,2,2022-07-20 09:00:58
1658307658897787000,40.2,1,40.2,1,40.35,2,2,2022-07-20 09:00:58
1658307660795944000,40.2,1,40.2,2,40.25,5,2,2022-07-20 09:01:00
1658307660834350000,40.2,2,40.15,1,40.25,5,2,2022-07-20 09:01:00
1658307661368829000,40.15,1,40.1,8,40.25,5,2,2022-07-20 09:01:01
1658307662502574000,40.25,5,40.1,10,40.3,12,1,2022-07-20 09:01:02
1658307662913195000,40.1,5,40.1,5,40.2,3,2,2022-07-20 09:01:02
1658307663370451000,40.1,1,40.1,4,40.3,12,2,2022-07-20 09:01:03
1658307663668082000,40.1,5,40.1,5,40.3,12,2,2022-07-20 09:01:03
1658307664386176000,40.15,2,40.05,3,40.2,3,2,2022-07-20 09:01:04
1658307666561718000,40.15,1,40.1,1,40.2,3,1,2022-07-20 09:01:06
1658307668304920000,40.15,1,40.1,1,40.2,5,1,2022-07-20 09:01:08
1658307668337619000,40.1,1,40.05,3,40.2,5,2,2022-07-20 09:01:08
1658307668559797000,40.05,2,40.05,1,40.2,8,2,2022-07-20 09:01:08
1658307668591810000,40.05,1,40.0,79,40.2,8,2,2022-07-20 09:01:08
1658307668609695000,40.0,1,40.0,78,40.2,8,2,2022-07-20 09:01:08
1658307668797721000,40.0,1,40.0,77,40.2,8,2,2022-07-20 09:01:08
1658307668841837000,40.05,1,40.0,77,40.2,8,2,2022-07-20 09:01:08
1658307668957132000,40.15,1,40.0,77,40.2,8,2,2022-07-20 09:01:08
1658307669118971000,40.0,1,40.15,1,40.2,8,2,2022-07-20 09:01:09
1658307669550126000,40.0,1,40.0,75,40.2,8,2,2022-07-20 09:01:09
1658307669588263000,40.0,4,40.0,71,40.2,8,2,2022-07-20 09:01:09
1658307669741826000,40.15,1,40.0,71,40.2,8,2,2022-07-20 09:01:09
1658307669916652000,40.0,1,40.0,70,40.2,8,2,2022-07-20 09:01:09
1658307669971719000,40.0,1,40.0,69,40.2,8,2,2022-07-20 09:01:09
1658307670107545000,40.0,1,40.0,68,40.2,8,2,2022-07-20 09:01:10
1658307670149548000,40.0,2,40.0,66,40.2,8,2,2022-07-20 09:01:10
1658307670193735000,40.2,1,40.0,66,40.2,7,1,2022-07-20 09:01:10
1658307670280477000,40.0,1,40.0,65,40.2,7,2,2022-07-20 09:01:10
1658307670338249000,40.2,3,40.0,65,40.2,4,1,2022-07-20 09:01:10
1658307670493283000,40.0,11,40.0,54,40.2,4,2,2022-07-20 09:01:10
1658307670528194000,40.0,6,40.0,48,40.2,4,2,2022-07-20 09:01:10
1658307670573024000,40.0,12,40.0,36,40.2,4,2,2022-07-20 09:01:10
1658307670607384000,40.0,9,40.0,27,40.2,4,2,2022-07-20 09:01:10
1658307671742909000,40.1,1,40.1,1,40.15,18,2,2022-07-20 09:01:11
1658307671772243000,40.1,1,40.0,30,40.15,18,2,2022-07-20 09:01:11
1658307671952670000,40.0,13,40.0,17,40.15,18,2,2022-07-20 09:01:11
1658307671985617000,40.0,10,40.0,7,40.15,18,2,2022-07-20 09:01:11
1658307672097885000,40.0,7,40.0,7,40.15,1,2,2022-07-20 09:01:12
1658307673229204000,40.0,1,39.95,22,40.0,10,2,2022-07-20 09:01:13
1658307673527322000,40.0,1,39.95,22,40.0,9,1,2022-07-20 09:01:13
1658307673532392000,39.95,2,39.95,20,40.0,9,2,2022-07-20 09:01:13
1658307673625955000,39.95,20,39.95,20,40.0,12,2,2022-07-20 09:01:13
1658307674454707000,40.0,3,39.9,22,40.0,9,1,2022-07-20 09:01:14
1658307675216585000,40.0,9,40.0,1,40.05,3,1,2022-07-20 09:01:15
1658307675524018000,40.0,2,39.9,22,40.05,2,2,2022-07-20 09:01:15
1658307678431561000,40.05,3,40.0,2,40.05,2,1,2022-07-20 09:01:18
1658307678898023000,40.0,2,39.9,22,40.05,2,2,2022-07-20 09:01:18
1658307678907514000,39.9,1,39.9,21,40.05,2,2,2022-07-20 09:01:18
1658307679064438000,39.9,1,39.9,21,40.05,6,2,2022-07-20 09:01:19
1658307679225858000,39.9,1,39.9,19,40.05,5,2,2022-07-20 09:01:19
1658307679367902000,39.9,1,39.9,18,40.05,5,2,2022-07-20 09:01:19
1658307679547802000,39.9,1,39.9,17,40.0,1,2,2022-07-20 09:01:19
1658307679705415000,39.9,1,39.9,16,39.95,1,2,2022-07-20 09:01:19
1658307679747321000,39.9,2,39.9,14,39.95,1,2,2022-07-20 09:01:19
1658307680036036000,39.9,1,39.9,13,39.95,1,2,2022-07-20 09:01:20
1658307680106609000,39.95,1,39.9,13,40.1,2,1,2022-07-20 09:01:20
1658307680106609000,40.0,1,39.9,13,40.1,2,1,2022-07-20 09:01:20
1658307680106609000,40.05,5,39.9,13,40.1,2,1,2022-07-20 09:01:20
1658307680106609000,40.1,3,39.9,13,40.1,2,1,2022-07-20 09:01:20
1658307680134542000,39.9,1,39.9,12,40.1,2,2,2022-07-20 09:01:20
1658307680414458000,40.1,2,39.9,12,40.15,9,1,2022-07-20 09:01:20
1658307680968152000,39.95,1,39.95,3,40.15,9,2,2022-07-20 09:01:20
1658307681279273000,40.1,1,39.95,3,40.15,9,1,2022-07-20 09:01:21
1658307681350280000,39.95,1,39.95,2,40.15,9,2,2022-07-20 09:01:21
1658307681464953000,40.0,1,39.95,2,40.1,5,2,2022-07-20 09:01:21
1658307681504338000,39.95,2,39.9,13,40.1,5,2,2022-07-20 09:01:21
1658307681543415000,39.95,1,39.95,1,40.1,5,2,2022-07-20 09:01:21
1658307682233924000,39.95,1,39.9,13,40.0,1,2,2022-07-20 09:01:22
1658307683400255000,40.0,1,39.9,13,40.0,1,1,2022-07-20 09:01:23
1658307683701448000,39.9,13,39.85,1,40.0,2,2,2022-07-20 09:01:23
1658307684521260000,39.95,1,39.9,4,40.0,6,2,2022-07-20 09:01:24
1658307684649965000,39.95,1,39.9,4,39.95,2,1,2022-07-20 09:01:24
1658307684658573000,39.95,1,39.9,4,40.0,6,1,2022-07-20 09:01:24
1658307685230876000,39.9,1,39.9,3,39.95,1,2,2022-07-20 09:01:25
1658307685616777000,39.9,1,39.9,2,39.95,1,2,2022-07-20 09:01:25
1658307685645769000,39.9,1,39.9,3,39.95,1,2,2022-07-20 09:01:25
1658307686050248000,39.9,1,39.9,1,39.95,5,2,2022-07-20 09:01:26
1658307686233174000,39.85,1,39.8,1,39.95,5,2,2022-07-20 09:01:26
1658307687703407000,39.95,1,39.9,1,39.95,4,1,2022-07-20 09:01:27
1658307687951841000,39.9,1,39.8,1,39.95,4,2,2022-07-20 09:01:27
1658307688009472000,39.95,1,39.8,1,39.95,3,1,2022-07-20 09:01:28
1658307689347522000,39.9,1,39.8,1,39.95,5,1,2022-07-20 09:01:29
1658307689557144000,39.95,4,39.8,1,39.95,1,1,2022-07-20 09:01:29
1658307689591526000,39.95,1,39.8,2,40.0,5,1,2022-07-20 09:01:29
1658307689713860000,39.9,1,39.8,2,40.0,5,1,2022-07-20 09:01:29
1658307689896962000,39.8,1,39.8,1,40.0,5,2,2022-07-20 09:01:29
1658307690214839000,39.8,1,39.7,5,40.0,5,2,2022-07-20 09:01:30
1658307690395072000,39.7,1,39.7,3,40.0,5,2,2022-07-20 09:01:30
1658307690563460000,39.7,1,39.7,2,39.95,2,2,2022-07-20 09:01:30
1658307690752379000,39.7,1,39.7,1,39.95,2,2,2022-07-20 09:01:30
1658307690851286000,39.95,2,39.7,1,40.0,5,1,2022-07-20 09:01:30
1658307693031273000,39.65,1,39.65,1,39.85,3,2,2022-07-20 09:01:33
1658307693031304000,39.65,1,39.5,6,39.85,3,2,2022-07-20 09:01:33
1658307693031304000,39.55,1,39.5,6,39.85,3,2,2022-07-20 09:01:33
1658307693699612000,39.7,1,39.5,6,39.8,1,2,2022-07-20 09:01:33
1658307694831832000,39.5,2,39.5,4,39.8,5,2,2022-07-20 09:01:34
1658307695101915000,39.75,1,39.5,4,39.8,3,1,2022-07-20 09:01:35
1658307695101915000,39.8,2,39.5,4,39.8,3,1,2022-07-20 09:01:35
1658307695887349000,39.7,1,39.55,3,39.7,1,1,2022-07-20 09:01:35
1658307696276388000,39.55,2,39.5,4,39.7,2,2,2022-07-20 09:01:36
1658307696747885000,39.55,1,39.5,3,39.7,2,2,2022-07-20 09:01:36
1658307696747885000,39.5,1,39.5,3,39.7,2,2,2022-07-20 09:01:36
1658307698019946000,39.7,2,39.5,3,39.85,1,1,2022-07-20 09:01:38
1658307698019946000,39.8,2,39.5,3,39.85,1,1,2022-07-20 09:01:38
1658307698019946000,39.85,2,39.5,3,39.85,1,1,2022-07-20 09:01:38
1658307698485733000,39.8,2,39.55,1,39.85,1,2,2022-07-20 09:01:38
1658307698784593000,39.6,1,39.55,2,39.8,1,2,2022-07-20 09:01:38
1658307699019234000,39.55,1,39.55,1,39.85,1,2,2022-07-20 09:01:39
1658307699481333000,39.55,1,39.55,1,39.8,1,2,2022-07-20 09:01:39
1658307699913017000,39.5,1,39.5,9,39.8,3,2,2022-07-20 09:01:39
1658307700180527000,39.5,1,39.5,8,39.8,7,2,2022-07-20 09:01:40
1658307700559922000,39.5,1,39.5,9,39.8,7,2,2022-07-20 09:01:40
1658307701061307000,39.5,1,39.5,7,39.8,7,2,2022-07-20 09:01:41
1658307701426143000,39.7,1,39.7,9,39.8,3,2,2022-07-20 09:01:41
1658307701697447000,39.7,1,39.7,8,39.8,3,2,2022-07-20 09:01:41
1658307701760417000,39.7,1,39.7,7,39.8,3,2,2022-07-20 09:01:41
1658307702142175000,39.7,1,39.7,7,39.8,5,2,2022-07-20 09:01:42
1658307702176862000,39.7,2,39.7,4,39.8,5,2,2022-07-20 09:01:42
1658307702287176000,39.7,4,39.55,1,39.75,1,2,2022-07-20 09:01:42
1658307702536467000,39.75,4,39.55,1,39.75,1,1,2022-07-20 09:01:42
1658307703612989000,39.65,1,39.6,3,39.8,1,2,2022-07-20 09:01:43
1658307704101765000,39.65,1,39.65,2,39.75,1,2,2022-07-20 09:01:44
1658307706227542000,39.75,1,39.65,3,39.75,2,1,2022-07-20 09:01:46
1658307707256294000,39.75,1,39.65,3,39.75,1,1,2022-07-20 09:01:47
1658307707283704000,39.75,1,39.65,3,39.8,3,1,2022-07-20 09:01:47
1658307708828087000,39.7,4,39.65,3,39.8,3,2,2022-07-20 09:01:48
1658307710173572000,39.75,1,39.7,3,39.75,3,1,2022-07-20 09:01:50
1658307711408079000,39.75,1,39.7,8,39.75,2,1,2022-07-20 09:01:51
1658307711436029000,39.75,2,39.7,8,39.8,3,1,2022-07-20 09:01:51
1658307712096907000,39.7,5,39.7,3,39.8,3,2,2022-07-20 09:01:52
1658307712251291000,39.8,3,39.75,1,39.9,2,1,2022-07-20 09:01:52
1658307712251291000,39.85,2,39.75,1,39.9,2,1,2022-07-20 09:01:52
1658307712441412000,39.75,1,39.7,3,39.9,2,2,2022-07-20 09:01:52
1658307712874059000,39.7,1,39.7,2,39.9,2,2,2022-07-20 09:01:52
1658307713625681000,39.75,5,39.7,2,39.9,2,2,2022-07-20 09:01:53
1658307714895715000,39.85,1,39.75,1,39.85,2,1,2022-07-20 09:01:54
1658307716148886000,39.8,1,39.8,2,39.85,2,2,2022-07-20 09:01:56
1658307717866453000,39.8,2,39.75,1,39.85,7,2,2022-07-20 09:01:57
1658307717866453000,39.75,8,39.75,1,39.85,7,2,2022-07-20 09:01:57
1658307718646338000,39.8,2,39.75,1,39.8,1,2,2022-07-20 09:01:58
1658307719240119000,39.8,1,39.75,11,39.8,1,1,2022-07-20 09:01:59
1658307721341903000,39.8,1,39.75,11,39.8,1,1,2022-07-20 09:02:01
1658307721570580000,39.75,4,39.75,7,39.8,1,2,2022-07-20 09:02:01
1658307721844726000,39.75,1,39.75,6,39.8,1,2,2022-07-20 09:02:01
1658307721879106000,39.75,4,39.75,2,39.8,1,2,2022-07-20 09:02:01
1658307721914460000,39.75,2,39.7,2,39.8,1,2,2022-07-20 09:02:01
1658307721989255000,39.8,1,39.7,2,39.85,6,1,2022-07-20 09:02:01
1658307721989255000,39.85,1,39.7,2,39.85,6,1,2022-07-20 09:02:01
1658307723863228000,39.7,2,39.65,2,39.75,3,2,2022-07-20 09:02:03
1658307723868376000,39.65,1,39.65,1,39.75,3,2,2022-07-20 09:02:03
1658307723907180000,39.65,1,39.6,5,39.75,3,2,2022-07-20 09:02:03
1658307723941645000,39.6,5,39.55,1,39.75,3,2,2022-07-20 09:02:03
1658307724731812000,39.75,2,39.55,1,39.75,4,1,2022-07-20 09:02:04
1658307725201606000,39.75,2,39.55,1,39.75,2,1,2022-07-20 09:02:05
1658307725267713000,39.75,2,39.6,2,39.8,21,1,2022-07-20 09:02:05
1658307725797487000,39.6,1,39.6,3,39.8,27,2,2022-07-20 09:02:05
1658307726354597000,39.6,1,39.6,2,39.8,28,2,2022-07-20 09:02:06
1658307726385520000,39.6,1,39.6,1,39.8,28,2,2022-07-20 09:02:06
1658307726402386000,39.6,1,39.5,6,39.8,28,2,2022-07-20 09:02:06
1658307726402386000,39.5,2,39.5,6,39.8,28,2,2022-07-20 09:02:06
1658307726469038000,39.5,2,39.5,4,39.75,1,2,2022-07-20 09:02:06
1658307726592403000,39.5,1,39.5,3,39.75,5,2,2022-07-20 09:02:06
1658307726661639000,39.5,3,39.45,2,39.75,12,2,2022-07-20 09:02:06
1658307726720436000,39.6,1,39.45,2,39.7,1,2,2022-07-20 09:02:06
1658307726970296000,39.65,1,39.45,2,39.65,1,1,2022-07-20 09:02:06
1658307727473561000,39.65,1,39.5,6,39.7,1,1,2022-07-20 09:02:07
1658307727959829000,39.65,10,39.5,6,39.7,1,2,2022-07-20 09:02:07
1658307728656061000,39.7,1,39.5,6,39.7,6,1,2022-07-20 09:02:08
1658307729364607000,39.6,1,39.6,2,39.7,2,2,2022-07-20 09:02:09
1658307733238064000,39.7,3,39.65,6,39.75,1,1,2022-07-20 09:02:13
1658307733798850000,39.65,6,39.6,4,39.75,1,2,2022-07-20 09:02:13
1658307735717825000,39.6,4,39.55,5,39.75,3,2,2022-07-20 09:02:15
1658307736835543000,39.7,1,39.7,1,39.75,7,2,2022-07-20 09:02:16
1658307736873301000,39.7,1,39.6,2,39.75,7,2,2022-07-20 09:02:16
1658307737011410000,39.65,1,39.6,2,39.65,1,1,2022-07-20 09:02:17
1658307737433405000,39.6,3,39.55,5,39.6,2,2,2022-07-20 09:02:17
1658307737906313000,39.55,1,39.55,4,39.6,4,2,2022-07-20 09:02:17
1658307737913770000,39.55,1,39.55,3,39.6,4,2,2022-07-20 09:02:17
1658307738632202000,39.6,3,39.55,3,39.6,4,1,2022-07-20 09:02:18
1658307738926808000,39.6,1,39.55,4,39.75,4,1,2022-07-20 09:02:18
1658307739864811000,39.55,1,39.55,3,39.75,4,2,2022-07-20 09:02:19
1658307740222849000,39.7,1,39.55,3,39.75,3,1,2022-07-20 09:02:20
1658307740222849000,39.75,1,39.55,3,39.75,3,1,2022-07-20 09:02:20
1658307740300074000,39.75,1,39.55,3,39.75,2,1,2022-07-20 09:02:20
1658307740979583000,39.55,1,39.55,2,39.75,2,2,2022-07-20 09:02:20
1658307741984801000,39.55,1,39.55,6,39.7,1,2,2022-07-20 09:02:21
1658307743196556000,39.65,1,39.65,4,39.7,3,2,2022-07-20 09:02:23
1658307743275343000,39.65,1,39.65,3,39.7,3,2,2022-07-20 09:02:23
1658307743970914000,39.65,1,39.65,2,39.7,3,2,2022-07-20 09:02:23
1658307743976311000,39.65,2,39.6,1,39.7,3,2,2022-07-20 09:02:23
1658307747234816000,39.7,3,39.6,13,39.75,3,1,2022-07-20 09:02:27
1658307748064362000,39.6,1,39.6,15,39.75,8,2,2022-07-20 09:02:28
1658307749325269000,39.7,1,39.7,4,39.75,8,2,2022-07-20 09:02:29
1658307750213718000,39.7,1,39.7,5,39.75,8,2,2022-07-20 09:02:30
1658307750517458000,39.7,1,39.7,4,39.75,8,2,2022-07-20 09:02:30
1658307750645329000,39.7,1,39.7,5,39.75,8,2,2022-07-20 09:02:30
1658307750737698000,39.7,1,39.7,2,39.75,8,2,2022-07-20 09:02:30
1658307751426962000,39.75,8,39.7,2,39.9,1,1,2022-07-20 09:02:31
1658307751426962000,39.8,8,39.7,2,39.9,1,1,2022-07-20 09:02:31
1658307751426962000,39.85,1,39.7,2,39.9,1,1,2022-07-20 09:02:31
1658307751426962000,39.9,1,39.7,2,39.9,1,1,2022-07-20 09:02:31
1658307753663730000,39.85,1,39.7,2,39.85,1,1,2022-07-20 09:02:33
1658307753663730000,39.9,2,39.7,2,39.85,1,1,2022-07-20 09:02:33
1658307754783434000,39.7,1,39.65,8,39.9,3,2,2022-07-20 09:02:34
1658307754783434000,39.65,3,39.65,8,39.9,3,2,2022-07-20 09:02:34
1658307756032870000,39.85,2,39.85,1,39.9,3,1,2022-07-20 09:02:36
1658307756065914000,39.85,1,39.85,1,39.9,3,2,2022-07-20 09:02:36
1658307757379146000,39.9,3,39.9,4,39.95,21,1,2022-07-20 09:02:37
1658307760864555000,39.95,1,39.9,4,39.95,29,1,2022-07-20 09:02:40
1658307761126368000,39.9,4,39.75,1,39.9,1,2,2022-07-20 09:02:41
1658307761419031000,39.9,1,39.75,1,39.95,28,1,2022-07-20 09:02:41
1658307761419031000,39.95,1,39.75,1,39.95,28,1,2022-07-20 09:02:41
1658307761977125000,39.9,1,39.75,1,39.95,19,1,2022-07-20 09:02:41
1658307762551598000,39.9,1,39.75,1,39.9,19,1,2022-07-20 09:02:42
1658307762623219000,39.75,1,39.7,3,39.9,19,2,2022-07-20 09:02:42
1658307763039134000,39.85,2,39.75,2,39.85,1,1,2022-07-20 09:02:43
1658307763284101000,39.85,1,39.75,2,39.9,27,1,2022-07-20 09:02:43
1658307763701896000,39.75,2,39.75,2,39.85,5,2,2022-07-20 09:02:43
1658307763771485000,39.85,1,39.7,3,39.85,4,1,2022-07-20 09:02:43
1658307765067699000,39.85,1,39.8,2,39.85,4,1,2022-07-20 09:02:45
1658307765292919000,39.85,2,39.8,2,39.85,1,1,2022-07-20 09:02:45
1658307765338535000,39.85,1,39.8,2,39.9,21,1,2022-07-20 09:02:45
1658307768008263000,39.85,1,39.8,3,39.85,6,1,2022-07-20 09:02:48
1658307768343557000,39.85,1,39.8,3,39.85,5,1,2022-07-20 09:02:48
1658307768902974000,39.85,1,39.8,3,39.85,4,1,2022-07-20 09:02:48
1658307770066871000,39.8,2,39.8,1,39.85,4,2,2022-07-20 09:02:50
1658307770078461000,39.85,1,39.8,1,39.85,3,1,2022-07-20 09:02:50
1658307770567663000,39.8,2,39.8,5,39.85,3,2,2022-07-20 09:02:50
1658307770918685000,39.85,3,39.8,3,39.9,14,1,2022-07-20 09:02:50
1658307770918685000,39.9,7,39.8,3,39.9,14,1,2022-07-20 09:02:50
1658307770954495000,39.8,3,39.7,4,39.9,14,2,2022-07-20 09:02:50
1658307771431902000,39.85,2,39.7,4,39.85,2,1,2022-07-20 09:02:51
1658307771469431000,39.85,2,39.7,4,39.9,18,1,2022-07-20 09:02:51
1658307772421994000,39.85,1,39.7,4,39.9,18,1,2022-07-20 09:02:52
1658307772991601000,39.7,4,39.65,7,39.85,5,2,2022-07-20 09:02:52
1658307772991601000,39.65,11,39.65,7,39.85,5,2,2022-07-20 09:02:52
1658307773560224000,39.8,1,39.8,1,39.9,18,1,2022-07-20 09:02:53
1658307773595618000,39.8,1,39.65,7,39.9,18,2,2022-07-20 09:02:53
1658307773732981000,39.9,5,39.65,7,39.9,18,1,2022-07-20 09:02:53
1658307773975694000,39.65,7,39.6,7,39.9,13,2,2022-07-20 09:02:53
1658307773975694000,39.6,8,39.6,7,39.9,13,2,2022-07-20 09:02:53
1658307774089955000,39.6,7,39.6,7,39.85,2,2,2022-07-20 09:02:54
1658307774607492000,39.7,2,39.55,27,39.85,2,2,2022-07-20 09:02:54
1658307774850243000,39.55,15,39.55,12,39.85,3,2,2022-07-20 09:02:54
1658307775430158000,39.8,1,39.8,1,39.85,3,2,2022-07-20 09:02:55
1658307775430442000,39.8,1,39.55,12,39.85,3,2,2022-07-20 09:02:55
1658307777618137000,39.8,1,39.6,1,39.9,14,1,2022-07-20 09:02:57
1658307777618137000,39.85,3,39.6,1,39.9,14,1,2022-07-20 09:02:57
1658307783602726000,39.65,2,39.6,2,39.8,14,2,2022-07-20 09:03:03
1658307784049478000,39.6,1,39.6,1,39.8,14,2,2022-07-20 09:03:04
1658307784077458000,39.6,1,39.55,19,39.8,14,2,2022-07-20 09:03:04
1658307784836715000,39.55,6,39.55,13,39.75,4,2,2022-07-20 09:03:04
1658307784870449000,39.55,9,39.55,4,39.75,4,2,2022-07-20 09:03:04
1658307785114706000,39.65,1,39.55,4,39.75,4,2,2022-07-20 09:03:05
1658307785793984000,39.6,1,39.6,1,39.8,12,2,2022-07-20 09:03:05
1658307787738251000,39.6,2,39.55,4,39.75,2,2,2022-07-20 09:03:07
1658307788839963000,39.6,1,39.55,4,39.7,1,2,2022-07-20 09:03:08
1658307789905179000,39.55,4,39.55,1,39.65,2,2,2022-07-20 09:03:09
1658307789937500000,39.65,2,39.75,5,39.8,12,1,2022-07-20 09:03:09
1658307789937500000,39.7,1,39.75,5,39.8,12,1,2022-07-20 09:03:09
1658307789937500000,39.75,2,39.75,5,39.8,12,1,2022-07-20 09:03:09
1658307789965864000,39.75,1,39.75,4,39.8,12,2,2022-07-20 09:03:09
1658307789966120000,39.75,1,39.75,3,39.8,12,2,2022-07-20 09:03:09
1658307789966156000,39.75,3,39.55,1,39.75,2,2,2022-07-20 09:03:09
1658307790038296000,39.55,1,39.5,33,39.75,2,2,2022-07-20 09:03:10
1658307791192639000,39.65,2,39.5,33,39.65,3,1,2022-07-20 09:03:11
1658307794723009000,39.5,33,39.45,15,39.6,3,2,2022-07-20 09:03:14
1658307794762912000,39.55,1,39.45,15,39.6,3,2,2022-07-20 09:03:14
1658307795036166000,39.45,3,39.45,12,39.5,7,2,2022-07-20 09:03:15
1658307795036185000,39.45,2,39.45,15,39.5,7,2,2022-07-20 09:03:15
1658307795962156000,39.5,2,39.45,10,39.5,5,1,2022-07-20 09:03:15
1658307796408014000,39.45,10,39.4,11,39.5,5,2,2022-07-20 09:03:16
1658307796753981000,39.5,3,39.4,11,39.5,2,1,2022-07-20 09:03:16
1658307797123172000,39.5,1,39.4,11,39.5,1,1,2022-07-20 09:03:17
1658307797156449000,39.5,1,39.4,11,39.6,3,1,2022-07-20 09:03:17
1658307797578773000,39.4,1,39.4,10,39.6,3,2,2022-07-20 09:03:17
1658307798015981000,39.55,1,39.4,10,39.55,2,1,2022-07-20 09:03:18
1658307798098167000,39.4,1,39.4,9,39.55,2,2,2022-07-20 09:03:18
1658307798947884000,39.5,1,39.4,9,39.6,8,2,2022-07-20 09:03:18
1658307800385451000,39.4,8,39.4,1,39.55,2,2,2022-07-20 09:03:20
1658307800414777000,39.4,1,39.35,5,39.55,2,2,2022-07-20 09:03:20
1658307801891198000,39.5,1,39.5,2,39.6,10,1,2022-07-20 09:03:21
1658307803039756000,39.5,1,39.5,1,39.6,10,2,2022-07-20 09:03:23
1658307803925302000,39.5,1,39.4,15,39.6,10,2,2022-07-20 09:03:23
1658307805108867000,39.5,1,39.4,15,39.6,10,2,2022-07-20 09:03:25
1658307807453560000,39.45,1,39.4,15,39.45,7,1,2022-07-20 09:03:27
1658307807500458000,39.45,7,39.4,15,39.5,3,1,2022-07-20 09:03:27
1658307807500458000,39.5,3,39.4,15,39.5,3,1,2022-07-20 09:03:27
1658307807698188000,39.4,1,39.4,14,39.5,3,2,2022-07-20 09:03:27
1658307808364585000,39.5,1,39.4,14,39.5,2,1,2022-07-20 09:03:28
1658307808523977000,39.4,2,39.4,12,39.5,4,2,2022-07-20 09:03:28
1658307809786933000,39.5,2,39.45,1,39.5,2,1,2022-07-20 09:03:29
1658307809823513000,39.5,2,39.45,1,39.6,8,1,2022-07-20 09:03:29
1658307810630641000,39.45,1,39.4,12,39.55,6,2,2022-07-20 09:03:30
1658307810759876000,39.4,1,39.4,11,39.55,6,2,2022-07-20 09:03:30
1658307810910241000,39.4,1,39.4,10,39.55,6,2,2022-07-20 09:03:30
1658307812013595000,39.5,1,39.4,10,39.5,7,1,2022-07-20 09:03:32
1658307813842742000,39.4,1,39.4,8,39.45,2,2,2022-07-20 09:03:33
1658307813874157000,39.4,8,39.35,9,39.45,2,2,2022-07-20 09:03:33
1658307813992452000,39.45,1,39.35,9,39.45,1,1,2022-07-20 09:03:33
1658307814229045000,39.45,1,39.5,6,39.55,6,1,2022-07-20 09:03:34
1658307814229045000,39.5,3,39.5,6,39.55,6,1,2022-07-20 09:03:34
1658307816800336000,39.5,1,39.5,5,39.55,6,2,2022-07-20 09:03:36
1658307817340835000,39.5,1,39.5,4,39.55,6,2,2022-07-20 09:03:37
1658307817641488000,39.55,1,39.5,4,39.55,6,1,2022-07-20 09:03:37
1658307818131961000,39.5,1,39.5,5,39.55,10,2,2022-07-20 09:03:38
1658307819829844000,39.5,3,39.5,4,39.55,14,2,2022-07-20 09:03:39
1658307819861085000,39.5,1,39.45,1,39.55,14,2,2022-07-20 09:03:39
1658307821297759000,39.5,2,39.5,5,39.55,14,2,2022-07-20 09:03:41
1658307822608401000,39.5,1,39.5,2,39.55,17,2,2022-07-20 09:03:42
1658307822639950000,39.5,2,39.45,1,39.55,17,2,2022-07-20 09:03:42
1658307823395075000,39.55,1,39.45,1,39.55,15,1,2022-07-20 09:03:43
1658307824046592000,39.45,1,39.4,6,39.5,8,2,2022-07-20 09:03:44
1658307825229377000,39.45,1,39.4,7,39.45,1,1,2022-07-20 09:03:45
1658307826139915000,39.5,1,39.4,7,39.5,8,1,2022-07-20 09:03:46
1658307826258467000,39.4,1,39.4,7,39.5,8,2,2022-07-20 09:03:46
1658307826772570000,39.5,5,39.4,6,39.5,3,1,2022-07-20 09:03:46
1658307826848967000,39.5,1,39.4,6,39.5,2,1,2022-07-20 09:03:46
1658307827725465000,39.5,1,39.45,2,39.5,1,1,2022-07-20 09:03:47
1658307828166897000,39.5,1,39.45,4,39.5,1,1,2022-07-20 09:03:48
1658307829823389000,39.5,3,39.5,4,39.55,16,2,2022-07-20 09:03:49
1658307830210115000,39.5,4,39.4,6,39.55,16,2,2022-07-20 09:03:50
1658307830210115000,39.45,4,39.4,6,39.55,16,2,2022-07-20 09:03:50
1658307830210115000,39.4,2,39.4,6,39.55,16,2,2022-07-20 09:03:50
1658307830793548000,39.5,1,39.4,8,39.5,1,1,2022-07-20 09:03:50
1658307831455853000,39.5,2,39.5,3,39.55,16,2,2022-07-20 09:03:51
1658307831762530000,39.5,2,39.5,3,39.55,16,2,2022-07-20 09:03:51
1658307832198725000,39.55,5,39.5,1,39.55,11,1,2022-07-20 09:03:52
1658307832329973000,39.5,1,39.4,9,39.55,11,2,2022-07-20 09:03:52
1658307832531804000,39.4,1,39.4,8,39.55,11,2,2022-07-20 09:03:52
1658307834139670000,39.5,1,39.5,3,39.55,11,2,2022-07-20 09:03:54
1658307834169437000,39.5,3,39.4,8,39.55,11,2,2022-07-20 09:03:54
1658307835046254000,39.5,1,39.45,2,39.55,2,1,2022-07-20 09:03:55
1658307835046254000,39.55,9,39.45,2,39.55,2,1,2022-07-20 09:03:55
1658307837872038000,39.5,1,39.45,3,39.5,1,1,2022-07-20 09:03:57
1658307837900191000,39.5,1,39.45,3,39.55,2,1,2022-07-20 09:03:57
1658307838442377000,39.5,1,39.45,2,39.55,2,2,2022-07-20 09:03:58
1658307838442377000,39.45,1,39.45,2,39.55,2,2,2022-07-20 09:03:58
1658307839977932000,39.5,1,39.5,4,39.55,2,2,2022-07-20 09:03:59
1658307841204563000,39.5,2,39.5,2,39.55,2,2,2022-07-20 09:04:01
1658307841608411000,39.55,1,39.5,2,39.55,1,1,2022-07-20 09:04:01
1658307842180435000,39.5,1,39.5,1,39.55,1,2,2022-07-20 09:04:02
1658307843546516000,39.5,1,39.5,3,39.55,2,2,2022-07-20 09:04:03
1658307843585270000,39.5,2,39.5,1,39.55,2,2,2022-07-20 09:04:03
1658307844889468000,39.55,2,39.55,1,39.6,13,1,2022-07-20 09:04:04
1658307844918737000,39.55,1,39.5,1,39.6,13,2,2022-07-20 09:04:04
1658307846366782000,39.5,1,39.5,1,39.55,1,2,2022-07-20 09:04:06
1658307849471066000,39.5,1,39.5,1,39.55,2,2,2022-07-20 09:04:09
1658307850492110000,39.5,2,39.5,2,39.55,2,2,2022-07-20 09:04:10
1658307851127319000,39.55,2,39.55,3,39.6,12,1,2022-07-20 09:04:11
1658307852513427000,39.55,2,39.55,1,39.6,12,2,2022-07-20 09:04:12
1658307853762939000,39.55,1,39.5,6,39.6,14,2,2022-07-20 09:04:13
1658307854116108000,39.55,1,39.5,7,39.6,14,2,2022-07-20 09:04:14
1658307860406141000,39.55,1,39.55,1,39.6,14,2,2022-07-20 09:04:20
1658307860905118000,39.6,10,39.55,1,39.6,4,1,2022-07-20 09:04:20
1658307860928702000,39.6,4,39.55,3,39.65,5,1,2022-07-20 09:04:20
1658307862079880000,39.65,5,39.55,3,39.7,6,1,2022-07-20 09:04:22
1658307862484395000,39.55,1,39.55,2,39.7,6,2,2022-07-20 09:04:22
1658307862719525000,39.55,1,39.55,2,39.7,6,2,2022-07-20 09:04:22
1658307869875523000,39.65,1,39.65,1,39.7,6,1,2022-07-20 09:04:29
1658307869907621000,39.65,1,39.6,3,39.7,6,2,2022-07-20 09:04:29
1658307870542263000,39.7,1,39.6,3,39.7,5,1,2022-07-20 09:04:30
1658307870686468000,39.7,4,39.6,3,39.7,1,1,2022-07-20 09:04:30
1658307870807139000,39.7,1,39.6,4,39.7,1,1,2022-07-20 09:04:30
1658307875487107000,39.7,1,39.6,7,39.75,7,2,2022-07-20 09:04:35
1658307877512295000,39.7,1,39.6,7,39.75,7,1,2022-07-20 09:04:37
1658307878763191000,39.7,1,39.6,9,39.7,3,1,2022-07-20 09:04:38
1658307880041532000,39.7,1,39.65,1,39.7,2,1,2022-07-20 09:04:40
1658307880182403000,39.7,1,39.65,1,39.7,1,1,2022-07-20 09:04:40
1658307880211644000,39.7,1,39.65,1,39.75,7,1,2022-07-20 09:04:40
1658307881083175000,39.75,1,39.7,1,39.75,6,1,2022-07-20 09:04:41
1658307881886068000,39.7,1,39.6,7,39.75,6,2,2022-07-20 09:04:41
1658307881886068000,39.65,4,39.6,7,39.75,6,2,2022-07-20 09:04:41
1658307882772663000,39.75,1,39.6,7,39.75,5,1,2022-07-20 09:04:42
1658307882803638000,39.75,1,39.6,7,39.75,4,1,2022-07-20 09:04:42
1658307883587214000,39.7,1,39.6,7,39.7,4,1,2022-07-20 09:04:43
1658307883617747000,39.7,1,39.6,7,39.7,3,1,2022-07-20 09:04:43
1658307884028592000,39.65,1,39.6,7,39.7,3,2,2022-07-20 09:04:44
1658307884147912000,39.7,1,39.6,7,39.7,2,1,2022-07-20 09:04:44
1658307884190356000,39.7,2,39.6,7,39.75,4,1,2022-07-20 09:04:44
1658307885576727000,39.75,1,39.6,6,39.75,3,1,2022-07-20 09:04:45
1658307888100126000,39.75,2,39.7,2,39.75,2,1,2022-07-20 09:04:48
1658307889400205000,39.75,4,39.75,1,39.8,10,1,2022-07-20 09:04:49
1658307889796939000,39.75,1,39.7,3,39.8,10,2,2022-07-20 09:04:49
1658307890400294000,39.75,1,39.7,3,39.8,10,2,2022-07-20 09:04:50
1658307893745280000,39.75,1,39.75,1,39.8,12,2,2022-07-20 09:04:53
1658307893949980000,39.7,4,39.65,1,39.8,12,2,2022-07-20 09:04:53
1658307894473505000,39.75,1,39.65,1,39.75,4,2,2022-07-20 09:04:54
1658307895102765000,39.65,1,39.6,12,39.75,6,2,2022-07-20 09:04:55
1658307895474122000,39.75,1,39.6,11,39.75,5,1,2022-07-20 09:04:55
1658307896700069000,39.7,1,39.6,11,39.7,1,1,2022-07-20 09:04:56
1658307898188239000,39.75,2,39.6,11,39.75,3,1,2022-07-20 09:04:58
1658307900585516000,39.75,1,39.65,1,39.75,6,1,2022-07-20 09:05:00
1658307900613506000,39.65,1,39.6,11,39.75,6,2,2022-07-20 09:05:00
1658307900812140000,39.6,7,39.6,4,39.75,6,2,2022-07-20 09:05:00
1658307900820066000,39.6,1,39.6,3,39.75,6,2,2022-07-20 09:05:00
1658307900839029000,39.6,3,39.55,7,39.75,6,2,2022-07-20 09:05:00
1658307901599100000,39.6,1,39.6,4,39.7,1,2,2022-07-20 09:05:01
1658307902424952000,39.6,1,39.6,3,39.7,1,2,2022-07-20 09:05:02
1658307903444139000,39.6,1,39.6,2,39.7,1,2,2022-07-20 09:05:03
1658307903634268000,39.6,2,39.6,2,39.7,1,2,2022-07-20 09:05:03
1658307904003502000,39.65,1,39.65,1,39.7,1,2,2022-07-20 09:05:04
1658307904488670000,39.55,6,39.5,19,39.7,1,2,2022-07-20 09:05:04
1658307905078431000,39.5,1,39.5,18,39.65,3,2,2022-07-20 09:05:05
1658307906225684000,39.65,2,39.5,18,39.65,2,1,2022-07-20 09:05:06
1658307913307622000,39.5,12,39.5,6,39.55,3,2,2022-07-20 09:05:13
1658307913976375000,39.5,6,39.45,8,39.55,4,2,2022-07-20 09:05:13
1658307914550744000,39.45,1,39.45,7,39.5,1,2,2022-07-20 09:05:14
1658307915049774000,39.45,7,39.4,9,39.5,3,2,2022-07-20 09:05:15
1658307915134105000,39.4,1,39.4,8,39.5,3,2,2022-07-20 09:05:15
1658307916302836000,39.4,2,39.4,8,39.45,3,2,2022-07-20 09:05:16
1658307917533530000,39.45,1,39.4,6,39.45,2,1,2022-07-20 09:05:17
1658307917742565000,39.4,1,39.4,5,39.45,2,2,2022-07-20 09:05:17
1658307920781047000,39.4,1,39.4,5,39.45,3,2,2022-07-20 09:05:20
1658307921171501000,39.4,2,39.4,3,39.45,3,2,2022-07-20 09:05:21
1658307922659548000,39.4,1,39.4,2,39.45,3,2,2022-07-20 09:05:22
1658307922821744000,39.4,1,39.4,1,39.45,3,2,2022-07-20 09:05:22
1658307922855384000,39.4,1,39.35,7,39.45,3,2,2022-07-20 09:05:22
1658307922977703000,39.35,1,39.35,6,39.45,2,2,2022-07-20 09:05:22
1658307923185454000,39.35,1,39.35,5,39.45,2,2,2022-07-20 09:05:23
1658307923915420000,39.35,5,39.3,21,39.4,4,2,2022-07-20 09:05:23
1658307924059595000,39.4,1,39.3,21,39.4,3,1,2022-07-20 09:05:24
1658307924438790000,39.4,2,39.4,11,39.45,2,1,2022-07-20 09:05:24
1658307928532586000,39.4,1,39.4,10,39.45,14,2,2022-07-20 09:05:28
1658307929059725000,39.4,1,39.4,9,39.45,14,2,2022-07-20 09:05:29
1658307929419859000,39.4,1,39.4,8,39.45,10,2,2022-07-20 09:05:29
1658307929461533000,39.4,1,39.4,7,39.45,10,2,2022-07-20 09:05:29
1658307929502720000,39.4,2,39.4,5,39.45,10,2,2022-07-20 09:05:29
1658307929681831000,39.4,5,39.3,21,39.4,10,2,2022-07-20 09:05:29
1658307930855962000,39.3,1,39.3,20,39.4,11,2,2022-07-20 09:05:30
1658307930906233000,39.3,1,39.3,19,39.4,11,2,2022-07-20 09:05:30
1658307930939332000,39.3,1,39.3,18,39.4,11,2,2022-07-20 09:05:30
1658307931080743000,39.4,1,39.3,18,39.4,10,1,2022-07-20 09:05:31
1658307931151001000,39.3,18,39.25,2,39.4,10,2,2022-07-20 09:05:31
1658307931928092000,39.25,2,39.15,8,39.4,10,2,2022-07-20 09:05:31
1658307931928092000,39.2,7,39.15,8,39.4,10,2,2022-07-20 09:05:31
1658307931928092000,39.15,4,39.15,8,39.4,10,2,2022-07-20 09:05:31
1658307931934204000,39.15,3,39.15,5,39.4,10,2,2022-07-20 09:05:31
1658307935057397000,39.15,1,39.15,4,39.3,6,2,2022-07-20 09:05:35
1658307935068228000,39.15,1,39.15,3,39.3,6,2,2022-07-20 09:05:35
1658307935092748000,39.15,3,39.1,37,39.3,6,2,2022-07-20 09:05:35
1658307935246782000,39.25,1,39.1,37,39.3,6,1,2022-07-20 09:05:35
1658307936277134000,39.1,1,39.1,36,39.3,8,2,2022-07-20 09:05:36
1658307936364732000,39.1,2,39.1,37,39.3,8,2,2022-07-20 09:05:36
1658307937815109000,39.1,1,39.1,28,39.25,1,2,2022-07-20 09:05:37
1658307939302683000,39.1,1,39.1,27,39.2,4,2,2022-07-20 09:05:39
1658307941898360000,39.1,5,39.1,27,39.15,1,2,2022-07-20 09:05:41
1658307941957583000,39.1,1,39.1,21,39.15,1,2,2022-07-20 09:05:41
1658307943256233000,39.1,1,39.1,20,39.15,6,2,2022-07-20 09:05:43
1658307943289102000,39.1,2,39.1,18,39.15,6,2,2022-07-20 09:05:43
1658307943530692000,39.15,2,39.1,18,39.15,4,1,2022-07-20 09:05:43
1658307943583265000,39.1,1,39.1,17,39.15,4,2,2022-07-20 09:05:43
1658307944986021000,39.1,5,39.1,12,39.15,4,2,2022-07-20 09:05:44
1658307945017601000,39.1,10,39.1,2,39.15,4,2,2022-07-20 09:05:45
1658307945017794000,39.1,2,39.05,5,39.15,4,2,2022-07-20 09:05:45
1658307945689504000,39.05,1,39.05,4,39.1,3,2,2022-07-20 09:05:45
1658307946428086000,39.1,1,39.05,4,39.1,15,1,2022-07-20 09:05:46
1658307947550206000,39.1,3,39.05,4,39.1,16,1,2022-07-20 09:05:47
1658307947616156000,39.05,1,39.05,3,39.1,16,2,2022-07-20 09:05:47
1658307947665019000,39.05,1,39.05,2,39.1,16,2,2022-07-20 09:05:47
1658307947702770000,39.05,1,39.05,1,39.1,16,2,2022-07-20 09:05:47
1658307947903794000,39.05,1,39.0,22,39.05,2,2,2022-07-20 09:05:47
1658307947939528000,39.0,1,39.0,21,39.05,2,2,2022-07-20 09:05:47
1658307948824451000,39.05,2,39.0,21,39.1,20,1,2022-07-20 09:05:48
1658307948824451000,39.1,3,39.0,21,39.1,20,1,2022-07-20 09:05:48
1658307948898934000,39.05,1,39.0,21,39.05,1,1,2022-07-20 09:05:48
1658307950747403000,39.05,1,39.0,22,39.05,3,1,2022-07-20 09:05:50
1658307951358760000,39.0,2,39.0,20,39.05,5,2,2022-07-20 09:05:51
1658307951393308000,39.0,1,39.0,19,39.05,5,2,2022-07-20 09:05:51
1658307951423691000,39.0,1,39.0,22,39.05,5,2,2022-07-20 09:05:51
1658307951631748000,39.05,2,39.0,18,39.05,3,1,2022-07-20 09:05:51
1658307952277324000,39.0,1,39.0,16,39.05,4,2,2022-07-20 09:05:52
1658307952280799000,39.0,2,39.0,17,39.05,4,2,2022-07-20 09:05:52
1658307953290612000,39.0,14,38.9,3,39.0,16,2,2022-07-20 09:05:53
1658307954094265000,38.9,1,38.9,2,38.95,2,2,2022-07-20 09:05:54
1658307954115475000,38.9,2,38.85,7,38.95,2,2,2022-07-20 09:05:54
1658307955042581000,38.85,5,38.85,2,38.9,1,2,2022-07-20 09:05:55
1658307955069641000,38.85,2,38.8,34,38.9,1,2,2022-07-20 09:05:55
1658307955234192000,38.8,5,38.8,26,38.85,1,2,2022-07-20 09:05:55
1658307955261889000,38.8,1,38.8,25,38.85,1,2,2022-07-20 09:05:55
1658307955340995000,38.8,7,38.8,26,38.85,1,2,2022-07-20 09:05:55
1658307955468412000,38.8,5,38.8,13,38.85,1,2,2022-07-20 09:05:55
1658307955523254000,38.8,1,38.8,12,38.85,1,2,2022-07-20 09:05:55
1658307955685521000,38.8,5,38.8,7,38.85,1,2,2022-07-20 09:05:55
1658307955839806000,38.85,1,38.8,7,38.85,1,1,2022-07-20 09:05:55
1658307955839806000,38.9,1,38.8,7,38.85,1,1,2022-07-20 09:05:55
1658307955839806000,38.95,1,38.8,7,38.85,1,1,2022-07-20 09:05:55
1658307957814468000,38.9,2,38.8,8,38.95,2,1,2022-07-20 09:05:57
1658307958103950000,38.8,1,38.8,7,38.95,2,2,2022-07-20 09:05:58
1658307958140698000,38.8,1,38.8,6,38.95,2,2,2022-07-20 09:05:58
1658307959602435000,38.8,2,38.8,4,38.85,1,2,2022-07-20 09:05:59
1658307959627153000,38.8,4,38.75,3,38.85,1,2,2022-07-20 09:05:59
1658307960207854000,38.75,1,38.75,2,38.8,2,2,2022-07-20 09:06:00
1658307960769096000,38.75,1,38.75,1,38.8,3,2,2022-07-20 09:06:00
1658307960802839000,38.75,1,38.7,3,38.8,3,2,2022-07-20 09:06:00
1658307960809186000,38.7,2,38.7,1,38.8,3,2,2022-07-20 09:06:00
1658307960926634000,38.7,1,38.7,1,38.75,1,2,2022-07-20 09:06:00
1658307960926634000,38.6,7,38.7,1,38.75,1,2,2022-07-20 09:06:00
1658307961522098000,38.7,1,38.6,1,38.75,1,1,2022-07-20 09:06:01
1658307961600435000,38.6,1,38.6,2,38.75,1,2,2022-07-20 09:06:01
1658307962448658000,38.75,1,38.6,2,38.85,1,1,2022-07-20 09:06:02
1658307962448658000,38.8,3,38.6,2,38.85,1,1,2022-07-20 09:06:02
1658307963169001000,38.75,1,38.6,2,38.8,1,1,2022-07-20 09:06:03
1658307963737955000,38.6,1,38.6,1,38.8,2,2,2022-07-20 09:06:03
1658307964538535000,38.6,1,38.55,5,38.75,1,2,2022-07-20 09:06:04
1658307965733541000,38.6,1,38.55,2,38.7,1,1,2022-07-20 09:06:05
1658307966414077000,38.55,2,38.55,2,38.65,1,2,2022-07-20 09:06:06
1658307966858024000,38.65,1,38.7,1,38.75,2,1,2022-07-20 09:06:06
1658307966858024000,38.7,1,38.7,1,38.75,2,1,2022-07-20 09:06:06
1658307967605886000,38.7,1,38.55,3,38.75,2,2,2022-07-20 09:06:07
1658307967933124000,38.75,1,38.55,3,38.75,1,1,2022-07-20 09:06:07
1658307968598165000,38.65,2,38.55,2,38.7,1,2,2022-07-20 09:06:08
1658307968598165000,38.6,1,38.55,2,38.7,1,2,2022-07-20 09:06:08
1658307968598165000,38.55,1,38.55,2,38.7,1,2,2022-07-20 09:06:08
1658307968738871000,38.7,1,38.5,26,38.75,1,1,2022-07-20 09:06:08
1658307971010061000,38.7,1,38.7,6,38.75,1,1,2022-07-20 09:06:11
1658307971158160000,38.75,1,38.8,4,38.85,8,1,2022-07-20 09:06:11
1658307971158160000,38.8,5,38.8,4,38.85,8,1,2022-07-20 09:06:11
1658307971200450000,38.8,1,38.8,3,38.85,8,2,2022-07-20 09:06:11
1658307972173342000,38.8,1,38.8,4,38.85,9,2,2022-07-20 09:06:12
1658307973296469000,38.8,1,38.8,2,38.85,9,2,2022-07-20 09:06:13
1658307973305230000,38.8,2,38.8,3,38.85,9,2,2022-07-20 09:06:13
1658307977692516000,38.8,2,38.75,1,38.85,11,2,2022-07-20 09:06:17
1658307979521123000,38.75,1,38.55,9,38.8,11,2,2022-07-20 09:06:19
1658307979521123000,38.7,7,38.55,9,38.8,11,2,2022-07-20 09:06:19
1658307979521123000,38.65,8,38.55,9,38.8,11,2,2022-07-20 09:06:19
1658307979521123000,38.6,11,38.55,9,38.8,11,2,2022-07-20 09:06:19
1658307979521123000,38.55,6,38.55,9,38.8,11,2,2022-07-20 09:06:19
1658307979839966000,38.75,1,38.55,9,38.75,6,1,2022-07-20 09:06:19
1658307980083178000,38.75,6,38.55,9,38.8,7,1,2022-07-20 09:06:20
1658307980083178000,38.8,4,38.55,9,38.8,7,1,2022-07-20 09:06:20
1658307981993778000,38.75,1,38.55,11,38.8,7,1,2022-07-20 09:06:21
1658307982241147000,38.8,1,38.55,11,38.8,7,1,2022-07-20 09:06:22
1658307982941002000,38.8,1,38.6,1,38.8,6,1,2022-07-20 09:06:22
1658307984142933000,38.6,2,38.5,21,38.8,5,2,2022-07-20 09:06:24
1658307984142933000,38.55,11,38.5,21,38.8,5,2,2022-07-20 09:06:24
1658307984142933000,38.5,7,38.5,21,38.8,5,2,2022-07-20 09:06:24
1658307984733146000,38.5,1,38.5,20,38.7,1,2,2022-07-20 09:06:24
1658307985179112000,38.75,2,38.55,2,38.75,1,1,2022-07-20 09:06:25
1658307986135059000,38.7,1,38.65,1,38.75,1,1,2022-07-20 09:06:26
1658307986397988000,38.65,1,38.5,21,38.75,1,2,2022-07-20 09:06:26
1658307986397988000,38.6,4,38.5,21,38.75,1,2,2022-07-20 09:06:26
1658307986397988000,38.55,3,38.5,21,38.75,1,2,2022-07-20 09:06:26
1658307986397988000,38.5,2,38.5,21,38.75,1,2,2022-07-20 09:06:26
1658307986735010000,38.7,1,38.5,21,38.75,1,1,2022-07-20 09:06:26
1658307987495571000,38.75,1,38.6,1,38.8,5,1,2022-07-20 09:06:27
1658307987726814000,38.6,1,38.5,19,38.8,5,2,2022-07-20 09:06:27
1658307987726814000,38.55,2,38.5,19,38.8,5,2,2022-07-20 09:06:27
1658307987726814000,38.5,2,38.5,19,38.8,5,2,2022-07-20 09:06:27
1658307988409206000,38.55,1,38.55,1,38.75,1,2,2022-07-20 09:06:28
1658307988622400000,38.5,1,38.5,20,38.7,1,2,2022-07-20 09:06:28
1658307989704648000,38.55,1,38.55,5,38.75,2,2,2022-07-20 09:06:29
1658307989956314000,38.55,1,38.55,5,38.75,2,2,2022-07-20 09:06:29
1658307990379798000,38.6,1,38.6,3,38.75,2,2,2022-07-20 09:06:30
1658307991108740000,38.75,1,38.6,2,38.75,1,1,2022-07-20 09:06:31
1658307994219813000,38.75,1,38.6,4,38.75,1,1,2022-07-20 09:06:34
1658307996899317000,38.75,1,38.65,1,38.8,9,1,2022-07-20 09:06:36
1658307997655197000,38.75,1,38.7,3,38.8,10,2,2022-07-20 09:06:37
1658307999350268000,38.8,1,38.75,3,38.8,9,1,2022-07-20 09:06:39
1658308000012369000,38.75,1,38.75,2,38.8,9,2,2022-07-20 09:06:40
1658308000253514000,38.75,1,38.75,2,38.8,9,2,2022-07-20 09:06:40
1658308000704879000,38.8,1,38.75,2,38.8,8,1,2022-07-20 09:06:40
1658308001256237000,38.75,1,38.75,1,38.8,8,2,2022-07-20 09:06:41
1658308001326108000,38.75,1,38.7,4,38.8,8,2,2022-07-20 09:06:41
1658308002168393000,38.75,1,38.75,1,38.8,8,2,2022-07-20 09:06:42
1658308003545077000,38.8,1,38.75,1,38.8,6,1,2022-07-20 09:06:43
1658308005545594000,38.75,2,38.75,3,38.8,8,2,2022-07-20 09:06:45
1658308006124718000,38.8,8,38.75,15,38.85,7,1,2022-07-20 09:06:46
1658308012549074000,38.85,1,38.8,12,38.85,6,1,2022-07-20 09:06:52
1658308012580525000,38.85,6,38.8,12,38.9,10,1,2022-07-20 09:06:52
1658308013422172000,38.9,1,38.85,2,38.9,10,1,2022-07-20 09:06:53
1658308013598399000,38.85,1,38.85,1,38.9,9,2,2022-07-20 09:06:53
1658308013724911000,38.9,9,38.85,1,38.95,7,1,2022-07-20 09:06:53
1658308013724911000,38.95,1,38.85,1,38.95,7,1,2022-07-20 09:06:53
1658308013863351000,38.95,1,38.85,1,38.95,6,1,2022-07-20 09:06:53
1658308013897842000,38.95,6,38.85,1,39.0,16,1,2022-07-20 09:06:53
1658308017996692000,38.95,1,38.9,4,39.0,21,2,2022-07-20 09:06:57
1658308018424831000,39.0,3,38.9,2,39.0,21,1,2022-07-20 09:06:58
1658308020022654000,39.0,2,38.95,4,39.0,17,1,2022-07-20 09:07:00
1658308020411365000,39.0,4,38.95,4,39.0,13,1,2022-07-20 09:07:00
1658308020444789000,39.0,13,39.0,7,39.05,2,1,2022-07-20 09:07:00
1658308021031252000,39.05,1,39.0,7,39.05,1,1,2022-07-20 09:07:01
1658308021789184000,39.05,1,39.05,3,39.1,17,1,2022-07-20 09:07:01
1658308022660797000,39.05,3,39.0,17,39.1,17,2,2022-07-20 09:07:02
1658308023796425000,39.1,2,39.05,2,39.1,17,1,2022-07-20 09:07:03
1658308023994712000,39.1,4,39.05,2,39.1,11,1,2022-07-20 09:07:03
1658308024026476000,39.1,7,39.05,2,39.1,4,1,2022-07-20 09:07:04
1658308024060912000,39.1,4,39.05,2,39.15,2,1,2022-07-20 09:07:04
1658308024235051000,39.15,1,39.1,20,39.15,1,1,2022-07-20 09:07:04
1658308026092602000,39.2,2,39.05,6,39.2,27,1,2022-07-20 09:07:06
1658308027848518000,39.15,1,39.15,1,39.2,28,2,2022-07-20 09:07:07
1658308028041202000,39.2,7,39.15,1,39.2,21,1,2022-07-20 09:07:08
1658308028164462000,39.15,1,39.1,4,39.2,21,2,2022-07-20 09:07:08
1658308028348938000,39.2,1,39.1,4,39.2,21,1,2022-07-20 09:07:08
1658308028761206000,39.2,5,39.15,1,39.2,15,1,2022-07-20 09:07:08
1658308028768490000,39.2,3,39.15,1,39.2,12,1,2022-07-20 09:07:08
1658308028837982000,39.2,10,39.15,1,39.2,2,1,2022-07-20 09:07:08
1658308028863191000,39.2,2,39.15,1,39.3,5,1,2022-07-20 09:07:08
1658308029198433000,39.3,4,39.2,1,39.3,1,1,2022-07-20 09:07:09
1658308029228268000,39.3,1,39.2,1,39.35,3,1,2022-07-20 09:07:09
1658308030510243000,39.35,1,39.2,3,39.35,2,1,2022-07-20 09:07:10
1658308031537850000,39.35,1,39.25,4,39.35,5,1,2022-07-20 09:07:11
1658308032034265000,39.3,1,39.25,4,39.35,8,1,2022-07-20 09:07:12
1658308032899316000,39.35,5,39.25,4,39.35,8,1,2022-07-20 09:07:12
1658308033242934000,39.25,4,39.2,5,39.35,3,2,2022-07-20 09:07:13
1658308033335500000,39.3,1,39.2,5,39.35,3,2,2022-07-20 09:07:13
1658308033346396000,39.35,3,39.2,5,39.4,5,1,2022-07-20 09:07:13
1658308033795064000,39.4,1,39.3,1,39.4,5,1,2022-07-20 09:07:13
1658308034597763000,39.35,1,39.3,1,39.35,3,1,2022-07-20 09:07:14
1658308034888296000,39.3,1,39.2,5,39.35,3,2,2022-07-20 09:07:14
1658308035190705000,39.3,1,39.3,1,39.35,3,2,2022-07-20 09:07:15
1658308035228787000,39.3,1,39.2,5,39.35,3,2,2022-07-20 09:07:15
1658308035420497000,39.35,1,39.25,1,39.35,3,1,2022-07-20 09:07:15
1658308035677623000,39.35,2,39.25,1,39.4,3,1,2022-07-20 09:07:15
1658308035677623000,39.4,1,39.25,1,39.4,3,1,2022-07-20 09:07:15
1658308035764176000,39.3,1,39.35,3,39.4,3,1,2022-07-20 09:07:15
1658308036062086000,39.35,2,39.35,4,39.4,3,2,2022-07-20 09:07:16
1658308036524001000,39.35,1,39.35,1,39.4,3,2,2022-07-20 09:07:16
1658308036559068000,39.35,1,39.25,1,39.4,3,2,2022-07-20 09:07:16
1658308038493005000,39.35,1,39.3,1,39.35,3,1,2022-07-20 09:07:18
1658308038733725000,39.3,1,39.25,2,39.35,3,2,2022-07-20 09:07:18
1658308038816364000,39.3,1,39.25,2,39.35,5,2,2022-07-20 09:07:18
1658308038847148000,39.25,2,39.2,5,39.35,5,2,2022-07-20 09:07:18
1658308038921981000,39.2,5,39.2,5,39.3,2,2,2022-07-20 09:07:18
1658308040780777000,39.3,1,39.15,3,39.3,1,1,2022-07-20 09:07:20
1658308041059058000,39.15,1,39.15,2,39.25,3,2,2022-07-20 09:07:21
1658308041128920000,39.15,2,39.1,6,39.2,1,2,2022-07-20 09:07:21
1658308041215212000,39.1,6,39.05,18,39.2,2,2,2022-07-20 09:07:21
1658308041303054000,39.15,1,39.05,18,39.15,2,1,2022-07-20 09:07:21
1658308042126544000,39.2,1,39.05,18,39.2,1,1,2022-07-20 09:07:22
1658308043372446000,39.2,1,39.05,18,39.25,7,1,2022-07-20 09:07:23
1658308043398409000,39.05,1,39.05,17,39.25,7,2,2022-07-20 09:07:23
1658308043853807000,39.2,1,39.05,17,39.2,1,1,2022-07-20 09:07:23
1658308045217979000,39.2,2,39.15,1,39.2,2,1,2022-07-20 09:07:25
1658308045298502000,39.15,1,39.05,16,39.15,3,2,2022-07-20 09:07:25
1658308047681542000,39.15,1,39.05,17,39.15,3,1,2022-07-20 09:07:27
1658308048454155000,39.15,2,39.1,2,39.15,2,1,2022-07-20 09:07:28
1658308048454155000,39.2,3,39.1,2,39.15,2,1,2022-07-20 09:07:28
1658308049092252000,39.2,2,39.1,2,39.2,1,1,2022-07-20 09:07:29
1658308049425927000,39.1,1,39.1,5,39.25,3,2,2022-07-20 09:07:29
1658308049839285000,39.25,1,39.1,4,39.25,2,1,2022-07-20 09:07:29
1658308050028113000,39.1,1,39.1,3,39.25,2,2,2022-07-20 09:07:30
1658308051351512000,39.2,1,39.2,7,39.3,6,2,2022-07-20 09:07:31
1658308051931636000,39.2,1,39.2,7,39.3,6,2,2022-07-20 09:07:31
1658308053152547000,39.25,1,39.2,6,39.3,2,1,2022-07-20 09:07:33
1658308053152547000,39.3,4,39.2,6,39.3,2,1,2022-07-20 09:07:33
1658308054406144000,39.25,1,39.2,11,39.25,1,1,2022-07-20 09:07:34
1658308054632929000,39.2,1,39.2,10,39.25,1,2,2022-07-20 09:07:34
1658308054677920000,39.2,7,39.2,3,39.25,1,2,2022-07-20 09:07:34
1658308054681960000,39.2,1,39.2,2,39.25,1,2,2022-07-20 09:07:34
1658308054713004000,39.2,1,39.2,1,39.25,2,2,2022-07-20 09:07:34
1658308054816778000,39.2,1,39.2,1,39.25,1,2,2022-07-20 09:07:34
1658308058406368000,39.25,1,39.15,2,39.25,1,1,2022-07-20 09:07:38
1658308060558374000,39.25,2,39.2,6,39.25,1,1,2022-07-20 09:07:40
1658308061342287000,39.2,1,39.2,6,39.25,3,2,2022-07-20 09:07:41
1658308063993401000,39.2,1,39.2,5,39.25,3,2,2022-07-20 09:07:43
1658308064145797000,39.25,1,39.2,6,39.25,2,1,2022-07-20 09:07:44
1658308064355176000,39.25,2,39.25,3,39.3,2,1,2022-07-20 09:07:44
1658308064422315000,39.25,3,39.2,6,39.3,12,2,2022-07-20 09:07:44
1658308064469332000,39.2,6,39.15,3,39.2,3,2,2022-07-20 09:07:44
1658308064613579000,39.2,1,39.15,3,39.2,3,1,2022-07-20 09:07:44
1658308065425693000,39.2,2,39.15,3,39.2,1,1,2022-07-20 09:07:45
1658308065748962000,39.25,3,39.15,3,39.25,5,1,2022-07-20 09:07:45
1658308067985590000,39.25,1,39.2,3,39.25,2,1,2022-07-20 09:07:47
1658308068172842000,39.2,1,39.2,2,39.25,2,2,2022-07-20 09:07:48
1658308070128006000,39.2,1,39.2,2,39.25,2,2,2022-07-20 09:07:50
1658308070194440000,39.25,1,39.2,2,39.25,1,1,2022-07-20 09:07:50
1658308070204733000,39.2,2,39.15,4,39.25,1,2,2022-07-20 09:07:50
1658308070223755000,39.25,2,39.3,5,39.35,5,1,2022-07-20 09:07:50
1658308070223755000,39.3,12,39.3,5,39.35,5,1,2022-07-20 09:07:50
1658308070243805000,39.3,1,39.3,4,39.35,5,2,2022-07-20 09:07:50
1658308070773024000,39.3,1,39.3,4,39.35,2,2,2022-07-20 09:07:50
1658308071272546000,39.35,1,39.3,3,39.35,1,1,2022-07-20 09:07:51
1658308071824908000,39.3,3,39.25,2,39.35,1,2,2022-07-20 09:07:51
1658308075083761000,39.3,1,39.3,1,39.35,1,2,2022-07-20 09:07:55
1658308076031161000,39.35,1,39.3,1,39.4,5,1,2022-07-20 09:07:56
1658308076421240000,39.3,1,39.3,1,39.4,5,2,2022-07-20 09:07:56
1658308076832426000,39.3,1,39.3,1,39.4,5,2,2022-07-20 09:07:56
1658308076924527000,39.4,1,39.25,3,39.4,4,1,2022-07-20 09:07:56
1658308078330678000,39.35,1,39.3,3,39.35,2,1,2022-07-20 09:07:58
1658308078877625000,39.35,1,39.3,6,39.4,3,1,2022-07-20 09:07:58
1658308078877625000,39.4,1,39.3,6,39.4,3,1,2022-07-20 09:07:58
1658308079736665000,39.3,1,39.3,5,39.35,1,2,2022-07-20 09:07:59
1658308079782376000,39.35,1,39.3,5,39.45,1,1,2022-07-20 09:07:59
1658308079782376000,39.4,3,39.3,5,39.45,1,1,2022-07-20 09:07:59
1658308079782376000,39.45,1,39.3,5,39.45,1,1,2022-07-20 09:07:59
1658308080158762000,39.35,1,39.35,1,39.45,1,2,2022-07-20 09:08:00
1658308080381831000,39.35,2,39.35,2,39.45,1,1,2022-07-20 09:08:00
1658308081926303000,39.35,2,39.3,5,39.4,2,2,2022-07-20 09:08:01
1658308082241016000,39.4,1,39.3,5,39.4,1,1,2022-07-20 09:08:02
1658308083694767000,39.3,5,39.25,4,39.35,2,2,2022-07-20 09:08:03
1658308084001614000,39.3,1,39.3,1,39.35,2,2,2022-07-20 09:08:04
1658308084417448000,39.35,2,39.25,4,39.45,4,1,2022-07-20 09:08:04
1658308084417448000,39.4,1,39.25,4,39.45,4,1,2022-07-20 09:08:04
1658308084691192000,39.45,1,39.25,9,39.5,2,1,2022-07-20 09:08:04
1658308085424667000,39.5,1,39.35,2,39.5,1,1,2022-07-20 09:08:05
1658308086039654000,39.35,1,39.35,1,39.45,3,2,2022-07-20 09:08:06
1658308086071320000,39.35,1,39.3,2,39.45,3,2,2022-07-20 09:08:06
1658308088135727000,39.35,2,39.35,1,39.4,1,2,2022-07-20 09:08:08
1658308088297943000,39.4,1,39.4,2,39.45,3,1,2022-07-20 09:08:08
1658308089369908000,39.4,1,39.4,1,39.45,3,2,2022-07-20 09:08:09
1658308089709754000,39.45,1,39.4,1,39.45,3,1,2022-07-20 09:08:09
1658308090597342000,39.45,1,39.4,1,39.45,1,1,2022-07-20 09:08:10
1658308090629421000,39.45,1,39.4,1,39.5,1,1,2022-07-20 09:08:10
1658308091519983000,39.5,1,39.4,1,39.55,1,1,2022-07-20 09:08:11
1658308091622693000,39.45,2,39.4,1,39.55,1,1,2022-07-20 09:08:11
1658308092311591000,39.4,1,39.4,2,39.45,1,2,2022-07-20 09:08:12
1658308092339833000,39.45,1,39.4,1,39.5,1,1,2022-07-20 09:08:12
1658308092339833000,39.5,1,39.4,1,39.5,1,1,2022-07-20 09:08:12
1658308093048634000,39.5,1,39.4,3,39.5,2,1,2022-07-20 09:08:13
1658308094216681000,39.45,1,39.45,1,39.5,1,2,2022-07-20 09:08:14
1658308094712605000,39.5,1,39.45,1,39.6,4,1,2022-07-20 09:08:14
1658308094712605000,39.55,2,39.45,1,39.6,4,1,2022-07-20 09:08:14
1658308096159641000,39.45,3,39.45,3,39.5,4,2,2022-07-20 09:08:16
1658308096183420000,39.45,3,39.4,15,39.5,4,2,2022-07-20 09:08:16
1658308096564178000,39.4,1,39.4,14,39.5,4,2,2022-07-20 09:08:16
1658308096959264000,39.45,1,39.4,14,39.5,4,2,2022-07-20 09:08:16
1658308096985078000,39.5,2,39.4,14,39.5,2,1,2022-07-20 09:08:16
1658308097018571000,39.5,2,39.4,14,39.6,1,1,2022-07-20 09:08:17
1658308097570444000,39.4,1,39.4,14,39.6,1,2,2022-07-20 09:08:17
1658308098476103000,39.4,1,39.4,15,39.55,7,2,2022-07-20 09:08:18
1658308099396947000,39.55,1,39.45,1,39.55,6,1,2022-07-20 09:08:19
1658308099946299000,39.55,1,39.5,7,39.55,5,1,2022-07-20 09:08:19
1658308101449139000,39.5,2,39.5,7,39.55,5,2,2022-07-20 09:08:21
1658308101769044000,39.55,1,39.5,7,39.55,5,1,2022-07-20 09:08:21
1658308102454326000,39.5,7,39.45,4,39.5,3,2,2022-07-20 09:08:22
1658308102865020000,39.5,3,39.5,1,39.55,5,1,2022-07-20 09:08:22
1658308102935613000,39.55,5,39.5,1,39.6,1,1,2022-07-20 09:08:22
1658308103384915000,39.6,1,39.5,1,39.65,12,1,2022-07-20 09:08:23
1658308105982715000,39.55,1,39.55,1,39.6,2,2,2022-07-20 09:08:25
1658308106017259000,39.55,1,39.5,4,39.6,2,2,2022-07-20 09:08:26
1658308106174146000,39.6,1,39.5,4,39.6,1,1,2022-07-20 09:08:26
1658308106343981000,39.6,1,39.5,4,39.65,4,1,2022-07-20 09:08:26
1658308106343981000,39.65,3,39.5,4,39.65,4,1,2022-07-20 09:08:26
1658308108647568000,39.6,10,39.5,7,39.65,6,1,2022-07-20 09:08:28
1658308108807219000,39.5,1,39.5,7,39.55,2,2,2022-07-20 09:08:28
1658308108940033000,39.55,1,39.5,6,39.55,1,1,2022-07-20 09:08:28
1658308110054032000,39.55,1,39.5,6,39.65,6,1,2022-07-20 09:08:30
1658308110834012000,39.6,3,39.6,7,39.65,6,1,2022-07-20 09:08:30
1658308111182779000,39.6,1,39.6,6,39.65,6,2,2022-07-20 09:08:31
1658308112439798000,39.65,5,39.6,6,39.65,1,1,2022-07-20 09:08:32
1658308112963727000,39.65,1,39.6,6,39.7,2,1,2022-07-20 09:08:32
1658308112963727000,39.7,9,39.6,6,39.7,2,1,2022-07-20 09:08:32
1658308113200214000,39.7,1,39.6,6,39.7,1,1,2022-07-20 09:08:33
1658308113447756000,39.7,1,39.7,3,39.75,3,1,2022-07-20 09:08:33
1658308113532118000,39.7,3,39.65,2,39.75,3,2,2022-07-20 09:08:33
1658308113784272000,39.75,3,39.65,2,39.8,13,1,2022-07-20 09:08:33
1658308114518059000,39.8,1,39.7,2,39.8,12,1,2022-07-20 09:08:34
1658308116004821000,39.8,1,39.7,5,39.8,11,1,2022-07-20 09:08:36
1658308117029784000,39.8,4,39.7,5,39.8,7,1,2022-07-20 09:08:37
1658308117847396000,39.8,2,39.7,5,39.8,5,1,2022-07-20 09:08:37
1658308118004667000,39.8,2,39.7,6,39.8,5,1,2022-07-20 09:08:38
1658308118864131000,39.8,1,39.7,6,39.8,2,1,2022-07-20 09:08:38
1658308119313715000,39.8,2,39.7,8,39.8,2,1,2022-07-20 09:08:39
1658308119381880000,39.8,1,39.7,8,39.85,10,2,2022-07-20 09:08:39
1658308119663548000,39.75,3,39.7,8,39.8,5,2,2022-07-20 09:08:39
1658308119945847000,39.8,1,39.7,8,39.8,5,1,2022-07-20 09:08:39
1658308120188918000,39.8,1,39.7,8,39.8,4,1,2022-07-20 09:08:40
1658308120273611000,39.8,1,39.7,9,39.8,4,1,2022-07-20 09:08:40
1658308120383526000,39.8,3,39.8,3,39.85,10,1,2022-07-20 09:08:40
1658308120424327000,39.8,3,39.8,5,39.85,10,2,2022-07-20 09:08:40
1658308120522177000,39.8,6,39.7,9,39.85,10,2,2022-07-20 09:08:40
1658308120734902000,39.8,1,39.7,9,39.8,2,1,2022-07-20 09:08:40
1658308120991539000,39.8,1,39.8,3,39.85,10,1,2022-07-20 09:08:40
1658308121032701000,39.8,3,39.7,9,39.85,10,2,2022-07-20 09:08:41
1658308121240676000,39.8,1,39.7,9,39.8,1,1,2022-07-20 09:08:41
1658308121443348000,39.8,1,39.7,9,39.85,10,1,2022-07-20 09:08:41
1658308121573191000,39.8,1,39.7,9,39.85,10,2,2022-07-20 09:08:41
1658308121614314000,39.8,1,39.7,9,39.85,11,1,2022-07-20 09:08:41
1658308121820309000,39.8,4,39.7,9,39.8,4,1,2022-07-20 09:08:41
1658308121857766000,39.8,1,39.8,25,39.85,11,2,2022-07-20 09:08:41
1658308122135038000,39.8,1,39.8,24,39.85,10,2,2022-07-20 09:08:42
1658308122305755000,39.8,1,39.8,25,39.85,10,2,2022-07-20 09:08:42
1658308123294001000,39.85,1,39.8,31,39.85,6,1,2022-07-20 09:08:43
1658308123473870000,39.8,5,39.8,31,39.85,5,2,2022-07-20 09:08:43
1658308124085053000,39.85,1,39.8,26,39.85,4,1,2022-07-20 09:08:44
1658308124263845000,39.85,4,39.8,26,39.9,13,1,2022-07-20 09:08:44
1658308124263845000,39.9,6,39.8,26,39.9,13,1,2022-07-20 09:08:44
1658308125091106000,39.85,1,39.85,1,39.9,12,2,2022-07-20 09:08:45
1658308125129537000,39.85,1,39.8,28,39.9,12,2,2022-07-20 09:08:45
1658308125230361000,39.8,1,39.85,2,39.9,12,2,2022-07-20 09:08:45
1658308125752509000,39.8,1,39.8,27,39.9,12,2,2022-07-20 09:08:45
1658308125807915000,39.9,1,39.8,28,39.9,12,1,2022-07-20 09:08:45
1658308126161584000,39.9,3,39.8,27,39.9,8,1,2022-07-20 09:08:46
1658308126840701000,39.9,4,39.85,3,39.9,4,1,2022-07-20 09:08:46
1658308126872685000,39.9,4,39.85,3,39.95,12,1,2022-07-20 09:08:46
1658308127383384000,39.9,1,39.9,1,39.95,12,2,2022-07-20 09:08:47
1658308127570222000,39.9,1,39.9,3,39.95,12,2,2022-07-20 09:08:47
1658308128075088000,39.95,8,39.9,4,39.95,4,1,2022-07-20 09:08:48
1658308128109875000,39.95,4,39.9,4,40.0,27,1,2022-07-20 09:08:48
1658308128479013000,39.9,3,39.85,3,39.9,2,2,2022-07-20 09:08:48
1658308129129465000,39.9,2,39.9,2,40.0,27,1,2022-07-20 09:08:49
1658308129144927000,39.9,1,39.9,1,40.0,27,2,2022-07-20 09:08:49
1658308129669523000,39.95,1,39.95,1,40.0,27,2,2022-07-20 09:08:49
1658308129700676000,39.95,1,39.9,3,39.95,2,2,2022-07-20 09:08:49
1658308129861279000,39.95,2,39.9,4,40.0,27,1,2022-07-20 09:08:49
1658308130027750000,39.9,1,39.9,3,40.0,27,2,2022-07-20 09:08:50
1658308130232531000,40.0,2,39.9,3,40.0,25,1,2022-07-20 09:08:50
1658308130321928000,40.0,2,39.9,3,40.0,23,1,2022-07-20 09:08:50
1658308130365641000,40.0,7,39.9,3,40.0,16,1,2022-07-20 09:08:50
1658308130398337000,40.0,9,39.9,3,40.0,7,1,2022-07-20 09:08:50
1658308130429817000,40.0,4,39.9,6,40.0,3,1,2022-07-20 09:08:50
1658308130462128000,40.0,3,39.9,6,40.05,2,1,2022-07-20 09:08:50
1658308131093043000,40.0,1,40.0,6,40.05,2,2,2022-07-20 09:08:51
1658308131271108000,40.0,5,40.0,7,40.05,2,2,2022-07-20 09:08:51
1658308131344510000,40.05,1,40.0,1,40.05,1,1,2022-07-20 09:08:51
1658308131498259000,40.0,4,39.9,8,40.05,1,2,2022-07-20 09:08:51
1658308132023616000,40.0,5,39.95,5,40.05,1,2,2022-07-20 09:08:52
1658308132141909000,40.05,1,39.95,5,40.1,3,1,2022-07-20 09:08:52
1658308132148511000,40.1,1,39.95,5,40.1,2,1,2022-07-20 09:08:52
1658308132420734000,39.95,2,39.95,4,40.05,1,2,2022-07-20 09:08:52
1658308132471620000,39.95,1,39.95,3,40.05,1,2,2022-07-20 09:08:52
1658308132486996000,40.05,1,39.95,3,40.1,2,1,2022-07-20 09:08:52
1658308132646042000,40.0,1,39.95,3,40.1,1,1,2022-07-20 09:08:52
1658308132646042000,40.1,1,39.95,3,40.1,1,1,2022-07-20 09:08:52
1658308132735116000,40.1,1,39.95,3,40.25,4,1,2022-07-20 09:08:52
1658308132735116000,40.15,1,39.95,3,40.25,4,1,2022-07-20 09:08:52
1658308132735116000,40.2,4,39.95,3,40.25,4,1,2022-07-20 09:08:52
1658308132735116000,40.25,2,39.95,3,40.25,4,1,2022-07-20 09:08:52
1658308133058783000,40.25,1,40.0,2,40.25,4,1,2022-07-20 09:08:53
1658308133277524000,40.25,2,40.0,4,40.25,3,1,2022-07-20 09:08:53
1658308133649160000,40.25,1,40.05,5,40.3,2,1,2022-07-20 09:08:53
1658308134868431000,40.2,1,40.1,2,40.2,1,1,2022-07-20 09:08:54
1658308134914450000,40.2,1,40.1,2,40.3,5,1,2022-07-20 09:08:54
1658308135162137000,40.25,1,40.1,2,40.3,8,2,2022-07-20 09:08:55
1658308136108415000,40.25,1,40.05,4,40.25,2,1,2022-07-20 09:08:56
1658308136316829000,40.2,1,40.05,4,40.25,3,2,2022-07-20 09:08:56
1658308136532191000,40.25,1,40.15,1,40.25,4,1,2022-07-20 09:08:56
1658308136749639000,40.25,1,40.15,2,40.25,4,1,2022-07-20 09:08:56
1658308137211966000,40.25,1,40.15,2,40.25,3,1,2022-07-20 09:08:57
1658308137540191000,40.25,2,40.15,2,40.25,1,1,2022-07-20 09:08:57
1658308138008103000,40.25,1,40.25,9,40.3,5,2,2022-07-20 09:08:58
1658308138037428000,40.25,9,40.15,2,40.3,5,2,2022-07-20 09:08:58
1658308138516365000,40.25,1,40.15,2,40.25,1,1,2022-07-20 09:08:58
1658308138616756000,40.25,1,40.25,1,40.3,5,1,2022-07-20 09:08:58
1658308138658357000,40.25,1,40.15,2,40.3,5,2,2022-07-20 09:08:58
1658308138936724000,40.3,1,40.15,2,40.3,4,1,2022-07-20 09:08:58
1658308139185590000,40.3,2,40.15,6,40.3,4,1,2022-07-20 09:08:59
1658308139317553000,40.25,1,40.25,5,40.3,2,1,2022-07-20 09:08:59
1658308139370743000,40.25,1,40.25,4,40.3,2,2,2022-07-20 09:08:59
1658308139634288000,40.25,2,40.25,2,40.3,2,2,2022-07-20 09:08:59
1658308139664738000,40.25,2,40.15,6,40.3,2,2,2022-07-20 09:08:59
1658308139810079000,40.3,2,40.15,7,40.3,1,1,2022-07-20 09:08:59
1658308140065578000,40.3,4,40.15,7,40.35,13,1,2022-07-20 09:09:00
1658308140065578000,40.35,1,40.15,7,40.35,13,1,2022-07-20 09:09:00
1658308140136140000,40.2,1,40.15,11,40.3,1,1,2022-07-20 09:09:00
1658308140169564000,40.2,1,40.15,11,40.35,13,1,2022-07-20 09:09:00
1658308140242832000,40.3,1,40.15,11,40.35,12,1,2022-07-20 09:09:00
1658308140242832000,40.35,1,40.15,11,40.35,12,1,2022-07-20 09:09:00
1658308140321365000,40.25,1,40.15,11,40.25,1,1,2022-07-20 09:09:00
1658308140729718000,40.25,1,40.25,1,40.35,12,1,2022-07-20 09:09:00
1658308140761994000,40.25,1,40.2,1,40.25,1,2,2022-07-20 09:09:00
1658308140902472000,40.35,10,40.2,1,40.35,2,1,2022-07-20 09:09:00
1658308140944403000,40.35,2,40.2,1,40.4,13,1,2022-07-20 09:09:00
1658308141112104000,40.3,1,40.25,1,40.4,9,1,2022-07-20 09:09:01
1658308141112104000,40.4,4,40.25,1,40.4,9,1,2022-07-20 09:09:01
1658308141210122000,40.3,6,40.25,4,40.4,9,1,2022-07-20 09:09:01
1658308141244346000,40.4,2,40.25,4,40.3,6,1,2022-07-20 09:09:01
1658308141464963000,40.4,5,40.25,4,40.4,2,1,2022-07-20 09:09:01
1658308141501185000,40.4,2,40.25,4,40.45,14,1,2022-07-20 09:09:01
1658308141851676000,40.45,14,40.4,20,40.5,18,1,2022-07-20 09:09:01
1658308141869392000,40.4,1,40.4,19,40.5,18,2,2022-07-20 09:09:01
1658308142028660000,40.5,1,40.4,19,40.5,17,1,2022-07-20 09:09:02
1658308142051115000,40.4,19,40.25,4,40.5,17,2,2022-07-20 09:09:02
1658308142051115000,40.3,1,40.25,4,40.5,17,2,2022-07-20 09:09:02
1658308142051115000,40.25,1,40.25,4,40.5,17,2,2022-07-20 09:09:02
1658308142097081000,40.45,1,40.45,1,40.5,17,2,2022-07-20 09:09:02
1658308142109365000,40.45,1,40.25,4,40.5,17,2,2022-07-20 09:09:02
1658308142168595000,40.45,1,40.3,5,40.5,17,1,2022-07-20 09:09:02
1658308142314033000,40.5,1,40.3,8,40.5,16,1,2022-07-20 09:09:02
1658308142460517000,40.5,1,40.45,5,40.5,15,1,2022-07-20 09:09:02
1658308142664748000,40.5,5,40.45,5,40.5,10,1,2022-07-20 09:09:02
1658308142695131000,40.5,10,40.5,10,40.55,2,1,2022-07-20 09:09:02
1658308142726641000,40.55,1,40.5,10,40.55,1,1,2022-07-20 09:09:02
1658308142763890000,40.55,1,40.5,10,40.7,4,1,2022-07-20 09:09:02
1658308142772023000,40.7,1,40.5,10,40.7,3,1,2022-07-20 09:09:02
1658308142811854000,40.7,1,40.55,2,40.7,2,1,2022-07-20 09:09:02
1658308143483118000,40.55,1,40.55,2,40.7,2,2,2022-07-20 09:09:03
1658308143549270000,40.7,3,40.55,2,40.8,120,1,2022-07-20 09:09:03
1658308143549270000,40.8,2,40.55,2,40.8,120,1,2022-07-20 09:09:03
1658308143803454000,40.75,1,40.55,4,40.75,1,1,2022-07-20 09:09:03
1658308143803454000,40.8,2,40.55,4,40.75,1,1,2022-07-20 09:09:03
1658308144507590000,40.75,1,40.7,1,40.8,118,1,2022-07-20 09:09:04
1658308145102885000,40.75,1,40.7,1,40.8,118,1,2022-07-20 09:09:05
1658308145344609000,40.75,1,40.7,1,40.8,118,1,2022-07-20 09:09:05
1658308145561492000,40.8,1,40.7,1,40.8,117,1,2022-07-20 09:09:05
1658308145729783000,40.7,1,40.6,2,40.75,6,2,2022-07-20 09:09:05
1658308145803418000,40.75,1,40.6,2,40.75,7,1,2022-07-20 09:09:05
1658308145823993000,40.75,1,40.6,2,40.75,5,1,2022-07-20 09:09:05
1658308145920126000,40.7,1,40.6,2,40.75,4,2,2022-07-20 09:09:05
1658308147217764000,40.75,1,40.55,14,40.75,4,1,2022-07-20 09:09:07
1658308147611144000,40.55,2,40.55,2,40.75,4,2,2022-07-20 09:09:07
1658308147672402000,40.55,2,40.5,9,40.7,2,2,2022-07-20 09:09:07
1658308147672402000,40.5,2,40.5,9,40.7,2,2,2022-07-20 09:09:07
1658308147923105000,40.6,5,40.5,8,40.6,3,1,2022-07-20 09:09:07
1658308149345283000,40.6,2,40.5,8,40.6,2,1,2022-07-20 09:09:09
1658308150276306000,40.55,2,40.5,8,40.55,1,1,2022-07-20 09:09:10
1658308150921119000,40.6,1,40.5,8,40.6,1,1,2022-07-20 09:09:10
1658308151128388000,40.5,1,40.5,9,40.6,1,2,2022-07-20 09:09:11
1658308151723674000,40.6,1,40.5,9,40.6,1,1,2022-07-20 09:09:11
1658308152283832000,40.55,2,40.5,9,40.55,3,1,2022-07-20 09:09:12
1658308152335823000,40.6,2,40.5,9,40.7,5,1,2022-07-20 09:09:12
1658308152335823000,40.7,2,40.5,9,40.7,5,1,2022-07-20 09:09:12
1658308152746978000,40.5,2,40.5,7,40.6,2,2,2022-07-20 09:09:12
1658308152764547000,40.5,7,40.5,9,40.6,2,2,2022-07-20 09:09:12
1658308152883695000,40.6,2,40.45,22,40.7,5,1,2022-07-20 09:09:12
1658308153000482000,40.65,1,40.45,22,40.7,1,1,2022-07-20 09:09:13
1658308153000482000,40.7,4,40.45,22,40.7,1,1,2022-07-20 09:09:13
1658308153074202000,40.65,1,40.5,4,40.7,2,1,2022-07-20 09:09:13
1658308153539372000,40.5,1,40.45,21,40.7,5,2,2022-07-20 09:09:13
1658308153539372000,40.45,1,40.45,21,40.7,5,2,2022-07-20 09:09:13
1658308153872665000,40.55,1,40.5,1,40.65,1,2,2022-07-20 09:09:13
1658308153917723000,40.6,1,40.5,1,40.65,1,2,2022-07-20 09:09:13
1658308153990469000,40.65,1,40.5,1,40.7,7,1,2022-07-20 09:09:13
1658308154075743000,40.5,1,40.5,3,40.7,7,2,2022-07-20 09:09:14
1658308154719459000,40.6,1,40.5,1,40.6,1,1,2022-07-20 09:09:14
1658308154720254000,40.5,1,40.45,21,40.6,1,2,2022-07-20 09:09:14
1658308155088883000,40.55,1,40.45,21,40.55,19,1,2022-07-20 09:09:15
1658308155089659000,40.45,21,40.35,1,40.55,19,2,2022-07-20 09:09:15
1658308155208449000,40.5,1,40.35,1,40.55,19,1,2022-07-20 09:09:15
1658308155279497000,40.5,1,40.35,4,40.55,19,1,2022-07-20 09:09:15
1658308155356248000,40.5,1,40.35,1,40.55,18,1,2022-07-20 09:09:15
1658308155356248000,40.55,1,40.35,1,40.55,18,1,2022-07-20 09:09:15
1658308155879377000,40.35,1,40.35,3,40.55,18,2,2022-07-20 09:09:15
1658308155910041000,40.35,1,40.35,2,40.55,18,2,2022-07-20 09:09:15
1658308157414828000,40.5,1,40.35,2,40.5,6,1,2022-07-20 09:09:17
1658308158078628000,40.5,1,40.35,2,40.5,6,1,2022-07-20 09:09:18
1658308158891840000,40.45,1,40.35,1,40.45,9,1,2022-07-20 09:09:18
1658308158915694000,40.35,1,40.3,3,40.45,9,2,2022-07-20 09:09:18
1658308158915694000,40.3,4,40.3,3,40.45,9,2,2022-07-20 09:09:18
1658308158917434000,40.45,2,40.3,3,40.45,7,1,2022-07-20 09:09:18
1658308159364431000,40.35,1,40.35,1,40.45,9,2,2022-07-20 09:09:19
1658308159721285000,40.4,1,40.35,1,40.45,12,2,2022-07-20 09:09:19
1658308160059913000,40.45,1,40.35,1,40.45,11,1,2022-07-20 09:09:20
1658308160322527000,40.45,1,40.35,1,40.45,10,1,2022-07-20 09:09:20
1658308161189115000,40.45,1,40.35,1,40.45,9,1,2022-07-20 09:09:21
1658308162458349000,40.45,3,40.4,1,40.45,8,1,2022-07-20 09:09:22
1658308162646105000,40.4,1,40.35,3,40.45,8,2,2022-07-20 09:09:22
1658308162912779000,40.4,1,40.4,5,40.45,8,2,2022-07-20 09:09:22
1658308162978536000,40.4,5,40.35,3,40.45,8,2,2022-07-20 09:09:22
1658308163065854000,40.35,2,40.35,1,40.45,8,2,2022-07-20 09:09:23
1658308163181983000,40.35,1,40.3,5,40.45,8,2,2022-07-20 09:09:23
1658308163181983000,40.3,8,40.3,5,40.45,8,2,2022-07-20 09:09:23
1658308163391395000,40.45,1,40.3,5,40.45,7,1,2022-07-20 09:09:23
1658308163638180000,40.3,2,40.3,3,40.45,7,2,2022-07-20 09:09:23
1658308163809610000,40.4,1,40.3,3,40.45,9,1,2022-07-20 09:09:23
1658308163809610000,40.45,1,40.3,3,40.45,9,1,2022-07-20 09:09:23
1658308163885527000,40.45,1,40.35,1,40.45,10,1,2022-07-20 09:09:23
1658308164629125000,40.4,1,40.35,4,40.45,10,1,2022-07-20 09:09:24
1658308165768140000,40.4,1,40.35,7,40.4,2,1,2022-07-20 09:09:25
1658308166233066000,40.4,1,40.35,8,40.4,2,1,2022-07-20 09:09:26
1658308166978341000,40.4,1,40.35,13,40.4,3,1,2022-07-20 09:09:26
1658308167823371000,40.4,1,40.35,13,40.4,2,1,2022-07-20 09:09:27
1658308169224215000,40.35,1,40.35,13,40.4,4,2,2022-07-20 09:09:29
1658308169368007000,40.4,1,40.35,13,40.4,4,1,2022-07-20 09:09:29
1658308169827625000,40.4,1,40.35,13,40.4,3,1,2022-07-20 09:09:29
1658308169839964000,40.4,1,40.35,13,40.4,2,1,2022-07-20 09:09:29
1658308170023648000,40.35,3,40.35,10,40.4,2,2,2022-07-20 09:09:30
1658308170946015000,40.4,1,40.35,11,40.4,6,1,2022-07-20 09:09:30
1658308171141895000,40.4,3,40.35,11,40.4,3,1,2022-07-20 09:09:31
1658308171146636000,40.4,1,40.35,11,40.4,2,1,2022-07-20 09:09:31
1658308171150164000,40.4,1,40.35,11,40.4,1,1,2022-07-20 09:09:31
1658308171176619000,40.35,1,40.35,10,40.4,1,2,2022-07-20 09:09:31
1658308171848291000,40.4,3,40.4,2,40.45,10,1,2022-07-20 09:09:31
1658308172223978000,40.4,1,40.4,1,40.45,10,2,2022-07-20 09:09:32
1658308172260266000,40.4,1,40.35,11,40.45,10,2,2022-07-20 09:09:32
1658308172968717000,40.4,2,40.35,11,40.45,13,2,2022-07-20 09:09:32
1658308174691933000,40.4,2,40.35,7,40.45,13,2,2022-07-20 09:09:34
1658308174691933000,40.35,8,40.35,7,40.45,13,2,2022-07-20 09:09:34
1658308175294529000,40.35,2,40.35,5,40.4,1,2,2022-07-20 09:09:35
1658308175721255000,40.4,1,40.35,5,40.45,13,1,2022-07-20 09:09:35
1658308176013674000,40.35,2,40.35,3,40.4,4,2,2022-07-20 09:09:36
1658308176043107000,40.35,2,40.35,1,40.4,4,2,2022-07-20 09:09:36
1658308176321160000,40.35,1,40.3,11,40.4,5,2,2022-07-20 09:09:36
1658308176326502000,40.3,2,40.3,9,40.4,5,2,2022-07-20 09:09:36
1658308176542492000,40.4,2,40.3,9,40.4,5,1,2022-07-20 09:09:36
1658308176553080000,40.4,1,40.3,9,40.4,4,1,2022-07-20 09:09:36
1658308176563169000,40.4,1,40.3,9,40.4,3,1,2022-07-20 09:09:36
1658308176715113000,40.3,2,40.3,9,40.4,4,2,2022-07-20 09:09:36
1658308177008197000,40.3,2,40.3,5,40.4,4,2,2022-07-20 09:09:37
1658308177036103000,40.3,2,40.3,3,40.4,4,2,2022-07-20 09:09:37
1658308177335221000,40.3,2,40.3,1,40.4,6,2,2022-07-20 09:09:37
1658308177602880000,40.3,1,40.25,11,40.35,1,2,2022-07-20 09:09:37
1658308177617434000,40.25,2,40.25,9,40.35,1,2,2022-07-20 09:09:37
1658308177905468000,40.25,2,40.25,7,40.3,1,2,2022-07-20 09:09:37
1658308177942173000,40.25,6,40.25,1,40.3,1,2,2022-07-20 09:09:37
1658308177970634000,40.25,1,40.2,5,40.3,1,2,2022-07-20 09:09:37
1658308178241536000,40.2,2,40.2,8,40.3,1,2,2022-07-20 09:09:38
1658308178315499000,40.3,1,40.2,6,40.4,14,1,2022-07-20 09:09:38
1658308178375268000,40.2,1,40.2,5,40.35,1,2,2022-07-20 09:09:38
1658308178558947000,40.2,2,40.2,6,40.35,1,2,2022-07-20 09:09:38
1658308178886686000,40.2,2,40.2,1,40.35,1,2,2022-07-20 09:09:38
1658308179049607000,40.3,1,40.2,1,40.35,1,2,2022-07-20 09:09:39
1658308180726139000,40.35,1,40.2,1,40.4,12,1,2022-07-20 09:09:40
1658308181142964000,40.4,1,40.2,1,40.4,12,1,2022-07-20 09:09:41
1658308181386814000,40.4,1,40.2,1,40.4,11,1,2022-07-20 09:09:41
1658308181832439000,40.35,3,40.2,1,40.4,4,1,2022-07-20 09:09:41
1658308181832439000,40.4,7,40.2,1,40.4,4,1,2022-07-20 09:09:41
1658308182966905000,40.3,1,40.2,7,40.35,2,2,2022-07-20 09:09:42
1658308182989691000,40.2,1,40.2,6,40.35,2,2,2022-07-20 09:09:42
1658308183153223000,40.35,1,40.2,6,40.35,1,1,2022-07-20 09:09:43
1658308183322588000,40.35,1,40.2,12,40.4,4,1,2022-07-20 09:09:43
1658308183865685000,40.3,1,40.2,12,40.4,5,1,2022-07-20 09:09:43
1658308185074652000,40.35,1,40.3,5,40.35,1,1,2022-07-20 09:09:45
1658308185650727000,40.4,1,40.3,5,40.4,8,1,2022-07-20 09:09:45
1658308186557421000,40.4,1,40.3,5,40.4,7,1,2022-07-20 09:09:46
1658308186718849000,40.4,1,40.3,5,40.4,7,1,2022-07-20 09:09:46
1658308186904604000,40.3,5,40.25,3,40.4,6,2,2022-07-20 09:09:46
1658308187326669000,40.35,2,40.35,4,40.4,6,2,2022-07-20 09:09:47
1658308187535780000,40.35,1,40.35,4,40.4,10,2,2022-07-20 09:09:47
1658308188782726000,40.35,2,40.35,3,40.4,10,2,2022-07-20 09:09:48
1658308188842042000,40.4,5,40.35,1,40.4,5,1,2022-07-20 09:09:48
1658308190412023000,40.4,1,40.35,5,40.4,7,1,2022-07-20 09:09:50
1658308190445834000,40.35,1,40.35,4,40.4,7,2,2022-07-20 09:09:50
1658308190604178000,40.4,2,40.35,4,40.4,5,1,2022-07-20 09:09:50
1658308190871338000,40.35,1,40.35,3,40.4,5,2,2022-07-20 09:09:50
1658308191122595000,40.4,1,40.35,3,40.4,4,1,2022-07-20 09:09:51
1658308191648823000,40.4,3,40.35,3,40.4,4,1,2022-07-20 09:09:51
1658308191909244000,40.4,1,40.35,3,40.4,3,1,2022-07-20 09:09:51
1658308192007935000,40.35,1,40.35,4,40.4,3,2,2022-07-20 09:09:52
1658308192672288000,40.35,2,40.35,2,40.4,3,2,2022-07-20 09:09:52
1658308192691853000,40.35,1,40.35,1,40.4,3,2,2022-07-20 09:09:52
1658308192712902000,40.4,1,40.35,1,40.4,2,1,2022-07-20 09:09:52
1658308194182074000,40.4,1,40.35,2,40.4,1,1,2022-07-20 09:09:54
1658308194381938000,40.4,1,40.35,2,40.45,12,1,2022-07-20 09:09:54
1658308194799983000,40.35,1,40.35,2,40.4,1,2,2022-07-20 09:09:54
1658308195184342000,40.35,1,40.3,5,40.4,1,2,2022-07-20 09:09:55
1658308195462858000,40.3,1,40.3,5,40.4,2,2,2022-07-20 09:09:55
1658308195763553000,40.3,1,40.3,10,40.4,2,2,2022-07-20 09:09:55
1658308196058551000,40.3,1,40.3,8,40.4,2,2,2022-07-20 09:09:56
1658308196063821000,40.4,1,40.3,8,40.4,1,1,2022-07-20 09:09:56
1658308196336143000,40.3,1,40.3,7,40.4,1,2,2022-07-20 09:09:56
1658308196624809000,40.35,1,40.3,7,40.4,1,2,2022-07-20 09:09:56
1658308197031960000,40.3,1,40.3,6,40.4,1,2,2022-07-20 09:09:57
1658308197870826000,40.35,2,40.3,6,40.45,9,1,2022-07-20 09:09:57
1658308197870826000,40.4,1,40.3,6,40.45,9,1,2022-07-20 09:09:57
1658308197870826000,40.45,5,40.3,6,40.45,9,1,2022-07-20 09:09:57
1658308198081210000,40.45,1,40.3,6,40.45,8,1,2022-07-20 09:09:58
1658308198635339000,40.4,1,40.35,3,40.45,7,1,2022-07-20 09:09:58
1658308199634797000,40.4,1,40.35,3,40.4,4,1,2022-07-20 09:09:59
1658308199651033000,40.4,1,40.35,3,40.4,3,1,2022-07-20 09:09:59
1658308199665060000,40.4,3,40.35,3,40.45,7,1,2022-07-20 09:09:59
1658308200831872000,40.45,5,40.35,3,40.45,2,1,2022-07-20 09:10:00
1658308200855567000,40.45,2,40.35,3,40.5,20,1,2022-07-20 09:10:00
1658308202275736000,40.45,1,40.45,4,40.5,19,2,2022-07-20 09:10:02
1658308202288600000,40.45,1,40.45,3,40.5,19,2,2022-07-20 09:10:02
1658308202774703000,40.45,1,40.45,2,40.5,18,2,2022-07-20 09:10:02
1658308205118452000,40.45,1,40.45,1,40.5,18,2,2022-07-20 09:10:05
1658308205444297000,40.5,1,40.45,1,40.5,17,1,2022-07-20 09:10:05
1658308205526086000,40.5,5,40.45,1,40.5,12,1,2022-07-20 09:10:05
1658308205555413000,40.5,6,40.45,1,40.5,6,1,2022-07-20 09:10:05
1658308205589495000,40.5,6,40.45,1,40.55,1,1,2022-07-20 09:10:05
1658308206488678000,40.45,2,40.45,2,40.55,1,2,2022-07-20 09:10:06
1658308207475909000,40.55,1,40.45,6,40.55,1,1,2022-07-20 09:10:07
1658308207475909000,40.6,1,40.45,6,40.55,1,1,2022-07-20 09:10:07
1658308211704590000,40.55,1,40.5,5,40.6,15,1,2022-07-20 09:10:11
1658308211704590000,40.6,4,40.5,5,40.6,15,1,2022-07-20 09:10:11
1658308211934026000,40.5,5,40.5,1,40.6,15,2,2022-07-20 09:10:11
1658308211972584000,40.5,1,40.45,8,40.6,15,2,2022-07-20 09:10:11
1658308215604744000,40.6,1,40.55,2,40.6,15,1,2022-07-20 09:10:15
1658308215934078000,40.55,2,40.5,12,40.55,1,2,2022-07-20 09:10:15
1658308217479963000,40.55,1,40.5,12,40.6,15,1,2022-07-20 09:10:17
1658308217726877000,40.6,1,40.5,14,40.6,15,1,2022-07-20 09:10:17
1658308218571135000,40.6,1,40.5,14,40.6,13,1,2022-07-20 09:10:18
1658308218596170000,40.6,1,40.5,14,40.6,12,1,2022-07-20 09:10:18
1658308219936659000,40.5,10,40.5,4,40.6,12,2,2022-07-20 09:10:19
1658308219978933000,40.5,1,40.5,3,40.6,12,2,2022-07-20 09:10:19
1658308221084591000,40.5,8,40.45,7,40.5,2,2,2022-07-20 09:10:21
1658308221245436000,40.5,1,40.45,10,40.5,1,1,2022-07-20 09:10:21
1658308221283766000,40.5,1,40.45,10,40.5,2,1,2022-07-20 09:10:21
1658308221516582000,40.45,3,40.45,7,40.6,12,2,2022-07-20 09:10:21
1658308221801879000,40.5,1,40.45,8,40.6,12,1,2022-07-20 09:10:21
1658308221836503000,40.6,1,40.45,8,40.6,11,1,2022-07-20 09:10:21
1658308221883512000,40.6,10,40.45,8,40.6,2,1,2022-07-20 09:10:21
1658308224964444000,40.5,1,40.5,5,40.55,6,2,2022-07-20 09:10:24
1658308225620646000,40.5,12,40.5,2,40.55,6,2,2022-07-20 09:10:25
1658308225676698000,40.5,2,40.5,3,40.55,6,2,2022-07-20 09:10:25
1658308227403679000,40.5,4,40.45,8,40.5,6,2,2022-07-20 09:10:27
1658308227437133000,40.5,1,40.45,8,40.5,5,1,2022-07-20 09:10:27
1658308227497930000,40.5,1,40.45,8,40.5,4,1,2022-07-20 09:10:27
1658308227956669000,40.5,4,40.5,6,40.55,9,1,2022-07-20 09:10:27
1658308228758228000,40.5,1,40.5,11,40.55,9,2,2022-07-20 09:10:28
1658308229027726000,40.55,1,40.5,10,40.55,8,1,2022-07-20 09:10:29
1658308229925376000,40.55,1,40.5,10,40.55,2,1,2022-07-20 09:10:29
1658308229953290000,40.55,2,40.5,10,40.55,1,1,2022-07-20 09:10:29
1658308230318230000,40.55,1,40.55,1,40.6,5,1,2022-07-20 09:10:30
1658308231041395000,40.55,1,40.5,11,40.6,5,2,2022-07-20 09:10:31
1658308232472213000,40.5,7,40.5,6,40.55,1,2,2022-07-20 09:10:32
1658308232528346000,40.55,1,40.55,4,40.6,4,1,2022-07-20 09:10:32
1658308232580021000,40.55,4,40.5,6,40.6,4,2,2022-07-20 09:10:32
1658308233060095000,40.55,1,40.55,1,40.6,4,2,2022-07-20 09:10:33
1658308234563738000,40.5,1,40.5,6,40.6,4,2,2022-07-20 09:10:34
1658308235021013000,40.55,2,40.55,4,40.6,4,2,2022-07-20 09:10:35
1658308235058129000,40.55,2,40.55,2,40.6,4,2,2022-07-20 09:10:35
1658308235610703000,40.55,3,40.55,1,40.6,5,2,2022-07-20 09:10:35
1658308235672647000,40.55,1,40.55,4,40.6,5,2,2022-07-20 09:10:35
1658308235883799000,40.5,1,40.5,6,40.55,1,2,2022-07-20 09:10:35
1658308236029817000,40.55,1,40.5,6,40.6,5,1,2022-07-20 09:10:36
1658308236201205000,40.55,1,40.5,6,40.6,6,2,2022-07-20 09:10:36
1658308236310483000,40.6,1,40.5,6,40.6,4,1,2022-07-20 09:10:36
1658308236694417000,40.5,2,40.5,4,40.6,4,2,2022-07-20 09:10:36
1658308236995670000,40.55,1,40.5,4,40.6,4,2,2022-07-20 09:10:36
1658308237252207000,40.5,4,40.5,4,40.6,4,2,2022-07-20 09:10:37
1658308238699281000,40.5,1,40.45,21,40.55,5,1,2022-07-20 09:10:38
1658308239723465000,40.5,1,40.45,21,40.55,5,2,2022-07-20 09:10:39
1658308240551441000,40.55,1,40.45,21,40.55,4,1,2022-07-20 09:10:40
1658308241498278000,40.5,2,40.45,21,40.55,4,1,2022-07-20 09:10:41
1658308242184377000,40.45,8,40.45,13,40.5,10,2,2022-07-20 09:10:42
1658308242221409000,40.45,10,40.45,3,40.5,10,2,2022-07-20 09:10:42
1658308242243866000,40.5,1,40.45,3,40.5,9,1,2022-07-20 09:10:42
1658308242529521000,40.5,10,40.45,3,40.5,4,1,2022-07-20 09:10:42
1658308243376730000,40.45,3,40.4,10,40.45,2,2,2022-07-20 09:10:43
1658308243541114000,40.45,2,40.4,10,40.5,5,1,2022-07-20 09:10:43
1658308243748049000,40.5,1,40.4,10,40.5,4,1,2022-07-20 09:10:43
1658308247048504000,40.5,1,40.45,6,40.5,3,1,2022-07-20 09:10:47
1658308247148523000,40.5,2,40.45,6,40.5,3,1,2022-07-20 09:10:47
1658308251495260000,40.45,5,40.45,4,40.5,3,2,2022-07-20 09:10:51
1658308252029360000,40.45,2,40.45,1,40.5,3,2,2022-07-20 09:10:52
1658308252617556000,40.45,2,40.45,2,40.5,3,2,2022-07-20 09:10:52
1658308253371490000,40.5,2,40.4,38,40.5,1,1,2022-07-20 09:10:53
1658308254068040000,40.4,2,40.4,36,40.5,1,2,2022-07-20 09:10:54
1658308254344890000,40.4,5,40.4,31,40.5,2,2,2022-07-20 09:10:54
1658308255356839000,40.5,2,40.4,31,40.55,7,1,2022-07-20 09:10:55
1658308256701773000,40.5,1,40.4,33,40.55,7,1,2022-07-20 09:10:56
1658308257380287000,40.5,1,40.4,33,40.55,8,2,2022-07-20 09:10:57
1658308257745453000,40.5,1,40.5,1,40.55,8,2,2022-07-20 09:10:57
1658308257745453000,40.4,1,40.5,1,40.55,8,2,2022-07-20 09:10:57
1658308259197882000,40.4,8,40.4,24,40.5,18,2,2022-07-20 09:10:59
1658308259435920000,40.45,1,40.45,2,40.5,18,2,2022-07-20 09:10:59
1658308260068383000,40.45,1,40.4,24,40.5,18,2,2022-07-20 09:11:00
1658308261021105000,40.5,1,40.4,26,40.5,17,1,2022-07-20 09:11:01
1658308261579304000,40.4,1,40.4,25,40.5,12,2,2022-07-20 09:11:01
1658308261643487000,40.4,1,40.4,26,40.5,12,2,2022-07-20 09:11:01
1658308263940982000,40.4,1,40.4,25,40.5,17,2,2022-07-20 09:11:03
1658308264130599000,40.45,1,40.4,25,40.5,17,1,2022-07-20 09:11:04
1658308264623363000,40.5,1,40.4,25,40.5,11,1,2022-07-20 09:11:04
1658308265362111000,40.45,5,40.4,25,40.5,11,1,2022-07-20 09:11:05
1658308265944044000,40.5,5,40.45,3,40.5,6,1,2022-07-20 09:11:05
1658308265966022000,40.5,6,40.45,3,40.55,8,1,2022-07-20 09:11:05
1658308266019161000,40.55,5,40.45,10,40.55,8,1,2022-07-20 09:11:06
1658308266301917000,40.55,3,40.45,10,40.65,2,1,2022-07-20 09:11:06
1658308266301917000,40.6,4,40.45,10,40.65,2,1,2022-07-20 09:11:06
1658308266664333000,40.65,1,40.6,4,40.65,1,1,2022-07-20 09:11:06
1658308266822201000,40.65,1,40.6,8,40.7,11,1,2022-07-20 09:11:06
1658308267119018000,40.6,1,40.6,9,40.7,11,2,2022-07-20 09:11:07
1658308267494385000,40.7,5,40.65,8,40.7,6,1,2022-07-20 09:11:07
1658308267574062000,40.65,2,40.65,6,40.7,6,2,2022-07-20 09:11:07
1658308267618357000,40.7,2,40.65,6,40.7,4,1,2022-07-20 09:11:07
1658308267738251000,40.7,4,40.65,8,40.7,11,1,2022-07-20 09:11:07
1658308267738251000,40.75,6,40.65,8,40.7,11,1,2022-07-20 09:11:07
1658308267834390000,40.65,1,40.65,5,40.75,15,2,2022-07-20 09:11:07
1658308268386185000,40.7,1,40.65,5,40.75,15,2,2022-07-20 09:11:08
1658308268591274000,40.65,2,40.65,3,40.7,5,2,2022-07-20 09:11:08
1658308268627357000,40.65,3,40.6,7,40.7,5,2,2022-07-20 09:11:08
1658308268835650000,40.7,1,40.6,7,40.7,4,1,2022-07-20 09:11:08
1658308269354569000,40.6,1,40.6,6,40.7,4,2,2022-07-20 09:11:09
1658308269742314000,40.65,1,40.5,1,40.65,10,1,2022-07-20 09:11:09
1658308270038850000,40.65,1,40.5,1,40.65,8,1,2022-07-20 09:11:10
1658308272064877000,40.6,1,40.5,1,40.6,12,1,2022-07-20 09:11:12
1658308272171526000,40.6,1,40.5,1,40.6,11,1,2022-07-20 09:11:12
1658308272904510000,40.6,1,40.5,1,40.6,10,1,2022-07-20 09:11:12
1658308272974538000,40.6,1,40.5,1,40.6,9,1,2022-07-20 09:11:12
1658308273032962000,40.5,1,40.45,1,40.5,9,2,2022-07-20 09:11:13
1658308273222905000,40.5,5,40.45,1,40.5,4,1,2022-07-20 09:11:13
1658308273379595000,40.5,4,40.45,1,40.5,4,1,2022-07-20 09:11:13
1658308273809966000,40.5,1,40.45,1,40.55,5,2,2022-07-20 09:11:13
1658308275157395000,40.5,1,40.45,1,40.5,5,1,2022-07-20 09:11:15
1658308275302579000,40.45,1,40.4,27,40.5,4,2,2022-07-20 09:11:15
1658308275302579000,40.4,1,40.4,27,40.5,4,2,2022-07-20 09:11:15
1658308275405843000,40.45,1,40.4,27,40.45,7,1,2022-07-20 09:11:15
1658308277645240000,40.45,2,40.4,37,40.45,6,1,2022-07-20 09:11:17
1658308277941556000,40.4,7,40.4,30,40.45,6,2,2022-07-20 09:11:17
1658308278801417000,40.4,1,40.4,29,40.45,6,2,2022-07-20 09:11:18
1658308279245972000,40.45,1,40.4,30,40.45,5,1,2022-07-20 09:11:19
1658308279739475000,40.4,2,40.4,28,40.45,5,2,2022-07-20 09:11:19
1658308279892819000,40.4,5,40.4,24,40.45,5,2,2022-07-20 09:11:19
1658308280425221000,40.4,1,40.4,23,40.45,5,2,2022-07-20 09:11:20
1658308280572954000,40.4,5,40.4,18,40.45,13,2,2022-07-20 09:11:20
1658308280611130000,40.4,6,40.4,12,40.45,13,2,2022-07-20 09:11:20
1658308280840922000,40.4,5,40.4,7,40.45,13,2,2022-07-20 09:11:20
1658308280871746000,40.4,2,40.4,5,40.45,13,2,2022-07-20 09:11:20
1658308280904809000,40.4,5,40.35,7,40.45,13,2,2022-07-20 09:11:20
1658308281137730000,40.4,1,40.35,7,40.45,13,1,2022-07-20 09:11:21
1658308281483026000,40.35,5,40.35,2,40.4,5,2,2022-07-20 09:11:21
1658308282254009000,40.35,1,40.35,2,40.4,6,2,2022-07-20 09:11:22
1658308282827184000,40.35,1,40.3,18,40.35,7,2,2022-07-20 09:11:22
1658308283029594000,40.3,4,40.3,14,40.35,7,2,2022-07-20 09:11:23
1658308283053171000,40.3,2,40.3,18,40.35,7,2,2022-07-20 09:11:23
1658308283931881000,40.3,1,40.3,11,40.35,8,2,2022-07-20 09:11:23
1658308284321149000,40.3,1,40.3,10,40.35,8,2,2022-07-20 09:11:24
1658308284484154000,40.3,7,40.3,3,40.35,8,2,2022-07-20 09:11:24
1658308284506203000,40.3,1,40.3,2,40.35,8,2,2022-07-20 09:11:24
1658308285044816000,40.3,2,40.25,4,40.3,2,2,2022-07-20 09:11:25
1658308285260415000,40.3,1,40.25,4,40.3,2,1,2022-07-20 09:11:25
1658308286552604000,40.25,2,40.25,2,40.3,2,2,2022-07-20 09:11:26
1658308286884468000,40.25,1,40.25,1,40.3,3,2,2022-07-20 09:11:26
1658308287056710000,40.25,1,40.2,13,40.3,3,2,2022-07-20 09:11:27
1658308287478368000,40.25,1,40.2,13,40.25,1,1,2022-07-20 09:11:27
1658308287552545000,40.2,1,40.2,12,40.25,1,2,2022-07-20 09:11:27
1658308287710974000,40.2,1,40.2,11,40.25,1,2,2022-07-20 09:11:27
1658308287715416000,40.2,1,40.2,13,40.25,2,2,2022-07-20 09:11:27
1658308287870651000,40.2,1,40.2,9,40.25,1,2,2022-07-20 09:11:27
1658308288033751000,40.2,1,40.2,8,40.25,1,2,2022-07-20 09:11:28
1658308288209422000,40.2,1,40.2,7,40.25,1,2,2022-07-20 09:11:28
1658308288386617000,40.2,1,40.2,6,40.25,1,2,2022-07-20 09:11:28
1658308288563814000,40.2,1,40.2,5,40.25,1,2,2022-07-20 09:11:28
1658308288752454000,40.2,1,40.2,4,40.25,1,2,2022-07-20 09:11:28
1658308288974744000,40.2,1,40.2,3,40.25,1,2,2022-07-20 09:11:28
1658308289087291000,40.25,1,40.2,3,40.3,3,1,2022-07-20 09:11:29
1658308289482751000,40.2,1,40.2,2,40.25,1,2,2022-07-20 09:11:29
1658308290205222000,40.2,1,40.2,1,40.25,2,2,2022-07-20 09:11:30
1658308290252468000,40.25,1,40.2,1,40.25,1,1,2022-07-20 09:11:30
1658308291256707000,40.2,1,40.15,8,40.25,2,2,2022-07-20 09:11:31
1658308291473830000,40.15,1,40.15,7,40.25,2,2,2022-07-20 09:11:31
1658308292468187000,40.2,1,40.15,7,40.2,1,2,2022-07-20 09:11:32
1658308292557775000,40.2,1,40.15,7,40.25,2,1,2022-07-20 09:11:32
1658308295497540000,40.2,1,40.2,2,40.25,7,2,2022-07-20 09:11:35
1658308295818011000,40.25,1,40.2,1,40.25,6,1,2022-07-20 09:11:35
1658308295861812000,40.2,1,40.15,7,40.25,6,2,2022-07-20 09:11:35
1658308296656788000,40.2,1,40.15,7,40.2,1,2,2022-07-20 09:11:36
1658308297346262000,40.15,1,40.15,6,40.2,1,2,2022-07-20 09:11:37
1658308298951157000,40.2,3,40.15,6,40.25,7,1,2022-07-20 09:11:38
1658308299195046000,40.2,1,40.2,1,40.25,7,1,2022-07-20 09:11:39
1658308300023470000,40.2,1,40.2,1,40.25,7,2,2022-07-20 09:11:40
1658308300372881000,40.25,1,40.2,1,40.25,6,1,2022-07-20 09:11:40
1658308300489320000,40.2,1,40.15,6,40.2,1,2,2022-07-20 09:11:40
1658308300670644000,40.2,1,40.15,6,40.25,6,1,2022-07-20 09:11:40
1658308301496900000,40.2,5,40.1,2,40.15,1,2,2022-07-20 09:11:41
1658308301496900000,40.15,1,40.1,2,40.15,1,2,2022-07-20 09:11:41
1658308301525344000,40.15,1,40.1,2,40.25,6,1,2022-07-20 09:11:41
1658308301667638000,40.25,4,40.1,2,40.25,2,1,2022-07-20 09:11:41
1658308301691372000,40.2,1,40.1,2,40.25,1,1,2022-07-20 09:11:41
1658308301691372000,40.25,1,40.1,2,40.25,1,1,2022-07-20 09:11:41
1658308304029550000,40.25,3,40.2,1,40.35,2,1,2022-07-20 09:11:44
1658308304029550000,40.3,1,40.2,1,40.35,2,1,2022-07-20 09:11:44
1658308304029550000,40.35,6,40.2,1,40.35,2,1,2022-07-20 09:11:44
1658308310736987000,40.35,1,40.3,5,40.35,8,1,2022-07-20 09:11:50
1658308311566737000,40.3,1,40.3,4,40.35,7,2,2022-07-20 09:11:51
1658308311569874000,40.35,5,40.3,4,40.35,2,1,2022-07-20 09:11:51
1658308311784466000,40.3,1,40.3,3,40.35,2,2,2022-07-20 09:11:51
1658308312449481000,40.35,1,40.25,4,40.35,2,1,2022-07-20 09:11:52
1658308312972659000,40.35,1,40.25,4,40.5,7,1,2022-07-20 09:11:52
1658308312972659000,40.4,2,40.25,4,40.5,7,1,2022-07-20 09:11:52
1658308312972659000,40.45,1,40.25,4,40.5,7,1,2022-07-20 09:11:52
1658308312972659000,40.5,1,40.25,4,40.5,7,1,2022-07-20 09:11:52
1658308315997598000,40.35,1,40.35,2,40.45,2,2,2022-07-20 09:11:55
1658308316115417000,40.35,2,40.3,1,40.45,2,2,2022-07-20 09:11:56
1658308316116468000,40.3,1,40.25,2,40.45,2,2,2022-07-20 09:11:56
1658308318747421000,40.3,1,40.3,1,40.45,3,2,2022-07-20 09:11:58
1658308320566522000,40.35,1,40.35,2,40.45,4,2,2022-07-20 09:12:00
1658308320568718000,40.35,2,40.25,5,40.45,4,2,2022-07-20 09:12:00
1658308320794471000,40.3,1,40.25,5,40.45,4,2,2022-07-20 09:12:00
1658308323317863000,40.25,3,40.25,2,40.35,5,2,2022-07-20 09:12:03
1658308323977222000,40.3,1,40.3,4,40.35,5,2,2022-07-20 09:12:03
1658308324007825000,40.3,4,40.25,3,40.35,5,2,2022-07-20 09:12:04
1658308324043398000,40.25,1,40.25,3,40.35,5,2,2022-07-20 09:12:04
1658308326591897000,40.25,4,40.25,8,40.4,8,2,2022-07-20 09:12:06
1658308327430794000,40.4,1,40.25,8,40.4,7,1,2022-07-20 09:12:07
1658308328394304000,40.35,1,40.25,8,40.4,7,1,2022-07-20 09:12:08
1658308333277706000,40.35,2,40.3,2,40.4,7,2,2022-07-20 09:12:13
1658308335428610000,40.3,3,40.3,1,40.4,7,2,2022-07-20 09:12:15
1658308336707034000,40.3,1,40.25,9,40.4,7,2,2022-07-20 09:12:16
1658308336707034000,40.25,1,40.25,9,40.4,7,2,2022-07-20 09:12:16
1658308337030362000,40.25,1,40.25,8,40.4,7,2,2022-07-20 09:12:17
1658308338336933000,40.25,1,40.25,7,40.4,15,2,2022-07-20 09:12:18
1658308339057435000,40.3,3,40.25,7,40.35,1,2,2022-07-20 09:12:19
1658308339596834000,40.25,2,40.25,5,40.35,6,2,2022-07-20 09:12:19
1658308339629982000,40.25,2,40.25,3,40.35,6,2,2022-07-20 09:12:19
1658308339649802000,40.25,3,40.25,7,40.35,6,2,2022-07-20 09:12:19
1658308340159524000,40.2,3,40.15,2,40.3,1,2,2022-07-20 09:12:20
1658308340159524000,40.15,1,40.15,2,40.3,1,2,2022-07-20 09:12:20
1658308342463652000,40.15,1,40.15,1,40.3,1,2,2022-07-20 09:12:22
1658308345894436000,40.15,1,40.15,1,40.3,2,2,2022-07-20 09:12:25
1658308346973122000,40.25,6,40.15,1,40.3,2,2,2022-07-20 09:12:26
1658308347153702000,40.25,1,40.25,1,40.3,2,2,2022-07-20 09:12:27
1658308347382922000,40.3,2,40.15,1,40.35,15,1,2022-07-20 09:12:27
1658308347831173000,40.3,1,40.2,1,40.35,15,2,2022-07-20 09:12:27
1658308349785245000,40.35,1,40.2,2,40.35,14,1,2022-07-20 09:12:29
1658308350016000000,40.2,1,40.2,1,40.35,14,2,2022-07-20 09:12:30
1658308350281608000,40.3,1,40.2,1,40.35,14,1,2022-07-20 09:12:30
1658308352807655000,40.2,1,40.15,3,40.35,14,2,2022-07-20 09:12:32
1658308353678358000,40.3,2,40.15,3,40.35,14,2,2022-07-20 09:12:33
1658308355840162000,40.2,2,40.15,4,40.2,6,1,2022-07-20 09:12:35
1658308356779996000,40.2,1,40.15,4,40.2,5,1,2022-07-20 09:12:36
1658308358515617000,40.2,4,40.15,4,40.2,7,1,2022-07-20 09:12:38
1658308359184816000,40.2,4,40.15,5,40.2,7,1,2022-07-20 09:12:39
1658308359562497000,40.2,1,40.15,5,40.2,2,1,2022-07-20 09:12:39
1658308359730194000,40.2,2,40.15,5,40.35,13,1,2022-07-20 09:12:39
1658308359730194000,40.35,3,40.15,5,40.35,13,1,2022-07-20 09:12:39
1658308362239492000,40.2,1,40.15,2,40.3,4,2,2022-07-20 09:12:42
1658308362239492000,40.15,2,40.15,2,40.3,4,2,2022-07-20 09:12:42
1658308364916620000,40.25,1,40.15,3,40.25,3,1,2022-07-20 09:12:44
1658308373259326000,40.25,1,40.15,3,40.25,2,1,2022-07-20 09:12:53
1658308373304766000,40.15,1,40.15,2,40.25,2,2,2022-07-20 09:12:53
1658308373630970000,40.25,2,40.15,7,40.3,5,1,2022-07-20 09:12:53
1658308375821805000,40.25,5,40.15,7,40.3,7,2,2022-07-20 09:12:55
1658308379150934000,40.15,5,40.15,3,40.3,7,2,2022-07-20 09:12:59
1658308379222225000,40.15,3,40.1,7,40.25,1,2,2022-07-20 09:12:59
1658308379377129000,40.1,5,40.1,2,40.25,1,2,2022-07-20 09:12:59
1658308380692332000,40.2,1,40.1,2,40.25,2,2,2022-07-20 09:13:00
1658308381317602000,40.1,2,40.05,13,40.25,1,2,2022-07-20 09:13:01
1658308381826227000,40.05,1,40.05,13,40.2,1,2,2022-07-20 09:13:01
1658308385022642000,40.1,2,40.05,11,40.2,1,2,2022-07-20 09:13:05
1658308385728111000,40.05,5,40.05,6,40.2,1,2,2022-07-20 09:13:05
1658308388325330000,40.05,1,40.05,5,40.2,1,2,2022-07-20 09:13:08
1658308390181302000,40.1,1,40.05,6,40.2,1,2,2022-07-20 09:13:10
1658308393240599000,40.05,1,40.05,7,40.1,5,2,2022-07-20 09:13:13
1658308395386840000,40.1,1,40.05,7,40.1,8,1,2022-07-20 09:13:15
1658308396274441000,40.05,3,40.05,4,40.1,8,2,2022-07-20 09:13:16
1658308405377160000,40.1,1,40.05,20,40.1,9,1,2022-07-20 09:13:25
1658308405853010000,40.1,9,40.1,1,40.15,1,1,2022-07-20 09:13:25
1658308413442710000,40.1,2,40.1,3,40.15,3,2,2022-07-20 09:13:33
1658308419938606000,40.1,2,40.1,4,40.15,3,2,2022-07-20 09:13:39
1658308422912162000,40.15,3,40.15,4,40.2,1,1,2022-07-20 09:13:42
1658308424672383000,40.2,3,40.15,5,40.3,5,1,2022-07-20 09:13:44
1658308424672383000,40.25,5,40.15,5,40.3,5,1,2022-07-20 09:13:44
1658308424672383000,40.3,2,40.15,5,40.3,5,1,2022-07-20 09:13:44
1658308426321390000,40.15,2,40.15,3,40.3,5,2,2022-07-20 09:13:46
1658308430192687000,40.25,1,40.2,1,40.3,4,1,2022-07-20 09:13:50
1658308431078670000,40.3,4,40.3,5,40.35,9,1,2022-07-20 09:13:51
1658308431658486000,40.3,3,40.3,2,40.35,9,2,2022-07-20 09:13:51
1658308436936122000,40.3,2,40.2,3,40.3,2,2,2022-07-20 09:13:56
1658308439379898000,40.3,1,40.2,4,40.3,2,1,2022-07-20 09:13:59
1658308441409328000,40.3,1,40.3,2,40.35,10,1,2022-07-20 09:14:01
1658308443655408000,40.3,1,40.3,1,40.35,9,2,2022-07-20 09:14:03
1658308443767962000,40.3,1,40.2,5,40.35,9,2,2022-07-20 09:14:03
1658308445009412000,40.3,1,40.3,3,40.35,9,1,2022-07-20 09:14:05
1658308446091931000,40.3,3,40.2,5,40.35,12,2,2022-07-20 09:14:06
1658308448111649000,40.3,1,40.2,5,40.3,3,1,2022-07-20 09:14:08
1658308449383307000,40.3,2,40.2,5,40.3,1,1,2022-07-20 09:14:09
1658308449624568000,40.3,1,40.3,4,40.35,12,1,2022-07-20 09:14:09
1658308450333028000,40.35,2,40.3,4,40.35,10,1,2022-07-20 09:14:10
1658308453117824000,40.3,2,40.3,3,40.35,15,2,2022-07-20 09:14:13
1658308454762625000,40.35,1,40.3,4,40.35,14,1,2022-07-20 09:14:14
1658308455612678000,40.3,4,40.25,1,40.35,13,2,2022-07-20 09:14:15
1658308458060101000,40.3,1,40.3,1,40.35,13,1,2022-07-20 09:14:18
1658308458155405000,40.35,1,40.3,1,40.35,12,1,2022-07-20 09:14:18
1658308459214739000,40.3,1,40.25,1,40.3,2,2,2022-07-20 09:14:19
1658308460281203000,40.3,1,40.25,1,40.3,1,1,2022-07-20 09:14:20
1658308460540171000,40.3,1,40.3,1,40.35,12,1,2022-07-20 09:14:20
1658308466499437000,40.3,3,40.25,1,40.3,2,2,2022-07-20 09:14:26
1658308469515835000,40.25,10,40.25,1,40.3,6,2,2022-07-20 09:14:29
1658308469732342000,40.25,1,40.2,7,40.3,6,2,2022-07-20 09:14:29
1658308470196674000,40.3,1,40.2,7,40.3,5,1,2022-07-20 09:14:30
1658308470548399000,40.3,1,40.2,6,40.3,4,1,2022-07-20 09:14:30
1658308470908718000,40.3,1,40.2,6,40.3,3,1,2022-07-20 09:14:30
1658308472679543000,40.3,3,40.3,4,40.35,14,1,2022-07-20 09:14:32
1658308473944550000,40.3,3,40.3,1,40.35,14,2,2022-07-20 09:14:33
1658308474061228000,40.3,1,40.2,5,40.35,14,2,2022-07-20 09:14:34
1658308483590743000,40.2,5,40.15,6,40.3,14,2,2022-07-20 09:14:43
1658308484636776000,40.25,1,40.2,5,40.3,5,1,2022-07-20 09:14:44
1658308484636776000,40.3,9,40.2,5,40.3,5,1,2022-07-20 09:14:44
1658308487055574000,40.3,7,40.3,3,40.35,10,1,2022-07-20 09:14:47
1658308487082515000,40.3,3,40.2,5,40.35,10,2,2022-07-20 09:14:47
1658308492101669000,40.3,1,40.2,6,40.35,10,2,2022-07-20 09:14:52
1658308492101669000,40.25,1,40.2,6,40.35,10,2,2022-07-20 09:14:52
1658308493494227000,40.3,1,40.2,6,40.35,10,2,2022-07-20 09:14:53
1658308494158772000,40.35,2,40.2,6,40.35,8,1,2022-07-20 09:14:54
1658308494190249000,40.35,8,40.2,6,40.4,2,1,2022-07-20 09:14:54
1658308499431970000,40.35,1,40.2,8,40.4,4,1,2022-07-20 09:14:59
1658308499431970000,40.4,1,40.2,8,40.4,4,1,2022-07-20 09:14:59
1658308505114260000,40.35,1,40.3,1,40.35,3,1,2022-07-20 09:15:05
1658308509600954000,40.35,1,40.3,1,40.35,2,1,2022-07-20 09:15:09
1658308510888258000,40.35,3,40.3,1,40.35,4,1,2022-07-20 09:15:10
1658308516664546000,40.35,1,40.3,2,40.35,6,1,2022-07-20 09:15:16
1658308516914050000,40.3,1,40.3,1,40.35,7,2,2022-07-20 09:15:16
1658308518973569000,40.3,1,40.3,1,40.35,4,2,2022-07-20 09:15:18
1658308519320868000,40.3,1,40.25,2,40.35,4,2,2022-07-20 09:15:19
1658308519356297000,40.25,1,40.25,1,40.35,4,2,2022-07-20 09:15:19
1658308521958813000,40.35,4,40.25,1,40.4,15,1,2022-07-20 09:15:21
1658308528334930000,40.3,1,40.25,4,40.35,1,2,2022-07-20 09:15:28
1658308528653325000,40.35,1,40.25,4,40.35,1,1,2022-07-20 09:15:28
1658308529307849000,40.3,1,40.25,5,40.35,1,1,2022-07-20 09:15:29
1658308530018013000,40.25,1,40.25,6,40.35,1,2,2022-07-20 09:15:30
1658308536130757000,40.25,1,40.25,5,40.3,5,2,2022-07-20 09:15:36
1658308536166551000,40.25,5,40.2,14,40.3,5,2,2022-07-20 09:15:36
1658308537301788000,40.25,2,40.2,9,40.3,3,1,2022-07-20 09:15:37
1658308537301788000,40.3,3,40.2,9,40.3,3,1,2022-07-20 09:15:37
1658308537360962000,40.2,1,40.2,8,40.3,3,2,2022-07-20 09:15:37
1658308541212972000,40.3,4,40.3,1,40.35,5,1,2022-07-20 09:15:41
1658308541467662000,40.3,1,40.2,8,40.3,4,2,2022-07-20 09:15:41
1658308541467662000,40.2,1,40.2,8,40.3,4,2,2022-07-20 09:15:41
1658308542338717000,40.2,2,40.2,5,40.35,5,2,2022-07-20 09:15:42
1658308542516161000,40.3,1,40.3,4,40.35,5,2,2022-07-20 09:15:42
1658308542623597000,40.3,1,40.3,3,40.35,5,2,2022-07-20 09:15:42
1658308542678392000,40.3,1,40.3,2,40.35,5,2,2022-07-20 09:15:42
1658308542721887000,40.3,2,40.2,5,40.35,5,2,2022-07-20 09:15:42
1658308544251761000,40.3,1,40.2,6,40.3,1,2,2022-07-20 09:15:44
1658308545663602000,40.2,1,40.2,5,40.3,1,2,2022-07-20 09:15:45
1658308546274287000,40.2,5,40.15,19,40.3,6,2,2022-07-20 09:15:46
1658308546274287000,40.15,1,40.15,19,40.3,6,2,2022-07-20 09:15:46
1658308549024742000,40.2,1,40.2,1,40.3,10,2,2022-07-20 09:15:49
1658308549803155000,40.15,4,40.15,16,40.3,10,2,2022-07-20 09:15:49
1658308555030025000,40.2,1,40.15,18,40.25,7,2,2022-07-20 09:15:55
1658308555357622000,40.15,1,40.15,17,40.25,7,2,2022-07-20 09:15:55
1658308556767100000,40.25,1,40.15,17,40.25,6,1,2022-07-20 09:15:56
1658308561926254000,40.15,1,40.15,16,40.2,1,2,2022-07-20 09:16:01
1658308564022915000,40.15,1,40.15,17,40.2,1,2,2022-07-20 09:16:04
1658308567597836000,40.2,2,40.15,17,40.2,2,1,2022-07-20 09:16:07
1658308570803532000,40.2,2,40.15,17,40.25,10,1,2022-07-20 09:16:10
1658308574224907000,40.2,1,40.15,17,40.25,10,1,2022-07-20 09:16:14
1658308578231236000,40.2,1,40.2,1,40.25,11,1,2022-07-20 09:16:18
1658308583363975000,40.25,2,40.2,5,40.25,9,1,2022-07-20 09:16:23
1658308583459960000,40.25,1,40.2,5,40.25,8,1,2022-07-20 09:16:23
1658308584279468000,40.2,5,40.15,18,40.25,8,2,2022-07-20 09:16:24
1658308604640757000,40.15,3,40.15,16,40.2,13,2,2022-07-20 09:16:44
1658308606009544000,40.2,3,40.15,16,40.2,11,1,2022-07-20 09:16:46
1658308608080462000,40.2,3,40.15,16,40.2,8,1,2022-07-20 09:16:48
1658308608879320000,40.2,6,40.15,16,40.2,2,1,2022-07-20 09:16:48
1658308609740018000,40.2,2,40.15,16,40.2,2,1,2022-07-20 09:16:49
1658308610142100000,40.15,1,40.15,15,40.2,2,2,2022-07-20 09:16:50
1658308611143750000,40.2,1,40.15,15,40.2,1,1,2022-07-20 09:16:51
1658308614039043000,40.2,1,40.15,15,40.2,3,1,2022-07-20 09:16:54
1658308622088082000,40.2,1,40.15,17,40.2,2,1,2022-07-20 09:17:02
1658308624020646000,40.2,1,40.15,17,40.2,2,1,2022-07-20 09:17:04
