ts,close,volume,bid_price,bid_volume,ask_price,ask_volume,tick_type,datetime
1658307618758093000,24.1,165,24.1,13,24.15,23,1,2022-07-20 09:00:18
1658307618796883000,24.15,14,24.1,13,24.15,9,1,2022-07-20 09:00:18
1658307618796903000,24.15,9,24.1,13,24.3,8,1,2022-07-20 09:00:18
1658307619499905000,24.15,2,24.1,5,24.3,8,2,2022-07-20 09:00:19
1658307619499905000,24.1,9,24.1,5,24.3,8,2,2022-07-20 09:00:19
1658307623176182000,24.1,1,24.1,4,24.25,2,2,2022-07-20 09:00:23
1658307624994995000,24.1,1,24.1,3,24.25,2,2,2022-07-20 09:00:24
1658307634485575000,24.25,1,24.1,16,24.25,1,1,2022-07-20 09:00:34
1658307634516237000,24.25,1,24.1,16,24.25,2,1,2022-07-20 09:00:34
1658307635005580000,24.25,2,24.1,16,24.25,3,1,2022-07-20 09:00:35
1658307636545898000,24.25,1,24.1,19,24.5,5,1,2022-07-20 09:00:36
1658307636545898000,24.3,8,24.1,19,24.5,5,1,2022-07-20 09:00:36
1658307636545898000,24.4,3,24.1,19,24.5,5,1,2022-07-20 09:00:36
1658307636545898000,24.45,4,24.1,19,24.5,5,1,2022-07-20 09:00:36
1658307636545898000,24.5,14,24.1,19,24.5,5,1,2022-07-20 09:00:36
1658307637560152000,24.5,5,24.15,2,24.65,1,1,2022-07-20 09:00:37
1658307637560152000,24.55,2,24.15,2,24.65,1,1,2022-07-20 09:00:37
1658307637560152000,24.65,13,24.15,2,24.65,1,1,2022-07-20 09:00:37
1658307640927784000,24.65,1,24.25,10,24.8,6,1,2022-07-20 09:00:40
1658307640927784000,24.7,1,24.25,10,24.8,6,1,2022-07-20 09:00:40
1658307640959311000,24.65,1,24.65,1,24.8,6,2,2022-07-20 09:00:40
1658307642145641000,24.65,1,24.3,2,24.8,6,2,2022-07-20 09:00:42
1658307643474777000,24.25,1,24.25,9,24.8,7,2,2022-07-20 09:00:43
1658307650317108000,24.5,1,24.3,3,24.65,1,1,2022-07-20 09:00:50
1658307652173810000,24.35,1,24.35,1,24.6,1,2,2022-07-20 09:00:52
1658307652214188000,24.35,1,24.3,3,24.6,1,2,2022-07-20 09:00:52
1658307653719499000,24.5,1,24.3,3,24.55,2,2,2022-07-20 09:00:53
1658307656172686000,24.4,1,24.3,3,24.55,2,1,2022-07-20 09:00:56
1658307657144585000,24.5,1,24.3,5,24.5,1,1,2022-07-20 09:00:57
1658307658341814000,24.55,2,24.35,7,24.65,2,1,2022-07-20 09:00:58
1658307660945633000,24.55,1,24.35,8,24.6,2,1,2022-07-20 09:01:00
1658307662141176000,24.4,1,24.4,1,24.6,2,2,2022-07-20 09:01:02
1658307662212745000,24.4,1,24.35,8,24.55,1,2,2022-07-20 09:01:02
1658307662909624000,24.5,1,24.5,1,24.55,2,2,2022-07-20 09:01:02
1658307663253058000,24.55,1,24.35,8,24.55,1,1,2022-07-20 09:01:03
1658307664050618000,24.55,1,24.35,8,24.65,2,1,2022-07-20 09:01:04
1658307665479131000,24.55,1,24.55,4,24.65,3,1,2022-07-20 09:01:05
1658307665516959000,24.55,4,24.35,8,24.65,3,2,2022-07-20 09:01:05
1658307667378538000,24.4,1,24.35,12,24.65,3,2,2022-07-20 09:01:07
1658307667415812000,24.35,1,24.35,11,24.65,3,2,2022-07-20 09:01:07
1658307667443308000,24.35,1,24.35,10,24.65,3,2,2022-07-20 09:01:07
1658307672636045000,24.5,1,24.5,9,24.6,2,2,2022-07-20 09:01:12
1658307672848288000,24.5,2,24.5,7,24.6,2,2,2022-07-20 09:01:12
1658307675517238000,24.6,1,24.5,9,24.65,3,1,2022-07-20 09:01:15
1658307676942550000,24.55,1,24.5,9,24.65,3,1,2022-07-20 09:01:16
1658307678441050000,24.5,1,24.5,8,24.65,3,2,2022-07-20 09:01:18
1658307679346418000,24.5,1,24.5,7,24.65,3,2,2022-07-20 09:01:19
1658307682017785000,24.6,1,24.55,1,24.6,1,1,2022-07-20 09:01:22
1658307685862111000,24.55,3,24.35,16,24.6,1,2,2022-07-20 09:01:25
1658307685862111000,24.5,9,24.35,16,24.6,1,2,2022-07-20 09:01:25
1658307685862111000,24.45,1,24.35,16,24.6,1,2,2022-07-20 09:01:25
1658307685862111000,24.4,7,24.35,16,24.6,1,2,2022-07-20 09:01:25
1658307688220674000,24.6,2,24.35,16,24.65,9,1,2022-07-20 09:01:28
1658307689277959000,24.4,1,24.4,1,24.65,10,2,2022-07-20 09:01:29
1658307693363151000,24.6,1,24.4,2,24.6,10,1,2022-07-20 09:01:33
1658307697319039000,24.6,5,24.4,10,24.6,5,1,2022-07-20 09:01:37
1658307698202299000,24.45,1,24.45,1,24.6,5,2,2022-07-20 09:01:38
1658307698281904000,24.55,1,24.45,1,24.6,5,1,2022-07-20 09:01:38
1658307699734094000,24.6,2,24.45,1,24.6,3,1,2022-07-20 09:01:39
1658307700540311000,24.45,1,24.4,9,24.6,3,2,2022-07-20 09:01:40
1658307700540311000,24.4,4,24.4,9,24.6,3,2,2022-07-20 09:01:40
1658307701839697000,24.55,1,24.4,9,24.6,3,1,2022-07-20 09:01:41
1658307703514521000,24.55,1,24.4,18,24.6,3,2,2022-07-20 09:01:43
1658307707565447000,24.55,1,24.45,1,24.6,3,1,2022-07-20 09:01:47
1658307711940794000,24.55,1,24.45,2,24.55,1,1,2022-07-20 09:01:51
1658307714504976000,24.45,1,24.45,1,24.55,1,2,2022-07-20 09:01:54
1658307726061533000,24.45,1,24.45,8,24.5,1,2,2022-07-20 09:02:06
1658307726101625000,24.5,1,24.45,8,24.55,2,1,2022-07-20 09:02:06
1658307728107971000,24.45,1,24.45,7,24.55,3,2,2022-07-20 09:02:08
1658307729449941000,24.45,9,24.4,19,24.5,21,2,2022-07-20 09:02:09
1658307729756562000,24.4,10,24.4,9,24.45,1,2,2022-07-20 09:02:09
1658307729778646000,24.4,9,24.35,15,24.45,1,2,2022-07-20 09:02:09
1658307729814904000,24.45,1,24.35,15,24.5,20,1,2022-07-20 09:02:09
1658307729814904000,24.5,1,24.35,15,24.5,20,1,2022-07-20 09:02:09
1658307731936961000,24.35,1,24.35,14,24.5,22,2,2022-07-20 09:02:11
1658307731982722000,24.35,14,24.3,13,24.5,22,2,2022-07-20 09:02:11
1658307732044652000,24.45,3,24.3,13,24.5,22,2,2022-07-20 09:02:12
1658307735520968000,24.3,1,24.3,12,24.45,1,2,2022-07-20 09:02:15
1658307735770449000,24.3,1,24.3,11,24.45,1,2,2022-07-20 09:02:15
1658307735802502000,24.3,11,24.25,12,24.45,1,2,2022-07-20 09:02:15
1658307746408197000,24.25,1,24.25,11,24.35,1,2,2022-07-20 09:02:26
1658307748083641000,24.25,2,24.25,9,24.35,1,2,2022-07-20 09:02:28
1658307750499223000,24.25,1,24.25,8,24.3,4,2,2022-07-20 09:02:30
1658307750751512000,24.25,2,24.25,6,24.3,4,2,2022-07-20 09:02:30
1658307750786511000,24.25,3,24.25,3,24.3,4,2,2022-07-20 09:02:30
1658307750786684000,24.25,3,24.2,4,24.3,4,2,2022-07-20 09:02:30
1658307752955165000,24.25,1,24.2,5,24.3,3,1,2022-07-20 09:02:32
1658307752955165000,24.3,1,24.2,5,24.3,3,1,2022-07-20 09:02:32
1658307755008508000,24.25,3,24.2,5,24.3,3,1,2022-07-20 09:02:35
1658307755238782000,24.2,1,24.2,4,24.25,1,2,2022-07-20 09:02:35
1658307755388446000,24.2,3,24.2,1,24.25,1,2,2022-07-20 09:02:35
1658307755609039000,24.25,1,24.2,1,24.3,3,1,2022-07-20 09:02:35
1658307757535421000,24.2,1,24.1,9,24.3,5,2,2022-07-20 09:02:37
1658307757535421000,24.15,3,24.1,9,24.3,5,2,2022-07-20 09:02:37
1658307757535421000,24.1,1,24.1,9,24.3,5,2,2022-07-20 09:02:37
1658307759589282000,24.3,1,24.1,8,24.3,4,1,2022-07-20 09:02:39
1658307760767047000,24.3,3,24.15,2,24.35,1,1,2022-07-20 09:02:40
1658307764705491000,24.3,1,24.3,1,24.35,1,2,2022-07-20 09:02:44
1658307764741631000,24.3,1,24.1,8,24.35,1,2,2022-07-20 09:02:44
1658307778298446000,24.1,5,24.1,13,24.3,12,2,2022-07-20 09:02:58
1658307778843670000,24.3,3,24.1,13,24.3,9,1,2022-07-20 09:02:58
1658307797874709000,24.25,1,24.1,13,24.3,12,1,2022-07-20 09:03:17
1658307803948489000,24.2,1,24.1,15,24.25,2,1,2022-07-20 09:03:23
1658307803997618000,24.1,1,24.1,14,24.25,2,2,2022-07-20 09:03:23
1658307804761508000,24.1,1,24.1,13,24.2,1,2,2022-07-20 09:03:24
1658307805669172000,24.2,1,24.1,13,24.25,1,1,2022-07-20 09:03:25
1658307805669172000,24.25,1,24.1,13,24.25,1,1,2022-07-20 09:03:25
1658307805706528000,24.25,1,24.1,13,24.3,12,1,2022-07-20 09:03:25
1658307813021331000,24.25,1,24.1,14,24.3,12,1,2022-07-20 09:03:33
1658307825920686000,24.1,7,24.1,7,24.25,1,2,2022-07-20 09:03:45
1658307825947886000,24.1,7,24.05,35,24.25,1,2,2022-07-20 09:03:45
1658307831718279000,24.15,1,24.1,6,24.25,1,2,2022-07-20 09:03:51
1658307831718279000,24.1,4,24.1,6,24.25,1,2,2022-07-20 09:03:51
1658307837795010000,24.25,1,24.15,1,24.3,11,1,2022-07-20 09:03:57
1658307843470001000,24.2,1,24.2,2,24.3,11,2,2022-07-20 09:04:03
1658307844779996000,24.25,1,24.25,1,24.3,11,2,2022-07-20 09:04:04
1658307849368331000,24.3,1,24.25,2,24.3,9,1,2022-07-20 09:04:09
1658307849395560000,24.3,3,24.25,2,24.3,6,1,2022-07-20 09:04:09
1658307849426409000,24.3,6,24.25,2,24.35,3,1,2022-07-20 09:04:09
1658307851857814000,24.3,1,24.25,2,24.35,2,1,2022-07-20 09:04:11
1658307853345420000,24.35,2,24.25,2,24.4,4,1,2022-07-20 09:04:13
1658307868887565000,24.35,1,24.3,3,24.4,4,1,2022-07-20 09:04:28
1658307873571291000,24.4,1,24.35,1,24.4,3,1,2022-07-20 09:04:33
1658307874600063000,24.4,3,24.35,1,24.55,1,1,2022-07-20 09:04:34
1658307874600063000,24.45,2,24.35,1,24.55,1,1,2022-07-20 09:04:34
1658307874600063000,24.5,25,24.35,1,24.55,1,1,2022-07-20 09:04:34
1658307874835387000,24.55,1,24.4,2,24.55,1,1,2022-07-20 09:04:34
1658307874844859000,24.55,1,24.4,2,24.6,4,1,2022-07-20 09:04:34
1658307878652335000,24.35,2,24.3,3,24.6,4,2,2022-07-20 09:04:38
1658307880792513000,24.35,1,24.3,1,24.6,4,2,2022-07-20 09:04:40
1658307882823513000,24.35,1,24.15,8,24.6,4,2,2022-07-20 09:04:42
1658307882823513000,24.3,1,24.15,8,24.6,4,2,2022-07-20 09:04:42
1658307882823513000,24.25,2,24.15,8,24.6,4,2,2022-07-20 09:04:42
1658307886301495000,24.35,1,24.35,2,24.6,6,2,2022-07-20 09:04:46
1658307888602361000,24.35,1,24.35,2,24.5,1,2,2022-07-20 09:04:48
1658307888639390000,24.35,2,24.2,5,24.5,1,2,2022-07-20 09:04:48
1658307894771336000,24.45,1,24.25,1,24.5,2,1,2022-07-20 09:04:54
1658307897090553000,24.4,1,24.25,2,24.45,1,1,2022-07-20 09:04:57
1658307899331784000,24.45,1,24.25,2,24.45,1,1,2022-07-20 09:04:59
1658307907795923000,24.55,1,24.3,4,24.55,6,1,2022-07-20 09:05:07
1658307912860241000,24.3,4,24.25,1,24.4,50,2,2022-07-20 09:05:12
1658307915262995000,24.4,11,24.2,2,24.4,39,1,2022-07-20 09:05:15
1658307915465881000,24.25,1,24.2,2,24.35,10,2,2022-07-20 09:05:15
1658307920467873000,24.25,3,24.15,8,24.35,1,2,2022-07-20 09:05:20
1658307920467873000,24.2,2,24.15,8,24.35,1,2,2022-07-20 09:05:20
1658307924800304000,24.2,2,24.15,5,24.3,7,2,2022-07-20 09:05:24
1658307924800304000,24.15,3,24.15,5,24.3,7,2,2022-07-20 09:05:24
1658307925031783000,24.25,1,24.15,5,24.25,1,1,2022-07-20 09:05:25
1658307929627587000,24.25,2,24.25,1,24.3,7,1,2022-07-20 09:05:29
1658307929653733000,24.25,1,24.2,1,24.3,7,2,2022-07-20 09:05:29
1658307931216725000,24.25,1,24.2,1,24.3,7,1,2022-07-20 09:05:31
1658307932265063000,24.25,2,24.2,1,24.3,7,2,2022-07-20 09:05:32
1658307947463613000,24.25,1,24.2,5,24.3,7,2,2022-07-20 09:05:47
1658307955181239000,24.25,2,24.25,1,24.3,7,2,2022-07-20 09:05:55
1658307955207245000,24.25,1,24.2,5,24.3,7,2,2022-07-20 09:05:55
1658307958808748000,24.3,4,24.2,5,24.3,3,1,2022-07-20 09:05:58
1658307958832304000,24.3,3,24.2,6,24.35,1,1,2022-07-20 09:05:58
1658307963924385000,24.35,1,24.3,1,24.4,39,1,2022-07-20 09:06:03
1658307968828936000,24.35,1,24.2,6,24.4,39,1,2022-07-20 09:06:08
1658307970772431000,24.35,1,24.35,2,24.4,39,2,2022-07-20 09:06:10
1658307972082908000,24.35,1,24.25,3,24.35,3,2,2022-07-20 09:06:12
1658307973040248000,24.25,1,24.25,2,24.35,4,2,2022-07-20 09:06:13
1658307973323549000,24.35,1,24.25,2,24.35,3,1,2022-07-20 09:06:13
1658307975587726000,24.35,2,24.25,1,24.35,8,1,2022-07-20 09:06:15
1658307978221963000,24.3,1,24.25,2,24.35,9,1,2022-07-20 09:06:18
1658307978231363000,24.25,1,24.25,1,24.35,9,2,2022-07-20 09:06:18
1658307980463294000,24.35,9,24.35,1,24.4,39,1,2022-07-20 09:06:20
1658307985425503000,24.35,1,24.25,5,24.4,39,2,2022-07-20 09:06:25
1658307985425503000,24.3,1,24.25,5,24.4,39,2,2022-07-20 09:06:25
1658307988090181000,24.25,1,24.25,5,24.4,39,2,2022-07-20 09:06:28
1658307988455296000,24.35,1,24.25,5,24.4,39,2,2022-07-20 09:06:28
1658307989042592000,24.3,2,24.3,1,24.35,1,2,2022-07-20 09:06:29
1658307989070229000,24.3,1,24.25,5,24.35,1,2,2022-07-20 09:06:29
1658307990167389000,24.25,4,24.2,6,24.3,2,2,2022-07-20 09:06:30
1658307990167389000,24.2,1,24.2,6,24.3,2,2,2022-07-20 09:06:30
1658307990855961000,24.2,1,24.2,4,24.3,2,2,2022-07-20 09:06:30
1658307991941230000,24.25,1,24.2,4,24.3,2,2,2022-07-20 09:06:31
1658307991977013000,24.3,2,24.2,4,24.35,1,1,2022-07-20 09:06:31
1658307992864887000,24.25,1,24.25,1,24.35,1,2,2022-07-20 09:06:32
1658308007964296000,24.25,1,24.2,8,24.35,6,2,2022-07-20 09:06:47
1658308008271897000,24.25,1,24.25,1,24.35,6,2,2022-07-20 09:06:48
1658308015802948000,24.3,1,24.25,20,24.35,6,2,2022-07-20 09:06:55
1658308031009325000,24.3,1,24.3,1,24.35,6,2,2022-07-20 09:07:11
1658308031721750000,24.3,1,24.25,21,24.35,6,2,2022-07-20 09:07:11
1658308034102404000,24.3,1,24.25,21,24.35,6,1,2022-07-20 09:07:14
1658308036108899000,24.35,6,24.3,2,24.4,41,1,2022-07-20 09:07:16
1658308036698396000,24.3,2,24.25,21,24.3,2,2,2022-07-20 09:07:16
1658308036729411000,24.3,2,24.25,21,24.4,41,1,2022-07-20 09:07:16
1658308040615479000,24.35,1,24.3,3,24.4,41,2,2022-07-20 09:07:20
1658308046146539000,24.35,2,24.3,7,24.4,41,2,2022-07-20 09:07:26
1658308046146539000,24.3,1,24.3,7,24.4,41,2,2022-07-20 09:07:26
1658308049550572000,24.35,1,24.35,1,24.4,41,2,2022-07-20 09:07:29
1658308058436032000,24.4,3,24.35,4,24.4,38,1,2022-07-20 09:07:38
1658308058468645000,24.4,4,24.35,4,24.4,34,1,2022-07-20 09:07:38
1658308058500793000,24.4,4,24.35,4,24.4,30,1,2022-07-20 09:07:38
1658308058500991000,24.4,27,24.35,4,24.4,3,1,2022-07-20 09:07:38
1658308058521483000,24.4,3,24.35,4,24.45,4,1,2022-07-20 09:07:38
1658308059252129000,24.4,2,24.4,3,24.45,4,2,2022-07-20 09:07:39
1658308060177236000,24.45,3,24.4,5,24.45,1,1,2022-07-20 09:07:40
1658308060211798000,24.45,1,24.4,5,24.5,16,1,2022-07-20 09:07:40
1658308061074091000,24.5,2,24.4,9,24.5,14,1,2022-07-20 09:07:41
1658308061110999000,24.5,14,24.4,9,24.55,7,1,2022-07-20 09:07:41
1658308061231425000,24.55,2,24.4,9,24.55,5,1,2022-07-20 09:07:41
1658308061266355000,24.55,5,24.4,9,24.6,2,1,2022-07-20 09:07:41
1658308061847317000,24.55,1,24.55,4,24.6,1,2,2022-07-20 09:07:41
1658308064007710000,24.6,1,24.4,10,24.7,22,1,2022-07-20 09:07:44
1658308064007710000,24.65,2,24.4,10,24.7,22,1,2022-07-20 09:07:44
1658308064007710000,24.7,3,24.4,10,24.7,22,1,2022-07-20 09:07:44
1658308065864494000,24.65,1,24.45,2,24.7,20,1,2022-07-20 09:07:45
1658308065864494000,24.7,2,24.45,2,24.7,20,1,2022-07-20 09:07:45
1658308067077698000,24.65,5,24.45,1,24.7,15,1,2022-07-20 09:07:47
1658308067077698000,24.7,5,24.45,1,24.7,15,1,2022-07-20 09:07:47
1658308067904906000,24.45,2,24.35,4,24.7,16,2,2022-07-20 09:07:47
1658308067904906000,24.4,7,24.35,4,24.7,16,2,2022-07-20 09:07:47
1658308067904906000,24.35,1,24.35,4,24.7,16,2,2022-07-20 09:07:47
1658308072631283000,24.6,1,24.35,2,24.6,1,1,2022-07-20 09:07:52
1658308078463630000,24.55,1,24.4,1,24.55,3,1,2022-07-20 09:07:58
1658308080787850000,24.5,1,24.4,1,24.55,5,1,2022-07-20 09:08:00
1658308086204677000,24.5,1,24.4,3,24.5,3,1,2022-07-20 09:08:06
1658308088199223000,24.4,5,24.4,5,24.5,7,2,2022-07-20 09:08:08
1658308112079133000,24.45,1,24.4,41,24.5,8,1,2022-07-20 09:08:32
1658308119537471000,24.45,1,24.45,1,24.5,7,2,2022-07-20 09:08:39
1658308123046077000,24.45,1,24.4,40,24.5,5,2,2022-07-20 09:08:43
1658308131059485000,24.45,2,24.45,1,24.5,5,2,2022-07-20 09:08:51
1658308131086942000,24.45,1,24.4,40,24.5,5,2,2022-07-20 09:08:51
1658308135766053000,24.45,1,24.4,40,24.45,2,1,2022-07-20 09:08:55
1658308141608014000,24.4,3,24.4,37,24.45,5,2,2022-07-20 09:09:01
1658308141851898000,24.4,13,24.4,24,24.45,5,2,2022-07-20 09:09:01
1658308141882379000,24.4,24,24.35,6,24.45,5,2,2022-07-20 09:09:01
1658308142136099000,24.45,2,24.35,7,24.5,2,1,2022-07-20 09:09:02
1658308143889997000,24.35,7,24.3,23,24.5,4,2,2022-07-20 09:09:03
1658308143889997000,24.3,3,24.3,23,24.5,4,2,2022-07-20 09:09:03
1658308151043835000,24.3,2,24.3,21,24.45,4,2,2022-07-20 09:09:11
1658308156504161000,24.4,1,24.3,21,24.4,3,1,2022-07-20 09:09:16
1658308158546782000,24.3,1,24.3,20,24.4,3,2,2022-07-20 09:09:18
1658308177188818000,24.25,2,24.25,6,24.3,2,2,2022-07-20 09:09:37
1658308177781293000,24.25,1,24.25,5,24.3,2,2,2022-07-20 09:09:37
1658308177932918000,24.3,1,24.25,5,24.3,1,1,2022-07-20 09:09:37
1658308177966594000,24.3,1,24.25,5,24.35,2,1,2022-07-20 09:09:37
1658308178670405000,24.3,1,24.2,30,24.35,2,2,2022-07-20 09:09:38
1658308178670405000,24.25,5,24.2,30,24.35,2,2,2022-07-20 09:09:38
1658308178670405000,24.2,4,24.2,30,24.35,2,2,2022-07-20 09:09:38
1658308183082029000,24.3,1,24.3,9,24.35,2,2,2022-07-20 09:09:43
1658308185036195000,24.3,5,24.3,4,24.35,2,2,2022-07-20 09:09:45
1658308185075999000,24.3,3,24.3,1,24.35,2,2,2022-07-20 09:09:45
1658308185105201000,24.3,1,24.2,11,24.35,3,2,2022-07-20 09:09:45
1658308190369070000,24.2,10,24.2,1,24.3,4,2,2022-07-20 09:09:50
1658308190398704000,24.2,1,24.15,17,24.3,4,2,2022-07-20 09:09:50
1658308191539712000,24.25,2,24.25,1,24.3,5,1,2022-07-20 09:09:51
1658308192320587000,24.25,1,24.15,17,24.25,1,2,2022-07-20 09:09:52
1658308201174291000,24.2,1,24.15,16,24.25,3,2,2022-07-20 09:10:01
1658308201174291000,24.15,1,24.15,16,24.25,3,2,2022-07-20 09:10:01
1658308207049945000,24.15,1,24.15,15,24.2,3,2,2022-07-20 09:10:07
1658308208845211000,24.15,10,24.15,5,24.2,3,2,2022-07-20 09:10:08
1658308208902602000,24.15,1,24.15,4,24.2,3,2,2022-07-20 09:10:08
1658308209908328000,24.15,1,24.15,3,24.2,3,2,2022-07-20 09:10:09
1658308211952257000,24.15,1,24.15,2,24.2,3,2,2022-07-20 09:10:11
1658308211991772000,24.15,2,24.1,21,24.2,3,2,2022-07-20 09:10:11
1658308219013957000,24.15,2,24.1,20,24.15,3,1,2022-07-20 09:10:19
1658308219042658000,24.15,3,24.1,20,24.2,4,1,2022-07-20 09:10:19
1658308221309538000,24.2,2,24.15,3,24.25,1,1,2022-07-20 09:10:21
1658308226481046000,24.25,1,24.15,5,24.25,2,1,2022-07-20 09:10:26
1658308229938816000,24.15,1,24.15,4,24.25,1,2,2022-07-20 09:10:29
1658308231961701000,24.15,1,24.15,3,24.25,1,2,2022-07-20 09:10:31
1658308241307461000,24.15,1,24.15,4,24.25,2,2,2022-07-20 09:10:41
1658308282113170000,24.2,1,24.15,8,24.25,1,2,2022-07-20 09:11:22
1658308287861175000,24.15,8,24.1,20,24.2,1,2,2022-07-20 09:11:27
1658308287898502000,24.2,1,24.1,20,24.25,1,1,2022-07-20 09:11:27
1658308302179473000,24.15,1,24.1,22,24.15,1,1,2022-07-20 09:11:42
1658308307500487000,24.15,1,24.1,22,24.2,2,2,2022-07-20 09:11:47
1658308311682734000,24.15,1,24.1,22,24.2,1,2,2022-07-20 09:11:51
1658308319931972000,24.15,1,24.1,22,24.2,1,1,2022-07-20 09:11:59
1658308322615055000,24.15,1,24.1,22,24.2,2,1,2022-07-20 09:12:02
1658308324913642000,24.1,5,24.1,17,24.2,2,2,2022-07-20 09:12:04
1658308331835382000,24.1,1,24.1,16,24.2,3,2,2022-07-20 09:12:11
1658308331870907000,24.1,16,24.05,32,24.2,3,2,2022-07-20 09:12:11
1658308335589952000,24.05,1,24.05,31,24.1,1,2,2022-07-20 09:12:15
1658308335654373000,24.05,2,24.05,29,24.1,1,2,2022-07-20 09:12:15
1658308335655125000,24.05,3,24.05,26,24.1,1,2,2022-07-20 09:12:15
1658308335662563000,24.05,1,24.05,25,24.1,1,2,2022-07-20 09:12:15
1658308335663855000,24.05,3,24.05,22,24.1,1,2,2022-07-20 09:12:15
1658308335689890000,24.05,22,24.0,12,24.1,1,2,2022-07-20 09:12:15
1658308336378677000,24.0,3,24.0,9,24.1,1,2,2022-07-20 09:12:16
1658308336410101000,24.0,9,23.95,33,24.1,1,2,2022-07-20 09:12:16
1658308337207864000,23.95,3,23.95,30,24.1,1,2,2022-07-20 09:12:17
1658308337239092000,23.95,21,23.95,9,24.1,1,2,2022-07-20 09:12:17
1658308337270618000,23.95,6,23.95,3,24.1,1,2,2022-07-20 09:12:17
1658308337270837000,23.95,3,23.9,2,24.1,1,2,2022-07-20 09:12:17
1658308338436043000,23.9,2,23.85,3,24.05,2,2,2022-07-20 09:12:18
1658308338436043000,23.85,1,23.85,3,24.05,2,2,2022-07-20 09:12:18
1658308339864651000,23.85,3,23.8,17,24.0,1,2,2022-07-20 09:12:19
1658308340959393000,23.8,1,23.8,16,24.0,1,2,2022-07-20 09:12:20
1658308343777885000,23.8,10,23.8,6,24.05,2,2,2022-07-20 09:12:23
1658308345873041000,23.85,1,23.8,1,24.0,2,2,2022-07-20 09:12:25
1658308345873041000,23.8,5,23.8,1,24.0,2,2,2022-07-20 09:12:25
1658308346688804000,23.8,1,23.75,5,23.95,2,2,2022-07-20 09:12:26
1658308348088127000,23.75,2,23.75,3,23.95,2,2,2022-07-20 09:12:28
1658308350356824000,23.65,1,23.6,3,23.95,1,2,2022-07-20 09:12:30
1658308350594358000,23.8,1,23.6,3,23.9,2,1,2022-07-20 09:12:30
1658308355366679000,23.95,1,23.65,6,24.0,3,1,2022-07-20 09:12:35
1658308355749127000,23.9,1,23.7,2,24.0,4,1,2022-07-20 09:12:35
1658308359323624000,23.95,1,23.75,1,24.0,4,1,2022-07-20 09:12:39
1658308361784029000,23.9,1,23.75,1,23.95,1,1,2022-07-20 09:12:41
1658308365711451000,23.9,1,23.75,1,23.9,7,1,2022-07-20 09:12:45
1658308370952491000,23.75,1,23.75,1,23.9,7,2,2022-07-20 09:12:50
1658308370970215000,23.75,1,23.65,4,23.9,7,2,2022-07-20 09:12:50
1658308370970215000,23.65,1,23.65,4,23.9,7,2,2022-07-20 09:12:50
1658308372752548000,23.75,1,23.65,3,23.9,7,2,2022-07-20 09:12:52
1658308372752548000,23.65,1,23.65,3,23.9,7,2,2022-07-20 09:12:52
1658308373133656000,23.8,1,23.65,3,23.9,7,2,2022-07-20 09:12:53
1658308377083513000,23.85,1,23.75,2,23.9,7,1,2022-07-20 09:12:57
1658308377141810000,23.85,1,23.75,2,23.9,7,2,2022-07-20 09:12:57
1658308377225231000,23.9,1,23.75,3,23.9,7,1,2022-07-20 09:12:57
1658308378040780000,23.9,1,23.75,3,23.9,5,1,2022-07-20 09:12:58
1658308378242535000,23.9,1,23.75,3,23.9,4,1,2022-07-20 09:12:58
1658308378347819000,23.9,1,23.75,3,23.9,3,1,2022-07-20 09:12:58
1658308378549637000,23.9,1,23.75,3,23.9,2,1,2022-07-20 09:12:58
1658308378578225000,23.9,1,23.75,3,23.9,1,1,2022-07-20 09:12:58
1658308378603438000,23.9,1,23.75,3,23.95,8,1,2022-07-20 09:12:58
1658308378652957000,23.85,1,23.75,3,23.95,7,1,2022-07-20 09:12:58
1658308378761430000,23.95,1,23.75,3,23.95,6,1,2022-07-20 09:12:58
1658308378834159000,23.95,1,23.85,1,23.95,5,1,2022-07-20 09:12:58
1658308380019075000,23.95,1,23.9,5,23.95,4,1,2022-07-20 09:13:00
1658308380828210000,23.95,4,23.95,1,24.0,4,1,2022-07-20 09:13:00
1658308380888781000,23.95,1,23.9,3,24.0,3,2,2022-07-20 09:13:00
1658308380888781000,23.9,2,23.9,3,24.0,3,2,2022-07-20 09:13:00
1658308380903843000,23.9,2,23.9,1,24.0,3,2,2022-07-20 09:13:00
1658308381077041000,23.95,1,23.9,1,24.0,3,1,2022-07-20 09:13:01
1658308381160097000,24.0,3,23.9,1,23.95,1,1,2022-07-20 09:13:01
1658308381953233000,24.0,1,24.0,6,24.05,3,2,2022-07-20 09:13:01
1658308382654281000,24.05,1,24.0,6,24.05,3,1,2022-07-20 09:13:02
1658308383401673000,24.05,2,24.0,6,24.15,1,1,2022-07-20 09:13:03
1658308387282089000,24.05,1,24.05,3,24.15,5,2,2022-07-20 09:13:07
1658308387317162000,24.15,1,24.05,3,24.15,4,1,2022-07-20 09:13:07
1658308389114181000,24.15,2,24.1,5,24.15,2,1,2022-07-20 09:13:09
1658308389145056000,24.15,2,24.1,5,24.2,1,1,2022-07-20 09:13:09
1658308391127743000,24.2,1,24.15,1,24.4,1,1,2022-07-20 09:13:11
1658308391127743000,24.25,3,24.15,1,24.4,1,1,2022-07-20 09:13:11
1658308391127743000,24.3,1,24.15,1,24.4,1,1,2022-07-20 09:13:11
1658308391127743000,24.35,2,24.15,1,24.4,1,1,2022-07-20 09:13:11
1658308391127743000,24.4,1,24.15,1,24.4,1,1,2022-07-20 09:13:11
1658308391157827000,24.15,1,24.1,5,24.15,3,2,2022-07-20 09:13:11
1658308391160854000,24.15,1,24.1,5,24.15,2,1,2022-07-20 09:13:11
1658308391191358000,24.15,2,24.1,5,24.4,2,1,2022-07-20 09:13:11
1658308394388196000,24.2,2,24.2,3,24.3,3,1,2022-07-20 09:13:14
1658308394416469000,24.2,1,24.2,2,24.3,3,2,2022-07-20 09:13:14
1658308394449224000,24.2,1,24.2,1,24.3,3,2,2022-07-20 09:13:14
1658308394449544000,24.2,1,24.1,5,24.3,3,2,2022-07-20 09:13:14
1658308394522104000,24.1,5,24.05,5,24.1,1,2,2022-07-20 09:13:14
1658308396506255000,24.1,1,24.05,5,24.2,3,1,2022-07-20 09:13:16
1658308399543187000,24.2,1,24.1,1,24.2,2,1,2022-07-20 09:13:19
1658308400678523000,24.15,1,24.1,2,24.2,2,2,2022-07-20 09:13:20
1658308401831480000,24.2,1,24.1,2,24.2,1,1,2022-07-20 09:13:21
1658308405567606000,24.2,1,24.2,2,24.25,1,1,2022-07-20 09:13:25
1658308405602525000,24.2,2,24.15,2,24.25,1,2,2022-07-20 09:13:25
1658308406844521000,24.2,1,24.15,2,24.25,1,1,2022-07-20 09:13:26
1658308409496089000,24.2,2,24.2,1,24.25,1,2,2022-07-20 09:13:29
1658308409523886000,24.2,1,24.15,2,24.25,1,2,2022-07-20 09:13:29
1658308410957229000,24.25,1,24.2,7,24.25,2,1,2022-07-20 09:13:30
1658308411740972000,24.2,1,24.2,6,24.25,2,2,2022-07-20 09:13:31
1658308413712635000,24.25,1,24.2,6,24.25,1,1,2022-07-20 09:13:33
1658308415169080000,24.2,2,24.2,6,24.25,1,2,2022-07-20 09:13:35
1658308415625383000,24.25,1,24.2,8,24.3,1,1,2022-07-20 09:13:35
1658308415752910000,24.2,4,24.2,4,24.3,1,2,2022-07-20 09:13:35
1658308415793037000,24.2,1,24.2,3,24.3,1,2,2022-07-20 09:13:35
1658308416576609000,24.3,1,24.35,1,24.4,2,1,2022-07-20 09:13:36
1658308416576609000,24.35,2,24.35,1,24.4,2,1,2022-07-20 09:13:36
1658308416590337000,24.35,1,24.2,3,24.4,2,2,2022-07-20 09:13:36
1658308417704993000,24.25,1,24.2,3,24.35,2,1,2022-07-20 09:13:37
1658308417704993000,24.3,1,24.2,3,24.35,2,1,2022-07-20 09:13:37
1658308422536260000,24.3,1,24.2,3,24.4,3,1,2022-07-20 09:13:42
1658308427059750000,24.3,1,24.25,1,24.35,1,1,2022-07-20 09:13:47
1658308429944923000,24.3,1,24.25,1,24.35,1,1,2022-07-20 09:13:49
1658308430627107000,24.25,1,24.2,4,24.35,1,2,2022-07-20 09:13:50
1658308433607311000,24.3,1,24.3,1,24.35,2,2,2022-07-20 09:13:53
1658308439451203000,24.25,1,24.25,1,24.3,4,2,2022-07-20 09:13:59
1658308440025597000,24.2,1,24.2,4,24.3,4,2,2022-07-20 09:14:00
1658308440625006000,24.2,1,24.2,3,24.3,4,2,2022-07-20 09:14:00
1658308441583322000,24.25,1,24.25,1,24.3,4,1,2022-07-20 09:14:01
1658308441621565000,24.25,1,24.2,3,24.3,4,2,2022-07-20 09:14:01
1658308441923174000,24.25,1,24.2,3,24.3,4,1,2022-07-20 09:14:01
1658308446557062000,24.2,1,24.2,2,24.25,1,2,2022-07-20 09:14:06
1658308446591177000,24.2,2,24.1,5,24.25,1,2,2022-07-20 09:14:06
1658308448437551000,24.2,2,24.2,3,24.25,2,2,2022-07-20 09:14:08
1658308451429677000,24.2,1,24.2,2,24.25,4,2,2022-07-20 09:14:11
1658308451454289000,24.2,2,24.1,5,24.25,4,2,2022-07-20 09:14:11
1658308459915053000,24.2,2,24.1,5,24.25,3,1,2022-07-20 09:14:19
1658308467416616000,24.2,1,24.1,6,24.25,3,2,2022-07-20 09:14:27
1658308468004938000,24.15,1,24.1,6,24.15,1,1,2022-07-20 09:14:28
1658308477225710000,24.15,1,24.1,6,24.15,1,1,2022-07-20 09:14:37
1658308477258990000,24.15,1,24.1,6,24.25,7,1,2022-07-20 09:14:37
1658308482168274000,24.25,6,24.25,12,24.3,3,1,2022-07-20 09:14:42
1658308484072639000,24.3,1,24.25,12,24.3,2,1,2022-07-20 09:14:44
1658308484110038000,24.3,1,24.25,12,24.35,1,1,2022-07-20 09:14:44
1658308500982369000,24.35,1,24.25,12,24.35,2,1,2022-07-20 09:15:00
1658308501856373000,24.25,10,24.25,2,24.35,2,2,2022-07-20 09:15:01
1658308501889554000,24.25,2,24.15,1,24.35,2,2,2022-07-20 09:15:01
1658308508964246000,24.25,1,24.15,1,24.25,1,1,2022-07-20 09:15:08
1658308515011161000,24.2,1,24.15,1,24.2,1,1,2022-07-20 09:15:15
1658308524384063000,24.15,1,24.1,6,24.2,1,2,2022-07-20 09:15:24
1658308524384063000,24.1,1,24.1,6,24.2,1,2,2022-07-20 09:15:24
1658308527574403000,24.1,1,24.1,5,24.2,1,2,2022-07-20 09:15:27
1658308537759438000,24.2,1,24.1,5,24.35,3,1,2022-07-20 09:15:37
1658308547866654000,24.2,1,24.2,3,24.35,2,2,2022-07-20 09:15:47
1658308567820821000,24.2,2,24.2,3,24.3,2,2,2022-07-20 09:16:07
1658308574046099000,24.2,1,24.15,2,24.3,4,2,2022-07-20 09:16:14
1658308581588557000,24.15,2,24.1,6,24.2,2,2,2022-07-20 09:16:21
1658308606209673000,24.15,1,24.1,4,24.2,2,2,2022-07-20 09:16:46
1658308606209673000,24.1,3,24.1,4,24.2,2,2,2022-07-20 09:16:46
1658308622844782000,24.15,1,24.1,4,24.2,2,2,2022-07-20 09:17:02
1658308624006417000,24.1,4,24.05,4,24.2,2,2,2022-07-20 09:17:04
1658308641128065000,24.1,2,24.1,3,24.2,2,2,2022-07-20 09:17:21
1658308657616310000,24.1,2,24.1,2,24.2,3,2,2022-07-20 09:17:37
1658308659066252000,24.1,2,24.05,4,24.2,3,2,2022-07-20 09:17:39
1658308659066252000,24.05,1,24.05,4,24.2,3,2,2022-07-20 09:17:39
1658308665104894000,24.05,2,24.05,2,24.2,3,2,2022-07-20 09:17:45
1658308675461933000,24.05,1,24.05,1,24.2,5,2,2022-07-20 09:17:55
1658308697926962000,24.05,5,24.05,1,24.2,4,2,2022-07-20 09:18:17
1658308699745169000,24.05,1,24.0,12,24.05,3,2,2022-07-20 09:18:19
1658308699772269000,24.05,3,24.0,12,24.2,4,1,2022-07-20 09:18:19
1658308710965124000,24.05,1,24.0,12,24.2,4,2,2022-07-20 09:18:30
1658308733686647000,24.1,1,24.1,2,24.15,8,2,2022-07-20 09:18:53
1658308747731356000,24.1,1,24.1,2,24.15,8,2,2022-07-20 09:19:07
1658308752619551000,24.1,1,24.1,1,24.15,8,2,2022-07-20 09:19:12
1658308754425108000,24.15,1,24.1,2,24.15,7,1,2022-07-20 09:19:14
1658308754455908000,24.15,2,24.1,2,24.15,5,1,2022-07-20 09:19:14
1658308754476286000,24.15,5,24.1,2,24.2,5,1,2022-07-20 09:19:14
1658308757441838000,24.2,5,24.1,3,24.3,5,1,2022-07-20 09:19:17
1658308807849528000,24.25,2,24.2,1,24.35,2,1,2022-07-20 09:20:07
1658308807849528000,24.3,8,24.2,1,24.35,2,1,2022-07-20 09:20:07
1658308830186744000,24.35,2,24.2,2,24.4,5,1,2022-07-20 09:20:30
1658308841642917000,24.35,2,24.2,3,24.35,4,1,2022-07-20 09:20:41
1658308865236657000,24.25,1,24.2,2,24.3,1,2,2022-07-20 09:21:05
1658308869793307000,24.2,2,24.1,4,24.3,1,2,2022-07-20 09:21:09
1658308871838698000,24.3,3,24.35,6,24.4,5,1,2022-07-20 09:21:11
1658308871838698000,24.35,6,24.35,6,24.4,5,1,2022-07-20 09:21:11
1658308871871398000,24.35,1,24.35,5,24.4,5,2,2022-07-20 09:21:11
1658308871871645000,24.35,5,24.1,4,24.35,1,2,2022-07-20 09:21:11
1658308892388370000,24.2,3,24.1,4,24.3,3,1,2022-07-20 09:21:32
1658308894387400000,24.2,1,24.1,4,24.3,4,2,2022-07-20 09:21:34
1658308906293372000,24.25,1,24.15,1,24.3,4,1,2022-07-20 09:21:46
1658308926482589000,24.25,1,24.15,1,24.3,4,1,2022-07-20 09:22:06
1658308927544912000,24.3,3,24.3,2,24.35,1,1,2022-07-20 09:22:07
1658308927575809000,24.3,2,24.15,1,24.35,1,2,2022-07-20 09:22:07
1658308927867758000,24.35,1,24.3,1,24.35,1,1,2022-07-20 09:22:07
1658308928682571000,24.4,1,24.3,1,24.4,8,1,2022-07-20 09:22:08
1658308929454364000,24.4,1,24.3,1,24.4,7,1,2022-07-20 09:22:09
1658308929560920000,24.4,1,24.3,1,24.4,6,1,2022-07-20 09:22:09
1658308929748042000,24.4,1,24.3,1,24.4,5,1,2022-07-20 09:22:09
1658308930829060000,24.4,1,24.3,1,24.4,4,1,2022-07-20 09:22:10
1658308932655951000,24.4,4,24.25,1,24.45,4,1,2022-07-20 09:22:12
1658308932655951000,24.45,1,24.25,1,24.45,4,1,2022-07-20 09:22:12
1658308935235165000,24.45,1,24.2,2,24.45,4,1,2022-07-20 09:22:15
1658308937224454000,24.45,1,24.35,1,24.45,3,1,2022-07-20 09:22:17
1658308939269681000,24.4,1,24.35,1,24.45,2,2,2022-07-20 09:22:19
1658308942736542000,24.35,1,24.25,1,24.4,1,1,2022-07-20 09:22:22
1658308943393608000,24.4,1,24.4,1,24.45,2,1,2022-07-20 09:22:23
1658308943428328000,24.4,1,24.25,1,24.45,2,2,2022-07-20 09:22:23
1658308951888903000,24.35,1,24.3,1,24.45,4,1,2022-07-20 09:22:31
1658308955090917000,24.35,4,24.35,4,24.4,7,2,2022-07-20 09:22:35
1658308965616780000,24.3,1,24.25,2,24.35,5,2,2022-07-20 09:22:45
1658308972311438000,24.3,1,24.25,2,24.3,1,2,2022-07-20 09:22:52
1658308972798712000,24.3,1,24.25,2,24.35,5,1,2022-07-20 09:22:52
1658308994990458000,24.3,3,24.3,1,24.35,5,2,2022-07-20 09:23:14
1658309009232754000,24.3,1,24.25,4,24.35,1,2,2022-07-20 09:23:29
1658309011473575000,24.25,4,24.2,2,24.25,1,2,2022-07-20 09:23:31
1658309026669712000,24.25,3,24.25,2,24.3,3,1,2022-07-20 09:23:46
1658309036941004000,24.25,1,24.25,1,24.35,2,2,2022-07-20 09:23:56
1658309038727162000,24.25,1,24.2,3,24.35,2,2,2022-07-20 09:23:58
1658309042377911000,24.25,1,24.25,3,24.35,2,2,2022-07-20 09:24:02
1658309043311564000,24.25,2,24.25,1,24.35,2,2,2022-07-20 09:24:03
1658309043338672000,24.25,1,24.2,3,24.35,2,2,2022-07-20 09:24:03
1658309047019516000,24.2,1,24.2,2,24.3,2,2,2022-07-20 09:24:07
1658309074797931000,24.3,2,24.25,2,24.3,8,2,2022-07-20 09:24:34
1658309076108989000,24.3,1,24.25,2,24.3,7,1,2022-07-20 09:24:36
1658309079516274000,24.3,1,24.25,1,24.3,6,1,2022-07-20 09:24:39
1658309083180222000,24.3,1,24.25,1,24.3,5,1,2022-07-20 09:24:43
1658309083877625000,24.25,1,24.2,3,24.3,5,2,2022-07-20 09:24:43
1658309088765919000,24.3,1,24.25,1,24.3,4,1,2022-07-20 09:24:48
1658309088878644000,24.3,2,24.25,2,24.3,2,1,2022-07-20 09:24:48
1658309088909274000,24.3,2,24.25,2,24.35,1,1,2022-07-20 09:24:48
1658309091023123000,24.35,1,24.3,1,24.4,9,1,2022-07-20 09:24:51
1658309091655393000,24.4,9,24.4,7,24.45,6,1,2022-07-20 09:24:51
1658309091683905000,24.45,6,24.4,7,24.5,13,1,2022-07-20 09:24:51
1658309095311141000,24.45,1,24.4,7,24.5,13,1,2022-07-20 09:24:55
1658309097973654000,24.5,13,24.4,7,24.55,1,1,2022-07-20 09:24:57
1658309098121795000,24.55,1,24.4,7,24.65,4,1,2022-07-20 09:24:58
1658309098312101000,24.65,1,24.45,1,24.65,4,1,2022-07-20 09:24:58
1658309098339194000,24.65,1,24.45,1,24.65,3,1,2022-07-20 09:24:58
1658309098526136000,24.65,1,24.45,5,24.65,3,1,2022-07-20 09:24:58
1658309099048596000,24.65,2,24.45,5,24.65,2,1,2022-07-20 09:24:59
1658309099048596000,24.7,1,24.45,5,24.65,2,1,2022-07-20 09:24:59
1658309099822225000,24.7,1,24.45,5,24.7,26,1,2022-07-20 09:24:59
1658309100111993000,24.7,3,24.55,1,24.7,23,1,2022-07-20 09:25:00
1658309100146596000,24.7,23,24.55,1,24.75,1,1,2022-07-20 09:25:00
1658309100843889000,24.65,4,24.55,4,24.65,6,1,2022-07-20 09:25:00
1658309100873958000,24.65,6,24.55,4,24.75,1,1,2022-07-20 09:25:00
1658309101191713000,24.75,1,24.6,6,24.8,7,1,2022-07-20 09:25:01
1658309101191713000,24.8,3,24.6,6,24.8,7,1,2022-07-20 09:25:01
1658309101248779000,24.8,2,24.6,7,24.8,5,1,2022-07-20 09:25:01
1658309101375726000,24.8,1,24.6,7,24.8,4,1,2022-07-20 09:25:01
1658309101423346000,24.8,1,24.6,7,24.8,3,1,2022-07-20 09:25:01
1658309101425534000,24.8,1,24.6,7,24.8,2,1,2022-07-20 09:25:01
1658309102285350000,24.8,2,24.6,7,24.85,17,1,2022-07-20 09:25:02
1658309109348277000,24.75,1,24.6,1,24.75,1,1,2022-07-20 09:25:09
1658309110144391000,24.75,1,24.6,1,24.8,6,1,2022-07-20 09:25:10
1658309112664210000,24.7,1,24.6,1,24.75,2,1,2022-07-20 09:25:12
1658309114462479000,24.75,1,24.6,1,24.75,1,1,2022-07-20 09:25:14
1658309116171660000,24.65,1,24.6,1,24.75,2,2,2022-07-20 09:25:16
1658309117770114000,24.6,1,24.45,2,24.7,3,2,2022-07-20 09:25:17
1658309124385514000,24.65,1,24.45,3,24.7,4,1,2022-07-20 09:25:24
1658309127440744000,24.65,2,24.65,18,24.7,4,1,2022-07-20 09:25:27
1658309127471576000,24.65,16,24.65,2,24.7,4,2,2022-07-20 09:25:27
1658309127471606000,24.65,2,24.45,3,24.65,16,2,2022-07-20 09:25:27
1658309131385477000,24.5,1,24.45,2,24.5,1,2,2022-07-20 09:25:31
1658309131509304000,24.5,1,24.45,2,24.6,2,1,2022-07-20 09:25:31
1658309142400956000,24.6,1,24.45,2,24.6,1,1,2022-07-20 09:25:42
1658309147321161000,24.5,1,24.45,3,24.6,2,2,2022-07-20 09:25:47
1658309171383972000,24.5,1,24.5,6,24.6,3,2,2022-07-20 09:26:11
1658309171401118000,24.5,1,24.5,5,24.6,3,2,2022-07-20 09:26:11
1658309171734043000,24.5,2,24.5,3,24.6,3,2,2022-07-20 09:26:11
1658309174091834000,24.6,1,24.5,4,24.6,3,1,2022-07-20 09:26:14
1658309174121964000,24.6,1,24.5,4,24.6,2,1,2022-07-20 09:26:14
1658309175132720000,24.6,1,24.5,3,24.65,3,1,2022-07-20 09:26:15
1658309181944355000,24.55,1,24.55,1,24.65,3,2,2022-07-20 09:26:21
1658309183056209000,24.65,3,24.55,1,24.7,2,1,2022-07-20 09:26:23
1658309183410924000,24.7,1,24.55,1,24.7,1,1,2022-07-20 09:26:23
1658309183443365000,24.7,1,24.55,1,24.75,6,1,2022-07-20 09:26:23
1658309188041689000,24.75,5,24.55,3,24.8,3,1,2022-07-20 09:26:28
1658309195530560000,24.7,1,24.65,1,24.75,15,2,2022-07-20 09:26:35
1658309196930445000,24.75,1,24.65,1,24.75,15,1,2022-07-20 09:26:36
1658309199705682000,24.7,1,24.65,3,24.7,1,1,2022-07-20 09:26:39
1658309201948833000,24.7,1,24.65,3,24.7,2,1,2022-07-20 09:26:41
1658309204736031000,24.65,3,24.6,4,24.7,11,2,2022-07-20 09:26:44
1658309206288984000,24.6,1,24.6,2,24.7,13,2,2022-07-20 09:26:46
1658309206346528000,24.65,1,24.65,4,24.7,13,2,2022-07-20 09:26:46
1658309207229242000,24.7,1,24.65,3,24.7,12,1,2022-07-20 09:26:47
1658309208483588000,24.65,3,24.6,2,24.65,2,2,2022-07-20 09:26:48
1658309212893323000,24.6,2,24.55,2,24.65,2,2,2022-07-20 09:26:52
1658309213561311000,24.6,3,24.6,3,24.65,2,2,2022-07-20 09:26:53
1658309218565569000,24.65,2,24.65,1,24.7,16,1,2022-07-20 09:26:58
1658309218597040000,24.65,1,24.55,1,24.7,16,2,2022-07-20 09:26:58
1658309221969852000,24.65,2,24.6,1,24.7,12,1,2022-07-20 09:27:01
1658309221969852000,24.7,4,24.6,1,24.7,12,1,2022-07-20 09:27:01
1658309226780607000,24.6,9,24.55,2,24.6,1,2,2022-07-20 09:27:06
1658309227402986000,24.55,1,24.55,1,24.6,1,2,2022-07-20 09:27:07
1658309232703365000,24.6,1,24.55,1,24.65,3,1,2022-07-20 09:27:12
1658309244266460000,24.6,2,24.55,2,24.65,3,1,2022-07-20 09:27:24
1658309247209302000,24.6,1,24.55,4,24.65,3,2,2022-07-20 09:27:27
1658309250616602000,24.6,1,24.55,4,24.65,3,1,2022-07-20 09:27:30
1658309252660515000,24.6,1,24.55,4,24.65,2,1,2022-07-20 09:27:32
1658309252660515000,24.65,1,24.55,4,24.65,2,1,2022-07-20 09:27:32
1658309255026949000,24.6,1,24.55,4,24.65,2,2,2022-07-20 09:27:35
1658309258028184000,24.65,1,24.55,6,24.65,2,1,2022-07-20 09:27:38
1658309262833618000,24.6,1,24.55,5,24.65,3,2,2022-07-20 09:27:42
1658309267834715000,24.65,1,24.55,5,24.65,2,1,2022-07-20 09:27:47
1658309271592918000,24.55,2,24.55,3,24.65,3,2,2022-07-20 09:27:51
1658309285184414000,24.55,1,24.55,1,24.6,4,2,2022-07-20 09:28:05
1658309298370313000,24.55,1,24.5,8,24.6,4,2,2022-07-20 09:28:18
1658309301009059000,24.55,2,24.45,7,24.5,10,2,2022-07-20 09:28:21
1658309301009059000,24.5,8,24.45,7,24.5,10,2,2022-07-20 09:28:21
1658309303756075000,24.5,1,24.45,7,24.5,9,1,2022-07-20 09:28:23
1658309304092704000,24.5,1,24.45,7,24.5,8,1,2022-07-20 09:28:24
1658309304414723000,24.5,1,24.45,7,24.5,7,1,2022-07-20 09:28:24
1658309304453866000,24.5,2,24.45,7,24.5,5,1,2022-07-20 09:28:24
1658309304484056000,24.5,5,24.45,7,24.6,4,1,2022-07-20 09:28:24
1658309315354580000,24.55,1,24.5,1,24.6,3,1,2022-07-20 09:28:35
1658309319836212000,24.6,2,24.55,1,24.65,2,1,2022-07-20 09:28:39
1658309321815506000,24.55,1,24.5,2,24.65,3,2,2022-07-20 09:28:41
1658309326661991000,24.65,2,24.5,1,24.65,2,1,2022-07-20 09:28:46
1658309328876726000,24.65,1,24.55,1,24.7,12,1,2022-07-20 09:28:48
1658309329822204000,24.7,5,24.55,2,24.7,7,1,2022-07-20 09:28:49
1658309329971579000,24.7,1,24.65,4,24.7,7,1,2022-07-20 09:28:49
1658309330592628000,24.7,1,24.65,4,24.7,5,1,2022-07-20 09:28:50
1658309330620042000,24.7,5,24.65,4,24.7,6,1,2022-07-20 09:28:50
1658309330709296000,24.75,4,24.65,4,24.75,12,1,2022-07-20 09:28:50
1658309330743633000,24.75,5,24.65,4,24.75,7,1,2022-07-20 09:28:50
1658309330773713000,24.75,7,24.65,4,24.8,13,1,2022-07-20 09:28:50
1658309332634894000,24.8,2,24.55,6,24.8,11,1,2022-07-20 09:28:52
1658309333031142000,24.8,2,24.55,6,24.8,9,1,2022-07-20 09:28:53
1658309334438988000,24.75,1,24.55,4,24.8,9,1,2022-07-20 09:28:54
1658309334689083000,24.8,1,24.55,4,24.8,8,1,2022-07-20 09:28:54
1658309338912984000,24.75,1,24.6,3,24.8,9,1,2022-07-20 09:28:58
1658309340089680000,24.8,1,24.65,1,24.8,8,1,2022-07-20 09:29:00
1658309341747524000,24.75,1,24.75,1,24.8,8,2,2022-07-20 09:29:01
1658309343174691000,24.8,1,24.7,2,24.8,7,1,2022-07-20 09:29:03
1658309343683960000,24.8,1,24.7,2,24.8,6,1,2022-07-20 09:29:03
1658309347479131000,24.8,7,24.7,2,24.85,14,1,2022-07-20 09:29:07
1658309347479131000,24.85,3,24.7,2,24.85,14,1,2022-07-20 09:29:07
1658309350603514000,24.8,1,24.8,1,24.85,14,2,2022-07-20 09:29:10
1658309350632521000,24.8,1,24.75,1,24.85,14,2,2022-07-20 09:29:10
1658309350857136000,24.85,8,24.75,1,24.85,6,1,2022-07-20 09:29:10
1658309352064114000,24.85,1,24.7,4,24.85,5,1,2022-07-20 09:29:12
1658309353237249000,24.85,5,24.8,1,24.9,1,1,2022-07-20 09:29:13
1658309355025682000,24.85,3,24.8,1,24.9,1,2,2022-07-20 09:29:15
1658309355874807000,24.9,2,24.85,3,24.95,2,1,2022-07-20 09:29:15
1658309355874807000,24.95,8,24.85,3,24.95,2,1,2022-07-20 09:29:15
1658309356277011000,24.95,1,24.85,6,24.95,1,1,2022-07-20 09:29:16
1658309356338561000,24.85,6,24.65,2,24.95,1,2,2022-07-20 09:29:16
1658309356338561000,24.8,1,24.65,2,24.95,1,2,2022-07-20 09:29:16
1658309356338561000,24.7,4,24.65,2,24.95,1,2,2022-07-20 09:29:16
1658309356773837000,24.95,1,24.65,4,25.0,24,1,2022-07-20 09:29:16
1658309356919231000,24.85,1,24.8,1,25.0,24,2,2022-07-20 09:29:16
1658309356933840000,25.0,3,24.85,1,25.0,21,1,2022-07-20 09:29:16
1658309359113287000,25.0,1,24.85,3,25.0,20,1,2022-07-20 09:29:19
1658309360093362000,25.0,1,24.85,4,25.0,19,1,2022-07-20 09:29:20
1658309360659808000,24.85,4,24.65,3,24.95,5,2,2022-07-20 09:29:20
1658309361476596000,24.95,3,24.65,1,24.95,5,1,2022-07-20 09:29:21
1658309363691827000,24.95,2,24.7,1,24.95,8,1,2022-07-20 09:29:23
1658309365307017000,24.95,9,24.75,1,25.0,11,1,2022-07-20 09:29:25
1658309365307017000,25.0,11,24.75,1,25.0,11,1,2022-07-20 09:29:25
1658309365840963000,24.95,1,24.75,1,25.0,11,2,2022-07-20 09:29:25
1658309365890682000,24.95,1,24.8,1,25.0,11,2,2022-07-20 09:29:25
1658309365943116000,24.95,1,24.85,1,25.0,11,2,2022-07-20 09:29:25
1658309366281379000,25.0,1,24.7,3,25.0,10,1,2022-07-20 09:29:26
1658309366995294000,24.95,5,24.75,2,25.0,11,2,2022-07-20 09:29:26
1658309367879772000,24.95,1,24.95,1,25.0,11,2,2022-07-20 09:29:27
1658309369129942000,25.0,3,24.75,12,25.0,11,1,2022-07-20 09:29:29
1658309369582875000,24.95,1,24.75,12,25.0,11,2,2022-07-20 09:29:29
1658309369582875000,24.8,1,24.75,12,25.0,11,2,2022-07-20 09:29:29
1658309373661364000,24.95,3,24.75,22,24.95,8,1,2022-07-20 09:29:33
1658309376012321000,24.95,7,24.8,2,25.0,9,1,2022-07-20 09:29:36
1658309376012321000,25.0,3,24.8,2,25.0,9,1,2022-07-20 09:29:36
1658309377474301000,25.0,6,24.85,1,25.0,3,1,2022-07-20 09:29:37
1658309377514953000,25.0,3,24.85,1,25.0,9,1,2022-07-20 09:29:37
1658309386548737000,25.0,1,24.9,1,25.0,4,1,2022-07-20 09:29:46
1658309388220799000,25.0,1,24.9,2,25.0,4,1,2022-07-20 09:29:48
1658309388243300000,25.0,4,24.9,2,25.05,1,1,2022-07-20 09:29:48
1658309389911914000,24.9,2,24.85,2,25.0,4,2,2022-07-20 09:29:49
1658309390297723000,24.95,1,24.85,32,25.0,4,2,2022-07-20 09:29:50
1658309390534061000,24.95,1,24.85,32,24.95,1,1,2022-07-20 09:29:50
1658309391089176000,24.95,1,24.85,32,24.95,4,1,2022-07-20 09:29:51
1658309392244580000,24.9,1,24.9,5,24.95,4,2,2022-07-20 09:29:52
1658309392359590000,24.9,1,24.9,4,24.95,4,2,2022-07-20 09:29:52
1658309392801471000,24.95,2,24.9,9,24.95,2,1,2022-07-20 09:29:52
1658309393044609000,24.95,2,24.95,3,25.0,5,1,2022-07-20 09:29:53
1658309393082567000,24.95,3,24.9,9,25.0,5,2,2022-07-20 09:29:53
1658309393170900000,24.9,1,24.9,8,24.95,3,2,2022-07-20 09:29:53
1658309395492314000,24.95,1,24.9,3,24.95,3,1,2022-07-20 09:29:55
1658309396169646000,24.9,1,24.9,3,24.95,3,2,2022-07-20 09:29:56
1658309398330790000,24.95,4,24.9,9,25.0,6,1,2022-07-20 09:29:58
1658309398394107000,25.0,5,24.9,9,25.0,2,1,2022-07-20 09:29:58
1658309398425707000,25.0,2,24.9,9,25.0,7,1,2022-07-20 09:29:58
1658309402461332000,25.0,5,25.0,5,25.05,1,2,2022-07-20 09:30:02
1658309404871931000,24.95,1,24.95,1,25.0,3,2,2022-07-20 09:30:04
1658309405839778000,25.0,3,24.9,6,25.05,1,1,2022-07-20 09:30:05
1658309405839778000,25.05,1,24.9,6,25.05,1,1,2022-07-20 09:30:05
1658309407303767000,25.0,1,24.9,12,25.0,4,1,2022-07-20 09:30:07
1658309410398974000,25.0,1,24.9,14,25.0,3,1,2022-07-20 09:30:10
1658309410864716000,24.95,1,24.9,14,25.0,2,1,2022-07-20 09:30:10
1658309410864716000,25.0,1,24.9,14,25.0,2,1,2022-07-20 09:30:10
1658309411708070000,25.0,2,24.9,14,25.05,8,1,2022-07-20 09:30:11
1658309414256413000,25.0,1,25.0,1,25.05,11,2,2022-07-20 09:30:14
1658309414257155000,25.0,1,24.9,14,25.0,1,2,2022-07-20 09:30:14
1658309415092508000,25.0,1,24.9,14,25.0,1,1,2022-07-20 09:30:15
1658309417470229000,24.95,4,24.9,14,25.0,5,2,2022-07-20 09:30:17
1658309420557001000,24.9,3,24.9,10,25.0,10,2,2022-07-20 09:30:20
1658309420587302000,24.9,2,24.9,8,25.0,10,2,2022-07-20 09:30:20
1658309420590957000,24.9,1,24.9,7,25.0,10,2,2022-07-20 09:30:20
1658309420618399000,24.9,7,24.85,31,25.0,10,2,2022-07-20 09:30:20
1658309426240502000,24.9,1,24.9,4,24.95,4,1,2022-07-20 09:30:26
1658309426604900000,24.95,1,24.9,4,24.95,3,1,2022-07-20 09:30:26
1658309435881170000,24.9,5,24.85,26,24.95,7,2,2022-07-20 09:30:35
1658309435881170000,24.85,5,24.85,26,24.95,7,2,2022-07-20 09:30:35
1658309439108309000,24.9,2,24.9,1,24.95,5,1,2022-07-20 09:30:39
1658309439827539000,24.9,1,24.85,27,24.95,5,2,2022-07-20 09:30:39
1658309446959019000,24.9,1,24.9,2,24.95,5,2,2022-07-20 09:30:46
1658309450672093000,24.95,1,24.9,4,24.95,6,1,2022-07-20 09:30:50
1658309451197624000,24.9,4,24.85,27,24.9,1,2,2022-07-20 09:30:51
1658309455230104000,24.85,1,24.85,26,24.9,1,2,2022-07-20 09:30:55
1658309457571403000,24.9,1,24.85,26,24.95,8,1,2022-07-20 09:30:57
1658309458552336000,24.9,1,24.85,26,24.95,8,1,2022-07-20 09:30:58
1658309458870298000,24.9,1,24.85,26,24.95,8,1,2022-07-20 09:30:58
1658309463535955000,24.95,8,24.85,26,25.0,11,1,2022-07-20 09:31:03
1658309466465126000,25.0,11,24.85,26,25.05,9,1,2022-07-20 09:31:06
1658309476219698000,25.05,1,25.0,3,25.05,7,1,2022-07-20 09:31:16
1658309478711115000,25.05,1,25.0,5,25.05,6,1,2022-07-20 09:31:18
1658309479746590000,25.05,3,25.0,9,25.05,3,1,2022-07-20 09:31:19
1658309479943471000,25.05,1,25.0,9,25.05,2,1,2022-07-20 09:31:19
1658309480839950000,25.05,1,25.0,10,25.05,2,1,2022-07-20 09:31:20
1658309480878901000,25.05,2,25.0,10,25.1,8,1,2022-07-20 09:31:20
1658309482210560000,25.1,1,25.0,10,25.1,6,1,2022-07-20 09:31:22
1658309487381373000,25.1,1,25.05,3,25.1,6,1,2022-07-20 09:31:27
1658309487548994000,25.05,1,25.05,2,25.1,5,2,2022-07-20 09:31:27
1658309487579094000,25.05,2,25.0,11,25.1,5,2,2022-07-20 09:31:27
1658309488854654000,25.1,2,25.0,11,25.1,3,1,2022-07-20 09:31:28
1658309490637796000,25.1,2,25.05,1,25.1,2,1,2022-07-20 09:31:30
1658309492901167000,25.1,1,25.05,14,25.1,1,1,2022-07-20 09:31:32
1658309495683571000,25.1,1,25.05,14,25.15,10,1,2022-07-20 09:31:35
1658309495993452000,25.1,1,25.05,14,25.15,10,2,2022-07-20 09:31:35
1658309496229586000,25.15,1,25.05,14,25.15,9,1,2022-07-20 09:31:36
1658309496270219000,25.1,1,25.05,14,25.15,9,2,2022-07-20 09:31:36
1658309496458263000,25.15,1,25.05,14,25.15,8,1,2022-07-20 09:31:36
1658309496809357000,25.1,1,25.05,14,25.15,8,1,2022-07-20 09:31:36
1658309500784535000,25.1,1,25.1,1,25.15,8,2,2022-07-20 09:31:40
1658309501986927000,25.1,1,25.05,15,25.15,9,2,2022-07-20 09:31:41
1658309502020012000,25.05,15,25.0,9,25.15,9,2,2022-07-20 09:31:42
1658309503260281000,25.05,1,25.05,9,25.1,5,2,2022-07-20 09:31:43
1658309503290913000,25.05,3,25.05,6,25.1,5,2,2022-07-20 09:31:43
1658309503291783000,25.05,6,25.05,10,25.1,5,2,2022-07-20 09:31:43
1658309504718739000,25.1,1,25.0,19,25.1,4,1,2022-07-20 09:31:44
1658309505743108000,25.0,19,24.9,12,25.0,8,2,2022-07-20 09:31:45
1658309508971982000,24.9,1,24.9,12,25.0,10,2,2022-07-20 09:31:48
1658309512951081000,24.9,1,24.9,12,25.0,10,2,2022-07-20 09:31:52
1658309516119662000,24.9,2,24.9,10,24.95,2,2,2022-07-20 09:31:56
1658309516152352000,24.9,4,24.9,6,24.95,2,2,2022-07-20 09:31:56
1658309516440925000,24.95,2,24.9,12,24.95,2,1,2022-07-20 09:31:56
1658309516440925000,25.0,1,24.9,12,24.95,2,1,2022-07-20 09:31:56
1658309522369872000,24.95,1,24.9,9,25.0,13,1,2022-07-20 09:32:02
1658309522369872000,25.0,3,24.9,9,25.0,13,1,2022-07-20 09:32:02
1658309523568302000,24.95,1,24.9,9,24.95,5,1,2022-07-20 09:32:03
1658309527111118000,24.95,4,24.9,9,24.95,2,1,2022-07-20 09:32:07
1658309527441181000,24.9,9,24.85,35,24.9,1,2,2022-07-20 09:32:07
1658309528588643000,24.9,1,24.85,35,24.95,1,1,2022-07-20 09:32:08
1658309528588643000,24.95,1,24.85,35,24.95,1,1,2022-07-20 09:32:08
1658309533499575000,24.9,1,24.9,9,24.95,3,2,2022-07-20 09:32:13
1658309535397110000,24.9,1,24.9,8,24.95,3,2,2022-07-20 09:32:15
1658309537355484000,24.9,1,24.9,7,24.95,3,2,2022-07-20 09:32:17
1658309538402231000,24.9,1,24.9,7,24.95,3,2,2022-07-20 09:32:18
1658309538744021000,24.9,2,24.9,4,24.95,1,2,2022-07-20 09:32:18
1658309540001676000,24.95,2,24.9,4,25.0,8,1,2022-07-20 09:32:20
1658309540925054000,24.9,1,24.9,3,25.0,8,2,2022-07-20 09:32:20
1658309541028745000,24.9,3,24.85,40,24.9,1,2,2022-07-20 09:32:21
1658309541574925000,24.85,1,24.85,39,24.9,1,2,2022-07-20 09:32:21
1658309544928194000,24.9,1,24.85,40,24.9,6,1,2022-07-20 09:32:24
1658309546092306000,24.85,1,24.85,39,24.9,6,2,2022-07-20 09:32:26
1658309548400847000,24.9,6,24.85,39,25.0,4,1,2022-07-20 09:32:28
1658309548400847000,25.0,4,24.85,39,25.0,4,1,2022-07-20 09:32:28
1658309562947107000,24.9,2,24.9,9,25.0,6,2,2022-07-20 09:32:42
1658309565364732000,24.9,1,24.9,16,25.0,6,2,2022-07-20 09:32:45
1658309582656505000,25.0,5,24.9,26,25.0,1,1,2022-07-20 09:33:02
1658309582679764000,25.0,1,24.9,26,25.05,6,1,2022-07-20 09:33:02
1658309595013638000,25.0,1,24.95,3,25.05,7,1,2022-07-20 09:33:15
1658309598171609000,25.0,1,25.0,1,25.05,7,2,2022-07-20 09:33:18
1658309598201739000,25.0,1,24.95,3,25.05,7,2,2022-07-20 09:33:18
1658309603648650000,25.0,1,25.0,1,25.05,7,2,2022-07-20 09:33:23
1658309603685179000,25.0,1,24.95,3,25.05,7,2,2022-07-20 09:33:23
1658309603767516000,25.05,1,24.95,3,25.05,6,1,2022-07-20 09:33:23
1658309604854637000,24.95,1,24.95,2,25.05,6,2,2022-07-20 09:33:24
1658309615962610000,24.95,1,24.95,1,25.0,1,2,2022-07-20 09:33:35
1658309618271649000,25.0,1,24.95,1,25.05,6,1,2022-07-20 09:33:38
1658309627443044000,25.0,1,24.95,1,25.0,1,1,2022-07-20 09:33:47
1658309628604483000,25.0,1,25.0,1,25.05,5,1,2022-07-20 09:33:48
1658309630633904000,25.0,1,24.95,1,25.05,5,2,2022-07-20 09:33:50
1658309634421465000,24.95,1,24.9,28,25.0,1,2,2022-07-20 09:33:54
1658309645764649000,24.95,1,24.95,1,25.0,2,2,2022-07-20 09:34:05
1658309651178925000,24.95,1,24.95,5,25.0,3,2,2022-07-20 09:34:11
1658309652431653000,24.95,1,24.95,4,25.0,3,2,2022-07-20 09:34:12
1658309658052712000,24.95,2,24.95,8,25.0,3,2,2022-07-20 09:34:18
1658309660235466000,24.95,1,24.95,7,25.0,3,2,2022-07-20 09:34:20
1658309662193886000,24.95,1,24.95,6,25.0,3,2,2022-07-20 09:34:22
1658309665414704000,25.0,3,25.0,7,25.05,7,1,2022-07-20 09:34:25
1658309678591345000,25.0,2,25.0,7,25.05,7,2,2022-07-20 09:34:38
1658309680633414000,25.05,5,25.0,7,25.05,2,1,2022-07-20 09:34:40
1658309680667161000,25.05,2,25.0,7,25.1,9,1,2022-07-20 09:34:40
1658309681170036000,25.0,1,25.0,12,25.1,9,2,2022-07-20 09:34:41
1658309681675805000,25.0,1,25.0,12,25.1,9,2,2022-07-20 09:34:41
1658309682062762000,25.05,1,25.0,12,25.1,9,1,2022-07-20 09:34:42
1658309684555159000,25.0,1,25.0,12,25.05,4,2,2022-07-20 09:34:44
1658309684582446000,25.05,4,25.0,12,25.1,9,1,2022-07-20 09:34:44
1658309686129177000,25.05,1,25.0,12,25.05,1,1,2022-07-20 09:34:46
1658309686162293000,25.05,1,25.0,12,25.1,9,1,2022-07-20 09:34:46
1658309686589777000,25.1,1,25.0,12,25.1,8,1,2022-07-20 09:34:46
1658309689296750000,25.0,1,25.0,11,25.1,8,2,2022-07-20 09:34:49
1658309696700024000,25.05,1,25.05,5,25.1,9,2,2022-07-20 09:34:56
1658309706264321000,25.05,2,25.05,3,25.1,9,2,2022-07-20 09:35:06
1658309708597601000,25.05,3,25.0,16,25.05,2,2,2022-07-20 09:35:08
1658309708640832000,25.05,2,25.0,16,25.1,9,1,2022-07-20 09:35:08
1658309709227735000,25.05,1,25.0,15,25.1,9,1,2022-07-20 09:35:09
1658309715494425000,25.05,1,25.0,15,25.05,1,1,2022-07-20 09:35:15
1658309716815714000,25.05,1,25.05,4,25.1,9,1,2022-07-20 09:35:16
1658309716843089000,25.1,1,25.05,4,25.1,8,1,2022-07-20 09:35:16
1658309718235130000,25.05,1,25.05,4,25.1,8,2,2022-07-20 09:35:18
1658309720334341000,25.05,1,25.05,3,25.1,8,2,2022-07-20 09:35:20
1658309723322272000,25.05,2,25.05,2,25.1,8,2,2022-07-20 09:35:23
1658309725343691000,25.05,2,25.0,14,25.1,9,2,2022-07-20 09:35:25
1658309736910031000,25.0,1,25.0,13,25.05,10,2,2022-07-20 09:35:36
1658309741434749000,25.0,13,24.85,37,25.05,11,2,2022-07-20 09:35:41
1658309741434749000,24.95,6,24.85,37,25.05,11,2,2022-07-20 09:35:41
1658309741434749000,24.9,27,24.85,37,25.05,11,2,2022-07-20 09:35:41
1658309741434749000,24.85,19,24.85,37,25.05,11,2,2022-07-20 09:35:41
1658309756245941000,24.85,1,24.85,36,24.9,9,2,2022-07-20 09:35:56
1658309760257731000,24.85,14,24.85,22,24.9,19,2,2022-07-20 09:36:00
1658309762233106000,24.85,1,24.85,21,24.9,19,2,2022-07-20 09:36:02
1658309762596826000,24.85,3,24.85,18,24.9,19,2,2022-07-20 09:36:02
1658309762679602000,24.85,5,24.85,13,24.9,19,2,2022-07-20 09:36:02
1658309762705169000,24.85,2,24.85,11,24.9,19,2,2022-07-20 09:36:02
1658309763227753000,24.85,1,24.85,10,24.9,19,2,2022-07-20 09:36:03
1658309763674957000,24.85,1,24.85,9,24.9,19,2,2022-07-20 09:36:03
1658309764476548000,24.85,1,24.85,8,24.9,19,2,2022-07-20 09:36:04
1658309764531897000,24.85,3,24.85,5,24.9,19,2,2022-07-20 09:36:04
1658309764823889000,24.85,3,24.85,2,24.9,19,2,2022-07-20 09:36:04
1658309764995157000,24.85,1,24.85,1,24.9,19,2,2022-07-20 09:36:04
1658309765031266000,24.85,1,24.8,10,24.9,19,2,2022-07-20 09:36:05
1658309769280725000,24.85,1,24.8,10,24.85,1,1,2022-07-20 09:36:09
1658309769309421000,24.85,1,24.8,10,24.9,19,1,2022-07-20 09:36:09
1658309780331418000,24.85,1,24.8,10,24.9,14,1,2022-07-20 09:36:20
1658309780578269000,24.9,10,24.8,10,24.9,4,1,2022-07-20 09:36:20
1658309780620348000,24.9,4,24.8,10,25.0,1,1,2022-07-20 09:36:20
1658309791521416000,24.9,1,24.85,21,24.95,2,1,2022-07-20 09:36:31
1658309802009626000,24.9,1,24.85,21,24.9,2,2,2022-07-20 09:36:42
1658309811095686000,24.85,1,24.85,20,24.9,7,2,2022-07-20 09:36:51
1658309813047107000,24.85,1,24.85,19,24.9,8,2,2022-07-20 09:36:53
1658309814604864000,24.85,2,24.85,17,24.9,8,2,2022-07-20 09:36:54
1658309814682220000,24.85,10,24.85,7,24.9,8,2,2022-07-20 09:36:54
1658309814707815000,24.85,5,24.85,2,24.9,8,2,2022-07-20 09:36:54
1658309814708086000,24.85,2,24.8,11,24.9,8,2,2022-07-20 09:36:54
1658309815708075000,24.8,2,24.8,9,24.85,1,2,2022-07-20 09:36:55
1658309817178160000,24.8,1,24.8,8,24.85,13,2,2022-07-20 09:36:57
1658309817316856000,24.8,2,24.8,6,24.85,13,2,2022-07-20 09:36:57
1658309817347969000,24.8,3,24.8,3,24.85,13,2,2022-07-20 09:36:57
1658309817378542000,24.8,2,24.8,1,24.85,13,2,2022-07-20 09:36:57
1658309817379034000,24.8,1,24.75,3,24.85,13,2,2022-07-20 09:36:57
1658309825437750000,24.8,1,24.75,4,24.8,6,1,2022-07-20 09:37:05
1658309828565384000,24.75,5,24.7,19,24.8,8,2,2022-07-20 09:37:08
1658309828565384000,24.7,9,24.7,19,24.8,8,2,2022-07-20 09:37:08
1658309832916968000,24.7,2,24.7,17,24.8,8,2,2022-07-20 09:37:12
1658309835688232000,24.75,5,24.7,17,24.8,3,1,2022-07-20 09:37:15
1658309836516339000,24.7,1,24.7,16,24.8,3,2,2022-07-20 09:37:16
1658309836753763000,24.8,3,24.7,17,24.9,1,1,2022-07-20 09:37:16
1658309837488819000,24.7,1,24.7,16,24.9,1,2,2022-07-20 09:37:17
1658309840065484000,24.75,1,24.75,3,24.9,1,2,2022-07-20 09:37:20
1658309845143095000,24.75,1,24.75,2,24.85,1,2,2022-07-20 09:37:25
1658309847803810000,24.8,1,24.8,1,24.85,2,2,2022-07-20 09:37:27
1658309847844305000,24.8,1,24.75,2,24.85,2,2,2022-07-20 09:37:27
1658309847944802000,24.8,1,24.75,2,24.85,2,1,2022-07-20 09:37:27
1658309864648167000,24.8,1,24.8,2,24.85,4,2,2022-07-20 09:37:44
1658309864840821000,24.8,2,24.75,3,24.8,7,2,2022-07-20 09:37:44
1658309870341658000,24.75,1,24.7,7,24.8,8,2,2022-07-20 09:37:50
1658309870341658000,24.7,9,24.7,7,24.8,8,2,2022-07-20 09:37:50
1658309879518592000,24.7,1,24.7,7,24.75,6,2,2022-07-20 09:37:59
1658309886632798000,24.75,1,24.7,11,24.75,5,1,2022-07-20 09:38:06
1658309886662100000,24.75,1,24.7,11,24.75,4,1,2022-07-20 09:38:06
1658309886692824000,24.75,4,24.7,11,24.8,9,1,2022-07-20 09:38:06
1658309889201187000,24.7,1,24.7,10,24.8,9,2,2022-07-20 09:38:09
1658309907767589000,24.75,2,24.7,9,24.8,8,2,2022-07-20 09:38:27
1658309907767589000,24.7,3,24.7,9,24.8,8,2,2022-07-20 09:38:27
1658309911891096000,24.7,1,24.7,8,24.75,1,2,2022-07-20 09:38:31
1658309912836403000,24.7,1,24.7,7,24.75,1,2,2022-07-20 09:38:32
1658309913301463000,24.7,1,24.7,6,24.75,1,2,2022-07-20 09:38:33
1658309921621292000,24.7,7,24.65,4,24.75,2,2,2022-07-20 09:38:41
1658309924824182000,24.65,1,24.65,3,24.75,2,2,2022-07-20 09:38:44
1658309924865975000,24.65,3,24.6,9,24.75,2,2,2022-07-20 09:38:44
1658309934743881000,24.7,1,24.6,9,24.7,1,1,2022-07-20 09:38:54
1658309957969956000,24.65,1,24.65,2,24.7,32,2,2022-07-20 09:39:17
1658309966132961000,24.7,1,24.65,2,24.75,2,1,2022-07-20 09:39:26
1658309967464397000,24.65,1,24.65,1,24.75,1,2,2022-07-20 09:39:27
1658309970504819000,24.65,1,24.65,1,24.75,1,2,2022-07-20 09:39:30
1658309981143252000,24.65,1,24.6,6,24.65,12,2,2022-07-20 09:39:41
1658309987756741000,24.65,1,24.6,6,24.65,12,1,2022-07-20 09:39:47
1658309987907193000,24.65,1,24.6,6,24.65,11,1,2022-07-20 09:39:47
1658309987934694000,24.65,6,24.6,6,24.65,5,1,2022-07-20 09:39:47
1658309987965407000,24.65,5,24.6,6,24.75,3,1,2022-07-20 09:39:47
1658309990240231000,24.65,1,24.55,1,24.75,3,2,2022-07-20 09:39:50
1658309990240231000,24.6,6,24.55,1,24.75,3,2,2022-07-20 09:39:50
1658309990240231000,24.55,7,24.55,1,24.75,3,2,2022-07-20 09:39:50
1658309995889398000,24.55,1,24.55,6,24.75,3,2,2022-07-20 09:39:55
1658309995985312000,24.55,1,24.55,5,24.7,1,2,2022-07-20 09:39:55
1658310002337697000,24.55,2,24.55,2,24.65,5,2,2022-07-20 09:40:02
1658310002367266000,24.55,2,24.5,17,24.65,5,2,2022-07-20 09:40:02
1658310010891047000,24.55,1,24.5,17,24.55,1,1,2022-07-20 09:40:10
1658310010925508000,24.55,1,24.5,17,24.65,5,1,2022-07-20 09:40:10
1658310030468474000,24.6,1,24.55,3,24.65,5,2,2022-07-20 09:40:30
1658310030468474000,24.55,1,24.55,3,24.65,5,2,2022-07-20 09:40:30
1658310033607869000,24.55,2,24.55,6,24.6,1,2,2022-07-20 09:40:33
1658310033638023000,24.55,1,24.55,5,24.6,1,2,2022-07-20 09:40:33
1658310039552480000,24.55,1,24.55,4,24.6,1,2,2022-07-20 09:40:39
1658310043094434000,24.55,1,24.55,3,24.6,1,2,2022-07-20 09:40:43
1658310051126059000,24.6,1,24.55,6,24.65,5,2,2022-07-20 09:40:51
1658310055568278000,24.6,1,24.55,6,24.65,5,1,2022-07-20 09:40:55
1658310062843389000,24.6,1,24.55,4,24.6,1,2,2022-07-20 09:41:02
1658310066236178000,24.55,1,24.55,3,24.6,1,2,2022-07-20 09:41:06
1658310073245031000,24.55,1,24.55,2,24.6,2,2,2022-07-20 09:41:13
1658310093194611000,24.55,3,24.5,15,24.55,3,2,2022-07-20 09:41:33
1658310097894692000,24.55,2,24.5,15,24.55,3,1,2022-07-20 09:41:37
1658310099755290000,24.55,1,24.5,15,24.55,2,1,2022-07-20 09:41:39
1658310099798042000,24.5,2,24.5,13,24.55,2,2,2022-07-20 09:41:39
1658310104992326000,24.5,1,24.5,12,24.55,3,2,2022-07-20 09:41:44
1658310105679071000,24.55,1,24.5,12,24.55,2,1,2022-07-20 09:41:45
1658310112354589000,24.5,1,24.5,11,24.55,5,2,2022-07-20 09:41:52
1658310158062703000,24.5,1,24.5,9,24.55,7,2,2022-07-20 09:42:38
1658310177545116000,24.55,3,24.5,14,24.55,4,1,2022-07-20 09:42:57
1658310180849701000,24.55,2,24.5,14,24.55,2,1,2022-07-20 09:43:00
1658310183211482000,24.55,1,24.5,14,24.55,1,1,2022-07-20 09:43:03
1658310184922461000,24.55,1,24.5,14,24.75,3,1,2022-07-20 09:43:04
1658310185821964000,24.75,1,24.5,15,24.75,2,1,2022-07-20 09:43:05
1658310219453735000,24.75,1,24.55,4,24.75,3,1,2022-07-20 09:43:39
1658310220021717000,24.7,1,24.55,4,24.75,3,2,2022-07-20 09:43:40
1658310245738173000,24.55,1,24.55,3,24.65,1,2,2022-07-20 09:44:05
1658310265299094000,24.55,2,24.55,2,24.7,1,2,2022-07-20 09:44:25
1658310265334375000,24.55,2,24.5,17,24.7,1,2,2022-07-20 09:44:25
1658310289796854000,24.55,1,24.5,16,24.65,3,2,2022-07-20 09:44:49
1658310313957847000,24.6,1,24.6,9,24.65,3,2,2022-07-20 09:45:13
1658310324124871000,24.6,2,24.6,7,24.65,3,2,2022-07-20 09:45:24
1658310324157353000,24.6,7,24.55,3,24.65,3,2,2022-07-20 09:45:24
1658310351617624000,24.55,2,24.55,1,24.6,1,2,2022-07-20 09:45:51
1658310351650346000,24.55,1,24.5,14,24.6,1,2,2022-07-20 09:45:51
1658310400544686000,24.6,1,24.55,2,24.65,3,1,2022-07-20 09:46:40
1658310404665976000,24.55,1,24.55,1,24.65,3,2,2022-07-20 09:46:44
1658310422642667000,24.55,1,24.5,16,24.6,1,2,2022-07-20 09:47:02
1658310457698441000,24.55,1,24.55,1,24.6,3,2,2022-07-20 09:47:37
1658310462500912000,24.55,1,24.5,16,24.6,3,2,2022-07-20 09:47:42
1658310469665979000,24.55,1,24.5,2,24.6,3,2,2022-07-20 09:47:49
1658310469665979000,24.5,14,24.5,2,24.6,3,2,2022-07-20 09:47:49
1658310469688646000,24.5,2,24.45,12,24.6,3,2,2022-07-20 09:47:49
1658310486353667000,24.45,1,24.45,6,24.6,3,2,2022-07-20 09:48:06
1658310488609981000,24.45,1,24.45,5,24.6,3,2,2022-07-20 09:48:08
1658310491929425000,24.45,1,24.45,4,24.6,5,2,2022-07-20 09:48:11
1658310507082260000,24.45,1,24.45,3,24.6,5,2,2022-07-20 09:48:27
1658310507109345000,24.45,1,24.45,2,24.6,5,2,2022-07-20 09:48:27
1658310508570364000,24.45,1,24.45,1,24.6,5,2,2022-07-20 09:48:28
1658310508603024000,24.45,1,24.4,6,24.6,5,2,2022-07-20 09:48:28
1658310542803865000,24.5,1,24.45,9,24.55,1,2,2022-07-20 09:49:02
1658310595632403000,24.5,2,24.45,6,24.55,2,1,2022-07-20 09:49:55
1658310597197855000,24.55,2,24.45,6,24.6,6,1,2022-07-20 09:49:57
1658310597402949000,24.45,1,24.45,5,24.6,6,2,2022-07-20 09:49:57
1658310606088586000,24.5,1,24.5,1,24.6,5,2,2022-07-20 09:50:06
1658310639580388000,24.45,1,24.45,7,24.6,6,2,2022-07-20 09:50:39
1658310655850982000,24.5,1,24.45,7,24.6,6,2,2022-07-20 09:50:55
1658310712700742000,24.45,1,24.45,5,24.55,2,2,2022-07-20 09:51:52
1658310729088657000,24.45,1,24.45,4,24.55,1,2,2022-07-20 09:52:09
1658310729123885000,24.45,4,24.4,7,24.55,1,2,2022-07-20 09:52:09
1658310746473214000,24.45,2,24.45,3,24.55,2,2,2022-07-20 09:52:26
1658310817043358000,24.5,1,24.45,7,24.55,1,1,2022-07-20 09:53:37
1658310826062113000,24.55,1,24.45,7,24.6,5,1,2022-07-20 09:53:46
1658310874900651000,24.55,1,24.5,1,24.55,1,1,2022-07-20 09:54:34
1658310885072584000,24.55,1,24.5,1,24.6,5,1,2022-07-20 09:54:45
1658310893226140000,24.55,1,24.5,1,24.6,5,2,2022-07-20 09:54:53
1658310900848783000,24.55,1,24.5,1,24.6,5,1,2022-07-20 09:55:00
1658310932478655000,24.55,1,24.5,3,24.6,5,2,2022-07-20 09:55:32
1658310989137202000,24.6,1,24.55,3,24.6,4,1,2022-07-20 09:56:29
1658310990011854000,24.6,1,24.55,4,24.6,3,1,2022-07-20 09:56:30
1658310991137959000,24.6,3,24.6,2,24.65,3,1,2022-07-20 09:56:31
1658311007528819000,24.6,3,24.45,8,24.65,3,2,2022-07-20 09:56:47
1658311007528819000,24.55,3,24.45,8,24.65,3,2,2022-07-20 09:56:47
1658311007528819000,24.5,13,24.45,8,24.65,3,2,2022-07-20 09:56:47
1658311007528819000,24.45,1,24.45,8,24.65,3,2,2022-07-20 09:56:47
1658311052583048000,24.55,1,24.5,10,24.6,3,2,2022-07-20 09:57:32
1658311086923903000,24.55,1,24.5,9,24.6,5,2,2022-07-20 09:58:06
1658311098306557000,24.55,1,24.5,11,24.6,3,2,2022-07-20 09:58:18
1658311126440623000,24.5,5,24.5,7,24.55,5,2,2022-07-20 09:58:46
1658311132668187000,24.5,4,24.5,3,24.55,5,2,2022-07-20 09:58:52
1658311132668334000,24.5,2,24.5,1,24.55,5,2,2022-07-20 09:58:52
1658311132698727000,24.5,1,24.45,11,24.55,5,2,2022-07-20 09:58:52
1658311133467034000,24.45,3,24.45,7,24.55,5,2,2022-07-20 09:58:53
1658311133508168000,24.45,2,24.45,7,24.55,6,2,2022-07-20 09:58:53
1658311146801230000,24.45,5,24.4,8,24.55,6,2,2022-07-20 09:59:06
1658311195603505000,24.5,1,24.5,4,24.55,5,2,2022-07-20 09:59:55
1658311197481766000,24.5,4,24.45,14,24.5,1,2,2022-07-20 09:59:57
1658311212580929000,24.5,2,24.45,15,24.55,5,1,2022-07-20 10:00:12
1658311216286318000,24.55,1,24.5,1,24.55,4,1,2022-07-20 10:00:16
1658311222850129000,24.55,4,24.5,1,24.6,3,1,2022-07-20 10:00:22
1658311223607747000,24.6,3,24.5,8,24.6,3,1,2022-07-20 10:00:23
1658311256678575000,24.6,1,24.55,10,24.6,2,1,2022-07-20 10:00:56
1658311267048189000,24.6,1,24.55,10,24.6,2,1,2022-07-20 10:01:07
1658311279012405000,24.6,1,24.5,7,24.6,2,1,2022-07-20 10:01:19
1658311281303431000,24.6,1,24.5,7,24.6,1,1,2022-07-20 10:01:21
1658311311106342000,24.55,1,24.5,7,24.55,1,2,2022-07-20 10:01:51
1658311324558853000,24.55,1,24.5,7,24.6,1,1,2022-07-20 10:02:04
1658311364543155000,24.6,1,24.55,10,24.65,3,1,2022-07-20 10:02:44
1658311381835526000,24.55,1,24.55,9,24.6,2,2,2022-07-20 10:03:01
1658311382034729000,24.55,1,24.55,8,24.6,1,2,2022-07-20 10:03:02
1658311382534582000,24.55,1,24.55,7,24.6,1,2,2022-07-20 10:03:02
1658311382560824000,24.55,5,24.55,2,24.6,1,2,2022-07-20 10:03:02
1658311382560878000,24.55,2,24.5,8,24.6,1,2,2022-07-20 10:03:02
1658311384115662000,24.5,1,24.5,7,24.55,3,2,2022-07-20 10:03:04
1658311387195065000,24.5,1,24.5,6,24.55,4,2,2022-07-20 10:03:07
1658311387215280000,24.5,6,24.45,19,24.55,4,2,2022-07-20 10:03:07
1658311424831239000,24.5,1,24.45,20,24.5,5,1,2022-07-20 10:03:44
1658311431452313000,24.45,1,24.45,19,24.5,5,2,2022-07-20 10:03:51
1658311484016394000,24.5,1,24.45,16,24.6,1,2,2022-07-20 10:04:44
1658311485128981000,24.5,1,24.5,5,24.6,1,1,2022-07-20 10:04:45
1658311604387383000,24.55,1,24.5,2,24.6,4,2,2022-07-20 10:06:44
1658311641527172000,24.5,1,24.5,1,24.55,1,2,2022-07-20 10:07:21
1658311641557968000,24.5,1,24.45,19,24.55,1,2,2022-07-20 10:07:21
1658311648572616000,24.5,1,24.45,19,24.55,1,2,2022-07-20 10:07:28
1658311695527453000,24.45,12,24.45,7,24.5,1,2,2022-07-20 10:08:15
1658311695557970000,24.45,7,24.4,8,24.5,1,2,2022-07-20 10:08:15
1658311700022990000,24.4,1,24.4,7,24.45,4,2,2022-07-20 10:08:20
1658311711736439000,24.4,7,24.3,3,24.45,4,2,2022-07-20 10:08:31
1658311711736439000,24.35,3,24.3,3,24.45,4,2,2022-07-20 10:08:31
1658311711736439000,24.3,4,24.3,3,24.45,4,2,2022-07-20 10:08:31
1658311711914306000,24.3,3,24.25,2,24.45,4,2,2022-07-20 10:08:31
1658311711924355000,24.25,2,24.2,36,24.45,4,2,2022-07-20 10:08:31
1658311711924355000,24.2,1,24.2,36,24.45,4,2,2022-07-20 10:08:31
1658311712122259000,24.2,1,24.2,31,24.4,1,2,2022-07-20 10:08:32
1658311712238600000,24.2,1,24.2,30,24.4,1,2,2022-07-20 10:08:32
1658311724882968000,24.2,3,24.2,27,24.4,1,2,2022-07-20 10:08:44
1658311728684530000,24.4,1,24.4,4,24.45,4,1,2022-07-20 10:08:48
1658311729533536000,24.4,2,24.4,2,24.45,4,2,2022-07-20 10:08:49
1658311730400367000,24.4,1,24.4,1,24.45,4,2,2022-07-20 10:08:50
1658311731742552000,24.4,1,24.2,39,24.45,4,2,2022-07-20 10:08:51
1658311733450989000,24.2,10,24.2,30,24.45,3,2,2022-07-20 10:08:53
1658311752810027000,24.25,1,24.2,30,24.45,3,2,2022-07-20 10:09:12
1658311763721748000,24.3,1,24.25,3,24.3,2,2,2022-07-20 10:09:23
1658311763753072000,24.3,2,24.25,3,24.5,1,1,2022-07-20 10:09:23
1658311765090718000,24.25,1,24.25,3,24.5,1,2,2022-07-20 10:09:25
1658311787484774000,24.3,1,24.3,2,24.45,1,2,2022-07-20 10:09:47
1658311812574739000,24.3,1,24.3,3,24.45,1,2,2022-07-20 10:10:12
1658311895380049000,24.35,2,24.35,3,24.45,2,2,2022-07-20 10:11:35
1658311912755697000,24.35,1,24.3,12,24.45,2,2,2022-07-20 10:11:52
1658312025784625000,24.35,1,24.35,4,24.45,2,2,2022-07-20 10:13:45
1658312153629006000,24.4,1,24.35,3,24.45,3,2,2022-07-20 10:15:53
1658312193802718000,24.35,1,24.35,2,24.4,2,2,2022-07-20 10:16:33
1658312193833198000,24.35,2,24.3,16,24.4,2,2,2022-07-20 10:16:33
1658312206496854000,24.3,1,24.3,15,24.4,2,2,2022-07-20 10:16:46
1658312216481803000,24.35,1,24.3,15,24.4,2,2,2022-07-20 10:16:56
1658312217128742000,24.4,1,24.3,15,24.4,1,1,2022-07-20 10:16:57
1658312221350989000,24.35,1,24.35,4,24.4,1,1,2022-07-20 10:17:01
1658312229066677000,24.35,1,24.35,3,24.4,2,2,2022-07-20 10:17:09
1658312229101987000,24.35,3,24.3,14,24.4,2,2,2022-07-20 10:17:09
1658312243072605000,24.3,2,24.3,12,24.4,2,2,2022-07-20 10:17:23
1658312255682867000,24.3,2,24.3,10,24.35,1,2,2022-07-20 10:17:35
1658312276195637000,24.35,1,24.3,11,24.4,3,1,2022-07-20 10:17:56
1658312307620669000,24.35,1,24.3,9,24.4,3,2,2022-07-20 10:18:27
1658312307620669000,24.3,2,24.3,9,24.4,3,2,2022-07-20 10:18:27
1658312333025880000,24.4,1,24.35,2,24.4,2,1,2022-07-20 10:18:53
1658312333052005000,24.4,2,24.35,2,24.45,2,1,2022-07-20 10:18:53
1658312334271612000,24.45,2,24.45,4,24.5,8,1,2022-07-20 10:18:54
1658312357765439000,24.45,1,24.45,3,24.5,8,2,2022-07-20 10:19:17
1658312357800698000,24.45,3,24.4,1,24.5,8,2,2022-07-20 10:19:17
1658312427942935000,24.4,1,24.35,10,24.45,5,2,2022-07-20 10:20:27
1658312466425625000,24.35,1,24.35,9,24.4,1,2,2022-07-20 10:21:06
1658312467432029000,24.35,1,24.35,7,24.4,2,2,2022-07-20 10:21:07
1658312467461029000,24.35,7,24.3,13,24.4,2,2,2022-07-20 10:21:07
1658312467767744000,24.3,1,24.3,11,24.4,3,2,2022-07-20 10:21:07
1658312467795038000,24.3,11,24.25,15,24.4,3,2,2022-07-20 10:21:07
1658312486034974000,24.3,1,24.25,13,24.35,1,2,2022-07-20 10:21:26
1658312499320283000,24.35,2,24.25,13,24.4,1,1,2022-07-20 10:21:39
1658312508485567000,24.3,1,24.25,13,24.3,1,1,2022-07-20 10:21:48
1658312508487312000,24.3,1,24.25,13,24.35,1,1,2022-07-20 10:21:48
1658312530740358000,24.3,1,24.25,13,24.35,3,2,2022-07-20 10:22:10
1658312547266063000,24.3,1,24.25,13,24.35,3,2,2022-07-20 10:22:27
1658312560443046000,24.35,3,24.25,13,24.45,5,1,2022-07-20 10:22:40
1658312641108252000,24.35,2,24.3,4,24.35,1,1,2022-07-20 10:24:01
1658312645642184000,24.35,1,24.3,4,24.4,3,1,2022-07-20 10:24:05
1658312645642184000,24.4,1,24.3,4,24.4,3,1,2022-07-20 10:24:05
1658312652393765000,24.4,2,24.35,2,24.45,5,1,2022-07-20 10:24:12
1658312674624417000,24.4,1,24.35,2,24.45,6,1,2022-07-20 10:24:34
1658312675171089000,24.45,1,24.4,1,24.45,5,1,2022-07-20 10:24:35
1658312675480883000,24.45,5,24.45,1,24.5,11,1,2022-07-20 10:24:35
1658312676670372000,24.5,2,24.45,2,24.5,9,1,2022-07-20 10:24:36
1658312676673287000,24.5,2,24.45,2,24.5,7,1,2022-07-20 10:24:36
1658312676712956000,24.5,7,24.45,2,24.55,9,1,2022-07-20 10:24:36
1658312676754210000,24.45,2,24.4,1,24.55,9,2,2022-07-20 10:24:36
1658312676775681000,24.55,2,24.4,1,24.55,7,1,2022-07-20 10:24:36
1658312676878079000,24.55,2,24.4,2,24.55,5,1,2022-07-20 10:24:36
1658312677013402000,24.55,2,24.4,2,24.55,3,1,2022-07-20 10:24:37
1658312677082797000,24.55,2,24.4,2,24.55,1,1,2022-07-20 10:24:37
1658312677124774000,24.55,1,24.4,2,24.6,5,1,2022-07-20 10:24:37
1658312677586819000,24.6,5,24.45,2,24.6,5,1,2022-07-20 10:24:37
1658312678478570000,24.65,2,24.45,2,24.65,8,1,2022-07-20 10:24:38
1658312678723426000,24.65,2,24.45,1,24.65,6,1,2022-07-20 10:24:38
1658312678898192000,24.65,2,24.5,1,24.65,4,1,2022-07-20 10:24:38
1658312678934100000,24.65,4,24.5,1,24.7,3,1,2022-07-20 10:24:38
1658312679907883000,24.7,2,24.45,1,24.7,1,1,2022-07-20 10:24:39
1658312679943460000,24.7,1,24.5,1,24.75,4,1,2022-07-20 10:24:39
1658312683194402000,24.75,4,24.65,1,24.8,6,1,2022-07-20 10:24:43
1658312683194402000,24.8,1,24.65,1,24.8,6,1,2022-07-20 10:24:43
1658312684292233000,24.8,1,24.65,1,24.8,5,1,2022-07-20 10:24:44
1658312685948016000,24.75,1,24.65,1,24.8,5,1,2022-07-20 10:24:45
1658312689993426000,24.75,2,24.7,2,24.8,2,1,2022-07-20 10:24:49
1658312689993426000,24.8,3,24.7,2,24.8,2,1,2022-07-20 10:24:49
1658312690996027000,24.7,1,24.7,1,24.75,3,2,2022-07-20 10:24:50
1658312693718114000,24.75,2,24.7,1,24.75,2,1,2022-07-20 10:24:53
1658312697296239000,24.75,1,24.7,1,24.75,1,1,2022-07-20 10:24:57
1658312698510216000,24.75,1,24.7,1,24.8,2,1,2022-07-20 10:24:58
1658312706412271000,24.7,1,24.65,1,24.75,3,2,2022-07-20 10:25:06
1658312706436213000,24.75,1,24.65,1,24.75,2,1,2022-07-20 10:25:06
1658312707187308000,24.75,1,24.5,2,24.75,2,1,2022-07-20 10:25:07
1658312714590622000,24.75,1,24.5,2,24.75,1,1,2022-07-20 10:25:14
1658312714811059000,24.8,6,24.55,1,24.85,1,1,2022-07-20 10:25:14
1658312714811059000,24.85,4,24.55,1,24.85,1,1,2022-07-20 10:25:14
1658312716675067000,24.8,1,24.5,3,24.8,1,1,2022-07-20 10:25:16
1658312718172293000,24.8,1,24.55,1,24.85,3,1,2022-07-20 10:25:18
1658312721699076000,24.75,1,24.55,1,24.8,6,2,2022-07-20 10:25:21
1658312731550327000,24.75,5,24.6,3,24.75,2,1,2022-07-20 10:25:31
1658312731588647000,24.75,2,24.6,3,24.8,7,1,2022-07-20 10:25:31
1658312734377171000,24.7,1,24.6,3,24.7,1,1,2022-07-20 10:25:34
1658312734397591000,24.7,1,24.6,3,24.7,2,1,2022-07-20 10:25:34
1658312735863988000,24.75,1,24.6,3,24.8,7,1,2022-07-20 10:25:35
1658312740939843000,24.75,1,24.7,1,24.75,1,1,2022-07-20 10:25:40
1658312747421914000,24.7,1,24.6,3,24.75,2,2,2022-07-20 10:25:47
1658312780251787000,24.7,1,24.6,1,24.7,1,1,2022-07-20 10:26:20
1658312780276096000,24.7,1,24.6,1,24.75,3,1,2022-07-20 10:26:20
1658312789636023000,24.7,2,24.6,2,24.75,3,1,2022-07-20 10:26:29
1658312789636023000,24.75,2,24.6,2,24.75,3,1,2022-07-20 10:26:29
1658312799554617000,24.7,1,24.6,2,24.75,3,2,2022-07-20 10:26:39
1658312812812113000,24.65,1,24.55,1,24.7,3,2,2022-07-20 10:26:52
1658312812812113000,24.6,1,24.55,1,24.7,3,2,2022-07-20 10:26:52
1658312821373347000,24.6,1,24.55,1,24.7,3,2,2022-07-20 10:27:01
1658312840570767000,24.65,2,24.6,1,24.65,2,1,2022-07-20 10:27:20
1658312840600915000,24.65,2,24.6,1,24.7,2,1,2022-07-20 10:27:20
1658312865379621000,24.65,3,24.6,1,24.7,2,2,2022-07-20 10:27:45
1658312875218237000,24.6,1,24.6,1,24.7,2,2,2022-07-20 10:27:55
1658312877955026000,24.6,1,24.5,8,24.6,1,2,2022-07-20 10:27:57
1658312877992644000,24.6,1,24.5,8,24.7,2,1,2022-07-20 10:27:57
1658312930256539000,24.6,1,24.5,6,24.7,4,2,2022-07-20 10:28:50
1658312945609322000,24.5,1,24.5,5,24.65,1,2,2022-07-20 10:29:05
1658312956464221000,24.5,2,24.5,3,24.65,2,2,2022-07-20 10:29:16
1658312977942932000,24.6,2,24.5,1,24.6,2,1,2022-07-20 10:29:37
1658312992209030000,24.6,1,24.6,1,24.65,2,1,2022-07-20 10:29:52
1658312992235563000,24.6,1,24.5,1,24.65,2,2,2022-07-20 10:29:52
1658313021780274000,24.55,1,24.5,1,24.65,3,2,2022-07-20 10:30:21
1658313173644851000,24.55,1,24.5,1,24.6,1,2,2022-07-20 10:32:53
1658313176794529000,24.55,1,24.55,2,24.6,1,2,2022-07-20 10:32:56
1658313179297324000,24.6,1,24.55,2,24.65,1,1,2022-07-20 10:32:59
1658313382459220000,24.65,1,24.6,11,24.7,4,2,2022-07-20 10:36:22
1658313424111064000,24.6,2,24.6,9,24.7,6,2,2022-07-20 10:37:04
1658313424144471000,24.6,2,24.6,7,24.7,6,2,2022-07-20 10:37:04
1658313457956899000,24.65,1,24.6,7,24.7,8,2,2022-07-20 10:37:37
1658313467661929000,24.6,3,24.6,4,24.7,6,2,2022-07-20 10:37:47
1658313467692443000,24.6,4,24.55,3,24.7,6,2,2022-07-20 10:37:47
1658313640653747000,24.6,1,24.55,3,24.6,5,1,2022-07-20 10:40:40
1658313678512421000,24.6,5,24.6,3,24.65,1,1,2022-07-20 10:41:18
1658313684062034000,24.65,1,24.6,3,24.7,7,1,2022-07-20 10:41:24
1658313689399717000,24.7,2,24.6,3,24.7,5,1,2022-07-20 10:41:29
1658313707838756000,24.7,1,24.6,3,24.7,3,1,2022-07-20 10:41:47
1658313712223018000,24.7,1,24.55,4,24.7,2,1,2022-07-20 10:41:52
1658313757741469000,24.55,1,24.55,2,24.6,9,2,2022-07-20 10:42:37
1658313763162319000,24.6,9,24.6,5,24.7,6,1,2022-07-20 10:42:43
1658313804932294000,24.7,1,24.6,1,24.7,6,1,2022-07-20 10:43:24
1658313805100183000,24.7,1,24.6,1,24.7,5,1,2022-07-20 10:43:25
1658313805277705000,24.7,1,24.6,1,24.7,4,1,2022-07-20 10:43:25
1658313806413535000,24.7,1,24.65,3,24.7,3,1,2022-07-20 10:43:26
1658313806435149000,24.7,3,24.65,3,24.75,2,1,2022-07-20 10:43:26
1658313807104846000,24.75,1,24.75,1,24.8,4,1,2022-07-20 10:43:27
1658313808560821000,24.8,4,24.8,1,24.85,6,1,2022-07-20 10:43:28
1658313809238018000,24.85,4,24.8,1,24.9,2,1,2022-07-20 10:43:29
1658313809238018000,24.9,6,24.8,1,24.9,2,1,2022-07-20 10:43:29
1658313809385526000,24.9,1,24.8,1,24.9,1,1,2022-07-20 10:43:29
1658313812658176000,24.9,1,24.8,2,24.95,21,1,2022-07-20 10:43:32
1658313813104361000,24.9,1,24.9,2,24.95,21,2,2022-07-20 10:43:33
1658313813804800000,24.95,2,24.9,1,24.95,19,1,2022-07-20 10:43:33
1658313814412793000,24.95,1,24.9,1,24.95,18,1,2022-07-20 10:43:34
1658313815460244000,24.9,1,24.85,1,24.95,18,2,2022-07-20 10:43:35
1658313818428925000,24.95,1,24.85,1,24.95,17,1,2022-07-20 10:43:38
1658313821417312000,24.9,2,24.9,8,24.95,19,1,2022-07-20 10:43:41
1658313821452255000,24.9,1,24.9,7,24.95,19,2,2022-07-20 10:43:41
1658313822436555000,24.95,1,24.9,8,24.95,18,1,2022-07-20 10:43:42
1658313823053005000,24.9,2,24.9,6,24.95,18,2,2022-07-20 10:43:43
1658313823076668000,24.9,2,24.9,4,24.95,18,2,2022-07-20 10:43:43
1658313823107461000,24.9,1,24.9,3,24.95,18,2,2022-07-20 10:43:43
1658313823107566000,24.9,2,24.9,1,24.95,18,2,2022-07-20 10:43:43
1658313823137964000,24.9,1,24.85,1,24.95,18,2,2022-07-20 10:43:43
1658313825729424000,24.95,5,24.85,1,24.95,13,1,2022-07-20 10:43:45
1658313825961698000,24.85,1,24.8,1,24.95,13,2,2022-07-20 10:43:45
1658313827529232000,24.95,1,24.8,1,24.95,12,1,2022-07-20 10:43:47
1658313839759269000,24.8,1,24.7,2,24.85,4,1,2022-07-20 10:43:59
1658313857011418000,24.75,1,24.7,2,24.8,1,1,2022-07-20 10:44:17
1658313859627000000,24.8,1,24.7,2,24.85,5,1,2022-07-20 10:44:19
1658313871562671000,24.85,2,24.8,1,24.85,2,1,2022-07-20 10:44:31
1658313871994801000,24.85,2,24.8,1,24.9,11,1,2022-07-20 10:44:31
1658313873925132000,24.85,3,24.75,2,24.8,21,2,2022-07-20 10:44:33
1658313873925132000,24.8,1,24.75,2,24.8,21,2,2022-07-20 10:44:33
1658313876871537000,24.8,1,24.75,2,24.8,20,1,2022-07-20 10:44:36
1658313878680475000,24.8,1,24.75,2,24.8,19,1,2022-07-20 10:44:38
1658313885409566000,24.8,1,24.75,3,24.8,18,1,2022-07-20 10:44:45
1658313907583046000,24.75,2,24.75,4,24.8,22,2,2022-07-20 10:45:07
1658313911588911000,24.75,3,24.75,1,24.8,23,2,2022-07-20 10:45:11
1658313911622884000,24.75,1,24.7,3,24.8,23,2,2022-07-20 10:45:11
1658313913590939000,24.7,2,24.7,1,24.8,23,2,2022-07-20 10:45:13
1658313916387352000,24.75,1,24.7,1,24.8,23,2,2022-07-20 10:45:16
1658313930187396000,24.75,1,24.7,2,24.8,23,1,2022-07-20 10:45:30
1658313932122316000,24.7,2,24.6,4,24.7,23,2,2022-07-20 10:45:32
1658313933269451000,24.7,1,24.6,5,24.7,22,1,2022-07-20 10:45:33
1658313936457964000,24.7,1,24.6,5,24.7,21,1,2022-07-20 10:45:36
1658313937436292000,24.7,10,24.6,5,24.7,11,1,2022-07-20 10:45:37
1658313937473053000,24.7,11,24.6,5,24.8,23,1,2022-07-20 10:45:37
1658313993378608000,24.75,2,24.75,1,24.8,23,2,2022-07-20 10:46:33
1658313996186161000,24.75,1,24.7,3,24.8,23,2,2022-07-20 10:46:36
1658313997293290000,24.8,10,24.7,3,24.8,13,1,2022-07-20 10:46:37
1658313997319111000,24.8,13,24.7,3,24.9,11,1,2022-07-20 10:46:37
1658313997719384000,24.75,1,24.7,6,24.8,1,1,2022-07-20 10:46:37
1658314005197538000,24.85,2,24.75,3,24.95,14,1,2022-07-20 10:46:45
1658314005197538000,24.9,11,24.75,3,24.95,14,1,2022-07-20 10:46:45
1658314005197538000,24.95,7,24.75,3,24.95,14,1,2022-07-20 10:46:45
1658314005608356000,24.85,1,24.75,7,24.85,1,1,2022-07-20 10:46:45
1658314013217791000,24.95,4,24.8,6,24.95,10,1,2022-07-20 10:46:53
1658314013657687000,24.95,2,24.8,6,24.95,8,1,2022-07-20 10:46:53
1658314013679963000,24.95,8,24.8,6,25.0,44,1,2022-07-20 10:46:53
1658314013803935000,25.0,2,24.85,1,25.0,42,1,2022-07-20 10:46:53
1658314014316534000,25.0,42,24.9,2,25.05,40,1,2022-07-20 10:46:54
1658314014361740000,25.05,2,24.9,2,25.0,42,1,2022-07-20 10:46:54
1658314015533701000,25.0,2,24.95,5,25.05,38,2,2022-07-20 10:46:55
1658314017070191000,25.05,3,24.95,1,25.05,35,1,2022-07-20 10:46:57
1658314017687862000,24.95,1,24.75,5,24.8,15,2,2022-07-20 10:46:57
1658314017687862000,24.85,5,24.75,5,24.8,15,2,2022-07-20 10:46:57
1658314017687862000,24.8,4,24.75,5,24.8,15,2,2022-07-20 10:46:57
1658314017719483000,24.8,15,24.75,4,25.05,35,1,2022-07-20 10:46:57
1658314020548144000,24.95,1,24.75,6,24.95,1,1,2022-07-20 10:47:00
1658314023262489000,24.95,1,24.8,7,25.0,4,1,2022-07-20 10:47:03
1658314024700621000,25.0,1,24.8,8,25.0,3,1,2022-07-20 10:47:04
1658314028107556000,24.95,1,24.8,5,24.95,2,1,2022-07-20 10:47:08
1658314032884663000,24.8,3,24.8,11,24.9,29,2,2022-07-20 10:47:12
1658314037285539000,24.8,1,24.8,10,24.85,1,2,2022-07-20 10:47:17
1658314037362107000,24.8,4,24.8,6,24.85,1,2,2022-07-20 10:47:17
1658314037389574000,24.8,6,24.75,5,24.85,1,2,2022-07-20 10:47:17
1658314042240263000,24.75,3,24.75,3,24.8,1,2,2022-07-20 10:47:22
1658314042270427000,24.75,3,24.7,3,24.8,1,2,2022-07-20 10:47:22
1658314046052069000,24.75,1,24.7,2,24.8,26,2,2022-07-20 10:47:26
1658314051428875000,24.75,1,24.75,1,24.8,27,2,2022-07-20 10:47:31
1658314061083221000,24.7,2,24.65,4,24.7,2,2,2022-07-20 10:47:41
1658314062442170000,24.65,2,24.65,1,24.7,2,2,2022-07-20 10:47:42
1658314063376260000,24.65,1,24.6,7,24.7,2,2,2022-07-20 10:47:43
1658314070980661000,24.65,1,24.65,9,24.7,2,1,2022-07-20 10:47:50
1658314075683458000,24.7,2,24.7,1,24.75,1,1,2022-07-20 10:47:55
1658314081189653000,24.75,2,24.7,1,24.75,1,1,2022-07-20 10:48:01
1658314090706602000,24.75,1,24.7,3,24.8,25,1,2022-07-20 10:48:10
1658314093157502000,24.75,1,24.7,3,24.8,24,1,2022-07-20 10:48:13
1658314093157502000,24.8,1,24.7,3,24.8,24,1,2022-07-20 10:48:13
1658314097705291000,24.7,1,24.7,2,24.8,24,2,2022-07-20 10:48:17
1658314138787407000,24.7,9,24.65,16,24.7,16,2,2022-07-20 10:48:58
1658314141818633000,24.7,1,24.65,16,24.7,15,1,2022-07-20 10:49:01
1658314141849162000,24.7,15,24.65,16,24.8,24,1,2022-07-20 10:49:01
1658314151886359000,24.8,1,24.7,1,24.8,23,1,2022-07-20 10:49:11
1658314156031387000,24.8,4,24.7,3,24.8,19,1,2022-07-20 10:49:16
1658314159211211000,24.8,2,24.7,3,24.8,17,1,2022-07-20 10:49:19
1658314161183994000,24.8,1,24.7,3,24.8,16,1,2022-07-20 10:49:21
1658314162135925000,24.8,2,24.7,3,24.8,16,1,2022-07-20 10:49:22
1658314162870958000,24.8,5,24.7,3,24.8,14,1,2022-07-20 10:49:22
1658314163526525000,24.8,9,24.7,6,24.85,1,1,2022-07-20 10:49:23
1658314172984141000,24.9,2,24.8,2,24.95,4,1,2022-07-20 10:49:32
1658314176620594000,24.9,1,24.8,4,24.95,4,1,2022-07-20 10:49:36
1658314177400361000,24.9,1,24.8,4,24.95,4,2,2022-07-20 10:49:37
1658314186300326000,24.9,1,24.8,3,24.9,1,1,2022-07-20 10:49:46
1658314187108609000,24.9,1,24.8,3,24.95,4,1,2022-07-20 10:49:47
1658314187849442000,24.9,2,24.8,5,24.95,4,2,2022-07-20 10:49:47
1658314195939973000,24.85,3,24.8,5,24.85,22,2,2022-07-20 10:49:55
1658314195977298000,24.8,2,24.8,2,24.85,22,2,2022-07-20 10:49:55
1658314195977347000,24.8,2,24.7,10,24.85,22,2,2022-07-20 10:49:55
1658314213295682000,24.75,2,24.7,10,24.75,1,2,2022-07-20 10:50:13
1658314227201784000,24.75,1,24.7,9,24.8,1,1,2022-07-20 10:50:27
1658314250355423000,24.75,4,24.75,5,24.8,21,1,2022-07-20 10:50:50
1658314263429590000,24.8,5,24.7,12,24.8,16,1,2022-07-20 10:51:03
1658314271685305000,24.8,5,24.75,1,24.8,12,1,2022-07-20 10:51:11
1658314273979107000,24.8,1,24.75,1,24.8,11,1,2022-07-20 10:51:13
1658314279218787000,24.8,7,24.75,1,24.8,4,1,2022-07-20 10:51:19
1658314282596905000,24.8,4,24.8,6,24.85,1,1,2022-07-20 10:51:22
1658314290347112000,24.8,1,24.8,1,24.85,1,2,2022-07-20 10:51:30
1658314316757842000,24.75,2,24.7,12,24.8,12,2,2022-07-20 10:51:56
1658314332172994000,24.75,1,24.7,13,24.8,12,2,2022-07-20 10:52:12
1658314354497271000,24.75,1,24.7,13,24.75,1,1,2022-07-20 10:52:34
1658314362044577000,24.75,1,24.7,13,24.8,11,1,2022-07-20 10:52:42
1658314364495718000,24.75,1,24.7,13,24.8,11,2,2022-07-20 10:52:44
1658314432583299000,24.75,2,24.75,1,24.8,10,1,2022-07-20 10:53:52
1658314432615599000,24.75,1,24.7,14,24.8,10,2,2022-07-20 10:53:52
1658314468867758000,24.75,1,24.75,4,24.8,10,1,2022-07-20 10:54:28
1658314469842939000,24.75,1,24.75,3,24.8,10,2,2022-07-20 10:54:29
1658314469873879000,24.75,3,24.7,14,24.8,10,2,2022-07-20 10:54:29
1658314515880272000,24.8,3,24.75,3,24.8,7,1,2022-07-20 10:55:15
1658314516564460000,24.8,2,24.75,3,24.8,5,1,2022-07-20 10:55:16
1658314516638522000,24.8,2,24.75,3,24.8,3,1,2022-07-20 10:55:16
1658314516950043000,24.8,2,24.75,3,24.8,1,1,2022-07-20 10:55:16
1658314516985938000,24.8,1,24.75,3,24.85,2,1,2022-07-20 10:55:16
1658314521695059000,24.85,1,24.8,2,24.9,3,1,2022-07-20 10:55:21
1658314521882432000,24.9,1,24.8,2,24.95,2,1,2022-07-20 10:55:21
1658314521882432000,24.95,1,24.8,2,24.95,2,1,2022-07-20 10:55:21
1658314525988743000,24.8,1,24.8,1,24.95,2,2,2022-07-20 10:55:25
1658314526028011000,24.8,1,24.75,1,24.95,2,2,2022-07-20 10:55:26
1658314527144076000,24.95,1,24.75,2,24.95,2,1,2022-07-20 10:55:27
1658314528449776000,24.95,2,24.8,1,25.0,15,1,2022-07-20 10:55:28
1658314528623419000,25.0,2,24.8,1,25.0,13,1,2022-07-20 10:55:28
1658314535222863000,25.0,1,24.85,7,25.0,12,1,2022-07-20 10:55:35
1658314537090147000,24.95,1,24.85,7,24.95,1,1,2022-07-20 10:55:37
1658314538144449000,24.95,1,24.85,3,25.0,11,1,2022-07-20 10:55:38
1658314538144449000,25.0,1,24.85,3,25.0,11,1,2022-07-20 10:55:38
1658314538630390000,25.0,2,24.85,3,25.0,9,1,2022-07-20 10:55:38
1658314540288471000,24.95,2,24.85,4,25.0,10,1,2022-07-20 10:55:40
1658314540317541000,25.0,1,24.85,4,25.0,9,1,2022-07-20 10:55:40
1658314542116532000,25.0,10,24.85,7,25.05,36,1,2022-07-20 10:55:42
1658314544324816000,25.05,1,24.9,4,25.05,36,1,2022-07-20 10:55:44
1658314547372789000,25.0,3,25.0,2,25.05,35,2,2022-07-20 10:55:47
1658314547399025000,25.0,1,25.0,1,25.05,35,2,2022-07-20 10:55:47
1658314547399296000,25.0,1,24.9,2,25.05,35,2,2022-07-20 10:55:47
1658314550833225000,24.9,1,24.9,3,25.05,36,2,2022-07-20 10:55:50
1658314551170456000,25.0,1,24.9,3,25.0,2,1,2022-07-20 10:55:51
1658314553464834000,25.0,2,24.95,2,25.0,4,1,2022-07-20 10:55:53
1658314553741193000,24.95,2,24.9,3,25.0,4,2,2022-07-20 10:55:53
1658314554262572000,25.0,1,24.9,3,25.0,3,1,2022-07-20 10:55:54
1658314557494229000,25.0,1,24.9,1,25.0,9,1,2022-07-20 10:55:57
1658314558098785000,25.0,1,24.9,1,25.0,8,1,2022-07-20 10:55:58
1658314560022897000,25.0,3,24.9,1,25.0,5,1,2022-07-20 10:56:00
1658314561038262000,25.0,1,24.9,1,25.0,7,1,2022-07-20 10:56:01
1658314564481213000,24.95,1,24.9,2,25.0,8,1,2022-07-20 10:56:04
1658314575890024000,24.95,2,24.9,2,25.0,8,1,2022-07-20 10:56:15
1658314578572568000,24.9,2,24.85,1,25.0,8,2,2022-07-20 10:56:18
1658314578572568000,24.85,3,24.85,1,25.0,8,2,2022-07-20 10:56:18
1658314583742578000,24.95,1,24.85,1,24.95,1,1,2022-07-20 10:56:23
1658314594573087000,24.95,1,24.85,2,24.95,2,1,2022-07-20 10:56:34
1658314594988552000,24.95,2,24.95,3,25.0,10,1,2022-07-20 10:56:34
1658314595028252000,24.95,2,24.95,1,25.0,10,2,2022-07-20 10:56:35
1658314595048710000,24.95,1,24.85,2,25.0,10,2,2022-07-20 10:56:35
1658314601178203000,25.0,1,24.95,5,25.0,8,1,2022-07-20 10:56:41
1658314604181770000,25.0,1,24.95,5,25.0,7,1,2022-07-20 10:56:44
1658314605020486000,25.0,1,24.95,5,25.0,6,1,2022-07-20 10:56:45
1658314610158513000,25.0,2,24.95,6,25.0,8,1,2022-07-20 10:56:50
1658314612458495000,25.0,1,24.95,6,25.0,7,1,2022-07-20 10:56:52
1658314615850982000,25.0,1,24.95,6,25.0,7,1,2022-07-20 10:56:55
1658314624314050000,24.95,1,24.95,5,25.0,7,2,2022-07-20 10:57:04
1658314633268101000,25.0,4,24.95,5,25.05,21,1,2022-07-20 10:57:13
1658314633268101000,25.05,16,24.95,5,25.05,21,1,2022-07-20 10:57:13
1658314633888649000,25.0,1,24.95,5,25.05,21,2,2022-07-20 10:57:13
1658314637653914000,25.0,1,24.95,5,25.0,1,1,2022-07-20 10:57:17
1658314645299880000,25.0,2,25.0,3,25.05,21,1,2022-07-20 10:57:25
1658314652733902000,25.05,10,25.0,6,25.05,10,1,2022-07-20 10:57:32
1658314655377206000,25.05,1,25.0,7,25.05,9,1,2022-07-20 10:57:35
1658314656818046000,25.05,7,25.0,7,25.05,2,1,2022-07-20 10:57:36
1658314657752030000,25.05,1,25.0,7,25.05,1,1,2022-07-20 10:57:37
1658314658510689000,25.05,1,25.0,9,25.05,1,1,2022-07-20 10:57:38
1658314663570946000,25.1,2,25.05,5,25.1,43,1,2022-07-20 10:57:43
1658314663815852000,25.1,3,25.05,5,25.1,38,1,2022-07-20 10:57:43
1658314663828950000,25.1,3,25.05,5,25.1,35,1,2022-07-20 10:57:43
1658314666179896000,25.05,1,25.05,8,25.1,35,2,2022-07-20 10:57:46
1658314666564028000,25.1,1,25.05,8,25.1,34,1,2022-07-20 10:57:46
1658314673623752000,25.1,1,25.05,9,25.1,33,1,2022-07-20 10:57:53
1658314680978005000,25.1,1,25.05,10,25.1,33,1,2022-07-20 10:58:00
1658314681347822000,25.1,3,25.05,10,25.1,30,1,2022-07-20 10:58:01
1658314682402063000,25.1,1,25.05,12,25.1,29,1,2022-07-20 10:58:02
1658314683186389000,25.1,5,25.05,12,25.1,24,1,2022-07-20 10:58:03
1658314684085625000,25.1,8,25.05,12,25.1,16,1,2022-07-20 10:58:04
1658314684112078000,25.1,3,25.05,12,25.1,13,1,2022-07-20 10:58:04
1658314685350981000,25.1,1,25.05,12,25.1,12,1,2022-07-20 10:58:05
1658314686613311000,25.1,10,25.05,11,25.1,2,1,2022-07-20 10:58:06
1658314686640096000,25.1,2,25.05,11,25.15,17,1,2022-07-20 10:58:06
1658314686791139000,25.15,1,25.05,11,25.15,16,1,2022-07-20 10:58:06
1658314686926432000,25.15,2,25.05,11,25.15,14,1,2022-07-20 10:58:06
1658314688408847000,25.1,1,25.05,11,25.15,10,1,2022-07-20 10:58:08
1658314688408847000,25.15,4,25.05,11,25.15,10,1,2022-07-20 10:58:08
1658314688760232000,25.15,1,25.05,11,25.15,9,1,2022-07-20 10:58:08
1658314690745573000,25.15,1,25.1,1,25.15,8,1,2022-07-20 10:58:10
1658314692478896000,25.1,1,25.1,2,25.15,8,2,2022-07-20 10:58:12
1658314692545118000,25.15,1,25.1,2,25.15,7,1,2022-07-20 10:58:12
1658314692571388000,25.15,1,25.1,2,25.15,6,1,2022-07-20 10:58:12
1658314693183747000,25.15,5,25.1,2,25.15,1,1,2022-07-20 10:58:13
1658314693987526000,25.15,1,25.15,2,25.2,37,1,2022-07-20 10:58:13
1658314697978454000,25.15,1,25.15,1,25.2,37,2,2022-07-20 10:58:17
1658314698502031000,25.15,1,25.1,6,25.2,37,2,2022-07-20 10:58:18
1658314699440651000,25.1,2,25.1,4,25.15,9,2,2022-07-20 10:58:19
1658314699471314000,25.1,4,25.05,11,25.15,9,2,2022-07-20 10:58:19
1658314702774519000,25.05,1,25.05,9,25.15,13,2,2022-07-20 10:58:22
1658314702869615000,25.15,1,25.05,9,25.15,12,1,2022-07-20 10:58:22
1658314703105443000,25.15,1,25.05,9,25.15,11,1,2022-07-20 10:58:23
1658314706393916000,25.1,1,25.1,1,25.15,13,2,2022-07-20 10:58:26
1658314706411634000,25.1,1,25.05,7,25.15,13,2,2022-07-20 10:58:26
1658314706664634000,25.15,5,25.05,7,25.15,7,1,2022-07-20 10:58:26
1658314711381376000,25.1,1,25.05,6,25.1,1,1,2022-07-20 10:58:31
1658314713930041000,25.1,1,25.05,6,25.1,1,1,2022-07-20 10:58:33
1658314719149076000,25.1,1,25.05,6,25.15,13,1,2022-07-20 10:58:39
1658314726896628000,25.1,2,25.05,6,25.1,2,1,2022-07-20 10:58:46
1658314729735251000,25.1,2,25.05,7,25.1,8,2,2022-07-20 10:58:49
1658314734066310000,25.1,1,25.05,7,25.1,7,1,2022-07-20 10:58:54
1658314735216089000,25.05,3,25.05,4,25.1,7,2,2022-07-20 10:58:55
1658314742355383000,25.05,1,25.05,4,25.1,9,2,2022-07-20 10:59:02
1658314746367382000,25.1,9,25.1,1,25.15,13,1,2022-07-20 10:59:06
1658314749193713000,25.1,1,25.05,3,25.15,14,2,2022-07-20 10:59:09
1658314749193713000,25.05,1,25.05,3,25.15,14,2,2022-07-20 10:59:09
1658314761586412000,25.05,1,25.05,4,25.1,4,2,2022-07-20 10:59:21
1658314768496826000,25.05,2,25.05,2,25.1,4,2,2022-07-20 10:59:28
1658314768528815000,25.05,2,25.0,16,25.1,4,2,2022-07-20 10:59:28
1658314773699728000,25.05,1,25.0,17,25.1,5,2,2022-07-20 10:59:33
1658314784285788000,25.1,5,25.05,2,25.1,5,1,2022-07-20 10:59:44
1658314790273588000,25.1,1,25.05,2,25.1,4,1,2022-07-20 10:59:50
1658314792082541000,25.1,2,25.0,15,25.1,2,1,2022-07-20 10:59:52
1658314794267799000,25.1,1,25.0,15,25.1,1,1,2022-07-20 10:59:54
1658314794577320000,25.1,1,25.0,15,25.1,3,1,2022-07-20 10:59:54
1658314805070462000,25.15,3,25.05,1,25.15,17,1,2022-07-20 11:00:05
1658314805182709000,25.15,10,25.05,1,25.15,7,1,2022-07-20 11:00:05
1658314805515352000,25.15,3,25.05,1,25.15,3,1,2022-07-20 11:00:05
1658314807679407000,25.15,3,25.05,2,25.2,33,1,2022-07-20 11:00:07
1658314807679407000,25.2,3,25.05,2,25.2,33,1,2022-07-20 11:00:07
1658314807709691000,25.2,1,25.05,2,25.2,32,1,2022-07-20 11:00:07
1658314807718321000,25.2,1,25.05,3,25.2,31,1,2022-07-20 11:00:07
1658314807731462000,25.2,1,25.05,4,25.2,30,1,2022-07-20 11:00:07
1658314807743517000,25.2,1,25.05,8,25.2,29,1,2022-07-20 11:00:07
1658314807935255000,25.2,1,25.05,10,25.2,28,1,2022-07-20 11:00:07
1658314807944248000,25.2,1,25.05,10,25.2,27,1,2022-07-20 11:00:07
1658314807953318000,25.2,1,25.05,10,25.2,26,1,2022-07-20 11:00:07
1658314807963333000,25.2,1,25.05,10,25.2,25,1,2022-07-20 11:00:07
1658314807972005000,25.2,1,25.05,10,25.2,29,1,2022-07-20 11:00:07
1658314809904146000,25.2,3,25.1,3,25.2,21,1,2022-07-20 11:00:09
1658314810952194000,25.2,1,25.15,1,25.2,20,1,2022-07-20 11:00:10
1658314811264569000,25.2,1,25.15,1,25.2,19,1,2022-07-20 11:00:11
1658314813316331000,25.2,2,25.15,2,25.2,17,1,2022-07-20 11:00:13
1658314813725946000,25.2,1,25.15,2,25.2,16,1,2022-07-20 11:00:13
1658314814561335000,25.15,1,25.15,1,25.2,16,2,2022-07-20 11:00:14
1658314814669213000,25.2,3,25.15,1,25.2,13,1,2022-07-20 11:00:14
1658314815178130000,25.2,2,25.15,1,25.2,11,1,2022-07-20 11:00:15
1658314816394749000,25.2,1,25.15,2,25.2,11,1,2022-07-20 11:00:16
1658314817015902000,25.2,10,25.2,10,25.25,38,1,2022-07-20 11:00:17
1658314818524887000,25.2,1,25.2,9,25.25,38,2,2022-07-20 11:00:18
1658314823902869000,25.2,4,25.2,8,25.25,38,2,2022-07-20 11:00:23
1658314824108965000,25.2,4,25.2,15,25.25,38,2,2022-07-20 11:00:24
1658314824480836000,25.25,3,25.2,15,25.25,34,1,2022-07-20 11:00:24
1658314824520995000,25.25,1,25.2,15,25.25,33,1,2022-07-20 11:00:24
1658314824521836000,25.25,1,25.2,15,25.25,32,1,2022-07-20 11:00:24
1658314824544165000,25.25,1,25.2,15,25.25,31,1,2022-07-20 11:00:24
1658314824678668000,25.2,10,25.2,5,25.25,31,2,2022-07-20 11:00:24
1658314825613624000,25.25,1,25.2,5,25.25,30,1,2022-07-20 11:00:25
1658314826112356000,25.2,1,25.2,4,25.25,30,2,2022-07-20 11:00:26
1658314826726307000,25.25,1,25.2,5,25.25,29,1,2022-07-20 11:00:26
1658314828556802000,25.25,1,25.2,5,25.25,31,1,2022-07-20 11:00:28
1658314830718925000,25.2,1,25.2,5,25.25,31,2,2022-07-20 11:00:30
1658314831121456000,25.2,1,25.2,4,25.25,31,2,2022-07-20 11:00:31
1658314832300789000,25.2,1,25.2,3,25.25,30,2,2022-07-20 11:00:32
1658314833203485000,25.2,3,25.15,8,25.25,30,2,2022-07-20 11:00:33
1658314834583735000,25.2,1,25.2,2,25.25,30,2,2022-07-20 11:00:34
1658314835452553000,25.2,3,25.2,14,25.25,30,2,2022-07-20 11:00:35
1658314835911369000,25.25,10,25.2,11,25.25,27,1,2022-07-20 11:00:35
1658314836550396000,25.25,2,25.2,11,25.25,15,1,2022-07-20 11:00:36
1658314836698366000,25.25,10,25.2,11,25.25,5,1,2022-07-20 11:00:36
1658314836731506000,25.25,5,25.2,11,25.3,46,1,2022-07-20 11:00:36
1658314837206151000,25.25,1,25.25,9,25.3,46,2,2022-07-20 11:00:37
1658314837735821000,25.3,2,25.25,11,25.3,44,1,2022-07-20 11:00:37
1658314838004572000,25.3,1,25.25,11,25.3,43,1,2022-07-20 11:00:38
1658314838013497000,25.3,1,25.25,11,25.3,42,1,2022-07-20 11:00:38
1658314838029764000,25.3,1,25.25,11,25.3,41,1,2022-07-20 11:00:38
1658314838053948000,25.3,17,25.25,11,25.3,24,1,2022-07-20 11:00:38
1658314838271728000,25.3,2,25.25,11,25.3,22,1,2022-07-20 11:00:38
1658314839222259000,25.3,2,25.25,11,25.3,20,1,2022-07-20 11:00:39
1658314839636937000,25.25,10,25.25,2,25.3,20,2,2022-07-20 11:00:39
1658314839723307000,25.3,10,25.25,2,25.3,10,1,2022-07-20 11:00:39
1658314840353835000,25.3,1,25.25,2,25.3,9,1,2022-07-20 11:00:40
1658314842004837000,25.3,2,25.25,2,25.3,8,1,2022-07-20 11:00:42
1658314842841365000,25.3,3,25.25,2,25.3,5,1,2022-07-20 11:00:42
1658314843639229000,25.3,1,25.25,2,25.3,4,1,2022-07-20 11:00:43
1658314844379112000,25.3,1,25.25,2,25.3,4,1,2022-07-20 11:00:44
1658314845131451000,25.3,1,25.25,3,25.3,3,1,2022-07-20 11:00:45
1658314847007506000,25.25,2,25.25,3,25.3,22,2,2022-07-20 11:00:47
1658314848018807000,25.25,4,25.2,7,25.25,1,2,2022-07-20 11:00:48
1658314848482432000,25.2,7,25.15,4,25.25,12,2,2022-07-20 11:00:48
1658314849058648000,25.25,1,25.15,4,25.25,14,1,2022-07-20 11:00:49
1658314849444352000,25.25,1,25.15,4,25.25,15,1,2022-07-20 11:00:49
1658314851046253000,25.2,2,25.15,3,25.25,16,2,2022-07-20 11:00:51
1658314852475673000,25.2,1,25.15,3,25.2,1,2,2022-07-20 11:00:52
1658314852627543000,25.2,1,25.15,3,25.25,12,1,2022-07-20 11:00:52
1658314852627543000,25.25,4,25.15,3,25.25,12,1,2022-07-20 11:00:52
1658314855897816000,25.2,4,25.15,4,25.2,2,1,2022-07-20 11:00:55
1658314858151378000,25.2,1,25.15,5,25.2,6,1,2022-07-20 11:00:58
1658314860504429000,25.2,1,25.15,3,25.2,5,1,2022-07-20 11:01:00
1658314860618715000,25.2,1,25.15,3,25.2,4,1,2022-07-20 11:01:00
1658314862697574000,25.2,2,25.15,3,25.2,3,1,2022-07-20 11:01:02
1658314866758137000,25.15,1,25.15,2,25.2,6,2,2022-07-20 11:01:06
1658314866787156000,25.15,2,25.1,4,25.2,6,2,2022-07-20 11:01:06
1658314867110753000,25.2,7,25.2,3,25.25,12,1,2022-07-20 11:01:07
1658314869623328000,25.25,2,25.2,3,25.25,10,1,2022-07-20 11:01:09
1658314869634909000,25.2,2,25.2,1,25.25,10,2,2022-07-20 11:01:09
1658314869655936000,25.2,1,25.1,4,25.25,10,2,2022-07-20 11:01:09
1658314874072548000,25.2,1,25.15,3,25.2,4,1,2022-07-20 11:01:14
1658314883735038000,25.2,1,25.15,9,25.2,12,1,2022-07-20 11:01:23
1658314887122346000,25.2,2,25.15,9,25.2,10,1,2022-07-20 11:01:27
1658314889898644000,25.15,5,25.15,5,25.2,10,2,2022-07-20 11:01:29
1658314891654151000,25.15,1,25.15,4,25.2,9,2,2022-07-20 11:01:31
1658314893639547000,25.15,1,25.15,3,25.2,9,2,2022-07-20 11:01:33
1658314896979279000,25.15,10,25.1,10,25.2,7,2,2022-07-20 11:01:36
1658314900295684000,25.15,1,25.1,20,25.15,3,1,2022-07-20 11:01:40
1658314904551582000,25.15,1,25.1,20,25.15,3,1,2022-07-20 11:01:44
1658314907208330000,25.15,4,25.1,20,25.2,6,1,2022-07-20 11:01:47
1658314907208330000,25.2,1,25.1,20,25.2,6,1,2022-07-20 11:01:47
1658314908295166000,25.2,1,25.1,20,25.2,5,1,2022-07-20 11:01:48
1658314908838858000,25.1,15,25.1,5,25.2,5,2,2022-07-20 11:01:48
1658314908853164000,25.1,5,25.05,2,25.2,5,2,2022-07-20 11:01:48
1658314909762183000,25.15,1,25.05,1,25.15,2,1,2022-07-20 11:01:49
1658314916584400000,25.15,1,25.0,9,25.15,1,1,2022-07-20 11:01:56
1658314921812264000,25.05,2,25.05,5,25.2,7,2,2022-07-20 11:02:01
1658314926484291000,25.15,1,25.05,5,25.15,3,1,2022-07-20 11:02:06
1658314946523702000,25.15,1,25.05,8,25.15,4,1,2022-07-20 11:02:26
1658314949947782000,25.1,1,25.05,8,25.15,5,1,2022-07-20 11:02:29
1658314949947782000,25.15,1,25.05,8,25.15,5,1,2022-07-20 11:02:29
1658314958755199000,25.15,1,25.1,1,25.15,4,1,2022-07-20 11:02:38
1658314960826990000,25.15,1,25.1,2,25.15,2,1,2022-07-20 11:02:40
1658314969165729000,25.15,1,25.1,3,25.15,2,1,2022-07-20 11:02:49
1658314970778354000,25.1,1,25.1,4,25.15,3,2,2022-07-20 11:02:50
1658314971031206000,25.1,3,25.05,8,25.15,3,2,2022-07-20 11:02:51
1658314990561443000,25.05,2,25.05,2,25.1,6,2,2022-07-20 11:03:10
1658314990593273000,25.05,2,25.0,16,25.1,6,2,2022-07-20 11:03:10
1658314993161165000,25.1,5,25.0,15,25.1,2,1,2022-07-20 11:03:13
1658314998935608000,25.05,1,25.0,14,25.1,1,2,2022-07-20 11:03:18
1658315006865155000,25.0,5,25.0,8,25.05,5,2,2022-07-20 11:03:26
1658315006893927000,25.0,8,24.95,13,25.05,5,2,2022-07-20 11:03:26
1658315012979902000,25.0,1,24.95,13,25.05,8,1,2022-07-20 11:03:32
1658315021344088000,25.0,1,24.95,11,25.0,3,2,2022-07-20 11:03:41
1658315021777588000,25.0,1,24.95,11,25.0,2,1,2022-07-20 11:03:41
1658315031557507000,25.0,1,24.95,11,25.0,1,1,2022-07-20 11:03:51
1658315033083290000,24.95,10,24.95,1,25.0,1,2,2022-07-20 11:03:53
1658315033111381000,24.95,1,24.85,13,25.0,1,2,2022-07-20 11:03:53
1658315035640551000,25.0,3,24.85,13,25.1,2,1,2022-07-20 11:03:55
1658315037829236000,24.95,1,24.9,4,24.95,1,1,2022-07-20 11:03:57
1658315051866626000,25.0,1,24.9,4,25.0,4,1,2022-07-20 11:04:11
1658315075233723000,24.95,1,24.9,1,25.0,5,2,2022-07-20 11:04:35
1658315075233723000,24.9,4,24.9,1,25.0,5,2,2022-07-20 11:04:35
1658315090977982000,25.0,2,24.9,6,25.0,4,1,2022-07-20 11:04:50
1658315093277223000,25.0,3,24.9,6,25.0,1,1,2022-07-20 11:04:53
1658315093307989000,25.0,1,24.9,6,25.05,2,1,2022-07-20 11:04:53
1658315133048385000,25.05,1,24.9,7,25.05,1,1,2022-07-20 11:05:33
1658315152015388000,25.05,1,25.0,2,25.05,3,1,2022-07-20 11:05:52
1658315157412839000,25.05,1,25.0,2,25.1,3,2,2022-07-20 11:05:57
1658315157443777000,25.0,2,24.95,2,25.1,3,2,2022-07-20 11:05:57
1658315165250840000,24.95,2,24.9,6,25.1,4,2,2022-07-20 11:06:05
1658315193885252000,24.9,1,24.9,11,24.95,1,2,2022-07-20 11:06:33
1658315204537392000,24.95,1,24.9,11,25.0,1,1,2022-07-20 11:06:44
1658315218232184000,25.0,1,24.9,10,25.05,3,1,2022-07-20 11:06:58
1658315254704584000,25.05,2,24.95,6,25.15,1,1,2022-07-20 11:07:34
1658315254704584000,25.1,4,24.95,6,25.15,1,1,2022-07-20 11:07:34
1658315254704584000,25.15,5,24.95,6,25.15,1,1,2022-07-20 11:07:34
1658315263449787000,25.0,1,25.0,1,25.15,5,2,2022-07-20 11:07:43
1658315263460258000,25.0,1,25.0,2,25.15,5,2,2022-07-20 11:07:43
1658315265052636000,25.15,1,24.95,6,25.15,4,1,2022-07-20 11:07:45
1658315284436745000,25.0,1,24.95,17,25.1,3,2,2022-07-20 11:08:04
1658315284436745000,24.95,1,24.95,17,25.1,3,2,2022-07-20 11:08:04
1658315285736465000,25.0,1,24.95,17,25.1,5,2,2022-07-20 11:08:05
1658315287393651000,25.1,1,24.95,17,25.1,3,1,2022-07-20 11:08:07
1658315294731298000,24.95,1,24.95,16,25.05,3,2,2022-07-20 11:08:14
1658315298405850000,25.0,1,24.95,16,25.05,3,2,2022-07-20 11:08:18
1658315313833385000,24.95,2,24.95,14,25.05,7,2,2022-07-20 11:08:33
1658315313864085000,24.95,13,24.95,1,25.05,7,2,2022-07-20 11:08:33
1658315313894460000,24.95,1,24.9,1,25.05,7,2,2022-07-20 11:08:33
1658315323160967000,24.9,1,24.85,12,25.0,5,2,2022-07-20 11:08:43
1658315364853235000,24.9,1,24.9,4,24.95,1,1,2022-07-20 11:09:24
1658315366842603000,24.9,1,24.9,3,24.95,1,2,2022-07-20 11:09:26
1658315383812534000,24.9,1,24.9,2,24.95,1,2,2022-07-20 11:09:43
1658315388343773000,24.9,1,24.9,2,24.95,1,2,2022-07-20 11:09:48
1658315410642224000,24.9,2,24.85,12,24.9,3,2,2022-07-20 11:10:10
1658315413312984000,24.85,5,24.85,7,24.9,3,2,2022-07-20 11:10:13
1658315414898730000,24.85,2,24.85,5,24.9,3,2,2022-07-20 11:10:14
1658315415328327000,24.85,5,24.8,4,24.9,3,2,2022-07-20 11:10:15
1658315421208808000,24.8,4,24.75,10,24.8,1,2,2022-07-20 11:10:21
1658315423166962000,24.75,10,24.7,36,24.8,1,2,2022-07-20 11:10:23
1658315423925305000,24.7,1,24.7,35,24.8,2,2,2022-07-20 11:10:23
1658315426568093000,24.7,1,24.7,34,24.75,5,2,2022-07-20 11:10:26
1658315428323971000,24.7,5,24.7,29,24.75,5,2,2022-07-20 11:10:28
1658315429135063000,24.75,2,24.7,29,24.75,3,1,2022-07-20 11:10:29
1658315429760970000,24.7,5,24.7,24,24.75,3,2,2022-07-20 11:10:29
1658315432249157000,24.75,3,24.75,4,24.8,2,1,2022-07-20 11:10:32
1658315444466293000,24.75,3,24.75,1,24.8,2,2,2022-07-20 11:10:44
1658315444496136000,24.75,1,24.7,25,24.8,2,2,2022-07-20 11:10:44
1658315480901481000,24.75,2,24.75,4,24.8,12,2,2022-07-20 11:11:20
1658315489028945000,24.75,1,24.75,3,24.8,12,2,2022-07-20 11:11:29
1658315495639221000,24.75,1,24.75,3,24.8,12,2,2022-07-20 11:11:35
