ts,close,volume,bid_price,bid_volume,ask_price,ask_volume,tick_type,datetime
1658307603613039000,66.0,329,66.0,7,66.2,11,1,2022-07-20 09:00:03
1658307603744533000,66.2,1,66.0,7,66.2,12,1,2022-07-20 09:00:03
1658307603848520000,66.2,1,66.0,7,66.2,11,1,2022-07-20 09:00:03
1658307603858068000,66.2,1,66.0,7,66.2,10,1,2022-07-20 09:00:03
1658307603962689000,66.2,1,66.0,7,66.2,9,1,2022-07-20 09:00:03
1658307603978587000,66.2,1,66.0,7,66.2,8,1,2022-07-20 09:00:03
1658307603982588000,66.2,1,66.0,7,66.2,7,1,2022-07-20 09:00:03
1658307603990477000,66.2,5,66.0,7,66.2,2,1,2022-07-20 09:00:03
1658307603990532000,66.2,2,66.0,7,66.4,4,1,2022-07-20 09:00:03
1658307604000138000,66.4,1,66.0,7,66.4,3,1,2022-07-20 09:00:04
1658307604042944000,66.4,1,66.0,7,66.4,2,1,2022-07-20 09:00:04
1658307604059284000,66.4,2,66.0,7,66.5,27,1,2022-07-20 09:00:04
1658307604351560000,66.1,4,66.1,1,66.5,27,2,2022-07-20 09:00:04
1658307604423846000,66.4,1,66.3,2,66.4,3,1,2022-07-20 09:00:04
1658307604452345000,66.4,3,66.3,2,66.5,27,1,2022-07-20 09:00:04
1658307604585762000,66.5,1,66.3,2,66.5,26,1,2022-07-20 09:00:04
1658307604613648000,66.5,16,66.3,2,66.5,10,1,2022-07-20 09:00:04
1658307604896706000,66.5,1,66.3,2,66.5,9,1,2022-07-20 09:00:04
1658307604915211000,66.5,1,66.3,2,66.5,8,1,2022-07-20 09:00:04
1658307604934175000,66.5,8,66.3,2,66.6,6,1,2022-07-20 09:00:04
1658307605024785000,66.6,1,66.3,2,66.6,6,1,2022-07-20 09:00:05
1658307605255390000,66.3,1,66.3,1,66.6,5,2,2022-07-20 09:00:05
1658307605646758000,66.6,1,66.3,1,66.6,5,1,2022-07-20 09:00:05
1658307605766932000,66.6,1,66.3,1,66.6,3,1,2022-07-20 09:00:05
1658307605846077000,66.6,1,66.3,1,66.6,2,1,2022-07-20 09:00:05
1658307605977938000,66.6,1,66.3,1,66.6,1,1,2022-07-20 09:00:05
1658307606015198000,66.6,1,66.3,1,66.7,1,1,2022-07-20 09:00:06
1658307606510827000,66.7,1,66.3,1,66.8,3,1,2022-07-20 09:00:06
1658307606837902000,66.8,1,66.5,1,66.8,2,1,2022-07-20 09:00:06
1658307607550349000,66.8,1,66.5,1,66.8,1,1,2022-07-20 09:00:07
1658307607737381000,66.5,1,66.3,1,66.8,1,2,2022-07-20 09:00:07
1658307607952065000,66.7,1,66.3,1,66.8,1,1,2022-07-20 09:00:07
1658307608617198000,66.8,1,66.3,2,66.9,11,1,2022-07-20 09:00:08
1658307609472242000,66.9,1,66.4,1,66.9,10,1,2022-07-20 09:00:09
1658307611123978000,66.8,1,66.6,1,66.9,6,1,2022-07-20 09:00:11
1658307611123978000,66.9,4,66.6,1,66.9,6,1,2022-07-20 09:00:11
1658307611961697000,66.8,1,66.7,1,66.9,6,1,2022-07-20 09:00:11
1658307612111930000,66.9,1,66.7,1,66.9,6,1,2022-07-20 09:00:12
1658307612704512000,66.8,1,66.6,2,66.9,5,2,2022-07-20 09:00:12
1658307613258204000,66.9,1,66.6,2,66.9,4,1,2022-07-20 09:00:13
1658307614762319000,66.9,1,66.6,2,66.9,4,1,2022-07-20 09:00:14
1658307614850314000,66.9,1,66.6,2,66.9,3,1,2022-07-20 09:00:14
1658307615121822000,66.6,1,66.6,1,66.9,3,2,2022-07-20 09:00:15
1658307615759563000,66.9,1,66.6,1,66.9,2,1,2022-07-20 09:00:15
1658307616642213000,66.9,1,66.7,10,66.9,2,1,2022-07-20 09:00:16
1658307616840154000,66.7,10,66.6,2,66.9,3,2,2022-07-20 09:00:16
1658307617448082000,66.6,2,66.5,1,66.9,5,2,2022-07-20 09:00:17
1658307617460661000,66.9,2,66.5,1,66.9,3,1,2022-07-20 09:00:17
1658307617812980000,66.6,1,66.5,1,66.9,3,1,2022-07-20 09:00:17
1658307617812980000,66.8,1,66.5,1,66.9,3,1,2022-07-20 09:00:17
1658307617894327000,66.5,1,66.3,1,66.9,3,2,2022-07-20 09:00:17
1658307618766064000,66.8,1,66.3,1,66.9,8,1,2022-07-20 09:00:18
1658307619112872000,66.6,2,66.4,5,66.8,1,2,2022-07-20 09:00:19
1658307619292734000,66.6,1,66.4,1,66.8,5,2,2022-07-20 09:00:19
1658307620270725000,66.3,1,66.1,4,66.8,6,2,2022-07-20 09:00:20
1658307620270725000,66.1,1,66.1,4,66.8,6,2,2022-07-20 09:00:20
1658307620747992000,66.6,2,66.6,8,66.7,1,1,2022-07-20 09:00:20
1658307620782609000,66.6,2,66.6,6,66.7,1,2,2022-07-20 09:00:20
1658307620782759000,66.6,6,66.1,4,66.7,1,2,2022-07-20 09:00:20
1658307620924093000,66.7,1,66.1,4,66.9,5,1,2022-07-20 09:00:20
1658307620924093000,66.8,6,66.1,4,66.9,5,1,2022-07-20 09:00:20
1658307620924093000,66.9,4,66.1,4,66.9,5,1,2022-07-20 09:00:20
1658307621522423000,66.7,1,66.2,5,66.7,7,1,2022-07-20 09:00:21
1658307623201967000,66.4,1,66.2,5,66.3,1,2,2022-07-20 09:00:23
1658307623241428000,66.3,1,66.2,5,66.7,21,1,2022-07-20 09:00:23
1658307624306506000,66.6,1,66.4,2,66.7,21,1,2022-07-20 09:00:24
1658307624517664000,66.5,1,66.4,1,66.6,7,2,2022-07-20 09:00:24
1658307626004932000,66.6,8,66.4,1,66.7,19,1,2022-07-20 09:00:26
1658307626004932000,66.7,2,66.4,1,66.7,19,1,2022-07-20 09:00:26
1658307626317474000,66.7,1,66.4,1,66.7,20,1,2022-07-20 09:00:26
1658307632382443000,66.6,1,66.5,4,66.6,1,1,2022-07-20 09:00:32
1658307632512948000,66.6,1,66.5,5,66.7,17,1,2022-07-20 09:00:32
1658307632512948000,66.7,1,66.5,5,66.7,17,1,2022-07-20 09:00:32
1658307633087580000,66.6,1,66.6,2,66.7,17,1,2022-07-20 09:00:33
1658307634074562000,66.7,10,66.6,4,66.7,6,1,2022-07-20 09:00:34
1658307634414853000,66.7,1,66.6,5,66.7,5,1,2022-07-20 09:00:34
1658307634650393000,66.6,1,66.6,5,66.7,8,2,2022-07-20 09:00:34
1658307634770100000,66.6,1,66.6,3,66.7,8,2,2022-07-20 09:00:34
1658307635101072000,66.7,2,66.6,3,66.7,6,1,2022-07-20 09:00:35
1658307635287013000,66.6,2,66.6,1,66.7,6,2,2022-07-20 09:00:35
1658307636201288000,66.6,1,66.5,4,66.7,6,2,2022-07-20 09:00:36
1658307636201288000,66.5,1,66.5,4,66.7,6,2,2022-07-20 09:00:36
1658307636417959000,66.7,1,66.5,3,66.7,5,1,2022-07-20 09:00:36
1658307636912755000,66.7,4,66.5,3,66.7,1,1,2022-07-20 09:00:36
1658307637182655000,66.6,1,66.5,3,66.7,1,2,2022-07-20 09:00:37
1658307637781936000,66.6,2,66.6,1,66.7,1,2,2022-07-20 09:00:37
1658307638088223000,66.6,1,66.5,3,66.7,1,2,2022-07-20 09:00:38
1658307638855355000,66.6,1,66.5,3,66.7,11,2,2022-07-20 09:00:38
1658307639436625000,66.7,1,66.5,3,66.7,10,1,2022-07-20 09:00:39
1658307639864061000,66.7,4,66.5,3,66.7,6,1,2022-07-20 09:00:39
1658307640079470000,66.5,2,66.5,1,66.7,6,2,2022-07-20 09:00:40
1658307640419161000,66.5,1,66.4,34,66.6,4,2,2022-07-20 09:00:40
1658307641454022000,66.5,1,66.4,34,66.6,4,2,2022-07-20 09:00:41
1658307641724174000,66.6,4,66.6,1,66.7,7,1,2022-07-20 09:00:41
1658307641763876000,66.6,1,66.5,1,66.7,7,2,2022-07-20 09:00:41
1658307643360163000,66.6,1,66.5,4,66.6,4,1,2022-07-20 09:00:43
1658307643658518000,66.6,1,66.5,4,66.6,3,1,2022-07-20 09:00:43
1658307643947377000,66.5,4,66.4,35,66.5,1,2,2022-07-20 09:00:43
1658307644874221000,66.5,1,66.4,35,66.6,5,1,2022-07-20 09:00:44
1658307646535576000,66.6,2,66.5,2,66.6,5,1,2022-07-20 09:00:46
1658307647211858000,66.5,4,66.5,1,66.6,3,2,2022-07-20 09:00:47
1658307647841966000,66.5,1,66.4,35,66.6,3,2,2022-07-20 09:00:47
1658307649996290000,66.5,1,66.4,32,66.6,4,2,2022-07-20 09:00:49
1658307649996290000,66.4,3,66.4,32,66.6,4,2,2022-07-20 09:00:49
1658307651934081000,66.5,3,66.4,32,66.6,9,2,2022-07-20 09:00:51
1658307652085072000,66.4,1,66.5,3,66.6,9,2,2022-07-20 09:00:52
1658307652809655000,66.5,1,66.4,31,66.6,9,2,2022-07-20 09:00:52
1658307654633321000,66.6,2,66.4,31,66.6,7,1,2022-07-20 09:00:54
1658307655347240000,66.6,1,66.4,31,66.6,6,1,2022-07-20 09:00:55
1658307655714613000,66.6,5,66.4,31,66.6,1,1,2022-07-20 09:00:55
1658307656519831000,66.5,1,66.4,31,66.6,1,1,2022-07-20 09:00:56
1658307656717888000,66.5,1,66.4,28,66.6,1,2,2022-07-20 09:00:56
1658307656717888000,66.4,1,66.4,28,66.6,1,2,2022-07-20 09:00:56
1658307658637158000,66.5,1,66.4,28,66.5,1,2,2022-07-20 09:00:58
1658307658724698000,66.4,2,66.4,26,66.5,1,2,2022-07-20 09:00:58
1658307658865898000,66.5,1,66.4,26,66.6,2,1,2022-07-20 09:00:58
1658307659674129000,66.6,1,66.5,1,66.6,1,1,2022-07-20 09:00:59
1658307659985645000,66.5,1,66.4,26,66.6,1,2,2022-07-20 09:00:59
1658307660373307000,66.4,25,66.4,1,66.6,3,2,2022-07-20 09:01:00
1658307660403949000,66.4,1,66.3,2,66.6,3,2,2022-07-20 09:01:00
1658307660582738000,66.6,1,66.4,2,66.6,2,1,2022-07-20 09:01:00
1658307660602178000,66.6,1,66.4,2,66.6,3,1,2022-07-20 09:01:00
1658307660827876000,66.4,2,66.3,2,66.4,2,2,2022-07-20 09:01:00
1658307660875254000,66.3,2,66.2,6,66.4,6,2,2022-07-20 09:01:00
1658307661000262000,66.4,1,66.2,7,66.4,5,1,2022-07-20 09:01:01
1658307662610170000,66.4,1,66.2,7,66.4,4,1,2022-07-20 09:01:02
1658307663232132000,66.4,2,66.2,7,66.4,2,1,2022-07-20 09:01:03
1658307663396528000,66.2,1,66.2,6,66.4,2,2,2022-07-20 09:01:03
1658307663502409000,66.4,1,66.2,6,66.4,1,1,2022-07-20 09:01:03
1658307663505022000,66.4,1,66.2,6,66.5,7,1,2022-07-20 09:01:03
1658307663808983000,66.2,5,66.1,5,66.5,7,2,2022-07-20 09:01:03
1658307664022907000,66.2,2,66.1,5,66.5,7,1,2022-07-20 09:01:04
1658307664238274000,66.4,1,66.2,4,66.5,10,2,2022-07-20 09:01:04
1658307664606451000,66.2,2,66.2,2,66.5,11,2,2022-07-20 09:01:04
1658307665102475000,66.4,2,66.4,8,66.5,11,1,2022-07-20 09:01:05
1658307665134764000,66.4,2,66.4,6,66.5,11,2,2022-07-20 09:01:05
1658307665154964000,66.4,1,66.4,6,66.5,11,2,2022-07-20 09:01:05
1658307665203679000,66.4,5,66.1,5,66.5,11,2,2022-07-20 09:01:05
1658307665345395000,66.5,1,66.2,1,66.5,10,1,2022-07-20 09:01:05
1658307666241831000,66.2,1,66.2,5,66.5,16,2,2022-07-20 09:01:06
1658307666726685000,66.2,1,66.2,3,66.5,16,2,2022-07-20 09:01:06
1658307675450380000,66.4,7,66.2,5,66.5,12,1,2022-07-20 09:01:15
1658307675450380000,66.5,5,66.2,5,66.5,12,1,2022-07-20 09:01:15
1658307675723869000,66.4,1,66.2,6,66.5,12,2,2022-07-20 09:01:15
1658307676048963000,66.2,1,66.2,5,66.5,11,2,2022-07-20 09:01:16
1658307676453281000,66.2,1,66.2,5,66.4,2,2,2022-07-20 09:01:16
1658307677087780000,66.2,2,66.2,2,66.4,2,2,2022-07-20 09:01:17
1658307677141220000,66.2,1,66.2,1,66.4,2,2,2022-07-20 09:01:17
1658307678323151000,66.4,2,66.4,8,66.5,11,1,2022-07-20 09:01:18
1658307678357795000,66.4,8,66.1,11,66.5,11,2,2022-07-20 09:01:18
1658307679414769000,66.1,1,66.1,10,66.4,1,2,2022-07-20 09:01:19
1658307680367511000,66.2,4,66.1,10,66.4,2,1,2022-07-20 09:01:20
1658307683040279000,66.2,2,66.1,8,66.3,1,2,2022-07-20 09:01:23
1658307683040279000,66.1,2,66.1,8,66.3,1,2,2022-07-20 09:01:23
1658307683086768000,66.2,1,66.2,2,66.3,1,2,2022-07-20 09:01:23
1658307684466457000,66.2,1,66.1,8,66.3,1,2,2022-07-20 09:01:24
1658307688920163000,66.2,2,66.2,4,66.3,3,2,2022-07-20 09:01:28
1658307689513493000,66.2,2,66.2,2,66.3,3,2,2022-07-20 09:01:29
1658307689551765000,66.2,1,66.2,1,66.3,3,2,2022-07-20 09:01:29
1658307689984475000,66.2,1,66.1,12,66.2,3,2,2022-07-20 09:01:29
1658307690207191000,66.2,3,66.1,12,66.2,1,1,2022-07-20 09:01:30
1658307690240917000,66.1,1,66.1,11,66.2,1,2,2022-07-20 09:01:30
1658307690247752000,66.1,1,66.1,10,66.2,1,2,2022-07-20 09:01:30
1658307690333279000,66.2,1,66.1,10,66.3,3,1,2022-07-20 09:01:30
1658307690631887000,66.1,1,66.1,9,66.3,3,2,2022-07-20 09:01:30
1658307690697204000,66.1,1,66.1,8,66.2,1,2,2022-07-20 09:01:30
1658307690786720000,66.1,1,66.1,7,66.2,1,2,2022-07-20 09:01:30
1658307690863524000,66.1,1,66.1,6,66.2,1,2,2022-07-20 09:01:30
1658307692759668000,66.2,1,66.1,6,66.2,4,1,2022-07-20 09:01:32
1658307693158150000,66.2,3,66.1,6,66.2,1,1,2022-07-20 09:01:33
1658307693943530000,66.1,1,66.1,5,66.2,1,2,2022-07-20 09:01:33
1658307695058796000,66.2,1,66.2,9,66.3,3,1,2022-07-20 09:01:35
1658307695279885000,66.2,2,66.2,7,66.3,3,2,2022-07-20 09:01:35
1658307695594786000,66.2,1,66.2,6,66.3,3,2,2022-07-20 09:01:35
1658307695973450000,66.2,2,66.2,4,66.3,3,2,2022-07-20 09:01:35
1658307696471887000,66.2,1,66.2,4,66.3,3,2,2022-07-20 09:01:36
1658307696762340000,66.2,2,66.2,4,66.3,3,2,2022-07-20 09:01:36
1658307698678678000,66.3,4,66.2,4,66.4,3,1,2022-07-20 09:01:38
1658307698678678000,66.4,1,66.2,4,66.4,3,1,2022-07-20 09:01:38
1658307699676639000,66.3,2,66.2,4,66.3,3,1,2022-07-20 09:01:39
1658307699930282000,66.2,1,66.2,3,66.3,3,2,2022-07-20 09:01:39
1658307699987306000,66.3,3,66.2,6,66.3,3,1,2022-07-20 09:01:39
1658307700789351000,66.3,1,66.3,1,66.4,3,2,2022-07-20 09:01:40
1658307700832420000,66.3,1,66.2,5,66.4,3,2,2022-07-20 09:01:40
1658307705499761000,66.3,3,66.3,2,66.4,3,2,2022-07-20 09:01:45
1658307705624926000,66.4,3,66.3,4,66.4,3,1,2022-07-20 09:01:45
1658307705624926000,66.5,4,66.3,4,66.4,3,1,2022-07-20 09:01:45
1658307705803008000,66.5,6,66.3,4,66.6,5,1,2022-07-20 09:01:45
1658307705803008000,66.6,1,66.3,4,66.6,5,1,2022-07-20 09:01:45
1658307705968831000,66.3,1,66.3,4,66.6,5,2,2022-07-20 09:01:45
1658307709262661000,66.4,1,66.4,9,66.6,5,2,2022-07-20 09:01:49
1658307709687590000,66.5,2,66.4,9,66.6,5,1,2022-07-20 09:01:49
1658307714947311000,66.5,3,66.4,9,66.6,5,1,2022-07-20 09:01:54
1658307716603154000,66.5,2,66.4,19,66.5,2,1,2022-07-20 09:01:56
1658307718929559000,66.6,1,66.5,1,66.6,6,1,2022-07-20 09:01:58
1658307719049329000,66.6,2,66.5,1,66.6,4,1,2022-07-20 09:01:59
1658307721181094000,66.5,2,66.4,22,66.6,9,2,2022-07-20 09:02:01
1658307726203903000,66.5,2,66.5,7,66.6,18,2,2022-07-20 09:02:06
1658307726240132000,66.5,7,66.4,15,66.6,18,2,2022-07-20 09:02:06
1658307727423535000,66.4,1,66.4,14,66.5,1,2,2022-07-20 09:02:07
1658307728686186000,66.5,2,66.4,14,66.6,19,1,2022-07-20 09:02:08
1658307732221539000,66.4,1,66.4,14,66.5,3,2,2022-07-20 09:02:12
1658307732605497000,66.5,2,66.4,14,66.5,1,1,2022-07-20 09:02:12
1658307732636120000,66.5,1,66.4,14,66.6,19,1,2022-07-20 09:02:12
1658307735987495000,66.5,4,66.5,4,66.6,19,2,2022-07-20 09:02:15
1658307736023886000,66.5,4,66.4,15,66.6,19,2,2022-07-20 09:02:16
1658307740394659000,66.5,1,66.4,15,66.6,18,2,2022-07-20 09:02:20
1658307744750866000,66.4,1,66.4,18,66.5,5,2,2022-07-20 09:02:24
1658307744779537000,66.4,18,66.3,6,66.5,5,2,2022-07-20 09:02:24
1658307747158392000,66.3,1,66.3,4,66.4,1,2,2022-07-20 09:02:27
1658307748903481000,66.4,1,66.3,4,66.5,5,1,2022-07-20 09:02:28
1658307748903481000,66.5,1,66.3,4,66.5,5,1,2022-07-20 09:02:28
1658307749284830000,66.5,4,66.3,4,66.5,1,1,2022-07-20 09:02:29
1658307750511389000,66.3,1,66.3,3,66.4,25,2,2022-07-20 09:02:30
1658307750647421000,66.3,1,66.3,2,66.4,25,2,2022-07-20 09:02:30
1658307750737140000,66.3,1,66.3,1,66.4,25,2,2022-07-20 09:02:30
1658307751163319000,66.3,1,66.2,17,66.3,9,2,2022-07-20 09:02:31
1658307753256376000,66.2,10,66.2,9,66.3,9,2,2022-07-20 09:02:33
1658307753294955000,66.2,1,66.2,8,66.3,9,2,2022-07-20 09:02:33
1658307753414763000,66.3,1,66.2,8,66.3,8,1,2022-07-20 09:02:33
1658307754561808000,66.3,1,66.2,8,66.3,7,1,2022-07-20 09:02:34
1658307755171311000,66.2,1,66.2,7,66.3,7,2,2022-07-20 09:02:35
1658307755193446000,66.2,1,66.2,6,66.3,7,2,2022-07-20 09:02:35
1658307755235231000,66.2,1,66.2,5,66.3,7,2,2022-07-20 09:02:35
1658307757652451000,66.2,1,66.2,4,66.3,8,2,2022-07-20 09:02:37
1658307758158777000,66.2,1,66.2,3,66.3,8,2,2022-07-20 09:02:38
1658307758191562000,66.2,3,66.1,10,66.3,8,2,2022-07-20 09:02:38
1658307760834729000,66.2,1,66.1,10,66.3,8,1,2022-07-20 09:02:40
1658307761227329000,66.1,2,66.1,8,66.3,8,2,2022-07-20 09:02:41
1658307761727461000,66.2,1,66.2,1,66.3,9,2,2022-07-20 09:02:41
1658307765966915000,66.1,1,66.1,7,66.2,6,2,2022-07-20 09:02:45
1658307771149180000,66.1,1,66.1,12,66.2,6,2,2022-07-20 09:02:51
1658307773269196000,66.2,1,66.1,12,66.2,5,1,2022-07-20 09:02:53
1658307773447352000,66.1,1,66.1,11,66.2,5,2,2022-07-20 09:02:53
1658307774586342000,66.2,1,66.1,11,66.2,4,1,2022-07-20 09:02:54
1658307775475135000,66.2,1,66.1,11,66.2,3,1,2022-07-20 09:02:55
1658307777570162000,66.2,5,66.1,6,66.2,3,1,2022-07-20 09:02:57
1658307778153338000,66.2,2,66.1,7,66.2,1,1,2022-07-20 09:02:58
1658307781673912000,66.2,1,66.1,7,66.3,10,1,2022-07-20 09:03:01
1658307782130794000,66.1,1,66.1,6,66.3,10,2,2022-07-20 09:03:02
1658307782142110000,66.1,1,66.1,5,66.3,10,2,2022-07-20 09:03:02
1658307787277977000,66.2,3,66.1,6,66.2,2,1,2022-07-20 09:03:07
1658307787313978000,66.1,1,66.1,5,66.2,2,2,2022-07-20 09:03:07
1658307788480159000,66.1,1,66.1,4,66.2,2,2,2022-07-20 09:03:08
1658307789078435000,66.2,1,66.1,29,66.2,1,1,2022-07-20 09:03:09
1658307789355551000,66.2,1,66.1,29,66.3,12,1,2022-07-20 09:03:09
1658307789502750000,66.3,1,66.2,2,66.3,11,1,2022-07-20 09:03:09
1658307792097389000,66.2,1,66.2,1,66.3,11,2,2022-07-20 09:03:12
1658307795695319000,66.3,11,66.2,5,66.4,27,1,2022-07-20 09:03:15
1658307795788820000,66.3,1,66.2,5,66.3,1,1,2022-07-20 09:03:15
1658307799652414000,66.3,1,66.2,5,66.4,27,2,2022-07-20 09:03:19
1658307803180327000,66.4,1,66.3,1,66.4,27,1,2022-07-20 09:03:23
1658307804335381000,66.3,3,66.2,7,66.4,27,2,2022-07-20 09:03:24
1658307804803455000,66.2,1,66.2,7,66.4,27,2,2022-07-20 09:03:24
1658307806591769000,66.4,1,66.2,7,66.4,26,1,2022-07-20 09:03:26
1658307807475917000,66.4,1,66.2,7,66.4,25,1,2022-07-20 09:03:27
1658307813260197000,66.2,3,66.2,5,66.4,25,2,2022-07-20 09:03:33
1658307815292628000,66.2,1,66.2,4,66.4,25,2,2022-07-20 09:03:35
1658307816418673000,66.2,1,66.2,3,66.4,25,2,2022-07-20 09:03:36
1658307817734240000,66.2,1,66.2,2,66.3,1,2,2022-07-20 09:03:37
1658307821065648000,66.2,1,66.2,1,66.3,5,2,2022-07-20 09:03:41
1658307821914987000,66.2,1,66.1,47,66.3,5,2,2022-07-20 09:03:41
1658307823833331000,66.2,2,66.1,48,66.3,5,1,2022-07-20 09:03:43
1658307825155236000,66.2,1,66.1,48,66.3,5,1,2022-07-20 09:03:45
1658307832066874000,66.2,1,66.1,48,66.2,3,1,2022-07-20 09:03:52
1658307832551611000,66.2,2,66.1,48,66.2,1,1,2022-07-20 09:03:52
1658307833565978000,66.2,1,66.2,1,66.3,7,1,2022-07-20 09:03:53
1658307834485954000,66.2,1,66.1,49,66.3,7,2,2022-07-20 09:03:54
1658307838594475000,66.1,1,66.1,23,66.2,1,2,2022-07-20 09:03:58
1658307839416984000,66.1,13,66.1,10,66.2,1,2,2022-07-20 09:03:59
1658307839452281000,66.1,10,66.0,43,66.2,1,2,2022-07-20 09:03:59
1658307841465735000,66.0,1,66.0,42,66.1,2,2,2022-07-20 09:04:01
1658307841506117000,66.0,1,66.0,41,66.1,2,2,2022-07-20 09:04:01
1658307841517296000,66.0,9,66.0,32,66.1,2,2,2022-07-20 09:04:01
1658307841528302000,66.0,32,65.9,1,66.1,2,2,2022-07-20 09:04:01
1658307841656899000,65.9,1,65.8,8,66.0,11,2,2022-07-20 09:04:01
1658307841656899000,65.8,1,65.8,8,66.0,11,2,2022-07-20 09:04:01
1658307841691720000,65.8,4,65.8,4,66.0,11,2,2022-07-20 09:04:01
1658307841718434000,65.8,4,65.7,3,65.9,3,2,2022-07-20 09:04:01
1658307841864813000,65.7,3,65.6,13,65.8,1,2,2022-07-20 09:04:01
1658307842058619000,65.6,1,65.6,12,65.7,1,2,2022-07-20 09:04:02
1658307842095975000,65.6,10,65.6,2,65.7,1,2,2022-07-20 09:04:02
1658307842132229000,65.6,2,65.5,23,65.7,1,2,2022-07-20 09:04:02
1658307842252384000,65.5,7,65.5,16,65.7,1,2,2022-07-20 09:04:02
1658307843264006000,65.5,2,65.5,14,65.6,2,2,2022-07-20 09:04:03
1658307849584135000,65.6,1,65.5,15,65.6,1,1,2022-07-20 09:04:09
1658307849615279000,65.6,1,65.5,15,65.7,1,1,2022-07-20 09:04:09
1658307852111412000,65.7,1,65.5,15,65.9,1,1,2022-07-20 09:04:12
1658307852111412000,65.8,1,65.5,15,65.9,1,1,2022-07-20 09:04:12
1658307855693542000,65.9,1,65.6,1,65.9,3,1,2022-07-20 09:04:15
1658307863582415000,65.8,1,65.6,2,65.8,3,1,2022-07-20 09:04:23
1658307864304271000,65.8,2,65.6,2,65.8,2,1,2022-07-20 09:04:24
1658307870557522000,65.8,1,65.6,7,65.8,2,1,2022-07-20 09:04:30
1658307870745826000,65.6,1,65.6,6,65.8,2,2,2022-07-20 09:04:30
1658307875314172000,65.6,1,65.6,6,65.7,1,2,2022-07-20 09:04:35
1658307876814359000,65.7,1,65.6,6,65.8,2,1,2022-07-20 09:04:36
1658307879716150000,65.8,2,65.8,8,65.9,6,1,2022-07-20 09:04:39
1658307880296914000,65.8,1,65.8,7,65.9,5,2,2022-07-20 09:04:40
1658307880434156000,65.9,2,65.8,7,65.9,3,1,2022-07-20 09:04:40
1658307880851947000,65.8,1,65.8,6,65.9,3,2,2022-07-20 09:04:40
1658307880894236000,65.9,3,65.8,6,66.0,17,1,2022-07-20 09:04:40
1658307887606057000,65.8,10,65.8,1,66.0,17,2,2022-07-20 09:04:47
1658307887641036000,65.8,1,65.7,1,66.0,17,2,2022-07-20 09:04:47
1658307889142753000,65.8,2,65.7,4,65.9,1,2,2022-07-20 09:04:49
1658307889156207000,65.7,1,65.7,3,65.9,1,2,2022-07-20 09:04:49
1658307890200910000,65.9,1,65.7,3,65.9,1,1,2022-07-20 09:04:50
1658307891774055000,65.8,1,65.7,2,65.9,1,1,2022-07-20 09:04:51
1658307896848177000,65.8,1,65.7,4,66.0,12,1,2022-07-20 09:04:56
1658307896848177000,65.9,3,65.7,4,66.0,12,1,2022-07-20 09:04:56
1658307896848177000,66.0,6,65.7,4,66.0,12,1,2022-07-20 09:04:56
1658307896994962000,65.8,2,65.7,5,66.0,12,1,2022-07-20 09:04:56
1658307897987035000,65.7,5,65.6,1,66.0,12,2,2022-07-20 09:04:57
1658307897987035000,65.6,6,65.6,1,66.0,12,2,2022-07-20 09:04:57
1658307899800248000,65.8,1,65.7,5,65.9,2,2,2022-07-20 09:04:59
1658307903294373000,65.8,2,65.8,2,65.9,3,2,2022-07-20 09:05:03
1658307903431314000,65.7,1,65.7,4,65.9,3,2,2022-07-20 09:05:03
1658307903446445000,65.7,1,65.7,3,65.9,3,2,2022-07-20 09:05:03
1658307903589235000,65.7,3,65.6,7,65.7,6,2,2022-07-20 09:05:03
1658307903621983000,65.6,1,65.6,6,65.7,19,2,2022-07-20 09:05:03
1658307903648150000,65.6,3,65.6,3,65.7,19,2,2022-07-20 09:05:03
1658307903709848000,65.6,1,65.6,2,65.7,23,2,2022-07-20 09:05:03
1658307903743496000,65.6,2,65.5,26,65.7,23,2,2022-07-20 09:05:03
1658307904281819000,65.5,1,65.5,24,65.6,1,2,2022-07-20 09:05:04
1658307904323350000,65.5,1,65.5,23,65.6,1,2,2022-07-20 09:05:04
1658307905077518000,65.5,1,65.5,22,65.6,1,2,2022-07-20 09:05:05
1658307905375793000,65.6,1,65.5,25,65.6,1,1,2022-07-20 09:05:05
1658307905557903000,65.5,2,65.5,23,65.7,23,2,2022-07-20 09:05:05
1658307907538487000,65.5,2,65.5,22,65.7,24,2,2022-07-20 09:05:07
1658307907728345000,65.5,1,65.5,21,65.6,1,2,2022-07-20 09:05:07
1658307907935447000,65.5,20,65.5,1,65.6,1,2,2022-07-20 09:05:07
1658307907956121000,65.5,1,65.4,5,65.6,1,2,2022-07-20 09:05:07
1658307908176636000,65.5,1,65.4,5,65.5,1,1,2022-07-20 09:05:08
1658307910313379000,65.4,1,65.4,4,65.5,3,2,2022-07-20 09:05:10
1658307910416543000,65.4,2,65.4,2,65.5,3,2,2022-07-20 09:05:10
1658307910417565000,65.4,2,65.3,9,65.5,3,2,2022-07-20 09:05:10
1658307912416604000,65.4,1,65.3,12,65.4,3,1,2022-07-20 09:05:12
1658307913695279000,65.3,1,65.3,11,65.4,3,2,2022-07-20 09:05:13
1658307913793270000,65.3,1,65.3,10,65.4,3,2,2022-07-20 09:05:13
1658307913794131000,65.3,1,65.3,9,65.4,3,2,2022-07-20 09:05:13
1658307913798134000,65.3,1,65.3,8,65.4,3,2,2022-07-20 09:05:13
1658307915619898000,65.3,2,65.3,6,65.4,4,2,2022-07-20 09:05:15
1658307916263211000,65.3,1,65.3,5,65.4,4,2,2022-07-20 09:05:16
1658307916462328000,65.3,1,65.3,4,65.4,4,2,2022-07-20 09:05:16
1658307917062725000,65.3,1,65.3,3,65.4,4,2,2022-07-20 09:05:17
1658307917083910000,65.4,2,65.3,3,65.4,2,1,2022-07-20 09:05:17
1658307917094309000,65.3,3,65.2,3,65.4,2,2,2022-07-20 09:05:17
1658307917809631000,65.3,1,65.2,4,65.3,1,1,2022-07-20 09:05:17
1658307918204747000,65.3,1,65.2,6,65.3,1,1,2022-07-20 09:05:18
1658307918246776000,65.3,1,65.2,6,65.3,2,1,2022-07-20 09:05:18
1658307919432600000,65.2,6,64.7,4,65.3,4,2,2022-07-20 09:05:19
1658307919432600000,65.1,11,64.7,4,65.3,4,2,2022-07-20 09:05:19
1658307919432600000,65.0,22,64.7,4,65.3,4,2,2022-07-20 09:05:19
1658307919432600000,64.9,4,64.7,4,65.3,4,2,2022-07-20 09:05:19
1658307919432600000,64.8,10,64.7,4,65.3,4,2,2022-07-20 09:05:19
1658307919432600000,64.7,18,64.7,4,65.3,4,2,2022-07-20 09:05:19
1658307919475903000,64.7,4,64.7,4,65.3,4,2,2022-07-20 09:05:19
1658307919475903000,64.6,1,64.7,4,65.3,4,2,2022-07-20 09:05:19
1658307919475903000,64.5,6,64.7,4,65.3,4,2,2022-07-20 09:05:19
1658307919477100000,64.6,1,64.5,3,65.2,1,2,2022-07-20 09:05:19
1658307919600358000,64.5,3,64.4,4,64.7,2,2,2022-07-20 09:05:19
1658307919600358000,64.4,1,64.4,4,64.7,2,2,2022-07-20 09:05:19
1658307919610141000,64.4,1,64.4,3,64.7,2,2,2022-07-20 09:05:19
1658307919632023000,64.7,2,64.4,3,65.2,11,1,2022-07-20 09:05:19
1658307919698518000,64.6,3,64.3,1,65.2,10,1,2022-07-20 09:05:19
1658307919963939000,65.2,1,64.3,1,65.2,9,1,2022-07-20 09:05:19
1658307920156712000,64.3,1,64.2,8,65.1,1,2,2022-07-20 09:05:20
1658307920156712000,64.2,2,64.2,8,65.1,1,2,2022-07-20 09:05:20
1658307920340742000,64.5,2,64.2,8,65.0,3,1,2022-07-20 09:05:20
1658307921148349000,64.3,2,64.3,4,65.0,3,2,2022-07-20 09:05:21
1658307921224986000,64.3,3,64.3,1,64.9,3,2,2022-07-20 09:05:21
1658307921262079000,64.3,1,64.2,8,64.9,3,2,2022-07-20 09:05:21
1658307921318483000,64.9,1,64.6,1,64.9,2,1,2022-07-20 09:05:21
1658307922372793000,64.6,2,64.2,8,64.9,3,2,2022-07-20 09:05:22
1658307922591814000,64.2,4,64.2,4,64.9,3,2,2022-07-20 09:05:22
1658307923413809000,64.5,1,64.5,1,64.8,1,2,2022-07-20 09:05:23
1658307923804695000,64.4,1,64.3,8,64.9,2,2,2022-07-20 09:05:23
1658307924449803000,64.4,2,64.3,8,64.8,1,2,2022-07-20 09:05:24
1658307924724753000,64.8,1,64.4,1,64.9,2,1,2022-07-20 09:05:24
1658307927296890000,64.5,1,64.5,13,64.8,4,2,2022-07-20 09:05:27
1658307927631646000,64.8,4,64.5,12,64.9,2,1,2022-07-20 09:05:27
1658307929546691000,64.9,3,64.8,2,65.0,3,1,2022-07-20 09:05:29
1658307930514958000,65.0,1,64.9,1,65.0,2,1,2022-07-20 09:05:30
1658307930557058000,65.0,2,64.9,1,65.1,2,1,2022-07-20 09:05:30
1658307930901006000,65.0,1,64.9,1,65.0,1,1,2022-07-20 09:05:30
1658307932497026000,65.1,2,64.8,2,65.2,8,1,2022-07-20 09:05:32
1658307933302388000,65.2,1,64.8,7,65.2,8,1,2022-07-20 09:05:33
1658307933627580000,65.2,1,64.8,7,65.2,6,1,2022-07-20 09:05:33
1658307935675930000,65.1,1,64.9,3,65.2,6,1,2022-07-20 09:05:35
1658307935872128000,65.2,6,65.2,2,65.3,6,1,2022-07-20 09:05:35
1658307935891009000,65.2,1,65.2,1,65.3,6,2,2022-07-20 09:05:35
1658307936067353000,65.2,1,64.9,3,65.3,5,2,2022-07-20 09:05:36
1658307937401109000,65.1,1,64.9,7,65.2,1,1,2022-07-20 09:05:37
1658307937437068000,65.2,1,65.1,1,65.3,5,1,2022-07-20 09:05:37
1658307937800408000,65.3,5,65.1,1,65.3,5,1,2022-07-20 09:05:37
1658307939323181000,65.2,1,65.0,1,65.2,4,1,2022-07-20 09:05:39
1658307940893340000,65.2,4,65.0,2,65.2,4,1,2022-07-20 09:05:40
1658307941769029000,65.1,1,65.0,3,65.2,3,1,2022-07-20 09:05:41
1658307943478971000,65.2,1,65.0,6,65.2,2,1,2022-07-20 09:05:43
1658307943727407000,65.0,1,65.0,5,65.2,2,2,2022-07-20 09:05:43
1658307944736456000,65.0,2,65.0,3,65.2,8,2,2022-07-20 09:05:44
1658307944770777000,65.2,1,65.0,3,65.2,7,1,2022-07-20 09:05:44
1658307944801748000,65.2,7,65.0,5,65.2,8,1,2022-07-20 09:05:44
1658307945531508000,65.1,1,65.2,1,65.3,6,1,2022-07-20 09:05:45
1658307945570067000,65.2,1,65.0,3,65.3,6,2,2022-07-20 09:05:45
1658307948092864000,65.2,1,65.0,4,65.3,6,2,2022-07-20 09:05:48
1658307948714501000,65.2,1,65.1,2,65.3,6,1,2022-07-20 09:05:48
1658307949314915000,65.2,1,65.1,6,65.2,1,1,2022-07-20 09:05:49
1658307949738468000,65.3,3,65.1,8,65.3,3,1,2022-07-20 09:05:49
1658307952540765000,65.3,3,65.1,8,65.4,3,1,2022-07-20 09:05:52
1658307955048632000,65.4,3,65.3,1,65.5,3,1,2022-07-20 09:05:55
1658307962945719000,65.4,3,65.3,8,65.4,2,1,2022-07-20 09:06:02
1658307962978881000,65.4,2,65.3,8,65.5,4,1,2022-07-20 09:06:02
1658307963526413000,65.4,1,65.3,9,65.5,4,1,2022-07-20 09:06:03
1658307965890896000,65.5,3,65.3,10,65.5,5,1,2022-07-20 09:06:05
1658307966054776000,65.5,2,65.3,10,65.6,6,1,2022-07-20 09:06:06
1658307969486715000,65.4,1,65.4,3,65.5,2,2,2022-07-20 09:06:09
1658307971836168000,65.5,3,65.4,7,65.5,3,1,2022-07-20 09:06:11
1658307974226723000,65.6,1,65.5,1,65.6,5,1,2022-07-20 09:06:14
1658307974732359000,65.5,1,65.4,7,65.6,5,2,2022-07-20 09:06:14
1658307977514087000,65.5,1,65.5,3,65.6,5,2,2022-07-20 09:06:17
1658307978373849000,65.6,1,65.5,3,65.6,4,1,2022-07-20 09:06:18
1658307979486497000,65.6,2,65.5,3,65.6,2,1,2022-07-20 09:06:19
1658307979711402000,65.6,2,65.5,5,65.7,27,1,2022-07-20 09:06:19
1658307980007620000,65.6,1,65.5,6,65.7,27,1,2022-07-20 09:06:20
1658307982209591000,65.7,1,65.6,2,65.7,25,1,2022-07-20 09:06:22
1658307982417320000,65.7,1,65.6,2,65.7,25,1,2022-07-20 09:06:22
1658307983337450000,65.6,1,65.6,3,65.7,24,2,2022-07-20 09:06:23
1658307983627570000,65.7,4,65.6,5,65.7,20,1,2022-07-20 09:06:23
1658307983660561000,65.7,20,65.6,5,65.8,2,1,2022-07-20 09:06:23
1658307983955797000,65.8,2,65.6,10,65.9,3,1,2022-07-20 09:06:23
1658307984019878000,65.9,3,65.6,10,66.0,7,1,2022-07-20 09:06:24
1658307984019878000,66.0,6,65.6,10,66.0,7,1,2022-07-20 09:06:24
1658307984194256000,66.0,3,65.7,1,66.0,7,1,2022-07-20 09:06:24
1658307986883163000,66.0,1,65.7,1,66.0,3,1,2022-07-20 09:06:26
1658307986886394000,66.0,1,65.7,1,66.0,4,1,2022-07-20 09:06:26
1658307989928772000,65.9,1,65.8,1,65.9,1,1,2022-07-20 09:06:29
1658307990605808000,66.0,1,65.8,1,66.0,2,1,2022-07-20 09:06:30
1658307990614567000,66.0,2,65.8,1,66.1,3,1,2022-07-20 09:06:30
1658307996846612000,65.9,1,65.8,6,65.9,1,1,2022-07-20 09:06:36
1658307998031772000,66.0,1,65.9,1,66.1,5,1,2022-07-20 09:06:38
1658308001026604000,65.9,1,65.8,10,66.0,17,2,2022-07-20 09:06:41
1658308001535972000,65.9,1,65.8,10,66.0,17,2,2022-07-20 09:06:41
1658308001915827000,66.0,1,65.8,10,66.0,17,1,2022-07-20 09:06:41
1658308004523115000,65.9,1,65.9,5,66.0,16,2,2022-07-20 09:06:44
1658308006478166000,66.0,5,65.9,5,66.0,11,1,2022-07-20 09:06:46
1658308006979233000,65.9,1,65.9,4,66.0,11,2,2022-07-20 09:06:46
1658308008553755000,66.0,2,65.9,4,66.0,9,1,2022-07-20 09:06:48
1658308008698699000,65.9,3,65.9,1,66.0,9,2,2022-07-20 09:06:48
1658308009446675000,65.9,1,65.8,11,66.0,9,2,2022-07-20 09:06:49
1658308010527100000,65.9,1,65.8,12,65.9,5,1,2022-07-20 09:06:50
1658308016072509000,65.8,1,65.8,11,65.9,7,2,2022-07-20 09:06:56
1658308016107639000,65.8,3,65.8,8,65.9,7,2,2022-07-20 09:06:56
1658308016108521000,65.8,8,65.7,4,65.9,7,2,2022-07-20 09:06:56
1658308016521402000,65.7,4,65.6,8,65.8,22,2,2022-07-20 09:06:56
1658308016789227000,65.7,1,65.6,7,65.7,3,1,2022-07-20 09:06:56
1658308019603954000,65.7,1,65.6,7,65.7,4,1,2022-07-20 09:06:59
1658308019702680000,65.7,1,65.6,7,65.7,3,1,2022-07-20 09:06:59
1658308025063923000,65.6,10,65.4,9,65.5,2,2,2022-07-20 09:07:05
1658308025063923000,65.5,7,65.4,9,65.5,2,2,2022-07-20 09:07:05
1658308025103448000,65.4,1,65.4,8,65.5,2,2,2022-07-20 09:07:05
1658308028084678000,65.4,2,65.4,8,65.5,5,2,2022-07-20 09:07:08
1658308028881698000,65.4,8,65.3,7,65.4,2,2,2022-07-20 09:07:08
1658308029095212000,65.4,1,65.3,6,65.4,1,1,2022-07-20 09:07:09
1658308029125698000,65.4,1,65.3,6,65.5,5,1,2022-07-20 09:07:09
1658308029130825000,65.3,1,65.3,5,65.5,5,2,2022-07-20 09:07:09
1658308029962944000,65.4,1,65.3,5,65.4,5,1,2022-07-20 09:07:09
1658308030034786000,65.3,1,65.3,4,65.4,5,2,2022-07-20 09:07:10
1658308031799173000,65.3,1,65.3,3,65.4,5,2,2022-07-20 09:07:11
1658308032353257000,65.3,2,65.3,3,65.4,5,2,2022-07-20 09:07:12
1658308034180289000,65.3,3,65.2,1,65.4,6,2,2022-07-20 09:07:14
1658308037851511000,65.3,4,65.2,4,65.4,9,1,2022-07-20 09:07:17
1658308040227652000,65.3,1,65.2,4,65.3,3,1,2022-07-20 09:07:20
1658308041325257000,65.3,3,65.2,4,65.4,8,1,2022-07-20 09:07:21
1658308044296737000,65.4,7,65.2,4,65.5,3,1,2022-07-20 09:07:24
1658308047741332000,65.3,1,65.2,3,65.4,3,2,2022-07-20 09:07:27
1658308048528808000,65.2,1,65.2,2,65.4,3,2,2022-07-20 09:07:28
1658308048601687000,65.3,1,65.2,1,65.4,3,1,2022-07-20 09:07:28
1658308050966863000,65.2,3,65.1,8,65.3,5,2,2022-07-20 09:07:30
1658308052972328000,65.2,1,65.1,7,65.2,1,1,2022-07-20 09:07:32
1658308058644836000,65.2,1,65.1,10,65.2,1,1,2022-07-20 09:07:38
1658308058675878000,65.2,1,65.1,10,65.3,6,1,2022-07-20 09:07:38
1658308060884925000,65.2,1,65.1,11,65.2,2,2,2022-07-20 09:07:40
1658308060922332000,65.2,2,65.1,10,65.3,3,1,2022-07-20 09:07:40
1658308067473805000,65.2,1,65.1,8,65.3,7,2,2022-07-20 09:07:47
1658308070540633000,65.1,1,65.1,8,65.2,1,2,2022-07-20 09:07:50
1658308072388070000,65.2,1,65.2,1,65.3,7,1,2022-07-20 09:07:52
1658308073481504000,65.2,2,65.1,8,65.3,7,2,2022-07-20 09:07:53
1658308076811144000,65.1,3,65.1,10,65.2,3,2,2022-07-20 09:07:56
1658308077430035000,65.1,7,65.0,14,65.2,3,2,2022-07-20 09:07:57
1658308078301997000,65.1,1,65.2,1,65.3,7,1,2022-07-20 09:07:58
1658308078301997000,65.2,3,65.2,1,65.3,7,1,2022-07-20 09:07:58
1658308078325267000,65.2,1,65.0,14,65.3,7,2,2022-07-20 09:07:58
1658308080104826000,65.1,1,65.0,14,65.3,7,2,2022-07-20 09:08:00
1658308081114722000,65.1,1,65.0,14,65.1,1,1,2022-07-20 09:08:01
1658308083525980000,65.2,1,65.1,2,65.3,7,1,2022-07-20 09:08:03
1658308083896608000,65.1,1,65.1,1,65.2,1,2,2022-07-20 09:08:03
1658308097056106000,65.2,4,65.1,5,65.3,7,1,2022-07-20 09:08:17
1658308097085671000,65.3,5,65.1,5,65.3,2,1,2022-07-20 09:08:17
1658308097118588000,65.3,2,65.1,6,65.4,4,1,2022-07-20 09:08:17
1658308103599172000,65.4,2,65.1,7,65.5,3,1,2022-07-20 09:08:23
1658308106167690000,65.1,1,65.1,9,65.4,1,2,2022-07-20 09:08:26
1658308111145444000,65.1,1,65.1,5,65.4,2,2,2022-07-20 09:08:31
1658308125732597000,65.4,2,65.2,2,65.6,1,1,2022-07-20 09:08:45
1658308125732597000,65.5,3,65.2,2,65.6,1,1,2022-07-20 09:08:45
1658308126403221000,65.2,1,65.2,3,65.5,1,2,2022-07-20 09:08:46
1658308137610446000,65.2,1,65.2,2,65.5,1,2,2022-07-20 09:08:57
1658308143938962000,65.5,2,65.2,7,65.6,2,1,2022-07-20 09:09:03
1658308143938962000,65.6,2,65.2,7,65.6,2,1,2022-07-20 09:09:03
1658308156032677000,65.5,1,65.3,3,65.6,3,1,2022-07-20 09:09:16
1658308156745934000,65.6,1,65.3,4,65.7,3,1,2022-07-20 09:09:16
1658308163169313000,65.6,1,65.3,5,65.7,4,2,2022-07-20 09:09:23
1658308169551874000,65.7,1,65.6,1,65.7,1,1,2022-07-20 09:09:29
1658308169890564000,65.7,1,65.7,1,65.8,2,1,2022-07-20 09:09:29
1658308169943204000,65.7,1,65.6,1,65.8,2,2,2022-07-20 09:09:29
1658308170224926000,65.8,1,65.6,1,65.8,3,1,2022-07-20 09:09:30
1658308170338411000,65.8,1,65.6,1,65.8,1,1,2022-07-20 09:09:30
1658308175195005000,65.6,1,65.6,2,65.9,9,2,2022-07-20 09:09:35
1658308176696862000,65.8,1,65.7,1,65.9,9,1,2022-07-20 09:09:36
1658308179939626000,65.8,1,65.7,1,65.9,11,1,2022-07-20 09:09:39
1658308180173509000,65.7,1,65.6,3,65.9,11,2,2022-07-20 09:09:40
1658308180292424000,65.8,1,65.8,1,65.9,12,2,2022-07-20 09:09:40
1658308186418876000,65.8,1,65.7,2,65.9,12,2,2022-07-20 09:09:46
1658308186545951000,65.7,2,65.6,1,65.8,2,2,2022-07-20 09:09:46
1658308186693759000,65.8,1,65.6,1,65.8,2,1,2022-07-20 09:09:46
1658308186888451000,65.8,1,65.6,1,65.9,13,1,2022-07-20 09:09:46
1658308187363169000,65.9,1,65.7,1,65.9,12,1,2022-07-20 09:09:47
1658308190235827000,65.7,1,65.6,2,65.9,10,2,2022-07-20 09:09:50
1658308190235827000,65.6,1,65.6,2,65.9,10,2,2022-07-20 09:09:50
1658308190438866000,65.9,7,65.6,2,65.9,3,1,2022-07-20 09:09:50
1658308191943682000,65.9,2,65.6,2,65.9,2,1,2022-07-20 09:09:51
1658308192556303000,65.8,1,65.6,3,65.9,3,2,2022-07-20 09:09:52
1658308195855962000,65.9,1,65.6,3,65.9,2,1,2022-07-20 09:09:55
1658308202493730000,65.9,1,65.7,5,65.9,8,1,2022-07-20 09:10:02
1658308206383897000,65.9,2,65.7,6,65.9,9,1,2022-07-20 09:10:06
1658308208287586000,65.7,6,65.6,3,65.8,23,2,2022-07-20 09:10:08
1658308208320602000,65.6,3,65.5,2,65.8,23,2,2022-07-20 09:10:08
1658308210269955000,65.7,1,65.5,2,65.7,5,1,2022-07-20 09:10:10
1658308214942221000,65.7,1,65.5,2,65.7,4,1,2022-07-20 09:10:14
1658308235102670000,65.6,1,65.6,3,65.7,8,2,2022-07-20 09:10:35
1658308237031595000,65.7,1,65.6,8,65.7,7,1,2022-07-20 09:10:37
1658308237929168000,65.7,7,65.7,12,65.8,24,1,2022-07-20 09:10:37
1658308238861812000,65.7,1,65.7,11,65.8,24,2,2022-07-20 09:10:38
1658308239415957000,65.7,1,65.7,10,65.8,24,2,2022-07-20 09:10:39
1658308243823671000,65.7,6,65.7,5,65.8,24,2,2022-07-20 09:10:43
1658308243886185000,65.7,1,65.7,4,65.8,24,2,2022-07-20 09:10:43
1658308243906097000,65.7,4,65.6,8,65.8,24,2,2022-07-20 09:10:43
1658308245847040000,65.6,8,65.5,13,65.7,11,2,2022-07-20 09:10:45
1658308255930619000,65.5,1,65.5,12,65.6,7,2,2022-07-20 09:10:55
1658308258645122000,65.5,10,65.5,1,65.6,7,2,2022-07-20 09:10:58
1658308258680889000,65.5,1,65.4,11,65.6,7,2,2022-07-20 09:10:58
1658308261955854000,65.4,1,65.4,8,65.5,24,2,2022-07-20 09:11:01
1658308267692409000,65.4,1,65.4,7,65.5,26,2,2022-07-20 09:11:07
1658308268768539000,65.4,1,65.4,6,65.5,26,2,2022-07-20 09:11:08
1658308270338487000,65.4,2,65.4,4,65.5,26,2,2022-07-20 09:11:10
1658308270405163000,65.4,1,65.4,3,65.5,26,2,2022-07-20 09:11:10
1658308270649980000,65.4,1,65.4,2,65.5,26,2,2022-07-20 09:11:10
1658308272169527000,65.4,3,65.3,12,65.4,7,2,2022-07-20 09:11:12
1658308281219062000,65.4,12,65.3,12,65.5,25,1,2022-07-20 09:11:21
1658308281239376000,65.5,25,65.3,12,65.7,2,1,2022-07-20 09:11:21
1658308281271890000,65.4,1,65.3,14,65.7,3,1,2022-07-20 09:11:21
1658308281291559000,65.4,1,65.3,12,65.7,3,1,2022-07-20 09:11:21
1658308283898125000,65.7,3,65.4,19,65.8,2,1,2022-07-20 09:11:23
1658308283926374000,65.8,2,65.4,19,65.9,11,1,2022-07-20 09:11:23
1658308287002147000,65.9,1,65.6,14,65.9,10,1,2022-07-20 09:11:27
1658308290713782000,65.9,1,65.6,14,65.9,9,1,2022-07-20 09:11:30
1658308295198914000,65.9,2,65.8,1,65.9,7,1,2022-07-20 09:11:35
1658308295506297000,65.8,1,65.6,15,65.9,7,2,2022-07-20 09:11:35
1658308307524275000,65.7,1,65.7,2,65.8,16,2,2022-07-20 09:11:47
1658308309667542000,65.7,1,65.7,2,65.8,17,2,2022-07-20 09:11:49
1658308310619235000,65.7,1,65.7,1,65.8,17,2,2022-07-20 09:11:50
1658308311178518000,65.8,1,65.7,1,65.8,16,1,2022-07-20 09:11:51
1658308312098059000,65.8,2,65.7,1,65.8,15,1,2022-07-20 09:11:52
1658308317617936000,65.7,1,65.7,2,65.8,16,2,2022-07-20 09:11:57
1658308323044713000,65.7,4,65.6,16,65.8,16,2,2022-07-20 09:12:03
1658308324559423000,65.8,15,65.6,22,65.8,15,1,2022-07-20 09:12:04
1658308325133104000,65.6,1,65.6,21,65.9,4,2,2022-07-20 09:12:05
1658308325743264000,65.7,1,65.6,21,65.7,1,1,2022-07-20 09:12:05
1658308326691271000,65.8,3,65.6,21,65.9,4,1,2022-07-20 09:12:06
1658308326759617000,65.8,1,65.6,21,65.9,4,1,2022-07-20 09:12:06
1658308331305426000,65.8,1,65.7,1,65.9,6,1,2022-07-20 09:12:11
1658308331356327000,65.7,1,65.6,21,65.9,6,2,2022-07-20 09:12:11
1658308333842110000,65.8,7,65.6,21,65.8,4,1,2022-07-20 09:12:13
1658308347670846000,65.8,1,65.7,1,65.8,6,1,2022-07-20 09:12:27
1658308354303250000,65.8,1,65.7,1,65.8,6,1,2022-07-20 09:12:34
1658308355265567000,65.7,1,65.6,23,65.8,6,2,2022-07-20 09:12:35
1658308357645585000,65.8,4,65.7,1,65.8,7,1,2022-07-20 09:12:37
1658308364791712000,65.8,1,65.7,1,65.8,9,1,2022-07-20 09:12:44
1658308364799117000,65.7,1,65.6,23,65.8,9,2,2022-07-20 09:12:44
1658308366203192000,65.7,1,65.7,1,65.8,12,2,2022-07-20 09:12:46
1658308366243662000,65.7,1,65.6,23,65.8,12,2,2022-07-20 09:12:46
1658308369194973000,65.7,1,65.6,23,65.8,12,1,2022-07-20 09:12:49
1658308376301802000,65.7,1,65.6,26,65.8,13,1,2022-07-20 09:12:56
1658308379431211000,65.7,1,65.6,26,65.8,13,2,2022-07-20 09:12:59
1658308395265889000,65.6,6,65.6,20,65.8,14,2,2022-07-20 09:13:15
1658308395290922000,65.7,1,65.6,1,65.8,14,2,2022-07-20 09:13:15
1658308395290922000,65.6,19,65.6,1,65.8,14,2,2022-07-20 09:13:15
1658308395290978000,65.6,1,65.5,1,65.8,14,2,2022-07-20 09:13:15
1658308404733594000,65.5,1,65.4,5,65.7,26,2,2022-07-20 09:13:24
1658308404733594000,65.4,2,65.4,5,65.7,26,2,2022-07-20 09:13:24
1658308409355013000,65.4,1,65.4,1,65.7,17,2,2022-07-20 09:13:29
1658308410765995000,65.5,1,65.3,11,65.7,16,2,2022-07-20 09:13:30
1658308410765995000,65.4,1,65.3,11,65.7,16,2,2022-07-20 09:13:30
1658308412978911000,65.5,1,65.4,2,65.6,1,1,2022-07-20 09:13:32
1658308415397639000,65.5,1,65.4,3,65.5,1,1,2022-07-20 09:13:35
1658308415989085000,65.6,1,65.4,4,65.7,9,1,2022-07-20 09:13:35
1658308416282894000,65.4,5,65.3,10,65.7,10,2,2022-07-20 09:13:36
1658308421265478000,65.5,2,65.3,10,65.6,1,1,2022-07-20 09:13:41
1658308423913507000,65.6,2,65.4,2,65.7,10,1,2022-07-20 09:13:43
1658308432015924000,65.7,5,65.5,4,65.7,4,1,2022-07-20 09:13:52
1658308432048417000,65.7,4,65.5,4,65.8,21,1,2022-07-20 09:13:52
1658308437087776000,65.8,10,65.5,7,65.8,10,1,2022-07-20 09:13:57
1658308437114267000,65.8,10,65.5,7,65.9,5,1,2022-07-20 09:13:57
1658308437896954000,65.9,4,65.6,5,66.0,35,1,2022-07-20 09:13:57
1658308439353354000,66.0,3,65.7,3,66.0,32,1,2022-07-20 09:13:59
1658308439457558000,66.0,1,65.7,3,66.0,31,1,2022-07-20 09:13:59
1658308441048109000,65.9,1,65.7,3,66.0,31,1,2022-07-20 09:14:01
1658308441048936000,66.0,4,65.7,3,65.9,1,1,2022-07-20 09:14:01
1658308443083560000,66.0,1,65.7,3,66.0,26,1,2022-07-20 09:14:03
1658308444596301000,66.0,5,65.7,5,66.0,21,1,2022-07-20 09:14:04
1658308444622142000,66.0,8,65.7,5,66.0,13,1,2022-07-20 09:14:04
1658308444649428000,66.0,13,65.7,5,66.1,9,1,2022-07-20 09:14:04
1658308445131990000,66.1,3,65.8,3,66.1,6,1,2022-07-20 09:14:05
1658308445225727000,66.1,2,65.8,3,66.1,4,1,2022-07-20 09:14:05
1658308451374865000,66.0,1,65.7,6,66.1,4,1,2022-07-20 09:14:11
1658308451472502000,66.1,1,65.8,4,66.1,3,1,2022-07-20 09:14:11
1658308451480493000,66.1,3,65.8,4,66.2,16,1,2022-07-20 09:14:11
1658308452103975000,66.2,3,66.0,1,66.2,13,1,2022-07-20 09:14:12
1658308452122726000,66.0,1,65.8,5,66.2,13,2,2022-07-20 09:14:12
1658308452216531000,66.2,1,65.8,5,66.2,12,1,2022-07-20 09:14:12
1658308452318393000,66.2,3,65.9,3,66.2,12,1,2022-07-20 09:14:12
1658308453992312000,66.2,3,66.0,3,66.2,6,1,2022-07-20 09:14:13
1658308454794889000,66.0,1,66.0,2,66.2,6,2,2022-07-20 09:14:14
1658308460428703000,66.2,12,66.1,4,66.3,12,1,2022-07-20 09:14:20
1658308461602299000,66.1,1,66.1,5,66.3,12,2,2022-07-20 09:14:21
1658308463106039000,66.3,3,66.1,4,66.3,9,1,2022-07-20 09:14:23
1658308463144341000,66.3,2,66.1,4,66.3,7,1,2022-07-20 09:14:23
1658308465572477000,66.3,1,66.2,2,66.3,6,1,2022-07-20 09:14:25
1658308467415313000,66.3,1,66.2,2,66.3,5,1,2022-07-20 09:14:27
1658308468206244000,66.3,2,66.2,2,66.3,3,1,2022-07-20 09:14:28
1658308468728903000,66.3,1,66.2,4,66.3,2,1,2022-07-20 09:14:28
1658308469097137000,66.3,1,66.2,4,66.3,1,1,2022-07-20 09:14:29
1658308469717963000,66.3,1,66.2,6,66.4,2,1,2022-07-20 09:14:29
1658308470322633000,66.4,1,66.3,1,66.4,2,1,2022-07-20 09:14:30
1658308471441189000,66.4,1,66.3,3,66.5,15,1,2022-07-20 09:14:31
1658308471441189000,66.5,1,66.3,3,66.5,15,1,2022-07-20 09:14:31
1658308471859640000,66.5,1,66.3,5,66.5,14,1,2022-07-20 09:14:31
1658308472691012000,66.5,14,66.3,5,66.6,10,1,2022-07-20 09:14:32
1658308473369922000,66.3,1,66.3,4,66.6,10,2,2022-07-20 09:14:33
1658308475332385000,66.3,1,66.3,3,66.5,1,2,2022-07-20 09:14:35
1658308475483496000,66.3,1,66.2,6,66.5,1,2,2022-07-20 09:14:35
1658308479397204000,66.3,1,66.3,2,66.5,7,2,2022-07-20 09:14:39
1658308479435630000,66.3,2,66.2,4,66.5,7,2,2022-07-20 09:14:39
1658308479480764000,66.5,5,66.2,4,66.5,4,1,2022-07-20 09:14:39
1658308479711825000,66.5,2,66.3,1,66.6,6,1,2022-07-20 09:14:39
1658308479711825000,66.6,3,66.3,1,66.6,6,1,2022-07-20 09:14:39
1658308480490512000,66.5,1,66.3,4,66.6,6,1,2022-07-20 09:14:40
1658308481770564000,66.6,4,66.3,4,66.6,2,1,2022-07-20 09:14:41
1658308483637178000,66.5,2,66.4,3,66.5,1,1,2022-07-20 09:14:43
1658308483676492000,66.5,1,66.4,3,66.6,2,1,2022-07-20 09:14:43
1658308483838439000,66.4,1,66.4,2,66.5,1,2,2022-07-20 09:14:43
1658308485946864000,66.5,1,66.4,3,66.6,3,1,2022-07-20 09:14:45
1658308489382185000,66.5,1,66.4,9,66.5,1,1,2022-07-20 09:14:49
1658308489760308000,66.5,1,66.4,9,66.6,4,1,2022-07-20 09:14:49
1658308492874460000,66.5,2,66.4,11,66.6,5,2,2022-07-20 09:14:52
1658308494833056000,66.5,2,66.4,11,66.6,5,2,2022-07-20 09:14:54
1658308496954457000,66.5,3,66.5,3,66.6,10,2,2022-07-20 09:14:56
1658308497495415000,66.5,1,66.4,11,66.5,11,1,2022-07-20 09:14:57
1658308499522532000,66.5,1,66.4,11,66.5,12,1,2022-07-20 09:14:59
1658308499557511000,66.5,1,66.4,11,66.5,11,1,2022-07-20 09:14:59
1658308504728325000,66.5,2,66.4,11,66.5,10,1,2022-07-20 09:15:04
1658308505278662000,66.4,3,66.4,8,66.5,10,2,2022-07-20 09:15:05
1658308505311334000,66.4,5,66.4,3,66.5,10,2,2022-07-20 09:15:05
1658308505311350000,66.4,3,66.3,8,66.5,10,2,2022-07-20 09:15:05
1658308505969019000,66.5,1,66.3,8,66.5,10,1,2022-07-20 09:15:05
1658308508336698000,66.4,1,66.3,8,66.5,6,1,2022-07-20 09:15:08
1658308508336698000,66.5,4,66.3,8,66.5,6,1,2022-07-20 09:15:08
1658308508489721000,66.5,5,66.4,1,66.5,5,1,2022-07-20 09:15:08
1658308508547008000,66.4,1,66.3,8,66.4,6,2,2022-07-20 09:15:08
1658308508755380000,66.4,2,66.3,8,66.4,4,1,2022-07-20 09:15:08
1658308510068808000,66.4,4,66.4,1,66.5,19,1,2022-07-20 09:15:10
1658308513647129000,66.4,1,66.3,9,66.5,19,2,2022-07-20 09:15:13
1658308514208435000,66.4,1,66.3,9,66.5,19,1,2022-07-20 09:15:14
1658308514470869000,66.4,1,66.4,4,66.5,19,1,2022-07-20 09:15:14
1658308514942139000,66.4,1,66.4,4,66.5,19,2,2022-07-20 09:15:14
1658308515062461000,66.4,3,66.4,1,66.5,19,2,2022-07-20 09:15:15
1658308515093475000,66.4,1,66.3,9,66.5,19,2,2022-07-20 09:15:15
1658308516301020000,66.4,5,66.3,9,66.4,5,1,2022-07-20 09:15:16
1658308516873618000,66.4,10,66.3,9,66.4,5,2,2022-07-20 09:15:16
1658308518265768000,66.3,5,66.3,4,66.4,5,2,2022-07-20 09:15:18
1658308518299888000,66.3,3,66.3,1,66.4,5,2,2022-07-20 09:15:18
1658308518300209000,66.3,1,66.2,4,66.3,3,2,2022-07-20 09:15:18
1658308521722031000,66.3,1,66.2,4,66.3,2,1,2022-07-20 09:15:21
1658308521753063000,66.3,2,66.2,4,66.4,6,1,2022-07-20 09:15:21
1658308523895101000,66.3,1,66.2,4,66.4,7,2,2022-07-20 09:15:23
1658308525039225000,66.3,1,66.2,4,66.3,1,1,2022-07-20 09:15:25
1658308525261990000,66.3,1,66.3,1,66.4,9,1,2022-07-20 09:15:25
1658308525295922000,66.3,1,66.2,4,66.4,9,2,2022-07-20 09:15:25
1658308526357132000,66.2,1,66.2,3,66.4,7,2,2022-07-20 09:15:26
1658308526385900000,66.2,3,66.1,4,66.4,7,2,2022-07-20 09:15:26
1658308527955565000,66.1,5,66.0,15,66.2,10,2,2022-07-20 09:15:27
1658308529593184000,66.0,1,66.0,14,66.2,2,2,2022-07-20 09:15:29
1658308529618934000,66.0,3,66.0,11,66.2,2,2,2022-07-20 09:15:29
1658308529641507000,66.0,2,66.0,9,66.2,2,2,2022-07-20 09:15:29
1658308529641900000,66.0,9,65.8,4,66.0,2,2,2022-07-20 09:15:29
1658308532540975000,66.0,1,65.9,1,66.0,1,1,2022-07-20 09:15:32
1658308532569839000,66.0,1,65.9,1,66.1,3,1,2022-07-20 09:15:32
1658308533169738000,66.2,2,65.9,1,66.3,10,1,2022-07-20 09:15:33
1658308533169738000,66.3,2,65.9,1,66.3,10,1,2022-07-20 09:15:33
1658308534635196000,66.0,1,65.9,1,66.3,8,2,2022-07-20 09:15:34
1658308538989803000,66.1,1,66.0,1,66.2,1,2,2022-07-20 09:15:38
1658308539435291000,66.1,1,66.0,2,66.1,1,1,2022-07-20 09:15:39
1658308541271356000,66.2,1,66.0,3,66.3,8,1,2022-07-20 09:15:41
1658308542369512000,66.0,1,66.0,2,66.3,6,2,2022-07-20 09:15:42
1658308547287242000,66.1,1,66.1,1,66.2,1,2,2022-07-20 09:15:47
1658308549922268000,66.2,1,66.1,4,66.2,1,1,2022-07-20 09:15:49
1658308551690064000,66.1,2,66.1,2,66.2,2,2,2022-07-20 09:15:51
1658308556160981000,66.1,1,66.1,4,66.2,2,2,2022-07-20 09:15:56
1658308557221407000,66.1,1,66.1,3,66.2,2,2,2022-07-20 09:15:57
1658308558734318000,66.1,3,66.0,9,66.1,12,2,2022-07-20 09:15:58
1658308565085406000,66.1,4,66.0,10,66.1,8,1,2022-07-20 09:16:05
1658308565116876000,66.1,8,66.0,10,66.2,4,1,2022-07-20 09:16:05
1658308565385456000,66.0,1,66.0,10,66.1,1,2,2022-07-20 09:16:05
1658308567610630000,66.0,1,66.0,11,66.1,1,2,2022-07-20 09:16:07
1658308572909485000,66.1,2,66.0,12,66.1,1,1,2022-07-20 09:16:12
1658308572941863000,66.1,1,66.0,12,66.2,4,1,2022-07-20 09:16:12
1658308572982214000,66.2,4,66.0,12,66.3,7,1,2022-07-20 09:16:12
1658308574222591000,66.0,2,66.0,10,66.3,7,2,2022-07-20 09:16:14
1658308591839298000,66.1,1,66.1,1,66.2,7,2,2022-07-20 09:16:31
1658308601296943000,66.1,1,66.0,17,66.1,1,2,2022-07-20 09:16:41
1658308601320912000,66.1,1,66.0,17,66.2,7,1,2022-07-20 09:16:41
1658308601894788000,66.0,4,66.0,13,66.2,7,2,2022-07-20 09:16:41
1658308610854989000,66.1,1,66.0,19,66.2,8,1,2022-07-20 09:16:50
1658308610878434000,66.2,7,66.0,19,66.2,1,1,2022-07-20 09:16:50
1658308610933398000,66.1,1,66.0,19,66.1,1,1,2022-07-20 09:16:50
1658308624646438000,66.3,5,66.1,7,66.4,10,1,2022-07-20 09:17:04
1658308624770340000,66.4,9,66.1,10,66.5,24,1,2022-07-20 09:17:04
1658308625404992000,66.2,1,66.2,2,66.5,24,2,2022-07-20 09:17:05
1658308626315559000,66.1,2,66.1,6,66.4,1,2,2022-07-20 09:17:06
1658308642307076000,66.2,2,66.2,3,66.3,1,2,2022-07-20 09:17:22
1658308652486426000,66.3,1,66.2,2,66.4,7,1,2022-07-20 09:17:32
1658308656476497000,66.2,2,66.2,4,66.4,7,2,2022-07-20 09:17:36
1658308665555907000,66.3,1,66.2,10,66.4,7,1,2022-07-20 09:17:45
1658308666645469000,66.2,1,66.2,9,66.4,7,2,2022-07-20 09:17:46
1658308670203558000,66.2,1,66.2,7,66.4,7,2,2022-07-20 09:17:50
1658308679090025000,66.3,1,66.2,8,66.4,7,1,2022-07-20 09:17:59
1658308690792960000,66.3,1,66.2,10,66.3,1,1,2022-07-20 09:18:10
1658308695664669000,66.3,1,66.2,11,66.4,7,1,2022-07-20 09:18:15
1658308695690540000,66.4,5,66.2,11,66.4,2,1,2022-07-20 09:18:15
1658308697521340000,66.4,1,66.2,11,66.4,1,1,2022-07-20 09:18:17
1658308697750319000,66.4,1,66.3,1,66.5,19,1,2022-07-20 09:18:17
1658308699057190000,66.4,1,66.3,2,66.5,19,1,2022-07-20 09:18:19
1658308703106885000,66.5,18,66.5,2,66.6,11,1,2022-07-20 09:18:23
1658308703134047000,66.6,11,66.5,2,66.7,12,1,2022-07-20 09:18:23
1658308703207161000,66.7,12,66.5,4,66.8,34,1,2022-07-20 09:18:23
1658308703243026000,66.8,4,66.5,4,66.8,30,1,2022-07-20 09:18:23
1658308703243187000,66.8,11,66.5,4,66.8,19,1,2022-07-20 09:18:23
1658308703290249000,66.8,1,66.5,5,66.8,18,1,2022-07-20 09:18:23
1658308703339607000,66.8,1,66.5,6,66.8,18,1,2022-07-20 09:18:23
1658308703779036000,66.8,17,66.5,10,66.9,26,1,2022-07-20 09:18:23
1658308704337939000,66.9,2,66.5,10,66.9,24,1,2022-07-20 09:18:24
1658308704450591000,66.9,1,66.5,10,66.9,23,1,2022-07-20 09:18:24
1658308705444573000,66.9,2,66.5,10,66.9,21,1,2022-07-20 09:18:25
1658308705929590000,66.5,1,66.5,10,66.9,21,2,2022-07-20 09:18:25
1658308706493079000,66.9,1,66.5,10,66.9,20,1,2022-07-20 09:18:26
1658308707735094000,66.9,10,66.5,10,66.9,10,1,2022-07-20 09:18:27
1658308708800801000,66.9,10,66.5,12,67.0,38,1,2022-07-20 09:18:28
1658308711600331000,66.9,1,66.6,6,67.0,39,2,2022-07-20 09:18:31
1658308713589709000,67.0,1,66.6,6,67.0,38,1,2022-07-20 09:18:33
1658308713706107000,67.0,1,66.6,6,67.0,37,1,2022-07-20 09:18:33
1658308713759174000,67.0,1,66.6,6,67.0,36,1,2022-07-20 09:18:33
1658308714519527000,66.9,1,66.6,7,67.0,36,1,2022-07-20 09:18:34
1658308715224734000,66.6,1,66.6,7,66.9,1,2,2022-07-20 09:18:35
1658308716084322000,66.9,1,66.6,6,66.9,2,1,2022-07-20 09:18:36
1658308717022018000,66.9,1,66.6,6,66.9,1,1,2022-07-20 09:18:37
1658308717336322000,66.9,1,66.6,6,66.9,1,1,2022-07-20 09:18:37
1658308718310754000,66.9,1,66.6,6,67.0,32,1,2022-07-20 09:18:38
1658308718310754000,67.0,4,66.6,6,67.0,32,1,2022-07-20 09:18:38
1658308720173292000,66.6,1,66.6,8,66.9,2,2,2022-07-20 09:18:40
1658308721026187000,66.9,1,66.6,9,66.9,1,1,2022-07-20 09:18:41
1658308721077824000,66.9,1,66.6,8,67.0,32,1,2022-07-20 09:18:41
1658308721768140000,66.9,1,66.7,2,67.0,32,2,2022-07-20 09:18:41
1658308722334026000,66.7,1,66.7,1,66.9,2,2,2022-07-20 09:18:42
1658308722361704000,66.7,1,66.6,12,66.9,2,2,2022-07-20 09:18:42
1658308723698402000,66.9,2,66.6,11,66.9,33,1,2022-07-20 09:18:43
1658308724144243000,66.7,1,66.6,11,66.9,33,2,2022-07-20 09:18:44
1658308724278446000,66.6,2,66.6,9,66.9,33,2,2022-07-20 09:18:44
1658308726785443000,66.6,3,66.6,7,66.8,4,2,2022-07-20 09:18:46
1658308726811234000,66.6,7,66.5,8,66.8,4,2,2022-07-20 09:18:46
1658308726988741000,66.7,1,66.5,7,66.8,6,2,2022-07-20 09:18:46
1658308727490390000,66.7,1,66.7,2,66.8,8,2,2022-07-20 09:18:47
1658308727493518000,66.7,2,66.6,2,66.8,8,2,2022-07-20 09:18:47
1658308728657197000,66.6,4,66.5,7,66.6,1,2,2022-07-20 09:18:48
1658308728684796000,66.6,1,66.6,1,66.8,10,1,2022-07-20 09:18:48
1658308728689933000,66.6,1,66.5,7,66.6,1,2,2022-07-20 09:18:48
1658308728695424000,66.6,1,66.5,7,66.8,8,1,2022-07-20 09:18:48
1658308729033164000,66.7,1,66.6,1,66.8,8,1,2022-07-20 09:18:49
1658308732139262000,66.6,1,66.5,5,66.7,3,2,2022-07-20 09:18:52
1658308732592582000,66.7,3,66.7,4,66.8,14,1,2022-07-20 09:18:52
1658308732623076000,66.7,4,66.5,5,66.8,14,2,2022-07-20 09:18:52
1658308734895256000,66.7,1,66.5,7,66.8,8,1,2022-07-20 09:18:54
1658308734895256000,66.8,4,66.5,7,66.8,8,1,2022-07-20 09:18:54
1658308736906540000,66.7,1,66.5,7,66.8,14,1,2022-07-20 09:18:56
1658308736906540000,66.8,1,66.5,7,66.8,14,1,2022-07-20 09:18:56
1658308739264350000,66.8,2,66.7,2,66.8,10,1,2022-07-20 09:18:59
1658308740815024000,66.8,10,66.7,2,66.9,36,1,2022-07-20 09:19:00
1658308742039717000,66.8,1,66.7,2,66.8,9,2,2022-07-20 09:19:02
1658308742731848000,66.8,1,66.7,2,66.8,8,1,2022-07-20 09:19:02
1658308744978311000,66.7,3,66.6,3,66.8,10,2,2022-07-20 09:19:04
1658308744978311000,66.6,2,66.6,3,66.8,10,2,2022-07-20 09:19:04
1658308748958170000,66.6,1,66.6,4,66.7,13,2,2022-07-20 09:19:08
1658308749086035000,66.6,1,66.6,4,66.7,13,2,2022-07-20 09:19:09
1658308750791162000,66.6,1,66.6,6,66.7,15,2,2022-07-20 09:19:10
1658308752353058000,66.6,1,66.6,4,66.7,16,2,2022-07-20 09:19:12
1658308752374449000,66.6,4,66.5,7,66.7,16,2,2022-07-20 09:19:12
1658308752421770000,66.7,15,66.5,6,66.7,3,1,2022-07-20 09:19:12
1658308754880660000,66.6,3,66.5,6,66.6,2,2,2022-07-20 09:19:14
1658308755629326000,66.6,1,66.5,6,66.6,2,1,2022-07-20 09:19:15
1658308755990448000,66.6,2,66.5,7,66.7,1,1,2022-07-20 09:19:15
1658308759110198000,66.7,1,66.7,1,66.8,10,1,2022-07-20 09:19:19
1658308759139144000,66.7,1,66.6,2,66.8,10,2,2022-07-20 09:19:19
1658308766487172000,66.6,5,66.6,2,66.7,15,2,2022-07-20 09:19:26
1658308766521332000,66.6,2,66.5,6,66.7,15,2,2022-07-20 09:19:26
1658308768752111000,66.5,1,66.5,5,66.6,2,2,2022-07-20 09:19:28
1658308774219419000,66.6,1,66.5,5,66.6,1,1,2022-07-20 09:19:34
1658308774261835000,66.5,1,66.5,4,66.6,1,2,2022-07-20 09:19:34
1658308775213388000,66.5,1,66.5,3,66.6,1,2,2022-07-20 09:19:35
1658308777532077000,66.5,1,66.5,1,66.6,2,2,2022-07-20 09:19:37
1658308783187456000,66.5,4,66.4,5,66.5,1,2,2022-07-20 09:19:43
1658308783215292000,66.4,1,66.5,4,66.6,1,2,2022-07-20 09:19:43
1658308786156813000,66.5,1,66.4,5,66.6,1,1,2022-07-20 09:19:46
1658308790073321000,66.5,1,66.4,5,66.6,2,1,2022-07-20 09:19:50
1658308790073321000,66.6,1,66.4,5,66.6,2,1,2022-07-20 09:19:50
1658308790100789000,66.6,1,66.4,5,66.6,1,1,2022-07-20 09:19:50
1658308794014806000,66.7,1,66.4,6,66.7,22,1,2022-07-20 09:19:54
1658308797946483000,66.7,1,66.5,1,66.7,21,1,2022-07-20 09:19:57
1658308800379167000,66.6,1,66.5,2,66.7,21,1,2022-07-20 09:20:00
1658308801418130000,66.7,1,66.5,2,66.7,21,1,2022-07-20 09:20:01
1658308805447466000,66.6,1,66.5,2,66.6,1,1,2022-07-20 09:20:05
1658308807170206000,66.6,1,66.5,2,66.7,21,1,2022-07-20 09:20:07
1658308807482426000,66.7,1,66.5,2,66.7,20,1,2022-07-20 09:20:07
1658308808630395000,66.7,3,66.5,4,66.7,17,1,2022-07-20 09:20:08
1658308815588140000,66.6,1,66.6,1,66.7,17,2,2022-07-20 09:20:15
1658308815707484000,66.7,1,66.6,1,66.7,16,1,2022-07-20 09:20:15
1658308816834599000,66.7,4,66.6,2,66.7,12,1,2022-07-20 09:20:16
1658308817081185000,66.7,1,66.6,2,66.7,11,1,2022-07-20 09:20:17
1658308818184888000,66.7,1,66.6,2,66.7,10,1,2022-07-20 09:20:18
1658308819473736000,66.6,1,66.6,2,66.7,10,2,2022-07-20 09:20:19
1658308821166169000,66.6,3,66.5,8,66.6,7,2,2022-07-20 09:20:21
1658308821369294000,66.6,1,66.5,7,66.6,6,1,2022-07-20 09:20:21
1658308824049595000,66.6,1,66.5,7,66.6,5,1,2022-07-20 09:20:24
1658308824870464000,66.6,1,66.5,10,66.6,4,1,2022-07-20 09:20:24
1658308825460498000,66.6,1,66.5,10,66.6,3,1,2022-07-20 09:20:25
1658308826276298000,66.5,1,66.5,9,66.6,3,2,2022-07-20 09:20:26
1658308828015730000,66.6,2,66.5,9,66.6,1,1,2022-07-20 09:20:28
1658308828820679000,66.6,1,66.5,9,66.7,11,1,2022-07-20 09:20:28
1658308828820679000,66.7,1,66.5,9,66.7,11,1,2022-07-20 09:20:28
1658308829978192000,66.6,1,66.5,10,66.7,11,2,2022-07-20 09:20:29
1658308831881326000,66.5,1,66.5,10,66.7,11,2,2022-07-20 09:20:31
1658308834675349000,66.6,5,66.6,45,66.7,12,1,2022-07-20 09:20:34
1658308840688315000,66.7,10,66.6,47,66.7,1,1,2022-07-20 09:20:40
1658308840727062000,66.7,1,66.6,47,66.8,2,1,2022-07-20 09:20:40
1658308840936723000,66.6,2,66.6,45,66.8,2,2,2022-07-20 09:20:40
1658308842457561000,66.7,1,66.6,45,66.8,2,1,2022-07-20 09:20:42
1658308842677605000,66.8,2,66.8,8,66.9,54,1,2022-07-20 09:20:42
1658308845349629000,66.9,10,66.8,8,66.9,44,1,2022-07-20 09:20:45
1658308847516184000,66.9,10,66.8,9,66.9,34,1,2022-07-20 09:20:47
1658308848945808000,66.9,2,66.8,11,66.9,32,1,2022-07-20 09:20:48
1658308849967593000,66.9,1,66.8,11,66.9,31,1,2022-07-20 09:20:49
1658308850180499000,66.9,5,66.8,11,66.9,26,1,2022-07-20 09:20:50
1658308850210087000,66.9,26,66.8,11,67.0,67,1,2022-07-20 09:20:50
1658308851497414000,67.0,1,66.9,24,67.0,64,1,2022-07-20 09:20:51
1658308851862347000,67.0,1,66.9,27,67.0,64,1,2022-07-20 09:20:51
1658308852275859000,66.9,1,66.9,26,67.0,63,2,2022-07-20 09:20:52
1658308854254671000,67.0,1,66.9,33,67.0,62,1,2022-07-20 09:20:54
1658308854814471000,66.9,15,66.9,38,67.0,62,2,2022-07-20 09:20:54
1658308855167512000,67.0,1,66.9,23,67.0,61,1,2022-07-20 09:20:55
1658308856199356000,67.0,1,66.9,23,67.0,60,1,2022-07-20 09:20:56
1658308856612690000,66.9,1,66.9,22,67.0,60,2,2022-07-20 09:20:56
1658308857256584000,67.0,1,66.9,22,67.0,59,1,2022-07-20 09:20:57
1658308858431206000,67.0,10,66.9,24,67.0,51,1,2022-07-20 09:20:58
1658308859163092000,67.0,2,66.9,24,67.0,41,1,2022-07-20 09:20:59
1658308859682322000,67.0,1,66.9,24,67.0,38,1,2022-07-20 09:20:59
1658308859697083000,67.0,1,66.9,24,67.0,37,1,2022-07-20 09:20:59
1658308860125156000,67.0,1,66.9,24,67.0,36,1,2022-07-20 09:21:00
1658308860662022000,67.0,2,66.9,34,67.0,34,1,2022-07-20 09:21:00
1658308860713935000,67.0,1,66.9,34,67.0,33,1,2022-07-20 09:21:00
1658308860836137000,67.0,4,66.9,34,67.0,36,1,2022-07-20 09:21:00
1658308860959681000,67.0,1,66.9,34,67.0,28,1,2022-07-20 09:21:00
1658308861141422000,67.0,1,66.9,34,67.0,27,1,2022-07-20 09:21:01
1658308861415129000,67.0,1,66.9,34,67.0,26,1,2022-07-20 09:21:01
1658308861926659000,67.0,10,66.9,34,67.0,17,1,2022-07-20 09:21:01
1658308862115274000,67.0,1,66.9,34,67.0,16,1,2022-07-20 09:21:02
1658308862437211000,67.0,1,66.9,34,67.0,16,1,2022-07-20 09:21:02
1658308862514769000,67.0,1,66.9,34,67.0,15,1,2022-07-20 09:21:02
1658308862775931000,67.0,1,66.9,34,67.0,14,1,2022-07-20 09:21:02
1658308863028568000,67.0,1,66.9,34,67.0,13,1,2022-07-20 09:21:03
1658308863270546000,67.0,1,66.9,32,67.0,12,1,2022-07-20 09:21:03
1658308863298230000,67.0,5,66.9,27,67.0,7,1,2022-07-20 09:21:03
1658308863370876000,67.0,1,66.9,27,67.0,6,1,2022-07-20 09:21:03
1658308864076999000,67.0,1,66.9,27,67.0,5,1,2022-07-20 09:21:04
1658308864775043000,67.0,1,66.9,27,67.0,4,1,2022-07-20 09:21:04
1658308865160337000,66.9,1,66.9,26,67.0,4,2,2022-07-20 09:21:05
1658308865201929000,67.0,1,66.9,26,67.0,3,1,2022-07-20 09:21:05
1658308865540791000,66.9,9,66.9,17,67.0,28,2,2022-07-20 09:21:05
1658308865541027000,66.9,17,66.8,12,67.0,28,2,2022-07-20 09:21:05
1658308865561496000,66.8,1,66.8,11,67.0,28,2,2022-07-20 09:21:05
1658308865578920000,66.9,1,66.8,11,67.0,28,1,2022-07-20 09:21:05
1658308865587995000,66.8,11,66.6,2,67.0,29,2,2022-07-20 09:21:05
1658308865935462000,66.9,1,66.6,3,66.9,13,1,2022-07-20 09:21:05
1658308866013125000,66.9,3,66.6,3,66.9,10,1,2022-07-20 09:21:06
1658308866428565000,66.9,1,66.6,5,66.9,17,1,2022-07-20 09:21:06
1658308866564271000,66.9,1,66.6,5,66.9,16,1,2022-07-20 09:21:06
1658308867389575000,66.6,1,66.6,3,66.7,13,2,2022-07-20 09:21:07
1658308867390554000,66.7,1,66.6,3,66.7,12,1,2022-07-20 09:21:07
1658308867394513000,66.7,1,66.6,3,66.7,11,1,2022-07-20 09:21:07
1658308867423160000,66.6,3,66.5,8,66.7,11,2,2022-07-20 09:21:07
1658308867543694000,66.6,1,66.5,8,66.7,10,1,2022-07-20 09:21:07
1658308867543694000,66.7,1,66.5,8,66.7,10,1,2022-07-20 09:21:07
1658308868616189000,66.7,1,66.5,8,66.7,9,1,2022-07-20 09:21:08
1658308868718115000,66.7,5,66.5,18,66.7,4,1,2022-07-20 09:21:08
1658308869136536000,66.6,1,66.5,18,66.6,1,1,2022-07-20 09:21:09
1658308869136536000,66.7,1,66.5,18,66.6,1,1,2022-07-20 09:21:09
1658308873157456000,66.7,2,66.5,19,66.7,5,1,2022-07-20 09:21:13
1658308878845377000,66.7,1,66.6,7,66.8,2,1,2022-07-20 09:21:18
1658308880308041000,66.7,1,66.6,4,66.7,1,1,2022-07-20 09:21:20
1658308880876028000,66.7,1,66.7,2,66.8,2,1,2022-07-20 09:21:20
1658308880906274000,66.7,1,66.7,1,66.8,2,2,2022-07-20 09:21:20
1658308880931760000,66.7,1,66.6,4,66.8,2,2,2022-07-20 09:21:20
1658308887636819000,66.7,1,66.6,15,66.7,2,1,2022-07-20 09:21:27
1658308888343446000,66.7,2,66.7,8,66.8,1,1,2022-07-20 09:21:28
1658308894427703000,66.8,1,66.7,10,66.9,19,1,2022-07-20 09:21:34
1658308897041961000,66.8,4,66.8,6,66.9,19,1,2022-07-20 09:21:37
1658308897068887000,66.8,6,66.7,10,66.9,19,2,2022-07-20 09:21:37
1658308898422259000,66.8,2,66.7,8,66.9,19,1,2022-07-20 09:21:38
1658308905740435000,66.8,1,66.7,3,66.9,19,1,2022-07-20 09:21:45
1658308907178838000,66.9,19,66.7,3,67.0,29,1,2022-07-20 09:21:47
1658308907178838000,67.0,1,66.7,3,67.0,29,1,2022-07-20 09:21:47
1658308909698798000,66.7,1,66.7,2,66.8,6,2,2022-07-20 09:21:49
1658308909738213000,66.7,2,66.6,3,66.8,6,2,2022-07-20 09:21:49
1658308911174821000,66.7,1,66.6,2,66.8,6,2,2022-07-20 09:21:51
1658308914102656000,66.8,1,66.7,1,66.8,5,1,2022-07-20 09:21:54
1658308915544884000,66.8,5,66.7,1,67.0,26,1,2022-07-20 09:21:55
1658308915544884000,66.9,2,66.7,1,67.0,26,1,2022-07-20 09:21:55
1658308915544884000,67.0,3,66.7,1,67.0,26,1,2022-07-20 09:21:55
1658308919128756000,67.0,5,66.7,8,67.0,21,1,2022-07-20 09:21:59
1658308925120018000,66.8,1,66.7,13,66.9,4,2,2022-07-20 09:22:05
1658308926698676000,66.7,4,66.7,9,66.8,1,2,2022-07-20 09:22:06
1658308927833520000,66.8,1,66.7,9,67.1,35,1,2022-07-20 09:22:07
1658308927833520000,66.9,4,66.7,9,67.1,35,1,2022-07-20 09:22:07
1658308927833520000,67.0,23,66.7,9,67.1,35,1,2022-07-20 09:22:07
1658308927833520000,67.1,10,66.7,9,67.1,35,1,2022-07-20 09:22:07
1658308927883518000,67.1,5,66.7,9,67.1,30,1,2022-07-20 09:22:07
1658308927887750000,67.1,1,66.7,9,67.1,29,1,2022-07-20 09:22:07
1658308927951166000,67.1,1,66.7,9,67.1,28,1,2022-07-20 09:22:07
1658308931356553000,66.9,2,66.8,2,67.1,28,1,2022-07-20 09:22:11
1658308934667227000,67.1,1,66.8,3,67.1,27,1,2022-07-20 09:22:14
1658308934711232000,66.8,1,66.8,2,67.1,27,2,2022-07-20 09:22:14
1658308936940516000,66.9,1,66.8,1,67.0,2,2,2022-07-20 09:22:16
1658308940211642000,66.9,1,66.8,3,67.0,6,2,2022-07-20 09:22:20
1658308940352991000,66.8,3,66.8,3,66.9,1,2,2022-07-20 09:22:20
1658308940475726000,66.8,1,66.8,1,66.9,3,2,2022-07-20 09:22:20
1658308941691443000,66.9,3,66.7,9,66.9,1,1,2022-07-20 09:22:21
1658308942021459000,66.7,6,66.7,3,66.8,6,2,2022-07-20 09:22:22
1658308942052526000,66.7,3,66.6,3,66.8,6,2,2022-07-20 09:22:22
1658308942198304000,66.7,1,66.6,3,66.7,1,1,2022-07-20 09:22:22
1658308942799574000,66.8,2,66.6,3,66.8,4,1,2022-07-20 09:22:22
1658308942889056000,66.8,1,66.6,3,66.8,3,1,2022-07-20 09:22:22
1658308944549401000,66.8,1,66.6,3,66.8,2,1,2022-07-20 09:22:24
1658308944651584000,66.8,1,66.8,1,66.9,4,2,2022-07-20 09:22:24
1658308946013041000,66.9,2,66.6,3,66.9,2,1,2022-07-20 09:22:26
1658308947992429000,66.9,1,66.6,4,66.9,1,1,2022-07-20 09:22:27
1658308952259368000,66.7,1,66.6,5,66.9,2,1,2022-07-20 09:22:32
1658308968582581000,66.8,1,66.7,9,66.9,8,2,2022-07-20 09:22:48
1658308969528296000,66.9,2,66.7,9,66.9,8,1,2022-07-20 09:22:49
1658308974116211000,66.7,1,66.7,20,66.8,1,2,2022-07-20 09:22:54
1658308976049041000,66.8,1,66.7,21,66.9,10,1,2022-07-20 09:22:56
1658308978482107000,66.8,1,66.8,1,66.9,10,2,2022-07-20 09:22:58
1658308983423996000,66.8,1,66.8,17,66.9,9,2,2022-07-20 09:23:03
1658308983573349000,66.9,2,66.8,17,66.9,7,1,2022-07-20 09:23:03
1658308983606497000,66.9,7,66.8,17,67.0,39,1,2022-07-20 09:23:03
1658308986653396000,66.9,1,66.9,7,67.0,39,2,2022-07-20 09:23:06
1658308988631585000,66.9,1,66.9,6,67.0,42,2,2022-07-20 09:23:08
1658308988689762000,66.9,1,66.9,5,67.0,42,2,2022-07-20 09:23:08
1658308991968598000,66.9,1,66.9,10,67.0,47,2,2022-07-20 09:23:11
1658308994811151000,66.9,2,66.9,14,67.0,47,2,2022-07-20 09:23:14
1658308998685249000,66.9,1,66.9,13,67.0,48,2,2022-07-20 09:23:18
1658309000770389000,66.9,1,66.9,12,67.0,48,2,2022-07-20 09:23:20
1658309001025407000,66.9,5,66.9,7,67.0,48,2,2022-07-20 09:23:21
1658309001434961000,66.9,1,66.9,6,67.0,48,2,2022-07-20 09:23:21
1658309001942712000,66.9,2,66.9,4,67.0,48,2,2022-07-20 09:23:21
1658309001964339000,66.9,3,66.9,1,67.0,48,2,2022-07-20 09:23:21
1658309003286854000,66.9,1,66.8,13,67.0,48,2,2022-07-20 09:23:23
1658309008911386000,66.9,1,66.8,13,66.9,5,1,2022-07-20 09:23:28
1658309014382914000,66.9,9,66.9,1,67.0,47,1,2022-07-20 09:23:34
1658309014736152000,66.9,1,66.8,13,67.0,47,2,2022-07-20 09:23:34
1658309015298136000,66.8,1,66.8,12,67.0,47,2,2022-07-20 09:23:35
1658309020854557000,66.9,1,66.8,15,67.0,47,1,2022-07-20 09:23:40
1658309021541719000,66.8,1,66.8,14,67.0,47,2,2022-07-20 09:23:41
1658309023321211000,66.8,1,66.8,13,66.9,1,2,2022-07-20 09:23:43
1658309030467988000,66.9,1,66.8,26,66.9,1,1,2022-07-20 09:23:50
1658309031888277000,66.9,1,66.8,26,67.0,48,1,2022-07-20 09:23:51
1658309031909316000,67.0,3,66.8,26,67.0,45,1,2022-07-20 09:23:51
1658309031936925000,66.8,1,66.8,25,67.0,45,2,2022-07-20 09:23:51
1658309043185996000,66.8,5,66.8,26,67.0,52,2,2022-07-20 09:24:03
1658309043732016000,66.9,1,66.8,26,67.0,52,1,2022-07-20 09:24:03
1658309044336704000,66.9,1,66.8,26,67.0,52,1,2022-07-20 09:24:04
1658309044953004000,66.9,1,66.8,26,67.0,52,1,2022-07-20 09:24:04
1658309045900972000,67.0,2,66.8,26,67.0,50,1,2022-07-20 09:24:05
1658309048897167000,66.9,1,66.8,26,67.0,50,1,2022-07-20 09:24:08
1658309049586099000,67.0,2,66.8,26,67.0,48,1,2022-07-20 09:24:09
1658309052147178000,67.0,1,66.8,28,67.0,49,1,2022-07-20 09:24:12
1658309052243857000,67.0,17,66.8,28,67.0,32,1,2022-07-20 09:24:12
1658309052277501000,67.0,32,66.8,28,67.1,30,1,2022-07-20 09:24:12
1658309052476087000,67.0,2,66.9,2,67.1,30,1,2022-07-20 09:24:12
1658309052861043000,67.1,2,66.8,28,67.1,28,1,2022-07-20 09:24:12
1658309054565168000,67.1,1,67.0,2,67.1,27,1,2022-07-20 09:24:14
1658309054595740000,67.1,3,67.0,2,67.1,24,1,2022-07-20 09:24:14
1658309054626745000,67.1,24,67.0,4,67.2,13,1,2022-07-20 09:24:14
1658309054864204000,67.2,1,67.0,5,67.2,12,1,2022-07-20 09:24:14
1658309054910736000,67.2,1,67.0,5,67.2,13,1,2022-07-20 09:24:14
1658309055084483000,67.2,4,67.0,5,67.2,7,1,2022-07-20 09:24:15
1658309055975485000,67.2,2,67.0,10,67.2,5,1,2022-07-20 09:24:15
1658309055999830000,67.0,3,67.0,7,67.2,5,2,2022-07-20 09:24:15
1658309056004603000,67.2,3,67.0,7,67.2,2,1,2022-07-20 09:24:16
1658309056790968000,67.2,1,67.0,8,67.2,1,1,2022-07-20 09:24:16
1658309057733304000,67.2,1,67.1,4,67.3,19,1,2022-07-20 09:24:17
1658309058441440000,67.2,1,67.2,2,67.3,19,2,2022-07-20 09:24:18
1658309059215785000,67.3,10,67.2,1,67.3,9,1,2022-07-20 09:24:19
1658309059256583000,67.3,9,67.2,1,67.4,13,1,2022-07-20 09:24:19
1658309059384084000,67.4,1,67.2,4,67.4,12,1,2022-07-20 09:24:19
1658309059450197000,67.4,1,67.2,8,67.4,11,1,2022-07-20 09:24:19
1658309059457426000,67.4,11,67.2,8,67.4,12,1,2022-07-20 09:24:19
1658309059792806000,67.2,1,67.2,7,67.5,54,2,2022-07-20 09:24:19
1658309060689129000,67.5,1,67.2,7,67.5,53,1,2022-07-20 09:24:20
1658309060914603000,67.5,1,67.2,9,67.5,53,1,2022-07-20 09:24:20
1658309061266084000,67.2,2,67.2,7,67.5,52,2,2022-07-20 09:24:21
1658309061804736000,67.5,1,67.3,3,67.5,51,1,2022-07-20 09:24:21
1658309063126210000,67.4,1,67.3,3,67.4,3,1,2022-07-20 09:24:23
1658309063309896000,67.4,1,67.3,3,67.4,2,1,2022-07-20 09:24:23
1658309064417178000,67.4,1,67.3,3,67.4,2,1,2022-07-20 09:24:24
1658309065326874000,67.4,1,67.3,3,67.4,3,1,2022-07-20 09:24:25
1658309065361283000,67.3,3,67.2,8,67.4,3,2,2022-07-20 09:24:25
1658309065424234000,67.4,1,67.2,8,67.4,3,1,2022-07-20 09:24:25
1658309066087120000,67.4,1,67.2,8,67.4,4,1,2022-07-20 09:24:26
1658309066388707000,67.4,1,67.2,8,67.4,3,1,2022-07-20 09:24:26
1658309067877984000,67.4,1,67.3,1,67.4,5,1,2022-07-20 09:24:27
1658309068451385000,67.4,1,67.3,19,67.4,6,1,2022-07-20 09:24:28
1658309068632178000,67.4,1,67.3,20,67.4,5,1,2022-07-20 09:24:28
1658309068768416000,67.4,5,67.3,20,67.5,52,1,2022-07-20 09:24:28
1658309072122867000,67.4,1,67.3,22,67.4,10,1,2022-07-20 09:24:32
1658309074094621000,67.4,1,67.3,22,67.4,11,1,2022-07-20 09:24:34
1658309074256212000,67.4,1,67.3,22,67.4,12,1,2022-07-20 09:24:34
1658309075335190000,67.3,1,67.3,21,67.4,11,2,2022-07-20 09:24:35
1658309075365841000,67.3,4,67.3,17,67.4,11,2,2022-07-20 09:24:35
1658309076749148000,67.3,17,67.2,11,67.4,19,2,2022-07-20 09:24:36
1658309076753789000,67.2,1,67.2,10,67.4,19,2,2022-07-20 09:24:36
1658309079331200000,67.2,2,67.2,8,67.3,8,2,2022-07-20 09:24:39
1658309079362945000,67.2,8,67.2,10,67.3,10,2,2022-07-20 09:24:39
1658309082259977000,67.2,1,67.1,2,67.2,5,1,2022-07-20 09:24:42
1658309084958265000,67.2,1,67.1,2,67.2,4,1,2022-07-20 09:24:44
1658309085822889000,67.1,1,67.1,1,67.2,4,2,2022-07-20 09:24:45
1658309089902514000,67.1,2,67.1,1,67.2,6,2,2022-07-20 09:24:49
1658309091714175000,67.1,1,67.0,19,67.1,7,2,2022-07-20 09:24:51
1658309095754232000,67.0,1,67.0,18,67.1,7,2,2022-07-20 09:24:55
1658309095965639000,67.1,1,67.0,18,67.1,6,1,2022-07-20 09:24:55
1658309096003680000,67.0,1,67.0,17,67.1,6,2,2022-07-20 09:24:56
1658309097597785000,67.1,1,67.0,17,67.1,6,1,2022-07-20 09:24:57
1658309099386563000,67.0,1,67.0,17,67.1,5,2,2022-07-20 09:24:59
1658309100486491000,67.1,1,67.0,17,67.1,4,1,2022-07-20 09:25:00
1658309100923653000,67.1,2,67.0,17,67.1,2,1,2022-07-20 09:25:00
1658309102881414000,67.1,1,67.0,21,67.1,1,1,2022-07-20 09:25:02
1658309106089919000,67.1,1,67.0,21,67.1,5,1,2022-07-20 09:25:06
1658309108369641000,67.1,4,67.1,1,67.2,8,1,2022-07-20 09:25:08
1658309120677402000,67.1,1,67.1,17,67.2,7,2,2022-07-20 09:25:20
1658309122032051000,67.2,3,67.1,17,67.2,4,1,2022-07-20 09:25:22
1658309122085987000,67.1,1,67.1,16,67.2,4,2,2022-07-20 09:25:22
1658309128292931000,67.2,1,67.1,17,67.2,3,1,2022-07-20 09:25:28
1658309131212742000,67.1,5,67.1,12,67.2,3,2,2022-07-20 09:25:31
1658309134082304000,67.1,1,67.1,11,67.2,4,2,2022-07-20 09:25:34
1658309135982322000,67.1,2,67.1,10,67.2,4,2,2022-07-20 09:25:35
1658309136343994000,67.1,1,67.1,9,67.2,4,2,2022-07-20 09:25:36
1658309137884032000,67.1,1,67.1,8,67.2,3,2,2022-07-20 09:25:37
1658309142792011000,67.1,2,67.1,7,67.2,3,2,2022-07-20 09:25:42
1658309142898856000,67.1,5,67.1,2,67.2,3,2,2022-07-20 09:25:42
1658309144079511000,67.1,1,67.1,1,67.2,3,2,2022-07-20 09:25:44
1658309145308577000,67.2,1,67.1,4,67.2,2,1,2022-07-20 09:25:45
1658309145545588000,67.1,1,67.1,4,67.2,3,2,2022-07-20 09:25:45
1658309149982962000,67.2,1,67.1,4,67.2,1,1,2022-07-20 09:25:49
1658309150410566000,67.1,1,67.1,3,67.2,3,2,2022-07-20 09:25:50
1658309152110674000,67.1,1,67.1,2,67.2,3,2,2022-07-20 09:25:52
1658309154226206000,67.1,1,67.1,1,67.2,3,2,2022-07-20 09:25:54
1658309157769344000,67.1,1,67.1,1,67.2,4,2,2022-07-20 09:25:57
1658309158399949000,67.1,1,67.0,29,67.1,3,2,2022-07-20 09:25:58
1658309159197043000,67.1,1,67.0,29,67.1,2,1,2022-07-20 09:25:59
1658309159355367000,67.0,1,67.0,28,67.1,2,2,2022-07-20 09:25:59
1658309165372509000,67.0,1,67.0,28,67.1,2,2,2022-07-20 09:26:05
1658309166392140000,67.0,1,67.0,27,67.1,2,2,2022-07-20 09:26:06
1658309170885612000,67.0,1,67.0,27,67.1,2,2,2022-07-20 09:26:10
1658309171237003000,67.1,1,67.0,27,67.1,1,1,2022-07-20 09:26:11
1658309172246748000,67.0,15,67.0,12,67.1,1,2,2022-07-20 09:26:12
1658309175145068000,67.0,2,67.0,10,67.1,1,2,2022-07-20 09:26:15
1658309176952322000,67.0,5,67.0,6,67.1,2,2,2022-07-20 09:26:16
1658309176980485000,67.0,1,67.0,5,67.1,2,2,2022-07-20 09:26:16
1658309178419016000,67.0,3,67.0,2,67.1,2,2,2022-07-20 09:26:18
1658309178583247000,67.0,1,67.0,1,67.1,2,2,2022-07-20 09:26:18
1658309178987092000,67.0,1,66.9,4,67.1,2,2,2022-07-20 09:26:18
1658309180361905000,67.0,1,66.9,5,67.0,1,1,2022-07-20 09:26:20
1658309180391162000,67.0,1,66.9,5,67.1,2,1,2022-07-20 09:26:20
1658309183250210000,67.0,1,66.9,5,67.1,2,1,2022-07-20 09:26:23
1658309185666103000,66.9,1,66.9,5,67.1,2,2,2022-07-20 09:26:25
1658309191137335000,66.9,1,66.9,1,67.0,5,2,2022-07-20 09:26:31
1658309191830307000,67.0,6,66.9,14,67.0,6,1,2022-07-20 09:26:31
1658309193574853000,67.0,2,66.9,14,67.1,3,1,2022-07-20 09:26:33
1658309198999844000,67.0,1,67.0,9,67.1,5,2,2022-07-20 09:26:38
1658309201205118000,67.0,1,67.0,10,67.1,5,2,2022-07-20 09:26:41
1658309201213040000,67.0,1,67.0,9,67.1,5,2,2022-07-20 09:26:41
1658309208761059000,67.1,1,67.0,10,67.1,4,1,2022-07-20 09:26:48
1658309208787087000,67.1,4,67.0,10,67.2,4,1,2022-07-20 09:26:48
1658309209095890000,67.1,1,67.0,10,67.1,1,1,2022-07-20 09:26:49
1658309217694618000,67.1,2,67.1,1,67.2,7,2,2022-07-20 09:26:57
1658309225407696000,67.1,1,67.1,2,67.2,8,2,2022-07-20 09:27:05
1658309229163991000,67.1,3,67.0,12,67.2,8,2,2022-07-20 09:27:09
1658309238935209000,67.1,1,67.0,12,67.1,5,1,2022-07-20 09:27:18
1658309240061588000,67.0,1,67.0,13,67.1,8,2,2022-07-20 09:27:20
1658309241260428000,67.0,1,67.0,12,67.1,9,2,2022-07-20 09:27:21
1658309242228464000,67.0,1,67.0,11,67.1,9,2,2022-07-20 09:27:22
1658309245055775000,67.0,1,67.0,11,67.1,9,2,2022-07-20 09:27:25
1658309250764202000,67.1,1,67.0,13,67.1,8,1,2022-07-20 09:27:30
1658309254026539000,67.1,1,67.0,13,67.1,7,1,2022-07-20 09:27:34
1658309256111678000,67.1,1,67.0,13,67.1,5,1,2022-07-20 09:27:36
1658309257432660000,67.1,2,67.0,18,67.1,3,1,2022-07-20 09:27:37
1658309261353024000,67.1,1,67.0,18,67.1,7,1,2022-07-20 09:27:41
1658309262847494000,67.1,1,67.0,18,67.1,6,1,2022-07-20 09:27:42
1658309270566767000,67.1,1,67.0,19,67.1,6,1,2022-07-20 09:27:50
1658309279347248000,67.1,1,67.0,22,67.1,5,1,2022-07-20 09:27:59
1658309280384497000,67.1,5,67.1,5,67.2,12,1,2022-07-20 09:28:00
1658309283812630000,67.2,1,67.1,7,67.2,11,1,2022-07-20 09:28:03
1658309284038029000,67.2,1,67.1,57,67.2,10,1,2022-07-20 09:28:04
1658309284038479000,67.2,10,67.1,57,67.3,14,1,2022-07-20 09:28:04
1658309290563104000,67.2,1,67.1,57,67.3,14,1,2022-07-20 09:28:10
1658309296310954000,67.3,10,67.2,6,67.3,4,1,2022-07-20 09:28:16
1658309296346987000,67.3,4,67.2,6,67.4,55,1,2022-07-20 09:28:16
1658309298870285000,67.3,1,67.2,7,67.4,53,1,2022-07-20 09:28:18
1658309301693910000,67.4,1,67.2,7,67.4,52,1,2022-07-20 09:28:21
1658309303234613000,67.4,1,67.2,8,67.4,51,1,2022-07-20 09:28:23
1658309306855530000,67.4,2,67.3,5,67.4,49,1,2022-07-20 09:28:26
1658309310176558000,67.3,1,67.3,2,67.4,48,2,2022-07-20 09:28:30
1658309315227055000,67.3,1,67.3,2,67.4,49,2,2022-07-20 09:28:35
1658309315853187000,67.3,2,67.2,13,67.4,50,2,2022-07-20 09:28:35
1658309316243800000,67.3,3,67.2,12,67.4,43,1,2022-07-20 09:28:36
1658309316243800000,67.4,7,67.2,12,67.4,43,1,2022-07-20 09:28:36
1658309318628374000,67.3,1,67.2,12,67.4,43,2,2022-07-20 09:28:38
1658309319422401000,67.3,1,67.2,12,67.3,1,1,2022-07-20 09:28:39
1658309325668956000,67.4,3,67.2,13,67.4,41,1,2022-07-20 09:28:45
1658309329206212000,67.3,1,67.2,12,67.3,2,1,2022-07-20 09:28:49
1658309330555585000,67.3,1,67.2,12,67.3,2,1,2022-07-20 09:28:50
1658309332031445000,67.3,1,67.2,12,67.3,1,1,2022-07-20 09:28:52
1658309333454918000,67.3,1,67.2,12,67.4,41,1,2022-07-20 09:28:53
1658309334231709000,67.3,2,67.2,13,67.3,1,2,2022-07-20 09:28:54
1658309335456425000,67.3,1,67.2,13,67.4,41,1,2022-07-20 09:28:55
1658309340300331000,67.4,2,67.3,1,67.4,40,1,2022-07-20 09:29:00
1658309340313435000,67.3,1,67.2,16,67.4,40,2,2022-07-20 09:29:00
1658309340864791000,67.3,1,67.2,16,67.3,2,1,2022-07-20 09:29:00
1658309346794415000,67.3,1,67.2,16,67.3,9,1,2022-07-20 09:29:06
1658309350615724000,67.2,2,67.2,13,67.3,12,2,2022-07-20 09:29:10
1658309350653766000,67.2,7,67.2,6,67.3,12,2,2022-07-20 09:29:10
1658309350654000000,67.2,6,67.1,62,67.3,12,2,2022-07-20 09:29:10
1658309351018074000,67.3,1,67.2,15,67.3,12,1,2022-07-20 09:29:11
1658309353909845000,67.3,1,67.1,62,67.3,10,1,2022-07-20 09:29:13
1658309355712829000,67.3,1,67.1,62,67.3,9,1,2022-07-20 09:29:15
1658309362732385000,67.2,1,67.1,63,67.2,4,1,2022-07-20 09:29:22
1658309365272416000,67.2,4,67.2,2,67.3,14,1,2022-07-20 09:29:25
1658309365309170000,67.2,1,67.2,1,67.3,14,2,2022-07-20 09:29:25
1658309367051459000,67.2,1,67.1,63,67.3,14,2,2022-07-20 09:29:27
1658309369548225000,67.2,1,67.1,63,67.2,2,1,2022-07-20 09:29:29
1658309375184911000,67.1,1,67.1,63,67.3,15,2,2022-07-20 09:29:35
1658309380717365000,67.3,5,67.1,63,67.3,12,1,2022-07-20 09:29:40
1658309395385519000,67.1,1,67.1,62,67.2,10,2,2022-07-20 09:29:55
1658309395423148000,67.1,62,67.0,28,67.2,10,2,2022-07-20 09:29:55
1658309395453236000,67.0,3,67.0,25,67.1,2,2,2022-07-20 09:29:55
1658309395457301000,67.0,8,67.0,17,67.1,2,2,2022-07-20 09:29:55
1658309395494177000,67.0,3,67.0,17,67.1,5,2,2022-07-20 09:29:55
1658309395516673000,67.0,3,67.0,11,67.1,5,2,2022-07-20 09:29:55
1658309395528946000,67.0,1,67.0,10,67.1,5,2,2022-07-20 09:29:55
1658309398895441000,67.0,2,67.0,7,67.1,5,2,2022-07-20 09:29:58
1658309399697706000,67.0,7,66.9,15,67.0,7,2,2022-07-20 09:29:59
1658309400264360000,67.0,1,66.9,14,67.0,6,1,2022-07-20 09:30:00
1658309403093659000,66.9,1,66.9,13,67.0,6,2,2022-07-20 09:30:03
1658309403573146000,67.0,1,66.9,13,67.0,5,1,2022-07-20 09:30:03
1658309404981270000,66.9,1,66.9,13,67.0,6,2,2022-07-20 09:30:04
1658309405949219000,66.9,2,66.9,10,67.0,6,2,2022-07-20 09:30:05
1658309405994800000,66.9,1,66.9,9,67.0,6,2,2022-07-20 09:30:05
1658309407064255000,66.9,3,66.9,6,67.0,11,2,2022-07-20 09:30:07
1658309407594732000,66.9,1,66.9,5,67.0,11,2,2022-07-20 09:30:07
1658309408044063000,66.9,4,66.9,1,67.0,11,2,2022-07-20 09:30:08
1658309413534998000,66.8,1,66.8,19,66.9,4,2,2022-07-20 09:30:13
1658309413714271000,66.8,1,66.8,18,66.9,4,2,2022-07-20 09:30:13
1658309422012472000,66.8,2,66.8,15,66.9,5,2,2022-07-20 09:30:22
1658309423753549000,66.8,2,66.8,13,66.9,3,2,2022-07-20 09:30:23
1658309425212353000,66.8,1,66.8,12,66.9,3,2,2022-07-20 09:30:25
1658309425228250000,66.8,5,66.8,7,66.9,3,2,2022-07-20 09:30:25
1658309427358448000,66.8,1,66.8,6,66.9,3,2,2022-07-20 09:30:27
1658309428218136000,66.8,1,66.8,5,66.9,3,2,2022-07-20 09:30:28
1658309429803831000,66.8,1,66.8,4,66.9,3,2,2022-07-20 09:30:29
1658309429821512000,66.8,4,66.7,15,66.8,5,2,2022-07-20 09:30:29
1658309441753347000,66.7,1,66.7,16,66.8,9,2,2022-07-20 09:30:41
1658309441958875000,66.7,1,66.7,15,66.8,9,2,2022-07-20 09:30:41
1658309443395317000,66.8,1,66.7,15,66.8,8,1,2022-07-20 09:30:43
1658309443432387000,66.8,7,66.7,15,66.8,1,1,2022-07-20 09:30:43
1658309443465032000,66.8,1,66.7,15,66.9,2,1,2022-07-20 09:30:43
1658309443469840000,66.7,1,66.7,14,66.9,2,2,2022-07-20 09:30:43
1658309445260146000,66.7,1,66.7,13,66.9,2,2,2022-07-20 09:30:45
1658309456659056000,66.8,1,66.8,6,66.9,3,2,2022-07-20 09:30:56
1658309458067769000,66.8,1,66.8,5,66.9,3,2,2022-07-20 09:30:58
1658309462072021000,66.8,2,66.8,3,66.9,3,2,2022-07-20 09:31:02
1658309463146581000,66.8,3,66.7,9,66.9,3,2,2022-07-20 09:31:03
1658309463146581000,66.7,7,66.7,9,66.9,3,2,2022-07-20 09:31:03
1658309465147916000,66.7,1,66.7,8,66.8,2,2,2022-07-20 09:31:05
1658309466542271000,66.7,6,66.7,2,66.8,2,2,2022-07-20 09:31:06
1658309467915873000,66.7,2,66.7,2,66.8,2,2,2022-07-20 09:31:07
1658309473776134000,66.8,3,66.7,5,66.9,3,1,2022-07-20 09:31:13
1658309473776134000,66.9,2,66.7,5,66.9,3,1,2022-07-20 09:31:13
1658309475321442000,66.7,1,66.7,4,66.9,3,2,2022-07-20 09:31:15
1658309482484008000,66.8,1,66.7,12,66.9,3,1,2022-07-20 09:31:22
1658309482923552000,66.9,3,66.9,1,67.0,15,1,2022-07-20 09:31:22
1658309498966713000,67.0,1,66.9,2,67.0,4,1,2022-07-20 09:31:38
1658309500599298000,66.9,2,66.8,4,66.9,3,2,2022-07-20 09:31:40
1658309506920793000,66.9,1,66.8,4,66.9,3,1,2022-07-20 09:31:46
1658309506962681000,66.9,3,66.8,4,67.0,4,1,2022-07-20 09:31:46
1658309522357632000,66.9,1,66.8,5,67.0,5,2,2022-07-20 09:32:02
1658309525122991000,66.8,1,66.8,3,67.0,5,2,2022-07-20 09:32:05
1658309527366537000,67.0,5,66.8,2,67.1,2,1,2022-07-20 09:32:07
1658309528175012000,66.8,1,66.8,1,67.1,3,2,2022-07-20 09:32:08
1658309535133323000,66.8,1,66.7,14,66.8,1,2,2022-07-20 09:32:15
1658309535157219000,66.8,1,66.7,14,67.0,1,1,2022-07-20 09:32:15
1658309547373791000,66.8,2,66.7,13,66.9,2,2,2022-07-20 09:32:27
1658309558534713000,66.8,1,66.7,15,66.9,2,2,2022-07-20 09:32:38
1658309572665433000,66.8,1,66.7,14,66.8,1,1,2022-07-20 09:32:52
1658309573077845000,66.8,1,66.8,2,66.9,2,1,2022-07-20 09:32:53
1658309573444839000,66.8,1,66.8,1,66.9,2,2,2022-07-20 09:32:53
1658309584109025000,66.8,1,66.8,3,66.9,3,2,2022-07-20 09:33:04
1658309588910860000,66.8,3,66.7,19,66.8,7,2,2022-07-20 09:33:08
1658309598874873000,66.7,1,66.7,18,66.8,7,2,2022-07-20 09:33:18
1658309605352788000,66.7,1,66.7,18,66.8,7,2,2022-07-20 09:33:25
1658309606032217000,66.7,10,66.7,7,66.8,7,2,2022-07-20 09:33:26
1658309606055283000,66.7,3,66.7,4,66.8,7,2,2022-07-20 09:33:26
1658309606100898000,66.7,3,66.7,1,66.8,7,2,2022-07-20 09:33:26
1658309610477317000,66.7,2,66.6,26,66.7,8,2,2022-07-20 09:33:30
1658309615285287000,66.6,1,66.6,24,66.7,14,2,2022-07-20 09:33:35
1658309619194692000,66.6,1,66.6,20,66.7,14,2,2022-07-20 09:33:39
1658309623878339000,66.6,1,66.6,20,66.7,16,2,2022-07-20 09:33:43
1658309625748127000,66.6,8,66.6,12,66.7,8,2,2022-07-20 09:33:45
1658309626030133000,66.6,6,66.6,6,66.7,8,2,2022-07-20 09:33:46
1658309626790858000,66.6,2,66.6,4,66.7,8,2,2022-07-20 09:33:46
1658309626828068000,66.6,1,66.6,3,66.7,8,2,2022-07-20 09:33:46
1658309627679617000,66.6,1,66.6,2,66.7,13,2,2022-07-20 09:33:47
1658309628304927000,66.6,1,66.6,1,66.7,14,2,2022-07-20 09:33:48
1658309628585362000,66.6,1,66.5,25,66.6,4,2,2022-07-20 09:33:48
1658309632844333000,66.5,2,66.5,25,66.6,8,2,2022-07-20 09:33:52
1658309639374014000,66.5,5,66.5,18,66.6,8,2,2022-07-20 09:33:59
1658309641814571000,66.5,4,66.5,13,66.6,8,2,2022-07-20 09:34:01
1658309643029256000,66.5,2,66.5,11,66.6,8,2,2022-07-20 09:34:03
1658309645935627000,66.5,2,66.5,9,66.6,9,2,2022-07-20 09:34:05
1658309647576036000,66.5,1,66.5,8,66.6,9,2,2022-07-20 09:34:07
1658309648929572000,66.5,4,66.5,4,66.6,5,2,2022-07-20 09:34:08
1658309650728870000,66.5,1,66.5,3,66.6,5,2,2022-07-20 09:34:10
1658309650782733000,66.5,1,66.5,2,66.6,5,2,2022-07-20 09:34:10
1658309651275941000,66.5,2,66.4,16,66.6,8,2,2022-07-20 09:34:11
1658309656149800000,66.4,1,66.4,17,66.5,22,2,2022-07-20 09:34:16
1658309656341442000,66.4,1,66.4,16,66.5,22,2,2022-07-20 09:34:16
1658309659182205000,66.4,1,66.4,13,66.5,22,2,2022-07-20 09:34:19
1658309659564426000,66.4,1,66.4,12,66.5,22,2,2022-07-20 09:34:19
1658309661044752000,66.4,10,66.4,2,66.5,23,2,2022-07-20 09:34:21
1658309661066539000,66.4,1,66.4,1,66.5,23,2,2022-07-20 09:34:21
1658309662757584000,66.4,1,66.3,12,66.4,1,2,2022-07-20 09:34:22
1658309662797055000,66.4,1,66.3,12,66.5,23,1,2022-07-20 09:34:22
1658309667169201000,66.5,23,66.4,4,66.6,13,1,2022-07-20 09:34:27
1658309667199887000,66.6,6,66.4,4,66.6,6,1,2022-07-20 09:34:27
1658309667208639000,66.4,1,66.4,5,66.6,6,2,2022-07-20 09:34:27
1658309667230911000,66.6,6,66.4,5,66.7,9,1,2022-07-20 09:34:27
1658309671962402000,66.7,1,66.5,3,66.7,8,1,2022-07-20 09:34:31
1658309673037405000,66.7,6,66.5,3,66.7,1,1,2022-07-20 09:34:33
1658309673070807000,66.7,1,66.5,3,66.8,7,1,2022-07-20 09:34:33
1658309675322459000,66.5,1,66.5,3,66.8,7,2,2022-07-20 09:34:35
1658309688885624000,66.6,1,66.6,2,66.8,8,2,2022-07-20 09:34:48
1658309701850128000,66.7,1,66.6,7,66.8,8,1,2022-07-20 09:35:01
1658309705186090000,66.6,5,66.6,3,66.8,8,2,2022-07-20 09:35:05
1658309706495196000,66.7,1,66.6,7,66.8,8,1,2022-07-20 09:35:06
1658309712190619000,66.7,1,66.6,7,66.8,8,2,2022-07-20 09:35:12
1658309735342105000,66.6,1,66.6,6,66.8,7,2,2022-07-20 09:35:35
1658309739773631000,66.7,3,66.6,11,66.8,7,1,2022-07-20 09:35:39
1658309739815537000,66.8,7,66.6,11,67.0,5,1,2022-07-20 09:35:39
1658309755539638000,66.8,1,66.8,4,66.9,1,2,2022-07-20 09:35:55
1658309766349829000,66.9,1,66.8,4,67.0,6,1,2022-07-20 09:36:06
1658309770602315000,66.9,1,66.8,5,67.0,6,1,2022-07-20 09:36:10
1658309787411259000,67.0,5,66.9,21,67.1,9,1,2022-07-20 09:36:27
1658309799122682000,67.0,1,67.0,4,67.1,8,2,2022-07-20 09:36:39
1658309805925617000,67.1,8,67.1,5,67.2,13,1,2022-07-20 09:36:45
1658309806528159000,67.1,1,67.1,8,67.2,13,2,2022-07-20 09:36:46
1658309816901185000,67.2,5,67.1,10,67.2,9,1,2022-07-20 09:36:56
1658309816924480000,67.2,7,67.1,10,67.2,2,1,2022-07-20 09:36:56
1658309819216994000,67.1,2,67.1,8,67.2,2,2,2022-07-20 09:36:59
1658309821493171000,67.2,1,67.1,8,67.2,3,1,2022-07-20 09:37:01
1658309825023096000,67.2,1,67.1,8,67.2,2,1,2022-07-20 09:37:05
1658309825394953000,67.1,1,67.1,7,67.2,3,2,2022-07-20 09:37:05
1658309835609626000,67.2,1,67.1,13,67.2,14,1,2022-07-20 09:37:15
1658309839177310000,67.2,3,67.1,13,67.2,14,1,2022-07-20 09:37:19
1658309847035035000,67.2,2,67.1,16,67.2,14,1,2022-07-20 09:37:27
1658309847674633000,67.1,2,67.1,14,67.2,14,2,2022-07-20 09:37:27
1658309847708708000,67.1,3,67.1,11,67.2,14,2,2022-07-20 09:37:27
1658309847741158000,67.1,6,67.1,5,67.2,14,2,2022-07-20 09:37:27
1658309847782748000,67.1,1,67.1,4,67.2,14,2,2022-07-20 09:37:27
1658309849221316000,67.1,1,67.1,4,67.2,14,2,2022-07-20 09:37:29
1658309852580081000,67.1,1,67.1,2,67.2,14,2,2022-07-20 09:37:32
1658309856667992000,67.1,2,67.0,2,67.1,4,2,2022-07-20 09:37:36
1658309859152468000,67.1,4,67.0,8,67.1,1,1,2022-07-20 09:37:39
1658309859427010000,67.1,2,67.1,3,67.2,14,1,2022-07-20 09:37:39
1658309868547197000,67.1,2,67.1,5,67.2,14,2,2022-07-20 09:37:48
1658309868574344000,67.1,1,67.1,4,67.2,14,2,2022-07-20 09:37:48
1658309871863439000,67.1,1,67.1,4,67.2,16,2,2022-07-20 09:37:51
1658309874058481000,67.1,1,67.1,3,67.2,16,2,2022-07-20 09:37:54
1658309876246476000,67.1,1,67.1,2,67.2,16,2,2022-07-20 09:37:56
1658309879837021000,67.1,1,67.1,1,67.2,16,2,2022-07-20 09:37:59
1658309882545256000,67.1,1,67.1,1,67.2,17,2,2022-07-20 09:38:02
1658309882694375000,67.1,1,67.0,9,67.2,17,2,2022-07-20 09:38:02
1658309885238566000,67.0,1,67.0,8,67.2,18,2,2022-07-20 09:38:05
1658309888049098000,67.0,1,67.0,9,67.1,1,2,2022-07-20 09:38:08
1658309888186562000,67.1,1,67.0,9,67.2,18,1,2022-07-20 09:38:08
1658309895596348000,67.2,2,67.0,9,67.2,16,1,2022-07-20 09:38:15
1658309895732167000,67.2,16,67.0,9,67.3,10,1,2022-07-20 09:38:15
1658309898057605000,67.2,1,67.0,13,67.3,10,1,2022-07-20 09:38:18
1658309900884508000,67.3,2,67.0,13,67.3,8,1,2022-07-20 09:38:20
1658309901175179000,67.3,7,67.2,8,67.4,42,1,2022-07-20 09:38:21
1658309901696160000,67.4,3,67.3,1,67.4,39,1,2022-07-20 09:38:21
1658309901849678000,67.4,2,67.3,1,67.4,37,1,2022-07-20 09:38:21
1658309901885608000,67.4,37,67.3,1,67.5,63,1,2022-07-20 09:38:21
1658309902221132000,67.5,4,67.4,13,67.5,59,1,2022-07-20 09:38:22
1658309902254837000,67.5,59,67.4,13,67.6,11,1,2022-07-20 09:38:22
1658309902271789000,67.6,1,67.4,13,67.6,10,1,2022-07-20 09:38:22
1658309902341599000,67.6,10,67.5,2,67.7,36,1,2022-07-20 09:38:22
1658309902381260000,67.7,1,67.5,4,67.7,35,1,2022-07-20 09:38:22
1658309902533620000,67.7,5,67.6,20,67.7,30,1,2022-07-20 09:38:22
1658309902551341000,67.7,1,67.6,20,67.7,35,1,2022-07-20 09:38:22
1658309903011500000,67.7,29,67.6,20,67.8,28,1,2022-07-20 09:38:23
1658309905338222000,67.8,3,67.6,22,67.8,25,1,2022-07-20 09:38:25
1658309905457179000,67.8,5,67.7,8,67.8,25,1,2022-07-20 09:38:25
1658309905673996000,67.8,1,67.7,8,67.8,19,1,2022-07-20 09:38:25
1658309905812048000,67.8,5,67.7,8,67.8,14,1,2022-07-20 09:38:25
1658309905977277000,67.8,5,67.7,10,67.8,14,1,2022-07-20 09:38:25
1658309907330268000,67.8,1,67.7,11,67.8,8,1,2022-07-20 09:38:27
1658309907620949000,67.8,5,67.7,10,67.8,8,1,2022-07-20 09:38:27
1658309907656618000,67.8,3,67.7,10,67.9,58,1,2022-07-20 09:38:27
1658309907778588000,67.9,20,67.7,12,67.9,38,1,2022-07-20 09:38:27
1658309907970075000,67.9,1,67.8,7,67.9,38,1,2022-07-20 09:38:27
1658309908175094000,67.9,1,67.8,7,67.9,36,1,2022-07-20 09:38:28
1658309908299823000,67.9,1,67.8,7,67.9,35,1,2022-07-20 09:38:28
1658309909521641000,67.8,1,67.8,8,67.9,35,2,2022-07-20 09:38:29
1658309909790346000,67.9,1,67.8,9,67.9,34,1,2022-07-20 09:38:29
1658309910940003000,67.9,2,67.8,7,67.9,32,1,2022-07-20 09:38:30
1658309911599755000,67.9,2,67.8,7,67.9,31,1,2022-07-20 09:38:31
1658309912093754000,67.9,1,67.8,7,67.9,30,1,2022-07-20 09:38:32
1658309912885983000,67.9,1,67.8,7,67.9,29,1,2022-07-20 09:38:32
1658309914648644000,67.8,1,67.8,6,67.9,29,2,2022-07-20 09:38:34
1658309915158994000,67.9,1,67.8,6,67.9,29,1,2022-07-20 09:38:35
1658309916724231000,67.8,1,67.8,9,67.9,31,2,2022-07-20 09:38:36
1658309916741600000,67.8,7,67.8,2,67.9,31,2,2022-07-20 09:38:36
1658309916984257000,67.9,2,67.8,10,67.9,31,1,2022-07-20 09:38:36
1658309920261970000,67.9,5,67.8,3,67.9,26,1,2022-07-20 09:38:40
1658309920867053000,67.8,1,67.8,5,67.9,27,2,2022-07-20 09:38:40
1658309920961876000,67.8,1,67.8,4,67.9,27,2,2022-07-20 09:38:40
1658309921125813000,67.9,2,67.8,6,67.9,27,1,2022-07-20 09:38:41
1658309921320401000,67.8,1,67.8,3,67.9,25,2,2022-07-20 09:38:41
1658309921529922000,67.8,1,67.8,2,67.9,25,2,2022-07-20 09:38:41
1658309921773114000,67.9,1,67.8,2,67.9,24,1,2022-07-20 09:38:41
1658309922798760000,67.9,2,67.8,4,67.9,22,1,2022-07-20 09:38:42
1658309923247786000,67.9,3,67.8,4,67.9,18,1,2022-07-20 09:38:43
1658309923314283000,67.9,5,67.8,4,67.9,13,1,2022-07-20 09:38:43
1658309924306880000,67.9,3,67.8,5,67.9,10,1,2022-07-20 09:38:44
1658309924477561000,67.9,2,67.8,6,67.9,8,1,2022-07-20 09:38:44
1658309924825221000,67.9,1,67.8,6,67.9,7,1,2022-07-20 09:38:44
1658309924880251000,67.9,1,67.8,6,67.9,6,1,2022-07-20 09:38:44
1658309925041527000,67.9,5,67.8,6,67.9,1,1,2022-07-20 09:38:45
1658309925130467000,67.9,1,67.8,6,68.0,85,1,2022-07-20 09:38:45
1658309925194889000,68.0,5,67.8,6,68.0,80,1,2022-07-20 09:38:45
1658309925240566000,68.0,1,67.8,10,68.0,79,1,2022-07-20 09:38:45
1658309925801233000,68.0,1,67.9,3,68.0,78,1,2022-07-20 09:38:45
1658309929919316000,68.0,1,67.9,20,68.0,77,1,2022-07-20 09:38:49
1658309931630737000,67.9,1,67.9,26,68.0,77,2,2022-07-20 09:38:51
1658309932394570000,68.0,1,67.9,25,68.0,76,1,2022-07-20 09:38:52
1658309932483723000,68.0,4,67.9,25,68.0,72,1,2022-07-20 09:38:52
1658309932792093000,68.0,1,67.9,25,68.0,71,1,2022-07-20 09:38:52
1658309932806365000,68.0,5,67.9,25,68.0,66,1,2022-07-20 09:38:52
1658309932813753000,68.0,3,67.9,25,68.0,63,1,2022-07-20 09:38:52
1658309932983044000,68.0,5,67.9,25,68.0,58,1,2022-07-20 09:38:52
1658309933006487000,68.0,3,67.9,25,68.0,55,1,2022-07-20 09:38:53
1658309933252797000,68.0,1,67.9,25,68.0,54,1,2022-07-20 09:38:53
1658309934384498000,68.0,1,67.9,25,68.0,53,1,2022-07-20 09:38:54
1658309935504592000,67.9,1,67.9,24,68.0,53,2,2022-07-20 09:38:55
1658309936009832000,68.0,1,67.9,24,68.0,52,1,2022-07-20 09:38:56
1658309937610973000,68.0,10,67.9,65,68.0,41,1,2022-07-20 09:38:57
1658309938828480000,68.0,1,67.9,65,68.0,40,1,2022-07-20 09:38:58
1658309939102936000,68.0,1,67.9,65,68.0,39,1,2022-07-20 09:38:59
1658309939418821000,68.0,1,67.9,65,68.0,38,1,2022-07-20 09:38:59
1658309940602890000,68.0,3,67.9,65,68.0,38,1,2022-07-20 09:39:00
1658309941491220000,68.0,1,67.9,65,68.0,34,1,2022-07-20 09:39:01
1658309942458004000,68.0,6,67.9,65,68.0,28,1,2022-07-20 09:39:02
1658309942598707000,67.9,1,67.9,64,68.0,28,2,2022-07-20 09:39:02
1658309943455334000,68.0,1,67.9,64,68.0,27,1,2022-07-20 09:39:03
1658309944131579000,68.0,2,67.9,64,68.0,25,1,2022-07-20 09:39:04
1658309944731499000,68.0,2,67.9,64,68.0,23,1,2022-07-20 09:39:04
1658309945242298000,68.0,5,67.9,64,68.0,18,1,2022-07-20 09:39:05
1658309945439740000,68.0,1,67.9,64,68.0,17,1,2022-07-20 09:39:05
1658309945624398000,68.0,10,67.9,64,68.0,7,1,2022-07-20 09:39:05
1658309945763064000,67.9,1,67.9,63,68.0,7,2,2022-07-20 09:39:05
1658309946005876000,68.0,1,67.9,63,68.0,8,1,2022-07-20 09:39:06
1658309946168813000,68.0,2,67.9,63,68.0,5,1,2022-07-20 09:39:06
1658309946680589000,68.0,2,67.9,63,68.0,3,1,2022-07-20 09:39:06
1658309946898034000,68.0,2,67.9,63,68.0,1,1,2022-07-20 09:39:06
1658309946943907000,68.0,1,68.0,4,68.1,5,1,2022-07-20 09:39:06
1658309946967992000,68.0,4,68.0,2,68.1,5,2,2022-07-20 09:39:06
1658309946988875000,68.0,2,68.0,1,68.1,5,2,2022-07-20 09:39:06
1658309948189977000,68.0,3,68.0,5,68.1,15,2,2022-07-20 09:39:08
1658309949382690000,68.0,2,68.0,4,68.1,16,2,2022-07-20 09:39:09
1658309949403527000,68.0,1,68.0,3,68.1,16,2,2022-07-20 09:39:09
1658309949427589000,68.0,1,68.0,2,68.1,16,2,2022-07-20 09:39:09
1658309950752551000,68.0,3,67.9,66,68.1,16,2,2022-07-20 09:39:10
1658309951098643000,68.0,3,68.0,4,68.1,17,2,2022-07-20 09:39:11
1658309951622766000,68.0,1,67.9,66,68.1,17,2,2022-07-20 09:39:11
1658309952887248000,67.9,66,67.8,10,68.0,12,2,2022-07-20 09:39:12
1658309952913582000,67.9,1,67.9,2,68.0,12,2,2022-07-20 09:39:12
1658309952920130000,67.9,2,67.8,10,67.9,1,2,2022-07-20 09:39:12
1658309954395392000,67.8,2,67.8,8,67.9,15,2,2022-07-20 09:39:14
1658309955260734000,67.8,1,67.8,8,67.9,15,2,2022-07-20 09:39:15
1658309955784938000,67.8,1,67.8,6,67.9,15,2,2022-07-20 09:39:15
1658309957093518000,67.8,1,67.8,6,67.9,16,2,2022-07-20 09:39:17
1658309957705261000,67.8,2,67.8,3,67.9,16,2,2022-07-20 09:39:17
1658309958035440000,67.8,1,67.8,2,67.9,16,2,2022-07-20 09:39:18
1658309958190849000,67.8,1,67.8,1,67.9,16,2,2022-07-20 09:39:18
1658309958361929000,67.8,1,67.7,9,67.9,16,2,2022-07-20 09:39:18
1658309959039102000,67.8,1,67.7,10,67.8,16,1,2022-07-20 09:39:19
1658309959851044000,67.7,4,67.7,6,67.8,15,2,2022-07-20 09:39:19
1658309959892582000,67.7,1,67.7,5,67.8,15,2,2022-07-20 09:39:19
1658309960380262000,67.8,4,67.7,5,67.8,19,1,2022-07-20 09:39:20
1658309961475720000,67.7,1,67.7,10,67.8,19,2,2022-07-20 09:39:21
1658309961693114000,67.7,2,67.7,8,67.8,19,2,2022-07-20 09:39:21
1658309962145271000,67.7,1,67.7,7,67.8,19,2,2022-07-20 09:39:22
1658309962972084000,67.8,2,67.7,7,67.8,17,1,2022-07-20 09:39:22
1658309963201526000,67.8,2,67.7,7,67.8,15,1,2022-07-20 09:39:23
1658309963504732000,67.7,1,67.7,6,67.8,15,2,2022-07-20 09:39:23
1658309963526465000,67.7,2,67.7,4,67.8,15,2,2022-07-20 09:39:23
1658309964362488000,67.7,4,67.6,3,67.8,15,2,2022-07-20 09:39:24
1658309964917886000,67.8,1,67.7,1,67.8,15,1,2022-07-20 09:39:24
1658309965572047000,67.7,2,67.6,3,67.7,3,2,2022-07-20 09:39:25
1658309966208330000,67.7,3,67.6,3,67.7,5,1,2022-07-20 09:39:26
1658309966958283000,67.7,1,67.6,4,67.7,7,1,2022-07-20 09:39:26
1658309967968899000,67.7,1,67.6,4,67.7,6,1,2022-07-20 09:39:27
1658309968376320000,67.6,1,67.6,3,67.7,5,2,2022-07-20 09:39:28
1658309969750683000,67.6,1,67.6,2,67.7,7,2,2022-07-20 09:39:29
1658309969946147000,67.7,1,67.6,2,67.7,6,1,2022-07-20 09:39:29
1658309970789101000,67.7,1,67.6,2,67.7,5,1,2022-07-20 09:39:30
1658309972168332000,67.6,1,67.6,1,67.7,6,2,2022-07-20 09:39:32
1658309973948357000,67.7,5,67.6,2,67.7,7,1,2022-07-20 09:39:33
1658309974122578000,67.7,1,67.6,2,67.7,1,1,2022-07-20 09:39:34
1658309975187936000,67.6,1,67.6,1,67.7,2,2,2022-07-20 09:39:35
1658309976622283000,67.7,2,67.7,1,67.8,11,1,2022-07-20 09:39:36
1658309976705851000,67.7,1,67.6,1,67.8,10,2,2022-07-20 09:39:36
1658309980520695000,67.6,1,67.6,5,67.8,10,2,2022-07-20 09:39:40
1658309980962066000,67.6,1,67.6,4,67.7,1,2,2022-07-20 09:39:40
1658309981444529000,67.7,1,67.6,4,67.8,10,1,2022-07-20 09:39:41
1658309982049493000,67.7,1,67.6,4,67.7,2,1,2022-07-20 09:39:42
1658309982318782000,67.7,2,67.7,3,67.8,10,1,2022-07-20 09:39:42
1658309984779543000,67.7,1,67.7,3,67.8,12,2,2022-07-20 09:39:44
1658309986501833000,67.7,1,67.7,2,67.8,13,2,2022-07-20 09:39:46
1658309989105079000,67.7,1,67.7,1,67.8,14,2,2022-07-20 09:39:49
1658309989107122000,67.7,1,67.6,7,67.7,1,2,2022-07-20 09:39:49
1658309989839798000,67.7,1,67.6,6,67.8,14,1,2022-07-20 09:39:49
1658309991111875000,67.7,1,67.6,8,67.8,15,1,2022-07-20 09:39:51
1658309991640378000,67.7,3,67.6,11,67.8,18,1,2022-07-20 09:39:51
1658309992738390000,67.8,1,67.6,11,67.8,17,1,2022-07-20 09:39:52
1658309993252405000,67.7,1,67.6,11,67.8,17,1,2022-07-20 09:39:53
1658309994399439000,67.6,2,67.6,9,67.8,17,2,2022-07-20 09:39:54
1658309998390323000,67.7,1,67.7,4,67.8,17,2,2022-07-20 09:39:58
1658309998899360000,67.7,1,67.7,2,67.8,16,2,2022-07-20 09:39:58
1658309999002839000,67.7,1,67.7,1,67.8,16,2,2022-07-20 09:39:59
1658310000066723000,67.7,1,67.6,13,67.8,15,2,2022-07-20 09:40:00
1658310002216596000,67.8,1,67.6,13,67.8,14,1,2022-07-20 09:40:02
1658310002668251000,67.7,1,67.6,13,67.8,14,1,2022-07-20 09:40:02
1658310003291103000,67.7,2,67.6,13,67.7,2,1,2022-07-20 09:40:03
1658310005364934000,67.7,1,67.6,4,67.8,13,2,2022-07-20 09:40:05
1658310005364934000,67.6,9,67.6,4,67.8,13,2,2022-07-20 09:40:05
1658310007487778000,67.8,1,67.6,5,67.8,12,1,2022-07-20 09:40:07
1658310008653097000,67.8,13,67.6,7,67.9,4,1,2022-07-20 09:40:08
1658310016370321000,67.9,4,67.7,12,67.9,5,1,2022-07-20 09:40:16
1658310017672049000,67.8,1,67.8,3,67.9,7,2,2022-07-20 09:40:17
1658310023555633000,67.8,1,67.8,8,67.9,8,2,2022-07-20 09:40:23
1658310025883615000,67.9,1,67.8,8,67.9,7,1,2022-07-20 09:40:25
1658310029179193000,67.9,1,67.8,7,67.9,7,1,2022-07-20 09:40:29
1658310029767690000,67.8,2,67.8,5,67.9,7,2,2022-07-20 09:40:29
1658310031232852000,67.9,1,67.8,5,67.9,6,1,2022-07-20 09:40:31
1658310033049483000,67.8,6,67.8,7,67.9,6,2,2022-07-20 09:40:33
1658310033754103000,67.8,1,67.8,6,67.9,7,2,2022-07-20 09:40:33
1658310035162996000,67.8,1,67.8,5,67.9,7,2,2022-07-20 09:40:35
1658310049492877000,67.8,10,67.8,4,67.9,7,2,2022-07-20 09:40:49
1658310050967248000,67.8,1,67.8,6,67.9,7,2,2022-07-20 09:40:50
1658310052597596000,67.8,1,67.8,7,67.9,17,2,2022-07-20 09:40:52
1658310052814307000,67.8,1,67.8,6,67.9,17,2,2022-07-20 09:40:52
1658310053177358000,67.8,2,67.8,4,67.9,17,2,2022-07-20 09:40:53
1658310053705931000,67.8,1,67.8,3,67.9,17,2,2022-07-20 09:40:53
1658310053832500000,67.8,2,67.8,1,67.9,17,2,2022-07-20 09:40:53
1658310053864035000,67.8,1,67.7,9,67.9,18,2,2022-07-20 09:40:53
1658310067465363000,67.8,1,67.7,9,67.8,6,1,2022-07-20 09:41:07
1658310074970524000,67.8,6,67.7,9,67.9,11,1,2022-07-20 09:41:14
1658310074970524000,67.9,2,67.7,9,67.9,11,1,2022-07-20 09:41:14
1658310078959735000,67.8,2,67.7,9,67.9,4,1,2022-07-20 09:41:18
1658310078959735000,67.9,8,67.7,9,67.9,4,1,2022-07-20 09:41:18
1658310079651296000,67.8,1,67.7,9,67.9,9,1,2022-07-20 09:41:19
1658310086732722000,67.9,1,67.8,13,67.9,9,1,2022-07-20 09:41:26
1658310088780238000,67.9,1,67.8,13,67.9,8,1,2022-07-20 09:41:28
1658310089774562000,67.9,1,67.8,14,67.9,7,1,2022-07-20 09:41:29
1658310090872753000,67.9,1,67.8,14,67.9,6,1,2022-07-20 09:41:30
1658310092397657000,67.9,3,67.8,17,67.9,3,1,2022-07-20 09:41:32
1658310092431798000,67.9,3,67.8,17,68.0,82,1,2022-07-20 09:41:32
1658310098191755000,67.9,1,67.9,8,68.0,82,2,2022-07-20 09:41:38
1658310102696242000,67.9,10,67.9,2,68.0,81,2,2022-07-20 09:41:42
1658310104185889000,67.9,2,67.8,18,67.9,8,2,2022-07-20 09:41:44
1658310109700166000,67.9,1,67.8,20,67.9,8,1,2022-07-20 09:41:49
1658310112883733000,67.9,1,67.8,20,67.9,12,1,2022-07-20 09:41:52
1658310116795210000,67.9,2,67.8,19,67.9,14,1,2022-07-20 09:41:56
1658310120599582000,67.8,1,67.8,18,67.9,14,2,2022-07-20 09:42:00
1658310125125881000,67.8,1,67.8,18,67.9,16,2,2022-07-20 09:42:05
1658310125952649000,67.8,3,67.8,15,67.9,16,2,2022-07-20 09:42:05
1658310125964511000,67.9,1,67.8,15,67.9,15,1,2022-07-20 09:42:05
1658310127408009000,67.9,1,67.8,15,67.9,14,1,2022-07-20 09:42:07
1658310129087622000,67.8,1,67.8,14,67.9,14,2,2022-07-20 09:42:09
1658310130592569000,67.8,3,67.8,12,67.9,14,2,2022-07-20 09:42:10
1658310132184312000,67.9,1,67.8,14,67.9,13,1,2022-07-20 09:42:12
1658310132230745000,67.9,1,67.8,14,67.9,12,1,2022-07-20 09:42:12
1658310132316376000,67.8,5,67.8,9,67.9,12,2,2022-07-20 09:42:12
1658310133605262000,67.8,3,67.8,7,67.9,12,2,2022-07-20 09:42:13
1658310136366805000,67.8,1,67.8,7,67.9,12,2,2022-07-20 09:42:16
1658310143639232000,67.8,1,67.8,7,67.9,13,2,2022-07-20 09:42:23
1658310150238873000,67.8,1,67.8,7,67.9,13,2,2022-07-20 09:42:30
1658310150322550000,67.8,3,67.8,4,67.9,13,2,2022-07-20 09:42:30
1658310152232210000,67.8,2,67.8,3,67.9,13,2,2022-07-20 09:42:32
1658310154150503000,67.8,1,67.8,2,67.9,14,2,2022-07-20 09:42:34
1658310156714075000,67.8,1,67.8,1,67.9,16,2,2022-07-20 09:42:36
1658310156752729000,67.8,1,67.7,8,67.9,16,2,2022-07-20 09:42:36
1658310167041412000,67.7,1,67.7,7,67.8,5,2,2022-07-20 09:42:47
1658310170442162000,67.7,1,67.7,5,67.8,5,2,2022-07-20 09:42:50
1658310171636324000,67.8,1,67.7,6,67.8,4,1,2022-07-20 09:42:51
1658310173084335000,67.7,2,67.7,4,67.8,4,2,2022-07-20 09:42:53
1658310177095028000,67.7,1,67.7,3,67.8,5,2,2022-07-20 09:42:57
1658310177637193000,67.7,2,67.7,1,67.8,5,2,2022-07-20 09:42:57
1658310177662151000,67.7,1,67.6,4,67.8,5,2,2022-07-20 09:42:57
1658310181811482000,67.6,3,67.6,1,67.7,8,2,2022-07-20 09:43:01
1658310182294935000,67.6,1,67.5,12,67.7,8,2,2022-07-20 09:43:02
1658310185259528000,67.5,1,67.5,14,67.7,9,2,2022-07-20 09:43:05
1658310185413072000,67.5,2,67.5,12,67.7,9,2,2022-07-20 09:43:05
1658310191582292000,67.5,1,67.5,11,67.6,5,2,2022-07-20 09:43:11
1658310197422527000,67.5,1,67.5,10,67.6,5,2,2022-07-20 09:43:17
1658310197989838000,67.6,1,67.5,10,67.6,5,1,2022-07-20 09:43:17
1658310198011984000,67.6,4,67.5,10,67.6,1,1,2022-07-20 09:43:18
1658310198042549000,67.6,1,67.5,10,67.7,8,1,2022-07-20 09:43:18
1658310201934845000,67.5,1,67.5,7,67.6,2,2,2022-07-20 09:43:21
1658310202795983000,67.6,3,67.5,9,67.7,6,1,2022-07-20 09:43:22
1658310202829493000,67.7,6,67.5,9,67.8,4,1,2022-07-20 09:43:22
1658310209144762000,67.7,1,67.5,7,67.7,2,1,2022-07-20 09:43:29
