ts,close,volume,bid_price,bid_volume,ask_price,ask_volume,tick_type,datetime
1645174813899432000,19.1,1096,19.05,315,19.1,18,1,2022-02-18 09:00:13
1645174813944664000,19.1,18,19.05,315,19.15,22,1,2022-02-18 09:00:13
1645174813980905000,19.15,2,19.05,315,19.2,10,1,2022-02-18 09:00:13
1645174814015823000,19.2,6,19.05,315,19.2,4,1,2022-02-18 09:00:14
1645174814050753000,19.2,4,19.05,315,19.3,3,1,2022-02-18 09:00:14
1645174814176151000,19.05,2,19.05,313,19.35,4,2,2022-02-18 09:00:14
1645174814208813000,19.35,2,19.05,313,19.35,2,1,2022-02-18 09:00:14
1645174814413653000,19.05,10,19.05,303,19.35,2,2,2022-02-18 09:00:14
1645174815050016000,19.1,1,19.05,294,19.35,2,2,2022-02-18 09:00:15
1645174815050016000,19.05,9,19.05,294,19.35,2,2,2022-02-18 09:00:15
1645174815126041000,19.05,26,19.05,268,19.3,1,2,2022-02-18 09:00:15
1645174815144784000,19.05,5,19.05,263,19.3,1,2,2022-02-18 09:00:15
1645174816132960000,19.1,1,19.05,260,19.3,1,2,2022-02-18 09:00:16
1645174816132960000,19.05,7,19.05,260,19.3,1,2,2022-02-18 09:00:16
1645174817892074000,19.1,2,19.1,1,19.25,2,2,2022-02-18 09:00:17
1645174818344675000,19.1,1,19.05,275,19.25,20,2,2022-02-18 09:00:18
1645174818344675000,19.05,4,19.05,275,19.25,20,2,2022-02-18 09:00:18
1645174818715289000,19.2,1,19.05,276,19.25,20,1,2022-02-18 09:00:18
1645174819606900000,19.1,1,19.05,275,19.25,21,2,2022-02-18 09:00:19
1645174819606900000,19.05,1,19.05,275,19.25,21,2,2022-02-18 09:00:19
1645174819694094000,19.25,2,19.05,275,19.25,19,1,2022-02-18 09:00:19
1645174820029957000,19.25,1,19.05,276,19.25,18,1,2022-02-18 09:00:20
1645174820063937000,19.05,1,19.05,275,19.25,18,2,2022-02-18 09:00:20
1645174820159989000,19.25,10,19.05,276,19.25,8,1,2022-02-18 09:00:20
1645174820265306000,19.25,1,19.05,276,19.25,7,1,2022-02-18 09:00:20
1645174820274511000,19.25,7,19.25,3,19.3,3,1,2022-02-18 09:00:20
1645174821098037000,19.3,1,19.25,3,19.35,1,1,2022-02-18 09:00:21
1645174821098037000,19.35,1,19.25,3,19.35,1,1,2022-02-18 09:00:21
1645174821199751000,19.35,1,19.25,3,19.4,7,1,2022-02-18 09:00:21
1645174822473606000,19.25,3,19.1,1,19.4,7,2,2022-02-18 09:00:22
1645174822473606000,19.2,1,19.1,1,19.4,7,2,2022-02-18 09:00:22
1645174822473606000,19.1,1,19.1,1,19.4,7,2,2022-02-18 09:00:22
1645174822742905000,19.2,2,19.15,1,19.35,1,1,2022-02-18 09:00:22
1645174823275991000,19.35,1,19.15,1,19.4,10,1,2022-02-18 09:00:23
1645174823330084000,19.35,1,19.15,2,19.4,8,2,2022-02-18 09:00:23
1645174823395042000,19.2,1,19.15,2,19.4,8,1,2022-02-18 09:00:23
1645174823406769000,19.4,5,19.15,2,19.4,3,1,2022-02-18 09:00:23
1645174823601434000,19.4,3,19.2,1,19.45,13,1,2022-02-18 09:00:23
1645174823601434000,19.45,2,19.2,1,19.45,13,1,2022-02-18 09:00:23
1645174823724912000,19.45,1,19.2,1,19.45,10,1,2022-02-18 09:00:23
1645174823815583000,19.45,1,19.2,1,19.45,9,1,2022-02-18 09:00:23
1645174823887667000,19.4,2,19.4,1,19.45,9,2,2022-02-18 09:00:23
1645174823916867000,19.4,1,19.2,1,19.45,9,2,2022-02-18 09:00:23
1645174824538136000,19.45,1,19.2,1,19.45,8,1,2022-02-18 09:00:24
1645174824586148000,19.45,3,19.2,1,19.45,5,1,2022-02-18 09:00:24
1645174824908525000,19.35,1,19.2,2,19.3,3,2,2022-02-18 09:00:24
1645174825270521000,19.3,3,19.25,3,19.45,5,1,2022-02-18 09:00:25
1645174825270521000,19.45,2,19.25,3,19.45,5,1,2022-02-18 09:00:25
1645174826173124000,19.4,1,19.3,1,19.45,5,1,2022-02-18 09:00:26
1645174826173124000,19.45,8,19.3,1,19.45,5,1,2022-02-18 09:00:26
1645174826189404000,19.45,5,19.3,1,19.5,27,1,2022-02-18 09:00:26
1645174826325849000,19.5,5,19.3,1,19.5,20,1,2022-02-18 09:00:26
1645174826445754000,19.5,1,19.3,2,19.5,19,1,2022-02-18 09:00:26
1645174826887036000,19.45,1,19.4,2,19.5,19,1,2022-02-18 09:00:26
1645174827051657000,19.5,3,19.4,2,19.5,16,1,2022-02-18 09:00:27
1645174827177752000,19.5,3,19.4,2,19.5,13,1,2022-02-18 09:00:27
1645174827638935000,19.5,1,19.4,2,19.5,12,1,2022-02-18 09:00:27
1645174827990250000,19.5,1,19.4,2,19.5,11,1,2022-02-18 09:00:27
1645174828212417000,19.5,2,19.4,5,19.5,9,1,2022-02-18 09:00:28
1645174828388116000,19.4,1,19.4,4,19.5,9,2,2022-02-18 09:00:28
1645174828602795000,19.5,9,19.4,4,19.6,11,1,2022-02-18 09:00:28
1645174828602795000,19.55,3,19.4,4,19.6,11,1,2022-02-18 09:00:28
1645174828602795000,19.6,8,19.4,4,19.6,11,1,2022-02-18 09:00:28
1645174828606705000,19.6,1,19.4,4,19.6,10,1,2022-02-18 09:00:28
1645174828637882000,19.6,1,19.4,4,19.6,9,1,2022-02-18 09:00:28
1645174829065008000,19.45,5,19.4,10,19.6,9,2,2022-02-18 09:00:29
1645174829065008000,19.4,5,19.4,10,19.6,9,2,2022-02-18 09:00:29
1645174829376931000,19.55,2,19.5,1,19.55,4,1,2022-02-18 09:00:29
1645174829417009000,19.5,1,19.45,5,19.55,4,2,2022-02-18 09:00:29
1645174829465825000,19.55,3,19.5,1,19.55,1,1,2022-02-18 09:00:29
1645174829635443000,19.5,1,19.45,8,19.55,1,2,2022-02-18 09:00:29
1645174830054689000,19.55,1,19.45,8,19.6,8,1,2022-02-18 09:00:30
1645174830054689000,19.6,1,19.45,8,19.6,8,1,2022-02-18 09:00:30
1645174830121482000,19.6,4,19.45,19,19.6,4,1,2022-02-18 09:00:30
1645174830123715000,19.6,1,19.45,19,19.6,3,1,2022-02-18 09:00:30
1645174830236016000,19.6,1,19.45,19,19.6,2,1,2022-02-18 09:00:30
1645174830258462000,19.6,2,19.45,19,19.65,15,1,2022-02-18 09:00:30
1645174830922822000,19.55,4,19.5,27,19.55,2,1,2022-02-18 09:00:30
1645174831069321000,19.55,2,19.5,32,19.65,8,1,2022-02-18 09:00:31
1645174831069321000,19.6,1,19.5,32,19.65,8,1,2022-02-18 09:00:31
1645174831069321000,19.65,7,19.5,32,19.65,8,1,2022-02-18 09:00:31
1645174831250347000,19.5,10,19.5,22,19.65,8,2,2022-02-18 09:00:31
1645174831567969000,19.65,1,19.55,1,19.65,7,1,2022-02-18 09:00:31
1645174832126873000,19.65,7,19.6,1,19.7,13,1,2022-02-18 09:00:32
1645174832126873000,19.7,3,19.6,1,19.7,13,1,2022-02-18 09:00:32
1645174832187276000,19.6,1,19.55,11,19.7,13,2,2022-02-18 09:00:32
1645174832187276000,19.55,1,19.55,11,19.7,13,2,2022-02-18 09:00:32
1645174832518627000,19.7,1,19.55,11,19.7,12,1,2022-02-18 09:00:32
1645174833192811000,19.7,1,19.65,1,19.7,11,1,2022-02-18 09:00:33
1645174833294526000,19.65,1,19.55,11,19.7,11,2,2022-02-18 09:00:33
1645174833294526000,19.6,3,19.55,11,19.7,11,2,2022-02-18 09:00:33
1645174833507582000,19.7,10,19.65,1,19.7,1,1,2022-02-18 09:00:33
1645174833524774000,19.65,1,19.55,11,19.65,9,2,2022-02-18 09:00:33
1645174833590988000,19.65,9,19.6,9,19.75,7,1,2022-02-18 09:00:33
1645174833590988000,19.7,1,19.6,9,19.75,7,1,2022-02-18 09:00:33
1645174833651754000,19.6,8,19.6,1,19.75,5,2,2022-02-18 09:00:33
1645174833678859000,19.6,1,19.55,11,19.75,5,2,2022-02-18 09:00:33
1645174833971509000,19.75,5,19.55,12,19.8,136,1,2022-02-18 09:00:33
1645174834020094000,19.7,1,0.0,0,0.0,0,1,2022-02-18 09:00:34
1645174834020094000,19.7,0,0.0,0,0.0,0,1,2022-02-18 09:00:34
1645174954650679000,20.0,609,20.0,383,20.05,12,1,2022-02-18 09:02:34
1645174954854711000,20.05,5,20.0,384,20.05,7,1,2022-02-18 09:02:34
1645174954940468000,20.0,13,20.0,371,20.05,7,2,2022-02-18 09:02:34
1645174954949120000,20.0,2,20.0,369,20.05,7,2,2022-02-18 09:02:34
1645174954981974000,20.0,1,20.0,368,20.05,7,2,2022-02-18 09:02:34
1645174955110765000,20.0,3,20.0,365,20.05,7,2,2022-02-18 09:02:35
1645174955145144000,20.0,3,20.0,362,20.05,7,2,2022-02-18 09:02:35
1645174955158876000,20.0,3,20.0,359,20.05,7,2,2022-02-18 09:02:35
1645174955206161000,20.05,1,20.0,358,20.05,6,1,2022-02-18 09:02:35
1645174955253074000,20.0,7,20.0,351,20.05,6,2,2022-02-18 09:02:35
1645174955457866000,20.0,1,20.0,350,20.05,6,2,2022-02-18 09:02:35
1645174955511937000,20.0,32,20.0,318,20.05,6,2,2022-02-18 09:02:35
1645174955683795000,20.05,2,20.0,318,20.05,4,1,2022-02-18 09:02:35
1645174955729384000,20.05,1,20.0,318,20.05,3,1,2022-02-18 09:02:35
1645174956085182000,20.0,5,20.0,314,20.05,3,2,2022-02-18 09:02:36
1645174956125137000,20.0,1,20.0,313,20.05,3,2,2022-02-18 09:02:36
1645174956674667000,20.0,1,20.0,322,20.05,3,2,2022-02-18 09:02:36
1645174956981693000,20.0,10,20.0,312,20.05,3,2,2022-02-18 09:02:36
1645174957099551000,20.05,2,20.0,312,20.05,1,1,2022-02-18 09:02:37
1645174957110040000,20.05,1,20.0,312,20.1,10,1,2022-02-18 09:02:37
1645174957521046000,20.1,5,20.05,1,20.1,5,1,2022-02-18 09:02:37
1645174957938650000,20.05,6,20.0,313,20.1,5,2,2022-02-18 09:02:37
1645174958156004000,20.1,5,20.0,315,20.15,8,1,2022-02-18 09:02:38
1645174958650790000,20.05,3,20.05,17,20.1,1,2,2022-02-18 09:02:38
1645174958865645000,20.05,3,20.05,16,20.1,1,2,2022-02-18 09:02:38
1645174958923854000,20.1,1,20.05,16,20.15,4,1,2022-02-18 09:02:38
1645174958923854000,20.15,4,20.05,16,20.15,4,1,2022-02-18 09:02:38
1645174960059103000,20.1,1,20.1,9,20.15,4,2,2022-02-18 09:02:40
1645174960082810000,20.1,2,20.1,7,20.15,4,2,2022-02-18 09:02:40
1645174960089828000,20.1,7,20.05,18,20.15,4,2,2022-02-18 09:02:40
1645174961201551000,20.05,4,20.05,15,20.15,4,2,2022-02-18 09:02:41
1645174961233435000,20.05,2,20.05,13,20.15,4,2,2022-02-18 09:02:41
1645174961266202000,20.15,2,20.05,13,20.15,2,1,2022-02-18 09:02:41
1645174961337719000,20.15,2,20.05,13,20.2,17,1,2022-02-18 09:02:41
1645174961337719000,20.2,3,20.05,13,20.2,17,1,2022-02-18 09:02:41
1645174962292590000,20.2,2,20.1,6,20.2,15,1,2022-02-18 09:02:42
1645174962718413000,20.2,8,20.1,6,20.2,7,1,2022-02-18 09:02:42
1645174962885245000,20.1,1,20.1,6,20.2,7,2,2022-02-18 09:02:42
1645174962966842000,20.2,3,20.1,6,20.2,4,1,2022-02-18 09:02:42
1645174963188829000,20.2,4,20.1,16,20.25,7,1,2022-02-18 09:02:43
1645174963188829000,20.25,1,20.1,16,20.25,7,1,2022-02-18 09:02:43
1645174963307870000,20.25,1,20.1,16,20.25,6,1,2022-02-18 09:02:43
1645174963346979000,20.25,2,20.1,16,20.25,4,1,2022-02-18 09:02:43
1645174963725471000,20.15,1,20.15,1,20.25,4,2,2022-02-18 09:02:43
1645174963761349000,20.15,1,20.1,17,20.25,4,2,2022-02-18 09:02:43
1645174963786009000,20.25,4,20.1,17,20.3,21,1,2022-02-18 09:02:43
1645174963786009000,20.3,6,20.1,17,20.3,21,1,2022-02-18 09:02:43
1645174964461038000,20.2,1,20.1,12,20.3,21,2,2022-02-18 09:02:44
1645174964461038000,20.15,14,20.1,12,20.3,21,2,2022-02-18 09:02:44
1645174964461038000,20.1,5,20.1,12,20.3,21,2,2022-02-18 09:02:44
1645174964594918000,20.1,3,20.1,9,20.25,12,2,2022-02-18 09:02:44
1645174964647170000,20.2,2,20.2,3,20.25,12,2,2022-02-18 09:02:44
1645174964663540000,20.2,1,20.2,2,20.25,12,2,2022-02-18 09:02:44
1645174964676521000,20.2,2,20.1,9,20.25,12,2,2022-02-18 09:02:44
1645174964754409000,20.25,2,20.1,9,20.25,10,1,2022-02-18 09:02:44
1645174965417105000,20.25,5,20.2,3,20.25,15,1,2022-02-18 09:02:45
1645174965703697000,20.25,10,20.2,4,20.25,5,1,2022-02-18 09:02:45
1645174965793098000,20.2,1,20.2,3,20.25,5,2,2022-02-18 09:02:45
1645174965961616000,20.2,1,20.2,3,20.25,5,2,2022-02-18 09:02:45
1645174966032234000,20.25,5,20.2,3,20.3,21,1,2022-02-18 09:02:46
1645174966259308000,20.3,1,20.2,5,20.3,20,1,2022-02-18 09:02:46
1645174967329370000,20.25,2,20.2,8,20.3,20,2,2022-02-18 09:02:47
1645174967448383000,20.3,1,20.2,9,20.3,19,1,2022-02-18 09:02:47
1645174967528517000,20.3,1,20.2,9,20.3,18,1,2022-02-18 09:02:47
1645174968178408000,20.3,10,20.25,7,20.3,8,1,2022-02-18 09:02:48
1645174968245337000,20.3,1,20.25,7,20.3,7,1,2022-02-18 09:02:48
1645174968257006000,20.3,5,20.25,7,20.3,2,1,2022-02-18 09:02:48
1645174968304722000,20.25,7,20.2,12,20.25,13,2,2022-02-18 09:02:48
1645174968485073000,20.25,1,20.2,12,20.25,12,1,2022-02-18 09:02:48
1645174968595410000,20.25,2,20.2,12,20.25,10,1,2022-02-18 09:02:48
1645174968744003000,20.25,2,20.2,13,20.25,8,1,2022-02-18 09:02:48
1645174968853146000,20.25,6,20.2,13,20.25,2,1,2022-02-18 09:02:48
1645174969049795000,20.25,2,20.2,13,20.25,11,1,2022-02-18 09:02:49
1645174969162641000,20.25,1,20.2,13,20.25,10,1,2022-02-18 09:02:49
1645174969347566000,20.2,2,20.2,12,20.25,10,2,2022-02-18 09:02:49
1645174969630897000,20.25,10,20.2,12,20.25,3,1,2022-02-18 09:02:49
1645174969973410000,20.25,1,20.2,13,20.25,2,1,2022-02-18 09:02:49
1645174970035059000,20.2,2,20.2,11,20.25,2,2,2022-02-18 09:02:50
1645174970253871000,20.25,2,20.2,11,20.3,6,1,2022-02-18 09:02:50
1645174970253871000,20.3,1,20.2,11,20.3,6,1,2022-02-18 09:02:50
1645174970429198000,20.3,1,20.2,11,20.3,5,1,2022-02-18 09:02:50
1645174970543938000,20.2,5,20.2,6,20.25,5,2,2022-02-18 09:02:50
1645174970549773000,20.25,5,20.2,6,20.3,5,1,2022-02-18 09:02:50
1645174970954044000,20.2,1,20.2,5,20.3,5,2,2022-02-18 09:02:50
1645174971448231000,20.3,5,20.25,1,20.35,97,1,2022-02-18 09:02:51
1645174971448231000,20.35,5,20.25,1,20.35,97,1,2022-02-18 09:02:51
1645174971685394000,20.35,1,20.25,1,20.35,96,1,2022-02-18 09:02:51
1645174972135540000,20.35,1,20.25,1,20.35,95,1,2022-02-18 09:02:52
1645174972339621000,20.25,1,20.2,35,20.35,95,2,2022-02-18 09:02:52
1645174972598216000,20.25,2,20.2,66,20.3,12,2,2022-02-18 09:02:52
1645174972696178000,20.25,1,20.25,4,20.3,12,1,2022-02-18 09:02:52
1645174972756363000,20.3,10,20.25,4,20.3,2,1,2022-02-18 09:02:52
1645174972834645000,20.3,2,20.3,29,20.35,95,1,2022-02-18 09:02:52
1645174972964625000,20.3,1,20.3,34,20.35,95,2,2022-02-18 09:02:52
1645174972993214000,20.35,1,20.3,34,20.35,94,1,2022-02-18 09:02:52
1645174973230313000,20.3,1,20.3,33,20.35,94,2,2022-02-18 09:02:53
1645174973289333000,20.3,5,20.3,28,20.35,94,2,2022-02-18 09:02:53
1645174973472057000,20.35,30,20.3,28,20.35,64,1,2022-02-18 09:02:53
1645174973612377000,20.35,1,20.3,28,20.35,63,1,2022-02-18 09:02:53
1645174973675121000,20.35,2,20.3,28,20.35,61,1,2022-02-18 09:02:53
1645174973675710000,20.35,5,20.3,28,20.35,56,1,2022-02-18 09:02:53
1645174973947172000,20.35,1,20.3,28,20.35,55,1,2022-02-18 09:02:53
1645174974233225000,20.3,7,20.3,21,20.35,55,2,2022-02-18 09:02:54
1645174974291831000,20.35,2,20.3,21,20.35,53,1,2022-02-18 09:02:54
1645174974307178000,20.35,5,20.3,21,20.35,48,1,2022-02-18 09:02:54
1645174974568093000,20.35,4,20.3,21,20.35,44,1,2022-02-18 09:02:54
1645174974792191000,20.35,2,20.3,26,20.35,42,1,2022-02-18 09:02:54
1645174974858209000,20.35,1,20.3,26,20.35,41,1,2022-02-18 09:02:54
1645174975023974000,20.35,5,20.3,26,20.35,36,1,2022-02-18 09:02:55
1645174975153531000,20.35,1,20.3,26,20.35,35,1,2022-02-18 09:02:55
1645174975220785000,20.35,10,20.3,26,20.35,26,1,2022-02-18 09:02:55
1645174975482210000,20.35,1,20.3,27,20.35,25,1,2022-02-18 09:02:55
1645174975554760000,20.35,10,20.3,27,20.35,15,1,2022-02-18 09:02:55
1645174975648491000,20.3,1,20.3,26,20.35,15,2,2022-02-18 09:02:55
1645174975774449000,20.35,10,20.3,27,20.35,5,1,2022-02-18 09:02:55
1645174975908195000,20.35,5,20.3,27,20.4,29,1,2022-02-18 09:02:55
1645174976226973000,20.35,1,20.3,27,20.4,29,1,2022-02-18 09:02:56
1645174976283208000,20.4,10,20.3,28,20.4,19,1,2022-02-18 09:02:56
1645174976465276000,20.4,5,20.3,28,20.4,14,1,2022-02-18 09:02:56
1645174976470843000,20.4,14,20.3,28,20.6,18,1,2022-02-18 09:02:56
1645174976470843000,20.45,2,20.3,28,20.6,18,1,2022-02-18 09:02:56
1645174976470843000,20.5,30,20.3,28,20.6,18,1,2022-02-18 09:02:56
1645174976470843000,20.55,7,20.3,28,20.6,18,1,2022-02-18 09:02:56
1645174976470843000,20.6,17,20.3,28,20.6,18,1,2022-02-18 09:02:56
1645174976570571000,20.6,2,20.35,12,20.6,16,1,2022-02-18 09:02:56
1645174976662194000,20.6,7,20.35,23,20.6,9,1,2022-02-18 09:02:56
1645174976825378000,20.6,6,20.35,23,20.6,3,1,2022-02-18 09:02:56
1645174977186922000,20.6,1,20.35,28,20.6,2,1,2022-02-18 09:02:57
1645174977200952000,20.6,2,20.35,28,20.65,23,1,2022-02-18 09:02:57
1645174977200952000,20.65,3,20.35,28,20.65,23,1,2022-02-18 09:02:57
1645174977289012000,20.65,5,20.4,12,20.65,18,1,2022-02-18 09:02:57
1645174977313781000,20.65,1,20.45,1,20.65,17,1,2022-02-18 09:02:57
1645174977496665000,20.65,4,20.45,1,20.65,13,1,2022-02-18 09:02:57
1645174977538684000,20.65,4,20.45,1,20.65,9,1,2022-02-18 09:02:57
1645174977548662000,20.65,4,20.45,1,20.65,5,1,2022-02-18 09:02:57
1645174978010095000,20.6,5,20.5,1,20.7,385,1,2022-02-18 09:02:58
1645174978010095000,20.65,5,20.5,1,20.7,385,1,2022-02-18 09:02:58
1645174978010095000,20.7,22,20.5,1,20.7,385,1,2022-02-18 09:02:58
1645174978087082000,20.7,5,20.5,14,20.7,380,1,2022-02-18 09:02:58
1645174978451403000,20.7,3,20.5,14,20.7,377,1,2022-02-18 09:02:58
1645174978521505000,20.7,1,20.5,14,20.7,376,1,2022-02-18 09:02:58
1645174978862215000,20.7,5,20.55,2,20.7,371,1,2022-02-18 09:02:58
1645174978901935000,20.7,1,20.55,2,20.7,370,1,2022-02-18 09:02:58
1645174978941611000,20.55,2,20.5,14,20.7,370,2,2022-02-18 09:02:58
1645174978956688000,20.7,18,20.5,14,20.7,352,1,2022-02-18 09:02:58
1645174979020696000,20.7,5,20.5,14,20.7,347,1,2022-02-18 09:02:59
1645174979259045000,20.7,1,20.5,14,20.7,346,1,2022-02-18 09:02:59
1645174979749584000,20.5,5,20.5,9,20.7,346,2,2022-02-18 09:02:59
1645174979833369000,20.65,1,20.5,9,20.65,1,1,2022-02-18 09:02:59
1645174979851991000,20.65,1,20.5,9,20.7,346,1,2022-02-18 09:02:59
1645174979873340000,20.7,5,20.5,9,20.7,341,1,2022-02-18 09:02:59
1645174980034749000,20.65,2,20.5,9,20.7,341,1,2022-02-18 09:03:00
1645174980127861000,20.7,10,20.5,9,20.7,331,1,2022-02-18 09:03:00
1645174980168417000,20.7,1,20.5,14,20.7,330,1,2022-02-18 09:03:00
1645174980305773000,20.6,4,20.55,9,20.65,5,2,2022-02-18 09:03:00
1645174980326406000,20.65,5,20.5,5,20.7,319,1,2022-02-18 09:03:00
1645174980326406000,20.7,11,20.5,5,20.7,319,1,2022-02-18 09:03:00
1645174980398897000,20.7,8,20.55,3,20.7,311,1,2022-02-18 09:03:00
1645174980526373000,20.55,2,20.55,1,20.7,311,2,2022-02-18 09:03:00
1645174980770168000,20.55,1,20.5,9,20.7,311,2,2022-02-18 09:03:00
1645174980770168000,20.5,7,20.5,9,20.7,311,2,2022-02-18 09:03:00
1645174980934769000,20.6,1,20.45,29,20.65,7,1,2022-02-18 09:03:00
1645174981249586000,20.6,1,20.45,29,20.65,7,2,2022-02-18 09:03:01
1645174981294191000,20.65,5,20.45,29,20.65,2,1,2022-02-18 09:03:01
1645174981921751000,20.65,1,20.45,29,20.65,1,1,2022-02-18 09:03:01
1645174981992604000,20.65,1,20.5,11,20.7,308,1,2022-02-18 09:03:01
1645174981992604000,20.7,4,20.5,11,20.7,308,1,2022-02-18 09:03:01
1645174982197623000,20.65,4,20.55,3,20.65,1,1,2022-02-18 09:03:02
1645174982291063000,20.65,1,20.55,3,20.7,307,1,2022-02-18 09:03:02
1645174982291063000,20.7,1,20.55,3,20.7,307,1,2022-02-18 09:03:02
1645174982413606000,20.55,3,20.5,11,20.7,307,2,2022-02-18 09:03:02
1645174982621461000,20.65,1,20.5,11,20.65,2,1,2022-02-18 09:03:02
1645174983083927000,20.65,1,20.5,12,20.65,1,1,2022-02-18 09:03:03
1645174983177229000,20.65,1,20.5,22,20.7,308,1,2022-02-18 09:03:03
1645174983302862000,20.65,2,20.5,22,20.7,300,1,2022-02-18 09:03:03
1645174983302862000,20.7,8,20.5,22,20.7,300,1,2022-02-18 09:03:03
1645174983527320000,20.7,1,20.55,14,20.7,299,1,2022-02-18 09:03:03
1645174983723625000,20.55,1,20.55,2,20.65,1,2,2022-02-18 09:03:03
1645174983746315000,20.55,2,20.5,11,20.65,1,2,2022-02-18 09:03:03
1645174983911575000,20.65,1,20.5,11,20.65,3,1,2022-02-18 09:03:03
1645174984398885000,20.65,4,20.5,11,20.7,287,1,2022-02-18 09:03:04
1645174984398885000,20.7,12,20.5,11,20.7,287,1,2022-02-18 09:03:04
1645174984688702000,20.5,11,20.45,22,20.65,1,2,2022-02-18 09:03:04
1645174984688702000,20.45,8,20.45,22,20.65,1,2,2022-02-18 09:03:04
1645174984808420000,20.6,1,20.45,22,20.6,2,1,2022-02-18 09:03:04
1645174984832136000,20.45,5,20.45,17,20.6,2,2,2022-02-18 09:03:04
1645174984991838000,20.6,1,20.45,19,20.6,1,1,2022-02-18 09:03:04
1645174985105907000,20.55,1,20.45,19,20.6,1,2,2022-02-18 09:03:05
1645174985157867000,20.6,1,20.6,4,20.65,1,1,2022-02-18 09:03:05
1645174985194761000,20.6,2,20.6,2,20.65,1,2,2022-02-18 09:03:05
1645174985195040000,20.6,2,20.45,19,20.65,1,2,2022-02-18 09:03:05
1645174985208040000,20.65,1,20.65,2,20.7,287,1,2022-02-18 09:03:05
1645174985245262000,20.65,2,20.45,19,20.7,287,2,2022-02-18 09:03:05
1645174985287570000,20.7,3,20.6,2,20.7,284,1,2022-02-18 09:03:05
1645174985325065000,20.6,2,20.5,11,20.7,284,2,2022-02-18 09:03:05
1645174985765569000,20.7,2,20.5,13,20.7,282,1,2022-02-18 09:03:05
1645174986441504000,20.65,2,20.5,13,20.65,10,1,2022-02-18 09:03:06
1645174986516141000,20.5,10,20.5,3,20.65,10,2,2022-02-18 09:03:06
1645174986557742000,20.65,1,20.5,3,20.65,10,1,2022-02-18 09:03:06
1645174986560667000,20.5,3,20.45,19,20.65,10,2,2022-02-18 09:03:06
1645174986581927000,20.6,3,20.45,19,20.6,7,1,2022-02-18 09:03:06
1645174987000931000,20.5,2,20.45,19,20.6,12,2,2022-02-18 09:03:07
1645174987007847000,20.6,5,20.45,19,20.6,7,1,2022-02-18 09:03:07
1645174987102290000,20.6,1,20.45,19,20.6,6,1,2022-02-18 09:03:07
1645174987270603000,20.55,5,20.5,1,20.6,6,2,2022-02-18 09:03:07
1645174987343152000,20.6,6,20.5,1,20.7,208,1,2022-02-18 09:03:07
1645174987343152000,20.65,18,20.5,1,20.7,208,1,2022-02-18 09:03:07
1645174987343152000,20.7,76,20.5,1,20.7,208,1,2022-02-18 09:03:07
1645174987439726000,20.65,1,20.55,3,20.7,208,1,2022-02-18 09:03:07
1645174987496743000,20.55,1,20.55,2,20.65,10,2,2022-02-18 09:03:07
1645174987497199000,20.55,2,20.5,12,20.65,10,2,2022-02-18 09:03:07
1645174987536161000,20.65,1,20.5,12,20.65,10,1,2022-02-18 09:03:07
1645174987631145000,20.6,1,20.5,1,20.6,2,1,2022-02-18 09:03:07
1645174988028875000,20.6,5,20.5,1,20.7,200,1,2022-02-18 09:03:08
1645174988028875000,20.65,10,20.5,1,20.7,200,1,2022-02-18 09:03:08
1645174988028875000,20.7,8,20.5,1,20.7,200,1,2022-02-18 09:03:08
1645174988402784000,20.65,1,20.5,12,20.65,8,1,2022-02-18 09:03:08
1645174988517983000,20.65,1,20.5,12,20.65,59,1,2022-02-18 09:03:08
1645174988535933000,20.65,1,20.5,12,20.65,58,1,2022-02-18 09:03:08
1645174988590844000,20.65,1,20.5,12,20.65,57,1,2022-02-18 09:03:08
1645174988801261000,20.65,5,20.5,14,20.65,56,1,2022-02-18 09:03:08
1645174988972541000,20.6,1,20.5,4,20.6,4,1,2022-02-18 09:03:08
1645174989384662000,20.6,2,20.5,9,20.6,2,1,2022-02-18 09:03:09
1645174989388275000,20.5,1,20.5,8,20.6,2,2,2022-02-18 09:03:09
1645174989731742000,20.6,1,20.5,13,20.6,1,1,2022-02-18 09:03:09
1645174989839209000,20.6,1,20.6,3,20.65,56,1,2022-02-18 09:03:09
1645174989873107000,20.6,2,20.6,1,20.65,56,2,2022-02-18 09:03:09
1645174989873948000,20.6,1,20.5,15,20.65,56,2,2022-02-18 09:03:09
1645174990058429000,20.65,1,20.5,15,20.65,55,1,2022-02-18 09:03:10
1645174990275228000,20.6,3,20.5,17,20.6,3,1,2022-02-18 09:03:10
1645174990386486000,20.6,1,20.5,17,20.6,3,1,2022-02-18 09:03:10
1645174990414188000,20.5,17,20.45,18,20.6,3,2,2022-02-18 09:03:10
1645174990414188000,20.45,2,20.45,18,20.6,3,2,2022-02-18 09:03:10
1645174990826260000,20.6,2,20.45,18,20.6,2,1,2022-02-18 09:03:10
1645174990867501000,20.45,5,20.45,13,20.6,2,2,2022-02-18 09:03:10
1645174990998405000,20.6,2,20.45,13,20.65,11,1,2022-02-18 09:03:10
1645174990998405000,20.65,48,20.45,13,20.65,11,1,2022-02-18 09:03:10
1645174991189832000,20.6,5,20.5,14,20.65,13,2,2022-02-18 09:03:11
1645174991327971000,20.65,5,20.5,14,20.65,8,1,2022-02-18 09:03:11
1645174991437382000,20.65,5,20.5,14,20.65,3,1,2022-02-18 09:03:11
1645174991732777000,20.65,7,20.5,14,20.7,221,1,2022-02-18 09:03:11
1645174991732777000,20.7,3,20.5,14,20.7,221,1,2022-02-18 09:03:11
1645174991826791000,20.6,1,20.5,14,20.7,221,2,2022-02-18 09:03:11
1645174991894407000,20.5,2,20.5,12,20.65,2,2,2022-02-18 09:03:11
1645174992258481000,20.6,1,20.5,9,20.6,1,1,2022-02-18 09:03:12
1645174992379363000,20.6,1,20.5,9,20.65,12,1,2022-02-18 09:03:12
1645174992931508000,20.5,4,20.45,15,20.6,2,2,2022-02-18 09:03:12
1645174992931508000,20.45,1,20.45,15,20.6,2,2,2022-02-18 09:03:12
1645174993174568000,20.6,2,20.6,3,20.65,13,1,2022-02-18 09:03:13
1645174993206474000,20.6,2,20.6,1,20.65,13,2,2022-02-18 09:03:13
1645174993206974000,20.6,1,20.5,10,20.65,13,2,2022-02-18 09:03:13
1645174993340194000,20.65,1,20.5,10,20.65,12,1,2022-02-18 09:03:13
1645174993660973000,20.65,5,20.55,2,20.65,7,1,2022-02-18 09:03:13
1645174993898098000,20.55,2,20.5,16,20.6,1,2,2022-02-18 09:03:13
1645174994229052000,20.6,1,20.55,10,20.6,2,1,2022-02-18 09:03:14
1645174994347162000,20.6,2,20.6,3,20.65,12,1,2022-02-18 09:03:14
1645174994387093000,20.6,3,20.55,10,20.65,12,2,2022-02-18 09:03:14
1645174994393183000,20.65,1,20.55,10,20.65,11,1,2022-02-18 09:03:14
1645174994758968000,20.6,2,20.55,11,20.65,21,2,2022-02-18 09:03:14
1645174995012466000,20.6,1,20.6,1,20.65,21,2,2022-02-18 09:03:15
1645174995029372000,20.6,1,20.55,11,20.65,21,2,2022-02-18 09:03:15
1645174995140522000,20.55,1,20.55,11,20.65,21,2,2022-02-18 09:03:15
1645174995245592000,20.6,1,20.55,11,20.65,21,2,2022-02-18 09:03:15
1645174995334209000,20.55,18,20.5,9,20.6,10,2,2022-02-18 09:03:15
1645174995334209000,20.5,11,20.5,9,20.6,10,2,2022-02-18 09:03:15
1645174995450310000,20.6,1,20.5,9,20.6,9,1,2022-02-18 09:03:15
1645174995646393000,20.6,1,20.5,9,20.6,9,1,2022-02-18 09:03:15
1645174995660493000,20.6,9,20.6,11,20.65,21,1,2022-02-18 09:03:15
1645174995688748000,20.6,2,20.6,9,20.65,21,2,2022-02-18 09:03:15
1645174995689568000,20.6,9,20.5,9,20.65,21,2,2022-02-18 09:03:15
1645174996293172000,20.55,5,20.55,17,20.65,21,2,2022-02-18 09:03:16
1645174996390565000,20.65,1,20.55,17,20.65,20,1,2022-02-18 09:03:16
1645174996535846000,20.65,2,20.55,18,20.65,18,1,2022-02-18 09:03:16
1645174996536570000,20.65,1,20.55,18,20.65,17,1,2022-02-18 09:03:16
1645174997084889000,20.65,3,20.6,5,20.65,16,1,2022-02-18 09:03:17
1645174997286295000,20.65,3,20.6,5,20.65,13,1,2022-02-18 09:03:17
1645174997314325000,20.65,1,20.6,5,20.65,12,1,2022-02-18 09:03:17
1645174997364504000,20.65,1,20.6,6,20.65,11,1,2022-02-18 09:03:17
1645174998047141000,20.65,1,20.6,6,20.65,10,1,2022-02-18 09:03:18
1645174998233986000,20.65,1,20.6,11,20.65,9,1,2022-02-18 09:03:18
1645174998387569000,20.65,5,20.6,11,20.65,4,1,2022-02-18 09:03:18
1645174998537202000,20.6,2,20.6,9,20.65,4,2,2022-02-18 09:03:18
1645174999015069000,20.65,2,20.6,9,20.65,2,1,2022-02-18 09:03:19
1645174999251335000,20.6,5,20.6,5,20.65,5,2,2022-02-18 09:03:19
1645174999807838000,20.6,3,20.6,4,20.65,56,2,2022-02-18 09:03:19
1645174999835393000,20.6,4,20.55,18,20.65,56,2,2022-02-18 09:03:19
1645174999949779000,20.55,18,20.5,4,20.65,56,2,2022-02-18 09:03:19
1645174999949779000,20.5,11,20.5,4,20.65,56,2,2022-02-18 09:03:19
1645175000013332000,20.65,1,20.5,4,20.65,55,1,2022-02-18 09:03:20
1645175000353463000,20.65,2,20.5,15,20.65,53,1,2022-02-18 09:03:20
1645175001011762000,20.55,1,20.5,4,20.55,1,1,2022-02-18 09:03:21
1645175001187951000,20.5,7,20.5,2,20.55,1,2,2022-02-18 09:03:21
1645175001491280000,20.5,1,20.5,1,20.55,1,2,2022-02-18 09:03:21
1645175001524388000,20.5,1,20.45,32,20.55,1,2,2022-02-18 09:03:21
1645175002112945000,20.55,1,20.45,32,20.6,3,1,2022-02-18 09:03:22
1645175002407561000,20.6,1,20.5,2,20.6,4,1,2022-02-18 09:03:22
1645175002619028000,20.6,1,20.5,2,20.6,6,1,2022-02-18 09:03:22
1645175002844368000,20.5,2,20.45,24,20.6,6,2,2022-02-18 09:03:22
1645175002844368000,20.45,8,20.45,24,20.6,6,2,2022-02-18 09:03:22
1645175003185820000,20.5,2,20.45,21,20.6,7,2,2022-02-18 09:03:23
1645175003185820000,20.45,3,20.45,21,20.6,7,2,2022-02-18 09:03:23
1645175003209739000,20.6,7,20.6,3,20.65,65,1,2022-02-18 09:03:23
1645175003243939000,20.6,2,20.6,1,20.65,65,2,2022-02-18 09:03:23
1645175003244185000,20.6,1,20.5,2,20.65,65,2,2022-02-18 09:03:23
1645175003297325000,20.5,2,20.4,12,20.65,65,2,2022-02-18 09:03:23
1645175003297325000,20.45,21,20.4,12,20.65,65,2,2022-02-18 09:03:23
1645175003297325000,20.4,6,20.4,12,20.65,65,2,2022-02-18 09:03:23
1645175003545002000,20.6,1,20.4,61,20.6,2,1,2022-02-18 09:03:23
1645175004409767000,20.55,1,20.5,5,20.6,2,2,2022-02-18 09:03:24
1645175004534916000,20.6,1,20.5,5,20.6,3,1,2022-02-18 09:03:24
1645175005035371000,20.55,1,20.5,21,20.55,19,1,2022-02-18 09:03:25
1645175005150488000,20.5,2,20.5,19,20.55,20,2,2022-02-18 09:03:25
1645175005288693000,20.55,1,20.5,19,20.55,19,1,2022-02-18 09:03:25
1645175005685480000,20.55,1,20.5,19,20.55,18,1,2022-02-18 09:03:25
1645175005723752000,20.55,3,20.5,19,20.55,15,1,2022-02-18 09:03:25
1645175005817507000,20.5,19,20.4,46,20.55,15,2,2022-02-18 09:03:25
1645175005817507000,20.4,10,20.4,46,20.55,15,2,2022-02-18 09:03:25
1645175005835562000,20.4,2,20.4,44,20.55,15,2,2022-02-18 09:03:25
1645175006129613000,20.5,1,20.5,1,20.55,15,2,2022-02-18 09:03:26
1645175006129940000,20.5,1,20.4,44,20.55,15,2,2022-02-18 09:03:26
1645175006381199000,20.55,1,20.4,44,20.55,19,1,2022-02-18 09:03:26
1645175006795408000,20.55,1,20.5,1,20.55,20,1,2022-02-18 09:03:26
1645175006814393000,20.5,1,20.4,44,20.55,20,2,2022-02-18 09:03:26
1645175007249086000,20.55,11,20.4,44,20.55,24,1,2022-02-18 09:03:27
1645175007459402000,20.55,1,20.4,44,20.55,25,1,2022-02-18 09:03:27
1645175008090960000,20.45,1,20.45,6,20.55,25,2,2022-02-18 09:03:28
1645175008586995000,20.45,6,20.4,26,20.55,25,2,2022-02-18 09:03:28
1645175008586995000,20.4,23,20.4,26,20.55,25,2,2022-02-18 09:03:28
1645175008613486000,20.4,2,20.4,24,20.55,25,2,2022-02-18 09:03:28
1645175008724655000,20.55,1,20.4,24,20.55,24,1,2022-02-18 09:03:28
1645175008802862000,20.5,1,20.4,24,20.55,24,2,2022-02-18 09:03:28
1645175008915611000,20.55,1,20.4,24,20.55,23,1,2022-02-18 09:03:28
1645175008988578000,20.55,1,20.4,24,20.55,22,1,2022-02-18 09:03:28
1645175009127060000,20.45,1,20.4,24,20.55,22,1,2022-02-18 09:03:29
1645175009751087000,20.5,1,20.4,26,20.55,20,1,2022-02-18 09:03:29
1645175009751087000,20.55,2,20.4,26,20.55,20,1,2022-02-18 09:03:29
1645175009859908000,20.45,4,20.45,1,20.55,25,2,2022-02-18 09:03:29
1645175009897304000,20.45,1,20.4,26,20.55,25,2,2022-02-18 09:03:29
1645175010675959000,20.45,1,20.45,4,20.55,25,2,2022-02-18 09:03:30
1645175010910664000,20.45,4,20.4,1,20.55,25,2,2022-02-18 09:03:30
1645175010910664000,20.4,25,20.4,1,20.55,25,2,2022-02-18 09:03:30
1645175011142908000,20.4,1,20.35,26,20.55,25,2,2022-02-18 09:03:31
1645175011241944000,20.55,2,20.35,26,20.55,23,1,2022-02-18 09:03:31
1645175011612467000,20.4,10,20.4,1,20.55,23,2,2022-02-18 09:03:31
1645175011812484000,20.4,1,20.35,26,20.5,10,2,2022-02-18 09:03:31
1645175012232331000,20.35,1,20.35,25,20.5,11,2,2022-02-18 09:03:32
1645175012642914000,20.35,2,20.35,23,20.5,11,2,2022-02-18 09:03:32
1645175012917746000,20.35,7,20.35,16,20.5,11,2,2022-02-18 09:03:32
1645175012993500000,20.35,1,20.35,15,20.5,11,2,2022-02-18 09:03:32
1645175013463124000,20.4,3,20.35,20,20.6,5,1,2022-02-18 09:03:33
1645175013463124000,20.5,13,20.35,20,20.6,5,1,2022-02-18 09:03:33
1645175013463124000,20.55,26,20.35,20,20.6,5,1,2022-02-18 09:03:33
1645175013463124000,20.6,8,20.35,20,20.6,5,1,2022-02-18 09:03:33
1645175014136441000,20.4,5,20.4,1,20.45,2,2,2022-02-18 09:03:34
1645175014181912000,20.4,1,20.35,20,20.45,2,2,2022-02-18 09:03:34
1645175014403324000,20.35,1,20.35,19,20.45,2,2,2022-02-18 09:03:34
1645175014532049000,20.35,19,20.3,40,20.45,2,2,2022-02-18 09:03:34
1645175014532049000,20.3,10,20.3,40,20.45,2,2,2022-02-18 09:03:34
1645175014848109000,20.3,1,20.3,39,20.45,2,2,2022-02-18 09:03:34
1645175015345943000,20.4,6,20.3,41,20.45,2,2,2022-02-18 09:03:35
1645175015724227000,20.35,5,20.3,41,20.45,2,2,2022-02-18 09:03:35
1645175015772527000,20.45,1,20.3,41,20.45,1,1,2022-02-18 09:03:35
1645175015800311000,20.45,1,20.3,41,20.5,10,1,2022-02-18 09:03:35
1645175016159786000,20.5,1,20.35,11,20.5,9,1,2022-02-18 09:03:36
1645175016187660000,20.5,1,20.35,11,20.5,8,1,2022-02-18 09:03:36
1645175016824199000,20.5,2,20.4,7,20.5,6,1,2022-02-18 09:03:36
1645175017434479000,20.4,1,20.4,6,20.45,2,2,2022-02-18 09:03:37
1645175018087741000,20.4,1,20.4,8,20.45,2,2,2022-02-18 09:03:38
1645175018941793000,20.4,1,20.4,7,20.45,2,2,2022-02-18 09:03:38
1645175018979091000,20.45,1,20.4,7,20.45,1,1,2022-02-18 09:03:38
1645175019434890000,20.45,1,20.4,8,20.5,7,1,2022-02-18 09:03:39
1645175019434890000,20.5,1,20.4,8,20.5,7,1,2022-02-18 09:03:39
1645175019688436000,20.5,1,20.45,10,20.5,6,1,2022-02-18 09:03:39
1645175019907070000,20.45,5,20.45,5,20.5,6,2,2022-02-18 09:03:39
1645175019941423000,20.45,1,20.45,4,20.5,6,2,2022-02-18 09:03:39
1645175019947513000,20.45,4,20.4,8,20.5,6,2,2022-02-18 09:03:39
1645175020366479000,20.4,8,20.3,32,20.5,6,2,2022-02-18 09:03:40
1645175020366479000,20.35,11,20.3,32,20.5,6,2,2022-02-18 09:03:40
1645175020366479000,20.3,13,20.3,32,20.5,6,2,2022-02-18 09:03:40
1645175020433953000,20.4,1,20.3,32,20.45,3,1,2022-02-18 09:03:40
1645175020931781000,20.45,2,20.3,33,20.45,1,1,2022-02-18 09:03:40
1645175021067128000,20.3,1,20.3,34,20.45,1,2,2022-02-18 09:03:41
1645175021458308000,20.5,1,20.4,2,20.5,6,1,2022-02-18 09:03:41
1645175022227249000,20.4,2,20.35,16,20.4,1,2,2022-02-18 09:03:42
1645175022265021000,20.4,1,20.35,5,20.5,6,1,2022-02-18 09:03:42
1645175022324274000,20.35,1,20.35,15,20.5,6,2,2022-02-18 09:03:42
1645175022423683000,20.35,15,20.3,29,20.5,7,2,2022-02-18 09:03:42
1645175022423683000,20.3,5,20.3,29,20.5,7,2,2022-02-18 09:03:42
1645175023273812000,20.4,1,20.3,29,20.4,28,1,2022-02-18 09:03:43
1645175024070035000,20.4,3,20.35,5,20.4,25,1,2022-02-18 09:03:44
1645175024097520000,20.4,1,20.35,5,20.4,24,1,2022-02-18 09:03:44
1645175024101834000,20.4,2,20.35,5,20.4,22,1,2022-02-18 09:03:44
1645175024263155000,20.35,1,20.35,4,20.4,22,2,2022-02-18 09:03:44
1645175024435863000,20.35,4,20.3,24,20.4,22,2,2022-02-18 09:03:44
1645175024435863000,20.3,6,20.3,24,20.4,22,2,2022-02-18 09:03:44
1645175024471964000,20.4,1,20.3,24,20.4,21,1,2022-02-18 09:03:44
1645175025425023000,20.3,46,20.25,14,20.4,21,2,2022-02-18 09:03:45
1645175026151830000,20.4,1,20.25,14,20.4,20,1,2022-02-18 09:03:46
1645175026333286000,20.3,1,20.25,14,20.3,4,1,2022-02-18 09:03:46
1645175026378000000,20.3,3,20.25,14,20.3,1,1,2022-02-18 09:03:46
1645175026605930000,20.3,1,20.25,14,20.4,20,1,2022-02-18 09:03:46
1645175026828582000,20.25,10,20.25,4,20.4,20,2,2022-02-18 09:03:46
1645175026863389000,20.25,4,20.2,35,20.35,5,2,2022-02-18 09:03:46
1645175027107186000,20.35,7,20.2,34,20.4,17,1,2022-02-18 09:03:47
1645175027107186000,20.4,3,20.2,34,20.4,17,1,2022-02-18 09:03:47
1645175027980485000,20.3,1,20.3,1,20.35,3,2,2022-02-18 09:03:47
1645175028594142000,20.3,1,20.2,34,20.35,3,2,2022-02-18 09:03:48
1645175028745290000,20.35,1,20.2,34,20.35,2,1,2022-02-18 09:03:48
1645175029043731000,20.35,2,20.2,35,20.4,16,1,2022-02-18 09:03:49
1645175029043731000,20.4,3,20.2,35,20.4,16,1,2022-02-18 09:03:49
1645175030478346000,20.3,1,20.3,6,20.4,16,2,2022-02-18 09:03:50
1645175030814728000,20.35,1,20.3,6,20.4,7,1,2022-02-18 09:03:50
1645175030814728000,20.4,9,20.3,6,20.4,7,1,2022-02-18 09:03:50
1645175031511584000,20.3,1,20.3,5,20.4,7,2,2022-02-18 09:03:51
1645175032306062000,20.35,1,20.3,13,20.35,4,1,2022-02-18 09:03:52
1645175032690496000,20.3,4,20.3,9,20.35,4,2,2022-02-18 09:03:52
1645175032737492000,20.3,1,20.3,8,20.35,4,2,2022-02-18 09:03:52
1645175032917590000,20.3,1,20.3,8,20.35,4,2,2022-02-18 09:03:52
1645175034406962000,20.35,1,20.3,15,20.35,3,1,2022-02-18 09:03:54
1645175034626872000,20.3,10,20.3,5,20.35,3,2,2022-02-18 09:03:54
1645175035490357000,20.3,13,20.25,6,20.35,3,2,2022-02-18 09:03:55
1645175035879038000,20.35,3,20.35,7,20.4,11,1,2022-02-18 09:03:55
1645175035907576000,20.35,7,20.3,1,20.35,4,2,2022-02-18 09:03:55
1645175036792952000,20.3,4,20.3,2,20.35,2,2,2022-02-18 09:03:56
1645175036969862000,20.3,2,20.25,6,20.3,27,2,2022-02-18 09:03:56
1645175037468094000,20.3,1,20.25,6,20.3,26,1,2022-02-18 09:03:57
1645175037629723000,20.3,1,20.25,6,20.3,25,1,2022-02-18 09:03:57
1645175037809241000,20.25,5,20.25,1,20.3,25,2,2022-02-18 09:03:57
1645175038676471000,20.3,3,20.25,4,20.3,27,1,2022-02-18 09:03:58
1645175038760470000,20.3,5,20.25,4,20.3,22,1,2022-02-18 09:03:58
1645175038764675000,20.3,5,20.25,4,20.3,17,1,2022-02-18 09:03:58
1645175038819128000,20.3,5,20.25,4,20.3,12,1,2022-02-18 09:03:58
1645175039035102000,20.3,10,20.25,4,20.3,2,1,2022-02-18 09:03:59
1645175039062777000,20.3,2,20.25,4,20.35,4,1,2022-02-18 09:03:59
1645175039477277000,20.25,2,20.25,2,20.35,4,2,2022-02-18 09:03:59
1645175040178199000,20.3,1,20.3,4,20.35,5,2,2022-02-18 09:04:00
1645175040460218000,20.3,4,20.2,24,20.35,5,2,2022-02-18 09:04:00
1645175040460218000,20.25,2,20.2,24,20.35,5,2,2022-02-18 09:04:00
1645175040460218000,20.2,8,20.2,24,20.35,5,2,2022-02-18 09:04:00
1645175040615718000,20.2,14,20.2,10,20.35,5,2,2022-02-18 09:04:00
1645175040691611000,20.2,1,20.2,9,20.35,5,2,2022-02-18 09:04:00
1645175041939080000,20.3,3,20.2,19,20.3,7,1,2022-02-18 09:04:01
1645175042788125000,20.25,1,20.2,19,20.3,8,2,2022-02-18 09:04:02
1645175042893668000,20.2,5,20.2,14,20.3,8,2,2022-02-18 09:04:02
1645175043050238000,20.3,9,20.3,11,20.35,9,1,2022-02-18 09:04:03
1645175043077907000,20.3,5,20.3,6,20.35,9,2,2022-02-18 09:04:03
1645175043106750000,20.3,6,20.25,1,20.35,9,2,2022-02-18 09:04:03
1645175044361730000,20.3,1,20.25,1,20.3,1,1,2022-02-18 09:04:04
1645175044549955000,20.3,1,20.25,1,20.35,10,1,2022-02-18 09:04:04
1645175044751144000,20.25,1,20.2,25,20.35,10,2,2022-02-18 09:04:04
1645175045250300000,20.2,25,20.1,9,20.3,1,2,2022-02-18 09:04:05
1645175045250300000,20.15,15,20.1,9,20.3,1,2,2022-02-18 09:04:05
1645175045250300000,20.1,10,20.1,9,20.3,1,2,2022-02-18 09:04:05
1645175045705035000,20.25,2,20.1,9,20.25,1,1,2022-02-18 09:04:05
1645175045923448000,20.25,1,20.15,1,20.3,2,1,2022-02-18 09:04:05
1645175046165683000,20.2,1,20.15,15,20.3,31,2,2022-02-18 09:04:06
1645175047457085000,20.3,31,20.15,15,20.3,5,1,2022-02-18 09:04:07
1645175048084645000,20.25,1,20.2,7,20.25,4,2,2022-02-18 09:04:08
1645175048095715000,20.2,7,20.15,1,20.25,4,2,2022-02-18 09:04:08
1645175048095715000,20.15,3,20.15,1,20.25,4,2,2022-02-18 09:04:08
1645175048119877000,20.15,1,20.05,12,20.25,4,2,2022-02-18 09:04:08
1645175048119877000,20.1,9,20.05,12,20.25,4,2,2022-02-18 09:04:08
1645175048956010000,20.25,4,20.25,6,20.3,5,1,2022-02-18 09:04:08
1645175049046116000,20.25,1,20.25,5,20.3,5,2,2022-02-18 09:04:09
1645175049160996000,20.25,1,20.25,4,20.3,5,2,2022-02-18 09:04:09
1645175049219622000,20.3,5,20.3,2,20.35,15,1,2022-02-18 09:04:09
1645175049820881000,20.35,1,20.3,2,20.35,14,1,2022-02-18 09:04:09
1645175050473911000,20.3,1,20.3,1,20.35,14,2,2022-02-18 09:04:10
1645175050616629000,20.3,1,20.25,4,20.35,14,2,2022-02-18 09:04:10
1645175050723502000,20.25,1,20.25,3,20.35,14,2,2022-02-18 09:04:10
1645175051009473000,20.25,1,20.25,2,20.35,14,2,2022-02-18 09:04:11
1645175051121647000,20.35,1,20.3,2,20.35,13,1,2022-02-18 09:04:11
1645175051512872000,20.35,13,20.3,2,20.45,2,1,2022-02-18 09:04:11
1645175051512872000,20.4,10,20.3,2,20.45,2,1,2022-02-18 09:04:11
1645175051512872000,20.45,8,20.3,2,20.45,2,1,2022-02-18 09:04:11
1645175052806213000,20.3,2,20.3,3,20.45,2,2,2022-02-18 09:04:12
1645175053278252000,20.3,1,20.3,2,20.35,1,2,2022-02-18 09:04:13
1645175053463693000,20.3,2,20.25,2,20.35,1,2,2022-02-18 09:04:13
1645175053463693000,20.25,8,20.25,2,20.35,1,2,2022-02-18 09:04:13
1645175054411986000,20.25,1,20.25,1,20.35,1,2,2022-02-18 09:04:14
1645175055156129000,20.3,1,20.25,1,20.35,1,2,2022-02-18 09:04:15
1645175056281864000,20.3,1,20.25,1,20.35,1,2,2022-02-18 09:04:16
1645175056685210000,20.3,8,20.3,22,20.35,1,1,2022-02-18 09:04:16
1645175056733485000,20.3,1,20.3,21,20.35,1,2,2022-02-18 09:04:16
1645175057662619000,20.35,2,20.3,21,20.35,4,1,2022-02-18 09:04:17
1645175058329536000,20.3,1,20.3,21,20.35,4,2,2022-02-18 09:04:18
1645175059339343000,20.35,1,20.3,23,20.35,3,1,2022-02-18 09:04:19
1645175060246665000,20.35,1,20.3,23,20.35,2,1,2022-02-18 09:04:20
1645175060378583000,20.3,2,20.3,21,20.35,2,2,2022-02-18 09:04:20
1645175060518108000,20.35,2,20.35,1,20.4,32,1,2022-02-18 09:04:20
1645175061134012000,20.4,1,20.35,1,20.4,31,1,2022-02-18 09:04:21
1645175061437282000,20.35,1,20.3,22,20.35,4,2,2022-02-18 09:04:21
1645175061918078000,20.35,4,20.3,23,20.4,30,1,2022-02-18 09:04:21
1645175061918078000,20.4,1,20.3,23,20.4,30,1,2022-02-18 09:04:21
1645175062416718000,20.3,2,20.3,21,20.4,30,2,2022-02-18 09:04:22
1645175063479646000,20.3,29,20.3,6,20.35,5,2,2022-02-18 09:04:23
1645175063513220000,20.3,6,20.25,11,20.35,5,2,2022-02-18 09:04:23
1645175065295156000,20.3,1,20.25,11,20.35,8,2,2022-02-18 09:04:25
1645175065508167000,20.35,2,20.25,11,20.35,6,1,2022-02-18 09:04:25
1645175065527345000,20.25,11,20.2,11,20.35,6,2,2022-02-18 09:04:25
1645175066184551000,20.3,1,20.2,12,20.35,6,2,2022-02-18 09:04:26
1645175066550510000,20.3,2,20.2,12,20.3,8,2,2022-02-18 09:04:26
1645175066592207000,20.3,1,20.2,12,20.3,7,1,2022-02-18 09:04:26
1645175066743954000,20.3,2,20.2,15,20.3,5,1,2022-02-18 09:04:26
1645175066779660000,20.3,5,20.2,15,20.35,6,1,2022-02-18 09:04:26
1645175067193011000,20.35,2,20.25,1,20.35,4,1,2022-02-18 09:04:27
1645175067813529000,20.35,1,20.3,2,20.35,3,1,2022-02-18 09:04:27
1645175068198571000,20.35,3,20.3,2,20.4,30,1,2022-02-18 09:04:28
1645175068198571000,20.4,4,20.3,2,20.4,30,1,2022-02-18 09:04:28
1645175070791713000,20.4,4,20.35,2,20.4,27,1,2022-02-18 09:04:30
1645175071129916000,20.35,2,20.3,3,20.4,27,2,2022-02-18 09:04:31
1645175071129916000,20.3,3,20.3,3,20.4,27,2,2022-02-18 09:04:31
1645175071739983000,20.4,3,20.3,23,20.4,24,1,2022-02-18 09:04:31
1645175072243801000,20.3,3,20.3,20,20.4,24,2,2022-02-18 09:04:32
1645175072529383000,20.4,3,20.3,20,20.4,21,1,2022-02-18 09:04:32
1645175073177593000,20.35,1,20.3,20,20.4,2,1,2022-02-18 09:04:33
1645175073177593000,20.4,19,20.3,20,20.4,2,1,2022-02-18 09:04:33
1645175073513641000,20.35,1,20.3,20,20.4,2,1,2022-02-18 09:04:33
1645175075164945000,20.4,5,20.3,21,20.45,22,1,2022-02-18 09:04:35
1645175075164945000,20.45,1,20.3,21,20.45,22,1,2022-02-18 09:04:35
1645175077045651000,20.4,3,20.35,4,20.45,20,1,2022-02-18 09:04:37
1645175077045651000,20.45,3,20.35,4,20.45,20,1,2022-02-18 09:04:37
1645175077070431000,20.35,1,20.35,3,20.45,20,2,2022-02-18 09:04:37
1645175078166495000,20.4,5,20.4,5,20.45,20,1,2022-02-18 09:04:38
1645175078502921000,20.4,2,20.4,3,20.45,20,2,2022-02-18 09:04:38
1645175078703895000,20.4,2,20.4,1,20.45,20,2,2022-02-18 09:04:38
1645175078733915000,20.4,1,20.35,6,20.45,20,2,2022-02-18 09:04:38
1645175079211882000,20.45,2,20.35,11,20.45,18,1,2022-02-18 09:04:39
1645175079219535000,20.35,1,20.35,10,20.45,18,2,2022-02-18 09:04:39
1645175080265512000,20.4,1,20.35,11,20.4,2,1,2022-02-18 09:04:40
1645175080292715000,20.4,1,20.35,11,20.4,1,1,2022-02-18 09:04:40
1645175080607472000,20.4,1,20.35,21,20.45,18,1,2022-02-18 09:04:40
1645175082260979000,20.45,3,20.35,33,20.45,15,1,2022-02-18 09:04:42
1645175084905883000,20.4,1,20.35,53,20.45,25,1,2022-02-18 09:04:44
1645175084905883000,20.45,2,20.35,53,20.45,25,1,2022-02-18 09:04:44
1645175085056897000,20.45,2,20.35,53,20.45,23,1,2022-02-18 09:04:45
1645175086236008000,20.45,2,20.35,54,20.45,21,1,2022-02-18 09:04:46
1645175088567406000,20.45,1,20.35,60,20.45,22,1,2022-02-18 09:04:48
1645175088812619000,20.45,1,20.35,60,20.45,21,1,2022-02-18 09:04:48
1645175089336051000,20.35,12,20.35,48,20.45,21,2,2022-02-18 09:04:49
1645175090449500000,20.35,1,20.35,47,20.45,21,2,2022-02-18 09:04:50
1645175091100552000,20.4,1,20.35,47,20.45,22,2,2022-02-18 09:04:51
1645175092782546000,20.45,2,20.4,5,20.45,21,1,2022-02-18 09:04:52
1645175093667148000,20.4,5,20.35,57,20.45,21,2,2022-02-18 09:04:53
1645175093867174000,20.4,2,20.4,8,20.45,21,2,2022-02-18 09:04:53
1645175094163861000,20.4,1,20.4,7,20.45,21,2,2022-02-18 09:04:54
1645175094909159000,20.4,1,20.4,8,20.45,21,2,2022-02-18 09:04:54
1645175096521782000,20.45,1,20.4,9,20.45,30,1,2022-02-18 09:04:56
1645175096785736000,20.45,1,20.4,9,20.45,29,1,2022-02-18 09:04:56
1645175096796939000,20.4,9,20.35,65,20.4,11,2,2022-02-18 09:04:56
1645175097289492000,20.4,1,20.35,65,20.4,10,1,2022-02-18 09:04:57
1645175098943732000,20.4,2,20.35,66,20.4,10,1,2022-02-18 09:04:58
1645175100165782000,20.4,1,20.35,66,20.4,9,1,2022-02-18 09:05:00
1645175100175470000,20.4,1,20.35,66,20.4,8,1,2022-02-18 09:05:00
1645175100943451000,20.4,1,20.35,67,20.4,8,1,2022-02-18 09:05:00
1645175101487364000,20.4,1,20.35,67,20.4,7,1,2022-02-18 09:05:01
1645175101555055000,20.4,1,20.35,67,20.4,6,1,2022-02-18 09:05:01
1645175103733574000,20.4,6,20.35,67,20.4,3,1,2022-02-18 09:05:03
1645175105584112000,20.4,4,20.35,68,20.4,10,1,2022-02-18 09:05:05
1645175106015214000,20.4,2,20.35,69,20.4,8,1,2022-02-18 09:05:06
1645175106110250000,20.4,1,20.35,69,20.4,7,1,2022-02-18 09:05:06
1645175106478195000,20.4,1,20.35,69,20.4,6,1,2022-02-18 09:05:06
1645175107727425000,20.4,8,20.4,2,20.45,39,1,2022-02-18 09:05:07
1645175108338492000,20.4,3,20.35,6,20.45,38,2,2022-02-18 09:05:08
1645175108338492000,20.35,63,20.35,6,20.45,38,2,2022-02-18 09:05:08
1645175108414963000,20.4,2,20.4,6,20.45,38,2,2022-02-18 09:05:08
1645175108459270000,20.4,6,20.35,6,20.4,4,2,2022-02-18 09:05:08
1645175109141539000,20.4,1,20.35,6,20.4,3,1,2022-02-18 09:05:09
1645175109969243000,20.4,2,20.35,6,20.4,1,1,2022-02-18 09:05:09
1645175110202660000,20.4,1,20.35,6,20.45,29,1,2022-02-18 09:05:10
1645175110202660000,20.45,9,20.35,6,20.45,29,1,2022-02-18 09:05:10
1645175110644189000,20.35,5,20.35,1,20.4,2,2,2022-02-18 09:05:10
1645175111561834000,20.35,1,20.3,41,20.4,2,2,2022-02-18 09:05:11
1645175112010584000,20.4,1,20.3,41,20.4,1,1,2022-02-18 09:05:12
1645175112841519000,20.3,1,20.3,53,20.35,1,2,2022-02-18 09:05:12
1645175112995256000,20.3,1,20.3,52,20.35,1,2,2022-02-18 09:05:12
1645175117869893000,20.3,3,20.3,61,20.35,2,2,2022-02-18 09:05:17
1645175119217456000,20.3,1,20.3,60,20.35,2,2,2022-02-18 09:05:19
1645175119296921000,20.3,1,20.3,59,20.35,2,2,2022-02-18 09:05:19
1645175119325413000,20.3,1,20.3,58,20.35,2,2,2022-02-18 09:05:19
1645175119483543000,20.35,1,20.3,58,20.35,1,1,2022-02-18 09:05:19
1645175120312816000,20.35,1,20.3,58,20.4,43,1,2022-02-18 09:05:20
1645175120312816000,20.4,2,20.3,58,20.4,43,1,2022-02-18 09:05:20
1645175120810703000,20.3,58,20.25,39,20.3,7,2,2022-02-18 09:05:20
1645175120841726000,20.3,2,20.25,39,20.3,5,1,2022-02-18 09:05:20
1645175121952467000,20.3,5,20.25,39,20.3,1,1,2022-02-18 09:05:21
1645175122357895000,20.3,2,20.25,39,20.3,4,1,2022-02-18 09:05:22
1645175123140597000,20.25,15,20.25,24,20.3,4,2,2022-02-18 09:05:23
1645175123175666000,20.25,24,20.2,62,20.3,4,2,2022-02-18 09:05:23
1645175123395035000,20.3,1,20.2,63,20.3,3,1,2022-02-18 09:05:23
1645175123941609000,20.3,1,20.2,63,20.3,2,1,2022-02-18 09:05:23
1645175124138845000,20.2,2,20.2,61,20.3,2,2,2022-02-18 09:05:24
1645175124749493000,20.3,5,20.2,61,20.3,5,1,2022-02-18 09:05:24
1645175125284323000,20.2,15,20.2,46,20.3,5,2,2022-02-18 09:05:25
1645175125425919000,20.3,1,20.2,46,20.3,4,1,2022-02-18 09:05:25
1645175126321455000,20.2,2,20.2,44,20.3,4,2,2022-02-18 09:05:26
1645175126402991000,20.3,1,20.2,44,20.3,3,1,2022-02-18 09:05:26
1645175126722215000,20.2,1,20.2,43,20.3,3,2,2022-02-18 09:05:26
1645175126854517000,20.3,1,20.2,44,20.3,7,1,2022-02-18 09:05:26
1645175127267334000,20.3,1,20.2,44,20.3,6,1,2022-02-18 09:05:27
1645175127344010000,20.3,1,20.2,45,20.3,5,1,2022-02-18 09:05:27
1645175127346609000,20.3,2,20.2,45,20.3,3,1,2022-02-18 09:05:27
1645175127579351000,20.2,5,20.2,40,20.3,4,2,2022-02-18 09:05:27
1645175127700775000,20.2,2,20.2,38,20.3,4,2,2022-02-18 09:05:27
1645175128720856000,20.3,2,20.2,28,20.3,2,1,2022-02-18 09:05:28
1645175131134359000,20.3,9,20.4,46,20.45,44,1,2022-02-18 09:05:31
1645175131134359000,20.35,5,20.4,46,20.45,44,1,2022-02-18 09:05:31
1645175131134359000,20.4,40,20.4,46,20.45,44,1,2022-02-18 09:05:31
1645175131959741000,20.4,1,20.4,45,20.45,41,2,2022-02-18 09:05:31
1645175132360640000,20.4,1,20.4,44,20.45,42,2,2022-02-18 09:05:32
1645175132383407000,20.4,8,20.4,36,20.45,42,2,2022-02-18 09:05:32
1645175133392421000,20.4,36,20.2,42,20.45,44,2,2022-02-18 09:05:33
1645175133392421000,20.3,8,20.2,42,20.45,44,2,2022-02-18 09:05:33
1645175133392421000,20.25,2,20.2,42,20.45,44,2,2022-02-18 09:05:33
1645175133392421000,20.2,4,20.2,42,20.45,44,2,2022-02-18 09:05:33
1645175133487722000,20.3,1,20.2,42,20.3,9,1,2022-02-18 09:05:33
1645175133519913000,20.3,2,20.2,42,20.3,7,1,2022-02-18 09:05:33
1645175136835135000,20.3,4,20.25,1,20.3,3,1,2022-02-18 09:05:36
1645175136870258000,20.3,3,20.25,1,20.4,1,1,2022-02-18 09:05:36
1645175140365316000,20.35,1,20.3,30,20.35,4,1,2022-02-18 09:05:40
1645175140391852000,20.35,3,20.3,30,20.35,1,1,2022-02-18 09:05:40
1645175140866233000,20.35,1,20.3,31,20.4,4,1,2022-02-18 09:05:40
1645175143530713000,20.35,1,20.3,32,20.4,11,2,2022-02-18 09:05:43
1645175145422802000,20.35,1,20.3,46,20.4,22,1,2022-02-18 09:05:45
1645175146073945000,20.4,3,20.3,46,20.4,29,1,2022-02-18 09:05:46
1645175146465459000,20.4,1,20.3,46,20.4,28,1,2022-02-18 09:05:46
1645175148248396000,20.3,1,20.3,45,20.35,2,2,2022-02-18 09:05:48
1645175151053526000,20.3,1,20.3,49,20.35,2,2,2022-02-18 09:05:51
1645175152167539000,20.35,1,20.3,49,20.35,1,1,2022-02-18 09:05:52
1645175152480522000,20.35,1,20.3,50,20.4,31,1,2022-02-18 09:05:52
1645175154385630000,20.3,1,20.3,52,20.4,31,2,2022-02-18 09:05:54
1645175158488866000,20.4,1,20.3,57,20.4,34,1,2022-02-18 09:05:58
1645175158686041000,20.3,25,20.3,33,20.4,34,2,2022-02-18 09:05:58
1645175159289407000,20.3,1,20.3,32,20.4,34,2,2022-02-18 09:05:59
1645175160096580000,20.3,20,20.3,12,20.4,34,2,2022-02-18 09:06:00
1645175160133175000,20.3,11,20.3,1,20.4,34,2,2022-02-18 09:06:00
1645175160483590000,20.35,1,20.3,1,20.4,34,2,2022-02-18 09:06:00
1645175160529714000,20.3,1,20.25,8,20.4,34,2,2022-02-18 09:06:00
1645175161735858000,20.3,2,20.25,11,20.3,8,2,2022-02-18 09:06:01
1645175162183813000,20.25,1,20.25,10,20.3,15,2,2022-02-18 09:06:02
1645175162217752000,20.3,2,20.25,10,20.3,13,1,2022-02-18 09:06:02
1645175162565500000,20.3,1,20.25,10,20.3,12,1,2022-02-18 09:06:02
1645175164708755000,20.3,1,20.25,10,20.3,17,1,2022-02-18 09:06:04
1645175166042109000,20.25,1,20.25,9,20.3,18,2,2022-02-18 09:06:06
1645175167099862000,20.3,1,20.25,9,20.3,17,1,2022-02-18 09:06:07
1645175167487118000,20.25,9,20.2,54,20.3,17,2,2022-02-18 09:06:07
1645175167624165000,20.3,5,20.2,54,20.3,12,1,2022-02-18 09:06:07
1645175168345460000,20.25,1,20.2,54,20.3,12,1,2022-02-18 09:06:08
1645175169944922000,20.3,1,20.2,54,20.3,12,1,2022-02-18 09:06:09
1645175171138126000,20.3,1,20.2,54,20.3,12,1,2022-02-18 09:06:11
1645175174403515000,20.3,3,20.25,1,20.3,11,1,2022-02-18 09:06:14
1645175175163078000,20.3,10,20.25,3,20.3,1,1,2022-02-18 09:06:15
1645175175192832000,20.3,1,20.25,3,20.35,4,1,2022-02-18 09:06:15
1645175179660936000,20.3,2,20.3,2,20.35,5,1,2022-02-18 09:06:19
1645175180536237000,20.35,1,20.3,2,20.35,4,1,2022-02-18 09:06:20
1645175182216255000,20.3,1,20.3,5,20.35,4,2,2022-02-18 09:06:22
1645175182412628000,20.3,2,20.3,3,20.35,4,2,2022-02-18 09:06:22
1645175183341446000,20.3,3,20.25,5,20.3,17,2,2022-02-18 09:06:23
1645175183630335000,20.3,2,20.25,5,20.3,15,1,2022-02-18 09:06:23
1645175185766190000,20.3,4,20.25,15,20.3,11,1,2022-02-18 09:06:25
1645175185806781000,20.3,6,20.25,15,20.3,5,1,2022-02-18 09:06:25
1645175186212053000,20.3,4,20.25,16,20.3,1,1,2022-02-18 09:06:26
1645175186395397000,20.3,1,20.25,16,20.35,10,1,2022-02-18 09:06:26
1645175186787440000,20.35,10,20.25,16,20.4,44,1,2022-02-18 09:06:26
1645175186787440000,20.4,5,20.25,16,20.4,44,1,2022-02-18 09:06:26
1645175187542390000,20.4,5,20.25,16,20.4,39,1,2022-02-18 09:06:27
1645175188803652000,20.3,2,20.25,30,20.4,37,2,2022-02-18 09:06:28
1645175190151410000,20.3,6,20.25,30,20.3,4,2,2022-02-18 09:06:30
1645175190190131000,20.3,4,20.25,30,20.4,37,1,2022-02-18 09:06:30
1645175190299035000,20.4,1,20.25,30,20.4,36,1,2022-02-18 09:06:30
1645175190331948000,20.4,1,20.25,30,20.4,35,1,2022-02-18 09:06:30
1645175191346242000,20.3,2,20.3,29,20.35,50,1,2022-02-18 09:06:31
1645175192051761000,20.35,1,20.3,29,20.35,49,1,2022-02-18 09:06:32
1645175194972316000,20.35,8,20.3,31,20.35,42,1,2022-02-18 09:06:34
1645175195164188000,20.35,3,20.3,31,20.35,39,1,2022-02-18 09:06:35
1645175195286439000,20.3,1,20.3,30,20.35,39,2,2022-02-18 09:06:35
1645175196089823000,20.3,1,20.3,29,20.35,39,2,2022-02-18 09:06:36
1645175196431375000,20.3,3,20.3,26,20.35,39,2,2022-02-18 09:06:36
1645175196695199000,20.35,2,20.3,26,20.35,37,1,2022-02-18 09:06:36
1645175200076892000,20.35,20,20.3,34,20.35,19,1,2022-02-18 09:06:40
1645175200774831000,20.35,19,20.3,33,20.4,28,1,2022-02-18 09:06:40
1645175200774831000,20.4,1,20.3,33,20.4,28,1,2022-02-18 09:06:40
1645175201016214000,20.35,1,20.3,33,20.4,28,1,2022-02-18 09:06:41
1645175203025130000,20.4,1,20.35,2,20.4,43,1,2022-02-18 09:06:43
1645175203484941000,20.35,2,20.3,34,20.35,12,2,2022-02-18 09:06:43
1645175203584530000,20.35,1,20.3,34,20.35,11,1,2022-02-18 09:06:43
1645175203972503000,20.35,1,20.3,34,20.35,10,1,2022-02-18 09:06:43
1645175204039911000,20.35,10,20.3,34,20.4,43,1,2022-02-18 09:06:44
1645175204511539000,20.35,1,20.3,34,20.35,1,1,2022-02-18 09:06:44
1645175207305459000,20.35,3,20.35,7,20.4,43,1,2022-02-18 09:06:47
1645175207306658000,20.35,1,20.35,6,20.4,43,2,2022-02-18 09:06:47
1645175208059303000,20.35,2,20.35,4,20.4,43,2,2022-02-18 09:06:48
1645175208513024000,20.35,1,20.35,3,20.4,43,2,2022-02-18 09:06:48
1645175208773778000,20.35,3,20.3,40,20.35,2,2,2022-02-18 09:06:48
1645175209441804000,20.35,1,20.3,40,20.35,3,1,2022-02-18 09:06:49
1645175209586663000,20.35,1,20.3,40,20.35,2,1,2022-02-18 09:06:49
1645175211629507000,20.35,1,20.3,40,20.35,1,1,2022-02-18 09:06:51
1645175214483632000,20.35,1,20.3,40,20.4,49,1,2022-02-18 09:06:54
1645175215052927000,20.35,1,20.35,19,20.4,48,2,2022-02-18 09:06:55
1645175218996060000,20.35,2,20.35,20,20.4,48,2,2022-02-18 09:06:58
1645175219963869000,20.35,1,20.35,22,20.4,98,2,2022-02-18 09:06:59
1645175220235304000,20.4,1,20.35,22,20.4,97,1,2022-02-18 09:07:00
1645175220537948000,20.35,1,20.35,21,20.4,97,2,2022-02-18 09:07:00
1645175221742068000,20.35,10,20.35,11,20.4,97,2,2022-02-18 09:07:01
1645175223634293000,20.4,17,20.35,26,20.4,80,1,2022-02-18 09:07:03
1645175226807780000,20.35,27,20.3,49,20.4,80,2,2022-02-18 09:07:06
1645175227278480000,20.4,10,20.3,49,20.4,120,1,2022-02-18 09:07:07
1645175228857597000,20.35,1,20.3,49,20.35,1,1,2022-02-18 09:07:08
1645175231076016000,20.35,3,20.3,49,20.4,75,1,2022-02-18 09:07:11
1645175231076016000,20.4,47,20.3,49,20.4,75,1,2022-02-18 09:07:11
1645175233769487000,20.35,2,20.3,53,20.4,78,2,2022-02-18 09:07:13
1645175237920287000,20.35,1,20.3,53,20.35,6,1,2022-02-18 09:07:17
1645175238091358000,20.3,2,20.3,51,20.35,6,2,2022-02-18 09:07:18
1645175238771485000,20.35,2,20.3,51,20.35,4,1,2022-02-18 09:07:18
1645175240322798000,20.35,3,20.3,51,20.35,1,1,2022-02-18 09:07:20
1645175241960173000,20.35,1,20.3,54,20.35,4,1,2022-02-18 09:07:21
1645175242315528000,20.3,50,20.3,4,20.35,4,2,2022-02-18 09:07:22
1645175245978859000,20.3,1,20.3,18,20.35,14,2,2022-02-18 09:07:25
1645175246816313000,20.3,1,20.3,18,20.35,14,2,2022-02-18 09:07:26
1645175246872664000,20.3,3,20.3,15,20.35,15,2,2022-02-18 09:07:26
1645175248293338000,20.3,1,20.3,14,20.35,15,2,2022-02-18 09:07:28
1645175249013072000,20.35,6,20.3,14,20.35,9,1,2022-02-18 09:07:29
1645175250926366000,20.35,1,20.3,22,20.35,8,1,2022-02-18 09:07:30
1645175251054587000,20.3,5,20.3,17,20.35,8,2,2022-02-18 09:07:31
1645175252533672000,20.35,1,20.3,18,20.35,9,1,2022-02-18 09:07:32
1645175254072135000,20.35,2,20.3,19,20.35,7,1,2022-02-18 09:07:34
1645175258207887000,20.35,1,20.3,46,20.35,13,1,2022-02-18 09:07:38
1645175258379335000,20.35,7,20.3,46,20.35,6,1,2022-02-18 09:07:38
1645175259015268000,20.35,1,20.3,46,20.35,5,1,2022-02-18 09:07:39
1645175259567086000,20.35,1,20.3,46,20.35,4,1,2022-02-18 09:07:39
1645175263239919000,20.35,4,20.35,1,20.4,112,1,2022-02-18 09:07:43
1645175264783446000,20.35,1,20.35,6,20.4,112,2,2022-02-18 09:07:44
1645175264860389000,20.35,6,20.3,13,20.4,112,2,2022-02-18 09:07:44
1645175264860389000,20.3,49,20.3,13,20.4,112,2,2022-02-18 09:07:44
1645175266417908000,20.35,1,20.3,13,20.4,112,2,2022-02-18 09:07:46
1645175268266963000,20.35,1,20.3,13,20.4,112,2,2022-02-18 09:07:48
1645175268904989000,20.35,1,20.35,5,20.4,112,2,2022-02-18 09:07:48
1645175269638806000,20.35,3,20.35,2,20.4,112,2,2022-02-18 09:07:49
1645175270711473000,20.35,2,20.3,13,20.35,2,2,2022-02-18 09:07:50
1645175271920223000,20.35,2,20.3,14,20.35,10,1,2022-02-18 09:07:51
1645175272317235000,20.35,3,20.3,16,20.35,8,1,2022-02-18 09:07:52
1645175274465952000,20.35,1,20.3,18,20.35,12,1,2022-02-18 09:07:54
1645175275641613000,20.3,5,20.3,13,20.35,14,2,2022-02-18 09:07:55
1645175276296172000,20.3,1,20.3,13,20.35,14,2,2022-02-18 09:07:56
1645175277966665000,20.35,1,20.3,27,20.35,14,1,2022-02-18 09:07:57
1645175278771440000,20.35,1,20.3,27,20.35,18,1,2022-02-18 09:07:58
1645175279403112000,20.35,1,20.3,27,20.35,17,1,2022-02-18 09:07:59
1645175281670826000,20.35,2,20.3,39,20.35,16,1,2022-02-18 09:08:01
1645175285157121000,20.3,9,20.3,31,20.35,24,2,2022-02-18 09:08:05
1645175288377565000,20.35,2,20.3,31,20.35,27,1,2022-02-18 09:08:08
1645175290086558000,20.35,1,20.3,33,20.35,26,1,2022-02-18 09:08:10
1645175292649504000,20.3,34,20.25,36,20.35,26,2,2022-02-18 09:08:12
1645175292649504000,20.25,16,20.25,36,20.35,26,2,2022-02-18 09:08:12
1645175293595392000,20.3,2,20.25,36,20.35,26,2,2022-02-18 09:08:13
1645175293999559000,20.3,1,20.25,36,20.3,4,2,2022-02-18 09:08:13
1645175294277746000,20.25,14,20.25,22,20.3,29,2,2022-02-18 09:08:14
1645175294311398000,20.25,14,20.25,8,20.3,29,2,2022-02-18 09:08:14
1645175295307473000,20.25,11,20.25,2,20.3,41,2,2022-02-18 09:08:15
1645175295337922000,20.25,2,20.2,103,20.25,6,2,2022-02-18 09:08:15
1645175296787123000,20.2,10,20.2,93,20.25,6,2,2022-02-18 09:08:16
1645175296906566000,20.2,20,20.2,73,20.25,6,2,2022-02-18 09:08:16
1645175298334793000,20.25,1,20.2,73,20.25,5,1,2022-02-18 09:08:18
1645175299619515000,20.25,1,20.2,74,20.25,4,1,2022-02-18 09:08:19
1645175301033012000,20.2,11,20.2,63,20.25,9,2,2022-02-18 09:08:21
1645175301706459000,20.2,50,20.2,12,20.25,11,2,2022-02-18 09:08:21
1645175301716691000,20.2,12,20.15,27,20.2,13,2,2022-02-18 09:08:21
1645175301847907000,20.2,14,20.15,27,20.4,3,1,2022-02-18 09:08:21
1645175301847907000,20.25,11,20.15,27,20.4,3,1,2022-02-18 09:08:21
1645175301847907000,20.3,17,20.15,27,20.4,3,1,2022-02-18 09:08:21
1645175301847907000,20.35,32,20.15,27,20.4,3,1,2022-02-18 09:08:21
1645175301847907000,20.4,126,20.15,27,20.4,3,1,2022-02-18 09:08:21
1645175302744931000,20.25,1,20.15,32,20.25,13,2,2022-02-18 09:08:22
1645175302771260000,20.25,1,20.15,32,20.25,12,1,2022-02-18 09:08:22
1645175302775142000,20.25,12,20.15,32,20.4,3,1,2022-02-18 09:08:22
1645175302899299000,20.2,2,20.2,1,20.35,3,2,2022-02-18 09:08:22
1645175307454035000,20.25,2,20.25,5,20.35,3,2,2022-02-18 09:08:27
1645175307510622000,20.25,5,20.2,23,20.35,3,2,2022-02-18 09:08:27
1645175309729373000,20.3,15,20.25,6,20.35,6,1,2022-02-18 09:08:29
1645175311549058000,20.3,1,20.3,4,20.35,3,2,2022-02-18 09:08:31
1645175312087571000,20.35,3,20.3,4,20.4,10,1,2022-02-18 09:08:32
1645175313738745000,20.3,1,20.3,8,20.4,10,2,2022-02-18 09:08:33
1645175315263727000,20.3,1,20.3,8,20.4,10,2,2022-02-18 09:08:35
1645175318034283000,20.35,1,20.3,8,20.4,10,1,2022-02-18 09:08:38
1645175320028042000,20.35,1,20.3,8,20.4,14,2,2022-02-18 09:08:40
1645175321420201000,20.35,5,20.3,8,20.35,1,2,2022-02-18 09:08:41
1645175323110190000,20.35,1,20.3,13,20.4,10,1,2022-02-18 09:08:43
1645175323110190000,20.4,4,20.3,13,20.4,10,1,2022-02-18 09:08:43
1645175323250788000,20.3,1,20.3,12,20.4,10,2,2022-02-18 09:08:43
1645175325237862000,20.4,10,20.35,2,20.45,53,1,2022-02-18 09:08:45
1645175326320793000,20.45,1,20.35,2,20.45,52,1,2022-02-18 09:08:46
1645175326519574000,20.45,5,20.35,9,20.45,47,1,2022-02-18 09:08:46
1645175328483942000,20.4,1,20.35,9,20.45,47,1,2022-02-18 09:08:48
1645175332572019000,20.4,1,20.35,19,20.45,46,2,2022-02-18 09:08:52
1645175333801787000,20.4,1,20.35,19,20.4,4,2,2022-02-18 09:08:53
1645175335291809000,20.4,2,20.35,19,20.4,2,1,2022-02-18 09:08:55
1645175335319859000,20.4,2,20.35,19,20.45,51,1,2022-02-18 09:08:55
1645175338498538000,20.4,1,20.4,5,20.45,56,2,2022-02-18 09:08:58
1645175340047396000,20.4,6,20.35,13,20.4,2,2,2022-02-18 09:09:00
1645175343539115000,20.4,2,20.35,14,20.4,9,1,2022-02-18 09:09:03
1645175344099162000,20.4,1,20.35,14,20.4,8,1,2022-02-18 09:09:04
1645175344435672000,20.35,3,20.35,11,20.4,8,2,2022-02-18 09:09:04
1645175344533279000,20.35,1,20.35,10,20.4,8,2,2022-02-18 09:09:04
1645175348836975000,20.4,1,20.35,13,20.4,16,1,2022-02-18 09:09:08
1645175348875315000,20.35,1,20.35,12,20.4,16,2,2022-02-18 09:09:08
1645175349042837000,20.4,3,20.35,12,20.4,13,1,2022-02-18 09:09:09
1645175350006695000,20.4,5,20.35,12,20.4,8,1,2022-02-18 09:09:10
1645175350031648000,20.4,8,20.35,12,20.45,60,1,2022-02-18 09:09:10
1645175351698611000,20.35,1,20.35,15,20.4,7,2,2022-02-18 09:09:11
1645175352753483000,20.4,1,20.35,17,20.4,6,1,2022-02-18 09:09:12
1645175354229170000,20.4,1,20.35,17,20.4,5,1,2022-02-18 09:09:14
1645175357478430000,20.35,1,20.35,22,20.4,14,2,2022-02-18 09:09:17
1645175357525293000,20.4,1,20.35,22,20.4,13,1,2022-02-18 09:09:17
1645175358150960000,20.4,1,20.35,22,20.4,14,1,2022-02-18 09:09:18
1645175358184866000,20.4,14,20.35,22,20.45,68,1,2022-02-18 09:09:18
1645175360390905000,20.4,1,20.35,23,20.45,68,1,2022-02-18 09:09:20
1645175362342038000,20.45,1,20.4,1,20.45,67,1,2022-02-18 09:09:22
1645175364566315000,20.4,1,20.35,36,20.45,67,2,2022-02-18 09:09:24
1645175380307120000,20.4,2,20.4,20,20.45,73,2,2022-02-18 09:09:40
1645175380377926000,20.4,4,20.4,16,20.45,73,2,2022-02-18 09:09:40
1645175380518041000,20.45,1,20.4,16,20.45,72,1,2022-02-18 09:09:40
1645175380732190000,20.4,5,20.4,11,20.45,72,2,2022-02-18 09:09:40
1645175381010670000,20.45,5,20.4,11,20.45,67,1,2022-02-18 09:09:41
1645175385188676000,20.45,1,20.4,43,20.45,66,1,2022-02-18 09:09:45
1645175385217840000,20.45,14,20.4,43,20.45,52,1,2022-02-18 09:09:45
1645175385643290000,20.4,2,20.4,41,20.45,52,2,2022-02-18 09:09:45
1645175386307267000,20.45,5,20.4,42,20.45,51,1,2022-02-18 09:09:46
1645175386985928000,20.45,1,20.4,42,20.45,50,1,2022-02-18 09:09:46
1645175387307839000,20.45,1,20.4,42,20.45,49,1,2022-02-18 09:09:47
1645175388075406000,20.45,2,20.4,43,20.45,47,1,2022-02-18 09:09:48
1645175390504027000,20.45,5,20.4,47,20.45,144,1,2022-02-18 09:09:50
1645175390652720000,20.4,1,20.4,46,20.45,144,2,2022-02-18 09:09:50
1645175392514116000,20.45,5,20.4,45,20.45,140,1,2022-02-18 09:09:52
1645175394585054000,20.45,1,20.4,46,20.45,140,1,2022-02-18 09:09:54
1645175395183371000,20.45,2,20.4,46,20.45,139,1,2022-02-18 09:09:55
1645175395741626000,20.4,1,20.4,46,20.45,139,2,2022-02-18 09:09:55
1645175396162252000,20.45,1,20.4,46,20.45,138,1,2022-02-18 09:09:56
1645175398269139000,20.45,1,20.4,46,20.45,142,1,2022-02-18 09:09:58
1645175401156604000,20.45,1,20.4,50,20.45,144,1,2022-02-18 09:10:01
1645175404465692000,20.45,3,20.4,55,20.45,141,1,2022-02-18 09:10:04
1645175408767216000,20.4,3,20.4,54,20.45,141,2,2022-02-18 09:10:08
1645175409557553000,20.45,1,20.4,54,20.45,140,1,2022-02-18 09:10:09
1645175412644840000,20.45,2,20.4,57,20.45,138,1,2022-02-18 09:10:12
1645175413994170000,20.45,3,20.4,57,20.45,135,1,2022-02-18 09:10:13
1645175414221085000,20.45,5,20.4,72,20.45,130,1,2022-02-18 09:10:14
1645175414251513000,20.45,1,20.4,72,20.45,129,1,2022-02-18 09:10:14
1645175416238741000,20.45,2,20.4,72,20.45,137,1,2022-02-18 09:10:16
1645175416589788000,20.4,10,20.4,62,20.45,137,2,2022-02-18 09:10:16
1645175417320337000,20.45,1,20.4,64,20.45,136,1,2022-02-18 09:10:17
1645175417573507000,20.45,10,20.4,64,20.45,126,1,2022-02-18 09:10:17
1645175418949766000,20.45,3,20.4,66,20.45,123,1,2022-02-18 09:10:18
1645175419240107000,20.45,2,20.4,66,20.45,121,1,2022-02-18 09:10:19
1645175419317265000,20.4,1,20.4,65,20.45,121,2,2022-02-18 09:10:19
1645175419519503000,20.45,2,20.4,65,20.45,119,1,2022-02-18 09:10:19
1645175421790871000,20.45,3,20.4,66,20.45,116,1,2022-02-18 09:10:21
1645175421920723000,20.45,2,20.4,66,20.45,114,1,2022-02-18 09:10:21
1645175423160085000,20.4,4,20.4,63,20.45,114,2,2022-02-18 09:10:23
1645175425959797000,20.45,1,20.4,64,20.45,113,1,2022-02-18 09:10:25
1645175428025636000,20.45,5,20.4,65,20.45,108,1,2022-02-18 09:10:28
1645175428696568000,20.4,1,20.4,64,20.45,108,2,2022-02-18 09:10:28
1645175428894182000,20.4,64,20.35,114,20.4,2,2,2022-02-18 09:10:28
1645175429527201000,20.4,2,20.4,28,20.45,108,1,2022-02-18 09:10:29
1645175429824524000,20.4,5,20.4,23,20.45,108,2,2022-02-18 09:10:29
1645175429932138000,20.4,20,20.4,3,20.45,108,2,2022-02-18 09:10:29
1645175430932138000,20.4,3,20.35,114,20.4,2,2,2022-02-18 09:10:30
1645175431427471000,20.4,1,20.35,114,20.4,1,1,2022-02-18 09:10:31
1645175432683147000,20.4,2,20.4,13,20.45,110,1,2022-02-18 09:10:32
1645175432858994000,20.4,13,20.35,48,20.4,17,2,2022-02-18 09:10:32
1645175433134023000,20.35,5,20.35,43,20.4,17,2,2022-02-18 09:10:33
1645175433571692000,20.4,5,20.35,43,20.4,12,1,2022-02-18 09:10:33
1645175434412402000,20.35,5,20.35,37,20.4,27,2,2022-02-18 09:10:34
1645175434452364000,20.35,20,20.35,17,20.4,27,2,2022-02-18 09:10:34
1645175436469819000,20.35,3,20.35,15,20.4,38,2,2022-02-18 09:10:36
1645175436498670000,20.35,11,20.35,4,20.4,38,2,2022-02-18 09:10:36
1645175437031461000,20.35,1,20.35,3,20.4,38,2,2022-02-18 09:10:37
1645175437070744000,20.35,3,20.3,79,20.4,38,2,2022-02-18 09:10:37
1645175437492485000,20.4,2,20.3,79,20.4,36,1,2022-02-18 09:10:37
1645175437563598000,20.4,1,20.3,79,20.4,35,1,2022-02-18 09:10:37
1645175439854168000,20.3,1,20.3,56,20.35,15,2,2022-02-18 09:10:39
1645175449876774000,20.3,1,20.3,56,20.35,7,2,2022-02-18 09:10:49
1645175449878034000,20.35,1,20.3,56,20.35,6,1,2022-02-18 09:10:49
1645175452025384000,20.3,1,20.3,55,20.35,5,2,2022-02-18 09:10:52
1645175455874029000,20.35,2,20.3,56,20.35,5,1,2022-02-18 09:10:55
1645175456155031000,20.3,2,20.3,54,20.35,5,2,2022-02-18 09:10:56
1645175457220484000,20.35,2,20.3,54,20.35,3,1,2022-02-18 09:10:57
1645175458350482000,20.35,1,20.3,56,20.35,2,1,2022-02-18 09:10:58
1645175459317547000,20.35,1,20.3,56,20.35,1,1,2022-02-18 09:10:59
1645175460993414000,20.35,1,20.3,56,20.35,10,1,2022-02-18 09:11:00
1645175464586991000,20.35,1,20.3,57,20.35,13,1,2022-02-18 09:11:04
1645175467007926000,20.35,5,20.3,58,20.35,13,1,2022-02-18 09:11:07
1645175471232549000,20.3,18,20.3,62,20.35,13,2,2022-02-18 09:11:11
1645175471297774000,20.35,1,20.3,62,20.35,12,1,2022-02-18 09:11:11
1645175471453810000,20.35,1,20.3,62,20.35,11,1,2022-02-18 09:11:11
1645175474270901000,20.35,1,20.3,62,20.35,11,1,2022-02-18 09:11:14
1645175474681519000,20.35,1,20.3,62,20.35,10,1,2022-02-18 09:11:14
1645175477539659000,20.35,10,20.35,20,20.4,54,1,2022-02-18 09:11:17
1645175477979246000,20.35,2,20.35,18,20.4,54,2,2022-02-18 09:11:17
1645175479058967000,20.35,1,20.35,18,20.4,50,2,2022-02-18 09:11:19
1645175480244487000,20.35,2,20.35,16,20.4,50,2,2022-02-18 09:11:20
1645175480624311000,20.35,2,20.35,14,20.4,50,2,2022-02-18 09:11:20
1645175482353219000,20.35,1,20.35,18,20.4,49,2,2022-02-18 09:11:22
1645175482774593000,20.35,5,20.35,13,20.4,49,2,2022-02-18 09:11:22
1645175482972212000,20.35,2,20.35,11,20.4,50,2,2022-02-18 09:11:22
1645175484180581000,20.35,2,20.35,9,20.4,50,2,2022-02-18 09:11:24
1645175485060528000,20.35,1,20.35,8,20.4,50,2,2022-02-18 09:11:25
1645175485956301000,20.35,1,20.35,7,20.4,50,2,2022-02-18 09:11:25
1645175490042823000,20.35,8,20.3,79,20.35,2,2,2022-02-18 09:11:30
1645175494154139000,20.35,9,20.35,1,20.4,54,1,2022-02-18 09:11:34
1645175495393815000,20.35,1,20.3,74,20.4,55,2,2022-02-18 09:11:35
1645175497228790000,20.35,2,20.3,74,20.35,4,2,2022-02-18 09:11:37
1645175497927256000,20.35,1,20.3,74,20.35,3,1,2022-02-18 09:11:37
1645175498075801000,20.35,1,20.3,74,20.35,2,1,2022-02-18 09:11:38
1645175501008567000,20.3,3,20.3,73,20.35,3,2,2022-02-18 09:11:41
1645175501152615000,20.35,1,20.3,73,20.35,2,1,2022-02-18 09:11:41
1645175501199835000,20.35,2,20.3,73,20.4,59,1,2022-02-18 09:11:41
1645175504947137000,20.35,1,20.3,75,20.35,5,1,2022-02-18 09:11:44
1645175507660562000,20.35,1,20.3,75,20.35,5,1,2022-02-18 09:11:47
1645175510108078000,20.35,1,20.3,75,20.35,5,1,2022-02-18 09:11:50
1645175511450541000,20.35,1,20.3,75,20.35,24,1,2022-02-18 09:11:51
1645175518036743000,20.35,1,20.3,76,20.35,25,1,2022-02-18 09:11:58
1645175522326173000,20.3,2,20.3,81,20.35,30,2,2022-02-18 09:12:02
1645175527185382000,20.35,1,20.3,81,20.35,29,1,2022-02-18 09:12:07
1645175528810884000,20.3,1,20.3,86,20.35,29,2,2022-02-18 09:12:08
1645175529288627000,20.35,1,20.3,85,20.35,28,1,2022-02-18 09:12:09
1645175533036721000,20.35,1,20.3,83,20.35,39,1,2022-02-18 09:12:13
1645175534493623000,20.35,2,20.3,83,20.35,37,1,2022-02-18 09:12:14
1645175534503716000,20.3,40,20.3,43,20.35,37,2,2022-02-18 09:12:14
1645175534530541000,20.3,43,20.25,154,20.35,37,2,2022-02-18 09:12:14
1645175539056494000,20.3,12,20.25,154,20.3,19,1,2022-02-18 09:12:19
1645175539129983000,20.3,1,20.25,154,20.3,18,1,2022-02-18 09:12:19
1645175542313606000,20.3,4,20.25,154,20.3,15,1,2022-02-18 09:12:22
1645175543713443000,20.3,1,20.25,154,20.3,14,1,2022-02-18 09:12:23
1645175544588349000,20.25,3,20.25,151,20.3,14,2,2022-02-18 09:12:24
1645175546564006000,20.3,9,20.25,152,20.35,47,1,2022-02-18 09:12:26
1645175548631656000,20.3,1,20.25,152,20.3,1,1,2022-02-18 09:12:28
1645175548816401000,20.3,2,20.25,152,20.3,14,1,2022-02-18 09:12:28
1645175549185966000,20.3,3,20.25,152,20.3,11,1,2022-02-18 09:12:29
1645175550738756000,20.3,1,20.25,152,20.3,10,1,2022-02-18 09:12:30
1645175550798800000,20.3,1,20.25,152,20.3,9,1,2022-02-18 09:12:30
1645175551660186000,20.3,3,20.25,153,20.3,6,1,2022-02-18 09:12:31
1645175553348601000,20.3,1,20.25,153,20.3,5,1,2022-02-18 09:12:33
1645175554540554000,20.3,1,20.25,153,20.3,4,1,2022-02-18 09:12:34
1645175557063156000,20.3,3,20.25,153,20.3,6,1,2022-02-18 09:12:37
1645175557347104000,20.3,3,20.25,153,20.3,3,1,2022-02-18 09:12:37
1645175557631801000,20.3,1,20.25,153,20.3,2,1,2022-02-18 09:12:37
1645175557758471000,20.3,1,20.25,153,20.3,1,1,2022-02-18 09:12:37
1645175558480286000,20.3,2,20.25,153,20.3,4,1,2022-02-18 09:12:38
1645175559337833000,20.3,2,20.25,153,20.3,2,1,2022-02-18 09:12:39
1645175560295973000,20.3,1,20.25,155,20.3,1,1,2022-02-18 09:12:40
1645175564126762000,20.3,1,20.25,160,20.3,26,1,2022-02-18 09:12:44
1645175566321085000,20.25,10,20.25,151,20.3,26,2,2022-02-18 09:12:46
1645175567628664000,20.3,1,20.25,151,20.3,25,1,2022-02-18 09:12:47
1645175568435721000,20.25,8,20.25,143,20.3,25,2,2022-02-18 09:12:48
1645175569922153000,20.3,5,20.25,144,20.3,20,1,2022-02-18 09:12:49
1645175571473213000,20.25,1,20.25,143,20.3,23,2,2022-02-18 09:12:51
1645175573732798000,20.3,1,20.25,143,20.3,22,1,2022-02-18 09:12:53
1645175575067441000,20.25,1,20.25,142,20.3,27,2,2022-02-18 09:12:55
1645175575690419000,20.3,5,20.25,142,20.3,22,1,2022-02-18 09:12:55
1645175577002826000,20.3,10,20.25,142,20.3,19,1,2022-02-18 09:12:57
1645175578165819000,20.3,10,20.25,142,20.3,11,1,2022-02-18 09:12:58
1645175579611064000,20.3,1,20.25,142,20.3,6,1,2022-02-18 09:12:59
1645175580877983000,20.3,1,20.25,142,20.3,7,1,2022-02-18 09:13:00
1645175581208280000,20.3,2,20.25,142,20.3,5,1,2022-02-18 09:13:01
1645175581344719000,20.3,1,20.25,142,20.3,4,1,2022-02-18 09:13:01
1645175581382936000,20.3,4,20.3,1,20.35,56,1,2022-02-18 09:13:01
1645175581998482000,20.3,1,20.25,103,20.35,50,2,2022-02-18 09:13:01
1645175581998482000,20.25,39,20.25,103,20.35,50,2,2022-02-18 09:13:01
1645175584179681000,20.35,5,20.3,4,20.35,45,1,2022-02-18 09:13:04
1645175584602771000,20.3,3,20.3,1,20.35,45,2,2022-02-18 09:13:04
1645175586556063000,20.3,1,20.25,102,20.35,45,2,2022-02-18 09:13:06
1645175590108664000,20.3,2,20.3,8,20.35,57,2,2022-02-18 09:13:10
1645175592059316000,20.3,1,20.3,9,20.35,58,2,2022-02-18 09:13:12
1645175592581644000,20.3,3,20.3,6,20.35,58,2,2022-02-18 09:13:12
1645175593415585000,20.3,1,20.3,5,20.35,59,2,2022-02-18 09:13:13
1645175593666853000,20.3,5,20.25,104,20.35,59,2,2022-02-18 09:13:13
1645175595439347000,20.3,1,20.3,1,20.35,59,1,2022-02-18 09:13:15
1645175595502375000,20.3,1,20.25,104,20.35,59,2,2022-02-18 09:13:15
1645175597404269000,20.35,2,20.25,104,20.35,58,1,2022-02-18 09:13:17
1645175603066739000,20.3,2,20.25,108,20.3,8,1,2022-02-18 09:13:23
1645175605009295000,20.3,1,20.25,108,20.3,7,1,2022-02-18 09:13:25
1645175605334852000,20.25,1,20.25,107,20.3,7,2,2022-02-18 09:13:25
1645175606350780000,20.25,1,20.25,111,20.3,7,2,2022-02-18 09:13:26
1645175606585155000,20.3,1,20.25,110,20.3,6,1,2022-02-18 09:13:26
1645175606719682000,20.25,40,20.25,70,20.3,6,2,2022-02-18 09:13:26
1645175607542592000,20.25,2,20.25,69,20.3,10,2,2022-02-18 09:13:27
1645175607657733000,20.25,2,20.25,67,20.3,10,2,2022-02-18 09:13:27
1645175607697247000,20.3,1,20.25,67,20.3,9,1,2022-02-18 09:13:27
1645175607860618000,20.25,1,20.25,66,20.3,9,2,2022-02-18 09:13:27
1645175607909705000,20.25,2,20.25,64,20.3,9,2,2022-02-18 09:13:27
1645175609116648000,20.25,2,20.25,71,20.3,11,2,2022-02-18 09:13:29
1645175610145807000,20.25,5,20.25,66,20.3,13,2,2022-02-18 09:13:30
1645175610900634000,20.3,5,20.25,63,20.3,8,1,2022-02-18 09:13:30
1645175613368049000,20.25,2,20.25,61,20.3,8,2,2022-02-18 09:13:33
1645175613950625000,20.25,1,20.25,60,20.3,8,2,2022-02-18 09:13:33
1645175614294295000,20.25,3,20.25,57,20.3,8,2,2022-02-18 09:13:34
1645175614634388000,20.25,3,20.25,54,20.3,8,2,2022-02-18 09:13:34
1645175614918226000,20.3,5,20.25,54,20.3,3,1,2022-02-18 09:13:34
1645175616776887000,20.25,2,20.25,51,20.3,13,2,2022-02-18 09:13:36
1645175617241635000,20.25,9,20.25,42,20.3,13,2,2022-02-18 09:13:37
1645175619055674000,20.25,3,20.25,44,20.3,23,2,2022-02-18 09:13:39
1645175620114641000,20.25,10,20.25,34,20.3,26,2,2022-02-18 09:13:40
1645175620577137000,20.25,2,20.25,32,20.3,34,2,2022-02-18 09:13:40
1645175621171782000,20.25,4,20.25,28,20.3,44,2,2022-02-18 09:13:41
1645175621199563000,20.25,2,20.25,26,20.3,44,2,2022-02-18 09:13:41
1645175622603659000,20.25,3,20.25,24,20.3,42,2,2022-02-18 09:13:42
1645175622697142000,20.25,5,20.25,19,20.3,42,2,2022-02-18 09:13:42
1645175624005423000,20.3,5,20.25,19,20.3,37,1,2022-02-18 09:13:44
1645175624223259000,20.25,1,20.25,18,20.3,37,2,2022-02-18 09:13:44
1645175624948816000,20.25,18,20.2,78,20.3,38,2,2022-02-18 09:13:44
1645175629151627000,20.25,1,20.2,80,20.25,3,1,2022-02-18 09:13:49
1645175629866959000,20.25,1,20.2,80,20.25,2,1,2022-02-18 09:13:49
1645175631001278000,20.25,2,20.2,82,20.3,42,1,2022-02-18 09:13:51
1645175636444173000,20.25,2,20.2,81,20.25,10,1,2022-02-18 09:13:56
1645175637141380000,20.25,1,20.2,81,20.25,14,1,2022-02-18 09:13:57
1645175637989578000,20.25,1,20.2,81,20.25,13,1,2022-02-18 09:13:57
1645175638670225000,20.25,1,20.2,81,20.25,12,1,2022-02-18 09:13:58
1645175642389801000,20.25,1,20.2,81,20.25,64,1,2022-02-18 09:14:02
1645175643372888000,20.25,2,20.2,81,20.25,62,1,2022-02-18 09:14:03
1645175643693064000,20.25,1,20.2,81,20.25,61,1,2022-02-18 09:14:03
1645175644223832000,20.2,5,20.2,76,20.25,61,2,2022-02-18 09:14:04
1645175649811109000,20.25,1,20.2,83,20.25,64,1,2022-02-18 09:14:09
1645175652510053000,20.25,5,20.2,83,20.25,59,1,2022-02-18 09:14:12
1645175657017930000,20.2,3,20.2,77,20.25,64,2,2022-02-18 09:14:17
1645175659114337000,20.2,1,20.2,77,20.25,66,2,2022-02-18 09:14:19
1645175659834874000,20.2,3,20.2,74,20.25,66,2,2022-02-18 09:14:19
1645175660067449000,20.2,5,20.2,69,20.25,66,2,2022-02-18 09:14:20
1645175660237663000,20.2,5,20.2,64,20.25,66,2,2022-02-18 09:14:20
1645175661173651000,20.2,1,20.2,63,20.25,66,2,2022-02-18 09:14:21
1645175661239250000,20.2,3,20.2,60,20.25,67,2,2022-02-18 09:14:21
1645175661450627000,20.2,1,20.2,59,20.25,67,2,2022-02-18 09:14:21
1645175661881025000,20.2,20,20.2,39,20.25,67,2,2022-02-18 09:14:21
1645175663054795000,20.2,5,20.2,34,20.25,79,2,2022-02-18 09:14:23
1645175664175642000,20.2,1,20.2,34,20.25,79,2,2022-02-18 09:14:24
1645175664269902000,20.2,2,20.2,32,20.25,79,2,2022-02-18 09:14:24
1645175664868504000,20.2,5,20.2,28,20.25,81,2,2022-02-18 09:14:24
1645175665859012000,20.2,4,20.2,25,20.25,81,2,2022-02-18 09:14:25
1645175666905691000,20.2,20,20.2,5,20.25,79,2,2022-02-18 09:14:26
1645175666971348000,20.2,2,20.2,3,20.25,79,2,2022-02-18 09:14:26
1645175667211886000,20.2,3,20.15,228,20.2,2,2,2022-02-18 09:14:27
1645175667540987000,20.15,2,20.15,226,20.2,3,2,2022-02-18 09:14:27
1645175668298690000,20.2,1,20.15,226,20.2,3,1,2022-02-18 09:14:28
1645175668517360000,20.15,2,20.15,224,20.2,3,2,2022-02-18 09:14:28
1645175668716054000,20.2,3,20.2,7,20.25,80,1,2022-02-18 09:14:28
1645175669198301000,20.2,1,20.2,6,20.25,80,2,2022-02-18 09:14:29
1645175669935301000,20.2,4,20.2,3,20.25,80,2,2022-02-18 09:14:29
1645175670107761000,20.2,1,20.2,2,20.25,80,2,2022-02-18 09:14:30
1645175671080343000,20.2,1,20.2,2,20.25,80,2,2022-02-18 09:14:31
1645175671318614000,20.2,2,20.15,224,20.2,17,2,2022-02-18 09:14:31
1645175673354235000,20.15,1,20.15,223,20.2,18,2,2022-02-18 09:14:33
1645175674497292000,20.15,1,20.15,222,20.2,21,2,2022-02-18 09:14:34
1645175674824860000,20.15,4,20.15,218,20.2,21,2,2022-02-18 09:14:34
1645175674940571000,20.15,1,20.15,219,20.2,21,2,2022-02-18 09:14:34
1645175674966051000,20.15,1,20.15,218,20.2,21,2,2022-02-18 09:14:34
1645175677524506000,20.15,1,20.15,217,20.2,22,2,2022-02-18 09:14:37
1645175677557607000,20.15,1,20.15,216,20.2,22,2,2022-02-18 09:14:37
1645175678782502000,20.15,1,20.15,215,20.2,24,2,2022-02-18 09:14:38
1645175679048829000,20.15,10,20.15,205,20.2,24,2,2022-02-18 09:14:39
1645175679166424000,20.15,10,20.15,195,20.2,25,2,2022-02-18 09:14:39
1645175679257781000,20.15,4,20.15,191,20.2,25,2,2022-02-18 09:14:39
1645175679624692000,20.15,10,20.15,181,20.2,26,2,2022-02-18 09:14:39
1645175680086297000,20.15,1,20.15,180,20.2,26,2,2022-02-18 09:14:40
1645175680645790000,20.15,1,20.15,179,20.2,36,2,2022-02-18 09:14:40
1645175680893141000,20.15,1,20.15,178,20.2,37,2,2022-02-18 09:14:40
1645175680939586000,20.2,2,20.15,178,20.2,35,1,2022-02-18 09:14:40
1645175681407372000,20.2,2,20.15,178,20.2,33,1,2022-02-18 09:14:41
1645175683037094000,20.15,1,20.15,182,20.2,37,2,2022-02-18 09:14:43
1645175684228364000,20.15,10,20.15,172,20.2,38,2,2022-02-18 09:14:44
1645175686104167000,20.15,6,20.15,167,20.2,52,2,2022-02-18 09:14:46
1645175687631230000,20.15,5,20.15,162,20.2,53,2,2022-02-18 09:14:47
1645175687832967000,20.15,90,20.15,72,20.2,53,2,2022-02-18 09:14:47
1645175688595371000,20.15,5,20.15,67,20.2,54,2,2022-02-18 09:14:48
1645175689122710000,20.15,51,20.15,16,20.2,54,2,2022-02-18 09:14:49
1645175689136395000,20.15,1,20.15,15,20.2,54,2,2022-02-18 09:14:49
1645175689160391000,20.15,10,20.15,5,20.2,54,2,2022-02-18 09:14:49
1645175689661350000,20.15,1,20.15,4,20.2,54,2,2022-02-18 09:14:49
1645175689692765000,20.15,4,20.1,100,20.2,54,2,2022-02-18 09:14:49
1645175690526974000,20.1,1,20.1,98,20.15,11,2,2022-02-18 09:14:50
1645175691673962000,20.15,6,20.1,98,20.15,9,1,2022-02-18 09:14:51
1645175692022546000,20.1,3,20.1,95,20.15,14,2,2022-02-18 09:14:52
1645175692232606000,20.1,1,20.1,94,20.15,14,2,2022-02-18 09:14:52
1645175692839240000,20.1,1,20.1,98,20.15,19,2,2022-02-18 09:14:52
1645175693276715000,20.1,5,20.1,93,20.15,19,2,2022-02-18 09:14:53
1645175693668742000,20.1,1,20.1,92,20.15,19,2,2022-02-18 09:14:53
1645175694718466000,20.1,1,20.1,91,20.15,21,2,2022-02-18 09:14:54
1645175697560283000,20.1,5,20.1,84,20.15,31,2,2022-02-18 09:14:57
1645175698536374000,20.1,10,20.1,74,20.15,35,2,2022-02-18 09:14:58
1645175698590343000,20.1,2,20.1,72,20.15,35,2,2022-02-18 09:14:58
1645175699225845000,20.1,2,20.1,67,20.15,35,2,2022-02-18 09:14:59
1645175700153084000,20.1,1,20.1,67,20.15,38,2,2022-02-18 09:15:00
1645175700412063000,20.1,14,20.1,53,20.15,38,2,2022-02-18 09:15:00
1645175700450085000,20.1,14,20.1,39,20.15,38,2,2022-02-18 09:15:00
1645175700510536000,20.1,1,20.1,38,20.15,38,2,2022-02-18 09:15:00
1645175700513358000,20.1,1,20.1,37,20.15,38,2,2022-02-18 09:15:00
1645175700533524000,20.1,1,20.1,36,20.15,38,2,2022-02-18 09:15:00
1645175700550313000,20.1,1,20.1,35,20.15,38,2,2022-02-18 09:15:00
1645175700561772000,20.1,1,20.1,34,20.15,39,2,2022-02-18 09:15:00
1645175700657930000,20.1,2,20.1,32,20.15,43,2,2022-02-18 09:15:00
1645175700725480000,20.1,25,20.1,7,20.15,43,2,2022-02-18 09:15:00
1645175701247501000,20.1,2,20.1,6,20.15,47,2,2022-02-18 09:15:01
1645175701306721000,20.1,1,20.1,5,20.15,47,2,2022-02-18 09:15:01
1645175701521323000,20.1,3,20.1,3,20.15,47,2,2022-02-18 09:15:01
1645175701778226000,20.1,1,20.1,2,20.15,47,2,2022-02-18 09:15:01
1645175701953983000,20.1,2,20.05,259,20.15,47,2,2022-02-18 09:15:01
1645175702521713000,20.1,2,20.05,261,20.1,1,2,2022-02-18 09:15:02
1645175702549402000,20.1,1,20.05,261,20.15,49,1,2022-02-18 09:15:02
1645175703001912000,20.05,4,20.05,256,20.15,49,2,2022-02-18 09:15:03
1645175703067142000,20.05,1,20.05,255,20.15,49,2,2022-02-18 09:15:03
1645175703078486000,20.05,152,20.05,103,20.15,49,2,2022-02-18 09:15:03
1645175703254831000,20.05,5,20.05,98,20.15,49,2,2022-02-18 09:15:03
1645175704201424000,20.05,10,20.05,88,20.1,3,2,2022-02-18 09:15:04
1645175704424719000,20.1,1,20.05,88,20.1,2,1,2022-02-18 09:15:04
1645175705172530000,20.05,5,20.05,83,20.1,3,2,2022-02-18 09:15:05
1645175705207976000,20.05,1,20.05,82,20.1,3,2,2022-02-18 09:15:05
1645175705620778000,20.05,5,20.05,77,20.1,13,2,2022-02-18 09:15:05
1645175705630206000,20.1,13,20.1,7,20.15,51,1,2022-02-18 09:15:05
1645175706139103000,20.1,2,20.1,6,20.15,50,2,2022-02-18 09:15:06
1645175706249554000,20.1,6,20.05,77,20.1,2,2,2022-02-18 09:15:06
1645175706318764000,20.05,7,20.05,70,20.1,2,2,2022-02-18 09:15:06
1645175707317191000,20.1,1,20.05,70,20.1,2,1,2022-02-18 09:15:07
1645175708012002000,20.05,3,20.05,72,20.1,13,2,2022-02-18 09:15:08
1645175708206289000,20.05,5,20.05,67,20.1,13,2,2022-02-18 09:15:08
1645175709178873000,20.05,1,20.05,67,20.1,16,2,2022-02-18 09:15:09
1645175709327564000,20.05,10,20.05,57,20.1,21,2,2022-02-18 09:15:09
1645175709580394000,20.1,2,20.05,57,20.1,19,1,2022-02-18 09:15:09
1645175709957517000,20.05,1,20.05,56,20.1,19,2,2022-02-18 09:15:09
1645175710484087000,20.05,2,20.05,57,20.1,19,2,2022-02-18 09:15:10
1645175711428487000,20.05,2,20.05,56,20.1,20,2,2022-02-18 09:15:11
1645175712094215000,20.05,2,20.05,58,20.1,25,2,2022-02-18 09:15:12
1645175714727438000,20.05,2,20.05,57,20.1,21,2,2022-02-18 09:15:14
1645175715290871000,20.05,10,20.05,47,20.1,23,2,2022-02-18 09:15:15
1645175715296870000,20.05,1,20.05,46,20.1,23,2,2022-02-18 09:15:15
1645175716156644000,20.05,1,20.05,45,20.1,24,2,2022-02-18 09:15:16
1645175716352740000,20.05,10,20.05,35,20.1,24,2,2022-02-18 09:15:16
1645175716696316000,20.1,5,20.05,35,20.1,20,1,2022-02-18 09:15:16
1645175716841097000,20.05,20,20.05,15,20.1,20,2,2022-02-18 09:15:16
1645175717592169000,20.05,2,20.05,13,20.1,20,2,2022-02-18 09:15:17
1645175717730082000,20.05,10,20.05,3,20.1,20,2,2022-02-18 09:15:17
1645175717767493000,20.05,2,20.05,1,20.1,20,2,2022-02-18 09:15:17
1645175717853108000,20.05,1,20.0,353,20.05,19,2,2022-02-18 09:15:17
1645175717866408000,20.05,3,20.0,353,20.05,16,1,2022-02-18 09:15:17
1645175719758657000,20.05,2,20.0,356,20.05,29,1,2022-02-18 09:15:19
1645175721039299000,20.0,1,20.0,354,20.05,31,2,2022-02-18 09:15:21
1645175721105167000,20.0,236,20.0,118,20.05,31,2,2022-02-18 09:15:21
1645175721133296000,20.0,8,20.0,110,20.05,31,2,2022-02-18 09:15:21
1645175721947412000,20.0,1,20.0,110,20.05,32,2,2022-02-18 09:15:21
1645175722116047000,20.0,10,20.0,100,20.05,32,2,2022-02-18 09:15:22
1645175723063876000,20.0,5,20.0,93,20.05,32,2,2022-02-18 09:15:23
1645175723094453000,20.0,5,20.0,88,20.05,52,2,2022-02-18 09:15:23
1645175723208973000,20.0,1,20.0,87,20.05,52,2,2022-02-18 09:15:23
1645175723485962000,20.0,2,20.0,85,20.05,52,2,2022-02-18 09:15:23
1645175723836604000,20.0,7,20.0,78,20.05,52,2,2022-02-18 09:15:23
1645175723865254000,20.0,25,20.0,53,20.05,52,2,2022-02-18 09:15:23
1645175723965862000,20.0,4,20.0,49,20.05,53,2,2022-02-18 09:15:23
1645175724391199000,20.0,1,20.0,48,20.05,68,2,2022-02-18 09:15:24
1645175724705840000,20.0,2,20.0,46,20.05,78,2,2022-02-18 09:15:24
1645175724720091000,20.0,2,20.0,44,20.05,78,2,2022-02-18 09:15:24
1645175724796587000,20.05,20,20.0,44,20.05,58,1,2022-02-18 09:15:24
1645175724998095000,20.0,1,20.0,43,20.05,58,2,2022-02-18 09:15:24
1645175724998287000,20.0,1,20.0,42,20.05,58,2,2022-02-18 09:15:24
1645175725134749000,20.0,5,20.0,37,20.05,58,2,2022-02-18 09:15:25
1645175725137832000,20.0,1,20.0,36,20.05,58,2,2022-02-18 09:15:25
1645175725571215000,20.0,10,20.0,26,20.05,58,2,2022-02-18 09:15:25
1645175725640010000,20.0,20,20.0,6,20.05,58,2,2022-02-18 09:15:25
1645175725662771000,20.0,2,20.0,4,20.05,58,2,2022-02-18 09:15:25
1645175726002637000,20.0,1,20.0,3,20.05,58,2,2022-02-18 09:15:26
1645175726070840000,20.0,1,20.0,2,20.05,58,2,2022-02-18 09:15:26
1645175726125937000,20.0,2,19.95,42,20.0,18,2,2022-02-18 09:15:26
1645175726790144000,19.95,4,19.95,38,20.0,21,2,2022-02-18 09:15:26
1645175726858469000,19.95,38,19.9,33,20.0,21,2,2022-02-18 09:15:26
1645175726858469000,19.9,6,19.9,33,20.0,21,2,2022-02-18 09:15:26
1645175727034540000,20.0,1,19.9,33,20.0,20,1,2022-02-18 09:15:27
1645175727127597000,19.9,3,19.9,30,20.0,21,2,2022-02-18 09:15:27
1645175727168951000,19.9,1,19.9,29,20.0,22,2,2022-02-18 09:15:27
1645175727419407000,19.9,15,19.9,14,20.0,23,2,2022-02-18 09:15:27
1645175728088742000,20.0,6,19.9,14,20.0,20,1,2022-02-18 09:15:28
1645175728862173000,19.9,1,19.9,15,19.95,1,2,2022-02-18 09:15:28
1645175729188318000,19.9,1,19.9,14,19.95,1,2,2022-02-18 09:15:29
1645175729249111000,19.9,1,19.9,13,19.95,1,2,2022-02-18 09:15:29
1645175730405827000,19.95,1,19.9,21,20.0,29,1,2022-02-18 09:15:30
1645175730405827000,20.0,2,19.9,21,20.0,29,1,2022-02-18 09:15:30
1645175730416284000,19.9,1,19.9,20,20.0,29,2,2022-02-18 09:15:30
1645175732031429000,20.0,7,19.95,25,20.0,42,1,2022-02-18 09:15:32
1645175732053969000,20.0,42,19.95,25,20.05,57,1,2022-02-18 09:15:32
1645175732268079000,19.95,2,19.95,24,20.05,57,2,2022-02-18 09:15:32
1645175732567469000,19.95,1,19.95,28,20.0,1,2,2022-02-18 09:15:32
1645175733062853000,19.95,5,19.95,28,20.0,2,2,2022-02-18 09:15:33
1645175733194281000,20.0,2,20.0,3,20.05,56,1,2022-02-18 09:15:33
1645175733733852000,20.0,1,20.0,6,20.05,55,2,2022-02-18 09:15:33
1645175733784849000,20.0,1,20.0,5,20.05,55,2,2022-02-18 09:15:33
1645175734766255000,20.0,8,20.0,7,20.05,54,2,2022-02-18 09:15:34
1645175734915645000,20.0,5,20.0,3,20.05,54,2,2022-02-18 09:15:34
1645175734917561000,20.0,1,20.0,2,20.05,54,2,2022-02-18 09:15:34
1645175735434376000,20.0,3,19.85,22,20.05,54,2,2022-02-18 09:15:35
1645175735434376000,19.95,29,19.85,22,20.05,54,2,2022-02-18 09:15:35
1645175735434376000,19.9,39,19.85,22,20.05,54,2,2022-02-18 09:15:35
1645175735434376000,19.85,29,19.85,22,20.05,54,2,2022-02-18 09:15:35
1645175735573045000,19.85,1,19.85,21,20.0,10,2,2022-02-18 09:15:35
1645175736345744000,20.0,1,19.85,21,20.0,8,1,2022-02-18 09:15:36
1645175736362230000,19.85,1,19.85,20,20.0,8,2,2022-02-18 09:15:36
1645175736534859000,20.0,1,19.9,2,20.0,7,1,2022-02-18 09:15:36
1645175736583510000,20.0,5,19.9,2,20.0,4,1,2022-02-18 09:15:36
1645175736614491000,20.0,4,19.9,2,20.05,54,1,2022-02-18 09:15:36
1645175737905414000,19.95,9,19.95,11,20.0,10,2,2022-02-18 09:15:37
1645175738253524000,19.95,8,19.95,3,20.0,10,2,2022-02-18 09:15:38
1645175738783107000,19.95,3,19.9,6,20.0,17,2,2022-02-18 09:15:38
1645175738783107000,19.9,2,19.9,6,20.0,17,2,2022-02-18 09:15:38
1645175741343042000,19.9,1,19.9,16,19.95,5,2,2022-02-18 09:15:41
1645175742540104000,19.9,10,19.9,6,19.95,5,2,2022-02-18 09:15:42
1645175742738463000,19.9,4,19.9,2,19.95,5,2,2022-02-18 09:15:42
1645175743188789000,19.9,1,19.9,1,19.95,6,2,2022-02-18 09:15:43
1645175744071736000,19.9,1,19.9,10,19.95,14,2,2022-02-18 09:15:44
1645175744123081000,19.9,2,19.9,8,19.95,12,2,2022-02-18 09:15:44
1645175744348727000,19.9,9,19.85,33,19.9,11,2,2022-02-18 09:15:44
1645175744383911000,19.9,11,19.85,29,19.95,12,1,2022-02-18 09:15:44
1645175744561819000,19.9,1,19.85,29,19.9,4,1,2022-02-18 09:15:44
1645175744598991000,19.9,4,19.85,29,19.95,12,1,2022-02-18 09:15:44
1645175746249352000,19.9,1,19.9,9,19.95,24,1,2022-02-18 09:15:46
1645175746523965000,19.9,1,19.9,8,19.95,24,2,2022-02-18 09:15:46
1645175746819894000,19.9,3,19.9,5,19.95,24,2,2022-02-18 09:15:46
1645175746909134000,19.9,2,19.9,3,19.95,24,2,2022-02-18 09:15:46
1645175748675516000,19.9,2,19.9,20,19.95,21,2,2022-02-18 09:15:48
1645175748836555000,19.9,5,19.9,17,19.95,21,2,2022-02-18 09:15:48
1645175748966140000,19.95,10,19.9,17,19.95,11,1,2022-02-18 09:15:48
1645175749077845000,19.9,5,19.9,12,19.95,11,2,2022-02-18 09:15:49
1645175749354924000,19.9,1,19.9,11,19.95,11,2,2022-02-18 09:15:49
1645175749775074000,19.9,2,19.9,11,19.95,11,2,2022-02-18 09:15:49
1645175749889946000,19.95,1,19.9,11,19.95,10,1,2022-02-18 09:15:49
1645175750013394000,19.9,5,19.9,6,19.95,10,2,2022-02-18 09:15:50
1645175750750563000,19.9,1,19.9,8,19.95,10,2,2022-02-18 09:15:50
1645175750893414000,19.9,1,19.9,7,19.95,10,2,2022-02-18 09:15:50
1645175751563809000,19.9,3,19.9,5,19.95,10,2,2022-02-18 09:15:51
1645175751786510000,19.95,2,19.9,6,19.95,8,1,2022-02-18 09:15:51
1645175751999369000,19.9,1,19.9,5,19.95,8,2,2022-02-18 09:15:51
1645175752722087000,19.9,1,19.9,4,19.95,12,2,2022-02-18 09:15:52
1645175753589479000,19.9,1,19.9,3,19.95,12,2,2022-02-18 09:15:53
1645175754300357000,19.9,1,19.9,2,19.95,17,2,2022-02-18 09:15:54
1645175754304710000,19.9,2,19.85,18,19.95,17,2,2022-02-18 09:15:54
1645175754304710000,19.85,3,19.85,18,19.95,17,2,2022-02-18 09:15:54
1645175754846625000,19.9,1,19.85,18,19.9,1,2,2022-02-18 09:15:54
1645175754881669000,19.9,1,19.85,18,19.95,17,1,2022-02-18 09:15:54
1645175755434287000,19.85,2,19.85,16,19.95,17,2,2022-02-18 09:15:55
1645175755638711000,19.85,10,19.85,6,19.95,17,2,2022-02-18 09:15:55
1645175756003453000,19.9,1,19.85,6,19.9,19,1,2022-02-18 09:15:56
1645175756075542000,19.9,5,19.85,6,19.9,14,1,2022-02-18 09:15:56
1645175756100535000,19.9,14,19.85,6,19.95,17,1,2022-02-18 09:15:56
1645175756277350000,19.85,1,19.85,5,19.95,17,2,2022-02-18 09:15:56
1645175757359173000,19.9,1,19.85,5,19.9,5,1,2022-02-18 09:15:57
1645175758308381000,19.85,1,19.85,4,19.9,8,2,2022-02-18 09:15:58
1645175758506491000,19.85,2,19.85,2,19.9,8,2,2022-02-18 09:15:58
1645175759887391000,19.85,2,19.85,11,19.9,16,2,2022-02-18 09:15:59
1645175761342199000,19.85,3,19.85,8,19.9,18,2,2022-02-18 09:16:01
1645175761636597000,19.85,9,19.8,86,19.85,51,2,2022-02-18 09:16:01
1645175762318634000,19.85,2,19.8,86,19.85,49,1,2022-02-18 09:16:02
1645175762387638000,19.8,1,19.8,85,19.85,49,2,2022-02-18 09:16:02
1645175763318586000,19.85,1,19.8,85,19.85,57,1,2022-02-18 09:16:03
1645175763543457000,19.85,10,19.8,85,19.85,47,1,2022-02-18 09:16:03
1645175764078295000,19.85,1,19.8,85,19.85,46,1,2022-02-18 09:16:04
1645175764828391000,19.8,1,19.8,85,19.85,46,2,2022-02-18 09:16:04
1645175764838006000,19.85,1,19.8,85,19.85,45,1,2022-02-18 09:16:04
1645175764846948000,19.8,1,19.8,84,19.85,45,2,2022-02-18 09:16:04
1645175765485143000,19.8,5,19.8,79,19.85,45,2,2022-02-18 09:16:05
1645175766241231000,19.85,2,19.8,79,19.85,43,1,2022-02-18 09:16:06
1645175767241422000,19.8,1,19.8,78,19.85,44,2,2022-02-18 09:16:07
1645175767367404000,19.8,15,19.8,63,19.85,44,2,2022-02-18 09:16:07
1645175767528396000,19.8,1,19.8,62,19.85,44,2,2022-02-18 09:16:07
1645175768156504000,19.8,10,19.8,62,19.85,46,2,2022-02-18 09:16:08
1645175769152495000,19.8,2,19.8,60,19.85,46,2,2022-02-18 09:16:09
1645175769795992000,19.8,1,19.8,59,19.85,46,2,2022-02-18 09:16:09
1645175769996689000,19.85,5,19.8,59,19.85,45,1,2022-02-18 09:16:09
1645175770022867000,19.85,2,19.8,59,19.85,43,1,2022-02-18 09:16:10
1645175771006237000,19.8,1,19.8,59,19.85,46,2,2022-02-18 09:16:11
1645175771110919000,19.8,10,19.8,50,19.85,46,2,2022-02-18 09:16:11
1645175771210782000,19.8,3,19.8,47,19.85,46,2,2022-02-18 09:16:11
1645175771403993000,19.8,2,19.8,45,19.85,46,2,2022-02-18 09:16:11
1645175771627485000,19.85,2,19.8,45,19.85,44,1,2022-02-18 09:16:11
1645175772877277000,19.8,3,19.8,53,19.85,45,2,2022-02-18 09:16:12
1645175774239441000,19.8,1,19.8,53,19.85,46,2,2022-02-18 09:16:14
1645175774474081000,19.8,2,19.8,51,19.85,46,2,2022-02-18 09:16:14
1645175774676857000,19.8,1,19.8,55,19.85,46,2,2022-02-18 09:16:14
1645175774794147000,19.8,1,19.8,54,19.85,46,2,2022-02-18 09:16:14
1645175775146737000,19.8,10,19.8,44,19.85,46,2,2022-02-18 09:16:15
1645175775173928000,19.8,12,19.8,32,19.85,46,2,2022-02-18 09:16:15
1645175775835813000,19.8,8,19.8,26,19.85,61,2,2022-02-18 09:16:15
1645175776146455000,19.85,1,19.8,26,19.85,60,1,2022-02-18 09:16:16
1645175776219356000,19.8,2,19.8,24,19.85,60,2,2022-02-18 09:16:16
1645175776644084000,19.8,3,19.8,23,19.85,60,2,2022-02-18 09:16:16
1645175776727355000,19.8,1,19.8,22,19.85,59,2,2022-02-18 09:16:16
1645175776917450000,19.8,3,19.8,19,19.85,59,2,2022-02-18 09:16:16
1645175777458674000,19.8,7,19.8,12,19.85,63,2,2022-02-18 09:16:17
1645175777489653000,19.8,1,19.8,11,19.85,63,2,2022-02-18 09:16:17
1645175777989165000,19.8,10,19.8,1,19.85,63,2,2022-02-18 09:16:17
1645175778518724000,19.8,6,19.75,40,19.8,44,2,2022-02-18 09:16:18
1645175778986107000,19.75,2,19.75,39,19.8,55,2,2022-02-18 09:16:18
1645175779054075000,19.75,1,19.75,38,19.8,55,2,2022-02-18 09:16:19
1645175779556041000,19.8,1,19.75,58,19.8,54,1,2022-02-18 09:16:19
1645175780412809000,19.8,3,19.75,59,19.8,51,1,2022-02-18 09:16:20
1645175780413337000,19.8,4,19.75,59,19.8,47,1,2022-02-18 09:16:20
1645175780452193000,19.8,25,19.75,59,19.8,22,1,2022-02-18 09:16:20
1645175780495353000,19.8,16,19.75,59,19.8,6,1,2022-02-18 09:16:20
1645175780788569000,19.8,7,19.75,59,19.85,67,1,2022-02-18 09:16:20
1645175780974546000,19.8,1,19.75,59,19.8,3,1,2022-02-18 09:16:20
1645175781098750000,19.8,3,19.8,2,19.85,63,1,2022-02-18 09:16:21
1645175781342767000,19.8,2,19.75,53,19.8,14,2,2022-02-18 09:16:21
1645175781524548000,19.8,2,19.75,53,19.8,12,1,2022-02-18 09:16:21
1645175781706425000,19.8,3,19.75,53,19.8,9,1,2022-02-18 09:16:21
1645175781909552000,19.8,8,19.75,53,19.8,1,1,2022-02-18 09:16:21
1645175782038932000,19.8,1,19.75,53,19.85,63,1,2022-02-18 09:16:22
1645175782457091000,19.75,1,19.75,52,19.85,63,2,2022-02-18 09:16:22
1645175782783252000,19.8,1,19.75,52,19.85,63,2,2022-02-18 09:16:22
1645175782932943000,19.85,31,19.8,2,19.85,32,1,2022-02-18 09:16:22
1645175783024328000,19.8,1,19.8,2,19.85,32,2,2022-02-18 09:16:23
1645175783835985000,19.8,1,19.8,9,19.85,32,2,2022-02-18 09:16:23
1645175784183791000,19.8,1,19.8,14,19.85,32,2,2022-02-18 09:16:24
1645175784192346000,19.85,5,19.8,14,19.85,27,1,2022-02-18 09:16:24
1645175784330478000,19.8,1,19.8,13,19.85,27,2,2022-02-18 09:16:24
1645175784745868000,19.8,10,19.8,3,19.85,27,2,2022-02-18 09:16:24
1645175785012256000,19.8,7,19.75,52,19.85,27,2,2022-02-18 09:16:25
1645175785012256000,19.75,6,19.75,52,19.85,27,2,2022-02-18 09:16:25
1645175786742708000,19.8,1,19.8,3,19.85,27,2,2022-02-18 09:16:26
1645175787418142000,19.8,4,19.8,4,19.85,27,2,2022-02-18 09:16:27
1645175787718368000,19.8,4,19.75,52,19.8,6,2,2022-02-18 09:16:27
1645175787767344000,19.8,1,19.75,52,19.8,5,1,2022-02-18 09:16:27
1645175788106638000,19.8,5,19.75,62,19.8,2,1,2022-02-18 09:16:28
1645175788407327000,19.8,1,19.75,62,19.8,1,1,2022-02-18 09:16:28
1645175788936073000,19.8,2,19.8,8,19.85,32,1,2022-02-18 09:16:28
1645175789256082000,19.85,1,19.8,8,19.85,31,1,2022-02-18 09:16:29
1645175789326716000,19.8,6,19.8,2,19.85,31,2,2022-02-18 09:16:29
1645175789331498000,19.8,2,19.75,66,19.8,3,2,2022-02-18 09:16:29
1645175789551267000,19.8,1,19.75,66,19.8,2,1,2022-02-18 09:16:29
1645175789574044000,19.8,2,19.75,66,19.85,31,1,2022-02-18 09:16:29
1645175789639828000,19.8,3,19.8,7,19.85,31,1,2022-02-18 09:16:29
1645175790600105000,19.8,5,19.8,6,19.85,33,2,2022-02-18 09:16:30
1645175790939610000,19.8,1,19.8,16,19.85,32,2,2022-02-18 09:16:30
1645175791562579000,19.8,1,19.8,21,19.85,33,2,2022-02-18 09:16:31
1645175791563494000,19.85,1,19.8,21,19.85,32,1,2022-02-18 09:16:31
1645175792226648000,19.8,1,19.8,20,19.85,32,2,2022-02-18 09:16:32
1645175793490033000,19.85,1,19.8,37,19.85,31,1,2022-02-18 09:16:33
1645175793691524000,19.85,1,19.8,40,19.85,30,1,2022-02-18 09:16:33
1645175793897925000,19.85,1,19.8,41,19.85,29,1,2022-02-18 09:16:33
1645175794178177000,19.85,1,19.8,45,19.85,28,1,2022-02-18 09:16:34
1645175794997270000,19.8,1,19.8,85,19.85,28,2,2022-02-18 09:16:34
1645175795119426000,19.85,28,19.85,5,19.9,37,1,2022-02-18 09:16:35
1645175798611684000,19.85,2,19.85,37,19.9,38,2,2022-02-18 09:16:38
1645175798688751000,19.85,2,19.85,35,19.9,38,2,2022-02-18 09:16:38
1645175800111608000,19.85,1,19.85,48,19.9,41,2,2022-02-18 09:16:40
1645175800644869000,19.85,20,19.85,20,19.9,21,2,2022-02-18 09:16:40
1645175800918682000,19.9,10,19.85,20,19.9,11,1,2022-02-18 09:16:40
1645175801443610000,19.9,1,19.85,27,19.9,10,1,2022-02-18 09:16:41
1645175802494079000,19.9,1,19.85,31,19.9,9,1,2022-02-18 09:16:42
1645175802825433000,19.9,1,19.85,31,19.9,8,1,2022-02-18 09:16:42
1645175803093748000,19.9,2,19.85,34,19.9,6,1,2022-02-18 09:16:43
1645175803345429000,19.9,5,19.85,34,19.9,1,1,2022-02-18 09:16:43
1645175803584319000,19.9,1,19.85,34,19.95,17,1,2022-02-18 09:16:43
1645175803674098000,19.85,10,19.85,24,19.95,17,2,2022-02-18 09:16:43
1645175803705230000,19.85,1,19.85,23,19.95,17,2,2022-02-18 09:16:43
1645175803860598000,19.9,1,19.85,23,19.95,17,2,2022-02-18 09:16:43
1645175804953631000,19.95,1,19.9,2,19.95,16,1,2022-02-18 09:16:44
1645175804977034000,19.9,1,19.9,1,19.95,16,2,2022-02-18 09:16:44
1645175805222791000,19.9,1,19.85,24,19.95,16,2,2022-02-18 09:16:45
1645175805872806000,19.9,2,19.9,8,19.95,14,2,2022-02-18 09:16:45
1645175806463629000,19.9,1,19.9,7,19.95,34,2,2022-02-18 09:16:46
1645175809925929000,19.9,2,19.9,38,19.95,34,2,2022-02-18 09:16:49
1645175810781065000,19.9,5,19.9,54,19.95,34,2,2022-02-18 09:16:50
1645175811457125000,19.9,1,19.9,54,19.95,34,2,2022-02-18 09:16:51
1645175812956631000,19.9,1,19.9,53,19.95,34,2,2022-02-18 09:16:52
1645175813747733000,19.95,1,19.9,53,19.95,33,1,2022-02-18 09:16:53
1645175814512996000,19.95,1,19.9,53,19.95,32,1,2022-02-18 09:16:54
1645175814533900000,19.95,2,19.9,53,19.95,30,1,2022-02-18 09:16:54
1645175815326305000,19.9,1,19.9,52,19.95,30,2,2022-02-18 09:16:55
1645175816069174000,19.95,4,19.9,52,19.95,26,1,2022-02-18 09:16:56
1645175816571895000,19.95,1,19.9,52,19.95,25,1,2022-02-18 09:16:56
1645175817137576000,19.9,2,19.9,50,19.95,25,2,2022-02-18 09:16:57
1645175817337681000,19.95,2,19.9,51,19.95,23,1,2022-02-18 09:16:57
1645175818068923000,19.9,8,19.9,44,19.95,23,2,2022-02-18 09:16:58
1645175818965718000,19.95,5,19.9,44,19.95,18,1,2022-02-18 09:16:58
1645175819123199000,19.95,2,19.9,44,19.95,16,1,2022-02-18 09:16:59
1645175819630675000,19.9,1,19.9,43,19.95,16,2,2022-02-18 09:16:59
1645175819929874000,19.95,1,19.9,45,19.95,15,1,2022-02-18 09:16:59
1645175820299023000,19.95,1,19.9,45,19.95,14,1,2022-02-18 09:17:00
1645175820593042000,19.9,15,19.9,30,19.95,14,2,2022-02-18 09:17:00
1645175820604171000,19.9,15,19.9,15,19.95,14,2,2022-02-18 09:17:00
1645175820619634000,19.9,15,19.85,34,19.95,14,2,2022-02-18 09:17:00
1645175820998609000,19.85,28,19.85,6,19.9,30,2,2022-02-18 09:17:00
1645175821144298000,19.9,1,19.85,6,19.9,29,1,2022-02-18 09:17:01
1645175821239211000,19.9,1,19.85,6,19.9,28,1,2022-02-18 09:17:01
1645175821292037000,19.9,1,19.85,6,19.9,27,1,2022-02-18 09:17:01
1645175821361430000,19.9,1,19.85,6,19.9,26,1,2022-02-18 09:17:01
1645175821893106000,19.9,1,19.85,6,19.9,25,1,2022-02-18 09:17:01
1645175822122726000,19.9,1,19.85,6,19.9,27,1,2022-02-18 09:17:02
1645175822381250000,19.85,3,19.85,3,19.9,27,2,2022-02-18 09:17:02
1645175822552912000,19.85,3,19.8,70,19.9,27,2,2022-02-18 09:17:02
1645175823839777000,19.85,1,19.8,71,19.85,18,1,2022-02-18 09:17:03
1645175824376957000,19.8,3,19.8,68,19.85,18,2,2022-02-18 09:17:04
1645175824650836000,19.85,1,19.8,68,19.85,17,1,2022-02-18 09:17:04
1645175825139953000,19.85,2,19.8,68,19.85,15,1,2022-02-18 09:17:05
1645175827453416000,19.85,4,19.8,67,19.85,15,1,2022-02-18 09:17:07
1645175828367296000,19.85,5,19.8,64,19.85,8,1,2022-02-18 09:17:08
1645175828916001000,19.85,1,19.8,64,19.85,7,1,2022-02-18 09:17:08
1645175829470895000,19.85,1,19.8,64,19.85,6,1,2022-02-18 09:17:09
1645175830435148000,19.85,1,19.8,70,19.85,5,1,2022-02-18 09:17:10
1645175830461689000,19.85,3,19.8,70,19.85,2,1,2022-02-18 09:17:10
1645175830635064000,19.85,1,19.8,71,19.85,1,1,2022-02-18 09:17:10
1645175830693716000,19.85,1,19.8,71,19.9,26,1,2022-02-18 09:17:10
1645175831804150000,19.85,1,19.8,44,19.9,28,2,2022-02-18 09:17:11
1645175831804150000,19.8,29,19.8,44,19.9,28,2,2022-02-18 09:17:11
1645175832034647000,19.85,1,19.8,44,19.9,28,2,2022-02-18 09:17:12
1645175832680329000,19.85,1,19.85,12,19.9,28,2,2022-02-18 09:17:12
1645175833907137000,19.9,1,19.85,19,19.9,27,1,2022-02-18 09:17:13
1645175834262919000,19.85,5,19.85,15,19.9,27,2,2022-02-18 09:17:14
1645175834380397000,19.9,1,19.85,15,19.9,26,1,2022-02-18 09:17:14
1645175834604615000,19.85,10,19.85,5,19.9,26,2,2022-02-18 09:17:14
1645175835705921000,19.85,1,19.85,7,19.9,26,2,2022-02-18 09:17:15
1645175836467002000,19.85,1,19.85,9,19.9,26,2,2022-02-18 09:17:16
1645175837867105000,19.85,2,19.85,9,19.9,27,2,2022-02-18 09:17:17
