ts,close,volume,bid_price,bid_volume,ask_price,ask_volume,tick_type,datetime
1645174928012966000,110.5,630,110.0,247,110.5,70,2,2022-02-18 09:02:08
1645174928070137000,110.0,2,110.0,245,110.5,70,2,2022-02-18 09:02:08
1645174928075521000,110.0,5,110.0,240,110.5,70,2,2022-02-18 09:02:08
1645174928126616000,110.0,1,110.0,239,110.5,74,2,2022-02-18 09:02:08
1645174928162301000,110.0,1,110.0,238,110.5,75,2,2022-02-18 09:02:08
1645174928293228000,110.0,2,110.0,236,110.5,75,2,2022-02-18 09:02:08
1645174928849752000,110.0,2,110.0,235,110.5,75,2,2022-02-18 09:02:08
1645174929738749000,110.5,4,110.0,239,110.5,73,1,2022-02-18 09:02:09
1645174930546130000,110.0,1,110.0,238,110.5,73,2,2022-02-18 09:02:10
1645174930583592000,110.0,16,110.0,222,110.5,73,2,2022-02-18 09:02:10
1645174930606518000,110.0,1,110.0,221,110.5,80,2,2022-02-18 09:02:10
1645174930607534000,110.0,1,110.0,220,110.5,80,2,2022-02-18 09:02:10
1645174930608677000,110.0,1,110.0,219,110.5,80,2,2022-02-18 09:02:10
1645174930608877000,110.0,16,110.0,203,110.5,80,2,2022-02-18 09:02:10
1645174930615131000,110.0,1,110.0,202,110.5,80,2,2022-02-18 09:02:10
1645174930645779000,110.0,1,110.0,201,110.5,80,2,2022-02-18 09:02:10
1645174930651895000,110.0,16,110.0,185,110.5,80,2,2022-02-18 09:02:10
1645174930656167000,110.0,1,110.0,184,110.5,80,2,2022-02-18 09:02:10
1645174930686399000,110.0,6,110.0,178,110.5,80,2,2022-02-18 09:02:10
1645174930697370000,110.0,16,110.0,162,110.5,80,2,2022-02-18 09:02:10
1645174930715762000,110.0,2,110.0,160,110.5,80,2,2022-02-18 09:02:10
1645174930720984000,110.0,5,110.0,155,110.5,80,2,2022-02-18 09:02:10
1645174930721337000,110.0,1,110.0,154,110.5,80,2,2022-02-18 09:02:10
1645174930980014000,110.0,1,110.0,153,110.5,73,2,2022-02-18 09:02:10
1645174931418766000,110.5,1,110.0,153,110.5,72,1,2022-02-18 09:02:11
1645174931668416000,110.5,72,110.0,153,111.0,126,1,2022-02-18 09:02:11
1645174933165571000,110.5,1,110.0,158,110.5,17,2,2022-02-18 09:02:13
1645174933239469000,110.5,17,110.0,159,111.0,126,1,2022-02-18 09:02:13
1645174933853223000,111.0,5,110.5,1,111.0,121,1,2022-02-18 09:02:13
1645174933882269000,111.0,121,110.5,1,111.5,128,1,2022-02-18 09:02:13
1645174933935838000,111.5,1,110.5,3,111.5,127,1,2022-02-18 09:02:13
1645174936321144000,111.0,1,110.5,18,111.5,128,1,2022-02-18 09:02:16
1645174936696603000,111.5,1,110.5,18,111.5,127,1,2022-02-18 09:02:16
1645174936852061000,111.0,1,110.5,28,111.0,13,2,2022-02-18 09:02:16
1645174936880332000,111.0,13,110.5,28,111.5,127,1,2022-02-18 09:02:16
1645174937218866000,111.5,1,110.5,28,111.5,126,1,2022-02-18 09:02:17
1645174937276806000,111.5,1,110.5,28,111.5,125,1,2022-02-18 09:02:17
1645174939066405000,111.0,1,110.5,29,111.5,125,1,2022-02-18 09:02:19
1645174939565657000,111.5,16,110.5,32,111.5,110,1,2022-02-18 09:02:19
1645174939774043000,111.5,2,110.5,33,111.5,108,1,2022-02-18 09:02:19
1645174940814329000,111.5,1,110.5,37,111.5,107,1,2022-02-18 09:02:20
1645174940947392000,111.0,5,110.5,37,111.5,107,1,2022-02-18 09:02:20
1645174941050397000,111.5,1,110.5,37,111.5,106,1,2022-02-18 09:02:21
1645174941079368000,110.5,1,110.5,36,111.5,106,2,2022-02-18 09:02:21
1645174941096823000,111.5,1,110.5,36,111.5,105,1,2022-02-18 09:02:21
1645174941602766000,111.5,2,110.5,36,111.5,103,1,2022-02-18 09:02:21
1645174941928865000,111.5,1,110.5,39,111.5,103,1,2022-02-18 09:02:21
1645174941981920000,111.5,1,110.5,40,111.5,102,1,2022-02-18 09:02:21
1645174942381046000,111.5,1,111.0,10,111.5,123,1,2022-02-18 09:02:22
1645174942604780000,111.5,1,111.0,10,111.5,122,1,2022-02-18 09:02:22
1645174942836276000,111.5,1,111.0,11,111.5,121,1,2022-02-18 09:02:22
1645174943227232000,111.5,1,111.0,12,111.5,168,1,2022-02-18 09:02:23
1645174943479819000,111.5,1,111.0,13,111.5,167,1,2022-02-18 09:02:23
1645174943885357000,111.0,2,111.0,11,111.5,167,2,2022-02-18 09:02:23
1645174943887417000,111.0,2,111.0,9,111.5,167,2,2022-02-18 09:02:23
1645174943889928000,111.0,1,111.0,8,111.5,167,2,2022-02-18 09:02:23
1645174943989816000,111.5,5,111.0,4,111.5,162,1,2022-02-18 09:02:23
1645174944435664000,111.0,10,111.0,1,111.5,162,2,2022-02-18 09:02:24
1645174944448074000,111.0,1,110.5,47,111.5,162,2,2022-02-18 09:02:24
1645174945445819000,111.5,5,111.0,3,111.5,159,1,2022-02-18 09:02:25
1645174946114247000,111.0,1,111.0,9,111.5,160,2,2022-02-18 09:02:26
1645174946308521000,111.5,1,111.0,2,111.5,159,1,2022-02-18 09:02:26
1645174946310196000,111.5,1,111.0,2,111.5,158,1,2022-02-18 09:02:26
1645174946393867000,111.5,1,111.0,2,111.5,157,1,2022-02-18 09:02:26
1645174946950236000,111.0,2,110.5,48,111.0,20,2,2022-02-18 09:02:26
1645174947039990000,111.0,1,110.5,48,111.0,19,1,2022-02-18 09:02:27
1645174947332835000,111.0,1,110.5,48,111.0,34,1,2022-02-18 09:02:27
1645174947360044000,111.0,2,110.5,48,111.0,32,1,2022-02-18 09:02:27
1645174947553741000,111.0,20,110.5,48,111.0,12,1,2022-02-18 09:02:27
1645174947590181000,110.5,1,110.5,47,111.0,12,2,2022-02-18 09:02:27
1645174947590828000,110.5,1,110.5,46,111.0,12,2,2022-02-18 09:02:27
1645174947623627000,110.5,1,110.5,45,111.0,12,2,2022-02-18 09:02:27
1645174948005468000,111.0,1,110.5,46,111.0,11,1,2022-02-18 09:02:28
1645174948328233000,110.5,1,110.5,48,111.0,11,2,2022-02-18 09:02:28
1645174948601729000,111.0,1,110.5,49,111.0,12,1,2022-02-18 09:02:28
1645174949346156000,111.0,2,110.5,54,111.0,14,1,2022-02-18 09:02:29
1645174949486194000,110.5,1,110.5,53,111.0,14,2,2022-02-18 09:02:29
1645174950467402000,111.0,1,110.5,48,111.0,50,1,2022-02-18 09:02:30
1645174950531407000,111.0,1,110.5,48,111.0,43,1,2022-02-18 09:02:30
1645174951228366000,110.5,1,110.5,46,111.0,170,2,2022-02-18 09:02:31
1645174951345204000,111.0,5,110.5,48,111.0,169,1,2022-02-18 09:02:31
1645174951376156000,111.0,1,110.5,48,111.0,168,1,2022-02-18 09:02:31
1645174951462892000,111.0,1,110.5,48,111.0,167,1,2022-02-18 09:02:31
1645174951812367000,110.5,1,110.5,50,111.0,168,2,2022-02-18 09:02:31
1645174952288422000,111.0,1,110.5,50,111.0,172,1,2022-02-18 09:02:32
1645174952445555000,111.0,1,110.5,50,111.0,171,1,2022-02-18 09:02:32
1645174952826690000,111.0,11,110.5,70,111.0,175,1,2022-02-18 09:02:32
1645174952871625000,111.0,5,110.5,70,111.0,170,1,2022-02-18 09:02:32
1645174953360725000,111.0,2,110.5,72,111.0,184,1,2022-02-18 09:02:33
1645174954198324000,111.0,1,110.5,75,111.0,189,1,2022-02-18 09:02:34
1645174957590025000,110.5,1,110.5,92,111.0,197,2,2022-02-18 09:02:37
1645174957672139000,110.5,1,110.5,91,111.0,197,2,2022-02-18 09:02:37
1645174958319673000,110.5,1,110.5,95,111.0,199,2,2022-02-18 09:02:38
1645174959052685000,111.0,1,110.5,99,111.0,208,1,2022-02-18 09:02:39
1645174959394588000,110.5,1,110.5,98,111.0,243,2,2022-02-18 09:02:39
1645174959403254000,110.5,7,110.5,91,111.0,243,2,2022-02-18 09:02:39
1645174959442333000,110.5,1,110.5,90,111.0,243,2,2022-02-18 09:02:39
1645174959978930000,111.0,1,110.5,91,111.0,242,1,2022-02-18 09:02:39
1645174960102300000,111.0,2,110.5,91,111.0,240,1,2022-02-18 09:02:40
1645174960968837000,111.0,1,110.5,99,111.0,244,1,2022-02-18 09:02:40
1645174961127305000,111.0,2,110.5,99,111.0,242,1,2022-02-18 09:02:41
1645174961221850000,110.5,10,110.5,89,111.0,242,2,2022-02-18 09:02:41
1645174961254269000,110.5,1,110.5,88,111.0,242,2,2022-02-18 09:02:41
1645174961255261000,110.5,1,110.5,87,111.0,242,2,2022-02-18 09:02:41
1645174961719527000,110.5,1,110.5,84,111.0,245,2,2022-02-18 09:02:41
1645174961833716000,110.5,1,110.5,83,111.0,245,2,2022-02-18 09:02:41
1645174962128172000,110.5,1,110.5,83,111.0,245,2,2022-02-18 09:02:42
1645174962170077000,111.0,2,110.5,83,111.0,243,1,2022-02-18 09:02:42
1645174963171899000,111.0,2,110.5,82,111.0,253,1,2022-02-18 09:02:43
1645174963223152000,110.5,1,110.5,81,111.0,253,2,2022-02-18 09:02:43
1645174963386083000,111.0,1,110.5,81,111.0,253,1,2022-02-18 09:02:43
1645174964247453000,111.0,1,110.5,92,111.0,252,1,2022-02-18 09:02:44
1645174964580119000,110.5,1,110.5,91,111.0,252,2,2022-02-18 09:02:44
1645174964844837000,111.0,1,110.5,91,111.0,251,1,2022-02-18 09:02:44
1645174965245727000,110.5,8,110.5,84,111.0,267,2,2022-02-18 09:02:45
1645174965303002000,110.5,10,110.5,75,111.0,267,2,2022-02-18 09:02:45
1645174965728834000,110.5,1,110.5,78,111.0,267,2,2022-02-18 09:02:45
1645174965883912000,110.5,1,110.5,77,111.0,277,2,2022-02-18 09:02:45
1645174966466929000,110.5,1,110.5,76,111.0,281,2,2022-02-18 09:02:46
1645174966541640000,110.5,1,110.5,75,111.0,281,2,2022-02-18 09:02:46
1645174966594595000,110.5,2,110.5,73,111.0,281,2,2022-02-18 09:02:46
1645174966633559000,110.5,1,110.5,72,111.0,284,2,2022-02-18 09:02:46
1645174966906608000,110.5,1,110.5,82,111.0,284,2,2022-02-18 09:02:46
1645174967432385000,111.0,1,110.5,82,111.0,286,1,2022-02-18 09:02:47
1645174967519158000,110.5,1,110.5,81,111.0,286,2,2022-02-18 09:02:47
1645174967620093000,110.5,1,110.5,80,111.0,286,2,2022-02-18 09:02:47
1645174967752202000,110.5,1,110.5,84,111.0,286,2,2022-02-18 09:02:47
1645174968102995000,110.5,1,110.5,83,111.0,287,2,2022-02-18 09:02:48
1645174968541276000,110.5,5,110.5,79,111.0,283,2,2022-02-18 09:02:48
1645174968573116000,110.5,1,110.5,78,111.0,283,2,2022-02-18 09:02:48
1645174968573310000,110.5,1,110.5,77,111.0,283,2,2022-02-18 09:02:48
1645174968917159000,110.5,3,110.5,80,111.0,283,2,2022-02-18 09:02:48
1645174969066592000,110.5,1,110.5,80,111.0,284,2,2022-02-18 09:02:49
1645174969099829000,110.5,1,110.5,79,111.0,287,2,2022-02-18 09:02:49
1645174969143808000,111.0,1,110.5,79,111.0,286,1,2022-02-18 09:02:49
1645174971069279000,110.5,1,110.5,86,111.0,318,2,2022-02-18 09:02:51
1645174971931908000,111.0,1,110.5,86,111.0,317,1,2022-02-18 09:02:51
1645174972049683000,110.5,10,110.5,76,111.0,307,2,2022-02-18 09:02:52
1645174972509851000,110.5,1,110.5,81,111.0,307,2,2022-02-18 09:02:52
1645174972669533000,110.5,30,110.5,56,111.0,307,2,2022-02-18 09:02:52
1645174972707275000,110.5,1,110.5,55,111.0,307,2,2022-02-18 09:02:52
1645174973059647000,110.5,2,110.5,53,111.0,307,2,2022-02-18 09:02:53
1645174973542740000,110.5,8,110.5,45,111.0,307,2,2022-02-18 09:02:53
1645174973596353000,111.0,1,110.5,45,111.0,306,1,2022-02-18 09:02:53
1645174973683634000,110.5,4,110.5,41,111.0,307,2,2022-02-18 09:02:53
1645174973966476000,110.5,1,110.5,41,111.0,307,2,2022-02-18 09:02:53
1645174974113430000,110.5,1,110.5,40,111.0,307,2,2022-02-18 09:02:54
1645174974137752000,110.5,1,110.5,39,111.0,307,2,2022-02-18 09:02:54
1645174974167866000,110.5,1,110.5,38,111.0,307,2,2022-02-18 09:02:54
1645174974206996000,110.5,20,110.5,19,111.0,307,2,2022-02-18 09:02:54
1645174974283156000,110.5,19,110.0,203,110.5,3,2,2022-02-18 09:02:54
1645174974656315000,110.0,2,110.0,200,110.5,7,2,2022-02-18 09:02:54
1645174975624117000,110.5,1,110.0,199,110.5,43,1,2022-02-18 09:02:55
1645174975788219000,110.5,1,110.0,199,110.5,43,1,2022-02-18 09:02:55
1645174976156074000,110.5,43,110.0,200,111.0,307,1,2022-02-18 09:02:56
1645174976334779000,110.5,1,110.0,207,111.0,307,1,2022-02-18 09:02:56
1645174976491834000,110.5,1,110.5,1,111.0,307,1,2022-02-18 09:02:56
1645174976663296000,110.5,1,110.0,200,111.0,307,2,2022-02-18 09:02:56
1645174976720222000,110.5,2,110.0,200,110.5,3,1,2022-02-18 09:02:56
1645174976742631000,110.5,3,110.0,207,111.0,307,1,2022-02-18 09:02:56
1645174977067589000,110.5,1,110.0,200,111.0,307,1,2022-02-18 09:02:57
1645174977172268000,110.5,1,110.0,200,111.0,310,2,2022-02-18 09:02:57
1645174977204452000,110.5,1,110.0,200,111.0,310,1,2022-02-18 09:02:57
1645174977557114000,110.5,1,110.0,198,111.0,310,2,2022-02-18 09:02:57
1645174977557114000,110.0,1,110.0,198,111.0,310,2,2022-02-18 09:02:57
1645174977630353000,110.5,1,110.0,198,111.0,310,1,2022-02-18 09:02:57
1645174978095941000,110.5,2,110.0,199,110.5,2,2,2022-02-18 09:02:58
1645174978119097000,110.5,2,110.0,199,111.0,310,1,2022-02-18 09:02:58
1645174978261330000,110.5,1,110.0,199,111.0,310,1,2022-02-18 09:02:58
1645174978295021000,110.5,1,110.0,199,111.0,310,1,2022-02-18 09:02:58
1645174978770561000,111.0,1,110.0,199,111.0,309,1,2022-02-18 09:02:58
1645174978838161000,110.5,1,110.0,199,111.0,314,1,2022-02-18 09:02:58
1645174979170419000,111.0,20,110.5,1,111.0,288,1,2022-02-18 09:02:59
1645174979170548000,111.0,20,110.5,1,111.0,268,1,2022-02-18 09:02:59
1645174979171513000,111.0,20,110.5,1,111.0,248,1,2022-02-18 09:02:59
1645174979378226000,110.5,5,110.5,5,111.0,248,2,2022-02-18 09:02:59
1645174979538542000,110.5,1,110.5,8,111.0,248,2,2022-02-18 09:02:59
1645174979668239000,110.5,1,110.5,7,111.0,248,2,2022-02-18 09:02:59
1645174979780476000,110.0,2,110.0,206,111.0,249,2,2022-02-18 09:02:59
1645174979898995000,110.5,1,110.0,206,110.5,5,1,2022-02-18 09:02:59
1645174979927512000,110.5,5,110.0,206,111.0,244,1,2022-02-18 09:02:59
1645174980039981000,110.0,1,110.0,197,111.0,246,2,2022-02-18 09:03:00
1645174980315758000,110.5,10,110.0,197,111.0,246,1,2022-02-18 09:03:00
1645174980371208000,110.5,1,110.0,197,110.5,1,1,2022-02-18 09:03:00
1645174980371225000,110.5,1,110.0,197,111.0,246,1,2022-02-18 09:03:00
1645174980404021000,110.5,1,110.0,197,111.0,246,1,2022-02-18 09:03:00
1645174980422289000,110.0,3,110.0,194,111.0,246,2,2022-02-18 09:03:00
1645174980451216000,110.5,1,110.0,194,111.0,246,1,2022-02-18 09:03:00
1645174980484541000,110.5,1,110.0,194,111.0,246,1,2022-02-18 09:03:00
1645174980518203000,110.5,1,110.0,194,110.5,1,1,2022-02-18 09:03:00
1645174980541109000,110.5,1,110.0,194,110.5,3,1,2022-02-18 09:03:00
1645174980744657000,110.0,5,110.0,189,110.5,10,2,2022-02-18 09:03:00
1645174980789297000,110.5,1,110.0,189,110.5,9,1,2022-02-18 09:03:00
1645174980840828000,110.0,1,110.0,188,110.5,9,2,2022-02-18 09:03:00
1645174981159487000,110.5,2,110.0,188,110.5,7,1,2022-02-18 09:03:01
1645174981248777000,110.5,2,110.0,188,110.5,5,1,2022-02-18 09:03:01
1645174981396720000,110.0,3,110.0,185,110.5,6,2,2022-02-18 09:03:01
1645174981835576000,110.5,1,110.0,185,110.5,11,1,2022-02-18 09:03:01
1645174982041396000,110.5,1,110.0,185,110.5,10,1,2022-02-18 09:03:02
1645174983158342000,110.5,1,110.0,187,110.5,26,1,2022-02-18 09:03:03
1645174983261976000,110.5,2,110.0,189,110.5,24,1,2022-02-18 09:03:03
1645174983654149000,110.0,1,110.0,188,110.5,25,2,2022-02-18 09:03:03
1645174984215505000,110.5,2,110.0,199,110.5,24,1,2022-02-18 09:03:04
1645174984585630000,110.5,10,110.0,199,110.5,14,1,2022-02-18 09:03:04
1645174984619961000,110.5,3,110.0,199,110.5,13,1,2022-02-18 09:03:04
1645174985184447000,110.0,1,110.0,198,110.5,13,2,2022-02-18 09:03:05
1645174985188209000,110.5,1,110.0,198,110.5,12,1,2022-02-18 09:03:05
1645174985240782000,110.0,1,110.0,197,110.5,12,2,2022-02-18 09:03:05
1645174985797226000,110.5,1,110.0,198,110.5,14,1,2022-02-18 09:03:05
1645174985856132000,110.0,1,110.0,197,110.5,14,2,2022-02-18 09:03:05
1645174986640852000,110.0,1,110.0,204,110.5,14,2,2022-02-18 09:03:06
1645174986644762000,110.5,1,110.0,204,110.5,13,1,2022-02-18 09:03:06
1645174987113422000,110.5,1,110.0,216,110.5,12,1,2022-02-18 09:03:07
1645174987403041000,110.5,1,110.0,226,110.5,12,1,2022-02-18 09:03:07
1645174988201603000,110.5,1,110.0,226,110.5,19,1,2022-02-18 09:03:08
1645174988788150000,110.5,15,110.0,237,110.5,5,1,2022-02-18 09:03:08
1645174988814903000,110.0,1,110.0,236,110.5,5,2,2022-02-18 09:03:08
1645174988817936000,110.5,1,110.0,236,110.5,4,1,2022-02-18 09:03:08
1645174988817940000,110.5,4,110.0,236,111.0,195,1,2022-02-18 09:03:08
1645174988855110000,110.0,1,110.0,242,111.0,195,2,2022-02-18 09:03:08
1645174989556209000,110.5,1,110.0,245,111.0,196,1,2022-02-18 09:03:09
1645174989624483000,110.5,1,110.0,245,111.0,196,1,2022-02-18 09:03:09
1645174990668667000,110.5,1,110.0,243,110.5,1,1,2022-02-18 09:03:10
1645174990822020000,110.5,1,110.0,243,110.5,3,1,2022-02-18 09:03:10
1645174991094284000,110.5,1,110.0,243,110.5,2,1,2022-02-18 09:03:11
1645174991144286000,110.5,2,110.5,3,111.0,196,1,2022-02-18 09:03:11
1645174991149221000,110.5,1,110.5,2,111.0,196,2,2022-02-18 09:03:11
1645174991457780000,110.5,2,110.0,235,111.0,191,2,2022-02-18 09:03:11
1645174991457780000,110.0,8,110.0,235,111.0,191,2,2022-02-18 09:03:11
1645174991535408000,110.5,1,110.0,235,111.0,191,1,2022-02-18 09:03:11
1645174991691199000,110.5,1,110.0,235,111.0,191,1,2022-02-18 09:03:11
1645174993516682000,110.5,2,110.5,15,111.0,192,2,2022-02-18 09:03:13
1645174995626766000,110.5,13,110.5,11,111.0,189,2,2022-02-18 09:03:15
1645174995639642000,110.5,1,110.5,12,111.0,189,2,2022-02-18 09:03:15
1645174995966685000,110.5,2,110.5,9,111.0,191,2,2022-02-18 09:03:15
1645174996342044000,110.5,2,110.5,21,111.0,190,2,2022-02-18 09:03:16
1645174996834337000,110.5,1,110.5,20,111.0,190,2,2022-02-18 09:03:16
1645174996910502000,110.5,1,110.5,29,111.0,190,2,2022-02-18 09:03:16
1645174998567224000,110.5,5,110.5,30,111.0,201,2,2022-02-18 09:03:18
1645174998985106000,111.0,6,110.5,31,111.0,197,1,2022-02-18 09:03:18
1645174999420436000,110.5,1,110.5,34,111.0,197,2,2022-02-18 09:03:19
1645175001313849000,110.5,5,110.5,35,111.0,202,2,2022-02-18 09:03:21
1645175002691418000,110.5,1,110.5,36,111.0,202,2,2022-02-18 09:03:22
1645175003153082000,110.5,1,110.5,38,111.0,202,2,2022-02-18 09:03:23
1645175004663499000,111.0,1,110.5,42,111.0,201,1,2022-02-18 09:03:24
1645175005280480000,111.0,1,110.5,43,111.0,199,1,2022-02-18 09:03:25
1645175006949787000,110.5,2,110.5,50,111.0,200,2,2022-02-18 09:03:26
1645175008650380000,111.0,2,110.5,51,111.0,202,1,2022-02-18 09:03:28
1645175009447010000,110.5,1,110.5,53,111.0,202,2,2022-02-18 09:03:29
1645175009971593000,111.0,10,110.5,53,111.0,193,1,2022-02-18 09:03:29
1645175010386492000,110.5,5,110.5,49,111.0,188,2,2022-02-18 09:03:30
1645175010900992000,111.0,1,110.5,57,111.0,187,1,2022-02-18 09:03:30
1645175011722439000,110.5,20,110.5,37,111.0,187,2,2022-02-18 09:03:31
1645175011752801000,110.5,1,110.5,36,111.0,187,2,2022-02-18 09:03:31
1645175011754911000,110.5,1,110.5,35,111.0,187,2,2022-02-18 09:03:31
1645175012603129000,110.5,1,110.5,89,111.0,186,2,2022-02-18 09:03:32
1645175013040970000,111.0,2,110.5,89,111.0,182,1,2022-02-18 09:03:33
1645175013121358000,110.5,1,110.5,88,111.0,181,2,2022-02-18 09:03:33
1645175013551704000,110.5,1,110.5,89,111.0,195,2,2022-02-18 09:03:33
1645175014066102000,111.0,2,110.5,90,111.0,194,1,2022-02-18 09:03:34
1645175014342082000,110.5,3,110.5,88,111.0,194,2,2022-02-18 09:03:34
1645175014376636000,110.5,1,110.5,88,111.0,194,2,2022-02-18 09:03:34
1645175017816136000,111.0,1,110.5,93,111.0,207,1,2022-02-18 09:03:37
1645175017919705000,110.5,1,110.5,92,111.0,207,2,2022-02-18 09:03:37
1645175018430074000,111.0,7,110.5,92,111.0,200,1,2022-02-18 09:03:38
1645175020654579000,111.0,1,110.5,97,111.0,200,1,2022-02-18 09:03:40
1645175020927497000,111.0,1,110.5,98,111.0,199,1,2022-02-18 09:03:40
1645175021258179000,110.5,5,110.5,93,111.0,199,2,2022-02-18 09:03:41
1645175021314101000,110.5,1,110.5,92,111.0,199,2,2022-02-18 09:03:41
1645175021445701000,111.0,150,110.5,92,111.0,49,1,2022-02-18 09:03:41
1645175021464617000,111.0,49,110.5,92,111.5,115,1,2022-02-18 09:03:41
1645175021507172000,111.0,1,110.5,99,111.0,1,2,2022-02-18 09:03:41
1645175021513427000,111.0,1,111.0,5,111.5,114,1,2022-02-18 09:03:41
1645175021530657000,111.5,1,111.0,5,111.5,113,1,2022-02-18 09:03:41
1645175021549214000,111.5,1,111.0,7,111.5,112,1,2022-02-18 09:03:41
1645175022459492000,111.0,3,111.0,108,111.5,112,2,2022-02-18 09:03:42
1645175023690802000,111.0,2,111.0,115,111.5,112,2,2022-02-18 09:03:43
1645175025610002000,111.0,2,111.0,114,111.5,127,2,2022-02-18 09:03:45
1645175026201613000,111.5,2,111.0,117,111.5,125,1,2022-02-18 09:03:46
1645175027021288000,111.5,5,111.0,125,111.5,121,1,2022-02-18 09:03:47
1645175028328656000,111.5,2,111.0,29,111.5,124,1,2022-02-18 09:03:48
1645175028479391000,111.5,5,111.0,29,111.5,120,1,2022-02-18 09:03:48
1645175028938000000,111.5,1,111.0,30,111.5,119,1,2022-02-18 09:03:48
1645175028989569000,111.5,1,111.0,30,111.5,118,1,2022-02-18 09:03:48
1645175030942589000,111.5,1,111.0,32,111.5,118,1,2022-02-18 09:03:50
1645175031033283000,111.5,1,111.0,32,111.5,117,1,2022-02-18 09:03:51
1645175031052683000,111.0,5,111.0,27,111.5,117,2,2022-02-18 09:03:51
1645175031092373000,111.0,1,111.0,25,111.5,117,2,2022-02-18 09:03:51
1645175032222919000,111.5,1,111.0,34,111.5,119,1,2022-02-18 09:03:52
1645175032911660000,111.5,3,111.0,35,111.5,116,1,2022-02-18 09:03:52
1645175033402523000,111.0,1,111.0,35,111.5,117,2,2022-02-18 09:03:53
1645175033903294000,111.0,1,111.0,36,111.5,117,2,2022-02-18 09:03:53
1645175034989074000,111.5,2,111.0,41,111.5,132,1,2022-02-18 09:03:54
1645175035096661000,111.5,2,111.0,41,111.5,130,1,2022-02-18 09:03:55
1645175035472957000,111.5,3,111.0,42,111.5,127,1,2022-02-18 09:03:55
1645175036350151000,111.0,1,111.0,45,111.5,127,2,2022-02-18 09:03:56
1645175037295886000,111.5,1,111.0,49,111.5,126,1,2022-02-18 09:03:57
1645175038348457000,111.5,2,111.0,52,111.5,125,1,2022-02-18 09:03:58
1645175039463284000,111.0,3,111.0,53,111.5,125,2,2022-02-18 09:03:59
1645175039470804000,111.5,1,111.0,53,111.5,124,1,2022-02-18 09:03:59
1645175039490730000,111.0,1,111.0,53,111.5,124,2,2022-02-18 09:03:59
1645175039517792000,111.0,1,111.0,52,111.5,124,2,2022-02-18 09:03:59
1645175041111676000,111.5,1,111.0,54,111.5,124,1,2022-02-18 09:04:01
1645175041428067000,111.0,1,111.0,54,111.5,124,2,2022-02-18 09:04:01
1645175041446346000,111.0,3,111.0,51,111.5,124,2,2022-02-18 09:04:01
1645175043220696000,111.0,1,111.0,56,111.5,126,2,2022-02-18 09:04:03
1645175044478200000,111.0,2,111.0,53,111.5,128,2,2022-02-18 09:04:04
1645175044658274000,111.0,2,111.0,52,111.5,128,2,2022-02-18 09:04:04
1645175045663855000,111.0,1,111.0,54,111.5,127,2,2022-02-18 09:04:05
1645175046201289000,111.0,1,111.0,54,111.5,127,2,2022-02-18 09:04:06
1645175046578166000,111.5,1,111.0,54,111.5,126,1,2022-02-18 09:04:06
1645175046850982000,111.5,5,111.0,54,111.5,121,1,2022-02-18 09:04:06
1645175047246389000,111.0,1,111.0,53,111.5,121,2,2022-02-18 09:04:07
1645175047539324000,111.5,2,111.0,56,111.5,119,1,2022-02-18 09:04:07
1645175047754080000,111.5,1,111.0,57,111.5,118,1,2022-02-18 09:04:07
1645175048147416000,111.0,5,111.0,53,111.5,119,2,2022-02-18 09:04:08
1645175048147441000,111.0,1,111.0,52,111.5,119,2,2022-02-18 09:04:08
1645175050971069000,111.0,2,111.0,53,111.5,120,2,2022-02-18 09:04:10
1645175051666156000,111.5,1,111.0,53,111.5,120,1,2022-02-18 09:04:11
1645175055103933000,111.5,1,111.0,58,111.5,126,1,2022-02-18 09:04:15
1645175055519766000,111.0,1,111.0,56,111.5,126,2,2022-02-18 09:04:15
1645175056580052000,111.5,3,111.0,69,111.5,123,1,2022-02-18 09:04:16
1645175056809726000,111.5,2,111.0,71,111.5,121,1,2022-02-18 09:04:16
1645175057618446000,111.0,1,111.0,75,111.5,129,2,2022-02-18 09:04:17
1645175057659927000,111.5,1,111.0,75,111.5,128,1,2022-02-18 09:04:17
1645175057742626000,111.5,5,111.0,75,111.5,123,1,2022-02-18 09:04:17
1645175057886305000,111.5,5,111.0,75,111.5,117,1,2022-02-18 09:04:17
1645175057887482000,111.5,5,111.0,75,111.5,112,1,2022-02-18 09:04:17
1645175057888286000,111.5,5,111.0,75,111.5,107,1,2022-02-18 09:04:17
1645175057888836000,111.5,5,111.0,75,111.5,102,1,2022-02-18 09:04:17
1645175057889866000,111.5,5,111.0,75,111.5,97,1,2022-02-18 09:04:17
1645175057891726000,111.5,5,111.0,75,111.5,92,1,2022-02-18 09:04:17
1645175057892386000,111.5,5,111.0,75,111.5,87,1,2022-02-18 09:04:17
1645175057893882000,111.5,5,111.0,75,111.5,82,1,2022-02-18 09:04:17
1645175057908421000,111.5,5,111.0,75,111.5,77,1,2022-02-18 09:04:17
1645175057909807000,111.5,5,111.0,75,111.5,72,1,2022-02-18 09:04:17
1645175057910925000,111.5,5,111.0,76,111.5,67,1,2022-02-18 09:04:17
1645175057912021000,111.5,5,111.0,76,111.5,62,1,2022-02-18 09:04:17
1645175057912863000,111.5,5,111.0,76,111.5,57,1,2022-02-18 09:04:17
1645175057924880000,111.5,5,111.0,76,111.5,52,1,2022-02-18 09:04:17
1645175058072171000,111.0,2,111.0,74,111.5,52,2,2022-02-18 09:04:18
1645175059383617000,111.5,1,111.0,77,111.5,51,1,2022-02-18 09:04:19
1645175060032452000,111.5,1,111.0,78,111.5,49,1,2022-02-18 09:04:20
1645175060229417000,111.5,1,111.0,78,111.5,48,1,2022-02-18 09:04:20
1645175060587559000,111.5,20,111.0,78,111.5,28,1,2022-02-18 09:04:20
1645175060637762000,111.5,1,111.0,85,111.5,27,1,2022-02-18 09:04:20
1645175060815518000,111.5,1,111.0,85,111.5,26,1,2022-02-18 09:04:20
1645175060969793000,111.5,1,111.0,85,111.5,25,1,2022-02-18 09:04:20
1645175061169966000,111.5,1,111.0,89,111.5,41,1,2022-02-18 09:04:21
1645175061350045000,111.5,5,111.0,89,111.5,36,1,2022-02-18 09:04:21
1645175061439013000,111.0,1,111.0,88,111.5,36,2,2022-02-18 09:04:21
1645175061543349000,111.5,1,111.0,88,111.5,35,1,2022-02-18 09:04:21
1645175061797952000,111.5,1,111.0,88,111.5,34,1,2022-02-18 09:04:21
1645175061804054000,111.5,2,111.0,88,111.5,32,1,2022-02-18 09:04:21
1645175062360618000,111.5,5,111.0,92,111.5,29,1,2022-02-18 09:04:22
1645175062636018000,111.5,29,111.5,21,112.0,259,1,2022-02-18 09:04:22
1645175062656569000,111.5,1,111.5,20,112.0,259,2,2022-02-18 09:04:22
1645175062724330000,112.0,1,111.5,21,112.0,261,1,2022-02-18 09:04:22
1645175062736084000,111.5,20,111.5,1,112.0,261,2,2022-02-18 09:04:22
1645175062770876000,111.5,1,111.0,92,112.0,261,2,2022-02-18 09:04:22
1645175062818930000,111.5,1,111.0,92,111.5,1,1,2022-02-18 09:04:22
1645175062921698000,111.5,1,111.0,92,112.0,262,1,2022-02-18 09:04:22
1645175062927031000,111.0,16,111.0,76,112.0,262,2,2022-02-18 09:04:22
1645175063240442000,111.5,5,111.0,77,112.0,262,1,2022-02-18 09:04:23
1645175063369550000,111.0,1,111.0,76,112.0,262,2,2022-02-18 09:04:23
1645175063512677000,111.5,1,111.0,79,112.0,262,2,2022-02-18 09:04:23
1645175063681217000,111.5,2,111.0,80,111.5,3,1,2022-02-18 09:04:23
1645175063899052000,111.5,2,111.0,80,111.5,1,1,2022-02-18 09:04:23
1645175063948783000,111.5,1,111.0,80,112.0,262,1,2022-02-18 09:04:23
1645175064655545000,111.5,1,111.0,85,112.0,261,1,2022-02-18 09:04:24
1645175064910944000,112.0,1,111.0,85,112.0,260,1,2022-02-18 09:04:24
1645175065529615000,111.5,1,111.0,86,112.0,260,1,2022-02-18 09:04:25
1645175066168097000,111.5,1,111.0,85,111.5,4,1,2022-02-18 09:04:26
1645175067006211000,111.5,1,111.0,82,111.5,119,1,2022-02-18 09:04:27
1645175067086098000,111.5,1,111.0,82,111.5,118,1,2022-02-18 09:04:27
1645175067729906000,111.5,2,111.0,83,111.5,119,1,2022-02-18 09:04:27
1645175068579596000,111.5,5,111.0,102,111.5,114,1,2022-02-18 09:04:28
1645175068729011000,111.5,1,111.0,102,111.5,113,1,2022-02-18 09:04:28
1645175068766486000,111.5,5,111.0,102,111.5,108,1,2022-02-18 09:04:28
1645175069408941000,111.5,1,111.0,101,111.5,113,1,2022-02-18 09:04:29
1645175069520847000,111.5,1,111.0,101,111.5,112,1,2022-02-18 09:04:29
1645175069533967000,111.5,1,111.0,101,111.5,111,1,2022-02-18 09:04:29
1645175069720306000,111.5,5,111.0,101,111.5,108,1,2022-02-18 09:04:29
1645175069879364000,111.5,1,111.0,101,111.5,107,1,2022-02-18 09:04:29
1645175069991525000,111.5,1,111.0,101,111.5,106,1,2022-02-18 09:04:29
1645175070029142000,111.5,2,111.0,101,111.5,104,1,2022-02-18 09:04:30
1645175070145597000,111.5,1,111.0,101,111.5,103,1,2022-02-18 09:04:30
1645175070613760000,111.5,1,111.0,103,111.5,104,1,2022-02-18 09:04:30
1645175071379108000,111.5,1,111.0,105,111.5,103,1,2022-02-18 09:04:31
1645175071398793000,111.5,1,111.0,105,111.5,102,1,2022-02-18 09:04:31
1645175071650309000,111.5,8,111.0,113,111.5,95,1,2022-02-18 09:04:31
1645175071895046000,111.5,1,111.0,113,111.5,97,1,2022-02-18 09:04:31
1645175072238211000,111.5,1,111.0,116,111.5,97,1,2022-02-18 09:04:32
1645175072623178000,111.0,1,111.0,117,111.5,107,2,2022-02-18 09:04:32
1645175073021678000,111.5,1,111.0,118,111.5,107,1,2022-02-18 09:04:33
1645175073724560000,111.5,2,111.0,119,111.5,105,1,2022-02-18 09:04:33
1645175073922849000,111.5,2,111.0,119,111.5,103,1,2022-02-18 09:04:33
1645175074451198000,111.5,3,111.0,123,111.5,101,1,2022-02-18 09:04:34
1645175074978946000,111.5,20,111.0,129,111.5,82,1,2022-02-18 09:04:34
1645175075005401000,111.5,1,111.0,129,111.5,81,1,2022-02-18 09:04:35
1645175075291583000,111.5,1,111.0,129,111.5,83,1,2022-02-18 09:04:35
1645175075311982000,111.5,50,111.0,129,111.5,33,1,2022-02-18 09:04:35
1645175076232470000,111.5,2,111.0,130,111.5,31,1,2022-02-18 09:04:36
1645175076383360000,111.5,1,111.0,130,111.5,30,1,2022-02-18 09:04:36
1645175076592054000,111.5,2,111.0,132,111.5,28,1,2022-02-18 09:04:36
1645175076667293000,111.5,1,111.0,131,111.5,27,1,2022-02-18 09:04:36
1645175076932737000,111.5,1,111.0,132,111.5,26,1,2022-02-18 09:04:36
1645175076985740000,111.5,5,111.0,132,111.5,21,1,2022-02-18 09:04:36
1645175077098065000,111.5,1,111.0,132,111.5,20,1,2022-02-18 09:04:37
1645175077169155000,111.5,2,111.0,132,111.5,19,1,2022-02-18 09:04:37
1645175077385025000,111.0,2,111.0,131,111.5,20,2,2022-02-18 09:04:37
1645175077444205000,111.5,1,111.0,131,111.5,19,1,2022-02-18 09:04:37
1645175078132805000,111.5,19,111.5,1,112.0,447,1,2022-02-18 09:04:38
1645175078165425000,111.5,1,111.0,132,112.0,447,2,2022-02-18 09:04:38
1645175078220307000,112.0,1,111.5,1,112.0,446,1,2022-02-18 09:04:38
1645175078253487000,111.5,1,111.0,141,112.0,446,2,2022-02-18 09:04:38
1645175078506815000,111.5,1,111.0,140,111.5,60,1,2022-02-18 09:04:38
1645175078557130000,111.5,1,111.0,140,111.5,59,1,2022-02-18 09:04:38
1645175078634242000,111.5,59,111.5,41,112.0,259,1,2022-02-18 09:04:38
1645175078668527000,111.5,1,111.5,40,112.0,259,2,2022-02-18 09:04:38
1645175078668554000,111.5,40,111.0,140,112.0,259,2,2022-02-18 09:04:38
1645175078744351000,111.5,1,111.0,141,112.0,259,2,2022-02-18 09:04:38
1645175078856505000,111.5,1,111.0,143,112.0,259,2,2022-02-18 09:04:38
1645175078946155000,111.5,1,111.0,144,112.0,259,2,2022-02-18 09:04:38
1645175079518674000,111.5,1,111.0,147,112.0,259,1,2022-02-18 09:04:39
1645175079908541000,111.5,1,111.0,146,112.0,259,2,2022-02-18 09:04:39
1645175080109894000,111.5,1,111.0,147,112.0,259,2,2022-02-18 09:04:40
1645175080305339000,111.5,1,111.0,147,112.0,259,1,2022-02-18 09:04:40
1645175080551140000,111.5,1,111.0,146,112.0,259,2,2022-02-18 09:04:40
1645175080607229000,111.5,2,111.5,1,112.0,259,2,2022-02-18 09:04:40
1645175080607250000,111.5,1,111.0,146,112.0,259,2,2022-02-18 09:04:40
1645175080673676000,111.5,1,111.0,145,112.0,259,2,2022-02-18 09:04:40
1645175080695344000,111.5,1,111.0,144,112.0,259,1,2022-02-18 09:04:40
1645175080752537000,111.5,1,111.0,145,112.0,259,2,2022-02-18 09:04:40
1645175081218703000,111.5,1,111.0,154,112.0,259,2,2022-02-18 09:04:41
1645175081261807000,111.5,1,111.0,153,112.0,259,2,2022-02-18 09:04:41
1645175081344432000,111.5,10,111.5,2,112.0,259,2,2022-02-18 09:04:41
1645175081344466000,111.5,2,111.0,155,112.0,259,2,2022-02-18 09:04:41
1645175081387827000,111.5,2,111.0,154,112.0,259,2,2022-02-18 09:04:41
1645175081782058000,111.5,1,111.0,154,111.5,9,1,2022-02-18 09:04:41
1645175081811396000,111.5,1,111.0,154,111.5,8,1,2022-02-18 09:04:41
1645175082179769000,111.5,1,111.0,154,111.5,7,1,2022-02-18 09:04:42
1645175082344173000,111.5,1,111.0,155,111.5,6,1,2022-02-18 09:04:42
1645175082636437000,111.5,1,111.0,155,111.5,7,1,2022-02-18 09:04:42
1645175083221944000,111.5,1,111.0,155,111.5,6,1,2022-02-18 09:04:43
1645175083305450000,111.5,3,111.0,155,111.5,5,1,2022-02-18 09:04:43
1645175083663230000,111.5,2,111.0,154,111.5,12,1,2022-02-18 09:04:43
1645175084249533000,111.5,2,111.0,147,111.5,14,1,2022-02-18 09:04:44
1645175084528228000,111.5,1,111.0,148,111.5,14,1,2022-02-18 09:04:44
1645175084545364000,111.5,2,111.0,148,111.5,12,1,2022-02-18 09:04:44
1645175084795830000,111.5,1,111.0,148,111.5,12,1,2022-02-18 09:04:44
1645175085451962000,111.5,1,111.0,151,111.5,12,1,2022-02-18 09:04:45
1645175085670996000,111.5,1,111.0,151,111.5,12,1,2022-02-18 09:04:45
1645175085933419000,111.5,1,111.0,151,111.5,11,1,2022-02-18 09:04:45
1645175086315045000,111.5,2,111.0,159,111.5,9,1,2022-02-18 09:04:46
1645175086578816000,111.5,1,111.0,160,111.5,11,1,2022-02-18 09:04:46
1645175086719038000,111.5,3,111.0,160,111.5,8,1,2022-02-18 09:04:46
1645175086848347000,111.5,1,111.0,161,111.5,7,1,2022-02-18 09:04:46
1645175087142190000,111.5,3,111.0,162,111.5,4,1,2022-02-18 09:04:47
1645175087374778000,111.5,1,111.0,162,111.5,4,1,2022-02-18 09:04:47
1645175087457696000,111.5,1,111.0,162,111.5,3,1,2022-02-18 09:04:47
1645175088154625000,111.5,1,111.0,167,111.5,2,1,2022-02-18 09:04:48
1645175088906287000,111.5,2,111.0,165,111.5,1,1,2022-02-18 09:04:48
1645175089458706000,111.5,1,111.0,165,112.0,261,1,2022-02-18 09:04:49
1645175090635812000,111.5,1,111.0,169,112.0,261,2,2022-02-18 09:04:50
1645175090673446000,111.5,3,111.5,100,112.0,261,2,2022-02-18 09:04:50
1645175090673485000,111.5,3,111.5,97,112.0,261,2,2022-02-18 09:04:50
1645175090683304000,111.5,53,111.5,44,112.0,261,2,2022-02-18 09:04:50
1645175090717265000,111.5,44,111.0,176,112.0,261,2,2022-02-18 09:04:50
1645175091572358000,111.5,1,111.5,2,112.0,410,2,2022-02-18 09:04:51
1645175091572394000,111.5,1,111.5,1,112.0,410,2,2022-02-18 09:04:51
1645175091572439000,111.5,1,111.0,178,112.0,410,2,2022-02-18 09:04:51
1645175091675281000,111.0,1,111.0,177,112.0,410,2,2022-02-18 09:04:51
1645175092666195000,111.5,1,111.0,171,111.5,4,1,2022-02-18 09:04:52
1645175092709660000,111.5,1,111.0,171,111.5,3,1,2022-02-18 09:04:52
1645175092874444000,111.5,2,111.0,171,111.5,1,1,2022-02-18 09:04:52
1645175093128688000,111.5,1,111.0,171,111.5,1,1,2022-02-18 09:04:53
1645175093645264000,111.5,1,111.0,172,111.5,6,1,2022-02-18 09:04:53
1645175093786319000,111.5,4,111.0,172,111.5,2,1,2022-02-18 09:04:53
1645175094032948000,111.5,1,111.0,172,111.5,1,1,2022-02-18 09:04:54
1645175094354811000,111.5,1,111.0,172,111.5,3,1,2022-02-18 09:04:54
1645175095202389000,111.5,1,111.0,172,111.5,5,1,2022-02-18 09:04:55
1645175096136411000,111.5,10,111.0,172,111.5,1,1,2022-02-18 09:04:56
1645175096547031000,111.5,5,111.0,172,111.5,2,1,2022-02-18 09:04:56
1645175097178425000,111.5,1,111.0,174,111.5,21,1,2022-02-18 09:04:57
1645175097360007000,111.5,1,111.0,173,111.5,20,1,2022-02-18 09:04:57
1645175097984589000,111.5,2,111.0,174,111.5,19,1,2022-02-18 09:04:57
1645175098141238000,111.0,4,111.0,171,111.5,24,2,2022-02-18 09:04:58
1645175098337614000,111.5,1,111.0,171,111.5,24,1,2022-02-18 09:04:58
1645175098560567000,111.5,3,111.0,171,111.5,21,1,2022-02-18 09:04:58
1645175098601176000,111.5,1,111.0,171,111.5,20,1,2022-02-18 09:04:58
1645175098996201000,111.5,1,111.0,171,111.5,20,1,2022-02-18 09:04:58
1645175099856851000,111.5,22,111.5,78,112.0,412,1,2022-02-18 09:04:59
1645175099901871000,111.5,1,111.5,77,112.0,412,2,2022-02-18 09:04:59
1645175100001294000,111.5,1,111.5,76,112.0,416,2,2022-02-18 09:05:00
1645175100233158000,111.5,15,111.5,61,112.0,415,2,2022-02-18 09:05:00
1645175100275540000,111.5,8,111.5,53,112.0,415,2,2022-02-18 09:05:00
1645175100427138000,111.5,30,111.5,23,112.0,415,2,2022-02-18 09:05:00
1645175100460947000,111.5,23,111.0,193,112.0,415,2,2022-02-18 09:05:00
1645175100562870000,111.0,38,111.0,155,112.0,415,2,2022-02-18 09:05:00
1645175100563936000,111.0,23,111.0,132,112.0,415,2,2022-02-18 09:05:00
1645175100734866000,111.5,5,111.0,133,112.0,417,1,2022-02-18 09:05:00
1645175100734866000,112.0,5,111.0,133,112.0,417,1,2022-02-18 09:05:00
1645175101074601000,111.5,1,111.5,9,112.0,418,1,2022-02-18 09:05:01
1645175101116532000,111.5,9,111.0,134,112.0,418,2,2022-02-18 09:05:01
1645175101844091000,111.5,1,111.0,135,111.5,2,1,2022-02-18 09:05:01
1645175103474291000,111.5,1,111.0,143,111.5,113,1,2022-02-18 09:05:03
1645175103679970000,111.5,1,111.0,143,111.5,113,1,2022-02-18 09:05:03
1645175103961671000,111.5,1,111.0,143,111.5,114,1,2022-02-18 09:05:03
1645175105114655000,111.5,1,111.0,144,111.5,120,1,2022-02-18 09:05:05
1645175105670064000,111.5,3,111.0,145,111.5,118,1,2022-02-18 09:05:05
1645175110503490000,111.5,1,111.0,154,111.5,141,1,2022-02-18 09:05:10
1645175110539203000,111.5,5,111.0,154,111.5,136,1,2022-02-18 09:05:10
1645175110559671000,111.5,2,111.0,154,111.5,134,1,2022-02-18 09:05:10
1645175110917737000,111.5,1,111.0,154,111.5,132,1,2022-02-18 09:05:10
1645175112055526000,111.5,1,111.0,154,111.5,133,1,2022-02-18 09:05:12
1645175112070463000,111.5,2,111.0,154,111.5,131,1,2022-02-18 09:05:12
1645175115327600000,111.5,1,111.0,156,111.5,66,1,2022-02-18 09:05:15
1645175115609152000,111.5,1,111.0,156,111.5,65,1,2022-02-18 09:05:15
1645175116062153000,111.5,5,111.0,157,111.5,60,1,2022-02-18 09:05:16
1645175116101714000,111.0,1,111.0,156,111.5,60,2,2022-02-18 09:05:16
1645175118448482000,111.0,1,111.0,157,111.5,66,2,2022-02-18 09:05:18
1645175118672114000,111.5,1,111.0,157,111.5,65,1,2022-02-18 09:05:18
1645175119088239000,111.5,1,111.0,158,111.5,64,1,2022-02-18 09:05:19
1645175121970299000,111.5,1,111.0,168,111.5,163,1,2022-02-18 09:05:21
1645175122451619000,111.0,3,111.0,165,111.5,159,2,2022-02-18 09:05:22
1645175122485228000,111.0,1,111.0,164,111.5,160,2,2022-02-18 09:05:22
1645175122909545000,111.5,1,111.0,164,111.5,159,1,2022-02-18 09:05:22
1645175123004410000,111.5,1,111.0,164,111.5,158,1,2022-02-18 09:05:23
1645175127498446000,111.5,1,111.0,160,111.5,160,1,2022-02-18 09:05:27
1645175129490271000,111.0,2,111.0,159,111.5,160,2,2022-02-18 09:05:29
1645175129510724000,111.0,2,111.0,157,111.5,160,2,2022-02-18 09:05:29
1645175133801249000,111.0,5,111.0,156,111.5,171,2,2022-02-18 09:05:33
1645175133910100000,111.0,8,111.0,148,111.5,164,2,2022-02-18 09:05:33
1645175133946874000,111.0,1,111.0,147,111.5,164,2,2022-02-18 09:05:33
1645175134484252000,111.5,1,111.0,147,111.5,170,1,2022-02-18 09:05:34
1645175135918710000,111.5,1,111.0,147,111.5,169,1,2022-02-18 09:05:35
1645175136441001000,111.0,2,111.0,145,111.5,169,2,2022-02-18 09:05:36
1645175136500929000,111.0,1,111.0,144,111.5,169,2,2022-02-18 09:05:36
1645175139023992000,111.0,1,111.0,146,111.5,176,2,2022-02-18 09:05:39
1645175140574148000,111.5,1,111.0,143,111.5,177,1,2022-02-18 09:05:40
1645175141717158000,111.0,3,111.0,140,111.5,176,2,2022-02-18 09:05:41
1645175141765457000,111.0,1,111.0,139,111.5,177,2,2022-02-18 09:05:41
1645175143045577000,111.0,1,111.0,138,111.5,177,2,2022-02-18 09:05:43
1645175145313589000,111.0,1,111.0,141,111.5,176,2,2022-02-18 09:05:45
1645175146496053000,111.0,1,111.0,141,111.5,176,2,2022-02-18 09:05:46
1645175148265313000,111.5,1,111.0,139,111.5,168,1,2022-02-18 09:05:48
1645175149849746000,111.0,10,111.0,129,111.5,168,2,2022-02-18 09:05:49
1645175152107760000,111.5,1,111.0,131,111.5,167,1,2022-02-18 09:05:52
1645175154008177000,111.0,1,111.0,131,111.5,166,2,2022-02-18 09:05:54
1645175155197897000,111.5,1,111.0,133,111.5,165,1,2022-02-18 09:05:55
1645175157242359000,111.0,1,111.0,132,111.5,167,2,2022-02-18 09:05:57
1645175157665337000,111.5,1,111.0,131,111.5,166,1,2022-02-18 09:05:57
1645175159076483000,111.5,1,111.0,133,111.5,166,1,2022-02-18 09:05:59
1645175160226878000,111.0,1,111.0,132,111.5,168,2,2022-02-18 09:06:00
1645175160250592000,111.0,1,111.0,131,111.5,168,2,2022-02-18 09:06:00
1645175160785879000,111.0,1,111.0,130,111.5,169,2,2022-02-18 09:06:00
1645175161020802000,111.0,12,111.0,118,111.5,169,2,2022-02-18 09:06:01
1645175167045963000,111.0,1,111.0,138,111.5,172,2,2022-02-18 09:06:07
1645175168249305000,111.0,3,111.0,137,111.5,167,2,2022-02-18 09:06:08
1645175168543431000,111.0,1,111.0,136,111.5,167,2,2022-02-18 09:06:08
1645175169423106000,111.0,1,111.0,134,111.5,171,2,2022-02-18 09:06:09
1645175171626116000,111.0,1,111.0,134,111.5,171,2,2022-02-18 09:06:11
1645175172086247000,111.0,1,111.0,133,111.5,171,2,2022-02-18 09:06:12
1645175173874156000,111.0,1,111.0,133,111.5,171,2,2022-02-18 09:06:13
1645175175780964000,111.0,1,111.0,131,111.5,172,2,2022-02-18 09:06:15
1645175177670475000,111.0,1,111.0,133,111.5,172,2,2022-02-18 09:06:17
1645175178839211000,111.0,1,111.0,127,111.5,175,2,2022-02-18 09:06:18
1645175178845072000,111.0,1,111.0,126,111.5,175,2,2022-02-18 09:06:18
1645175178868182000,111.0,25,111.0,102,111.5,176,2,2022-02-18 09:06:18
1645175178878695000,111.0,1,111.0,101,111.5,176,2,2022-02-18 09:06:18
1645175178887085000,111.0,20,111.0,81,111.5,175,2,2022-02-18 09:06:18
1645175178891416000,111.0,1,111.0,80,111.5,176,2,2022-02-18 09:06:18
1645175178897417000,111.0,1,111.0,79,111.5,176,2,2022-02-18 09:06:18
1645175178915591000,111.0,25,111.0,54,111.5,176,2,2022-02-18 09:06:18
1645175178942406000,111.0,54,110.5,122,111.5,176,2,2022-02-18 09:06:18
1645175179071319000,110.5,3,110.5,119,111.0,6,2,2022-02-18 09:06:19
1645175181761533000,110.5,7,110.5,107,111.0,81,2,2022-02-18 09:06:21
1645175182152958000,110.5,1,110.5,105,111.0,87,2,2022-02-18 09:06:22
1645175182876350000,110.5,1,110.5,104,111.0,95,2,2022-02-18 09:06:22
1645175183833455000,111.0,5,110.5,104,111.0,103,1,2022-02-18 09:06:23
1645175185103918000,110.5,9,110.5,92,111.0,120,2,2022-02-18 09:06:25
1645175185138227000,110.5,1,110.5,91,111.0,120,2,2022-02-18 09:06:25
1645175185141796000,110.5,1,110.5,90,111.0,120,2,2022-02-18 09:06:25
1645175185142065000,110.5,1,110.5,89,111.0,120,2,2022-02-18 09:06:25
1645175185757364000,110.5,1,110.5,79,111.0,120,2,2022-02-18 09:06:25
1645175185758791000,110.5,1,110.5,78,111.0,120,2,2022-02-18 09:06:25
1645175185801701000,110.5,1,110.5,76,111.0,121,2,2022-02-18 09:06:25
1645175185826939000,110.5,8,110.5,68,111.0,121,2,2022-02-18 09:06:25
1645175185991648000,110.5,1,110.5,67,111.0,122,2,2022-02-18 09:06:25
1645175186024892000,110.5,1,110.5,66,111.0,122,2,2022-02-18 09:06:26
1645175186208358000,110.5,1,110.5,65,111.0,123,2,2022-02-18 09:06:26
1645175186507285000,110.5,1,110.5,65,111.0,122,2,2022-02-18 09:06:26
1645175186528306000,110.5,6,110.5,59,111.0,122,2,2022-02-18 09:06:26
1645175186550716000,111.0,5,110.5,59,111.0,120,1,2022-02-18 09:06:26
1645175186633677000,110.5,2,110.5,58,111.0,120,2,2022-02-18 09:06:26
1645175186675451000,110.5,1,110.5,57,111.0,120,2,2022-02-18 09:06:26
1645175186675671000,110.5,1,110.5,56,111.0,120,2,2022-02-18 09:06:26
1645175186828851000,110.5,5,110.5,60,111.0,121,2,2022-02-18 09:06:26
1645175187357451000,110.5,2,110.5,58,111.0,122,2,2022-02-18 09:06:27
1645175187484877000,110.5,10,110.5,48,111.0,122,2,2022-02-18 09:06:27
1645175187851745000,110.5,1,110.5,46,111.0,123,2,2022-02-18 09:06:27
1645175187859027000,110.5,20,110.5,26,111.0,123,2,2022-02-18 09:06:27
1645175187902287000,110.5,1,110.5,25,111.0,123,2,2022-02-18 09:06:27
1645175187905544000,110.5,25,110.5,2,111.0,123,2,2022-02-18 09:06:27
1645175187932079000,110.5,2,110.0,285,111.0,123,2,2022-02-18 09:06:27
1645175187972900000,110.5,1,110.0,285,110.5,3,1,2022-02-18 09:06:27
1645175188252785000,110.0,1,110.0,284,110.5,3,2,2022-02-18 09:06:28
1645175188338664000,110.0,2,110.0,282,110.5,4,2,2022-02-18 09:06:28
1645175188369004000,110.0,1,110.0,281,110.5,4,2,2022-02-18 09:06:28
1645175188482235000,110.0,4,110.0,277,110.5,7,2,2022-02-18 09:06:28
1645175188506377000,110.0,1,110.0,276,110.5,7,2,2022-02-18 09:06:28
1645175188908606000,110.0,5,110.0,272,110.5,31,2,2022-02-18 09:06:28
1645175188948231000,110.0,1,110.0,271,110.5,32,2,2022-02-18 09:06:28
1645175188956535000,110.5,1,110.0,271,110.5,31,1,2022-02-18 09:06:28
1645175188964860000,110.0,1,110.0,270,110.5,31,2,2022-02-18 09:06:28
1645175189919319000,110.5,1,110.0,270,110.5,93,1,2022-02-18 09:06:29
1645175190804362000,110.0,1,110.0,270,110.5,128,2,2022-02-18 09:06:30
1645175190910094000,110.5,1,110.0,270,110.5,128,1,2022-02-18 09:06:30
1645175191360730000,110.0,3,110.0,266,110.5,128,2,2022-02-18 09:06:31
1645175191465613000,110.0,3,110.0,263,110.5,128,2,2022-02-18 09:06:31
1645175191510277000,110.0,1,110.0,262,110.5,128,2,2022-02-18 09:06:31
1645175191878051000,110.5,1,110.0,262,110.5,127,1,2022-02-18 09:06:31
1645175191933830000,110.5,1,110.0,262,110.5,126,1,2022-02-18 09:06:31
1645175192495126000,110.0,4,110.0,257,110.5,126,2,2022-02-18 09:06:32
1645175192825859000,110.0,5,110.0,252,110.5,126,2,2022-02-18 09:06:32
1645175192983276000,110.0,5,110.0,247,110.5,128,2,2022-02-18 09:06:32
1645175193508863000,110.5,2,110.0,247,110.5,129,1,2022-02-18 09:06:33
1645175194153889000,110.0,2,110.0,245,110.5,130,2,2022-02-18 09:06:34
1645175194544028000,110.5,1,110.0,245,110.5,129,1,2022-02-18 09:06:34
1645175197362680000,110.0,1,110.0,239,110.5,132,2,2022-02-18 09:06:37
1645175198895210000,110.0,1,110.0,228,110.5,127,2,2022-02-18 09:06:38
1645175198936954000,110.0,1,110.0,227,110.5,127,2,2022-02-18 09:06:38
1645175199132767000,110.0,1,110.0,226,110.5,127,2,2022-02-18 09:06:39
1645175199217822000,110.0,1,110.0,225,110.5,127,2,2022-02-18 09:06:39
1645175199241363000,110.0,1,110.0,224,110.5,127,2,2022-02-18 09:06:39
1645175200717985000,110.5,1,110.0,224,110.5,126,1,2022-02-18 09:06:40
1645175201615626000,110.5,10,110.0,224,110.5,117,1,2022-02-18 09:06:41
1645175202353431000,110.5,2,110.0,229,110.5,116,1,2022-02-18 09:06:42
1645175202950478000,110.5,1,110.0,229,110.5,115,1,2022-02-18 09:06:42
1645175203978350000,110.5,1,110.0,229,110.5,116,1,2022-02-18 09:06:43
1645175204153871000,110.5,1,110.0,229,110.5,165,1,2022-02-18 09:06:44
1645175204223179000,110.5,2,110.0,229,110.5,163,1,2022-02-18 09:06:44
1645175204529209000,110.0,1,110.0,228,110.5,163,2,2022-02-18 09:06:44
1645175204910321000,110.5,1,110.0,228,110.5,162,1,2022-02-18 09:06:44
1645175205761974000,110.5,2,110.0,228,110.5,160,1,2022-02-18 09:06:45
1645175209561223000,110.0,1,110.0,221,110.5,177,2,2022-02-18 09:06:49
1645175210508152000,110.0,1,110.0,220,110.5,177,2,2022-02-18 09:06:50
1645175212444663000,110.0,1,110.0,220,110.5,178,2,2022-02-18 09:06:52
1645175214734257000,110.0,1,110.0,222,110.5,182,2,2022-02-18 09:06:54
1645175215082477000,110.5,5,110.0,222,110.5,178,1,2022-02-18 09:06:55
1645175215533990000,110.0,1,110.0,221,110.5,178,2,2022-02-18 09:06:55
1645175216512105000,110.0,1,110.0,220,110.5,180,2,2022-02-18 09:06:56
1645175216539265000,110.0,1,110.0,219,110.5,180,2,2022-02-18 09:06:56
1645175216704870000,110.0,2,110.0,217,110.5,184,2,2022-02-18 09:06:56
1645175218132267000,110.0,1,110.0,217,110.5,184,2,2022-02-18 09:06:58
1645175218179815000,110.5,1,110.0,217,110.5,183,1,2022-02-18 09:06:58
1645175218475706000,110.5,1,110.0,217,110.5,182,1,2022-02-18 09:06:58
1645175219041635000,110.5,1,110.0,217,110.5,181,1,2022-02-18 09:06:59
1645175220585376000,110.5,1,110.0,217,110.5,182,1,2022-02-18 09:07:00
1645175224433736000,110.5,5,110.0,222,110.5,180,1,2022-02-18 09:07:04
1645175229051089000,110.5,1,110.0,229,110.5,182,1,2022-02-18 09:07:09
1645175230379128000,110.5,1,110.0,233,110.5,180,1,2022-02-18 09:07:10
1645175230407826000,110.5,25,110.0,233,110.5,155,1,2022-02-18 09:07:10
1645175230435468000,110.5,140,110.0,233,110.5,15,1,2022-02-18 09:07:10
1645175230467088000,110.5,15,110.0,233,111.0,76,1,2022-02-18 09:07:10
1645175230617090000,110.5,6,110.0,236,111.0,76,2,2022-02-18 09:07:10
1645175230617090000,110.0,4,110.0,236,111.0,76,2,2022-02-18 09:07:10
1645175230667761000,110.5,1,110.0,236,110.5,1,1,2022-02-18 09:07:10
1645175230689492000,110.5,1,110.0,236,111.0,77,1,2022-02-18 09:07:10
1645175232702646000,110.5,1,110.5,21,111.0,77,2,2022-02-18 09:07:12
1645175238002430000,111.0,1,110.5,58,111.0,94,1,2022-02-18 09:07:18
1645175238335283000,110.5,1,110.5,58,111.0,92,2,2022-02-18 09:07:18
1645175240047062000,110.5,1,110.5,66,111.0,94,2,2022-02-18 09:07:20
1645175241835775000,110.5,1,110.5,67,111.0,97,2,2022-02-18 09:07:21
1645175243731793000,110.5,1,110.5,87,111.0,96,2,2022-02-18 09:07:23
1645175247211785000,110.5,5,110.5,95,111.0,97,2,2022-02-18 09:07:27
1645175248179855000,111.0,5,110.5,100,111.0,92,1,2022-02-18 09:07:28
1645175251238157000,111.0,2,110.5,108,111.0,88,1,2022-02-18 09:07:31
1645175253956383000,111.0,2,110.5,112,111.0,90,1,2022-02-18 09:07:33
1645175254719760000,111.0,1,110.5,113,111.0,94,1,2022-02-18 09:07:34
1645175255054370000,111.0,1,110.5,113,111.0,93,1,2022-02-18 09:07:35
1645175259233382000,111.0,1,110.5,118,111.0,95,1,2022-02-18 09:07:39
1645175260187480000,110.5,10,110.5,108,111.0,95,2,2022-02-18 09:07:40
1645175263443342000,111.0,1,110.5,111,111.0,95,1,2022-02-18 09:07:43
1645175266312002000,110.5,3,110.5,108,111.0,97,2,2022-02-18 09:07:46
1645175269565203000,111.0,1,110.5,110,111.0,97,1,2022-02-18 09:07:49
1645175269595269000,111.0,1,110.5,110,111.0,96,1,2022-02-18 09:07:49
1645175269988741000,111.0,1,110.5,111,111.0,96,1,2022-02-18 09:07:49
1645175272578911000,110.5,3,110.5,109,111.0,100,2,2022-02-18 09:07:52
1645175273166068000,110.5,1,110.5,108,111.0,101,2,2022-02-18 09:07:53
1645175273750218000,111.0,1,110.5,108,111.0,101,1,2022-02-18 09:07:53
1645175275535206000,110.5,2,110.5,103,111.0,111,2,2022-02-18 09:07:55
1645175278774779000,110.5,1,110.5,106,111.0,115,2,2022-02-18 09:07:58
1645175281831414000,111.0,1,110.5,109,111.0,114,1,2022-02-18 09:08:01
1645175283343482000,111.0,2,110.5,109,111.0,112,1,2022-02-18 09:08:03
1645175286874236000,111.0,1,110.5,111,111.0,111,1,2022-02-18 09:08:06
1645175288566726000,111.0,1,110.5,111,111.0,122,1,2022-02-18 09:08:08
1645175289270625000,110.5,1,110.5,109,111.0,122,2,2022-02-18 09:08:09
1645175290461746000,111.0,5,110.5,110,111.0,107,1,2022-02-18 09:08:10
1645175291668541000,110.5,10,110.5,100,111.0,112,2,2022-02-18 09:08:11
1645175292176882000,110.5,2,110.5,98,111.0,112,2,2022-02-18 09:08:12
1645175293016770000,110.5,1,110.5,97,111.0,112,2,2022-02-18 09:08:13
1645175293364185000,110.5,1,110.5,96,111.0,112,2,2022-02-18 09:08:13
1645175294019412000,111.0,4,110.5,85,111.0,130,1,2022-02-18 09:08:14
1645175294116792000,111.0,2,110.5,83,111.0,107,1,2022-02-18 09:08:14
1645175294547854000,110.5,2,110.5,78,111.0,96,2,2022-02-18 09:08:14
1645175296185371000,110.5,1,110.5,78,111.0,100,2,2022-02-18 09:08:16
1645175296604033000,110.5,78,110.0,296,111.0,122,2,2022-02-18 09:08:16
1645175297741977000,110.0,5,110.0,293,110.5,29,2,2022-02-18 09:08:17
1645175297755220000,110.0,1,110.0,292,110.5,29,2,2022-02-18 09:08:17
1645175297772085000,110.0,1,110.0,291,110.5,29,2,2022-02-18 09:08:17
1645175297798063000,110.0,1,110.0,290,110.5,29,2,2022-02-18 09:08:17
1645175298954157000,110.0,1,110.0,289,110.5,30,2,2022-02-18 09:08:18
1645175299187090000,110.0,2,110.0,287,110.5,30,2,2022-02-18 09:08:19
1645175299217820000,110.0,1,110.0,286,110.5,30,2,2022-02-18 09:08:19
1645175303562493000,110.0,3,110.0,284,110.5,33,2,2022-02-18 09:08:23
1645175303605069000,110.0,1,110.0,283,110.5,33,2,2022-02-18 09:08:23
1645175303639527000,110.0,1,110.0,283,110.5,33,2,2022-02-18 09:08:23
1645175305696563000,110.0,1,110.0,284,110.5,43,2,2022-02-18 09:08:25
1645175305747705000,110.5,1,110.0,284,110.5,42,1,2022-02-18 09:08:25
1645175307706235000,110.0,2,110.0,277,110.5,65,2,2022-02-18 09:08:27
1645175309527485000,110.5,1,110.0,278,110.5,74,1,2022-02-18 09:08:29
1645175310382062000,110.0,1,110.0,277,110.5,74,2,2022-02-18 09:08:30
1645175313385593000,110.0,1,110.0,277,110.5,72,2,2022-02-18 09:08:33
1645175313428027000,110.0,1,110.0,276,110.5,72,2,2022-02-18 09:08:33
1645175314708070000,110.0,2,110.0,279,110.5,74,2,2022-02-18 09:08:34
1645175316522956000,110.5,3,110.0,283,110.5,71,1,2022-02-18 09:08:36
1645175317698343000,110.5,1,110.0,285,110.5,73,1,2022-02-18 09:08:37
1645175318941826000,110.0,1,110.0,284,110.5,73,2,2022-02-18 09:08:38
1645175319242317000,110.0,4,110.0,280,110.5,73,2,2022-02-18 09:08:39
1645175320498620000,110.0,3,110.0,280,110.5,72,2,2022-02-18 09:08:40
1645175320932498000,110.0,1,110.0,284,110.5,72,2,2022-02-18 09:08:40
1645175324807201000,110.5,1,110.0,283,110.5,77,1,2022-02-18 09:08:44
1645175325347481000,110.0,2,110.0,281,110.5,77,2,2022-02-18 09:08:45
1645175329523185000,110.0,1,110.0,278,110.5,88,2,2022-02-18 09:08:49
1645175330481016000,110.0,1,110.0,273,110.5,88,2,2022-02-18 09:08:50
1645175331859074000,110.0,3,110.0,272,110.5,91,2,2022-02-18 09:08:51
1645175332389636000,110.5,1,110.0,272,110.5,93,1,2022-02-18 09:08:52
1645175332846213000,110.0,1,110.0,271,110.5,98,2,2022-02-18 09:08:52
1645175333622387000,110.0,1,110.0,273,110.5,105,2,2022-02-18 09:08:53
1645175334855246000,110.0,1,110.0,272,110.5,105,2,2022-02-18 09:08:54
1645175334891333000,110.0,1,110.0,271,110.5,105,2,2022-02-18 09:08:54
1645175334909293000,110.0,1,110.0,270,110.5,105,2,2022-02-18 09:08:54
1645175336028522000,110.0,1,110.0,270,110.5,105,2,2022-02-18 09:08:56
1645175338257461000,110.0,4,110.0,259,110.5,107,2,2022-02-18 09:08:58
1645175338469525000,110.0,20,110.0,239,110.5,107,2,2022-02-18 09:08:58
1645175338501330000,110.0,25,110.0,214,110.5,108,2,2022-02-18 09:08:58
1645175338501355000,110.0,1,110.0,213,110.5,108,2,2022-02-18 09:08:58
1645175338508086000,110.0,1,110.0,212,110.5,108,2,2022-02-18 09:08:58
1645175338529610000,110.0,156,110.0,56,110.5,108,2,2022-02-18 09:08:58
1645175338535885000,110.0,25,110.0,31,110.5,108,2,2022-02-18 09:08:58
1645175338536513000,110.0,1,110.0,30,110.5,108,2,2022-02-18 09:08:58
1645175338560630000,110.0,30,109.5,283,110.5,108,2,2022-02-18 09:08:58
1645175338578121000,110.0,4,110.0,24,110.5,108,1,2022-02-18 09:08:58
1645175338588751000,110.0,21,110.0,3,110.5,115,2,2022-02-18 09:08:58
1645175338615372000,110.0,3,110.0,1,110.5,115,2,2022-02-18 09:08:58
1645175338633179000,110.0,1,109.5,166,110.0,1,2,2022-02-18 09:08:58
1645175338634994000,109.5,3,109.5,163,110.0,1,2,2022-02-18 09:08:58
1645175338637014000,109.5,2,109.5,161,110.0,1,2,2022-02-18 09:08:58
1645175338639742000,109.5,1,109.5,160,110.0,1,2,2022-02-18 09:08:58
1645175338642512000,109.5,1,109.5,159,110.0,1,2,2022-02-18 09:08:58
1645175338647316000,109.5,1,109.5,158,110.0,2,2,2022-02-18 09:08:58
1645175338649245000,109.5,1,109.5,160,110.0,2,2,2022-02-18 09:08:58
1645175338654008000,109.5,1,109.5,159,110.0,3,2,2022-02-18 09:08:58
1645175338656164000,109.5,1,109.5,158,110.0,3,2,2022-02-18 09:08:58
1645175338658119000,110.0,1,109.5,158,110.0,2,1,2022-02-18 09:08:58
1645175338658628000,109.5,1,109.5,157,110.0,2,2,2022-02-18 09:08:58
1645175338670829000,109.5,1,109.5,156,110.0,24,2,2022-02-18 09:08:58
1645175338673208000,109.5,1,109.5,155,110.0,24,2,2022-02-18 09:08:58
1645175338674611000,109.5,1,109.5,154,110.0,24,2,2022-02-18 09:08:58
1645175338691551000,109.5,1,109.5,151,110.0,25,2,2022-02-18 09:08:58
1645175338737000000,109.5,2,109.5,148,110.0,25,2,2022-02-18 09:08:58
1645175338810963000,110.0,3,109.5,149,110.0,22,1,2022-02-18 09:08:58
1645175338831463000,109.5,1,109.5,148,110.0,22,2,2022-02-18 09:08:58
1645175338911793000,109.5,1,109.5,147,110.0,23,2,2022-02-18 09:08:58
1645175339192943000,109.5,1,109.5,146,110.0,43,2,2022-02-18 09:08:59
1645175339206557000,109.5,1,109.5,145,110.0,43,2,2022-02-18 09:08:59
1645175339241966000,109.5,1,109.5,143,110.0,48,2,2022-02-18 09:08:59
1645175339270890000,109.5,1,109.5,142,110.0,48,2,2022-02-18 09:08:59
1645175339289542000,109.5,1,109.5,141,110.0,48,2,2022-02-18 09:08:59
1645175339326491000,109.5,1,109.5,140,110.0,48,2,2022-02-18 09:08:59
1645175339463072000,109.5,1,109.5,139,110.0,50,2,2022-02-18 09:08:59
1645175339672051000,110.0,9,109.5,138,110.0,42,1,2022-02-18 09:08:59
1645175340140887000,110.0,1,109.5,138,110.0,41,1,2022-02-18 09:09:00
1645175342085885000,110.0,1,109.5,138,110.0,41,1,2022-02-18 09:09:02
1645175345082600000,109.5,1,109.5,134,110.0,56,2,2022-02-18 09:09:05
1645175345872128000,109.5,9,109.5,125,110.0,60,2,2022-02-18 09:09:05
1645175346402237000,109.5,7,109.5,118,110.0,61,2,2022-02-18 09:09:06
1645175346826956000,110.0,3,109.5,118,110.0,58,1,2022-02-18 09:09:06
1645175347096490000,109.5,10,109.5,108,110.0,58,2,2022-02-18 09:09:07
1645175347128624000,109.5,1,109.5,107,110.0,58,2,2022-02-18 09:09:07
1645175347130200000,109.5,1,109.5,106,110.0,58,2,2022-02-18 09:09:07
1645175347196175000,109.5,1,109.5,105,110.0,58,2,2022-02-18 09:09:07
1645175347288215000,110.0,1,109.5,105,110.0,58,1,2022-02-18 09:09:07
1645175347581000000,110.0,10,109.5,105,110.0,49,1,2022-02-18 09:09:07
1645175348966111000,109.5,9,109.5,97,110.0,50,2,2022-02-18 09:09:08
1645175350082083000,110.0,2,109.5,100,110.0,74,1,2022-02-18 09:09:10
1645175350149081000,109.5,1,109.5,99,110.0,74,2,2022-02-18 09:09:10
1645175350749092000,109.5,1,109.5,97,110.0,78,2,2022-02-18 09:09:10
1645175351032785000,110.0,1,109.5,107,110.0,86,1,2022-02-18 09:09:11
1645175352786797000,109.5,6,109.5,104,110.0,73,2,2022-02-18 09:09:12
1645175353715084000,109.5,1,109.5,113,110.0,75,2,2022-02-18 09:09:13
1645175355511670000,109.5,3,109.5,111,110.0,87,2,2022-02-18 09:09:15
1645175355618413000,109.5,1,109.5,110,110.0,87,2,2022-02-18 09:09:15
1645175356537737000,109.5,1,109.5,109,110.0,88,2,2022-02-18 09:09:16
1645175357262165000,110.0,1,109.5,110,110.0,103,1,2022-02-18 09:09:17
1645175357578837000,109.5,1,109.5,110,110.0,103,2,2022-02-18 09:09:17
1645175357984034000,109.5,4,109.5,106,110.0,103,2,2022-02-18 09:09:17
1645175358011524000,109.5,1,109.5,105,110.0,103,2,2022-02-18 09:09:18
1645175358187095000,109.5,2,109.5,103,110.0,103,2,2022-02-18 09:09:18
1645175358868085000,109.5,2,109.5,101,110.0,104,2,2022-02-18 09:09:18
1645175358985422000,109.5,1,109.5,100,110.0,110,2,2022-02-18 09:09:18
1645175359273233000,109.5,7,109.5,96,110.0,110,2,2022-02-18 09:09:19
1645175359458032000,109.5,1,109.5,95,110.0,109,2,2022-02-18 09:09:19
1645175359501756000,109.5,1,109.5,95,110.0,109,2,2022-02-18 09:09:19
1645175359632259000,110.0,12,109.5,95,110.0,97,1,2022-02-18 09:09:19
1645175359712172000,109.5,1,109.5,94,110.0,97,2,2022-02-18 09:09:19
1645175360127790000,109.5,1,109.5,96,110.0,97,2,2022-02-18 09:09:20
1645175360173786000,109.5,2,109.5,94,110.0,97,2,2022-02-18 09:09:20
1645175360213135000,109.5,1,109.5,93,110.0,97,2,2022-02-18 09:09:20
1645175360246660000,109.5,9,109.5,84,110.0,97,2,2022-02-18 09:09:20
1645175361115074000,109.5,4,109.5,80,110.0,97,2,2022-02-18 09:09:21
1645175361229424000,109.5,1,109.5,79,110.0,97,2,2022-02-18 09:09:21
1645175361339978000,110.0,1,109.5,79,110.0,96,1,2022-02-18 09:09:21
1645175361471173000,109.5,2,109.5,77,110.0,96,2,2022-02-18 09:09:21
1645175361568950000,109.5,1,109.5,77,110.0,96,2,2022-02-18 09:09:21
1645175361619846000,109.5,10,109.5,67,110.0,96,2,2022-02-18 09:09:21
1645175361654334000,109.5,1,109.5,66,110.0,96,2,2022-02-18 09:09:21
1645175361656252000,109.5,1,109.5,65,110.0,96,2,2022-02-18 09:09:21
1645175362009770000,109.5,10,109.5,61,110.0,96,2,2022-02-18 09:09:22
1645175362035339000,109.5,1,109.5,60,110.0,96,2,2022-02-18 09:09:22
1645175362300777000,109.5,2,109.5,58,110.0,96,2,2022-02-18 09:09:22
1645175362354146000,109.5,3,109.5,55,110.0,96,2,2022-02-18 09:09:22
1645175362576477000,110.0,1,109.5,55,110.0,96,1,2022-02-18 09:09:22
1645175362596271000,109.5,8,109.5,47,110.0,96,2,2022-02-18 09:09:22
1645175362641209000,109.5,3,109.5,66,110.0,96,2,2022-02-18 09:09:22
1645175362678718000,109.5,1,109.5,67,110.0,96,2,2022-02-18 09:09:22
1645175362817121000,109.5,1,109.5,66,110.0,96,2,2022-02-18 09:09:22
1645175362960163000,109.5,2,109.5,64,110.0,96,2,2022-02-18 09:09:22
1645175363217480000,109.5,1,109.5,63,110.0,81,2,2022-02-18 09:09:23
1645175363241029000,109.5,3,109.5,60,110.0,81,2,2022-02-18 09:09:23
1645175363313218000,109.5,5,109.5,55,110.0,76,2,2022-02-18 09:09:23
1645175363357954000,109.5,1,109.5,54,110.0,76,2,2022-02-18 09:09:23
1645175363361843000,110.0,12,109.5,54,110.0,64,1,2022-02-18 09:09:23
1645175363516728000,109.5,1,109.5,39,110.0,65,2,2022-02-18 09:09:23
1645175363597863000,109.5,1,109.5,38,110.0,65,2,2022-02-18 09:09:23
1645175363662268000,109.5,1,109.5,38,110.0,65,2,2022-02-18 09:09:23
1645175363829039000,109.5,3,109.5,35,110.0,65,2,2022-02-18 09:09:23
1645175363963397000,109.5,2,109.5,33,110.0,65,2,2022-02-18 09:09:23
1645175364007802000,109.5,4,109.5,29,110.0,65,2,2022-02-18 09:09:24
1645175364239466000,109.5,1,109.5,28,110.0,68,2,2022-02-18 09:09:24
1645175364254863000,109.5,3,109.5,25,110.0,68,2,2022-02-18 09:09:24
1645175364303361000,109.5,3,109.5,22,110.0,68,2,2022-02-18 09:09:24
1645175364310980000,109.5,10,109.5,12,110.0,68,2,2022-02-18 09:09:24
1645175364375047000,109.5,1,109.5,11,110.0,67,2,2022-02-18 09:09:24
1645175364639115000,109.5,2,109.5,16,110.0,67,2,2022-02-18 09:09:24
1645175364763587000,109.5,3,109.5,13,110.0,67,2,2022-02-18 09:09:24
1645175364933938000,109.5,1,109.5,12,110.0,68,2,2022-02-18 09:09:24
1645175364998755000,109.5,1,109.5,18,110.0,68,2,2022-02-18 09:09:24
1645175365165463000,109.5,1,109.5,15,110.0,68,2,2022-02-18 09:09:25
1645175365195002000,109.5,1,109.5,14,110.0,68,2,2022-02-18 09:09:25
1645175365383917000,109.5,1,109.5,12,110.0,69,2,2022-02-18 09:09:25
1645175365464016000,109.5,1,109.5,11,110.0,69,2,2022-02-18 09:09:25
1645175365499806000,109.5,1,109.5,10,110.0,68,2,2022-02-18 09:09:25
1645175365557831000,110.0,1,109.5,10,110.0,67,1,2022-02-18 09:09:25
1645175365567207000,109.5,3,109.5,7,110.0,61,2,2022-02-18 09:09:25
1645175365618496000,109.5,9,109.0,372,109.5,6,2,2022-02-18 09:09:25
1645175365652875000,109.5,6,109.0,272,110.0,61,1,2022-02-18 09:09:25
1645175365797099000,109.5,2,109.0,296,110.0,62,2,2022-02-18 09:09:25
1645175366067901000,109.5,1,109.0,296,110.0,62,1,2022-02-18 09:09:26
1645175366084312000,109.5,1,109.0,296,109.5,1,2,2022-02-18 09:09:26
1645175366100495000,109.5,1,109.5,1,110.0,62,1,2022-02-18 09:09:26
1645175366469213000,109.5,1,109.5,18,110.0,66,2,2022-02-18 09:09:26
1645175367156367000,109.5,1,109.5,23,110.0,68,2,2022-02-18 09:09:27
1645175367417523000,109.5,1,109.5,22,110.0,68,2,2022-02-18 09:09:27
1645175367503177000,109.5,4,109.5,18,110.0,69,2,2022-02-18 09:09:27
1645175367759431000,109.5,6,109.5,17,110.0,70,2,2022-02-18 09:09:27
1645175368282933000,109.5,3,109.5,18,110.0,70,2,2022-02-18 09:09:28
1645175368621465000,109.5,3,109.5,17,110.0,71,2,2022-02-18 09:09:28
1645175369238532000,109.5,1,109.5,21,110.0,71,2,2022-02-18 09:09:29
1645175369408888000,109.5,2,109.5,22,110.0,71,2,2022-02-18 09:09:29
1645175369418998000,109.5,1,109.5,21,110.0,71,2,2022-02-18 09:09:29
1645175369554528000,109.5,1,109.5,25,110.0,71,2,2022-02-18 09:09:29
1645175369731121000,109.5,16,109.5,20,110.0,71,2,2022-02-18 09:09:29
1645175369783175000,109.5,20,109.5,17,110.0,71,2,2022-02-18 09:09:29
1645175370159269000,109.5,1,109.5,19,110.0,71,2,2022-02-18 09:09:30
1645175370953601000,109.5,1,109.5,24,110.0,73,2,2022-02-18 09:09:30
1645175371102700000,109.5,2,109.5,22,110.0,73,2,2022-02-18 09:09:31
1645175371346882000,109.5,1,109.5,21,110.0,72,2,2022-02-18 09:09:31
1645175371556831000,109.5,1,109.5,24,110.0,73,2,2022-02-18 09:09:31
1645175371962604000,109.5,5,109.5,20,110.0,76,2,2022-02-18 09:09:31
1645175372492188000,109.5,1,109.5,5,110.0,77,2,2022-02-18 09:09:32
1645175372632183000,110.0,22,109.5,5,110.0,55,1,2022-02-18 09:09:32
1645175374400087000,109.5,1,109.5,93,110.0,56,2,2022-02-18 09:09:34
1645175374548723000,109.5,1,109.5,94,110.0,56,2,2022-02-18 09:09:34
1645175376173705000,109.5,1,109.5,100,110.0,58,2,2022-02-18 09:09:36
1645175377268382000,109.5,1,109.5,112,110.0,60,2,2022-02-18 09:09:37
1645175378236864000,110.0,1,109.5,114,110.0,60,1,2022-02-18 09:09:38
1645175378591657000,109.5,3,109.5,111,110.0,60,2,2022-02-18 09:09:38
1645175380307309000,110.0,1,109.5,115,110.0,109,1,2022-02-18 09:09:40
1645175380515262000,110.0,1,109.5,114,110.0,109,1,2022-02-18 09:09:40
1645175380951084000,110.0,9,109.5,125,110.0,100,1,2022-02-18 09:09:40
1645175382024928000,109.5,1,109.5,126,110.0,102,2,2022-02-18 09:09:42
1645175382461441000,109.5,14,109.5,112,110.0,106,2,2022-02-18 09:09:42
1645175382486208000,109.5,1,109.5,111,110.0,106,2,2022-02-18 09:09:42
1645175382486472000,109.5,1,109.5,110,110.0,106,2,2022-02-18 09:09:42
1645175382487696000,109.5,1,109.5,109,110.0,106,2,2022-02-18 09:09:42
1645175383725542000,109.5,5,109.5,95,110.0,108,2,2022-02-18 09:09:43
1645175383948124000,109.5,1,109.5,94,110.0,108,2,2022-02-18 09:09:43
1645175384431636000,109.5,1,109.5,94,110.0,108,2,2022-02-18 09:09:44
1645175385197635000,109.5,1,109.5,96,110.0,109,2,2022-02-18 09:09:45
1645175386186545000,109.5,1,109.5,96,110.0,109,2,2022-02-18 09:09:46
1645175387638723000,109.5,15,109.5,119,110.0,109,2,2022-02-18 09:09:47
1645175389828583000,109.5,15,109.5,107,110.0,109,2,2022-02-18 09:09:49
1645175390556238000,109.5,1,109.5,156,110.0,108,2,2022-02-18 09:09:50
1645175390581303000,110.0,2,109.5,156,110.0,106,1,2022-02-18 09:09:50
1645175390692410000,110.0,18,109.5,145,110.0,88,1,2022-02-18 09:09:50
1645175392312262000,109.5,1,109.5,150,110.0,95,2,2022-02-18 09:09:52
1645175392612250000,109.5,1,109.5,149,110.0,94,2,2022-02-18 09:09:52
1645175393485837000,109.5,1,109.5,151,110.0,92,2,2022-02-18 09:09:53
1645175393963805000,109.5,1,109.5,150,110.0,93,2,2022-02-18 09:09:53
1645175394376162000,110.0,1,109.5,150,110.0,92,1,2022-02-18 09:09:54
1645175395319145000,109.5,1,109.5,152,110.0,92,2,2022-02-18 09:09:55
1645175398116223000,109.5,1,109.5,163,110.0,98,2,2022-02-18 09:09:58
1645175398117993000,109.5,2,109.5,161,110.0,98,2,2022-02-18 09:09:58
1645175398120093000,109.5,2,109.5,159,110.0,98,2,2022-02-18 09:09:58
1645175400601898000,109.5,16,109.5,152,110.0,102,2,2022-02-18 09:10:00
1645175400636392000,109.5,1,109.5,150,110.0,102,2,2022-02-18 09:10:00
1645175400636409000,109.5,1,109.5,149,110.0,102,2,2022-02-18 09:10:00
1645175400665205000,109.5,1,109.5,148,110.0,102,2,2022-02-18 09:10:00
1645175403438082000,109.5,1,109.5,151,110.0,107,2,2022-02-18 09:10:03
1645175403953623000,109.5,1,109.5,150,110.0,113,2,2022-02-18 09:10:03
1645175404885800000,109.5,10,109.5,141,110.0,113,2,2022-02-18 09:10:04
1645175404929805000,109.5,1,109.5,140,110.0,113,2,2022-02-18 09:10:04
1645175404934741000,109.5,1,109.5,139,110.0,113,2,2022-02-18 09:10:04
1645175405215840000,109.5,1,109.5,138,110.0,114,2,2022-02-18 09:10:05
1645175406558930000,109.5,1,109.5,149,110.0,115,2,2022-02-18 09:10:06
1645175406968083000,109.5,1,109.5,150,110.0,116,2,2022-02-18 09:10:06
1645175406993705000,109.5,1,109.5,149,110.0,116,2,2022-02-18 09:10:06
1645175407050311000,109.5,1,109.5,148,110.0,117,2,2022-02-18 09:10:07
1645175407962806000,109.5,1,109.5,144,110.0,117,2,2022-02-18 09:10:07
1645175408043491000,110.0,1,109.5,144,110.0,116,1,2022-02-18 09:10:08
1645175409928281000,109.5,5,109.5,142,110.0,116,2,2022-02-18 09:10:09
1645175410054151000,109.5,1,109.5,141,110.0,117,2,2022-02-18 09:10:10
1645175410232776000,110.0,1,109.5,141,110.0,116,1,2022-02-18 09:10:10
1645175414634543000,109.5,1,109.5,138,110.0,122,2,2022-02-18 09:10:14
1645175414806876000,109.5,3,109.5,136,110.0,122,2,2022-02-18 09:10:14
1645175414837109000,109.5,4,109.5,132,110.0,122,2,2022-02-18 09:10:14
1645175414845932000,109.5,1,109.5,131,110.0,122,2,2022-02-18 09:10:14
1645175415470300000,109.5,1,109.5,132,110.0,123,2,2022-02-18 09:10:15
1645175415871082000,110.0,1,109.5,132,110.0,122,1,2022-02-18 09:10:15
1645175416631017000,109.5,15,109.5,116,110.0,122,2,2022-02-18 09:10:16
1645175416696945000,109.5,1,109.5,115,110.0,122,2,2022-02-18 09:10:16
1645175417563390000,109.5,1,109.5,120,110.0,126,2,2022-02-18 09:10:17
1645175418403872000,109.5,1,109.5,119,110.0,125,2,2022-02-18 09:10:18
1645175418444682000,109.5,1,109.5,119,110.0,125,2,2022-02-18 09:10:18
1645175418845653000,109.5,1,109.5,118,110.0,125,2,2022-02-18 09:10:18
1645175419077160000,109.5,1,109.5,117,110.0,125,2,2022-02-18 09:10:19
1645175419284676000,109.5,1,109.5,116,110.0,125,2,2022-02-18 09:10:19
1645175420107483000,109.5,2,109.5,117,110.0,125,2,2022-02-18 09:10:20
1645175420824651000,109.5,1,109.5,117,110.0,126,2,2022-02-18 09:10:20
1645175421040143000,109.5,1,109.5,116,110.0,126,2,2022-02-18 09:10:21
1645175421237465000,109.5,1,109.5,115,110.0,126,2,2022-02-18 09:10:21
1645175421434003000,109.5,1,109.5,135,110.0,127,2,2022-02-18 09:10:21
1645175421865061000,109.5,1,109.5,135,110.0,130,2,2022-02-18 09:10:21
1645175421996537000,109.5,1,109.5,135,110.0,130,2,2022-02-18 09:10:21
1645175422162781000,109.5,10,109.5,126,110.0,130,2,2022-02-18 09:10:22
1645175422968046000,109.5,2,109.5,127,110.0,143,2,2022-02-18 09:10:22
1645175423339110000,109.5,1,109.5,126,110.0,143,2,2022-02-18 09:10:23
1645175424376098000,109.5,1,109.5,130,110.0,144,2,2022-02-18 09:10:24
1645175424461076000,109.5,10,109.5,121,110.0,144,2,2022-02-18 09:10:24
1645175424579228000,109.5,4,109.5,117,110.0,144,2,2022-02-18 09:10:24
1645175426561766000,109.5,1,109.5,116,110.0,144,2,2022-02-18 09:10:26
1645175426562762000,109.5,2,109.5,114,110.0,144,2,2022-02-18 09:10:26
1645175426713246000,109.5,2,109.5,112,110.0,144,2,2022-02-18 09:10:26
1645175427730807000,109.5,1,109.5,111,110.0,146,2,2022-02-18 09:10:27
1645175427971278000,109.5,1,109.5,110,110.0,146,2,2022-02-18 09:10:27
1645175428699262000,109.5,1,109.5,110,110.0,147,2,2022-02-18 09:10:28
1645175428842110000,109.5,1,109.5,109,110.0,148,2,2022-02-18 09:10:28
1645175429462679000,109.5,1,109.5,108,110.0,148,2,2022-02-18 09:10:29
1645175429796960000,109.5,1,109.5,107,110.0,147,2,2022-02-18 09:10:29
1645175429918579000,109.5,1,109.5,106,110.0,147,2,2022-02-18 09:10:29
1645175430043465000,109.5,1,109.5,105,110.0,147,2,2022-02-18 09:10:30
1645175430463561000,109.5,1,109.5,94,110.0,147,2,2022-02-18 09:10:30
1645175430713236000,109.5,2,109.5,92,110.0,147,2,2022-02-18 09:10:30
1645175431223726000,109.5,20,109.5,72,110.0,147,2,2022-02-18 09:10:31
1645175431224097000,109.5,4,109.5,68,110.0,147,2,2022-02-18 09:10:31
1645175431253539000,109.5,50,109.5,18,110.0,149,2,2022-02-18 09:10:31
1645175431256662000,109.5,1,109.5,17,110.0,149,2,2022-02-18 09:10:31
1645175431257566000,109.5,17,109.0,300,110.0,149,2,2022-02-18 09:10:31
1645175431286291000,109.5,1,109.0,300,110.0,150,2,2022-02-18 09:10:31
1645175431366392000,109.5,1,109.0,300,110.0,169,2,2022-02-18 09:10:31
1645175431637472000,109.0,1,109.0,299,109.5,1,2,2022-02-18 09:10:31
1645175431690805000,109.0,2,109.0,297,109.5,1,2,2022-02-18 09:10:31
1645175431884467000,109.5,1,109.0,296,109.5,2,1,2022-02-18 09:10:31
1645175432291048000,109.0,1,109.0,294,109.5,2,2,2022-02-18 09:10:32
1645175432338902000,109.5,3,109.5,14,110.0,169,1,2022-02-18 09:10:32
1645175432699749000,109.5,3,109.5,17,110.0,150,2,2022-02-18 09:10:32
1645175433211588000,109.5,2,109.5,18,110.0,150,2,2022-02-18 09:10:33
1645175433216446000,109.5,1,109.5,17,110.0,150,2,2022-02-18 09:10:33
1645175433400984000,109.5,1,109.5,16,110.0,150,2,2022-02-18 09:10:33
1645175433438348000,109.5,2,109.5,15,110.0,150,2,2022-02-18 09:10:33
1645175433673629000,109.5,3,109.5,12,110.0,150,2,2022-02-18 09:10:33
1645175434618476000,109.5,3,109.5,10,110.0,150,2,2022-02-18 09:10:34
1645175434810466000,109.5,1,109.5,9,110.0,150,2,2022-02-18 09:10:34
1645175434898075000,109.5,1,109.5,8,110.0,150,2,2022-02-18 09:10:34
1645175434920066000,109.5,3,109.5,5,110.0,150,2,2022-02-18 09:10:34
1645175435002507000,109.5,1,109.5,4,110.0,150,2,2022-02-18 09:10:35
1645175435068031000,109.5,1,109.5,3,110.0,150,2,2022-02-18 09:10:35
1645175435718135000,109.5,1,109.5,3,110.0,172,2,2022-02-18 09:10:35
1645175435783677000,109.5,2,109.5,1,110.0,173,2,2022-02-18 09:10:35
1645175436288532000,109.5,1,109.0,295,110.0,173,2,2022-02-18 09:10:36
1645175436490848000,109.5,1,109.0,295,110.0,180,2,2022-02-18 09:10:36
1645175437075447000,109.5,1,109.5,3,110.0,181,2,2022-02-18 09:10:37
1645175437126892000,109.5,3,109.0,288,110.0,181,2,2022-02-18 09:10:37
1645175438995439000,109.0,1,109.0,290,109.5,9,2,2022-02-18 09:10:38
1645175439457022000,109.5,3,109.0,289,109.5,19,1,2022-02-18 09:10:39
1645175439828680000,109.5,1,109.0,288,109.5,19,1,2022-02-18 09:10:39
1645175440611925000,109.5,1,109.0,289,109.5,18,1,2022-02-18 09:10:40
1645175441476757000,109.5,1,109.0,290,109.5,21,1,2022-02-18 09:10:41
1645175443368128000,109.5,1,109.0,290,109.5,79,1,2022-02-18 09:10:43
1645175443440099000,109.0,1,109.0,289,109.5,79,2,2022-02-18 09:10:43
1645175444020992000,109.0,10,109.0,278,109.5,80,2,2022-02-18 09:10:44
1645175444136279000,109.5,1,109.0,278,109.5,79,1,2022-02-18 09:10:44
1645175444147054000,109.0,2,109.0,276,109.5,79,2,2022-02-18 09:10:44
1645175444440084000,109.5,1,109.0,276,109.5,78,1,2022-02-18 09:10:44
1645175444711842000,109.5,2,109.0,276,109.5,76,1,2022-02-18 09:10:44
1645175445208655000,109.0,1,109.0,275,109.5,76,2,2022-02-18 09:10:45
1645175450798929000,109.5,10,109.0,250,109.5,76,1,2022-02-18 09:10:50
1645175451903125000,109.5,5,109.0,231,109.5,71,1,2022-02-18 09:10:51
1645175452202021000,109.5,12,109.0,232,109.5,59,1,2022-02-18 09:10:52
1645175453073360000,109.5,2,109.0,232,109.5,58,1,2022-02-18 09:10:53
1645175454118769000,109.5,1,109.0,232,109.5,57,1,2022-02-18 09:10:54
1645175454363548000,109.5,1,109.0,232,109.5,56,1,2022-02-18 09:10:54
1645175454755046000,109.5,1,109.0,232,109.5,57,1,2022-02-18 09:10:54
1645175455018627000,109.5,1,109.0,232,109.5,56,1,2022-02-18 09:10:55
1645175456422372000,109.5,1,109.0,233,109.5,56,1,2022-02-18 09:10:56
1645175456599870000,109.5,1,109.0,233,109.5,55,1,2022-02-18 09:10:56
1645175457069901000,109.0,1,109.0,232,109.5,55,2,2022-02-18 09:10:57
1645175457087678000,109.5,1,109.0,232,109.5,54,1,2022-02-18 09:10:57
1645175459471029000,109.5,1,109.0,251,109.5,60,1,2022-02-18 09:10:59
1645175460221917000,109.5,1,109.0,251,109.5,60,1,2022-02-18 09:11:00
1645175460847186000,109.5,1,109.0,252,109.5,58,1,2022-02-18 09:11:00
1645175461435856000,109.0,1,109.0,251,109.5,59,2,2022-02-18 09:11:01
1645175468393814000,109.0,1,109.0,247,109.5,182,2,2022-02-18 09:11:08
1645175468544090000,109.5,1,109.0,247,109.5,181,1,2022-02-18 09:11:08
1645175468553737000,109.0,1,109.0,246,109.5,181,2,2022-02-18 09:11:08
1645175470274344000,109.5,10,109.0,259,109.5,173,1,2022-02-18 09:11:10
1645175470508268000,109.0,4,109.0,255,109.5,173,2,2022-02-18 09:11:10
1645175470966784000,109.0,1,109.0,237,109.5,173,2,2022-02-18 09:11:10
1645175471001624000,109.0,1,109.0,236,109.5,173,2,2022-02-18 09:11:11
1645175471247905000,109.0,1,109.0,240,109.5,173,2,2022-02-18 09:11:11
1645175471299708000,109.0,1,109.0,239,109.5,173,2,2022-02-18 09:11:11
1645175471303215000,109.0,1,109.0,238,109.5,173,2,2022-02-18 09:11:11
1645175475309706000,109.0,2,109.0,294,109.5,179,2,2022-02-18 09:11:15
1645175475633248000,109.0,1,109.0,293,109.5,179,2,2022-02-18 09:11:15
1645175476928485000,109.0,2,109.0,296,109.5,180,2,2022-02-18 09:11:16
1645175478395698000,109.0,3,109.0,292,109.5,181,2,2022-02-18 09:11:18
1645175479971559000,109.0,1,109.0,294,109.5,184,2,2022-02-18 09:11:19
1645175480492426000,109.0,1,109.0,299,109.5,184,2,2022-02-18 09:11:20
1645175480820642000,109.0,1,109.0,298,109.5,184,2,2022-02-18 09:11:20
1645175482530693000,109.5,2,109.0,298,109.5,182,1,2022-02-18 09:11:22
1645175482618415000,109.0,1,109.0,297,109.5,182,2,2022-02-18 09:11:22
1645175482623257000,109.0,2,109.0,295,109.5,182,2,2022-02-18 09:11:22
1645175483283674000,109.5,1,109.0,295,109.5,181,1,2022-02-18 09:11:23
1645175484310490000,109.5,1,109.0,294,109.5,230,1,2022-02-18 09:11:24
1645175485334526000,109.0,1,109.0,294,109.5,230,2,2022-02-18 09:11:25
1645175485560171000,109.0,1,109.0,294,109.5,230,2,2022-02-18 09:11:25
1645175486196554000,109.5,1,109.0,274,109.5,230,1,2022-02-18 09:11:26
1645175488132421000,109.5,1,109.0,275,109.5,231,1,2022-02-18 09:11:28
1645175488371341000,109.5,4,109.0,275,109.5,228,1,2022-02-18 09:11:28
1645175488849951000,109.5,1,109.0,281,109.5,227,1,2022-02-18 09:11:28
1645175489888239000,109.0,5,109.0,278,109.5,227,2,2022-02-18 09:11:29
1645175489913517000,109.0,1,109.0,277,109.5,227,2,2022-02-18 09:11:29
1645175489920980000,109.0,1,109.0,276,109.5,227,2,2022-02-18 09:11:29
1645175491631955000,109.5,1,109.0,276,109.5,226,1,2022-02-18 09:11:31
1645175495536843000,109.5,15,109.0,276,109.5,216,1,2022-02-18 09:11:35
1645175496923525000,109.5,1,109.0,277,109.5,215,1,2022-02-18 09:11:36
1645175497283191000,109.0,1,109.0,276,109.5,216,2,2022-02-18 09:11:37
1645175497320360000,109.0,1,109.0,275,109.5,216,2,2022-02-18 09:11:37
1645175497376733000,109.0,1,109.0,274,109.5,216,2,2022-02-18 09:11:37
1645175497408528000,109.0,1,109.0,273,109.5,216,2,2022-02-18 09:11:37
1645175498754769000,109.5,1,109.0,274,109.5,218,1,2022-02-18 09:11:38
1645175501317337000,109.5,1,109.0,275,109.5,220,1,2022-02-18 09:11:41
1645175503364670000,109.5,5,109.0,276,109.5,218,1,2022-02-18 09:11:43
1645175503985025000,109.5,2,109.0,276,109.5,217,1,2022-02-18 09:11:43
1645175504006161000,109.5,1,109.0,276,109.5,216,1,2022-02-18 09:11:44
1645175505712320000,109.5,3,109.0,278,109.5,214,1,2022-02-18 09:11:45
1645175508603142000,109.5,4,109.0,284,109.5,213,1,2022-02-18 09:11:48
1645175509396677000,109.5,10,109.0,284,109.5,204,1,2022-02-18 09:11:49
1645175509424394000,109.5,25,109.0,284,109.5,179,1,2022-02-18 09:11:49
1645175509463470000,109.5,84,109.0,284,109.5,95,1,2022-02-18 09:11:49
1645175509496279000,109.5,95,109.0,284,110.0,179,1,2022-02-18 09:11:49
1645175509544079000,110.0,1,109.0,291,110.0,171,1,2022-02-18 09:11:49
1645175509572800000,109.5,3,109.0,291,110.0,171,1,2022-02-18 09:11:49
1645175516090846000,109.5,1,109.5,82,110.0,170,2,2022-02-18 09:11:56
1645175518393412000,110.0,1,109.5,87,110.0,168,1,2022-02-18 09:11:58
1645175518404238000,110.0,41,109.5,92,110.0,127,1,2022-02-18 09:11:58
1645175518433250000,110.0,25,109.5,88,110.0,102,1,2022-02-18 09:11:58
1645175520103453000,110.0,1,109.5,101,110.0,101,1,2022-02-18 09:12:00
1645175520241365000,110.0,2,109.5,101,110.0,99,1,2022-02-18 09:12:00
1645175521001330000,110.0,1,109.5,102,110.0,98,1,2022-02-18 09:12:01
1645175521293960000,110.0,1,109.5,102,110.0,97,1,2022-02-18 09:12:01
1645175521298017000,110.0,1,109.5,102,110.0,96,1,2022-02-18 09:12:01
1645175523252205000,110.0,50,109.5,104,110.0,48,1,2022-02-18 09:12:03
1645175524581072000,110.0,1,109.5,105,110.0,48,1,2022-02-18 09:12:04
1645175524824533000,110.0,1,109.5,107,110.0,46,1,2022-02-18 09:12:04
1645175524849658000,110.0,1,109.5,107,110.0,45,1,2022-02-18 09:12:04
1645175524888599000,110.0,2,109.5,107,110.0,43,1,2022-02-18 09:12:04
1645175524952186000,110.0,1,109.5,107,110.0,42,1,2022-02-18 09:12:04
1645175524968283000,110.0,1,109.5,107,110.0,41,1,2022-02-18 09:12:04
1645175524984252000,110.0,25,109.5,107,110.0,16,1,2022-02-18 09:12:04
1645175525037892000,110.0,1,109.5,107,110.0,15,1,2022-02-18 09:12:05
1645175525221623000,110.0,1,109.5,107,110.0,14,1,2022-02-18 09:12:05
1645175525244270000,110.0,1,109.5,107,110.0,13,1,2022-02-18 09:12:05
1645175525461791000,110.0,2,109.5,105,110.0,11,1,2022-02-18 09:12:05
1645175525568592000,110.0,1,109.5,106,110.0,10,1,2022-02-18 09:12:05
1645175525643128000,110.0,1,109.5,106,110.0,9,1,2022-02-18 09:12:05
1645175525663006000,110.0,1,109.5,106,110.0,8,1,2022-02-18 09:12:05
1645175525879517000,110.0,1,109.5,116,110.0,7,1,2022-02-18 09:12:05
1645175525910143000,110.0,1,109.5,116,110.0,6,1,2022-02-18 09:12:05
1645175525999642000,110.0,1,109.5,115,110.0,5,1,2022-02-18 09:12:05
1645175526232104000,110.0,1,109.5,115,110.0,4,1,2022-02-18 09:12:06
1645175526307656000,109.5,1,109.5,114,110.0,4,2,2022-02-18 09:12:06
1645175526349809000,110.0,1,109.5,115,110.0,3,1,2022-02-18 09:12:06
1645175526580942000,110.0,3,110.0,2,110.5,152,1,2022-02-18 09:12:06
1645175532650675000,110.0,1,110.0,39,110.5,155,2,2022-02-18 09:12:12
1645175534657140000,110.0,1,110.0,38,110.5,154,2,2022-02-18 09:12:14
1645175536900590000,110.0,1,110.0,48,110.5,155,2,2022-02-18 09:12:16
1645175537148035000,110.0,1,110.0,47,110.5,155,2,2022-02-18 09:12:17
1645175537430049000,110.0,1,110.0,46,110.5,155,2,2022-02-18 09:12:17
1645175537529892000,110.0,1,110.0,45,110.5,155,2,2022-02-18 09:12:17
1645175538257404000,110.0,1,110.0,50,110.5,155,2,2022-02-18 09:12:18
1645175540230267000,110.0,1,110.0,59,110.5,154,2,2022-02-18 09:12:20
1645175541940519000,110.0,1,110.0,59,110.5,152,2,2022-02-18 09:12:21
1645175542497754000,110.0,59,109.5,105,110.5,155,2,2022-02-18 09:12:22
1645175542581124000,110.0,2,109.5,86,110.5,176,2,2022-02-18 09:12:22
1645175542756249000,110.0,1,109.5,86,110.0,3,1,2022-02-18 09:12:22
1645175543388583000,109.5,14,109.5,72,110.0,3,2,2022-02-18 09:12:23
1645175543429423000,109.5,1,109.5,71,110.0,3,2,2022-02-18 09:12:23
1645175543430289000,109.5,1,109.5,70,110.0,3,2,2022-02-18 09:12:23
1645175544122161000,109.5,1,109.5,69,110.0,18,2,2022-02-18 09:12:24
1645175549298208000,110.0,3,109.5,68,110.0,27,1,2022-02-18 09:12:29
1645175550751358000,110.0,2,109.5,65,110.0,26,1,2022-02-18 09:12:30
1645175556159991000,110.0,5,109.5,71,110.0,43,1,2022-02-18 09:12:36
1645175559179992000,110.0,1,109.5,70,110.0,44,1,2022-02-18 09:12:39
1645175559869967000,110.0,1,109.5,71,110.0,43,1,2022-02-18 09:12:39
1645175560469560000,110.0,2,109.5,71,110.0,27,1,2022-02-18 09:12:40
1645175562477064000,110.0,1,109.5,73,110.0,29,1,2022-02-18 09:12:42
1645175562481200000,110.0,1,109.5,73,110.0,28,1,2022-02-18 09:12:42
1645175562557690000,110.0,1,109.5,73,110.0,27,1,2022-02-18 09:12:42
1645175562677274000,110.0,1,109.5,73,110.0,26,1,2022-02-18 09:12:42
1645175565829917000,110.0,1,109.5,76,110.0,26,1,2022-02-18 09:12:45
1645175565891515000,110.0,1,109.5,76,110.0,25,1,2022-02-18 09:12:45
1645175566010309000,110.0,1,109.5,76,110.0,24,1,2022-02-18 09:12:46
1645175566530460000,110.0,1,109.5,76,110.0,23,1,2022-02-18 09:12:46
1645175566645134000,110.0,5,109.5,76,110.0,18,1,2022-02-18 09:12:46
1645175567240625000,109.5,10,109.5,66,110.0,18,2,2022-02-18 09:12:47
1645175567275893000,109.5,66,109.0,341,110.0,18,2,2022-02-18 09:12:47
1645175568023628000,109.5,5,109.0,341,109.5,7,1,2022-02-18 09:12:48
1645175568263513000,109.5,1,109.0,341,109.5,6,1,2022-02-18 09:12:48
1645175569933680000,109.0,1,109.0,344,109.5,56,2,2022-02-18 09:12:49
1645175570270371000,109.5,1,109.0,348,109.5,55,1,2022-02-18 09:12:50
1645175570374585000,109.5,1,109.0,348,109.5,54,1,2022-02-18 09:12:50
1645175570435660000,109.0,1,109.0,347,109.5,54,2,2022-02-18 09:12:50
1645175570576138000,109.0,2,109.0,345,109.5,54,2,2022-02-18 09:12:50
1645175571181567000,109.5,1,109.0,344,109.5,67,1,2022-02-18 09:12:51
1645175571215967000,109.5,1,109.0,344,109.5,66,1,2022-02-18 09:12:51
1645175572235423000,109.5,1,109.0,344,109.5,51,1,2022-02-18 09:12:52
1645175574295258000,109.5,5,109.0,363,109.5,47,1,2022-02-18 09:12:54
1645175574938059000,109.5,1,109.0,363,109.5,46,1,2022-02-18 09:12:54
1645175577699536000,109.5,2,109.0,365,110.0,23,1,2022-02-18 09:12:57
1645175577753293000,110.0,2,109.0,365,110.0,44,1,2022-02-18 09:12:57
1645175579439267000,109.5,1,109.0,368,110.0,95,2,2022-02-18 09:12:59
1645175579818505000,110.0,1,109.0,368,110.0,98,1,2022-02-18 09:12:59
1645175582194700000,109.5,5,109.0,364,109.5,45,2,2022-02-18 09:13:02
1645175582570577000,109.0,1,109.0,363,109.5,45,2,2022-02-18 09:13:02
1645175583971177000,109.5,2,109.0,353,109.5,43,1,2022-02-18 09:13:03
1645175584485904000,109.5,2,109.0,353,109.5,41,1,2022-02-18 09:13:04
1645175585437619000,109.5,5,109.0,354,109.5,37,1,2022-02-18 09:13:05
1645175589052115000,109.5,1,109.0,355,109.5,37,1,2022-02-18 09:13:09
1645175589087901000,109.0,1,109.0,354,109.5,37,2,2022-02-18 09:13:09
1645175589140211000,109.0,1,109.0,353,109.5,37,2,2022-02-18 09:13:09
1645175590265519000,109.5,1,109.0,354,109.5,37,1,2022-02-18 09:13:10
1645175591487326000,109.5,1,109.0,356,109.5,37,1,2022-02-18 09:13:11
1645175595477034000,109.5,1,109.0,361,109.5,37,1,2022-02-18 09:13:15
1645175596982154000,109.5,1,109.0,360,109.5,52,1,2022-02-18 09:13:16
1645175597561903000,109.5,4,109.0,361,109.5,48,1,2022-02-18 09:13:17
1645175601137376000,109.5,49,109.5,1,110.0,169,1,2022-02-18 09:13:21
1645175601441030000,109.5,1,109.0,365,110.0,174,2,2022-02-18 09:13:21
1645175603270014000,109.5,1,109.5,2,110.0,174,2,2022-02-18 09:13:23
1645175603551461000,109.5,1,109.5,1,110.0,174,2,2022-02-18 09:13:23
1645175604588478000,109.5,3,109.5,6,110.0,174,2,2022-02-18 09:13:24
1645175605746788000,109.5,1,109.5,8,110.0,175,2,2022-02-18 09:13:25
1645175606348361000,109.5,5,109.5,6,110.0,175,2,2022-02-18 09:13:26
1645175607003116000,109.5,2,109.5,8,110.0,175,2,2022-02-18 09:13:27
1645175607721163000,110.0,1,109.5,13,110.0,174,1,2022-02-18 09:13:27
1645175615354647000,109.5,5,109.5,22,110.0,169,2,2022-02-18 09:13:35
1645175617084606000,109.5,1,109.5,34,110.0,167,2,2022-02-18 09:13:37
1645175618197473000,109.5,1,109.5,38,110.0,168,2,2022-02-18 09:13:38
1645175621698981000,109.5,1,109.5,39,110.0,170,2,2022-02-18 09:13:41
1645175622391970000,109.5,1,109.5,40,110.0,170,2,2022-02-18 09:13:42
1645175623136262000,109.5,1,109.5,59,110.0,169,2,2022-02-18 09:13:43
1645175625438574000,109.5,1,109.5,62,110.0,166,2,2022-02-18 09:13:45
1645175636166222000,109.5,2,109.5,120,110.0,152,2,2022-02-18 09:13:56
1645175638289551000,109.5,1,109.5,121,110.0,155,2,2022-02-18 09:13:58
1645175639336923000,109.5,1,109.5,120,110.0,155,2,2022-02-18 09:13:59
1645175640812968000,109.5,1,109.5,120,110.0,155,2,2022-02-18 09:14:00
1645175643025093000,109.5,5,109.5,117,110.0,155,2,2022-02-18 09:14:03
1645175645602413000,110.0,1,109.5,125,110.0,154,1,2022-02-18 09:14:05
1645175646056965000,109.5,1,109.5,125,110.0,154,2,2022-02-18 09:14:06
1645175657417410000,109.5,1,109.5,169,110.0,156,2,2022-02-18 09:14:17
1645175668922351000,109.5,1,109.5,179,110.0,160,2,2022-02-18 09:14:28
1645175669351391000,109.5,1,109.5,178,110.0,160,2,2022-02-18 09:14:29
1645175669632753000,109.5,1,109.5,177,110.0,160,2,2022-02-18 09:14:29
1645175673714712000,109.5,10,109.5,170,110.0,160,2,2022-02-18 09:14:33
1645175679240645000,110.0,1,109.5,172,110.0,161,1,2022-02-18 09:14:39
1645175679868024000,109.5,1,109.5,171,110.0,160,2,2022-02-18 09:14:39
1645175683452549000,110.0,1,109.5,178,110.0,159,1,2022-02-18 09:14:43
1645175683907931000,109.5,1,109.5,177,110.0,159,2,2022-02-18 09:14:43
1645175684983799000,110.0,1,109.5,177,110.0,158,1,2022-02-18 09:14:44
1645175690394387000,110.0,10,109.5,198,110.0,101,1,2022-02-18 09:14:50
1645175690944969000,110.0,2,109.5,196,110.0,99,1,2022-02-18 09:14:50
1645175691140182000,110.0,1,109.5,196,110.0,98,1,2022-02-18 09:14:51
1645175691396116000,109.5,1,109.5,195,110.0,97,2,2022-02-18 09:14:51
1645175692384952000,109.5,1,109.5,196,110.0,96,2,2022-02-18 09:14:52
1645175693549634000,110.0,50,109.5,196,110.0,46,1,2022-02-18 09:14:53
1645175694055147000,110.0,1,109.5,206,110.0,45,1,2022-02-18 09:14:54
1645175694293011000,110.0,5,109.5,206,110.0,40,1,2022-02-18 09:14:54
1645175694632653000,110.0,10,109.5,207,110.0,30,1,2022-02-18 09:14:54
1645175694723857000,110.0,1,109.5,207,110.0,29,1,2022-02-18 09:14:54
1645175695507214000,110.0,29,110.0,11,110.5,170,1,2022-02-18 09:14:55
1645175696116022000,110.5,4,110.0,13,110.5,165,1,2022-02-18 09:14:56
1645175701479869000,110.0,6,110.0,42,110.5,165,2,2022-02-18 09:15:01
1645175701577294000,110.0,1,110.0,41,110.5,165,2,2022-02-18 09:15:01
1645175701901047000,110.0,16,110.0,25,110.5,165,2,2022-02-18 09:15:01
1645175701924191000,110.0,25,109.5,227,110.5,165,2,2022-02-18 09:15:01
1645175701979860000,110.0,1,109.5,226,110.0,25,1,2022-02-18 09:15:01
1645175702041877000,110.0,1,109.5,225,110.0,24,1,2022-02-18 09:15:02
1645175702730612000,109.5,16,109.5,205,110.0,24,2,2022-02-18 09:15:02
1645175702762976000,109.5,1,109.5,204,110.0,26,2,2022-02-18 09:15:02
1645175702765416000,109.5,1,109.5,203,110.0,26,2,2022-02-18 09:15:02
1645175702901223000,110.0,1,109.5,203,110.0,25,1,2022-02-18 09:15:02
1645175703346560000,110.0,2,109.5,203,110.0,24,1,2022-02-18 09:15:03
1645175703571582000,110.0,1,109.5,203,110.0,24,1,2022-02-18 09:15:03
1645175704247875000,110.0,1,109.5,203,110.0,24,1,2022-02-18 09:15:04
1645175705328313000,110.0,1,109.5,205,110.0,25,1,2022-02-18 09:15:05
1645175705853521000,110.0,1,109.5,205,110.0,48,1,2022-02-18 09:15:05
1645175706129278000,110.0,1,109.5,205,110.0,30,1,2022-02-18 09:15:06
1645175706360688000,110.0,1,109.5,205,110.0,31,1,2022-02-18 09:15:06
1645175706737059000,110.0,1,109.5,206,110.0,30,1,2022-02-18 09:15:06
1645175707833452000,110.0,1,109.5,205,110.0,17,1,2022-02-18 09:15:07
1645175708057195000,110.0,1,109.5,208,110.0,17,1,2022-02-18 09:15:08
1645175708251302000,110.0,5,109.5,208,110.0,13,1,2022-02-18 09:15:08
1645175709165572000,110.0,1,109.5,209,110.0,12,1,2022-02-18 09:15:09
1645175709406383000,110.0,1,109.5,209,110.0,11,1,2022-02-18 09:15:09
1645175709600351000,110.0,2,109.5,209,110.0,9,1,2022-02-18 09:15:09
1645175709950312000,110.0,1,109.5,219,110.0,8,1,2022-02-18 09:15:09
1645175710661579000,110.0,1,109.5,219,110.0,7,1,2022-02-18 09:15:10
1645175711215961000,110.0,1,109.5,219,110.0,16,1,2022-02-18 09:15:11
1645175711483684000,110.0,2,109.5,219,110.0,15,1,2022-02-18 09:15:11
1645175711661672000,110.0,1,109.5,219,110.0,14,1,2022-02-18 09:15:11
1645175711856502000,110.0,1,109.5,219,110.0,13,1,2022-02-18 09:15:11
1645175712157176000,110.0,1,109.5,219,110.0,12,1,2022-02-18 09:15:12
1645175712699244000,110.0,1,109.5,220,110.0,11,1,2022-02-18 09:15:12
1645175712732121000,110.0,11,109.5,220,110.5,165,1,2022-02-18 09:15:12
1645175712989023000,110.0,5,109.5,221,110.5,189,2,2022-02-18 09:15:12
1645175713678376000,110.0,1,109.5,223,110.5,189,1,2022-02-18 09:15:13
1645175714434733000,110.0,1,109.5,224,110.5,189,2,2022-02-18 09:15:14
1645175714480248000,110.0,1,109.5,223,110.5,182,2,2022-02-18 09:15:14
1645175714999893000,110.0,1,109.5,224,110.5,182,2,2022-02-18 09:15:14
1645175715450897000,110.0,1,110.0,8,110.5,182,2,2022-02-18 09:15:15
1645175715471442000,110.0,8,109.5,225,110.5,182,2,2022-02-18 09:15:15
1645175716346936000,109.5,3,109.5,222,110.5,192,2,2022-02-18 09:15:16
1645175716389324000,110.0,1,110.0,1,110.5,192,2,2022-02-18 09:15:16
1645175716389351000,110.0,1,109.5,222,110.5,192,2,2022-02-18 09:15:16
1645175716536908000,110.0,1,109.5,226,110.5,192,2,2022-02-18 09:15:16
1645175717100814000,110.5,1,109.5,226,110.5,191,1,2022-02-18 09:15:17
1645175717609232000,110.0,1,110.0,1,110.5,191,1,2022-02-18 09:15:17
1645175717636518000,110.0,1,109.5,231,110.5,191,2,2022-02-18 09:15:17
1645175718129173000,110.0,1,109.5,257,110.5,191,2,2022-02-18 09:15:18
1645175718689326000,110.0,1,109.5,257,110.5,191,2,2022-02-18 09:15:18
1645175719525248000,110.0,1,109.5,258,110.5,191,2,2022-02-18 09:15:19
1645175719809642000,110.0,1,109.5,257,110.5,191,2,2022-02-18 09:15:19
1645175720236378000,109.5,1,109.5,257,110.5,191,2,2022-02-18 09:15:20
1645175721168648000,110.0,1,109.5,260,110.5,191,1,2022-02-18 09:15:21
1645175722472192000,110.0,1,109.5,259,110.5,189,1,2022-02-18 09:15:22
1645175723261748000,110.0,1,109.5,259,110.5,189,2,2022-02-18 09:15:23
1645175723591068000,110.5,1,109.5,259,110.5,188,1,2022-02-18 09:15:23
1645175724407347000,110.0,1,109.5,260,110.5,188,2,2022-02-18 09:15:24
1645175727225250000,110.0,1,109.5,264,110.5,192,1,2022-02-18 09:15:27
1645175727286580000,110.0,1,109.5,264,110.5,192,2,2022-02-18 09:15:27
1645175728205145000,110.0,2,109.5,399,110.5,179,2,2022-02-18 09:15:28
1645175728777974000,110.0,1,109.5,398,110.5,179,2,2022-02-18 09:15:28
1645175728936680000,110.0,1,109.5,399,110.5,179,2,2022-02-18 09:15:28
1645175731489399000,110.0,1,109.5,419,110.0,1,1,2022-02-18 09:15:31
1645175731527476000,110.0,1,109.5,419,110.5,179,1,2022-02-18 09:15:31
1645175732187045000,110.0,1,109.5,418,110.5,179,2,2022-02-18 09:15:32
1645175732396758000,110.0,1,109.5,417,110.5,179,2,2022-02-18 09:15:32
1645175732559839000,110.0,1,109.5,419,110.5,179,2,2022-02-18 09:15:32
1645175734512447000,110.0,1,110.0,1,110.5,182,2,2022-02-18 09:15:34
1645175734535111000,110.0,1,109.5,421,110.5,182,2,2022-02-18 09:15:34
1645175735288681000,110.0,1,109.5,422,110.5,183,1,2022-02-18 09:15:35
1645175735443719000,110.0,1,109.5,423,110.5,183,1,2022-02-18 09:15:35
1645175735700558000,110.0,1,110.0,2,110.5,183,2,2022-02-18 09:15:35
1645175741269867000,110.0,1,110.0,14,110.5,175,2,2022-02-18 09:15:41
1645175746254834000,110.0,3,110.0,20,110.5,158,2,2022-02-18 09:15:46
1645175746874967000,110.0,1,110.0,21,110.5,159,2,2022-02-18 09:15:46
1645175749787684000,110.0,1,110.0,23,110.5,160,2,2022-02-18 09:15:49
1645175750868406000,110.0,1,110.0,22,110.5,160,2,2022-02-18 09:15:50
1645175752712968000,110.5,1,110.0,22,110.5,159,1,2022-02-18 09:15:52
1645175753732753000,110.0,1,110.0,21,110.5,159,2,2022-02-18 09:15:53
1645175754683570000,110.5,1,110.0,21,110.5,158,1,2022-02-18 09:15:54
1645175756092076000,110.0,2,110.0,19,110.5,159,2,2022-02-18 09:15:56
1645175756661633000,110.0,2,110.0,17,110.5,159,2,2022-02-18 09:15:56
1645175759032961000,110.0,2,110.0,38,110.5,159,2,2022-02-18 09:15:59
1645175764956250000,110.0,1,110.0,44,110.5,164,2,2022-02-18 09:16:04
1645175770928219000,110.0,1,110.0,53,110.5,165,2,2022-02-18 09:16:10
1645175788126438000,110.0,2,110.0,103,110.5,165,2,2022-02-18 09:16:28
1645175790367224000,110.0,1,110.0,102,110.5,166,2,2022-02-18 09:16:30
1645175790865436000,110.5,1,110.0,103,110.5,165,1,2022-02-18 09:16:30
1645175791828993000,110.0,1,110.0,105,110.5,165,2,2022-02-18 09:16:31
1645175794131678000,110.0,4,110.0,101,110.5,165,2,2022-02-18 09:16:34
1645175801514123000,110.0,1,110.0,103,110.5,168,2,2022-02-18 09:16:41
1645175801795539000,110.0,1,110.0,102,110.5,168,2,2022-02-18 09:16:41
1645175803375904000,110.0,1,110.0,101,110.5,169,2,2022-02-18 09:16:43
1645175803615871000,110.0,2,110.0,99,110.5,169,2,2022-02-18 09:16:43
1645175810505074000,110.0,1,110.0,106,110.5,171,2,2022-02-18 09:16:50
1645175816033188000,110.0,1,110.0,105,110.5,173,2,2022-02-18 09:16:56
1645175820082977000,110.0,3,110.0,108,110.5,174,2,2022-02-18 09:17:00
1645175820105655000,110.0,1,110.0,107,110.5,174,2,2022-02-18 09:17:00
1645175820993179000,110.0,1,110.0,106,110.5,174,2,2022-02-18 09:17:00
1645175828805978000,110.0,1,110.0,106,110.5,174,2,2022-02-18 09:17:08
1645175838768504000,110.0,1,110.0,113,110.5,178,2,2022-02-18 09:17:18
1645175842230323000,110.0,1,110.0,114,110.5,176,2,2022-02-18 09:17:22
1645175846473083000,110.0,1,110.0,118,110.5,176,2,2022-02-18 09:17:26
1645175848112882000,110.0,1,110.0,117,110.5,175,2,2022-02-18 09:17:28
1645175850452151000,110.0,2,110.0,115,110.5,175,2,2022-02-18 09:17:30
1645175855383881000,110.0,1,110.0,115,110.5,175,2,2022-02-18 09:17:35
1645175864010308000,110.0,2,110.0,115,110.5,178,2,2022-02-18 09:17:44
1645175864039156000,110.0,25,110.0,90,110.5,178,2,2022-02-18 09:17:44
1645175865792775000,110.0,2,110.0,88,110.5,179,2,2022-02-18 09:17:45
1645175865820526000,110.0,25,110.0,63,110.5,179,2,2022-02-18 09:17:45
1645175865847318000,110.0,63,109.5,425,110.5,179,2,2022-02-18 09:17:45
1645175865986537000,109.5,3,109.5,423,110.0,2,2,2022-02-18 09:17:45
1645175867534895000,110.0,1,109.5,413,110.0,54,1,2022-02-18 09:17:47
1645175867617403000,109.5,1,109.5,412,110.0,54,2,2022-02-18 09:17:47
1645175867667110000,109.5,1,109.5,411,110.0,55,2,2022-02-18 09:17:47
1645175872119457000,110.0,10,109.5,412,110.0,61,1,2022-02-18 09:17:52
1645175876500401000,110.0,5,109.5,412,110.0,59,1,2022-02-18 09:17:56
1645175877768594000,110.0,1,109.5,411,110.0,66,1,2022-02-18 09:17:57
1645175877851739000,110.0,1,109.5,411,110.0,65,1,2022-02-18 09:17:57
1645175879236099000,109.5,1,109.5,410,110.0,65,2,2022-02-18 09:17:59
1645175891788231000,110.0,1,109.5,408,110.0,87,1,2022-02-18 09:18:11
1645175898479078000,110.0,1,109.5,408,110.0,87,1,2022-02-18 09:18:18
1645175899374730000,110.0,1,109.5,408,110.0,86,1,2022-02-18 09:18:19
1645175900900653000,110.0,1,109.5,410,110.0,85,1,2022-02-18 09:18:20
1645175906668477000,109.5,1,109.5,406,110.0,72,2,2022-02-18 09:18:26
1645175906671561000,109.5,1,109.5,405,110.0,72,2,2022-02-18 09:18:26
1645175906904280000,109.5,1,109.5,404,110.0,72,2,2022-02-18 09:18:26
1645175907515800000,109.5,1,109.5,403,110.0,71,2,2022-02-18 09:18:27
1645175913484593000,109.5,1,109.5,401,110.0,65,2,2022-02-18 09:18:33
1645175914715383000,110.0,5,109.5,401,110.0,60,1,2022-02-18 09:18:34
1645175917756482000,110.0,1,109.5,401,110.0,60,1,2022-02-18 09:18:37
1645175918947012000,110.0,1,109.5,401,110.0,59,1,2022-02-18 09:18:38
1645175919127159000,110.0,1,109.5,401,110.0,58,1,2022-02-18 09:18:39
1645175921412288000,110.0,1,109.5,405,110.0,56,1,2022-02-18 09:18:41
1645175922635620000,109.5,1,109.5,405,110.0,55,2,2022-02-18 09:18:42
1645175922663375000,109.5,1,109.5,404,110.0,55,2,2022-02-18 09:18:42
1645175923850378000,110.0,1,109.5,404,110.0,54,1,2022-02-18 09:18:43
1645175927699058000,109.5,4,109.5,401,110.0,54,2,2022-02-18 09:18:47
1645175927736768000,109.5,1,109.5,400,110.0,54,2,2022-02-18 09:18:47
1645175927737594000,109.5,1,109.5,399,110.0,54,2,2022-02-18 09:18:47
1645175929552149000,110.0,1,109.5,399,110.0,53,1,2022-02-18 09:18:49
1645175932681872000,109.5,1,109.5,398,110.0,53,2,2022-02-18 09:18:52
1645175933012811000,110.0,1,109.5,398,110.0,52,1,2022-02-18 09:18:53
1645175933401077000,109.5,1,109.5,397,110.0,52,2,2022-02-18 09:18:53
1645175934512785000,110.0,1,109.5,398,110.0,52,1,2022-02-18 09:18:54
1645175938493354000,110.0,1,109.5,403,110.0,54,1,2022-02-18 09:18:58
1645175939655568000,110.0,1,109.5,403,110.0,54,1,2022-02-18 09:18:59
1645175943751757000,110.0,5,109.5,409,110.0,52,1,2022-02-18 09:19:03
1645175944369208000,109.5,1,109.5,408,110.0,52,2,2022-02-18 09:19:04
1645175946441862000,110.0,1,109.5,408,110.0,51,1,2022-02-18 09:19:06
1645175948675295000,110.0,12,109.5,408,110.0,40,1,2022-02-18 09:19:08
1645175949256483000,110.0,1,109.5,408,110.0,35,1,2022-02-18 09:19:09
1645175949812792000,110.0,5,109.5,403,110.0,29,1,2022-02-18 09:19:09
1645175950111789000,109.5,1,109.5,402,110.0,29,2,2022-02-18 09:19:10
1645175950500907000,110.0,29,110.0,15,110.5,206,1,2022-02-18 09:19:10
1645175956385173000,110.5,2,110.0,178,110.5,209,1,2022-02-18 09:19:16
1645175959711943000,110.5,5,110.0,233,110.5,167,1,2022-02-18 09:19:19
1645175963366925000,110.5,2,110.0,234,110.5,165,1,2022-02-18 09:19:23
1645175964144074000,110.5,3,110.0,235,110.5,162,1,2022-02-18 09:19:24
1645175966510640000,110.5,2,110.0,258,110.5,158,1,2022-02-18 09:19:26
1645175967317713000,110.5,1,110.0,265,110.5,157,1,2022-02-18 09:19:27
1645175968334032000,110.5,1,110.0,266,110.5,157,1,2022-02-18 09:19:28
1645175968942958000,110.5,1,110.0,267,110.5,156,1,2022-02-18 09:19:28
1645175974916406000,110.5,1,110.0,293,110.5,150,1,2022-02-18 09:19:34
1645175975792720000,110.5,3,110.0,293,110.5,148,1,2022-02-18 09:19:35
1645175976053377000,110.5,1,110.0,293,110.5,147,1,2022-02-18 09:19:36
1645175977942318000,110.5,10,110.0,294,110.5,137,1,2022-02-18 09:19:37
1645175979206611000,110.5,137,110.5,31,111.0,207,1,2022-02-18 09:19:39
1645175980968284000,111.0,1,110.5,34,111.0,185,1,2022-02-18 09:19:40
1645175981008448000,111.0,1,110.5,34,111.0,184,1,2022-02-18 09:19:41
1645175981008886000,111.0,2,110.5,34,111.0,182,1,2022-02-18 09:19:41
1645175981009717000,111.0,1,110.5,34,111.0,181,1,2022-02-18 09:19:41
1645175982489027000,111.0,1,110.5,64,111.0,181,1,2022-02-18 09:19:42
1645175983204621000,111.0,1,110.5,65,111.0,179,1,2022-02-18 09:19:43
1645175984267629000,111.0,1,110.5,64,111.0,205,1,2022-02-18 09:19:44
1645175985480084000,111.0,2,110.5,65,111.0,202,1,2022-02-18 09:19:45
1645175985972925000,110.5,1,110.5,66,111.0,202,2,2022-02-18 09:19:45
1645175986472932000,111.0,1,110.5,66,111.0,201,1,2022-02-18 09:19:46
1645175987084338000,111.0,1,110.5,69,111.0,200,1,2022-02-18 09:19:47
1645175988480508000,111.0,1,110.5,70,111.0,199,1,2022-02-18 09:19:48
1645175990646454000,111.0,1,110.5,71,111.0,198,1,2022-02-18 09:19:50
1645175993339915000,111.0,2,110.5,73,111.0,190,1,2022-02-18 09:19:53
1645175995506358000,111.0,1,110.5,75,111.0,190,1,2022-02-18 09:19:55
1645175996388297000,111.0,1,110.5,75,111.0,189,1,2022-02-18 09:19:56
1645175996491606000,110.5,1,110.5,74,111.0,189,2,2022-02-18 09:19:56
1645175996920986000,111.0,1,110.5,75,111.0,188,1,2022-02-18 09:19:56
1645175998697115000,110.5,1,110.5,75,111.0,178,2,2022-02-18 09:19:58
1645175999146098000,111.0,1,110.5,75,111.0,177,1,2022-02-18 09:19:59
1645175999416674000,110.5,1,110.5,74,111.0,177,2,2022-02-18 09:19:59
1645176002519417000,111.0,1,110.5,103,111.0,166,1,2022-02-18 09:20:02
1645176007474071000,111.0,1,110.5,128,111.0,174,1,2022-02-18 09:20:07
1645176007792199000,111.0,1,110.5,128,111.0,173,1,2022-02-18 09:20:07
1645176010002262000,110.5,1,110.5,131,111.0,172,2,2022-02-18 09:20:10
1645176010084095000,111.0,1,110.5,131,111.0,170,1,2022-02-18 09:20:10
1645176012966011000,111.0,2,110.5,144,111.0,162,1,2022-02-18 09:20:12
1645176014079108000,111.0,2,110.5,144,111.0,163,1,2022-02-18 09:20:14
1645176014102981000,111.0,1,110.5,144,111.0,162,1,2022-02-18 09:20:14
1645176014826199000,111.0,5,110.5,145,111.0,157,1,2022-02-18 09:20:14
1645176015587203000,111.0,1,110.5,144,111.0,156,1,2022-02-18 09:20:15
1645176018550533000,111.0,1,110.5,144,111.0,144,1,2022-02-18 09:20:18
1645176019778971000,111.0,1,110.5,145,111.0,143,1,2022-02-18 09:20:19
1645176023137558000,111.0,1,110.5,148,111.0,145,1,2022-02-18 09:20:23
1645176024469665000,111.0,1,110.5,153,111.0,145,1,2022-02-18 09:20:24
1645176024643447000,111.0,5,110.5,153,111.0,140,1,2022-02-18 09:20:24
1645176025247759000,111.0,1,110.5,154,111.0,139,1,2022-02-18 09:20:25
1645176026192342000,111.0,1,110.5,155,111.0,137,1,2022-02-18 09:20:26
1645176026572124000,111.0,1,110.5,155,111.0,136,1,2022-02-18 09:20:26
1645176027091663000,111.0,1,110.5,155,111.0,139,1,2022-02-18 09:20:27
1645176027589784000,111.0,1,110.5,155,111.0,138,1,2022-02-18 09:20:27
