ts,close,volume,bid_price,bid_volume,ask_price,ask_volume,tick_type,datetime
1645174928916750000,50.0,910,50.0,188,50.1,33,1,2022-02-18 09:02:08
1645174929105050000,50.1,4,50.0,191,50.1,29,1,2022-02-18 09:02:09
1645174929153503000,50.1,3,50.0,191,50.1,26,1,2022-02-18 09:02:09
1645174929181532000,50.1,7,50.0,191,50.1,19,1,2022-02-18 09:02:09
1645174929240690000,50.0,2,50.0,189,50.1,19,2,2022-02-18 09:02:09
1645174929526928000,50.0,1,50.0,189,50.1,19,2,2022-02-18 09:02:09
1645174929720288000,50.0,6,50.0,183,50.1,21,2,2022-02-18 09:02:09
1645174929832074000,50.1,2,50.0,183,50.1,19,1,2022-02-18 09:02:09
1645174929972651000,50.1,4,50.0,183,50.1,15,1,2022-02-18 09:02:09
1645174929977749000,50.1,4,50.0,183,50.1,11,1,2022-02-18 09:02:09
1645174930137691000,50.0,10,50.0,173,50.1,11,2,2022-02-18 09:02:10
1645174930175037000,50.1,11,50.0,173,50.2,18,1,2022-02-18 09:02:10
1645174930199186000,50.0,10,50.0,163,50.2,18,2,2022-02-18 09:02:10
1645174930199460000,50.0,2,50.0,161,50.2,18,2,2022-02-18 09:02:10
1645174930335598000,50.0,20,50.0,141,50.2,18,2,2022-02-18 09:02:10
1645174930342842000,50.0,50,50.0,91,50.2,18,2,2022-02-18 09:02:10
1645174930349762000,50.0,40,50.0,51,50.2,18,2,2022-02-18 09:02:10
1645174930378546000,50.2,18,50.0,51,50.3,19,1,2022-02-18 09:02:10
1645174930546977000,50.1,1,50.0,51,50.1,2,1,2022-02-18 09:02:10
1645174930609864000,50.1,1,50.0,51,50.1,1,1,2022-02-18 09:02:10
1645174930610375000,50.1,1,50.1,1,50.3,19,1,2022-02-18 09:02:10
1645174930799013000,50.1,1,50.0,47,50.3,19,2,2022-02-18 09:02:10
1645174930799013000,50.0,1,50.0,47,50.3,19,2,2022-02-18 09:02:10
1645174930993342000,50.1,18,50.1,6,50.3,19,2,2022-02-18 09:02:10
1645174931111348000,50.3,19,50.1,6,50.4,17,1,2022-02-18 09:02:11
1645174931111348000,50.4,1,50.1,6,50.4,17,1,2022-02-18 09:02:11
1645174931129758000,50.1,2,50.1,4,50.4,17,2,2022-02-18 09:02:11
1645174931308664000,50.1,14,50.0,47,50.4,17,2,2022-02-18 09:02:11
1645174931432456000,50.3,2,50.2,4,50.3,8,1,2022-02-18 09:02:11
1645174931451010000,50.2,2,50.2,2,50.3,8,2,2022-02-18 09:02:11
1645174931452697000,50.2,2,50.0,47,50.3,8,2,2022-02-18 09:02:11
1645174932706995000,50.3,1,50.2,4,50.3,9,1,2022-02-18 09:02:12
1645174933089237000,50.3,2,50.2,4,50.3,7,1,2022-02-18 09:02:13
1645174933540373000,50.2,4,50.0,44,50.3,7,2,2022-02-18 09:02:13
1645174933540373000,50.1,3,50.0,44,50.3,7,2,2022-02-18 09:02:13
1645174933540373000,50.0,3,50.0,44,50.3,7,2,2022-02-18 09:02:13
1645174933661319000,50.3,4,50.0,44,50.3,3,1,2022-02-18 09:02:13
1645174933662106000,50.3,3,50.0,44,50.4,16,1,2022-02-18 09:02:13
1645174933662106000,50.4,1,50.0,44,50.4,16,1,2022-02-18 09:02:13
1645174934038502000,50.4,10,50.0,44,50.4,6,1,2022-02-18 09:02:14
1645174934506270000,50.4,1,50.2,5,50.4,5,1,2022-02-18 09:02:14
1645174934556095000,50.2,5,50.1,10,50.4,5,2,2022-02-18 09:02:14
1645174934721382000,50.3,1,50.1,5,50.3,1,1,2022-02-18 09:02:14
1645174934740004000,50.3,1,50.1,5,50.4,5,1,2022-02-18 09:02:14
1645174935293409000,50.4,1,50.2,6,50.4,4,1,2022-02-18 09:02:15
1645174935520603000,50.3,3,50.2,7,50.3,7,2,2022-02-18 09:02:15
1645174936122297000,50.3,1,50.2,8,50.3,8,1,2022-02-18 09:02:16
1645174936269052000,50.3,2,50.2,8,50.3,6,1,2022-02-18 09:02:16
1645174937214873000,50.3,1,50.2,8,50.3,5,1,2022-02-18 09:02:17
1645174937367708000,50.3,1,50.2,8,50.3,6,1,2022-02-18 09:02:17
1645174937449405000,50.3,4,50.2,8,50.3,2,1,2022-02-18 09:02:17
1645174937638388000,50.3,1,50.2,8,50.3,1,1,2022-02-18 09:02:17
1645174937778680000,50.3,1,50.3,4,50.4,4,1,2022-02-18 09:02:17
1645174938079167000,50.3,1,50.3,3,50.4,47,2,2022-02-18 09:02:18
1645174938107774000,50.3,3,50.2,8,50.4,47,2,2022-02-18 09:02:18
1645174938274634000,50.4,1,50.2,8,50.4,46,1,2022-02-18 09:02:18
1645174938460680000,50.4,46,50.2,8,50.5,42,1,2022-02-18 09:02:18
1645174938460680000,50.5,14,50.2,8,50.5,42,1,2022-02-18 09:02:18
1645174938561859000,50.5,1,50.2,18,50.5,41,1,2022-02-18 09:02:18
1645174938816859000,50.5,1,50.2,15,50.5,42,1,2022-02-18 09:02:18
1645174939096477000,50.3,1,50.2,15,50.5,43,2,2022-02-18 09:02:19
1645174939112648000,50.3,1,50.2,15,50.5,43,1,2022-02-18 09:02:19
1645174939175527000,50.5,10,50.3,1,50.5,33,1,2022-02-18 09:02:19
1645174939639371000,50.5,1,50.3,1,50.5,32,1,2022-02-18 09:02:19
1645174939850326000,50.5,5,50.4,1,50.5,27,1,2022-02-18 09:02:19
1645174939983371000,50.5,1,50.4,1,50.5,26,1,2022-02-18 09:02:19
1645174939989022000,50.5,5,50.4,1,50.5,21,1,2022-02-18 09:02:19
1645174940024048000,50.5,5,50.4,1,50.5,16,1,2022-02-18 09:02:20
1645174940070097000,50.4,1,50.3,2,50.5,16,2,2022-02-18 09:02:20
1645174940125774000,50.5,5,50.3,2,50.5,11,1,2022-02-18 09:02:20
1645174940212923000,50.3,2,50.2,17,50.5,11,2,2022-02-18 09:02:20
1645174940238663000,50.5,5,50.2,17,50.5,6,1,2022-02-18 09:02:20
1645174940452267000,50.5,3,50.3,1,50.5,3,1,2022-02-18 09:02:20
1645174940669023000,50.5,3,50.3,1,50.6,28,1,2022-02-18 09:02:20
1645174940907830000,50.5,1,50.3,1,50.6,28,1,2022-02-18 09:02:20
1645174941132484000,50.5,1,50.4,2,50.6,28,2,2022-02-18 09:02:21
1645174941299036000,50.5,1,50.5,1,50.6,28,2,2022-02-18 09:02:21
1645174941318071000,50.5,1,50.4,2,50.6,28,2,2022-02-18 09:02:21
1645174941752593000,50.5,1,50.5,11,50.6,30,2,2022-02-18 09:02:21
1645174942002492000,50.6,2,50.5,16,50.6,28,1,2022-02-18 09:02:22
1645174942005089000,50.6,1,50.5,16,50.6,27,1,2022-02-18 09:02:22
1645174942214575000,50.6,1,50.5,17,50.6,26,1,2022-02-18 09:02:22
1645174942350041000,50.6,1,50.5,18,50.6,25,1,2022-02-18 09:02:22
1645174942597898000,50.6,1,50.5,18,50.6,24,1,2022-02-18 09:02:22
1645174942600867000,50.5,1,50.5,17,50.6,24,2,2022-02-18 09:02:22
1645174942664528000,50.6,1,50.5,17,50.6,23,1,2022-02-18 09:02:22
1645174942774612000,50.6,4,50.5,9,50.6,19,1,2022-02-18 09:02:22
1645174943022610000,50.6,1,50.5,9,50.6,18,1,2022-02-18 09:02:23
1645174943184583000,50.6,1,50.5,10,50.6,17,1,2022-02-18 09:02:23
1645174943224703000,50.6,1,50.5,10,50.6,16,1,2022-02-18 09:02:23
1645174943241944000,50.6,3,50.5,10,50.6,13,1,2022-02-18 09:02:23
1645174943242481000,50.5,3,50.5,7,50.6,13,2,2022-02-18 09:02:23
1645174943563401000,50.6,2,50.5,6,50.6,11,1,2022-02-18 09:02:23
1645174944069315000,50.6,1,50.5,6,50.6,10,1,2022-02-18 09:02:24
1645174944118269000,50.6,1,50.5,6,50.6,9,1,2022-02-18 09:02:24
1645174944122521000,50.5,1,50.5,5,50.6,9,2,2022-02-18 09:02:24
1645174944369873000,50.6,2,50.5,9,50.6,7,1,2022-02-18 09:02:24
1645174944512590000,50.6,7,50.5,9,50.7,15,1,2022-02-18 09:02:24
1645174944512590000,50.7,3,50.5,9,50.7,15,1,2022-02-18 09:02:24
1645174944575466000,50.7,2,50.6,5,50.7,13,1,2022-02-18 09:02:24
1645174944577677000,50.7,1,50.6,5,50.7,12,1,2022-02-18 09:02:24
1645174944656571000,50.7,1,50.6,5,50.7,11,1,2022-02-18 09:02:24
1645174944959076000,50.7,5,50.6,8,50.7,8,1,2022-02-18 09:02:24
1645174945111692000,50.7,3,50.6,16,50.7,5,1,2022-02-18 09:02:25
1645174945208493000,50.7,2,50.6,16,50.7,3,1,2022-02-18 09:02:25
1645174945281050000,50.6,4,50.6,13,50.7,3,2,2022-02-18 09:02:25
1645174945973546000,50.6,1,50.6,19,50.7,3,2,2022-02-18 09:02:25
1645174946085594000,50.6,3,50.6,16,50.7,3,2,2022-02-18 09:02:26
1645174946112077000,50.7,1,50.6,16,50.7,2,1,2022-02-18 09:02:26
1645174946135694000,50.7,1,50.6,16,50.7,1,1,2022-02-18 09:02:26
1645174946441472000,50.7,1,50.6,16,50.7,1,1,2022-02-18 09:02:26
1645174946945029000,50.7,1,50.7,1,50.8,29,1,2022-02-18 09:02:26
1645174947272731000,50.7,1,50.6,18,50.8,29,2,2022-02-18 09:02:27
1645174947668531000,50.8,1,50.6,19,50.8,28,1,2022-02-18 09:02:27
1645174947986219000,50.7,1,50.7,4,50.8,31,2,2022-02-18 09:02:27
1645174948241852000,50.8,2,50.7,4,50.8,29,1,2022-02-18 09:02:28
1645174948269140000,50.7,4,50.6,18,50.8,29,2,2022-02-18 09:02:28
1645174948269140000,50.6,1,50.6,18,50.8,29,2,2022-02-18 09:02:28
1645174948331778000,50.8,1,50.6,18,50.8,28,1,2022-02-18 09:02:28
1645174948397212000,50.8,6,50.6,18,50.8,22,1,2022-02-18 09:02:28
1645174948826838000,50.8,4,50.7,1,50.8,18,1,2022-02-18 09:02:28
1645174949400190000,50.8,5,50.7,4,50.8,13,1,2022-02-18 09:02:29
1645174949423090000,50.7,4,50.6,19,50.8,13,2,2022-02-18 09:02:29
1645174949423090000,50.6,1,50.6,19,50.8,13,2,2022-02-18 09:02:29
1645174949503316000,50.7,1,50.6,17,50.8,13,2,2022-02-18 09:02:29
1645174949503316000,50.6,3,50.6,17,50.8,13,2,2022-02-18 09:02:29
1645174949538509000,50.8,1,50.6,18,50.8,12,1,2022-02-18 09:02:29
1645174949661101000,50.6,4,50.6,14,50.8,12,2,2022-02-18 09:02:29
1645174950141358000,50.8,12,50.7,4,51.3,14,1,2022-02-18 09:02:30
1645174950141358000,50.9,20,50.7,4,51.3,14,1,2022-02-18 09:02:30
1645174950141358000,51.0,24,50.7,4,51.3,14,1,2022-02-18 09:02:30
1645174950141358000,51.1,19,50.7,4,51.3,14,1,2022-02-18 09:02:30
1645174950141358000,51.2,18,50.7,4,51.3,14,1,2022-02-18 09:02:30
1645174950141358000,51.3,7,50.7,4,51.3,14,1,2022-02-18 09:02:30
1645174950486491000,51.3,3,50.8,2,51.3,11,1,2022-02-18 09:02:30
1645174950700371000,50.8,2,50.7,13,51.3,11,2,2022-02-18 09:02:30
1645174950700371000,50.7,1,50.7,13,51.3,11,2,2022-02-18 09:02:30
1645174950707002000,51.3,2,50.7,13,51.3,9,1,2022-02-18 09:02:30
1645174950750485000,50.7,13,50.6,18,50.7,7,2,2022-02-18 09:02:30
1645174951016868000,50.7,3,50.6,15,50.7,7,1,2022-02-18 09:02:31
1645174951141921000,50.7,2,50.6,15,50.7,5,1,2022-02-18 09:02:31
1645174951214874000,50.7,1,50.6,15,50.7,4,1,2022-02-18 09:02:31
1645174951332664000,50.7,1,50.6,16,50.7,3,1,2022-02-18 09:02:31
1645174951348229000,50.7,3,50.7,7,51.0,1,1,2022-02-18 09:02:31
1645174951394147000,51.0,1,50.7,13,51.1,1,1,2022-02-18 09:02:31
1645174951394147000,51.1,9,50.7,13,51.1,1,1,2022-02-18 09:02:31
1645174951508178000,50.8,1,50.7,13,50.8,1,1,2022-02-18 09:02:31
1645174951535854000,50.8,1,50.7,13,51.0,2,1,2022-02-18 09:02:31
1645174951724789000,50.9,1,50.7,13,51.0,2,2,2022-02-18 09:02:31
1645174952381709000,51.0,1,50.8,5,51.0,1,1,2022-02-18 09:02:32
1645174952541332000,51.0,1,50.8,5,51.0,38,1,2022-02-18 09:02:32
1645174952555397000,51.0,2,50.8,5,51.0,36,1,2022-02-18 09:02:32
1645174952565735000,51.0,1,50.8,5,51.0,35,1,2022-02-18 09:02:32
1645174952668547000,51.0,5,50.8,9,51.0,30,1,2022-02-18 09:02:32
1645174952753372000,51.0,1,50.8,9,51.0,29,1,2022-02-18 09:02:32
1645174953127115000,50.9,1,50.8,9,50.9,2,1,2022-02-18 09:02:33
1645174953411942000,50.9,2,50.8,10,51.0,29,1,2022-02-18 09:02:33
1645174953624397000,51.0,2,50.8,8,51.0,27,1,2022-02-18 09:02:33
1645174954211398000,50.9,2,50.8,21,50.9,17,1,2022-02-18 09:02:34
1645174954423300000,50.9,1,50.8,20,50.9,36,1,2022-02-18 09:02:34
1645174954651073000,50.9,1,50.8,20,50.9,35,1,2022-02-18 09:02:34
1645174954890959000,50.8,20,50.7,31,50.9,36,2,2022-02-18 09:02:34
1645174954935045000,50.9,2,50.7,31,50.9,34,1,2022-02-18 09:02:34
1645174954937502000,50.9,1,50.7,31,50.9,33,1,2022-02-18 09:02:34
1645174955153184000,50.9,5,50.8,3,50.9,31,1,2022-02-18 09:02:35
1645174955204690000,50.9,2,50.8,3,50.9,29,1,2022-02-18 09:02:35
1645174955236895000,50.9,10,50.8,3,50.9,19,1,2022-02-18 09:02:35
1645174955310794000,50.9,4,50.8,3,50.9,15,1,2022-02-18 09:02:35
1645174955510403000,50.8,3,50.7,31,50.8,2,2,2022-02-18 09:02:35
1645174955511569000,50.8,1,50.7,31,50.8,1,1,2022-02-18 09:02:35
1645174955691056000,50.8,1,50.7,31,50.9,13,1,2022-02-18 09:02:35
1645174955691056000,50.9,4,50.7,31,50.9,13,1,2022-02-18 09:02:35
1645174955731914000,50.7,7,50.7,24,50.9,13,2,2022-02-18 09:02:35
1645174955889921000,50.7,2,50.7,22,50.8,1,2,2022-02-18 09:02:35
1645174955894186000,50.8,1,50.7,22,50.9,13,1,2022-02-18 09:02:35
1645174956159317000,50.9,1,50.7,22,50.9,12,1,2022-02-18 09:02:36
1645174956180636000,50.9,1,50.7,22,50.9,11,1,2022-02-18 09:02:36
1645174956445191000,50.9,1,50.8,2,50.9,11,1,2022-02-18 09:02:36
1645174956595456000,50.9,4,50.8,2,50.9,7,1,2022-02-18 09:02:36
1645174956660933000,50.8,2,50.7,22,50.8,8,2,2022-02-18 09:02:36
1645174956675499000,50.8,1,50.7,22,50.8,7,1,2022-02-18 09:02:36
1645174956691111000,50.8,1,50.7,22,50.8,6,1,2022-02-18 09:02:36
1645174956694767000,50.8,1,50.7,22,50.8,5,1,2022-02-18 09:02:36
1645174956725311000,50.8,5,50.7,22,50.9,7,1,2022-02-18 09:02:36
1645174956895981000,50.7,1,50.7,21,50.8,8,2,2022-02-18 09:02:36
1645174957117861000,50.8,1,50.7,21,50.8,14,1,2022-02-18 09:02:37
1645174957162220000,50.8,10,50.7,21,50.8,4,1,2022-02-18 09:02:37
1645174957208336000,50.8,1,50.7,21,50.8,3,1,2022-02-18 09:02:37
1645174957295863000,50.8,1,50.7,21,50.8,2,1,2022-02-18 09:02:37
1645174957393066000,50.8,1,50.7,21,50.8,6,1,2022-02-18 09:02:37
1645174957542831000,50.8,1,50.7,21,50.8,5,1,2022-02-18 09:02:37
1645174957660630000,50.8,1,50.7,21,50.8,4,1,2022-02-18 09:02:37
1645174957807305000,50.7,1,50.7,20,50.8,4,2,2022-02-18 09:02:37
1645174957829284000,50.7,10,50.7,10,50.8,4,2,2022-02-18 09:02:37
1645174957870067000,50.7,1,50.7,9,50.8,4,2,2022-02-18 09:02:37
1645174958098735000,50.8,1,50.7,9,50.8,8,1,2022-02-18 09:02:38
1645174958145476000,50.8,1,50.7,9,50.8,7,1,2022-02-18 09:02:38
1645174958145694000,50.7,1,50.7,8,50.8,7,2,2022-02-18 09:02:38
1645174958196813000,50.8,1,50.7,8,50.8,6,1,2022-02-18 09:02:38
1645174958247226000,50.8,1,50.7,8,50.8,5,1,2022-02-18 09:02:38
1645174958327307000,50.8,1,50.7,8,50.8,5,1,2022-02-18 09:02:38
1645174958444281000,50.8,3,50.7,8,50.8,2,1,2022-02-18 09:02:38
1645174958480124000,50.7,1,50.7,7,50.8,2,2,2022-02-18 09:02:38
1645174958507699000,50.8,2,50.7,7,50.8,1,1,2022-02-18 09:02:38
1645174958541748000,50.8,1,50.7,7,50.9,6,1,2022-02-18 09:02:38
1645174958541748000,50.9,3,50.7,7,50.9,6,1,2022-02-18 09:02:38
1645174958555843000,50.9,1,50.7,7,50.9,5,1,2022-02-18 09:02:38
1645174958633554000,50.8,1,50.7,7,50.8,1,2,2022-02-18 09:02:38
1645174958804401000,50.7,6,50.7,1,50.8,2,2,2022-02-18 09:02:38
1645174958836949000,50.7,1,50.6,52,50.8,2,2,2022-02-18 09:02:38
1645174958943769000,50.8,1,50.7,1,50.8,3,1,2022-02-18 09:02:38
1645174959016288000,50.8,1,50.7,1,50.8,2,1,2022-02-18 09:02:39
1645174959250865000,50.8,1,50.7,1,50.8,6,1,2022-02-18 09:02:39
1645174959265744000,50.7,1,50.6,56,50.8,6,2,2022-02-18 09:02:39
1645174959531329000,50.8,1,50.6,56,50.8,6,1,2022-02-18 09:02:39
1645174959561921000,50.8,3,50.6,56,50.8,3,1,2022-02-18 09:02:39
1645174960030188000,50.8,1,50.7,2,50.8,4,1,2022-02-18 09:02:40
1645174960061583000,50.8,4,50.7,2,51.0,37,1,2022-02-18 09:02:40
1645174960061583000,50.9,5,50.7,2,51.0,37,1,2022-02-18 09:02:40
1645174960061583000,51.0,1,50.7,2,51.0,37,1,2022-02-18 09:02:40
1645174960107238000,50.8,2,50.7,2,51.0,37,1,2022-02-18 09:02:40
1645174960320246000,51.0,1,50.9,1,51.0,36,1,2022-02-18 09:02:40
1645174960349861000,50.9,1,50.8,10,51.0,36,2,2022-02-18 09:02:40
1645174960572446000,50.8,10,50.8,3,51.0,36,2,2022-02-18 09:02:40
1645174960669787000,50.8,3,50.7,14,51.0,36,2,2022-02-18 09:02:40
1645174960972335000,50.8,1,50.7,11,51.0,36,1,2022-02-18 09:02:40
1645174961027184000,50.7,11,50.6,55,51.0,36,2,2022-02-18 09:02:41
1645174961027184000,50.6,1,50.6,55,51.0,36,2,2022-02-18 09:02:41
1645174961416625000,50.7,1,50.7,1,50.8,10,2,2022-02-18 09:02:41
1645174961421145000,50.8,2,50.7,1,50.8,8,1,2022-02-18 09:02:41
1645174961429562000,50.8,1,50.7,1,50.8,7,1,2022-02-18 09:02:41
1645174961473846000,50.8,1,50.7,1,50.8,6,1,2022-02-18 09:02:41
1645174961568958000,50.8,2,50.7,1,50.8,4,1,2022-02-18 09:02:41
1645174961606206000,50.8,1,50.7,1,50.8,3,1,2022-02-18 09:02:41
1645174961985476000,50.8,3,50.8,1,51.0,36,1,2022-02-18 09:02:41
1645174962139864000,50.9,2,50.8,2,51.0,36,1,2022-02-18 09:02:42
1645174962146101000,50.8,2,50.7,2,50.8,3,2,2022-02-18 09:02:42
1645174962180493000,50.7,1,50.7,1,50.8,3,2,2022-02-18 09:02:42
1645174962428323000,50.8,1,50.7,1,50.8,4,1,2022-02-18 09:02:42
1645174962485402000,50.8,1,50.7,1,50.8,5,1,2022-02-18 09:02:42
1645174962575083000,50.7,1,50.6,56,50.8,5,2,2022-02-18 09:02:42
1645174962593684000,50.8,1,50.6,56,50.8,4,1,2022-02-18 09:02:42
1645174962745845000,50.8,1,50.6,57,50.8,3,1,2022-02-18 09:02:42
1645174963138050000,50.8,5,50.7,1,50.9,1,1,2022-02-18 09:02:43
1645174963206702000,50.8,1,50.7,1,50.9,1,1,2022-02-18 09:02:43
1645174963295177000,50.7,1,50.6,57,50.7,4,2,2022-02-18 09:02:43
1645174963320510000,50.7,1,50.6,57,50.7,3,1,2022-02-18 09:02:43
1645174963873541000,50.7,4,50.6,57,50.8,2,1,2022-02-18 09:02:43
1645174963873541000,50.8,1,50.6,57,50.8,2,1,2022-02-18 09:02:43
1645174963884107000,50.8,2,50.8,3,50.9,1,1,2022-02-18 09:02:43
1645174964203922000,50.9,1,50.8,35,51.0,22,1,2022-02-18 09:02:44
1645174964203922000,51.0,9,50.8,35,51.0,22,1,2022-02-18 09:02:44
1645174964511597000,51.0,1,50.8,35,51.0,21,1,2022-02-18 09:02:44
1645174964609945000,51.0,5,50.8,35,51.0,16,1,2022-02-18 09:02:44
1645174964721553000,50.8,1,50.8,34,51.0,16,2,2022-02-18 09:02:44
1645174965063694000,50.8,1,50.8,34,50.9,18,2,2022-02-18 09:02:45
1645174965847267000,50.8,1,50.8,56,50.9,18,2,2022-02-18 09:02:45
1645174965972701000,50.9,1,50.8,57,50.9,23,1,2022-02-18 09:02:45
1645174966467706000,50.8,1,50.8,56,50.9,25,2,2022-02-18 09:02:46
1645174966504870000,50.9,1,50.8,56,50.9,24,1,2022-02-18 09:02:46
1645174967281223000,50.9,2,50.8,57,50.9,27,1,2022-02-18 09:02:47
1645174967324601000,50.9,1,50.8,57,50.9,26,1,2022-02-18 09:02:47
1645174967948341000,50.8,2,50.8,55,50.9,26,2,2022-02-18 09:02:47
1645174967959844000,50.9,1,50.8,55,50.9,25,1,2022-02-18 09:02:47
1645174968600680000,50.9,1,50.8,61,50.9,25,1,2022-02-18 09:02:48
1645174968654884000,50.9,10,50.8,61,50.9,15,1,2022-02-18 09:02:48
1645174968899172000,50.9,1,50.8,64,50.9,14,1,2022-02-18 09:02:48
1645174968951457000,50.9,5,50.8,64,50.9,9,1,2022-02-18 09:02:48
1645174968968418000,50.9,2,50.8,64,50.9,10,1,2022-02-18 09:02:48
1645174968972474000,50.9,1,50.8,64,50.9,9,1,2022-02-18 09:02:48
1645174969055726000,50.9,2,50.8,67,50.9,9,1,2022-02-18 09:02:49
1645174969314938000,50.9,2,50.8,68,50.9,7,1,2022-02-18 09:02:49
1645174969348309000,50.9,1,50.8,68,50.9,6,1,2022-02-18 09:02:49
1645174969605117000,50.9,1,50.8,68,50.9,5,1,2022-02-18 09:02:49
1645174969758483000,50.9,5,50.8,68,51.0,28,1,2022-02-18 09:02:49
1645174969758483000,51.0,1,50.8,68,51.0,28,1,2022-02-18 09:02:49
1645174969801784000,51.0,1,50.9,1,51.0,27,1,2022-02-18 09:02:49
1645174970238885000,50.9,1,50.8,69,50.9,9,2,2022-02-18 09:02:50
1645174970256248000,50.8,3,50.8,66,50.9,9,2,2022-02-18 09:02:50
1645174970592677000,50.9,1,50.8,70,50.9,8,1,2022-02-18 09:02:50
1645174970646348000,50.9,1,50.8,73,50.9,7,1,2022-02-18 09:02:50
1645174970733104000,50.8,30,50.8,43,50.9,7,2,2022-02-18 09:02:50
1645174970758097000,50.9,1,50.8,43,50.9,6,1,2022-02-18 09:02:50
1645174970960025000,50.9,1,50.8,43,50.9,5,1,2022-02-18 09:02:50
1645174971161577000,50.9,1,50.8,43,50.9,4,1,2022-02-18 09:02:51
1645174971286564000,50.9,1,50.8,44,50.9,3,1,2022-02-18 09:02:51
1645174971567046000,50.9,1,50.8,44,50.9,4,1,2022-02-18 09:02:51
1645174971623420000,50.8,44,50.7,28,50.9,9,2,2022-02-18 09:02:51
1645174971688266000,50.8,1,50.7,28,50.9,9,1,2022-02-18 09:02:51
1645174971736026000,50.9,2,50.7,28,50.9,7,1,2022-02-18 09:02:51
1645174971748478000,50.9,1,50.7,28,50.9,6,1,2022-02-18 09:02:51
1645174971968383000,50.9,1,50.7,28,50.9,5,1,2022-02-18 09:02:51
1645174972179193000,50.8,1,50.7,28,50.9,7,1,2022-02-18 09:02:52
1645174972198078000,50.7,1,50.7,27,50.9,7,2,2022-02-18 09:02:52
1645174972417052000,50.9,2,50.8,1,50.9,5,1,2022-02-18 09:02:52
1645174972536096000,50.9,1,50.8,2,50.9,4,1,2022-02-18 09:02:52
1645174972876641000,50.9,2,50.8,2,50.9,2,1,2022-02-18 09:02:52
1645174972878527000,50.9,2,50.9,2,51.0,32,1,2022-02-18 09:02:52
1645174972915525000,50.9,1,50.9,1,51.0,32,2,2022-02-18 09:02:52
1645174973006775000,50.9,1,50.7,28,50.8,1,2,2022-02-18 09:02:53
1645174973006775000,50.8,2,50.7,28,50.8,1,2,2022-02-18 09:02:53
1645174973169849000,50.8,1,50.7,28,51.0,34,1,2022-02-18 09:02:53
1645174973432980000,50.9,1,50.8,1,51.0,34,1,2022-02-18 09:02:53
1645174973473789000,50.8,1,50.7,28,50.8,3,2,2022-02-18 09:02:53
1645174973564305000,50.8,2,50.7,27,50.8,1,1,2022-02-18 09:02:53
1645174973943690000,50.7,3,50.7,24,50.8,3,2,2022-02-18 09:02:53
1645174973948588000,50.7,3,50.7,21,50.8,3,2,2022-02-18 09:02:53
1645174974013696000,50.8,1,50.7,21,50.8,6,1,2022-02-18 09:02:54
1645174974079529000,50.7,5,50.7,16,50.8,6,2,2022-02-18 09:02:54
1645174974124973000,50.7,1,50.7,15,50.8,6,2,2022-02-18 09:02:54
1645174974394146000,50.8,1,50.7,15,50.8,5,1,2022-02-18 09:02:54
1645174974514622000,50.8,2,50.7,15,50.8,3,1,2022-02-18 09:02:54
1645174974542286000,50.8,1,50.7,15,50.8,2,1,2022-02-18 09:02:54
1645174974599987000,50.8,1,50.7,15,50.8,1,1,2022-02-18 09:02:54
1645174974664208000,50.8,1,50.7,16,50.9,13,1,2022-02-18 09:02:54
1645174975056243000,50.8,1,50.8,2,50.9,15,2,2022-02-18 09:02:55
1645174975062630000,50.9,1,50.8,2,50.9,14,1,2022-02-18 09:02:55
1645174975081640000,50.8,2,50.7,15,50.9,14,2,2022-02-18 09:02:55
1645174975081640000,50.7,1,50.7,15,50.9,14,2,2022-02-18 09:02:55
1645174975221333000,50.8,1,50.7,15,50.8,4,1,2022-02-18 09:02:55
1645174975333437000,50.8,2,50.7,15,50.8,2,1,2022-02-18 09:02:55
1645174975581710000,50.8,1,50.7,15,50.8,1,1,2022-02-18 09:02:55
1645174975853178000,50.8,1,50.7,16,50.8,5,1,2022-02-18 09:02:55
1645174976096126000,50.8,5,50.7,16,50.9,15,1,2022-02-18 09:02:56
1645174976308548000,50.7,1,50.7,16,50.9,19,2,2022-02-18 09:02:56
1645174976313595000,50.9,1,50.7,16,50.9,18,1,2022-02-18 09:02:56
1645174976415621000,50.7,1,50.7,15,50.9,18,2,2022-02-18 09:02:56
1645174976576140000,50.9,1,50.7,15,50.9,17,1,2022-02-18 09:02:56
1645174977016189000,50.7,1,50.7,15,50.8,5,2,2022-02-18 09:02:57
1645174977459895000,50.8,5,50.7,15,50.9,16,1,2022-02-18 09:02:57
1645174977459895000,50.9,1,50.7,15,50.9,16,1,2022-02-18 09:02:57
1645174977594829000,50.9,1,50.7,16,50.9,15,1,2022-02-18 09:02:57
1645174978123848000,50.9,10,50.8,1,50.9,7,1,2022-02-18 09:02:58
1645174978201165000,50.8,1,50.7,16,50.8,1,2,2022-02-18 09:02:58
1645174978291104000,50.7,1,50.7,15,50.8,1,2,2022-02-18 09:02:58
1645174978316137000,50.8,1,50.7,15,50.9,17,1,2022-02-18 09:02:58
1645174978345920000,50.7,5,50.7,10,50.9,17,2,2022-02-18 09:02:58
1645174978655602000,50.7,1,50.7,10,50.8,10,2,2022-02-18 09:02:58
1645174978756716000,50.7,1,50.7,9,50.8,10,2,2022-02-18 09:02:58
1645174978829811000,50.8,1,50.7,8,50.8,9,1,2022-02-18 09:02:58
1645174978897745000,50.7,1,50.7,8,50.8,13,2,2022-02-18 09:02:58
1645174979278516000,50.7,1,50.7,8,50.8,13,2,2022-02-18 09:02:59
1645174979301866000,50.7,5,50.7,3,50.8,13,2,2022-02-18 09:02:59
1645174979329666000,50.7,3,50.6,48,50.8,13,2,2022-02-18 09:02:59
1645174979562426000,50.7,1,50.6,39,50.8,13,2,2022-02-18 09:02:59
1645174979562426000,50.6,9,50.6,39,50.8,13,2,2022-02-18 09:02:59
1645174979584845000,50.7,1,50.6,39,50.8,13,2,2022-02-18 09:02:59
1645174979855189000,50.8,2,50.7,1,50.8,11,1,2022-02-18 09:02:59
1645174979879824000,50.8,1,50.7,1,50.8,10,1,2022-02-18 09:02:59
1645174980109767000,50.8,1,50.7,1,50.8,9,1,2022-02-18 09:03:00
1645174980129707000,50.7,2,50.6,36,50.8,9,2,2022-02-18 09:03:00
1645174980129707000,50.6,3,50.6,36,50.8,9,2,2022-02-18 09:03:00
1645174980149879000,50.6,1,50.6,35,50.8,9,2,2022-02-18 09:03:00
1645174980387818000,50.7,1,50.6,35,50.8,9,1,2022-02-18 09:03:00
1645174980390706000,50.8,1,50.6,35,50.8,8,1,2022-02-18 09:03:00
1645174980536760000,50.8,1,50.7,2,50.8,14,1,2022-02-18 09:03:00
1645174980552973000,50.7,2,50.6,35,50.8,14,2,2022-02-18 09:03:00
1645174980598412000,50.8,1,50.7,1,50.8,13,1,2022-02-18 09:03:00
1645174980652109000,50.7,1,50.6,35,50.8,16,2,2022-02-18 09:03:00
1645174980797702000,50.8,1,50.7,2,50.8,15,1,2022-02-18 09:03:00
1645174980951671000,50.7,2,50.6,35,50.7,13,2,2022-02-18 09:03:00
1645174981140684000,50.6,5,50.6,30,50.7,22,2,2022-02-18 09:03:01
1645174981163500000,50.6,5,50.6,25,50.7,22,2,2022-02-18 09:03:01
1645174981172584000,50.6,1,50.6,24,50.7,22,2,2022-02-18 09:03:01
1645174981175461000,50.6,1,50.6,23,50.7,22,2,2022-02-18 09:03:01
1645174981194267000,50.6,8,50.6,15,50.7,22,2,2022-02-18 09:03:01
1645174981221694000,50.6,15,50.5,36,50.7,22,2,2022-02-18 09:03:01
1645174981221694000,50.5,5,50.5,36,50.7,22,2,2022-02-18 09:03:01
1645174981320662000,50.5,1,50.5,35,50.6,2,2,2022-02-18 09:03:01
1645174981470980000,50.6,1,50.5,35,50.6,1,1,2022-02-18 09:03:01
1645174981518549000,50.6,1,50.5,35,50.7,22,1,2022-02-18 09:03:01
1645174981712185000,50.7,1,50.5,35,50.7,21,1,2022-02-18 09:03:01
1645174981719806000,50.5,20,50.5,15,50.7,21,2,2022-02-18 09:03:01
1645174981746616000,50.5,15,50.4,9,50.7,21,2,2022-02-18 09:03:01
1645174981750983000,50.4,1,50.4,8,50.7,21,2,2022-02-18 09:03:01
1645174982076513000,50.7,2,50.4,8,50.7,19,1,2022-02-18 09:03:02
1645174982380513000,50.6,1,50.4,18,50.6,3,2,2022-02-18 09:03:02
1645174982579644000,50.4,1,50.4,7,50.6,3,2,2022-02-18 09:03:02
1645174982603199000,50.6,1,50.4,7,50.6,2,1,2022-02-18 09:03:02
1645174983069325000,50.5,1,50.4,7,50.6,2,2,2022-02-18 09:03:03
1645174983237808000,50.5,4,50.4,7,50.6,1,1,2022-02-18 09:03:03
1645174983237808000,50.6,1,50.4,7,50.6,1,1,2022-02-18 09:03:03
1645174983391137000,50.5,1,50.4,7,50.6,2,1,2022-02-18 09:03:03
1645174983431637000,50.6,3,50.4,7,50.7,21,1,2022-02-18 09:03:03
1645174983431637000,50.7,2,50.4,7,50.7,21,1,2022-02-18 09:03:03
1645174983470127000,50.4,1,50.4,16,50.7,21,2,2022-02-18 09:03:03
1645174983879306000,50.6,2,50.4,6,50.6,2,1,2022-02-18 09:03:03
1645174984089226000,50.4,1,50.4,5,50.6,4,2,2022-02-18 09:03:04
1645174984115978000,50.6,1,50.4,5,50.6,3,1,2022-02-18 09:03:04
1645174984390533000,50.6,1,50.4,5,50.6,2,1,2022-02-18 09:03:04
1645174984536171000,50.6,2,50.4,5,50.7,25,1,2022-02-18 09:03:04
1645174984536171000,50.7,1,50.4,5,50.7,25,1,2022-02-18 09:03:04
1645174984685391000,50.5,1,50.4,5,50.7,17,1,2022-02-18 09:03:04
1645174984685391000,50.6,11,50.4,5,50.7,17,1,2022-02-18 09:03:04
1645174984685391000,50.7,8,50.4,5,50.7,17,1,2022-02-18 09:03:04
1645174984754384000,50.6,1,50.4,5,50.6,2,2,2022-02-18 09:03:04
1645174985153396000,50.6,2,50.5,1,50.6,1,1,2022-02-18 09:03:05
1645174985334575000,50.5,1,50.4,2,50.6,1,2,2022-02-18 09:03:05
1645174985334575000,50.4,3,50.4,2,50.6,1,2,2022-02-18 09:03:05
1645174985353896000,50.6,1,50.4,2,50.7,17,1,2022-02-18 09:03:05
1645174985565521000,50.4,1,50.4,1,50.7,17,2,2022-02-18 09:03:05
1645174985781690000,50.7,5,50.4,13,50.7,12,1,2022-02-18 09:03:05
1645174986574904000,50.6,2,50.6,2,50.7,9,2,2022-02-18 09:03:06
1645174986627618000,50.6,1,50.6,1,50.7,11,2,2022-02-18 09:03:06
1645174986661309000,50.6,1,50.4,9,50.7,11,2,2022-02-18 09:03:06
1645174987394048000,50.7,13,50.4,13,50.9,10,1,2022-02-18 09:03:07
1645174987394048000,50.8,17,50.4,13,50.9,10,1,2022-02-18 09:03:07
1645174987394048000,50.9,20,50.4,13,50.9,10,1,2022-02-18 09:03:07
1645174987463986000,50.6,1,50.5,1,50.9,10,1,2022-02-18 09:03:07
1645174988394566000,50.7,1,50.6,1,50.9,11,1,2022-02-18 09:03:08
1645174988394566000,50.8,1,50.6,1,50.9,11,1,2022-02-18 09:03:08
1645174988957967000,50.7,2,50.6,12,50.9,11,2,2022-02-18 09:03:08
1645174989590433000,50.7,10,50.6,7,50.8,1,1,2022-02-18 09:03:09
1645174990119337000,50.7,2,50.7,3,50.8,3,2,2022-02-18 09:03:10
1645174990264191000,50.7,3,50.6,8,50.8,3,2,2022-02-18 09:03:10
1645174990304264000,50.6,1,50.6,7,50.8,3,2,2022-02-18 09:03:10
1645174990584597000,50.6,3,50.6,5,50.8,3,2,2022-02-18 09:03:10
1645174991450091000,50.8,1,50.6,9,50.8,2,1,2022-02-18 09:03:11
1645174991802579000,50.8,2,50.6,14,50.9,13,1,2022-02-18 09:03:11
1645174992842883000,50.9,1,50.8,2,50.9,12,1,2022-02-18 09:03:12
1645174992848559000,50.9,4,50.8,2,50.9,8,1,2022-02-18 09:03:12
1645174992863753000,50.8,2,50.7,7,50.9,8,2,2022-02-18 09:03:12
1645174992876573000,50.9,3,50.7,10,50.9,5,1,2022-02-18 09:03:12
1645174993190713000,50.7,4,50.7,6,50.9,7,2,2022-02-18 09:03:13
1645174993401803000,50.7,2,50.7,4,50.9,3,2,2022-02-18 09:03:13
1645174993523750000,50.9,1,50.7,12,50.9,2,1,2022-02-18 09:03:13
1645174993897716000,50.8,2,50.7,12,50.9,2,1,2022-02-18 09:03:13
1645174994055646000,50.8,1,50.7,12,50.9,2,1,2022-02-18 09:03:14
1645174994688831000,50.9,1,50.8,2,50.9,6,1,2022-02-18 09:03:14
1645174994785422000,50.8,2,50.7,14,50.9,6,2,2022-02-18 09:03:14
1645174996148730000,50.8,1,50.7,15,50.9,9,1,2022-02-18 09:03:16
1645174996263636000,50.7,4,50.7,11,50.9,9,2,2022-02-18 09:03:16
1645174996536998000,50.9,1,50.7,11,50.9,8,1,2022-02-18 09:03:16
1645174997573949000,50.9,2,50.8,1,50.9,17,1,2022-02-18 09:03:17
1645174997658615000,50.9,4,50.8,1,50.9,13,1,2022-02-18 09:03:17
1645174997742450000,50.8,1,50.7,22,50.9,13,2,2022-02-18 09:03:17
1645174998497314000,50.8,1,50.7,22,50.8,2,1,2022-02-18 09:03:18
1645174998719471000,50.8,8,50.7,21,50.8,4,1,2022-02-18 09:03:18
1645174998721438000,50.7,1,50.7,20,50.8,4,2,2022-02-18 09:03:18
1645174999422924000,50.8,1,50.7,22,50.8,5,1,2022-02-18 09:03:19
1645174999575909000,50.7,2,50.7,21,50.8,5,2,2022-02-18 09:03:19
1645174999621450000,50.7,1,50.7,20,50.8,5,2,2022-02-18 09:03:19
1645174999859483000,50.8,1,50.7,20,50.8,8,1,2022-02-18 09:03:19
1645175000319940000,50.7,3,50.7,18,50.8,13,2,2022-02-18 09:03:20
1645175000507307000,50.7,17,50.7,1,50.8,19,2,2022-02-18 09:03:20
1645175000664030000,50.8,6,50.7,1,50.8,23,1,2022-02-18 09:03:20
1645175001397999000,50.7,1,50.6,34,50.7,2,2,2022-02-18 09:03:21
1645175001506179000,50.7,2,50.6,37,50.8,24,1,2022-02-18 09:03:21
1645175001506179000,50.8,1,50.6,37,50.8,24,1,2022-02-18 09:03:21
1645175002054170000,50.7,1,50.6,37,50.7,2,1,2022-02-18 09:03:22
1645175002115486000,50.7,2,50.6,37,50.7,5,1,2022-02-18 09:03:22
1645175002139732000,50.6,1,50.6,36,50.7,5,2,2022-02-18 09:03:22
1645175002356700000,50.7,1,50.6,36,50.7,4,1,2022-02-18 09:03:22
1645175002778005000,50.7,1,50.6,36,50.7,4,1,2022-02-18 09:03:22
1645175002837849000,50.6,1,50.6,35,50.7,4,2,2022-02-18 09:03:22
1645175003297396000,50.6,10,50.6,25,50.7,8,2,2022-02-18 09:03:23
1645175003503082000,50.7,1,50.6,25,50.7,8,1,2022-02-18 09:03:23
1645175003875740000,50.7,2,50.6,25,50.7,6,1,2022-02-18 09:03:23
1645175004117896000,50.7,1,50.6,25,50.7,5,1,2022-02-18 09:03:24
1645175004158547000,50.7,2,50.6,25,50.7,3,1,2022-02-18 09:03:24
1645175004689219000,50.6,1,50.6,24,50.7,8,2,2022-02-18 09:03:24
1645175004764086000,50.7,1,50.6,24,50.7,7,1,2022-02-18 09:03:24
1645175005041980000,50.6,24,50.5,38,50.7,9,2,2022-02-18 09:03:25
1645175005564595000,50.6,1,50.6,1,50.7,12,2,2022-02-18 09:03:25
1645175005746214000,50.7,4,50.6,2,50.7,8,1,2022-02-18 09:03:25
1645175006103155000,50.7,5,50.6,5,50.7,8,1,2022-02-18 09:03:26
1645175006398487000,50.7,5,50.6,5,50.7,3,1,2022-02-18 09:03:26
1645175006479645000,50.7,1,50.6,5,50.7,7,1,2022-02-18 09:03:26
1645175006652063000,50.7,3,50.6,5,50.7,4,1,2022-02-18 09:03:26
1645175006660180000,50.7,1,50.6,5,50.7,3,1,2022-02-18 09:03:26
1645175006743958000,50.6,1,50.6,4,50.7,3,2,2022-02-18 09:03:26
1645175006810600000,50.7,2,50.6,4,50.7,1,1,2022-02-18 09:03:26
1645175006970861000,50.6,1,50.6,4,50.7,1,2,2022-02-18 09:03:26
1645175007105719000,50.7,1,50.6,4,50.8,28,1,2022-02-18 09:03:27
1645175007663577000,50.7,1,50.6,4,50.8,28,1,2022-02-18 09:03:27
1645175007831138000,50.8,1,50.6,4,50.8,27,1,2022-02-18 09:03:27
1645175008219787000,50.7,2,50.6,4,50.7,8,2,2022-02-18 09:03:28
1645175008444336000,50.7,3,50.6,4,50.7,5,1,2022-02-18 09:03:28
1645175008477228000,50.6,1,50.6,3,50.7,5,2,2022-02-18 09:03:28
1645175008849712000,50.7,1,50.6,3,50.7,4,1,2022-02-18 09:03:28
1645175008938305000,50.6,3,50.5,40,50.6,2,2,2022-02-18 09:03:28
1645175009170036000,50.5,2,50.5,38,50.6,2,2,2022-02-18 09:03:29
1645175009854644000,50.6,1,50.5,38,50.6,1,1,2022-02-18 09:03:29
1645175010049063000,50.6,1,50.5,38,50.7,2,1,2022-02-18 09:03:30
1645175010049063000,50.7,4,50.5,38,50.7,2,1,2022-02-18 09:03:30
1645175010085450000,50.5,1,50.5,37,50.7,2,2,2022-02-18 09:03:30
1645175010135737000,50.7,1,50.5,37,50.7,1,1,2022-02-18 09:03:30
1645175010565390000,50.6,1,50.5,37,50.7,3,1,2022-02-18 09:03:30
1645175010716552000,50.7,3,50.7,6,50.8,19,1,2022-02-18 09:03:30
1645175010916373000,50.8,1,50.7,6,50.8,19,1,2022-02-18 09:03:30
1645175010976509000,50.8,1,50.7,6,50.8,18,1,2022-02-18 09:03:30
1645175010983540000,50.7,2,50.7,4,50.8,18,2,2022-02-18 09:03:30
1645175011017251000,50.7,1,50.7,3,50.8,18,2,2022-02-18 09:03:31
1645175011149214000,50.8,1,50.7,3,50.8,19,1,2022-02-18 09:03:31
1645175011325527000,50.7,1,50.7,2,50.8,19,2,2022-02-18 09:03:31
1645175011410458000,50.8,1,50.7,3,50.8,18,1,2022-02-18 09:03:31
1645175011702892000,50.7,3,50.5,30,50.8,18,2,2022-02-18 09:03:31
1645175011702892000,50.6,4,50.5,30,50.8,18,2,2022-02-18 09:03:31
1645175011702892000,50.5,8,50.5,30,50.8,18,2,2022-02-18 09:03:31
1645175011918829000,50.5,1,50.5,29,50.7,1,2,2022-02-18 09:03:31
1645175012775589000,50.7,1,50.5,30,50.8,18,1,2022-02-18 09:03:32
1645175012830929000,50.5,3,50.5,27,50.8,18,2,2022-02-18 09:03:32
1645175013257822000,50.7,1,50.6,1,50.8,18,1,2022-02-18 09:03:33
1645175013965366000,50.6,1,50.5,12,50.7,4,2,2022-02-18 09:03:33
1645175013965366000,50.5,17,50.5,12,50.7,4,2,2022-02-18 09:03:33
1645175014091224000,50.6,1,50.5,12,50.6,1,1,2022-02-18 09:03:34
1645175014133924000,50.6,1,50.5,12,50.7,6,1,2022-02-18 09:03:34
1645175014164463000,50.7,6,50.5,12,50.8,16,1,2022-02-18 09:03:34
1645175014164463000,50.8,1,50.5,12,50.8,16,1,2022-02-18 09:03:34
1645175015235723000,50.7,1,50.7,1,50.8,17,2,2022-02-18 09:03:35
1645175015276966000,50.7,1,50.5,13,50.8,17,2,2022-02-18 09:03:35
1645175016591507000,50.7,1,50.6,4,50.8,17,1,2022-02-18 09:03:36
1645175018362410000,50.7,1,50.6,5,50.8,31,1,2022-02-18 09:03:38
1645175018507121000,50.6,2,50.6,3,50.8,31,2,2022-02-18 09:03:38
1645175018606143000,50.6,3,50.5,25,50.7,2,2,2022-02-18 09:03:38
1645175020271531000,50.6,2,50.5,31,50.7,18,2,2022-02-18 09:03:40
1645175020687896000,50.7,5,50.6,1,50.7,14,1,2022-02-18 09:03:40
1645175021058386000,50.7,1,50.6,1,50.7,14,1,2022-02-18 09:03:41
1645175022462051000,50.6,1,50.5,35,50.6,4,2,2022-02-18 09:03:42
1645175022732127000,50.6,1,50.5,35,50.6,3,1,2022-02-18 09:03:42
1645175023644432000,50.6,1,50.5,37,50.6,4,1,2022-02-18 09:03:43
1645175024162075000,50.6,1,50.5,41,50.6,3,1,2022-02-18 09:03:44
1645175024194470000,50.6,1,50.5,41,50.6,2,1,2022-02-18 09:03:44
1645175024904719000,50.6,1,50.5,46,50.6,1,1,2022-02-18 09:03:44
1645175025115637000,50.6,1,50.5,46,50.7,18,1,2022-02-18 09:03:45
1645175025512864000,50.6,1,50.5,44,50.7,18,2,2022-02-18 09:03:45
1645175025916193000,50.6,2,50.5,45,50.6,3,2,2022-02-18 09:03:45
1645175025939710000,50.6,3,50.5,45,50.7,18,1,2022-02-18 09:03:45
1645175026584823000,50.6,1,50.5,46,50.7,20,2,2022-02-18 09:03:46
1645175026785048000,50.5,1,50.5,49,50.7,20,2,2022-02-18 09:03:46
1645175027229780000,50.7,1,50.5,49,50.7,19,1,2022-02-18 09:03:47
1645175028082924000,50.6,1,50.5,53,50.7,19,1,2022-02-18 09:03:48
1645175028775816000,50.6,1,50.6,9,50.7,19,2,2022-02-18 09:03:48
1645175028850220000,50.7,2,50.6,9,50.7,17,1,2022-02-18 09:03:48
1645175029453075000,50.6,1,50.6,10,50.7,20,2,2022-02-18 09:03:49
1645175029762853000,50.7,1,50.6,10,50.7,19,1,2022-02-18 09:03:49
1645175030104748000,50.7,1,50.6,10,50.7,18,1,2022-02-18 09:03:50
1645175030264197000,50.6,5,50.6,5,50.7,18,2,2022-02-18 09:03:50
1645175030293500000,50.6,3,50.6,2,50.7,18,2,2022-02-18 09:03:50
1645175030663100000,50.6,2,50.5,57,50.7,19,2,2022-02-18 09:03:50
1645175031065195000,50.6,1,50.5,57,50.7,19,1,2022-02-18 09:03:51
1645175031375124000,50.6,3,50.6,2,50.7,20,2,2022-02-18 09:03:51
1645175031793611000,50.6,1,50.6,1,50.7,21,2,2022-02-18 09:03:51
1645175031827855000,50.6,1,50.5,57,50.7,21,2,2022-02-18 09:03:51
1645175031995457000,50.5,1,50.5,56,50.6,1,2,2022-02-18 09:03:51
1645175032059345000,50.6,1,50.5,56,50.7,21,1,2022-02-18 09:03:52
1645175034305366000,50.6,1,50.5,57,50.7,28,1,2022-02-18 09:03:54
1645175034612665000,50.7,1,50.5,57,50.7,27,1,2022-02-18 09:03:54
1645175034816024000,50.6,1,50.5,57,50.6,1,2,2022-02-18 09:03:54
1645175034834155000,50.6,1,50.6,1,50.7,25,1,2022-02-18 09:03:54
1645175034862147000,50.6,5,50.6,1,50.7,25,2,2022-02-18 09:03:54
1645175034935063000,50.6,1,50.5,57,50.6,1,2,2022-02-18 09:03:54
1645175035030200000,50.6,1,50.5,57,50.7,23,1,2022-02-18 09:03:55
1645175035030200000,50.7,2,50.5,57,50.7,23,1,2022-02-18 09:03:55
1645175035642149000,50.7,10,50.5,58,50.7,14,1,2022-02-18 09:03:55
1645175036207015000,50.6,1,50.6,1,50.7,14,2,2022-02-18 09:03:56
1645175036244618000,50.7,2,50.6,1,50.7,12,1,2022-02-18 09:03:56
1645175036670443000,50.7,15,50.6,11,50.7,7,1,2022-02-18 09:03:56
1645175038413649000,50.7,1,50.6,17,50.7,39,1,2022-02-18 09:03:58
1645175038697080000,50.7,4,50.6,17,50.7,35,1,2022-02-18 09:03:58
1645175039010682000,50.6,5,50.6,13,50.7,35,2,2022-02-18 09:03:59
1645175039863163000,50.7,1,50.6,14,50.7,35,1,2022-02-18 09:03:59
1645175039987763000,50.6,2,50.6,12,50.7,35,2,2022-02-18 09:03:59
1645175040359771000,50.6,1,50.6,11,50.7,38,2,2022-02-18 09:04:00
1645175040559896000,50.7,5,50.6,11,50.7,35,1,2022-02-18 09:04:00
1645175040615339000,50.7,2,50.6,11,50.7,33,1,2022-02-18 09:04:00
1645175041918798000,50.6,1,50.6,11,50.7,36,2,2022-02-18 09:04:01
1645175042654052000,50.7,1,50.6,22,50.7,35,1,2022-02-18 09:04:02
1645175042713953000,50.6,22,50.5,58,50.7,35,2,2022-02-18 09:04:02
1645175042721802000,50.7,1,50.5,58,50.7,34,1,2022-02-18 09:04:02
1645175043083934000,50.5,8,50.5,50,50.7,34,2,2022-02-18 09:04:03
1645175043195044000,50.6,1,50.5,50,50.7,34,2,2022-02-18 09:04:03
1645175043260257000,50.7,3,50.5,50,50.7,31,1,2022-02-18 09:04:03
1645175043456097000,50.6,1,50.5,50,50.6,2,1,2022-02-18 09:04:03
1645175043478983000,50.6,1,50.5,50,50.6,1,1,2022-02-18 09:04:03
1645175043682013000,50.6,1,50.5,49,50.6,15,1,2022-02-18 09:04:03
1645175044055811000,50.6,1,50.5,49,50.6,18,1,2022-02-18 09:04:04
1645175044074040000,50.6,10,50.5,49,50.6,8,1,2022-02-18 09:04:04
1645175044135771000,50.5,1,50.5,48,50.6,13,2,2022-02-18 09:04:04
1645175045178292000,50.6,1,50.5,48,50.6,14,1,2022-02-18 09:04:05
1645175045288865000,50.5,1,50.5,47,50.6,14,2,2022-02-18 09:04:05
1645175045760561000,50.6,1,50.5,48,50.6,13,1,2022-02-18 09:04:05
1645175045823013000,50.6,1,50.5,48,50.6,12,1,2022-02-18 09:04:05
1645175046163952000,50.5,2,50.5,46,50.6,12,2,2022-02-18 09:04:06
1645175046456186000,50.6,1,50.5,46,50.6,11,1,2022-02-18 09:04:06
1645175046472249000,50.6,3,50.5,46,50.6,8,1,2022-02-18 09:04:06
1645175046619484000,50.6,3,50.5,46,50.6,5,1,2022-02-18 09:04:06
1645175046649809000,50.6,2,50.5,46,50.6,3,1,2022-02-18 09:04:06
1645175046792527000,50.6,1,50.5,46,50.6,2,1,2022-02-18 09:04:06
1645175047637871000,50.5,3,50.5,46,50.6,4,2,2022-02-18 09:04:07
1645175048330485000,50.5,2,50.5,44,50.6,4,2,2022-02-18 09:04:08
1645175048588595000,50.6,1,50.5,44,50.6,3,1,2022-02-18 09:04:08
1645175048682149000,50.6,1,50.5,44,50.6,2,1,2022-02-18 09:04:08
1645175049092106000,50.6,3,50.5,49,50.7,15,1,2022-02-18 09:04:09
1645175049092106000,50.7,17,50.5,49,50.7,15,1,2022-02-18 09:04:09
1645175049758257000,50.5,2,50.5,47,50.6,1,2,2022-02-18 09:04:09
1645175049820610000,50.6,1,50.5,47,50.7,15,1,2022-02-18 09:04:09
1645175050826854000,50.7,1,50.6,5,50.7,27,1,2022-02-18 09:04:10
1645175051086723000,50.7,1,50.6,10,50.7,26,1,2022-02-18 09:04:11
1645175051295172000,50.7,1,50.6,10,50.7,25,1,2022-02-18 09:04:11
1645175051505229000,50.7,1,50.6,10,50.7,24,1,2022-02-18 09:04:11
1645175051660855000,50.6,1,50.6,9,50.7,24,2,2022-02-18 09:04:11
1645175054376421000,50.7,1,50.6,33,50.7,23,1,2022-02-18 09:04:14
1645175054611538000,50.7,4,50.6,33,50.7,19,1,2022-02-18 09:04:14
1645175054807272000,50.6,9,50.6,24,50.7,19,2,2022-02-18 09:04:14
1645175055541466000,50.7,1,50.6,25,50.7,18,1,2022-02-18 09:04:15
1645175056303014000,50.7,2,50.6,25,50.7,15,1,2022-02-18 09:04:16
1645175056367368000,50.6,1,50.6,24,50.7,15,2,2022-02-18 09:04:16
1645175056685312000,50.7,1,50.6,24,50.7,14,1,2022-02-18 09:04:16
1645175057077266000,50.7,1,50.6,24,50.7,13,1,2022-02-18 09:04:17
1645175057663819000,50.6,1,50.6,23,50.7,13,2,2022-02-18 09:04:17
1645175058069823000,50.7,1,50.6,23,50.7,12,1,2022-02-18 09:04:18
1645175058113731000,50.7,2,50.6,23,50.7,10,1,2022-02-18 09:04:18
1645175058602468000,50.7,10,50.7,5,50.8,48,1,2022-02-18 09:04:18
1645175058687991000,50.7,1,50.7,4,50.8,48,2,2022-02-18 09:04:18
1645175059042337000,50.7,1,50.7,3,50.8,48,2,2022-02-18 09:04:19
1645175059060907000,50.8,2,50.7,3,50.8,46,1,2022-02-18 09:04:19
1645175059781639000,50.8,5,50.7,6,50.8,43,1,2022-02-18 09:04:19
1645175060652661000,50.8,9,50.7,11,50.8,34,1,2022-02-18 09:04:20
1645175060677256000,50.8,4,50.7,11,50.8,30,1,2022-02-18 09:04:20
1645175060893561000,50.7,1,50.7,10,50.8,30,2,2022-02-18 09:04:20
1645175061564523000,50.8,5,50.7,10,50.8,25,1,2022-02-18 09:04:21
1645175061652081000,50.8,3,50.7,10,50.8,22,1,2022-02-18 09:04:21
1645175061889014000,50.8,10,50.7,11,50.8,12,1,2022-02-18 09:04:21
1645175061924096000,50.8,3,50.7,11,50.8,9,1,2022-02-18 09:04:21
1645175062376711000,50.8,3,50.7,12,50.8,11,1,2022-02-18 09:04:22
1645175062772185000,50.8,5,50.7,12,50.8,6,1,2022-02-18 09:04:22
1645175062805511000,50.8,2,50.7,12,50.8,4,1,2022-02-18 09:04:22
1645175064521679000,50.8,1,50.7,18,50.8,15,1,2022-02-18 09:04:24
1645175065248478000,50.8,1,50.7,18,50.8,14,1,2022-02-18 09:04:25
1645175065346385000,50.8,1,50.7,18,50.8,13,1,2022-02-18 09:04:25
1645175065809543000,50.7,10,50.7,8,50.8,13,2,2022-02-18 09:04:25
1645175066131139000,50.8,1,50.7,8,50.8,12,1,2022-02-18 09:04:26
1645175066135562000,50.7,2,50.7,6,50.8,12,2,2022-02-18 09:04:26
1645175066177855000,50.8,3,50.7,6,50.8,9,1,2022-02-18 09:04:26
1645175066683111000,50.8,3,50.7,6,50.8,6,1,2022-02-18 09:04:26
1645175066822117000,50.8,1,50.7,6,50.8,5,1,2022-02-18 09:04:26
1645175067561465000,50.7,1,50.7,5,50.8,5,2,2022-02-18 09:04:27
1645175067621749000,50.8,1,50.7,5,50.8,4,1,2022-02-18 09:04:27
1645175067860427000,50.8,2,50.7,5,50.8,2,1,2022-02-18 09:04:27
1645175067878802000,50.7,1,50.7,4,50.8,2,2,2022-02-18 09:04:27
1645175068368931000,50.8,1,50.7,4,50.8,3,1,2022-02-18 09:04:28
1645175068496005000,50.8,1,50.7,4,50.8,2,1,2022-02-18 09:04:28
1645175069589406000,50.8,1,50.7,8,50.8,3,1,2022-02-18 09:04:29
1645175069792729000,50.8,2,50.7,8,50.8,1,1,2022-02-18 09:04:29
1645175070428702000,50.7,2,50.7,11,50.8,1,2,2022-02-18 09:04:30
1645175070594442000,50.8,1,50.8,2,50.9,32,1,2022-02-18 09:04:30
1645175071078337000,50.9,1,50.8,3,50.9,31,1,2022-02-18 09:04:31
1645175072138805000,50.9,1,50.8,19,50.9,30,1,2022-02-18 09:04:32
1645175073445142000,50.9,10,50.8,24,50.9,20,1,2022-02-18 09:04:33
1645175073454485000,50.9,1,50.8,24,50.9,19,1,2022-02-18 09:04:33
1645175073597203000,50.8,1,50.8,23,50.9,19,2,2022-02-18 09:04:33
1645175073677090000,50.9,2,50.8,24,50.9,17,1,2022-02-18 09:04:33
1645175073854917000,50.9,1,50.8,25,50.9,16,1,2022-02-18 09:04:33
1645175074045803000,50.9,15,50.8,25,50.9,1,1,2022-02-18 09:04:34
1645175074077079000,50.9,1,50.8,25,51.0,88,1,2022-02-18 09:04:34
1645175074364144000,51.0,2,50.8,25,51.0,86,1,2022-02-18 09:04:34
1645175074587772000,51.0,1,50.8,25,51.0,85,1,2022-02-18 09:04:34
1645175074595882000,51.0,1,50.8,25,51.0,84,1,2022-02-18 09:04:34
1645175075021825000,50.9,1,50.9,4,51.0,84,1,2022-02-18 09:04:35
1645175075048333000,50.9,4,50.8,25,51.0,84,2,2022-02-18 09:04:35
1645175075352759000,51.0,5,50.8,25,51.0,79,1,2022-02-18 09:04:35
1645175075643727000,51.0,10,50.8,25,51.0,69,1,2022-02-18 09:04:35
1645175075722659000,50.8,3,50.8,22,51.0,69,2,2022-02-18 09:04:35
1645175077264489000,50.9,2,50.8,26,51.0,71,2,2022-02-18 09:04:37
1645175077318757000,51.0,1,50.8,26,51.0,70,1,2022-02-18 09:04:37
1645175078035924000,51.0,1,50.9,9,51.0,72,1,2022-02-18 09:04:38
1645175078166810000,51.0,4,50.9,9,51.0,68,1,2022-02-18 09:04:38
1645175078430138000,51.0,1,50.9,9,51.0,66,1,2022-02-18 09:04:38
1645175079491635000,50.9,1,50.9,8,51.0,66,2,2022-02-18 09:04:39
1645175079525338000,51.0,1,50.9,8,51.0,65,1,2022-02-18 09:04:39
1645175080020728000,51.0,1,50.9,8,51.0,64,1,2022-02-18 09:04:40
1645175080176839000,51.0,1,50.9,8,51.0,63,1,2022-02-18 09:04:40
1645175080276395000,51.0,2,50.9,8,51.0,61,1,2022-02-18 09:04:40
1645175080311802000,50.9,2,50.9,6,51.0,62,2,2022-02-18 09:04:40
1645175080340321000,50.9,6,50.8,28,51.0,62,2,2022-02-18 09:04:40
1645175080909042000,50.9,1,50.9,1,51.0,62,2,2022-02-18 09:04:40
1645175081281132000,51.0,2,50.9,1,51.0,60,1,2022-02-18 09:04:41
1645175081347432000,50.9,1,50.8,31,51.0,60,2,2022-02-18 09:04:41
1645175082421281000,51.0,1,50.9,1,51.0,59,1,2022-02-18 09:04:42
1645175082705830000,51.0,1,50.9,1,51.0,61,1,2022-02-18 09:04:42
1645175083760233000,50.9,1,50.9,5,51.0,61,2,2022-02-18 09:04:43
1645175084023802000,50.9,1,50.9,5,51.0,61,2,2022-02-18 09:04:44
1645175085363445000,51.0,1,50.9,6,51.0,61,1,2022-02-18 09:04:45
1645175085625474000,50.9,2,50.9,5,51.0,64,2,2022-02-18 09:04:45
1645175085677032000,50.9,1,50.9,4,51.0,64,2,2022-02-18 09:04:45
1645175086227407000,51.0,10,50.9,5,51.0,54,1,2022-02-18 09:04:46
1645175086618817000,50.9,5,50.8,37,51.0,54,2,2022-02-18 09:04:46
1645175087081511000,50.9,2,50.8,37,50.9,3,2,2022-02-18 09:04:47
1645175087268313000,50.8,5,50.8,32,50.9,3,2,2022-02-18 09:04:47
1645175087565221000,50.9,1,50.8,32,50.9,3,1,2022-02-18 09:04:47
1645175088289869000,50.9,3,50.8,32,50.9,7,1,2022-02-18 09:04:48
1645175088666023000,50.9,1,50.8,32,50.9,7,1,2022-02-18 09:04:48
1645175089189589000,50.9,10,50.8,32,51.0,60,1,2022-02-18 09:04:49
1645175089429129000,51.0,2,50.8,32,51.0,58,1,2022-02-18 09:04:49
1645175089914257000,50.9,1,50.8,32,50.9,6,1,2022-02-18 09:04:49
1645175089924110000,50.9,1,50.8,32,50.9,5,1,2022-02-18 09:04:49
1645175090048312000,50.9,1,50.8,32,50.9,4,1,2022-02-18 09:04:50
1645175091456949000,50.9,1,50.8,31,50.9,4,1,2022-02-18 09:04:51
1645175092033971000,50.9,1,50.8,31,50.9,8,1,2022-02-18 09:04:52
1645175092216109000,50.9,1,50.8,31,50.9,7,1,2022-02-18 09:04:52
1645175092752266000,50.9,4,50.8,31,50.9,6,1,2022-02-18 09:04:52
1645175092797042000,50.9,6,50.9,4,51.0,61,1,2022-02-18 09:04:52
1645175093227956000,50.9,2,50.9,2,51.0,61,2,2022-02-18 09:04:53
1645175093257087000,50.9,2,50.9,1,51.0,61,2,2022-02-18 09:04:53
1645175094520409000,50.9,1,50.9,2,51.0,61,2,2022-02-18 09:04:54
1645175094998466000,51.0,1,50.9,2,51.0,63,1,2022-02-18 09:04:54
1645175095240517000,51.0,1,50.9,3,51.0,62,1,2022-02-18 09:04:55
1645175095580864000,51.0,4,50.9,3,51.0,58,1,2022-02-18 09:04:55
1645175095895731000,51.0,2,50.9,3,51.0,56,1,2022-02-18 09:04:55
1645175096078184000,51.0,5,50.9,3,51.0,52,1,2022-02-18 09:04:56
1645175096785690000,51.0,2,50.9,7,51.0,50,1,2022-02-18 09:04:56
1645175096802100000,51.0,16,50.9,7,51.0,34,1,2022-02-18 09:04:56
1645175097506099000,51.0,40,51.0,10,51.1,25,1,2022-02-18 09:04:57
1645175097509539000,51.0,1,51.0,9,51.1,25,2,2022-02-18 09:04:57
1645175097552130000,51.0,1,51.0,8,51.1,25,2,2022-02-18 09:04:57
1645175097599262000,51.0,1,51.0,7,51.1,25,2,2022-02-18 09:04:57
1645175097907690000,51.1,2,51.0,7,51.1,23,1,2022-02-18 09:04:57
1645175097978583000,51.0,5,51.0,5,51.1,23,2,2022-02-18 09:04:57
1645175098235252000,51.0,2,51.0,3,51.1,18,2,2022-02-18 09:04:58
1645175098506682000,51.0,3,51.0,3,51.1,21,2,2022-02-18 09:04:58
1645175098763450000,51.1,3,51.0,3,51.1,18,1,2022-02-18 09:04:58
1645175098811672000,51.1,10,51.0,3,51.1,8,1,2022-02-18 09:04:58
1645175098947123000,51.1,3,51.0,3,51.1,5,1,2022-02-18 09:04:58
1645175099237216000,51.1,3,51.0,4,51.1,2,1,2022-02-18 09:04:59
1645175099251190000,51.1,2,51.1,2,51.2,35,1,2022-02-18 09:04:59
1645175099539464000,51.2,1,51.1,3,51.2,34,1,2022-02-18 09:04:59
1645175099649718000,51.2,1,51.1,3,51.2,33,1,2022-02-18 09:04:59
1645175099722167000,51.2,1,51.1,3,51.2,32,1,2022-02-18 09:04:59
1645175100635833000,51.2,1,51.1,3,51.2,40,1,2022-02-18 09:05:00
1645175100744777000,51.1,3,50.9,15,51.0,3,2,2022-02-18 09:05:00
1645175100744777000,51.0,4,50.9,15,51.0,3,2,2022-02-18 09:05:00
1645175100748757000,51.0,1,50.9,15,51.0,2,1,2022-02-18 09:05:00
1645175101002073000,51.0,1,50.9,15,51.0,1,1,2022-02-18 09:05:01
1645175101121479000,51.0,1,50.9,15,51.2,40,1,2022-02-18 09:05:01
1645175101390177000,51.2,3,50.9,15,51.2,37,1,2022-02-18 09:05:01
1645175101741158000,50.9,5,50.9,10,51.2,37,2,2022-02-18 09:05:01
1645175102135594000,51.2,1,50.9,11,51.2,36,1,2022-02-18 09:05:02
1645175102157677000,50.9,1,50.9,10,51.2,36,2,2022-02-18 09:05:02
1645175102209441000,51.1,1,51.1,9,51.2,36,2,2022-02-18 09:05:02
1645175102604350000,51.1,4,51.1,10,51.2,36,2,2022-02-18 09:05:02
1645175102606632000,51.1,8,51.1,2,51.2,36,2,2022-02-18 09:05:02
1645175102681949000,51.2,1,51.1,2,51.2,35,1,2022-02-18 09:05:02
1645175102976302000,51.1,2,51.0,1,51.2,35,2,2022-02-18 09:05:02
1645175103203398000,51.2,1,51.0,1,51.2,34,1,2022-02-18 09:05:03
1645175103464839000,51.2,1,51.0,1,51.2,33,1,2022-02-18 09:05:03
1645175104220941000,51.0,1,51.0,1,51.1,10,2,2022-02-18 09:05:04
1645175104894522000,51.0,1,50.9,17,51.1,16,2,2022-02-18 09:05:04
1645175106535312000,51.1,2,51.0,8,51.1,22,1,2022-02-18 09:05:06
1645175106982757000,51.1,1,51.0,8,51.1,21,1,2022-02-18 09:05:06
1645175107115421000,51.0,5,51.0,3,51.1,21,2,2022-02-18 09:05:07
1645175107454603000,51.1,1,51.0,43,51.1,20,1,2022-02-18 09:05:07
1645175107642076000,51.0,15,51.0,38,51.1,20,2,2022-02-18 09:05:07
1645175107827777000,51.1,1,51.0,38,51.1,19,1,2022-02-18 09:05:07
1645175108314672000,51.0,1,51.0,47,51.1,29,2,2022-02-18 09:05:08
1645175108471706000,51.1,1,51.0,47,51.1,28,1,2022-02-18 09:05:08
1645175109319922000,51.0,2,51.0,56,51.1,29,2,2022-02-18 09:05:09
1645175109324356000,51.0,2,51.0,54,51.1,29,2,2022-02-18 09:05:09
1645175109613796000,51.1,1,51.0,55,51.1,28,1,2022-02-18 09:05:09
1645175109616436000,51.1,1,51.0,55,51.1,27,1,2022-02-18 09:05:09
1645175109883831000,51.0,2,51.0,53,51.1,27,2,2022-02-18 09:05:09
1645175109903124000,51.0,1,51.0,52,51.1,27,2,2022-02-18 09:05:09
1645175110304740000,51.1,3,51.0,54,51.1,25,1,2022-02-18 09:05:10
1645175110688465000,51.0,9,51.0,47,51.1,28,2,2022-02-18 09:05:10
1645175111028827000,51.0,4,51.0,43,51.1,29,2,2022-02-18 09:05:11
1645175111085454000,51.1,1,51.0,43,51.1,28,1,2022-02-18 09:05:11
1645175112061538000,51.1,1,51.0,44,51.1,27,1,2022-02-18 09:05:12
1645175112200934000,51.1,5,51.0,44,51.1,22,1,2022-02-18 09:05:12
1645175112810071000,51.1,1,51.0,45,51.1,24,1,2022-02-18 09:05:12
1645175113153616000,51.1,10,51.0,35,51.1,21,1,2022-02-18 09:05:13
1645175113246523000,51.1,3,51.0,35,51.1,18,1,2022-02-18 09:05:13
1645175113336924000,51.1,3,51.0,35,51.1,16,1,2022-02-18 09:05:13
1645175113850806000,51.1,4,51.0,35,51.1,12,1,2022-02-18 09:05:13
1645175113890918000,51.1,5,51.0,35,51.1,7,1,2022-02-18 09:05:13
1645175114062404000,51.1,1,51.0,36,51.1,7,1,2022-02-18 09:05:14
1645175114291046000,51.1,5,51.0,37,51.1,7,1,2022-02-18 09:05:14
1645175114549528000,51.1,1,51.0,37,51.1,6,1,2022-02-18 09:05:14
1645175115231471000,51.1,1,51.0,37,51.1,8,1,2022-02-18 09:05:15
1645175115302070000,51.1,1,51.0,37,51.1,7,1,2022-02-18 09:05:15
1645175116155443000,51.1,10,51.0,38,51.1,3,1,2022-02-18 09:05:16
1645175116917325000,51.1,2,51.1,8,51.2,56,2,2022-02-18 09:05:16
1645175116923806000,51.1,1,51.1,7,51.2,56,2,2022-02-18 09:05:16
1645175116945116000,51.1,7,51.0,38,51.2,56,2,2022-02-18 09:05:16
1645175116985260000,51.1,1,51.0,38,51.1,2,2,2022-02-18 09:05:16
1645175117909397000,51.1,2,51.1,9,51.2,48,2,2022-02-18 09:05:17
1645175120000636000,51.1,1,51.1,14,51.2,48,2,2022-02-18 09:05:20
1645175120378249000,51.1,2,51.1,12,51.2,48,2,2022-02-18 09:05:20
1645175120436280000,51.1,4,51.1,10,51.2,48,2,2022-02-18 09:05:20
1645175120471429000,51.1,5,51.1,6,51.2,48,2,2022-02-18 09:05:20
1645175120795064000,51.2,1,51.1,7,51.2,47,1,2022-02-18 09:05:20
1645175121075014000,51.1,5,51.1,2,51.2,47,2,2022-02-18 09:05:21
1645175121104499000,51.1,2,51.0,39,51.2,47,2,2022-02-18 09:05:21
1645175121667637000,51.1,2,51.0,40,51.1,5,1,2022-02-18 09:05:21
1645175121765939000,51.1,1,51.0,41,51.1,7,1,2022-02-18 09:05:21
1645175121896108000,51.1,3,51.0,41,51.1,4,1,2022-02-18 09:05:21
1645175122445022000,51.1,1,51.0,42,51.1,9,1,2022-02-18 09:05:22
1645175122636527000,51.1,3,51.0,42,51.1,20,1,2022-02-18 09:05:22
1645175123598931000,51.1,1,51.0,42,51.1,25,1,2022-02-18 09:05:23
1645175123631424000,51.0,5,51.0,37,51.1,25,2,2022-02-18 09:05:23
1645175123654953000,51.1,4,51.0,37,51.1,21,1,2022-02-18 09:05:23
1645175123660168000,51.0,4,51.0,33,51.1,21,2,2022-02-18 09:05:23
1645175123687848000,51.0,5,51.0,28,51.1,21,2,2022-02-18 09:05:23
1645175123712219000,51.1,2,51.0,28,51.1,19,1,2022-02-18 09:05:23
1645175123739120000,51.0,1,51.0,27,51.1,23,2,2022-02-18 09:05:23
1645175124218985000,51.0,6,51.0,22,51.1,29,2,2022-02-18 09:05:24
1645175124251600000,51.0,5,51.0,17,51.1,29,2,2022-02-18 09:05:24
1645175124290975000,51.0,5,51.0,12,51.1,32,2,2022-02-18 09:05:24
1645175124438581000,51.0,5,51.0,7,51.1,29,2,2022-02-18 09:05:24
1645175124465046000,51.0,1,51.0,6,51.1,29,2,2022-02-18 09:05:24
1645175124467460000,51.0,3,51.0,3,51.1,29,2,2022-02-18 09:05:24
1645175124496524000,51.0,3,50.9,18,51.1,29,2,2022-02-18 09:05:24
1645175125026417000,51.0,1,50.9,18,51.0,75,1,2022-02-18 09:05:25
1645175125110479000,51.0,1,50.9,18,51.0,74,1,2022-02-18 09:05:25
1645175125384754000,51.0,1,50.9,18,51.0,79,1,2022-02-18 09:05:25
1645175125507116000,50.9,5,50.9,13,51.0,79,2,2022-02-18 09:05:25
1645175125546062000,51.0,1,50.9,13,51.0,79,1,2022-02-18 09:05:25
1645175125609583000,50.9,5,50.9,8,51.0,79,2,2022-02-18 09:05:25
1645175125648307000,50.9,3,50.9,5,51.0,79,2,2022-02-18 09:05:25
1645175125679164000,50.9,5,50.8,36,51.0,79,2,2022-02-18 09:05:25
1645175126121037000,50.9,10,50.8,36,50.9,2,1,2022-02-18 09:05:26
1645175126551303000,50.8,5,50.8,31,50.9,20,2,2022-02-18 09:05:26
1645175126721910000,50.8,1,50.8,30,50.9,20,2,2022-02-18 09:05:26
1645175126895713000,50.8,3,50.8,27,50.9,21,2,2022-02-18 09:05:26
1645175126926576000,50.8,1,50.8,26,50.9,35,2,2022-02-18 09:05:26
1645175127272586000,50.8,5,50.8,21,50.9,36,2,2022-02-18 09:05:27
1645175127311950000,50.8,1,50.8,20,50.9,40,2,2022-02-18 09:05:27
1645175127316508000,50.9,1,50.8,20,50.9,39,1,2022-02-18 09:05:27
1645175127331420000,50.8,5,50.8,15,50.9,39,2,2022-02-18 09:05:27
1645175127499012000,50.8,5,50.8,10,50.9,40,2,2022-02-18 09:05:27
1645175127521403000,50.8,9,50.8,1,50.9,40,2,2022-02-18 09:05:27
1645175127553799000,50.8,1,50.7,26,50.9,40,2,2022-02-18 09:05:27
1645175127658448000,50.9,1,50.7,26,50.9,39,1,2022-02-18 09:05:27
1645175127857965000,50.9,1,50.7,26,50.9,38,1,2022-02-18 09:05:27
1645175128164493000,50.8,1,50.7,26,50.8,5,1,2022-02-18 09:05:28
1645175128306217000,50.7,1,50.7,25,50.8,7,2,2022-02-18 09:05:28
1645175129176394000,50.7,1,50.7,24,50.8,41,2,2022-02-18 09:05:29
1645175129305595000,50.8,1,50.7,24,50.8,40,1,2022-02-18 09:05:29
1645175129366348000,50.8,1,50.7,24,50.8,43,1,2022-02-18 09:05:29
1645175129845996000,50.7,3,50.7,21,50.8,43,2,2022-02-18 09:05:29
1645175129935896000,50.7,1,50.7,20,50.8,43,2,2022-02-18 09:05:29
1645175129950992000,50.8,1,50.7,20,50.8,42,1,2022-02-18 09:05:29
1645175130181223000,50.7,1,50.7,19,50.8,45,2,2022-02-18 09:05:30
1645175130254240000,50.7,10,50.7,9,50.8,45,2,2022-02-18 09:05:30
1645175130286796000,50.7,2,50.7,7,50.8,41,2,2022-02-18 09:05:30
1645175130292573000,50.7,3,50.7,4,50.8,41,2,2022-02-18 09:05:30
1645175130438477000,50.8,1,50.7,4,50.8,37,1,2022-02-18 09:05:30
1645175130558466000,50.7,1,50.7,3,50.8,37,2,2022-02-18 09:05:30
1645175130591572000,50.7,1,50.7,2,50.8,37,2,2022-02-18 09:05:30
1645175130745626000,50.7,2,50.6,25,50.7,8,2,2022-02-18 09:05:30
1645175130811041000,50.6,4,50.6,21,50.7,8,2,2022-02-18 09:05:30
1645175131538454000,50.7,1,50.6,21,50.7,16,1,2022-02-18 09:05:31
1645175131568606000,50.7,1,50.6,21,50.7,15,1,2022-02-18 09:05:31
1645175131606688000,50.6,5,50.6,16,50.7,15,2,2022-02-18 09:05:31
1645175131731563000,50.7,10,50.6,16,50.7,5,1,2022-02-18 09:05:31
1645175131888993000,50.7,1,50.6,16,50.7,10,1,2022-02-18 09:05:31
1645175131897414000,50.7,2,50.6,16,50.7,8,1,2022-02-18 09:05:31
1645175132025176000,50.6,1,50.6,15,50.7,8,2,2022-02-18 09:05:32
1645175132107534000,50.6,1,50.6,14,50.7,8,2,2022-02-18 09:05:32
1645175132194405000,50.7,1,50.6,14,50.7,7,1,2022-02-18 09:05:32
1645175132710443000,50.7,7,50.6,14,50.8,5,1,2022-02-18 09:05:32
1645175132710443000,50.8,34,50.6,14,50.8,5,1,2022-02-18 09:05:32
1645175132811999000,50.6,1,50.6,13,50.7,6,2,2022-02-18 09:05:32
1645175133773194000,50.7,1,50.6,13,50.7,29,1,2022-02-18 09:05:33
1645175133842090000,50.7,1,50.6,13,50.7,28,1,2022-02-18 09:05:33
1645175134121208000,50.7,1,50.6,13,50.7,28,1,2022-02-18 09:05:34
1645175134715703000,50.7,1,50.6,14,50.7,31,1,2022-02-18 09:05:34
1645175134889448000,50.6,1,50.6,13,50.7,31,2,2022-02-18 09:05:34
1645175134935225000,50.6,1,50.6,12,50.7,31,2,2022-02-18 09:05:34
1645175135093477000,50.6,1,50.6,11,50.7,31,2,2022-02-18 09:05:35
1645175135205596000,50.7,1,50.6,11,50.7,30,1,2022-02-18 09:05:35
1645175135383023000,50.7,5,50.6,11,50.7,25,1,2022-02-18 09:05:35
1645175135470160000,50.7,2,50.6,11,50.7,23,1,2022-02-18 09:05:35
1645175135722711000,50.7,3,50.6,11,50.7,20,1,2022-02-18 09:05:35
1645175136269464000,50.6,1,50.6,10,50.7,20,2,2022-02-18 09:05:36
1645175136425704000,50.6,2,50.6,8,50.7,20,2,2022-02-18 09:05:36
1645175137278287000,50.7,1,50.6,8,50.7,8,1,2022-02-18 09:05:37
1645175137434342000,50.6,2,50.6,6,50.7,8,2,2022-02-18 09:05:37
1645175137904344000,50.6,5,50.6,31,50.7,8,2,2022-02-18 09:05:37
1645175138097227000,50.7,8,50.6,46,50.8,10,1,2022-02-18 09:05:38
1645175138244780000,50.6,2,50.6,47,50.8,10,2,2022-02-18 09:05:38
1645175138448473000,50.6,1,50.6,46,50.8,10,2,2022-02-18 09:05:38
1645175138718148000,50.8,1,50.6,47,50.8,9,1,2022-02-18 09:05:38
1645175138763526000,50.6,2,50.6,45,50.8,9,2,2022-02-18 09:05:38
1645175138881755000,50.6,1,50.6,47,50.8,9,2,2022-02-18 09:05:38
1645175139507048000,50.7,1,50.7,9,50.8,9,2,2022-02-18 09:05:39
1645175139548473000,50.8,9,50.7,9,50.9,11,1,2022-02-18 09:05:39
1645175139548473000,50.9,1,50.7,9,50.9,11,1,2022-02-18 09:05:39
1645175139798418000,50.9,1,50.7,10,50.9,10,1,2022-02-18 09:05:39
1645175139833148000,50.9,2,50.7,10,50.9,8,1,2022-02-18 09:05:39
1645175141904134000,50.8,1,50.7,12,50.9,11,1,2022-02-18 09:05:41
1645175141940820000,50.7,12,50.6,63,50.9,11,2,2022-02-18 09:05:41
1645175142243316000,50.8,1,50.6,63,50.9,11,1,2022-02-18 09:05:42
1645175142518694000,50.6,1,50.6,62,50.9,11,2,2022-02-18 09:05:42
1645175143684443000,50.9,2,50.7,11,50.9,10,1,2022-02-18 09:05:43
1645175144534102000,50.8,1,50.7,14,50.8,7,1,2022-02-18 09:05:44
1645175144988774000,50.8,1,50.7,11,50.8,6,1,2022-02-18 09:05:44
1645175145549286000,50.8,2,50.7,16,50.8,4,1,2022-02-18 09:05:45
1645175145578812000,50.8,4,50.7,16,50.9,10,1,2022-02-18 09:05:45
1645175145866518000,50.8,1,50.7,7,50.9,10,2,2022-02-18 09:05:45
1645175145866518000,50.7,9,50.7,7,50.9,10,2,2022-02-18 09:05:45
1645175146250556000,50.7,1,50.7,8,50.9,19,2,2022-02-18 09:05:46
1645175146393649000,50.7,1,50.7,7,50.9,19,2,2022-02-18 09:05:46
1645175146489788000,50.7,4,50.7,3,50.9,22,2,2022-02-18 09:05:46
1645175148492629000,50.8,1,50.7,2,50.9,24,2,2022-02-18 09:05:48
1645175148492629000,50.7,4,50.7,2,50.9,24,2,2022-02-18 09:05:48
1645175148495059000,50.9,1,50.7,2,50.9,23,1,2022-02-18 09:05:48
1645175148591600000,50.9,1,50.7,2,50.9,22,1,2022-02-18 09:05:48
1645175149949178000,50.7,1,50.7,8,50.9,22,2,2022-02-18 09:05:49
1645175150540474000,50.7,5,50.7,3,50.9,23,2,2022-02-18 09:05:50
1645175150550838000,50.7,1,50.7,2,50.9,23,2,2022-02-18 09:05:50
1645175150597882000,50.7,1,50.7,1,50.8,1,2,2022-02-18 09:05:50
1645175150642462000,50.7,1,50.6,81,50.8,1,2,2022-02-18 09:05:50
1645175151790736000,50.8,1,50.8,1,50.9,23,1,2022-02-18 09:05:51
1645175152191009000,50.8,1,50.8,1,50.9,20,2,2022-02-18 09:05:52
1645175153213101000,50.8,1,50.7,11,50.9,24,2,2022-02-18 09:05:53
1645175153380854000,50.9,20,50.8,3,50.9,4,1,2022-02-18 09:05:53
1645175154169967000,50.8,1,50.8,2,50.9,11,2,2022-02-18 09:05:54
1645175154324342000,50.8,2,50.7,12,50.9,11,2,2022-02-18 09:05:54
1645175154504264000,50.7,1,50.7,11,50.9,11,2,2022-02-18 09:05:54
1645175154512326000,50.7,1,50.7,10,50.9,11,2,2022-02-18 09:05:54
1645175154776978000,50.9,1,50.7,10,50.9,10,1,2022-02-18 09:05:54
1645175155910917000,50.7,1,50.7,11,50.8,10,2,2022-02-18 09:05:55
1645175156069476000,50.7,1,50.7,10,50.8,10,2,2022-02-18 09:05:56
1645175156780366000,50.8,1,50.7,10,50.8,9,1,2022-02-18 09:05:56
1645175157067836000,50.8,9,50.7,10,50.9,4,1,2022-02-18 09:05:57
1645175157067836000,50.9,6,50.7,10,50.9,4,1,2022-02-18 09:05:57
1645175157330726000,50.9,1,50.7,10,50.9,3,1,2022-02-18 09:05:57
1645175157586843000,50.9,1,50.7,10,50.9,3,1,2022-02-18 09:05:57
1645175157979024000,50.7,5,50.7,5,50.9,3,2,2022-02-18 09:05:57
1645175158926907000,50.9,1,50.7,6,50.9,5,1,2022-02-18 09:05:58
1645175159846899000,50.9,1,50.8,1,50.9,6,1,2022-02-18 09:05:59
1645175160807985000,50.9,1,50.8,1,50.9,5,1,2022-02-18 09:06:00
1645175161542506000,50.9,3,50.8,2,50.9,2,1,2022-02-18 09:06:01
1645175162237276000,50.9,1,50.8,2,50.9,1,1,2022-02-18 09:06:02
1645175162271147000,50.9,1,50.8,2,51.0,63,1,2022-02-18 09:06:02
1645175163045906000,51.0,4,50.8,2,51.0,59,1,2022-02-18 09:06:03
1645175163743662000,50.8,2,50.8,2,50.9,5,2,2022-02-18 09:06:03
1645175166258837000,50.9,2,50.8,5,50.9,8,1,2022-02-18 09:06:06
1645175166587863000,50.8,4,50.8,1,50.9,9,2,2022-02-18 09:06:06
1645175166711813000,50.8,1,50.7,27,50.8,2,2,2022-02-18 09:06:06
1645175166737561000,50.8,2,50.7,27,50.9,9,1,2022-02-18 09:06:06
1645175168158494000,50.9,8,50.8,2,50.9,6,1,2022-02-18 09:06:08
1645175169315246000,50.9,2,50.8,2,50.9,4,1,2022-02-18 09:06:09
1645175170080190000,50.9,1,50.8,2,50.9,3,1,2022-02-18 09:06:10
1645175170109543000,50.9,2,50.8,2,51.0,64,1,2022-02-18 09:06:10
1645175170249875000,50.8,2,50.7,52,50.8,2,2,2022-02-18 09:06:10
1645175170269135000,50.8,1,50.7,52,50.8,1,1,2022-02-18 09:06:10
1645175170335345000,50.8,1,50.7,52,51.0,64,1,2022-02-18 09:06:10
1645175172294890000,50.8,1,50.7,64,50.8,19,1,2022-02-18 09:06:12
1645175173306961000,50.8,1,50.7,65,50.8,36,1,2022-02-18 09:06:13
1645175173495701000,50.8,3,50.7,65,50.8,33,1,2022-02-18 09:06:13
1645175173586263000,50.7,5,50.7,60,50.8,33,2,2022-02-18 09:06:13
1645175174586172000,50.7,46,50.7,14,50.8,33,2,2022-02-18 09:06:14
1645175174645698000,50.7,1,50.7,13,50.8,33,2,2022-02-18 09:06:14
1645175174928484000,50.7,4,50.7,10,50.8,34,2,2022-02-18 09:06:14
1645175175155443000,50.8,1,50.7,10,50.8,33,1,2022-02-18 09:06:15
1645175175195330000,50.7,1,50.7,9,50.8,33,2,2022-02-18 09:06:15
1645175175369821000,50.7,1,50.7,8,50.8,33,2,2022-02-18 09:06:15
1645175175854260000,50.7,2,50.7,6,50.8,35,2,2022-02-18 09:06:15
1645175175898703000,50.7,2,50.7,4,50.8,35,2,2022-02-18 09:06:15
1645175176347008000,50.7,1,50.7,3,50.8,39,2,2022-02-18 09:06:16
1645175176367170000,50.7,3,50.6,78,50.8,39,2,2022-02-18 09:06:16
1645175176618682000,50.7,3,50.6,78,50.7,1,1,2022-02-18 09:06:16
1645175176685834000,50.7,1,50.6,78,50.8,31,1,2022-02-18 09:06:16
1645175176685834000,50.8,9,50.6,78,50.8,31,1,2022-02-18 09:06:16
1645175177065187000,50.6,4,50.6,74,50.8,29,2,2022-02-18 09:06:17
1645175177446244000,50.6,1,50.6,73,50.7,2,2,2022-02-18 09:06:17
1645175177754316000,50.7,3,50.7,2,50.8,33,1,2022-02-18 09:06:17
1645175178041951000,50.7,2,50.6,73,50.8,33,2,2022-02-18 09:06:18
1645175178650916000,50.7,1,50.9,197,51.0,35,1,2022-02-18 09:06:18
1645175178650916000,50.8,39,50.9,197,51.0,35,1,2022-02-18 09:06:18
1645175178650916000,50.9,13,50.9,197,51.0,35,1,2022-02-18 09:06:18
1645175178690886000,50.9,1,50.9,196,51.0,35,2,2022-02-18 09:06:18
1645175178898923000,50.9,5,50.9,191,51.0,35,2,2022-02-18 09:06:18
1645175179381297000,50.9,1,50.9,190,51.0,34,2,2022-02-18 09:06:19
1645175179501308000,50.9,5,50.9,185,51.0,34,2,2022-02-18 09:06:19
1645175180727795000,50.9,2,50.9,183,51.0,34,2,2022-02-18 09:06:20
1645175180959507000,50.9,1,50.9,182,51.0,34,2,2022-02-18 09:06:20
1645175181033466000,51.0,10,50.9,182,51.0,24,1,2022-02-18 09:06:21
1645175181127946000,50.9,1,50.9,181,51.0,24,2,2022-02-18 09:06:21
1645175182229161000,51.0,2,50.9,181,51.0,22,1,2022-02-18 09:06:22
1645175182268272000,50.9,1,50.9,180,51.0,22,2,2022-02-18 09:06:22
1645175182323256000,51.0,4,50.9,180,51.0,18,1,2022-02-18 09:06:22
1645175182949950000,50.9,1,50.9,179,51.0,21,2,2022-02-18 09:06:22
1645175183034681000,50.9,1,50.9,178,51.0,21,2,2022-02-18 09:06:23
1645175183604211000,51.0,1,50.9,178,51.0,25,1,2022-02-18 09:06:23
1645175185131044000,50.9,5,50.9,173,51.0,27,2,2022-02-18 09:06:25
1645175185454256000,51.0,2,50.9,173,51.0,25,1,2022-02-18 09:06:25
1645175187319221000,51.0,5,50.9,175,51.0,24,1,2022-02-18 09:06:27
1645175187731937000,50.9,10,50.9,165,51.0,24,2,2022-02-18 09:06:27
1645175188377917000,50.9,1,50.9,164,51.0,24,2,2022-02-18 09:06:28
1645175188578606000,50.9,1,50.9,163,51.0,24,2,2022-02-18 09:06:28
1645175189412543000,51.0,5,50.9,163,51.0,19,1,2022-02-18 09:06:29
1645175190728061000,51.0,2,50.9,163,51.0,19,1,2022-02-18 09:06:30
1645175191017108000,51.0,1,50.9,164,51.0,21,1,2022-02-18 09:06:31
1645175191140554000,51.0,1,50.9,164,51.0,20,1,2022-02-18 09:06:31
1645175191392964000,51.0,1,50.9,164,51.0,19,1,2022-02-18 09:06:31
1645175191663368000,51.0,2,50.9,164,51.0,17,1,2022-02-18 09:06:31
1645175191832536000,50.9,1,50.9,163,51.0,17,2,2022-02-18 09:06:31
1645175192294359000,51.0,1,50.9,163,51.0,24,1,2022-02-18 09:06:32
1645175192605330000,50.9,5,50.9,158,51.0,24,2,2022-02-18 09:06:32
1645175192722958000,51.0,1,50.9,158,51.0,23,1,2022-02-18 09:06:32
1645175192964892000,51.0,1,50.9,158,51.0,22,1,2022-02-18 09:06:32
1645175194552266000,51.0,1,50.9,158,51.0,24,1,2022-02-18 09:06:34
1645175194675905000,51.0,1,50.9,158,51.0,23,1,2022-02-18 09:06:34
1645175195041597000,51.0,21,50.9,158,51.0,2,1,2022-02-18 09:06:35
1645175195211762000,50.9,2,50.9,156,51.0,2,2,2022-02-18 09:06:35
1645175195418010000,51.0,1,50.9,156,51.0,1,1,2022-02-18 09:06:35
1645175195462898000,51.0,1,51.0,1,51.1,21,1,2022-02-18 09:06:35
1645175195464820000,51.1,1,51.0,1,51.1,20,1,2022-02-18 09:06:35
1645175195569216000,51.1,1,51.0,4,51.1,19,1,2022-02-18 09:06:35
1645175195602182000,51.1,1,51.0,4,51.1,18,1,2022-02-18 09:06:35
1645175195606943000,51.1,1,51.0,4,51.1,17,1,2022-02-18 09:06:35
1645175196019894000,51.1,2,51.0,14,51.1,18,1,2022-02-18 09:06:36
1645175196299351000,51.1,2,51.0,16,51.1,16,1,2022-02-18 09:06:36
1645175196470117000,51.1,5,51.0,16,51.1,11,1,2022-02-18 09:06:36
1645175196512295000,51.1,2,51.0,16,51.1,9,1,2022-02-18 09:06:36
1645175196516258000,51.1,4,51.0,16,51.1,5,1,2022-02-18 09:06:36
1645175196672279000,51.0,2,51.0,14,51.1,5,2,2022-02-18 09:06:36
1645175196693978000,51.1,1,51.0,14,51.1,4,1,2022-02-18 09:06:36
1645175196721208000,51.1,2,51.0,14,51.1,2,1,2022-02-18 09:06:36
1645175196867234000,51.1,1,51.0,14,51.1,1,1,2022-02-18 09:06:36
1645175196906382000,51.1,1,51.0,15,51.2,59,1,2022-02-18 09:06:36
1645175197063711000,51.0,1,51.0,14,51.2,59,2,2022-02-18 09:06:37
1645175197345980000,51.1,1,51.1,4,51.2,61,2,2022-02-18 09:06:37
1645175197611938000,51.2,1,51.1,4,51.2,60,1,2022-02-18 09:06:37
1645175197864882000,51.2,2,51.1,4,51.2,58,1,2022-02-18 09:06:37
1645175198176543000,51.2,2,51.1,4,51.2,56,1,2022-02-18 09:06:38
1645175198239130000,51.2,8,51.1,4,51.2,48,1,2022-02-18 09:06:38
1645175198582857000,51.2,1,51.1,5,51.2,47,1,2022-02-18 09:06:38
1645175199678072000,51.2,2,51.1,10,51.2,40,1,2022-02-18 09:06:39
1645175199887206000,51.2,1,51.1,10,51.2,39,1,2022-02-18 09:06:39
1645175200069168000,51.2,1,51.1,10,51.2,38,1,2022-02-18 09:06:40
1645175200236880000,51.2,5,51.1,10,51.2,33,1,2022-02-18 09:06:40
1645175200290660000,51.2,11,51.1,10,51.2,22,1,2022-02-18 09:06:40
1645175200331960000,51.2,5,51.1,10,51.2,17,1,2022-02-18 09:06:40
1645175200549156000,51.1,1,51.1,12,51.2,17,2,2022-02-18 09:06:40
1645175200796619000,51.2,2,51.1,12,51.2,15,1,2022-02-18 09:06:40
1645175201854195000,51.2,20,51.1,12,51.2,2,1,2022-02-18 09:06:41
1645175201885701000,51.2,2,51.1,12,51.3,33,1,2022-02-18 09:06:41
1645175201998875000,51.2,1,51.1,12,51.3,33,2,2022-02-18 09:06:41
1645175202435036000,51.2,1,51.1,12,51.3,33,1,2022-02-18 09:06:42
1645175203197194000,51.3,2,51.2,1,51.3,31,1,2022-02-18 09:06:43
1645175203240254000,51.3,1,51.2,1,51.3,30,1,2022-02-18 09:06:43
1645175203274594000,51.3,1,51.2,1,51.3,29,1,2022-02-18 09:06:43
1645175203331990000,51.2,1,51.2,2,51.3,29,2,2022-02-18 09:06:43
1645175203377102000,51.2,1,51.2,1,51.3,29,2,2022-02-18 09:06:43
1645175203625643000,51.2,1,51.2,17,51.3,29,2,2022-02-18 09:06:43
1645175203792216000,51.3,1,51.2,19,51.3,28,1,2022-02-18 09:06:43
1645175203816716000,51.3,10,51.2,19,51.3,18,1,2022-02-18 09:06:43
1645175204184784000,51.3,8,51.2,19,51.3,10,1,2022-02-18 09:06:44
1645175204212776000,51.3,2,51.2,19,51.3,8,1,2022-02-18 09:06:44
1645175204216587000,51.3,4,51.2,19,51.3,4,1,2022-02-18 09:06:44
1645175204243168000,51.3,2,51.2,19,51.3,2,1,2022-02-18 09:06:44
1645175204243511000,51.3,2,51.2,19,51.4,42,1,2022-02-18 09:06:44
1645175204273198000,51.4,1,51.2,20,51.4,41,1,2022-02-18 09:06:44
1645175204320789000,51.2,2,51.2,18,51.4,41,2,2022-02-18 09:06:44
1645175204321497000,51.4,3,51.2,18,51.4,38,1,2022-02-18 09:06:44
1645175204431580000,51.4,1,51.2,18,51.4,36,1,2022-02-18 09:06:44
1645175204471339000,51.4,1,51.2,18,51.4,35,1,2022-02-18 09:06:44
1645175204484752000,51.4,1,51.2,18,51.4,34,1,2022-02-18 09:06:44
1645175204585910000,51.2,1,51.2,17,51.4,34,2,2022-02-18 09:06:44
1645175204749977000,51.4,34,51.4,166,51.5,106,1,2022-02-18 09:06:44
1645175204803171000,51.5,1,51.4,166,51.5,105,1,2022-02-18 09:06:44
1645175204804348000,51.5,1,51.4,166,51.5,104,1,2022-02-18 09:06:44
1645175204848290000,51.5,5,51.4,166,51.5,99,1,2022-02-18 09:06:44
1645175204848929000,51.5,1,51.4,166,51.5,98,1,2022-02-18 09:06:44
1645175204929372000,51.5,1,51.4,166,51.5,97,1,2022-02-18 09:06:44
1645175205012995000,51.5,1,51.4,166,51.5,96,1,2022-02-18 09:06:45
1645175205400270000,51.5,1,51.4,5,51.5,95,1,2022-02-18 09:06:45
1645175205452851000,51.5,1,51.4,5,51.5,94,1,2022-02-18 09:06:45
1645175205602523000,51.5,4,51.4,5,51.5,90,1,2022-02-18 09:06:45
1645175205748080000,51.5,4,51.4,7,51.5,86,1,2022-02-18 09:06:45
1645175206264156000,51.5,1,51.4,9,51.5,88,1,2022-02-18 09:06:46
1645175206520673000,51.5,1,51.4,7,51.5,87,1,2022-02-18 09:06:46
1645175206692897000,51.5,4,51.4,7,51.5,83,1,2022-02-18 09:06:46
1645175207074632000,51.5,1,51.4,18,51.5,82,1,2022-02-18 09:06:47
1645175207499145000,51.4,5,51.4,9,51.5,82,2,2022-02-18 09:06:47
1645175207537551000,51.4,1,51.4,8,51.5,82,2,2022-02-18 09:06:47
1645175207634607000,51.5,5,51.4,8,51.5,77,1,2022-02-18 09:06:47
1645175207857696000,51.4,1,51.4,7,51.5,77,2,2022-02-18 09:06:47
1645175208138451000,51.5,3,51.4,8,51.5,74,1,2022-02-18 09:06:48
1645175208294087000,51.4,2,51.4,6,51.5,74,2,2022-02-18 09:06:48
1645175208302110000,51.5,1,51.4,6,51.5,73,1,2022-02-18 09:06:48
1645175208404023000,51.5,1,51.4,6,51.5,72,1,2022-02-18 09:06:48
1645175208573490000,51.5,1,51.4,6,51.5,71,1,2022-02-18 09:06:48
1645175208609954000,51.4,6,51.3,5,51.5,71,2,2022-02-18 09:06:48
1645175208751235000,51.5,1,51.3,5,51.5,70,1,2022-02-18 09:06:48
1645175209070296000,51.5,1,51.3,5,51.5,70,1,2022-02-18 09:06:49
1645175209431336000,51.4,1,51.3,5,51.4,1,1,2022-02-18 09:06:49
1645175209487751000,51.4,1,51.3,5,51.5,70,1,2022-02-18 09:06:49
1645175209523313000,51.5,2,51.3,5,51.5,68,1,2022-02-18 09:06:49
1645175209679857000,51.5,1,51.3,5,51.5,67,1,2022-02-18 09:06:49
1645175209935198000,51.4,1,51.3,5,51.5,67,1,2022-02-18 09:06:49
1645175210297656000,51.5,1,51.4,1,51.5,66,1,2022-02-18 09:06:50
1645175210830221000,51.4,2,51.3,5,51.4,3,2,2022-02-18 09:06:50
1645175211210534000,51.3,1,51.3,4,51.4,6,2,2022-02-18 09:06:51
1645175211280648000,51.4,1,51.3,4,51.4,5,1,2022-02-18 09:06:51
1645175211316607000,51.4,2,51.3,4,51.4,3,1,2022-02-18 09:06:51
1645175211614880000,51.4,3,51.3,4,51.4,1,1,2022-02-18 09:06:51
1645175211817430000,51.4,2,51.3,4,51.4,1,1,2022-02-18 09:06:51
1645175211854140000,51.3,4,51.2,20,51.3,6,2,2022-02-18 09:06:51
1645175212007319000,51.3,6,51.2,13,51.4,1,1,2022-02-18 09:06:52
1645175212007319000,51.4,1,51.2,13,51.4,1,1,2022-02-18 09:06:52
1645175212248004000,51.4,1,51.2,13,51.5,85,1,2022-02-18 09:06:52
1645175212377973000,51.4,1,51.2,13,51.5,85,2,2022-02-18 09:06:52
1645175212727465000,51.3,1,51.3,4,51.5,86,2,2022-02-18 09:06:52
1645175213038052000,51.4,1,51.3,4,51.4,5,1,2022-02-18 09:06:53
1645175213070776000,51.4,1,51.3,4,51.5,86,1,2022-02-18 09:06:53
1645175213424476000,51.4,1,51.3,4,51.4,3,1,2022-02-18 09:06:53
1645175213827274000,51.4,4,51.3,4,51.4,50,1,2022-02-18 09:06:53
1645175214138337000,51.4,2,51.3,4,51.4,48,1,2022-02-18 09:06:54
1645175214582192000,51.4,1,51.3,4,51.4,65,1,2022-02-18 09:06:54
1645175214805684000,51.4,2,51.3,4,51.4,67,1,2022-02-18 09:06:54
1645175215061265000,51.4,1,51.3,4,51.4,70,1,2022-02-18 09:06:55
1645175215145154000,51.3,4,51.2,12,51.4,70,2,2022-02-18 09:06:55
1645175215312300000,51.4,2,51.2,12,51.4,68,1,2022-02-18 09:06:55
1645175215380723000,51.4,1,51.2,12,51.4,67,1,2022-02-18 09:06:55
1645175215658975000,51.4,2,51.3,1,51.4,64,1,2022-02-18 09:06:55
1645175215707868000,51.4,1,51.3,1,51.4,63,1,2022-02-18 09:06:55
1645175215906785000,51.4,1,51.3,1,51.4,63,1,2022-02-18 09:06:55
1645175215989035000,51.4,1,51.3,1,51.4,65,1,2022-02-18 09:06:55
1645175216040334000,51.3,1,51.2,12,51.3,3,2,2022-02-18 09:06:56
1645175216058648000,51.3,1,51.2,12,51.3,2,1,2022-02-18 09:06:56
1645175216115560000,51.3,1,51.2,12,51.3,1,1,2022-02-18 09:06:56
1645175216514677000,51.3,1,51.2,12,51.4,57,1,2022-02-18 09:06:56
1645175216514677000,51.4,9,51.2,12,51.4,57,1,2022-02-18 09:06:56
1645175216571096000,51.2,1,51.2,11,51.4,57,2,2022-02-18 09:06:56
1645175216799009000,51.4,1,51.2,12,51.4,56,1,2022-02-18 09:06:56
1645175216802490000,51.2,1,51.2,11,51.4,56,2,2022-02-18 09:06:56
1645175216939758000,51.4,2,51.2,11,51.4,54,1,2022-02-18 09:06:56
1645175217170386000,51.4,1,51.2,11,51.4,53,1,2022-02-18 09:06:57
1645175217693121000,51.3,1,51.2,11,51.3,8,1,2022-02-18 09:06:57
1645175217774873000,51.3,1,51.2,11,51.3,7,1,2022-02-18 09:06:57
1645175217785039000,51.3,1,51.2,11,51.3,6,1,2022-02-18 09:06:57
1645175218052241000,51.3,1,51.2,11,51.3,5,1,2022-02-18 09:06:58
1645175218074411000,51.3,5,51.2,11,51.4,58,1,2022-02-18 09:06:58
1645175218172984000,51.4,2,51.2,11,51.4,56,1,2022-02-18 09:06:58
1645175218890855000,51.3,1,51.2,11,51.4,55,1,2022-02-18 09:06:58
1645175218890855000,51.4,2,51.2,11,51.4,55,1,2022-02-18 09:06:58
1645175218891349000,51.4,2,51.2,11,51.4,53,1,2022-02-18 09:06:58
1645175219437202000,51.3,1,51.2,11,51.4,58,1,2022-02-18 09:06:59
1645175219445635000,51.4,3,51.2,11,51.4,55,1,2022-02-18 09:06:59
1645175219775651000,51.3,1,51.2,11,51.4,57,2,2022-02-18 09:06:59
1645175219844405000,51.4,1,51.2,11,51.4,56,1,2022-02-18 09:06:59
1645175220919307000,51.3,1,51.2,13,51.3,3,1,2022-02-18 09:07:00
1645175221128351000,51.3,1,51.2,13,51.3,2,1,2022-02-18 09:07:01
1645175221780015000,51.3,1,51.2,13,51.3,3,1,2022-02-18 09:07:01
1645175222460829000,51.3,2,51.2,12,51.3,3,1,2022-02-18 09:07:02
1645175222710284000,51.2,8,51.2,4,51.3,3,2,2022-02-18 09:07:02
1645175222936599000,51.3,5,51.2,4,51.3,3,1,2022-02-18 09:07:02
1645175222947057000,51.2,1,51.2,3,51.3,3,2,2022-02-18 09:07:02
1645175223051386000,51.3,1,51.2,3,51.4,61,1,2022-02-18 09:07:03
1645175223177106000,51.4,1,51.2,3,51.4,60,1,2022-02-18 09:07:03
1645175223431073000,51.4,1,51.2,4,51.4,59,1,2022-02-18 09:07:03
1645175223890913000,51.3,1,51.2,4,51.3,9,1,2022-02-18 09:07:03
1645175224034351000,51.3,1,51.2,4,51.3,8,1,2022-02-18 09:07:04
1645175224041330000,51.3,1,51.2,4,51.3,7,1,2022-02-18 09:07:04
1645175224065095000,51.3,3,51.2,4,51.3,4,1,2022-02-18 09:07:04
1645175224315975000,51.3,4,51.2,4,51.4,58,1,2022-02-18 09:07:04
1645175224315975000,51.4,1,51.2,4,51.4,58,1,2022-02-18 09:07:04
1645175224489239000,51.3,1,51.2,4,51.4,58,1,2022-02-18 09:07:04
1645175225678521000,51.3,1,51.2,5,51.3,7,1,2022-02-18 09:07:05
1645175226016012000,51.3,3,51.2,5,51.3,7,1,2022-02-18 09:07:06
1645175226472664000,51.3,1,51.2,4,51.3,18,1,2022-02-18 09:07:06
1645175226888547000,51.3,1,51.2,4,51.3,17,1,2022-02-18 09:07:06
1645175227194489000,51.3,1,51.2,5,51.3,16,1,2022-02-18 09:07:07
1645175227336718000,51.3,1,51.2,5,51.3,15,1,2022-02-18 09:07:07
1645175228030304000,51.3,1,51.2,6,51.3,18,1,2022-02-18 09:07:08
1645175228063741000,51.3,2,51.2,6,51.3,16,1,2022-02-18 09:07:08
1645175228177792000,51.3,3,51.2,16,51.3,13,1,2022-02-18 09:07:08
1645175228184030000,51.2,3,51.2,13,51.3,13,2,2022-02-18 09:07:08
1645175229025723000,51.3,1,51.2,15,51.3,17,1,2022-02-18 09:07:09
1645175229576677000,51.3,2,51.2,15,51.3,22,1,2022-02-18 09:07:09
1645175229964499000,51.3,1,51.2,15,51.3,26,1,2022-02-18 09:07:09
1645175230382631000,51.3,3,51.2,16,51.3,28,1,2022-02-18 09:07:10
1645175230409637000,51.2,1,51.2,15,51.3,28,2,2022-02-18 09:07:10
1645175230494103000,51.2,9,51.2,6,51.3,33,2,2022-02-18 09:07:10
1645175230997236000,51.3,10,51.2,6,51.3,28,1,2022-02-18 09:07:10
1645175231184354000,51.3,5,51.2,6,51.3,24,1,2022-02-18 09:07:11
1645175231234065000,51.3,3,51.2,6,51.3,21,1,2022-02-18 09:07:11
1645175231256822000,51.2,4,51.2,2,51.3,21,2,2022-02-18 09:07:11
1645175231385301000,51.2,2,51.1,16,51.2,18,2,2022-02-18 09:07:11
1645175231598418000,51.2,5,51.1,16,51.2,15,1,2022-02-18 09:07:11
1645175232073169000,51.2,1,51.1,17,51.2,14,1,2022-02-18 09:07:12
1645175232152708000,51.2,1,51.1,17,51.2,13,1,2022-02-18 09:07:12
1645175232396660000,51.2,1,51.1,17,51.2,12,1,2022-02-18 09:07:12
1645175233055942000,51.2,1,51.1,17,51.2,11,1,2022-02-18 09:07:13
1645175233126387000,51.2,2,51.1,17,51.2,9,1,2022-02-18 09:07:13
1645175233778624000,51.1,8,51.1,4,51.2,9,2,2022-02-18 09:07:13
1645175233828503000,51.2,3,51.1,4,51.2,6,1,2022-02-18 09:07:13
1645175233904561000,51.2,1,51.1,4,51.2,5,1,2022-02-18 09:07:13
1645175234053590000,51.2,2,51.1,4,51.2,3,1,2022-02-18 09:07:14
1645175234336038000,51.2,1,51.1,4,51.2,2,1,2022-02-18 09:07:14
1645175234647384000,51.1,1,51.1,3,51.2,2,2,2022-02-18 09:07:14
1645175234649523000,51.2,1,51.1,3,51.2,1,1,2022-02-18 09:07:14
1645175234895426000,51.2,1,51.1,3,51.2,7,1,2022-02-18 09:07:14
1645175234948437000,51.2,1,51.1,3,51.2,6,1,2022-02-18 09:07:14
1645175235159806000,51.2,1,51.1,3,51.2,5,1,2022-02-18 09:07:15
1645175235731836000,51.2,5,51.1,5,51.3,32,1,2022-02-18 09:07:15
1645175236825108000,51.2,1,51.1,5,51.3,5,1,2022-02-18 09:07:16
1645175236825108000,51.3,29,51.1,5,51.3,5,1,2022-02-18 09:07:16
1645175237087576000,51.2,3,51.1,5,51.2,3,1,2022-02-18 09:07:17
1645175238199553000,51.2,5,51.1,5,51.2,4,1,2022-02-18 09:07:18
1645175238219732000,51.2,4,51.1,5,51.4,30,1,2022-02-18 09:07:18
1645175238219732000,51.3,5,51.1,5,51.4,30,1,2022-02-18 09:07:18
1645175238219732000,51.4,1,51.1,5,51.4,30,1,2022-02-18 09:07:18
1645175239057210000,51.2,1,51.2,6,51.3,4,2,2022-02-18 09:07:19
1645175239602485000,51.2,5,51.2,14,51.4,34,2,2022-02-18 09:07:19
1645175239984728000,51.2,2,51.2,13,51.4,43,2,2022-02-18 09:07:19
1645175240477781000,51.2,1,51.2,13,51.3,5,2,2022-02-18 09:07:20
1645175240632490000,51.3,1,51.2,13,51.3,4,1,2022-02-18 09:07:20
1645175240725595000,51.3,1,51.2,13,51.3,2,1,2022-02-18 09:07:20
1645175241103664000,51.3,1,51.2,17,51.3,8,1,2022-02-18 09:07:21
1645175241341405000,51.3,1,51.2,17,51.3,7,1,2022-02-18 09:07:21
1645175241547508000,51.2,1,51.2,16,51.3,10,2,2022-02-18 09:07:21
1645175241747708000,51.3,2,51.2,21,51.3,8,1,2022-02-18 09:07:21
1645175241772334000,51.2,1,51.2,20,51.3,8,2,2022-02-18 09:07:21
1645175243208633000,51.2,1,51.2,20,51.3,42,2,2022-02-18 09:07:23
1645175243947478000,51.2,5,51.2,17,51.3,43,2,2022-02-18 09:07:23
1645175243976347000,51.2,1,51.2,16,51.3,43,2,2022-02-18 09:07:23
1645175244013015000,51.2,5,51.2,11,51.3,43,2,2022-02-18 09:07:24
1645175244183878000,51.2,2,51.2,9,51.3,43,2,2022-02-18 09:07:24
1645175244818699000,51.2,2,51.2,8,51.3,43,2,2022-02-18 09:07:24
1645175244997524000,51.3,5,51.2,8,51.3,38,1,2022-02-18 09:07:24
1645175245091952000,51.2,5,51.2,3,51.3,38,2,2022-02-18 09:07:25
1645175245616625000,51.2,2,51.2,2,51.3,38,2,2022-02-18 09:07:25
1645175245668552000,51.3,2,51.2,2,51.3,36,1,2022-02-18 09:07:25
1645175246153674000,51.2,1,51.2,1,51.3,39,2,2022-02-18 09:07:26
1645175246460457000,51.3,2,51.2,1,51.3,37,1,2022-02-18 09:07:26
1645175246881551000,51.2,1,51.1,28,51.3,39,2,2022-02-18 09:07:26
1645175247086483000,51.3,1,51.1,28,51.3,38,1,2022-02-18 09:07:27
1645175247251366000,51.3,3,51.1,28,51.3,35,1,2022-02-18 09:07:27
1645175247422535000,51.1,1,51.1,27,51.3,35,2,2022-02-18 09:07:27
1645175247595841000,51.2,1,51.1,27,51.2,2,1,2022-02-18 09:07:27
1645175247805038000,51.2,1,51.1,27,51.2,1,1,2022-02-18 09:07:27
1645175247976858000,51.2,1,51.2,9,51.3,35,1,2022-02-18 09:07:27
1645175248217759000,51.3,3,51.2,9,51.3,32,1,2022-02-18 09:07:28
1645175248367353000,51.2,1,51.2,8,51.3,32,2,2022-02-18 09:07:28
1645175248726607000,51.2,1,51.2,7,51.3,32,2,2022-02-18 09:07:28
1645175248947300000,51.2,2,51.2,5,51.3,33,2,2022-02-18 09:07:28
1645175249913830000,51.3,3,51.2,5,51.3,33,1,2022-02-18 09:07:29
1645175249961297000,51.2,1,51.2,4,51.3,33,2,2022-02-18 09:07:29
1645175250512990000,51.3,1,51.2,5,51.3,32,1,2022-02-18 09:07:30
1645175250571318000,51.2,1,51.2,4,51.3,32,2,2022-02-18 09:07:30
1645175251621113000,51.2,1,51.2,4,51.3,38,2,2022-02-18 09:07:31
1645175251658613000,51.2,4,51.1,27,51.3,38,2,2022-02-18 09:07:31
1645175251914014000,51.2,1,51.2,2,51.3,36,2,2022-02-18 09:07:31
1645175253572611000,51.3,1,51.2,4,51.3,35,1,2022-02-18 09:07:33
1645175254159066000,51.3,5,51.2,5,51.3,30,1,2022-02-18 09:07:34
1645175254264766000,51.2,1,51.2,6,51.3,30,2,2022-02-18 09:07:34
1645175254415854000,51.2,2,51.2,4,51.3,30,2,2022-02-18 09:07:34
1645175255627377000,51.3,3,51.2,24,51.3,33,1,2022-02-18 09:07:35
1645175255655803000,51.2,24,51.1,7,51.3,33,2,2022-02-18 09:07:35
1645175255655803000,51.1,21,51.1,7,51.3,33,2,2022-02-18 09:07:35
1645175256915485000,51.2,2,51.1,7,51.2,3,1,2022-02-18 09:07:36
1645175257276461000,51.2,2,51.1,7,51.2,3,1,2022-02-18 09:07:37
1645175257285375000,51.2,1,51.1,7,51.2,2,1,2022-02-18 09:07:37
1645175257995579000,51.2,1,51.1,8,51.2,3,1,2022-02-18 09:07:37
1645175258125168000,51.1,1,51.1,7,51.2,3,2,2022-02-18 09:07:38
1645175258581479000,51.2,1,51.1,7,51.2,11,1,2022-02-18 09:07:38
1645175259043222000,51.2,5,51.1,12,51.2,11,1,2022-02-18 09:07:39
1645175259403723000,51.1,1,51.1,11,51.2,11,2,2022-02-18 09:07:39
1645175259803578000,51.1,4,51.1,18,51.2,11,2,2022-02-18 09:07:39
1645175259907650000,51.1,4,51.1,14,51.2,11,2,2022-02-18 09:07:39
1645175260161306000,51.1,1,51.1,13,51.2,11,2,2022-02-18 09:07:40
1645175261145499000,51.1,1,51.1,15,51.2,18,2,2022-02-18 09:07:41
1645175261645123000,51.1,1,51.1,15,51.2,21,2,2022-02-18 09:07:41
1645175261691447000,51.1,4,51.1,11,51.2,17,2,2022-02-18 09:07:41
1645175263351562000,51.1,2,51.1,10,51.2,23,2,2022-02-18 09:07:43
1645175263398910000,51.1,4,51.1,6,51.2,23,2,2022-02-18 09:07:43
1645175263963439000,51.1,1,51.1,5,51.2,24,2,2022-02-18 09:07:43
1645175264001441000,51.1,2,51.1,8,51.2,24,2,2022-02-18 09:07:44
1645175264338873000,51.1,3,51.1,5,51.2,25,2,2022-02-18 09:07:44
1645175264437033000,51.1,5,51.0,55,51.1,3,2,2022-02-18 09:07:44
1645175264548999000,51.1,1,51.0,55,51.1,2,1,2022-02-18 09:07:44
1645175264995497000,51.1,1,51.0,55,51.1,7,1,2022-02-18 09:07:44
1645175265048687000,51.0,5,51.0,50,51.1,7,2,2022-02-18 09:07:45
1645175265083338000,51.0,1,51.0,43,51.1,7,2,2022-02-18 09:07:45
1645175265394779000,51.0,1,51.0,42,51.1,7,2,2022-02-18 09:07:45
1645175265876066000,51.1,1,51.0,42,51.1,11,1,2022-02-18 09:07:45
1645175267188901000,51.0,1,51.0,44,51.1,32,2,2022-02-18 09:07:47
1645175268135820000,51.0,5,51.0,38,51.1,29,2,2022-02-18 09:07:48
1645175268722106000,51.0,2,51.0,38,51.1,29,2,2022-02-18 09:07:48
1645175268758199000,51.0,1,51.0,37,51.1,29,2,2022-02-18 09:07:48
1645175269058432000,51.1,2,51.0,37,51.1,27,1,2022-02-18 09:07:49
1645175269356901000,51.0,1,51.0,36,51.1,27,2,2022-02-18 09:07:49
1645175269614953000,51.0,1,51.0,35,51.1,27,2,2022-02-18 09:07:49
1645175269976051000,51.1,1,51.0,35,51.1,26,1,2022-02-18 09:07:49
1645175270094734000,51.0,5,51.0,30,51.1,26,2,2022-02-18 09:07:50
1645175270132747000,51.0,1,51.0,29,51.1,26,2,2022-02-18 09:07:50
1645175270452671000,51.0,5,51.0,24,51.1,26,2,2022-02-18 09:07:50
1645175270740856000,51.0,5,51.0,18,51.1,27,2,2022-02-18 09:07:50
1645175271172749000,51.0,1,51.0,17,51.1,31,2,2022-02-18 09:07:51
1645175271617122000,51.1,10,51.0,17,51.1,21,1,2022-02-18 09:07:51
1645175272105493000,51.0,1,51.0,17,51.1,22,2,2022-02-18 09:07:52
1645175272535958000,51.0,1,51.0,16,51.1,22,2,2022-02-18 09:07:52
1645175272569207000,51.0,1,51.0,15,51.1,22,2,2022-02-18 09:07:52
1645175272747091000,51.0,3,51.0,12,51.1,22,2,2022-02-18 09:07:52
1645175272937160000,51.0,1,51.0,11,51.1,22,2,2022-02-18 09:07:52
1645175273102987000,51.0,1,51.0,10,51.1,22,2,2022-02-18 09:07:53
1645175273414307000,51.0,5,51.0,5,51.1,22,2,2022-02-18 09:07:53
1645175273639453000,51.0,1,51.0,4,51.1,22,2,2022-02-18 09:07:53
1645175273715009000,51.0,4,50.9,160,51.0,1,2,2022-02-18 09:07:53
1645175273823210000,50.9,3,50.9,157,51.0,1,2,2022-02-18 09:07:53
1645175273858286000,51.0,1,50.9,157,51.1,22,1,2022-02-18 09:07:53
1645175273890862000,50.9,1,50.9,156,51.1,22,2,2022-02-18 09:07:53
1645175274755501000,51.0,1,51.0,1,51.1,22,2,2022-02-18 09:07:54
1645175274767954000,51.0,1,50.9,156,51.0,1,2,2022-02-18 09:07:54
1645175275618578000,51.0,1,50.9,156,51.0,2,1,2022-02-18 09:07:55
1645175275794267000,51.0,1,50.9,156,51.0,4,1,2022-02-18 09:07:55
1645175276569895000,50.9,10,50.9,146,51.0,5,2,2022-02-18 09:07:56
1645175276605319000,50.9,1,50.9,145,51.0,5,2,2022-02-18 09:07:56
1645175276640660000,50.9,1,50.9,144,51.0,6,2,2022-02-18 09:07:56
1645175276985333000,50.9,5,50.9,139,51.0,7,2,2022-02-18 09:07:56
1645175277020366000,50.9,1,50.9,138,51.0,7,2,2022-02-18 09:07:57
1645175277443451000,51.0,3,50.9,138,51.0,4,1,2022-02-18 09:07:57
1645175277786978000,50.9,1,50.9,137,51.0,6,2,2022-02-18 09:07:57
1645175277826616000,51.0,6,50.9,137,51.2,25,1,2022-02-18 09:07:57
1645175277826616000,51.1,22,50.9,137,51.2,25,1,2022-02-18 09:07:57
1645175277826616000,51.2,2,50.9,137,51.2,25,1,2022-02-18 09:07:57
1645175277833062000,50.9,1,50.9,136,51.2,25,2,2022-02-18 09:07:57
1645175277896375000,50.9,10,50.9,126,51.2,25,2,2022-02-18 09:07:57
1645175279647240000,51.0,1,50.9,126,51.0,10,1,2022-02-18 09:07:59
1645175279810194000,51.0,2,50.9,126,51.0,8,1,2022-02-18 09:07:59
1645175279959275000,51.0,5,50.9,126,51.0,3,1,2022-02-18 09:07:59
1645175280239112000,51.0,3,50.9,126,51.2,12,1,2022-02-18 09:08:00
1645175280239112000,51.2,8,50.9,126,51.2,12,1,2022-02-18 09:08:00
1645175280493333000,51.0,5,50.9,126,51.1,2,2,2022-02-18 09:08:00
1645175280602263000,50.9,1,50.9,125,51.1,2,2,2022-02-18 09:08:00
1645175281051990000,51.1,1,51.0,16,51.1,4,1,2022-02-18 09:08:01
1645175282072662000,51.0,15,51.0,23,51.1,4,2,2022-02-18 09:08:02
1645175282701295000,51.1,1,51.0,23,51.1,3,1,2022-02-18 09:08:02
1645175283350736000,51.1,1,51.0,24,51.1,3,1,2022-02-18 09:08:03
1645175283521178000,51.1,1,51.0,24,51.1,2,1,2022-02-18 09:08:03
1645175285752138000,51.0,23,50.9,116,51.1,4,2,2022-02-18 09:08:05
1645175285752138000,50.9,7,50.9,116,51.1,4,2,2022-02-18 09:08:05
1645175285971525000,51.1,1,50.9,116,51.1,6,1,2022-02-18 09:08:05
1645175286060007000,51.0,2,50.9,116,51.1,6,1,2022-02-18 09:08:06
1645175287232182000,51.0,1,51.0,9,51.1,17,2,2022-02-18 09:08:07
1645175287635350000,51.1,1,51.0,9,51.1,16,1,2022-02-18 09:08:07
1645175288084578000,51.1,2,51.0,10,51.1,16,1,2022-02-18 09:08:08
1645175288678686000,51.0,1,51.0,9,51.1,21,2,2022-02-18 09:08:08
1645175289179878000,51.1,1,51.0,9,51.1,20,1,2022-02-18 09:08:09
1645175289575363000,51.1,1,51.0,9,51.1,19,1,2022-02-18 09:08:09
1645175290461487000,51.1,1,51.0,1,51.1,18,1,2022-02-18 09:08:10
1645175290494315000,51.0,1,50.9,118,51.1,18,2,2022-02-18 09:08:10
1645175291913700000,51.0,6,50.9,119,51.0,98,1,2022-02-18 09:08:11
1645175292320634000,50.9,10,50.9,109,51.0,107,2,2022-02-18 09:08:12
1645175292361096000,50.9,1,50.9,108,51.0,107,2,2022-02-18 09:08:12
1645175292361630000,50.9,1,50.9,107,51.0,107,2,2022-02-18 09:08:12
1645175292507159000,51.0,1,50.9,107,51.0,106,1,2022-02-18 09:08:12
1645175292634996000,51.0,2,50.9,107,51.0,104,1,2022-02-18 09:08:12
1645175292898305000,51.0,1,50.9,107,51.0,103,1,2022-02-18 09:08:12
1645175292953448000,50.9,1,50.9,106,51.0,103,2,2022-02-18 09:08:12
1645175295523884000,50.9,3,50.9,105,51.0,113,2,2022-02-18 09:08:15
1645175296382486000,50.9,15,50.9,91,51.0,116,2,2022-02-18 09:08:16
1645175296421841000,50.9,2,50.9,89,51.0,116,2,2022-02-18 09:08:16
1645175296470464000,50.9,1,50.9,88,51.0,116,2,2022-02-18 09:08:16
1645175296566461000,51.0,1,50.9,88,51.0,115,1,2022-02-18 09:08:16
1645175297182077000,50.9,5,50.9,83,51.0,115,2,2022-02-18 09:08:17
1645175297222341000,50.9,1,50.9,82,51.0,115,2,2022-02-18 09:08:17
1645175297542133000,51.0,1,50.9,82,51.0,115,1,2022-02-18 09:08:17
1645175297558099000,50.9,10,50.9,72,51.0,115,2,2022-02-18 09:08:17
1645175297592910000,50.9,1,50.9,71,51.0,115,2,2022-02-18 09:08:17
1645175297621738000,50.9,1,50.9,70,51.0,117,2,2022-02-18 09:08:17
1645175297694972000,50.9,5,50.9,65,51.0,117,2,2022-02-18 09:08:17
1645175297885967000,50.9,1,50.9,64,51.0,127,2,2022-02-18 09:08:17
1645175298109908000,50.9,1,50.9,63,51.0,127,2,2022-02-18 09:08:18
1645175298113646000,50.9,5,50.9,58,51.0,127,2,2022-02-18 09:08:18
1645175298145430000,50.9,10,50.9,48,51.0,127,2,2022-02-18 09:08:18
1645175298157231000,50.9,1,50.9,47,51.0,127,2,2022-02-18 09:08:18
1645175298342580000,50.9,2,50.9,45,51.0,128,2,2022-02-18 09:08:18
1645175298481638000,50.9,1,50.9,44,51.0,128,2,2022-02-18 09:08:18
1645175298667526000,50.9,1,50.9,43,51.0,128,2,2022-02-18 09:08:18
1645175298899934000,50.9,1,50.9,42,51.0,128,2,2022-02-18 09:08:18
1645175298936302000,50.9,1,50.9,41,51.0,128,2,2022-02-18 09:08:18
1645175299199402000,50.9,20,50.9,21,51.0,128,2,2022-02-18 09:08:19
1645175299237785000,50.9,1,50.9,20,51.0,128,2,2022-02-18 09:08:19
1645175299380909000,50.9,3,50.9,17,51.0,128,2,2022-02-18 09:08:19
1645175299433288000,50.9,2,50.9,15,51.0,128,2,2022-02-18 09:08:19
1645175299465660000,50.9,12,50.9,3,51.0,128,2,2022-02-18 09:08:19
1645175299509770000,50.9,1,50.9,2,51.0,128,2,2022-02-18 09:08:19
1645175299544861000,50.9,2,50.8,38,51.0,128,2,2022-02-18 09:08:19
1645175299569095000,50.8,5,50.8,33,51.0,128,2,2022-02-18 09:08:19
1645175300249206000,50.8,1,50.8,33,50.9,14,2,2022-02-18 09:08:20
1645175300385420000,50.8,1,50.8,32,50.9,14,2,2022-02-18 09:08:20
1645175300414287000,50.8,1,50.8,31,50.9,14,2,2022-02-18 09:08:20
1645175300428473000,50.8,1,50.8,30,50.9,14,2,2022-02-18 09:08:20
1645175300442995000,50.8,1,50.8,29,50.9,16,2,2022-02-18 09:08:20
1645175300452021000,50.9,1,50.8,29,50.9,15,1,2022-02-18 09:08:20
1645175300463862000,50.8,1,50.8,28,50.9,15,2,2022-02-18 09:08:20
1645175300476711000,50.8,1,50.8,27,50.9,15,2,2022-02-18 09:08:20
1645175300508256000,50.8,1,50.8,26,50.9,15,2,2022-02-18 09:08:20
1645175300591423000,50.8,2,50.8,24,50.9,15,2,2022-02-18 09:08:20
1645175300620004000,50.9,1,50.8,24,50.9,14,1,2022-02-18 09:08:20
1645175300752368000,50.8,4,50.8,20,50.9,17,2,2022-02-18 09:08:20
1645175300816024000,50.8,1,50.8,19,50.9,17,2,2022-02-18 09:08:20
1645175300865633000,50.8,3,50.8,16,50.9,17,2,2022-02-18 09:08:20
1645175301050868000,50.9,2,50.8,16,50.9,25,1,2022-02-18 09:08:21
1645175301275442000,50.8,1,50.8,15,50.9,35,2,2022-02-18 09:08:21
1645175301668754000,50.8,2,50.8,13,50.9,35,2,2022-02-18 09:08:21
1645175302076248000,50.8,2,50.8,11,50.9,31,2,2022-02-18 09:08:22
1645175303312627000,50.8,1,50.8,10,50.9,35,2,2022-02-18 09:08:23
1645175304299589000,50.8,1,50.8,10,50.9,36,2,2022-02-18 09:08:24
1645175304464961000,50.8,1,50.8,9,50.9,36,2,2022-02-18 09:08:24
1645175305165545000,50.8,4,50.8,5,50.9,36,2,2022-02-18 09:08:25
1645175305205697000,50.8,1,50.8,4,50.9,36,2,2022-02-18 09:08:25
1645175306260398000,50.9,5,50.8,4,50.9,34,1,2022-02-18 09:08:26
1645175307026669000,50.8,4,50.7,26,50.8,1,2,2022-02-18 09:08:27
1645175308045708000,50.7,28,50.6,83,50.7,12,2,2022-02-18 09:08:28
1645175308082203000,50.7,12,50.6,83,50.8,1,1,2022-02-18 09:08:28
1645175308085362000,50.6,1,50.6,82,50.8,1,2,2022-02-18 09:08:28
1645175308098109000,50.6,1,50.6,81,50.8,1,2,2022-02-18 09:08:28
1645175308486583000,50.7,1,50.6,81,50.7,1,1,2022-02-18 09:08:28
1645175308513788000,50.7,1,50.6,81,50.8,1,1,2022-02-18 09:08:28
1645175308736452000,50.8,1,50.6,81,50.8,5,1,2022-02-18 09:08:28
1645175309474946000,50.6,1,50.6,79,50.8,5,2,2022-02-18 09:08:29
1645175311214058000,50.6,1,50.6,75,50.8,9,2,2022-02-18 09:08:31
1645175311397554000,50.6,1,50.6,74,50.7,1,2,2022-02-18 09:08:31
1645175312016883000,50.6,2,50.6,71,50.7,1,2,2022-02-18 09:08:32
1645175312647132000,50.7,1,50.6,71,50.8,12,1,2022-02-18 09:08:32
1645175312830741000,50.6,1,50.6,70,50.8,12,2,2022-02-18 09:08:32
1645175313908522000,50.7,1,50.6,72,50.8,11,1,2022-02-18 09:08:33
1645175313908522000,50.8,1,50.6,72,50.8,11,1,2022-02-18 09:08:33
1645175314209052000,50.6,5,50.6,67,50.7,12,2,2022-02-18 09:08:34
1645175314248270000,50.6,1,50.6,66,50.7,12,2,2022-02-18 09:08:34
1645175314662708000,50.6,10,50.6,60,50.7,12,2,2022-02-18 09:08:34
1645175314707661000,50.6,1,50.6,59,50.7,12,2,2022-02-18 09:08:34
1645175314801884000,50.6,1,50.6,58,50.7,12,2,2022-02-18 09:08:34
1645175315326925000,50.6,2,50.6,56,50.7,12,2,2022-02-18 09:08:35
1645175316559292000,50.6,1,50.6,57,50.7,14,2,2022-02-18 09:08:36
1645175316914700000,50.6,3,50.6,54,50.7,14,2,2022-02-18 09:08:36
1645175317332886000,50.7,1,50.6,54,50.7,13,1,2022-02-18 09:08:37
1645175317500782000,50.6,30,50.6,24,50.7,13,2,2022-02-18 09:08:37
1645175317526217000,50.6,1,50.6,23,50.7,13,2,2022-02-18 09:08:37
1645175317526570000,50.6,1,50.6,22,50.7,13,2,2022-02-18 09:08:37
1645175317532339000,50.6,1,50.6,21,50.7,13,2,2022-02-18 09:08:37
1645175318304777000,50.6,4,50.6,17,50.7,13,2,2022-02-18 09:08:38
1645175318972081000,50.6,1,50.6,16,50.7,13,2,2022-02-18 09:08:38
1645175319262391000,50.6,1,50.6,15,50.7,13,2,2022-02-18 09:08:39
1645175319814050000,50.6,1,50.6,14,50.7,15,2,2022-02-18 09:08:39
1645175319840324000,50.6,2,50.6,12,50.7,15,2,2022-02-18 09:08:39
1645175319843693000,50.7,1,50.6,12,50.7,14,1,2022-02-18 09:08:39
1645175320060502000,50.6,1,50.6,10,50.7,14,2,2022-02-18 09:08:40
1645175320120093000,50.6,1,50.6,9,50.7,14,2,2022-02-18 09:08:40
1645175320454676000,50.6,1,50.6,8,50.7,14,2,2022-02-18 09:08:40
1645175320588898000,50.6,2,50.6,7,50.7,14,2,2022-02-18 09:08:40
1645175321334595000,50.6,1,50.6,9,50.7,16,2,2022-02-18 09:08:41
1645175322076764000,50.6,4,50.6,6,50.7,16,2,2022-02-18 09:08:42
1645175322112324000,50.6,1,50.6,5,50.7,16,2,2022-02-18 09:08:42
1645175322315023000,50.6,1,50.6,4,50.7,16,2,2022-02-18 09:08:42
1645175322349015000,50.6,4,50.5,107,50.7,16,2,2022-02-18 09:08:42
1645175322425725000,50.6,1,50.5,107,50.7,16,1,2022-02-18 09:08:42
1645175322773290000,50.5,1,50.5,106,50.6,2,2,2022-02-18 09:08:42
1645175323017055000,50.5,1,50.5,105,50.6,2,2,2022-02-18 09:08:43
1645175323151080000,50.6,1,50.5,105,50.6,1,1,2022-02-18 09:08:43
1645175323180674000,50.6,1,50.5,105,50.7,16,1,2022-02-18 09:08:43
1645175323372409000,50.5,1,50.5,104,50.6,14,2,2022-02-18 09:08:43
1645175323456607000,50.6,8,50.5,104,50.6,6,1,2022-02-18 09:08:43
1645175323989803000,50.6,1,50.5,104,50.6,11,1,2022-02-18 09:08:43
1645175324047429000,50.6,1,50.5,104,50.6,10,1,2022-02-18 09:08:44
1645175324556666000,50.5,1,50.5,103,50.6,16,2,2022-02-18 09:08:44
1645175325051290000,50.5,1,50.5,101,50.6,16,2,2022-02-18 09:08:45
1645175325860856000,50.6,6,50.5,100,50.6,10,1,2022-02-18 09:08:45
1645175326232580000,50.6,1,50.5,100,50.6,9,1,2022-02-18 09:08:46
1645175328397955000,50.6,1,50.5,101,50.6,10,1,2022-02-18 09:08:48
1645175328468148000,50.6,1,50.5,101,50.6,9,1,2022-02-18 09:08:48
1645175328480095000,50.5,10,50.5,91,50.6,9,2,2022-02-18 09:08:48
1645175328509988000,50.5,1,50.5,90,50.6,9,2,2022-02-18 09:08:48
1645175328511305000,50.5,1,50.5,89,50.6,9,2,2022-02-18 09:08:48
1645175329406044000,50.6,4,50.5,89,50.6,6,1,2022-02-18 09:08:49
1645175329975147000,50.6,2,50.5,90,50.6,6,1,2022-02-18 09:08:49
1645175330880348000,50.5,1,50.5,89,50.6,6,2,2022-02-18 09:08:50
1645175331261897000,50.5,7,50.5,82,50.6,6,2,2022-02-18 09:08:51
1645175331262271000,50.5,10,50.5,72,50.6,6,2,2022-02-18 09:08:51
1645175331293883000,50.5,1,50.5,71,50.6,6,2,2022-02-18 09:08:51
1645175332083162000,50.6,1,50.5,71,50.6,5,1,2022-02-18 09:08:52
1645175332385346000,50.6,1,50.5,71,50.6,5,1,2022-02-18 09:08:52
1645175332687094000,50.6,2,50.5,71,50.6,3,1,2022-02-18 09:08:52
1645175332691171000,50.5,2,50.5,69,50.6,3,2,2022-02-18 09:08:52
1645175332727400000,50.5,2,50.5,67,50.6,4,2,2022-02-18 09:08:52
1645175332856105000,50.5,1,50.5,66,50.6,5,2,2022-02-18 09:08:52
1645175332997711000,50.6,1,50.5,66,50.6,11,1,2022-02-18 09:08:52
1645175333125998000,50.6,1,50.5,66,50.6,10,1,2022-02-18 09:08:53
1645175335035878000,50.5,5,50.5,61,50.6,12,2,2022-02-18 09:08:55
1645175335072392000,50.5,1,50.5,60,50.6,12,2,2022-02-18 09:08:55
1645175335089737000,50.6,1,50.5,60,50.6,11,1,2022-02-18 09:08:55
1645175335625149000,50.6,3,50.5,59,50.6,8,1,2022-02-18 09:08:55
1645175335771931000,50.5,2,50.5,57,50.6,8,2,2022-02-18 09:08:55
1645175336232094000,50.6,1,50.5,57,50.6,8,1,2022-02-18 09:08:56
1645175336337536000,50.5,1,50.5,56,50.6,8,2,2022-02-18 09:08:56
1645175336363301000,50.5,1,50.5,55,50.6,8,2,2022-02-18 09:08:56
1645175337255888000,50.5,3,50.5,52,50.6,11,2,2022-02-18 09:08:57
1645175337328666000,50.5,17,50.5,35,50.6,11,2,2022-02-18 09:08:57
1645175337850129000,50.5,2,50.5,33,50.6,11,2,2022-02-18 09:08:57
1645175338183701000,50.6,1,50.5,33,50.6,10,1,2022-02-18 09:08:58
1645175338257574000,50.5,2,50.5,31,50.6,10,2,2022-02-18 09:08:58
1645175338291807000,50.5,1,50.5,31,50.6,10,2,2022-02-18 09:08:58
1645175338813273000,50.5,2,50.5,30,50.6,11,2,2022-02-18 09:08:58
1645175339266841000,50.5,1,50.5,29,50.6,11,2,2022-02-18 09:08:59
1645175339370967000,50.6,1,50.5,29,50.6,10,1,2022-02-18 09:08:59
1645175339511511000,50.5,3,50.5,28,50.6,10,2,2022-02-18 09:08:59
1645175339593935000,50.5,2,50.5,26,50.6,12,2,2022-02-18 09:08:59
1645175339796580000,50.6,1,50.5,26,50.6,22,1,2022-02-18 09:08:59
1645175340241875000,50.5,2,50.5,25,50.6,22,2,2022-02-18 09:09:00
1645175340858941000,50.5,5,50.5,30,50.6,32,2,2022-02-18 09:09:00
1645175340898138000,50.5,1,50.5,29,50.6,32,2,2022-02-18 09:09:00
1645175341251100000,50.5,1,50.5,29,50.6,32,2,2022-02-18 09:09:01
1645175341581634000,50.5,3,50.5,26,50.6,32,2,2022-02-18 09:09:01
1645175343236943000,50.5,2,50.5,34,50.6,32,2,2022-02-18 09:09:03
1645175343292247000,50.5,10,50.5,24,50.6,32,2,2022-02-18 09:09:03
1645175343366541000,50.5,20,50.5,4,50.6,32,2,2022-02-18 09:09:03
1645175343400553000,50.5,4,50.4,21,50.6,32,2,2022-02-18 09:09:03
1645175343428378000,50.4,1,50.4,20,50.6,32,2,2022-02-18 09:09:03
1645175343525581000,50.5,3,50.4,20,50.6,32,1,2022-02-18 09:09:03
1645175343537270000,50.4,3,50.4,17,50.6,32,2,2022-02-18 09:09:03
1645175343613324000,50.5,1,50.4,9,50.6,32,2,2022-02-18 09:09:03
1645175343613324000,50.4,8,50.4,9,50.6,32,2,2022-02-18 09:09:03
1645175343618398000,50.4,1,50.4,8,50.6,32,2,2022-02-18 09:09:03
1645175343765177000,50.5,2,50.4,8,50.5,4,1,2022-02-18 09:09:03
1645175343844608000,50.4,4,50.4,4,50.5,4,2,2022-02-18 09:09:03
1645175343886377000,50.4,1,50.4,3,50.5,4,2,2022-02-18 09:09:03
1645175345704535000,50.4,1,50.4,8,50.5,9,2,2022-02-18 09:09:05
1645175348789354000,50.4,1,50.4,8,50.5,11,2,2022-02-18 09:09:08
1645175348802838000,50.4,8,50.3,85,50.4,2,2,2022-02-18 09:09:08
1645175348827327000,50.4,2,50.3,85,50.5,11,1,2022-02-18 09:09:08
1645175348986982000,50.4,1,50.3,85,50.5,11,1,2022-02-18 09:09:08
1645175349080514000,50.4,1,50.3,85,50.5,11,1,2022-02-18 09:09:09
1645175349934923000,50.3,5,50.3,80,50.5,23,2,2022-02-18 09:09:09
1645175350126282000,50.4,1,50.3,35,50.5,23,2,2022-02-18 09:09:10
1645175350126282000,50.3,45,50.3,35,50.5,23,2,2022-02-18 09:09:10
1645175350152209000,50.3,1,50.3,34,50.5,23,2,2022-02-18 09:09:10
1645175350420177000,50.4,1,50.3,36,50.4,2,1,2022-02-18 09:09:10
1645175350446507000,50.4,1,50.3,36,50.4,1,1,2022-02-18 09:09:10
1645175352501280000,50.3,1,50.3,22,50.4,2,2,2022-02-18 09:09:12
1645175353274238000,50.3,1,50.3,21,50.4,3,2,2022-02-18 09:09:13
1645175353767409000,50.3,22,50.2,64,50.3,4,2,2022-02-18 09:09:13
1645175353769447000,50.3,4,50.4,1,50.5,22,1,2022-02-18 09:09:13
1645175353769447000,50.4,5,50.4,1,50.5,22,1,2022-02-18 09:09:13
1645175354854390000,50.4,1,50.4,1,50.5,24,2,2022-02-18 09:09:14
1645175355153530000,50.4,1,50.3,4,50.5,28,2,2022-02-18 09:09:15
1645175355153530000,50.3,2,50.3,4,50.5,28,2,2022-02-18 09:09:15
1645175355625131000,50.4,5,50.3,6,50.4,5,1,2022-02-18 09:09:15
1645175355661458000,50.4,5,50.3,6,50.5,28,1,2022-02-18 09:09:15
1645175355666173000,50.3,1,50.3,5,50.5,28,2,2022-02-18 09:09:15
1645175356911705000,50.4,1,50.3,16,50.4,1,2,2022-02-18 09:09:16
1645175356977090000,50.4,1,50.3,21,50.5,25,1,2022-02-18 09:09:16
1645175357074323000,50.3,1,50.3,21,50.4,1,2,2022-02-18 09:09:17
