ts,close,volume,bid_price,bid_volume,ask_price,ask_volume,tick_type,datetime
1650358932863022000,28.05,519,28.05,9,28.1,20,1,2022-04-19 09:02:12
1650358932905175000,28.1,20,28.05,9,28.2,23,1,2022-04-19 09:02:12
1650358932936890000,28.2,10,28.05,9,28.2,13,1,2022-04-19 09:02:12
1650358932968391000,28.2,1,28.05,9,28.2,12,1,2022-04-19 09:02:12
1650358932971189000,28.2,12,28.05,9,28.3,22,1,2022-04-19 09:02:12
1650358933220459000,28.15,2,28.1,6,28.3,22,1,2022-04-19 09:02:13
1650358933609772000,28.3,1,28.05,15,28.3,21,1,2022-04-19 09:02:13
1650358934611578000,28.3,2,28.15,6,28.3,20,1,2022-04-19 09:02:14
1650358935882180000,28.1,7,28.1,3,28.3,20,2,2022-04-19 09:02:15
1650358935886141000,28.3,1,28.1,3,28.3,19,1,2022-04-19 09:02:15
1650358935976960000,28.25,1,28.1,9,28.3,12,1,2022-04-19 09:02:15
1650358935976960000,28.3,8,28.1,9,28.3,12,1,2022-04-19 09:02:15
1650358938194294000,28.1,8,28.1,2,28.3,12,2,2022-04-19 09:02:18
1650358938947325000,28.25,1,28.15,1,28.25,6,1,2022-04-19 09:02:18
1650358939697142000,28.25,1,28.15,1,28.25,5,1,2022-04-19 09:02:19
1650358939719163000,28.25,5,28.15,1,28.3,11,1,2022-04-19 09:02:19
1650358939954748000,28.25,4,28.25,4,28.3,11,2,2022-04-19 09:02:19
1650358940133023000,28.25,4,28.1,2,28.3,11,2,2022-04-19 09:02:20
1650358940169682000,28.1,2,28.05,19,28.3,11,2,2022-04-19 09:02:20
1650358940724962000,28.05,2,28.05,17,28.25,1,2,2022-04-19 09:02:20
1650358940747931000,28.05,5,28.05,12,28.25,1,2,2022-04-19 09:02:20
1650358940760157000,28.05,5,28.05,7,28.25,1,2,2022-04-19 09:02:20
1650358940806135000,28.05,7,28.0,239,28.2,1,2,2022-04-19 09:02:20
1650358941437401000,28.0,8,28.0,231,28.15,1,2,2022-04-19 09:02:21
1650358941575120000,28.1,1,28.0,231,28.15,2,1,2022-04-19 09:02:21
1650358941973005000,28.15,2,28.0,231,28.25,1,1,2022-04-19 09:02:21
1650358941973005000,28.2,1,28.0,231,28.25,1,1,2022-04-19 09:02:21
1650358944041235000,28.1,1,28.05,2,28.2,1,2,2022-04-19 09:02:24
1650358944452078000,28.2,1,28.1,5,28.25,1,1,2022-04-19 09:02:24
1650358945026724000,28.1,2,28.1,9,28.25,1,2,2022-04-19 09:02:25
1650358946665145000,28.2,1,28.1,3,28.25,2,1,2022-04-19 09:02:26
1650358946665145000,28.25,2,28.1,3,28.25,2,1,2022-04-19 09:02:26
1650358947196622000,28.2,1,28.1,7,28.25,3,2,2022-04-19 09:02:27
1650358947444591000,28.1,3,28.1,4,28.25,3,2,2022-04-19 09:02:27
1650358948218628000,28.25,2,28.2,5,28.25,1,1,2022-04-19 09:02:28
1650358949000340000,28.2,2,28.2,4,28.25,6,2,2022-04-19 09:02:29
1650358949621012000,28.25,1,28.2,4,28.25,15,1,2022-04-19 09:02:29
1650358950052534000,28.25,2,28.2,4,28.25,13,1,2022-04-19 09:02:30
1650358950367001000,28.2,2,28.2,3,28.25,13,2,2022-04-19 09:02:30
1650358952107191000,28.25,5,28.2,3,28.25,12,1,2022-04-19 09:02:32
1650358953172422000,28.25,12,28.2,13,28.3,13,1,2022-04-19 09:02:33
1650358953184018000,28.3,10,28.2,13,28.3,3,1,2022-04-19 09:02:33
1650358953346418000,28.3,1,28.2,13,28.3,2,1,2022-04-19 09:02:33
1650358953385300000,28.3,2,28.2,13,28.35,9,1,2022-04-19 09:02:33
1650358953437327000,28.2,5,28.2,8,28.35,9,2,2022-04-19 09:02:33
1650358953475493000,28.25,1,28.2,8,28.35,9,2,2022-04-19 09:02:33
1650358953935577000,28.2,2,28.2,6,28.35,9,2,2022-04-19 09:02:33
1650358954100901000,28.2,6,28.1,10,28.35,9,2,2022-04-19 09:02:34
1650358954175383000,28.3,1,28.25,5,28.3,1,1,2022-04-19 09:02:34
1650358954637580000,28.25,1,28.25,5,28.3,1,2,2022-04-19 09:02:34
1650358955424095000,28.3,2,28.25,6,28.3,9,1,2022-04-19 09:02:35
1650358956208203000,28.3,2,28.25,6,28.3,7,1,2022-04-19 09:02:36
1650358956309540000,28.3,2,28.25,6,28.3,10,1,2022-04-19 09:02:36
1650358956310222000,28.25,1,28.25,5,28.3,10,2,2022-04-19 09:02:36
1650358957230411000,28.25,2,28.25,4,28.3,10,2,2022-04-19 09:02:37
1650358957621591000,28.3,10,28.25,4,28.35,7,1,2022-04-19 09:02:37
1650358957621591000,28.35,2,28.25,4,28.35,7,1,2022-04-19 09:02:37
1650358958360611000,28.35,2,28.3,1,28.35,5,1,2022-04-19 09:02:38
1650358958580053000,28.3,1,28.25,4,28.35,5,2,2022-04-19 09:02:38
1650358958704645000,28.35,1,28.25,4,28.35,4,1,2022-04-19 09:02:38
1650358959399461000,28.3,3,28.25,13,28.3,7,2,2022-04-19 09:02:39
1650358959594821000,28.3,1,28.25,16,28.3,6,1,2022-04-19 09:02:39
1650358959665574000,28.3,1,28.25,16,28.3,5,1,2022-04-19 09:02:39
1650358959684509000,28.3,5,28.25,16,28.35,4,1,2022-04-19 09:02:39
1650358960047860000,28.3,3,28.2,2,28.35,4,2,2022-04-19 09:02:40
1650358960047860000,28.25,17,28.2,2,28.35,4,2,2022-04-19 09:02:40
1650358960047860000,28.2,10,28.2,2,28.35,4,2,2022-04-19 09:02:40
1650358960289194000,28.3,1,28.2,7,28.35,6,1,2022-04-19 09:02:40
1650358960604418000,28.3,1,28.2,8,28.3,4,2,2022-04-19 09:02:40
1650358960923313000,28.3,2,28.25,4,28.3,2,1,2022-04-19 09:02:40
1650358961019804000,28.3,1,28.25,4,28.3,1,1,2022-04-19 09:02:41
1650358961152236000,28.3,1,28.25,4,28.35,6,1,2022-04-19 09:02:41
1650358961958276000,28.35,6,28.25,5,28.4,38,1,2022-04-19 09:02:41
1650358962406988000,28.35,1,28.3,20,28.4,38,2,2022-04-19 09:02:42
1650358962609333000,28.3,5,28.3,17,28.4,38,2,2022-04-19 09:02:42
1650358962816910000,28.3,17,28.25,8,28.3,7,2,2022-04-19 09:02:42
1650358962822066000,28.3,2,28.25,8,28.3,5,1,2022-04-19 09:02:42
1650358962861988000,28.3,5,28.3,5,28.4,38,1,2022-04-19 09:02:42
1650358963113534000,28.3,1,28.3,4,28.35,2,2,2022-04-19 09:02:43
1650358963145775000,28.3,4,28.25,8,28.35,2,2,2022-04-19 09:02:43
1650358964069327000,28.3,1,28.25,8,28.3,3,1,2022-04-19 09:02:44
1650358964116216000,28.25,1,28.25,7,28.3,3,2,2022-04-19 09:02:44
1650358964227005000,28.3,1,28.25,7,28.3,2,1,2022-04-19 09:02:44
1650358964753472000,28.3,1,28.25,7,28.3,1,1,2022-04-19 09:02:44
1650358964922908000,28.3,1,28.25,9,28.35,6,1,2022-04-19 09:02:44
1650358964922908000,28.35,1,28.25,9,28.35,6,1,2022-04-19 09:02:44
1650358965951683000,28.3,1,28.3,2,28.35,6,2,2022-04-19 09:02:45
1650358965974371000,28.3,2,28.25,11,28.35,6,2,2022-04-19 09:02:45
1650358966174697000,28.3,1,28.25,11,28.35,6,2,2022-04-19 09:02:46
1650358966412427000,28.3,1,28.25,12,28.3,4,1,2022-04-19 09:02:46
1650358966496269000,28.3,1,28.25,12,28.3,4,1,2022-04-19 09:02:46
1650358966810768000,28.3,2,28.25,12,28.3,4,1,2022-04-19 09:02:46
1650358966917173000,28.3,1,28.25,12,28.3,3,1,2022-04-19 09:02:46
1650358967057918000,28.3,3,28.25,12,28.35,6,1,2022-04-19 09:02:47
1650358967332416000,28.35,1,28.3,1,28.35,18,1,2022-04-19 09:02:47
1650358967339487000,28.3,1,28.25,12,28.35,18,2,2022-04-19 09:02:47
1650358967596818000,28.3,3,28.25,12,28.3,7,2,2022-04-19 09:02:47
1650358967796600000,28.3,7,28.25,13,28.35,15,1,2022-04-19 09:02:47
1650358967796600000,28.35,3,28.25,13,28.35,15,1,2022-04-19 09:02:47
1650358968011045000,28.35,2,28.3,1,28.35,16,1,2022-04-19 09:02:48
1650358968443509000,28.35,1,28.3,2,28.35,15,1,2022-04-19 09:02:48
1650358968741389000,28.35,5,28.3,2,28.35,10,1,2022-04-19 09:02:48
1650358968942772000,28.3,1,28.3,1,28.35,10,2,2022-04-19 09:02:48
1650358969386266000,28.35,7,28.3,1,28.35,3,1,2022-04-19 09:02:49
1650358969877885000,28.35,3,28.3,5,28.4,30,1,2022-04-19 09:02:49
1650358970535298000,28.4,1,28.35,10,28.4,29,1,2022-04-19 09:02:50
1650358970596266000,28.35,4,28.35,6,28.4,29,2,2022-04-19 09:02:50
1650358970679170000,28.35,2,28.35,4,28.4,29,2,2022-04-19 09:02:50
1650358970946979000,28.4,1,28.35,4,28.4,28,1,2022-04-19 09:02:50
1650358971026008000,28.4,2,28.35,4,28.4,26,1,2022-04-19 09:02:51
1650358971230217000,28.4,5,28.35,9,28.4,21,1,2022-04-19 09:02:51
1650358971266910000,28.4,21,28.35,9,28.5,36,1,2022-04-19 09:02:51
1650358971450096000,28.5,8,28.35,12,28.5,28,1,2022-04-19 09:02:51
1650358971591789000,28.5,1,28.35,12,28.5,27,1,2022-04-19 09:02:51
1650358971612401000,28.35,1,28.35,11,28.5,27,2,2022-04-19 09:02:51
1650358972910991000,28.4,1,28.35,11,28.4,1,1,2022-04-19 09:02:52
1650358972938340000,28.4,1,28.35,11,28.5,27,1,2022-04-19 09:02:52
1650358974122249000,28.4,2,28.35,33,28.4,1,1,2022-04-19 09:02:54
1650358974910878000,28.4,1,28.35,47,28.5,37,1,2022-04-19 09:02:54
1650358975167077000,28.5,1,28.4,3,28.5,36,1,2022-04-19 09:02:55
1650358975676910000,28.5,5,28.4,3,28.5,31,1,2022-04-19 09:02:55
1650358976185575000,28.4,1,28.4,4,28.45,1,2,2022-04-19 09:02:56
1650358976214948000,28.4,1,28.4,3,28.45,1,2,2022-04-19 09:02:56
1650358977125467000,28.45,1,28.4,7,28.5,33,1,2022-04-19 09:02:57
1650358977412238000,28.5,2,28.4,7,28.5,31,1,2022-04-19 09:02:57
1650358977431762000,28.5,2,28.4,7,28.5,29,1,2022-04-19 09:02:57
1650358977496371000,28.4,1,28.4,6,28.5,29,2,2022-04-19 09:02:57
1650358977586149000,28.5,1,28.4,6,28.5,28,1,2022-04-19 09:02:57
1650358978286037000,28.45,5,28.4,11,28.5,28,1,2022-04-19 09:02:58
1650358978657123000,28.45,1,28.4,13,28.45,1,1,2022-04-19 09:02:58
1650358978687202000,28.45,1,28.4,13,28.5,30,1,2022-04-19 09:02:58
1650358978687202000,28.5,1,28.4,13,28.5,30,1,2022-04-19 09:02:58
1650358979269151000,28.5,2,28.45,1,28.5,31,1,2022-04-19 09:02:59
1650358980518697000,28.5,1,28.45,1,28.5,43,1,2022-04-19 09:03:00
1650358981449966000,28.5,5,28.45,1,28.5,38,1,2022-04-19 09:03:01
1650358981625148000,28.5,5,28.45,1,28.5,33,1,2022-04-19 09:03:01
1650358981771504000,28.5,2,28.45,1,28.5,31,1,2022-04-19 09:03:01
1650358982340835000,28.5,3,28.45,2,28.5,28,1,2022-04-19 09:03:02
1650358982530949000,28.5,5,28.45,2,28.5,23,1,2022-04-19 09:03:02
1650358983108657000,28.5,1,28.45,5,28.5,24,1,2022-04-19 09:03:03
1650358983313416000,28.45,1,28.45,4,28.5,25,2,2022-04-19 09:03:03
1650358983480338000,28.5,1,28.45,4,28.5,24,1,2022-04-19 09:03:03
1650358984562215000,28.5,1,28.45,5,28.5,23,1,2022-04-19 09:03:04
1650358984896537000,28.45,4,28.45,1,28.5,23,2,2022-04-19 09:03:04
1650358984941214000,28.45,1,28.4,33,28.5,23,2,2022-04-19 09:03:04
1650358985240375000,28.5,1,28.45,3,28.5,22,1,2022-04-19 09:03:05
1650358985568946000,28.5,1,28.45,3,28.5,21,1,2022-04-19 09:03:05
1650358985803582000,28.5,1,28.45,3,28.5,18,1,2022-04-19 09:03:05
1650358987054798000,28.5,1,28.45,5,28.5,22,1,2022-04-19 09:03:07
1650358987189395000,28.5,1,28.45,5,28.5,21,1,2022-04-19 09:03:07
1650358987207028000,28.45,1,28.45,4,28.5,21,2,2022-04-19 09:03:07
1650358987264012000,28.45,4,28.4,28,28.5,21,2,2022-04-19 09:03:07
1650358987264012000,28.4,6,28.4,28,28.5,21,2,2022-04-19 09:03:07
1650358987473140000,28.4,10,28.4,18,28.45,2,2,2022-04-19 09:03:07
1650358987863307000,28.45,2,28.4,18,28.5,13,1,2022-04-19 09:03:07
1650358987863307000,28.5,8,28.4,18,28.5,13,1,2022-04-19 09:03:07
1650358987964663000,28.5,1,28.4,18,28.5,12,1,2022-04-19 09:03:07
1650358988005890000,28.4,18,28.35,53,28.5,12,2,2022-04-19 09:03:08
1650358988072591000,28.45,3,28.35,53,28.6,30,1,2022-04-19 09:03:08
1650358988072591000,28.5,12,28.35,53,28.6,30,1,2022-04-19 09:03:08
1650358988072591000,28.6,5,28.35,53,28.6,30,1,2022-04-19 09:03:08
1650358988611732000,28.45,1,28.4,10,28.45,1,2,2022-04-19 09:03:08
1650358989036544000,28.45,1,28.4,4,28.6,30,1,2022-04-19 09:03:09
1650358989149728000,28.6,20,28.4,9,28.6,10,1,2022-04-19 09:03:09
1650358990128692000,28.5,1,28.4,3,28.5,14,1,2022-04-19 09:03:10
1650358990524882000,28.5,5,28.4,4,28.5,9,1,2022-04-19 09:03:10
1650358990645047000,28.5,2,28.4,4,28.5,7,1,2022-04-19 09:03:10
1650358990645835000,28.5,1,28.4,4,28.5,6,1,2022-04-19 09:03:10
1650358991261722000,28.4,2,28.4,2,28.5,7,2,2022-04-19 09:03:11
1650358991882535000,28.45,1,28.4,2,28.5,7,2,2022-04-19 09:03:11
1650358992067226000,28.5,2,28.4,2,28.5,5,1,2022-04-19 09:03:12
1650358992078975000,28.4,1,28.4,1,28.5,5,2,2022-04-19 09:03:12
1650358992355589000,28.5,1,28.4,3,28.5,4,1,2022-04-19 09:03:12
1650358992469216000,28.5,1,28.4,3,28.5,3,1,2022-04-19 09:03:12
1650358992534693000,28.5,1,28.4,3,28.5,2,1,2022-04-19 09:03:12
1650358992740640000,28.5,2,28.45,2,28.55,3,1,2022-04-19 09:03:12
1650358992740640000,28.55,1,28.45,2,28.55,3,1,2022-04-19 09:03:12
1650358993091960000,28.45,2,28.4,6,28.55,6,2,2022-04-19 09:03:13
1650358994607629000,28.55,5,28.5,12,28.55,1,1,2022-04-19 09:03:14
1650358994626543000,28.55,1,28.5,12,28.6,12,1,2022-04-19 09:03:14
1650358994657719000,28.55,1,28.5,12,28.6,12,1,2022-04-19 09:03:14
1650358996416084000,28.55,1,28.5,13,28.55,1,1,2022-04-19 09:03:16
1650358996747769000,28.55,1,28.5,13,28.6,13,1,2022-04-19 09:03:16
1650358996747769000,28.6,2,28.5,13,28.6,13,1,2022-04-19 09:03:16
1650358996771203000,28.5,2,28.5,11,28.6,13,2,2022-04-19 09:03:16
1650358999604442000,28.55,2,28.5,15,28.55,6,1,2022-04-19 09:03:19
1650359000595584000,28.5,1,28.5,25,28.55,9,2,2022-04-19 09:03:20
1650359000864121000,28.5,3,28.5,22,28.55,9,2,2022-04-19 09:03:20
1650359001182774000,28.55,2,28.5,24,28.55,7,1,2022-04-19 09:03:21
1650359001192450000,28.5,1,28.5,23,28.55,7,2,2022-04-19 09:03:21
1650359001288670000,28.55,1,28.5,23,28.55,6,1,2022-04-19 09:03:21
1650359003987551000,28.5,20,28.5,7,28.55,12,2,2022-04-19 09:03:23
1650359004008889000,28.5,7,28.45,1,28.55,12,2,2022-04-19 09:03:24
1650359004119078000,28.45,1,28.4,30,28.5,3,2,2022-04-19 09:03:24
1650359004356776000,28.5,2,28.4,30,28.5,1,1,2022-04-19 09:03:24
1650359004362198000,28.5,1,28.4,30,28.55,12,1,2022-04-19 09:03:24
1650359004407534000,28.5,4,28.4,30,28.55,12,2,2022-04-19 09:03:24
1650359004813497000,28.5,3,28.5,12,28.55,12,1,2022-04-19 09:03:24
1650359004839687000,28.5,7,28.5,5,28.55,12,2,2022-04-19 09:03:24
1650359004869137000,28.5,5,28.4,30,28.55,12,2,2022-04-19 09:03:24
1650359005073894000,28.5,1,28.4,31,28.55,12,2,2022-04-19 09:03:25
1650359005253683000,28.5,1,28.4,31,28.5,3,2,2022-04-19 09:03:25
1650359005817363000,28.4,6,28.4,26,28.5,43,2,2022-04-19 09:03:25
1650359005866728000,28.45,1,28.4,26,28.5,43,1,2022-04-19 09:03:25
1650359006533195000,28.5,1,28.4,26,28.5,49,1,2022-04-19 09:03:26
1650359006694531000,28.45,1,28.4,26,28.5,49,1,2022-04-19 09:03:26
1650359006744194000,28.4,10,28.4,16,28.5,49,2,2022-04-19 09:03:26
1650359006763846000,28.5,1,28.4,18,28.5,48,1,2022-04-19 09:03:26
1650359006780671000,28.4,16,28.4,2,28.5,48,2,2022-04-19 09:03:26
1650359006780980000,28.4,2,28.35,49,28.5,48,2,2022-04-19 09:03:26
1650359006906709000,28.35,19,28.35,30,28.45,13,2,2022-04-19 09:03:26
1650359006924669000,28.35,3,28.35,27,28.45,13,2,2022-04-19 09:03:26
1650359006928511000,28.35,12,28.35,15,28.45,13,2,2022-04-19 09:03:26
1650359006940639000,28.35,15,28.3,48,28.45,13,2,2022-04-19 09:03:26
1650359006985104000,28.4,1,28.3,48,28.4,3,1,2022-04-19 09:03:26
1650359007563754000,28.4,5,28.3,48,28.45,8,1,2022-04-19 09:03:27
1650359007563754000,28.45,5,28.3,48,28.45,8,1,2022-04-19 09:03:27
1650359007704216000,28.45,8,28.3,48,28.5,31,1,2022-04-19 09:03:27
1650359007704216000,28.5,12,28.3,48,28.5,31,1,2022-04-19 09:03:27
1650359007710756000,28.3,10,28.3,38,28.5,31,2,2022-04-19 09:03:27
1650359007738860000,28.3,8,28.3,30,28.5,31,2,2022-04-19 09:03:27
1650359008487473000,28.3,6,28.3,24,28.45,5,2,2022-04-19 09:03:28
1650359008510694000,28.3,10,28.3,14,28.45,7,2,2022-04-19 09:03:28
1650359008556477000,28.3,1,28.3,13,28.4,3,2,2022-04-19 09:03:28
1650359008902701000,28.3,10,28.3,3,28.4,4,2,2022-04-19 09:03:28
1650359008935287000,28.3,3,28.25,16,28.4,4,2,2022-04-19 09:03:28
1650359009198191000,28.35,1,28.25,16,28.35,2,1,2022-04-19 09:03:29
1650359010023106000,28.35,1,28.25,16,28.35,1,1,2022-04-19 09:03:30
1650359010058825000,28.25,1,28.25,15,28.35,1,2,2022-04-19 09:03:30
1650359010189877000,28.25,10,28.25,5,28.3,1,2,2022-04-19 09:03:30
1650359010231287000,28.25,1,28.25,4,28.3,1,2,2022-04-19 09:03:30
1650359010265022000,28.25,4,28.2,19,28.3,2,2,2022-04-19 09:03:30
1650359011232382000,28.3,2,28.25,10,28.35,32,1,2022-04-19 09:03:31
1650359012375118000,28.35,1,28.25,10,28.35,31,1,2022-04-19 09:03:32
1650359012505799000,28.25,4,28.25,6,28.35,31,2,2022-04-19 09:03:32
1650359012538996000,28.25,6,28.2,19,28.35,31,2,2022-04-19 09:03:32
1650359012869882000,28.2,10,28.2,9,28.3,2,2,2022-04-19 09:03:32
1650359015352017000,28.2,9,28.15,3,28.2,2,2,2022-04-19 09:03:35
1650359015399671000,28.15,1,28.15,2,28.2,3,2,2022-04-19 09:03:35
1650359015963129000,28.2,1,28.15,2,28.2,4,1,2022-04-19 09:03:35
1650359016094058000,28.2,2,28.15,2,28.2,2,1,2022-04-19 09:03:36
1650359016121481000,28.2,2,28.15,2,28.25,1,1,2022-04-19 09:03:36
1650359016802870000,28.15,1,28.15,1,28.25,2,2,2022-04-19 09:03:36
1650359016959882000,28.25,2,28.15,1,28.3,1,1,2022-04-19 09:03:36
1650359016959882000,28.3,1,28.15,1,28.3,1,1,2022-04-19 09:03:36
1650359017781907000,28.2,2,28.15,2,28.3,1,1,2022-04-19 09:03:37
1650359017845785000,28.2,1,28.15,2,28.3,1,1,2022-04-19 09:03:37
1650359018008717000,28.25,1,28.25,1,28.3,1,1,2022-04-19 09:03:38
1650359018048257000,28.25,1,28.15,2,28.3,1,2,2022-04-19 09:03:38
1650359020518280000,28.25,1,28.15,5,28.25,29,1,2022-04-19 09:03:40
1650359021321804000,28.15,5,28.1,15,28.25,29,2,2022-04-19 09:03:41
1650359023468258000,28.15,1,28.1,15,28.15,29,2,2022-04-19 09:03:43
1650359023495741000,28.15,29,28.1,15,28.2,2,1,2022-04-19 09:03:43
1650359023585224000,28.15,1,28.1,15,28.15,3,1,2022-04-19 09:03:43
1650359023613531000,28.15,3,28.1,15,28.2,4,1,2022-04-19 09:03:43
1650359024759716000,28.15,1,28.1,16,28.2,4,1,2022-04-19 09:03:44
1650359026099309000,28.1,2,28.1,14,28.15,12,2,2022-04-19 09:03:46
1650359026344191000,28.15,2,28.1,14,28.15,10,1,2022-04-19 09:03:46
1650359026375602000,28.15,3,28.1,14,28.15,7,1,2022-04-19 09:03:46
1650359026413168000,28.1,1,28.1,13,28.15,7,2,2022-04-19 09:03:46
1650359027566323000,28.15,6,28.1,19,28.15,2,1,2022-04-19 09:03:47
1650359027609198000,28.1,1,28.1,18,28.15,2,2,2022-04-19 09:03:47
1650359027645258000,28.15,2,28.1,18,28.2,4,1,2022-04-19 09:03:47
1650359029237926000,28.15,5,28.1,20,28.2,6,2,2022-04-19 09:03:49
1650359029278376000,28.15,1,28.1,20,28.2,6,1,2022-04-19 09:03:49
1650359030334465000,28.2,1,28.15,2,28.2,5,1,2022-04-19 09:03:50
1650359030363338000,28.2,5,28.15,2,28.25,1,1,2022-04-19 09:03:50
1650359031776137000,28.15,1,28.15,2,28.25,1,2,2022-04-19 09:03:51
1650359034725770000,28.15,2,28.15,2,28.2,5,2,2022-04-19 09:03:54
1650359034756094000,28.15,1,28.15,1,28.2,5,2,2022-04-19 09:03:54
1650359037605352000,28.15,5,28.15,5,28.2,11,2,2022-04-19 09:03:57
1650359038171475000,28.15,1,28.15,6,28.2,11,2,2022-04-19 09:03:58
1650359038879266000,28.2,3,28.15,11,28.2,8,1,2022-04-19 09:03:58
1650359038907474000,28.2,8,28.15,11,28.3,3,1,2022-04-19 09:03:58
1650359039204884000,28.15,3,28.15,8,28.3,3,2,2022-04-19 09:03:59
1650359041477280000,28.3,3,28.15,9,28.45,9,1,2022-04-19 09:04:01
1650359041477280000,28.35,2,28.15,9,28.45,9,1,2022-04-19 09:04:01
1650359041477280000,28.4,4,28.15,9,28.45,9,1,2022-04-19 09:04:01
1650359041477280000,28.45,1,28.15,9,28.45,9,1,2022-04-19 09:04:01
1650359042074866000,28.2,5,28.2,1,28.45,9,2,2022-04-19 09:04:02
1650359042858401000,28.15,1,28.15,16,28.4,5,2,2022-04-19 09:04:02
1650359043202264000,28.15,1,28.15,16,28.4,5,2,2022-04-19 09:04:03
1650359043684409000,28.25,1,28.15,7,28.4,5,2,2022-04-19 09:04:03
1650359043684409000,28.2,1,28.15,7,28.4,5,2,2022-04-19 09:04:03
1650359043684409000,28.15,8,28.15,7,28.4,5,2,2022-04-19 09:04:03
1650359044758201000,28.4,1,28.15,7,28.4,5,1,2022-04-19 09:04:04
1650359045276054000,28.4,2,28.15,8,28.4,3,1,2022-04-19 09:04:05
1650359048077976000,28.2,1,28.2,1,28.35,1,2,2022-04-19 09:04:08
1650359048255274000,28.35,1,28.2,1,28.45,6,1,2022-04-19 09:04:08
1650359048255274000,28.4,3,28.2,1,28.45,6,1,2022-04-19 09:04:08
1650359048255274000,28.45,1,28.2,1,28.45,6,1,2022-04-19 09:04:08
1650359051898553000,28.2,1,28.2,10,28.35,1,2,2022-04-19 09:04:11
1650359055461895000,28.35,1,28.25,22,28.35,1,1,2022-04-19 09:04:15
1650359057094166000,28.35,1,28.25,23,28.4,4,1,2022-04-19 09:04:17
1650359057312849000,28.4,2,28.25,23,28.4,2,1,2022-04-19 09:04:17
1650359059583068000,28.35,1,28.25,25,28.4,2,2,2022-04-19 09:04:19
1650359059932198000,28.4,1,28.25,26,28.4,1,1,2022-04-19 09:04:19
1650359062659390000,28.3,1,28.3,4,28.4,9,2,2022-04-19 09:04:22
1650359062869128000,28.4,4,28.35,2,28.4,5,1,2022-04-19 09:04:22
1650359065882935000,28.4,1,28.35,2,28.4,11,1,2022-04-19 09:04:25
1650359067989957000,28.4,1,28.35,3,28.4,11,1,2022-04-19 09:04:27
1650359069051526000,28.35,3,28.3,7,28.4,11,2,2022-04-19 09:04:29
1650359069051526000,28.3,2,28.3,7,28.4,11,2,2022-04-19 09:04:29
1650359069529833000,28.4,1,28.35,1,28.4,10,1,2022-04-19 09:04:29
1650359070189601000,28.4,2,28.35,1,28.4,8,1,2022-04-19 09:04:30
1650359070469151000,28.4,8,28.4,2,28.45,24,1,2022-04-19 09:04:30
1650359073366116000,28.4,1,28.4,2,28.45,25,2,2022-04-19 09:04:33
1650359074543136000,28.4,3,28.4,3,28.45,26,2,2022-04-19 09:04:34
1650359074818371000,28.4,2,28.4,3,28.45,26,2,2022-04-19 09:04:34
1650359075317270000,28.4,1,28.4,2,28.45,26,2,2022-04-19 09:04:35
1650359075355651000,28.4,2,28.35,1,28.45,26,2,2022-04-19 09:04:35
1650359075965487000,28.4,2,28.35,1,28.4,3,2,2022-04-19 09:04:35
1650359077259563000,28.4,4,28.4,1,28.45,25,1,2022-04-19 09:04:37
1650359077341616000,28.4,1,28.35,1,28.45,25,2,2022-04-19 09:04:37
1650359077615267000,28.4,2,28.4,8,28.45,25,2,2022-04-19 09:04:37
1650359082135311000,28.4,1,28.4,13,28.45,25,2,2022-04-19 09:04:42
1650359082479719000,28.4,3,28.4,10,28.45,25,2,2022-04-19 09:04:42
1650359082927913000,28.4,4,28.4,6,28.45,25,2,2022-04-19 09:04:42
1650359084479267000,28.45,2,28.4,4,28.45,23,1,2022-04-19 09:04:44
1650359084719407000,28.4,3,28.4,1,28.45,23,2,2022-04-19 09:04:44
1650359085036210000,28.4,1,28.35,10,28.4,4,2,2022-04-19 09:04:45
1650359085478516000,28.4,1,28.35,10,28.4,3,1,2022-04-19 09:04:45
1650359085892633000,28.4,1,28.35,10,28.4,2,1,2022-04-19 09:04:45
1650359086800322000,28.4,1,28.35,10,28.4,6,1,2022-04-19 09:04:46
1650359087378769000,28.4,1,28.35,11,28.4,6,1,2022-04-19 09:04:47
1650359089374827000,28.4,1,28.35,11,28.4,10,1,2022-04-19 09:04:49
1650359091457051000,28.4,3,28.35,11,28.4,8,1,2022-04-19 09:04:51
1650359092379654000,28.4,1,28.35,11,28.4,7,1,2022-04-19 09:04:52
1650359093698839000,28.35,10,28.35,1,28.4,7,2,2022-04-19 09:04:53
1650359093757428000,28.4,5,28.35,1,28.4,3,1,2022-04-19 09:04:53
1650359093763257000,28.35,1,28.3,15,28.4,3,2,2022-04-19 09:04:53
1650359094898369000,28.35,1,28.3,15,28.4,8,1,2022-04-19 09:04:54
1650359095882351000,28.3,5,28.3,9,28.4,9,2,2022-04-19 09:04:55
1650359096164731000,28.35,1,28.3,9,28.4,10,2,2022-04-19 09:04:56
1650359096668142000,28.3,2,28.3,5,28.4,10,2,2022-04-19 09:04:56
1650359097287258000,28.3,5,28.25,33,28.4,10,2,2022-04-19 09:04:57
1650359097727982000,28.3,2,28.25,33,28.4,10,2,2022-04-19 09:04:57
1650359100160102000,28.3,1,28.25,33,28.4,13,2,2022-04-19 09:05:00
1650359100495868000,28.25,6,28.25,27,28.4,13,2,2022-04-19 09:05:00
1650359100667412000,28.25,5,28.25,22,28.35,1,2,2022-04-19 09:05:00
1650359100755511000,28.25,17,28.25,5,28.35,1,2,2022-04-19 09:05:00
1650359100793246000,28.25,5,28.2,42,28.35,1,2,2022-04-19 09:05:00
1650359100802426000,28.2,5,28.2,37,28.3,2,2,2022-04-19 09:05:00
1650359101409794000,28.25,1,28.2,37,28.3,2,1,2022-04-19 09:05:01
1650359102143593000,28.2,10,28.2,27,28.3,2,2,2022-04-19 09:05:02
1650359102528600000,28.25,2,28.4,6,28.45,38,1,2022-04-19 09:05:02
1650359102528600000,28.3,5,28.4,6,28.45,38,1,2022-04-19 09:05:02
1650359102528600000,28.35,3,28.4,6,28.45,38,1,2022-04-19 09:05:02
1650359102528600000,28.4,14,28.4,6,28.45,38,1,2022-04-19 09:05:02
1650359102559296000,28.4,6,28.2,27,28.45,38,2,2022-04-19 09:05:02
1650359102560833000,28.2,3,28.2,24,28.45,38,2,2022-04-19 09:05:02
1650359103034662000,28.2,9,28.2,15,28.4,6,2,2022-04-19 09:05:03
1650359103054815000,28.2,15,28.15,93,28.4,6,2,2022-04-19 09:05:03
1650359104283240000,28.15,4,28.15,89,28.35,4,2,2022-04-19 09:05:04
1650359104345267000,28.35,1,28.15,90,28.35,3,1,2022-04-19 09:05:04
1650359104569101000,28.35,1,28.2,6,28.35,2,1,2022-04-19 09:05:04
1650359107249318000,28.3,1,28.2,8,28.3,4,1,2022-04-19 09:05:07
1650359110891443000,28.3,1,28.2,20,28.3,9,1,2022-04-19 09:05:10
1650359112644697000,28.25,5,28.2,20,28.3,11,2,2022-04-19 09:05:12
1650359115113336000,28.3,2,28.2,20,28.3,4,1,2022-04-19 09:05:15
1650359118295249000,28.3,1,28.2,20,28.3,4,1,2022-04-19 09:05:18
1650359118500030000,28.2,5,28.2,15,28.3,4,2,2022-04-19 09:05:18
1650359118681507000,28.2,16,28.15,76,28.3,5,2,2022-04-19 09:05:18
1650359119259527000,28.3,2,28.2,3,28.3,3,1,2022-04-19 09:05:19
1650359122469248000,28.25,1,28.2,8,28.3,9,2,2022-04-19 09:05:22
1650359125334449000,28.25,1,28.2,8,28.3,11,2,2022-04-19 09:05:25
1650359125403995000,28.2,8,28.15,76,28.3,11,2,2022-04-19 09:05:25
1650359126921967000,28.2,1,28.15,76,28.25,5,2,2022-04-19 09:05:26
1650359127889735000,28.2,1,28.15,78,28.25,5,1,2022-04-19 09:05:27
1650359128504994000,28.25,1,28.15,78,28.25,4,1,2022-04-19 09:05:28
1650359131312493000,28.15,30,28.15,43,28.25,10,2,2022-04-19 09:05:31
1650359131339845000,28.2,5,28.15,5,28.25,10,2,2022-04-19 09:05:31
1650359131339845000,28.15,38,28.15,5,28.25,10,2,2022-04-19 09:05:31
1650359131364813000,28.15,2,28.15,3,28.2,4,2,2022-04-19 09:05:31
1650359131365686000,28.15,3,28.1,47,28.2,4,2,2022-04-19 09:05:31
1650359131788775000,28.15,1,28.1,47,28.2,15,1,2022-04-19 09:05:31
1650359132376969000,28.2,3,28.1,47,28.2,12,1,2022-04-19 09:05:32
1650359133928777000,28.2,10,28.1,47,28.2,2,1,2022-04-19 09:05:33
1650359137496747000,28.2,2,28.15,1,28.25,10,1,2022-04-19 09:05:37
1650359138079243000,28.25,1,28.15,1,28.25,19,1,2022-04-19 09:05:38
1650359140512160000,28.25,1,28.15,11,28.25,18,1,2022-04-19 09:05:40
1650359142771028000,28.15,2,28.15,12,28.25,23,2,2022-04-19 09:05:42
1650359145288139000,28.25,3,28.15,14,28.25,20,1,2022-04-19 09:05:45
1650359146886060000,28.15,15,28.1,43,28.25,21,2,2022-04-19 09:05:46
1650359146886060000,28.1,5,28.1,43,28.25,21,2,2022-04-19 09:05:46
1650359147683539000,28.15,1,28.1,43,28.2,1,2,2022-04-19 09:05:47
1650359148703501000,28.15,2,28.1,35,28.2,1,2,2022-04-19 09:05:48
1650359148703501000,28.1,8,28.1,35,28.2,1,2,2022-04-19 09:05:48
1650359155141369000,28.1,1,28.1,35,28.15,10,2,2022-04-19 09:05:55
1650359155426221000,28.1,1,28.1,34,28.15,10,2,2022-04-19 09:05:55
1650359155731890000,28.15,1,28.1,39,28.15,14,1,2022-04-19 09:05:55
1650359157362394000,28.1,2,28.1,37,28.15,14,2,2022-04-19 09:05:57
1650359157375104000,28.1,1,28.1,36,28.15,14,2,2022-04-19 09:05:57
1650359157416586000,28.1,1,28.1,35,28.15,14,2,2022-04-19 09:05:57
1650359157519155000,28.1,5,28.1,30,28.15,14,2,2022-04-19 09:05:57
1650359157580885000,28.1,1,28.1,29,28.15,14,2,2022-04-19 09:05:57
1650359157670577000,28.1,5,28.1,24,28.15,14,2,2022-04-19 09:05:57
1650359157827219000,28.1,2,28.1,22,28.15,15,2,2022-04-19 09:05:57
1650359159982264000,28.15,17,28.1,25,28.2,2,1,2022-04-19 09:05:59
1650359159982264000,28.2,3,28.1,25,28.2,2,1,2022-04-19 09:05:59
1650359160029273000,28.1,8,28.1,17,28.2,2,2,2022-04-19 09:06:00
1650359160306940000,28.1,1,28.1,16,28.2,2,2,2022-04-19 09:06:00
1650359160611032000,28.15,1,28.15,4,28.2,2,1,2022-04-19 09:06:00
1650359162676497000,28.15,1,28.15,3,28.2,2,2,2022-04-19 09:06:02
1650359162677516000,28.15,1,28.15,2,28.2,2,2,2022-04-19 09:06:02
1650359163185998000,28.15,1,28.15,1,28.2,2,2,2022-04-19 09:06:03
1650359166064255000,28.15,2,28.1,9,28.2,2,2,2022-04-19 09:06:06
1650359166064255000,28.1,10,28.1,9,28.2,2,2,2022-04-19 09:06:06
1650359166139408000,28.15,1,28.1,9,28.2,2,1,2022-04-19 09:06:06
1650359167239806000,28.15,1,28.15,2,28.2,2,2,2022-04-19 09:06:07
1650359167771810000,28.2,1,28.15,2,28.2,1,1,2022-04-19 09:06:07
1650359168785798000,28.2,1,28.15,3,28.25,7,1,2022-04-19 09:06:08
1650359168826778000,28.15,3,28.1,9,28.25,7,2,2022-04-19 09:06:08
1650359174563578000,28.15,1,28.15,5,28.25,8,2,2022-04-19 09:06:14
1650359174861676000,28.15,1,28.15,4,28.25,8,2,2022-04-19 09:06:14
1650359175638000000,28.25,2,28.15,4,28.25,8,1,2022-04-19 09:06:15
1650359177240734000,28.25,1,28.15,5,28.25,7,1,2022-04-19 09:06:17
1650359181352476000,28.15,1,28.15,7,28.25,12,2,2022-04-19 09:06:21
1650359181406247000,28.25,1,28.15,7,28.25,11,1,2022-04-19 09:06:21
1650359181914221000,28.25,1,28.15,7,28.25,10,1,2022-04-19 09:06:21
1650359182602683000,28.25,1,28.15,17,28.25,9,1,2022-04-19 09:06:22
1650359185715780000,28.15,1,28.15,17,28.25,9,2,2022-04-19 09:06:25
1650359186102822000,28.15,1,28.15,16,28.25,9,2,2022-04-19 09:06:26
1650359192977817000,28.25,10,28.2,11,28.25,13,1,2022-04-19 09:06:32
1650359193008027000,28.25,13,28.2,11,28.3,27,1,2022-04-19 09:06:33
1650359196249819000,28.2,4,28.2,10,28.25,10,2,2022-04-19 09:06:36
1650359196446827000,28.2,1,28.2,9,28.25,10,2,2022-04-19 09:06:36
1650359197141544000,28.2,1,28.2,8,28.25,11,2,2022-04-19 09:06:37
1650359197154744000,28.2,1,28.2,7,28.25,11,2,2022-04-19 09:06:37
1650359198311219000,28.25,2,28.2,7,28.25,9,1,2022-04-19 09:06:38
1650359198582684000,28.25,9,28.25,1,28.3,27,1,2022-04-19 09:06:38
1650359200582108000,28.25,1,28.2,9,28.3,27,2,2022-04-19 09:06:40
1650359201191072000,28.2,10,28.15,38,28.3,25,2,2022-04-19 09:06:41
1650359201191072000,28.15,90,28.15,38,28.3,25,2,2022-04-19 09:06:41
1650359202049478000,28.25,1,28.15,39,28.25,9,1,2022-04-19 09:06:42
1650359205359755000,28.25,1,28.15,40,28.25,9,1,2022-04-19 09:06:45
1650359205386659000,28.25,9,28.25,11,28.3,26,1,2022-04-19 09:06:45
1650359205424989000,28.25,3,28.25,8,28.3,26,2,2022-04-19 09:06:45
1650359205425085000,28.25,2,28.25,6,28.3,26,2,2022-04-19 09:06:45
1650359205454384000,28.25,2,28.25,4,28.3,26,2,2022-04-19 09:06:45
1650359205457996000,28.25,3,28.25,1,28.3,26,2,2022-04-19 09:06:45
1650359206225347000,28.25,1,28.2,5,28.3,26,2,2022-04-19 09:06:46
1650359207446902000,28.25,1,28.25,1,28.3,26,2,2022-04-19 09:06:47
1650359209874009000,28.25,1,28.2,9,28.3,26,2,2022-04-19 09:06:49
1650359212696458000,28.2,10,28.2,9,28.3,26,2,2022-04-19 09:06:52
1650359216933060000,28.25,1,28.2,9,28.3,26,1,2022-04-19 09:06:56
1650359218303078000,28.2,9,28.15,51,28.25,10,2,2022-04-19 09:06:58
1650359219017073000,28.2,1,28.2,9,28.25,12,1,2022-04-19 09:06:59
1650359219167568000,28.25,1,28.2,9,28.25,11,1,2022-04-19 09:06:59
1650359220193167000,28.25,16,28.25,4,28.3,26,1,2022-04-19 09:07:00
1650359220523859000,28.25,1,28.25,3,28.3,26,2,2022-04-19 09:07:00
1650359221205125000,28.25,1,28.25,2,28.3,26,2,2022-04-19 09:07:01
1650359221240170000,28.25,1,28.25,1,28.3,26,2,2022-04-19 09:07:01
1650359223001907000,28.25,1,28.2,11,28.3,26,2,2022-04-19 09:07:03
1650359225494726000,28.2,10,28.2,8,28.3,26,2,2022-04-19 09:07:05
1650359228405597000,28.3,2,28.2,8,28.3,24,1,2022-04-19 09:07:08
1650359231164973000,28.25,1,28.25,29,28.3,24,2,2022-04-19 09:07:11
1650359236153725000,28.25,5,28.25,34,28.3,24,2,2022-04-19 09:07:16
1650359237060516000,28.3,2,28.25,34,28.3,22,1,2022-04-19 09:07:17
1650359237533702000,28.25,10,28.25,24,28.3,22,2,2022-04-19 09:07:17
1650359238518949000,28.25,1,28.25,23,28.3,22,2,2022-04-19 09:07:18
1650359241523407000,28.3,2,28.25,37,28.3,20,1,2022-04-19 09:07:21
1650359248844484000,28.3,1,28.25,42,28.3,25,1,2022-04-19 09:07:28
1650359250339587000,28.3,2,28.25,40,28.3,23,1,2022-04-19 09:07:30
1650359251051556000,28.3,5,28.25,40,28.3,18,1,2022-04-19 09:07:31
1650359252669343000,28.3,1,28.25,40,28.3,17,1,2022-04-19 09:07:32
1650359252976687000,28.3,5,28.25,40,28.3,12,1,2022-04-19 09:07:32
1650359253577293000,28.3,1,28.25,43,28.3,11,1,2022-04-19 09:07:33
1650359253835198000,28.3,1,28.25,43,28.3,10,1,2022-04-19 09:07:33
1650359256221654000,28.3,1,28.25,50,28.3,9,1,2022-04-19 09:07:36
1650359256433476000,28.3,2,28.25,50,28.3,7,1,2022-04-19 09:07:36
1650359256464285000,28.3,1,28.25,50,28.3,6,1,2022-04-19 09:07:36
1650359256465268000,28.3,1,28.25,50,28.3,5,1,2022-04-19 09:07:36
1650359256496015000,28.3,4,28.25,50,28.3,1,1,2022-04-19 09:07:36
1650359256525814000,28.3,1,28.25,50,28.35,12,1,2022-04-19 09:07:36
1650359263705890000,28.3,1,28.3,9,28.35,12,2,2022-04-19 09:07:43
1650359266393150000,28.3,1,28.3,20,28.35,12,2,2022-04-19 09:07:46
1650359269801218000,28.3,3,28.3,17,28.35,12,2,2022-04-19 09:07:49
1650359270123219000,28.3,1,28.3,16,28.35,12,2,2022-04-19 09:07:50
1650359280135087000,28.35,10,28.3,26,28.35,2,1,2022-04-19 09:08:00
1650359280175402000,28.35,2,28.3,26,28.4,8,1,2022-04-19 09:08:00
1650359281835259000,28.4,1,28.3,28,28.4,6,1,2022-04-19 09:08:01
1650359284403692000,28.4,2,28.3,32,28.4,5,1,2022-04-19 09:08:04
1650359288409965000,28.4,2,28.3,38,28.4,3,1,2022-04-19 09:08:08
1650359293196161000,28.35,1,28.3,46,28.35,4,1,2022-04-19 09:08:13
1650359293555978000,28.35,1,28.3,46,28.35,3,1,2022-04-19 09:08:13
1650359293810539000,28.35,1,28.3,46,28.35,2,1,2022-04-19 09:08:13
1650359295006520000,28.35,1,28.3,56,28.35,2,1,2022-04-19 09:08:15
1650359295123527000,28.35,2,28.3,56,28.4,4,1,2022-04-19 09:08:15
1650359295123527000,28.4,2,28.3,56,28.4,4,1,2022-04-19 09:08:15
1650359297992815000,28.35,7,28.3,55,28.4,6,2,2022-04-19 09:08:17
1650359298327492000,28.4,1,28.3,55,28.4,3,1,2022-04-19 09:08:18
1650359298448740000,28.3,5,28.3,50,28.4,3,2,2022-04-19 09:08:18
1650359298481014000,28.35,1,28.3,41,28.4,4,2,2022-04-19 09:08:18
1650359298481014000,28.3,9,28.3,41,28.4,4,2,2022-04-19 09:08:18
1650359304752882000,28.3,1,28.3,42,28.4,6,2,2022-04-19 09:08:24
1650359304823491000,28.4,2,28.3,42,28.4,4,1,2022-04-19 09:08:24
1650359307294813000,28.35,10,28.35,20,28.4,8,2,2022-04-19 09:08:27
1650359307326831000,28.35,20,28.3,47,28.4,10,2,2022-04-19 09:08:27
1650359308667156000,28.3,10,28.3,37,28.35,5,2,2022-04-19 09:08:28
1650359308700820000,28.3,1,28.3,36,28.35,5,2,2022-04-19 09:08:28
1650359308745269000,28.3,10,28.3,26,28.35,6,2,2022-04-19 09:08:28
1650359308782906000,28.3,26,28.25,28,28.35,6,2,2022-04-19 09:08:28
1650359308936598000,28.3,5,28.25,28,28.3,1,1,2022-04-19 09:08:28
1650359308984313000,28.25,1,28.25,27,28.3,1,2,2022-04-19 09:08:28
1650359309025341000,28.25,10,28.25,17,28.3,1,2,2022-04-19 09:08:29
1650359309060750000,28.25,1,28.25,16,28.3,1,2,2022-04-19 09:08:29
1650359309554156000,28.3,2,28.25,16,28.3,1,1,2022-04-19 09:08:29
1650359313186996000,28.3,1,28.25,16,28.35,7,1,2022-04-19 09:08:33
1650359320781267000,28.3,1,28.3,13,28.35,2,2,2022-04-19 09:08:40
1650359322464642000,28.3,10,28.3,3,28.35,2,2,2022-04-19 09:08:42
1650359323796839000,28.35,1,28.3,3,28.35,3,1,2022-04-19 09:08:43
1650359324887049000,28.3,1,28.3,2,28.35,3,2,2022-04-19 09:08:44
1650359324921146000,28.3,2,28.25,19,28.35,3,2,2022-04-19 09:08:44
1650359332218571000,28.35,1,28.3,22,28.35,2,1,2022-04-19 09:08:52
1650359332368002000,28.3,2,28.3,21,28.35,2,2,2022-04-19 09:08:52
1650359335759283000,28.35,2,28.3,28,28.4,9,1,2022-04-19 09:08:55
1650359343007379000,28.35,1,28.35,11,28.4,8,2,2022-04-19 09:09:03
1650359343014495000,28.35,1,28.35,10,28.4,8,2,2022-04-19 09:09:03
1650359343493000000,28.35,1,28.35,9,28.4,9,2,2022-04-19 09:09:03
1650359343630596000,28.35,1,28.35,8,28.4,9,2,2022-04-19 09:09:03
1650359344590431000,28.35,8,28.3,47,28.35,2,2,2022-04-19 09:09:04
1650359346672136000,28.35,2,28.3,47,28.4,5,1,2022-04-19 09:09:06
1650359347911474000,28.35,1,28.3,47,28.35,1,1,2022-04-19 09:09:07
1650359349927137000,28.35,1,28.3,66,28.35,10,1,2022-04-19 09:09:09
1650359350135490000,28.35,3,28.3,66,28.35,7,1,2022-04-19 09:09:10
1650359350251646000,28.35,1,28.3,66,28.35,6,1,2022-04-19 09:09:10
1650359350335184000,28.35,3,28.3,66,28.35,3,1,2022-04-19 09:09:10
1650359350365901000,28.35,3,28.3,66,28.4,10,1,2022-04-19 09:09:10
1650359357721471000,28.35,1,28.3,66,28.35,8,1,2022-04-19 09:09:17
1650359359149514000,28.35,1,28.3,67,28.35,5,1,2022-04-19 09:09:19
1650359359914782000,28.35,5,28.3,67,28.4,20,1,2022-04-19 09:09:19
1650359363335900000,28.35,1,28.35,19,28.4,25,2,2022-04-19 09:09:23
1650359370039558000,28.35,1,28.35,25,28.4,25,2,2022-04-19 09:09:30
1650359372738186000,28.4,1,28.35,26,28.4,24,1,2022-04-19 09:09:32
1650359375153130000,28.4,5,28.35,28,28.4,19,1,2022-04-19 09:09:35
1650359377367922000,28.35,10,28.35,24,28.4,19,2,2022-04-19 09:09:37
1650359377423291000,28.4,1,28.35,24,28.4,18,1,2022-04-19 09:09:37
1650359378039297000,28.4,3,28.35,26,28.4,15,1,2022-04-19 09:09:38
1650359378582932000,28.4,1,28.35,26,28.4,14,1,2022-04-19 09:09:38
1650359378873238000,28.4,10,28.35,26,28.4,4,1,2022-04-19 09:09:38
1650359378907180000,28.4,4,28.35,26,28.45,22,1,2022-04-19 09:09:38
1650359382335658000,28.45,3,28.4,1,28.45,19,1,2022-04-19 09:09:42
1650359382849875000,28.45,1,28.4,1,28.45,18,1,2022-04-19 09:09:42
1650359383914824000,28.45,9,28.4,6,28.45,10,1,2022-04-19 09:09:43
1650359383947757000,28.45,1,28.4,6,28.45,9,1,2022-04-19 09:09:43
1650359384639651000,28.45,4,28.4,10,28.45,5,1,2022-04-19 09:09:44
1650359385226054000,28.45,5,28.4,10,28.5,72,1,2022-04-19 09:09:45
1650359389534451000,28.5,3,28.45,8,28.5,69,1,2022-04-19 09:09:49
1650359391787596000,28.45,10,28.4,1,28.5,70,2,2022-04-19 09:09:51
1650359391787596000,28.4,10,28.4,1,28.5,70,2,2022-04-19 09:09:51
1650359391881538000,28.45,1,28.4,1,28.45,2,1,2022-04-19 09:09:51
1650359392949640000,28.5,1,28.4,1,28.5,71,1,2022-04-19 09:09:52
1650359393136062000,28.5,3,28.4,1,28.5,68,1,2022-04-19 09:09:53
1650359394671627000,28.5,1,28.45,1,28.5,67,1,2022-04-19 09:09:54
1650359398020711000,28.5,1,28.45,1,28.5,66,1,2022-04-19 09:09:58
1650359398730892000,28.5,1,28.45,1,28.5,60,1,2022-04-19 09:09:58
1650359398783819000,28.5,1,28.45,1,28.5,59,1,2022-04-19 09:09:58
1650359399139515000,28.45,1,28.4,2,28.45,1,2,2022-04-19 09:09:59
1650359399403169000,28.45,1,28.4,2,28.5,59,1,2022-04-19 09:09:59
1650359401462430000,28.45,1,28.4,2,28.5,59,1,2022-04-19 09:10:01
1650359402267729000,28.5,2,28.4,2,28.5,57,1,2022-04-19 09:10:02
1650359402410365000,28.45,5,28.4,2,28.45,5,1,2022-04-19 09:10:02
1650359403786482000,28.45,2,28.4,2,28.45,4,1,2022-04-19 09:10:03
1650359404163750000,28.45,1,28.4,7,28.45,3,1,2022-04-19 09:10:04
1650359405113165000,28.45,3,28.4,7,28.5,53,1,2022-04-19 09:10:05
1650359405113165000,28.5,4,28.4,7,28.5,53,1,2022-04-19 09:10:05
1650359405226055000,28.5,1,28.4,7,28.5,52,1,2022-04-19 09:10:05
1650359406049626000,28.45,1,28.45,1,28.5,52,1,2022-04-19 09:10:06
1650359409586279000,28.45,1,28.45,3,28.5,51,2,2022-04-19 09:10:09
1650359411083966000,28.45,3,28.45,2,28.5,51,2,2022-04-19 09:10:11
1650359411439481000,28.5,5,28.45,2,28.5,46,1,2022-04-19 09:10:11
1650359413646296000,28.5,3,28.45,3,28.5,43,1,2022-04-19 09:10:13
1650359415257158000,28.45,2,28.45,1,28.5,42,2,2022-04-19 09:10:15
1650359415291678000,28.45,1,28.4,23,28.5,42,2,2022-04-19 09:10:15
1650359415548084000,28.5,1,28.4,23,28.5,41,1,2022-04-19 09:10:15
1650359415749805000,28.5,5,28.4,23,28.5,36,1,2022-04-19 09:10:15
1650359415783791000,28.5,10,28.4,23,28.5,23,1,2022-04-19 09:10:15
1650359416822124000,28.45,1,28.4,23,28.5,23,2,2022-04-19 09:10:16
1650359417105228000,28.5,5,28.4,23,28.5,18,1,2022-04-19 09:10:17
1650359417140338000,28.5,6,28.4,23,28.5,12,1,2022-04-19 09:10:17
1650359418252555000,28.5,5,28.4,23,28.5,35,1,2022-04-19 09:10:18
1650359418454098000,28.5,35,28.4,23,28.55,9,1,2022-04-19 09:10:18
1650359418454098000,28.55,15,28.4,23,28.55,9,1,2022-04-19 09:10:18
1650359418923836000,28.55,1,28.4,22,28.55,8,1,2022-04-19 09:10:18
1650359419100354000,28.55,3,28.4,22,28.55,5,1,2022-04-19 09:10:19
1650359419776907000,28.55,2,28.4,22,28.55,3,1,2022-04-19 09:10:19
1650359421762131000,28.55,3,28.5,19,28.6,29,1,2022-04-19 09:10:21
1650359422114972000,28.55,1,28.5,19,28.6,29,2,2022-04-19 09:10:22
1650359422692693000,28.55,1,28.5,19,28.55,4,1,2022-04-19 09:10:22
1650359422766349000,28.55,1,28.5,19,28.55,3,1,2022-04-19 09:10:22
1650359423596113000,28.55,2,28.5,20,28.55,6,1,2022-04-19 09:10:23
1650359423671263000,28.55,1,28.5,21,28.55,5,1,2022-04-19 09:10:23
1650359423702842000,28.55,3,28.5,21,28.55,2,1,2022-04-19 09:10:23
1650359423735775000,28.55,2,28.5,21,28.6,29,1,2022-04-19 09:10:23
1650359424797024000,28.5,3,28.5,18,28.55,5,2,2022-04-19 09:10:24
1650359425146330000,28.55,1,28.5,18,28.55,4,1,2022-04-19 09:10:25
1650359425869371000,28.55,2,28.5,18,28.55,2,1,2022-04-19 09:10:25
1650359426425976000,28.55,1,28.5,18,28.55,1,1,2022-04-19 09:10:26
1650359427438743000,28.5,18,28.45,4,28.5,12,2,2022-04-19 09:10:27
1650359427471677000,28.45,1,28.45,3,28.5,12,2,2022-04-19 09:10:27
1650359427472646000,28.45,1,28.45,2,28.5,12,2,2022-04-19 09:10:27
1650359427473404000,28.45,1,28.45,1,28.5,12,2,2022-04-19 09:10:27
1650359427579893000,28.45,1,28.4,24,28.5,12,2,2022-04-19 09:10:27
1650359428642977000,28.5,2,28.45,5,28.5,10,1,2022-04-19 09:10:28
1650359430437187000,28.5,10,28.45,5,28.55,2,1,2022-04-19 09:10:30
1650359431267816000,28.55,1,28.5,15,28.55,1,1,2022-04-19 09:10:31
1650359431599590000,28.5,1,28.5,15,28.55,1,2,2022-04-19 09:10:31
1650359434637308000,28.5,18,28.45,6,28.5,12,2,2022-04-19 09:10:34
1650359434681360000,28.45,1,28.45,5,28.5,12,2,2022-04-19 09:10:34
1650359434681495000,28.45,1,28.45,4,28.5,12,2,2022-04-19 09:10:34
1650359436258930000,28.45,2,28.45,8,28.5,13,2,2022-04-19 09:10:36
1650359436289091000,28.45,3,28.45,5,28.5,13,2,2022-04-19 09:10:36
1650359436797600000,28.5,1,28.45,5,28.5,12,1,2022-04-19 09:10:36
1650359438981198000,28.45,1,28.45,4,28.5,12,2,2022-04-19 09:10:38
1650359440621093000,28.45,1,28.45,8,28.5,13,2,2022-04-19 09:10:40
1650359440691333000,28.45,2,28.45,6,28.5,13,2,2022-04-19 09:10:40
1650359441456573000,28.45,1,28.45,6,28.5,14,2,2022-04-19 09:10:41
1650359442677577000,28.45,1,28.45,10,28.5,15,2,2022-04-19 09:10:42
1650359442723280000,28.45,1,28.45,9,28.5,15,2,2022-04-19 09:10:42
1650359442993711000,28.45,2,28.45,7,28.5,15,2,2022-04-19 09:10:42
1650359443028786000,28.45,1,28.45,6,28.5,15,2,2022-04-19 09:10:43
1650359443297056000,28.45,5,28.45,1,28.5,15,2,2022-04-19 09:10:43
1650359444264408000,28.45,1,28.45,2,28.5,15,2,2022-04-19 09:10:44
1650359444333309000,28.45,1,28.45,1,28.5,15,2,2022-04-19 09:10:44
1650359447153332000,28.5,10,28.45,5,28.5,5,1,2022-04-19 09:10:47
1650359449115565000,28.45,5,28.45,5,28.5,35,2,2022-04-19 09:10:49
1650359449140616000,28.45,1,28.45,4,28.5,35,2,2022-04-19 09:10:49
1650359449144200000,28.45,1,28.45,3,28.5,35,2,2022-04-19 09:10:49
1650359449172953000,28.45,1,28.45,2,28.5,35,2,2022-04-19 09:10:49
1650359450655202000,28.45,3,28.4,30,28.45,2,2,2022-04-19 09:10:50
1650359451186385000,28.45,1,28.4,30,28.45,3,1,2022-04-19 09:10:51
1650359451466485000,28.45,1,28.4,30,28.45,2,1,2022-04-19 09:10:51
1650359453041214000,28.45,1,28.4,30,28.45,2,1,2022-04-19 09:10:53
1650359453055548000,28.45,2,28.45,1,28.5,35,1,2022-04-19 09:10:53
1650359455111333000,28.45,1,28.4,30,28.45,9,2,2022-04-19 09:10:55
1650359459462775000,28.45,1,28.4,30,28.45,9,1,2022-04-19 09:10:59
1650359459489093000,28.4,1,28.4,29,28.45,9,2,2022-04-19 09:10:59
1650359462189996000,28.45,1,28.4,29,28.45,13,1,2022-04-19 09:11:02
1650359462564538000,28.45,2,28.4,29,28.45,11,1,2022-04-19 09:11:02
1650359463717518000,28.4,3,28.4,26,28.45,12,2,2022-04-19 09:11:03
1650359468979246000,28.45,5,28.4,27,28.45,13,1,2022-04-19 09:11:08
1650359469030746000,28.4,1,28.4,26,28.45,13,2,2022-04-19 09:11:09
1650359469059587000,28.4,1,28.4,25,28.45,13,2,2022-04-19 09:11:09
1650359469938904000,28.4,1,28.4,24,28.45,16,2,2022-04-19 09:11:09
1650359469964577000,28.4,1,28.4,23,28.45,16,2,2022-04-19 09:11:09
1650359470820168000,28.4,2,28.4,21,28.45,16,2,2022-04-19 09:11:10
1650359470846366000,28.4,1,28.4,20,28.45,16,2,2022-04-19 09:11:10
1650359470889500000,28.4,1,28.4,19,28.45,16,2,2022-04-19 09:11:10
1650359473694260000,28.4,4,28.4,17,28.45,14,2,2022-04-19 09:11:13
1650359473720672000,28.4,1,28.4,16,28.45,14,2,2022-04-19 09:11:13
1650359473745867000,28.4,1,28.4,15,28.45,14,2,2022-04-19 09:11:13
1650359475659099000,28.4,1,28.4,16,28.45,18,2,2022-04-19 09:11:15
1650359475859486000,28.4,10,28.4,6,28.45,19,2,2022-04-19 09:11:15
1650359475898373000,28.4,3,28.4,3,28.45,19,2,2022-04-19 09:11:15
1650359475898627000,28.4,3,28.35,25,28.45,19,2,2022-04-19 09:11:15
1650359476264592000,28.4,3,28.35,25,28.4,3,1,2022-04-19 09:11:16
1650359477615440000,28.4,1,28.35,25,28.4,3,1,2022-04-19 09:11:17
1650359478318155000,28.4,1,28.35,25,28.4,3,1,2022-04-19 09:11:18
1650359480366795000,28.4,1,28.35,25,28.4,3,1,2022-04-19 09:11:20
1650359480404718000,28.4,2,28.35,25,28.4,1,1,2022-04-19 09:11:20
1650359480779774000,28.4,1,28.35,25,28.45,15,1,2022-04-19 09:11:20
1650359480779774000,28.45,4,28.35,25,28.45,15,1,2022-04-19 09:11:20
1650359487510426000,28.4,3,28.35,27,28.4,10,1,2022-04-19 09:11:27
1650359488111795000,28.35,3,28.35,24,28.4,10,2,2022-04-19 09:11:28
1650359489992338000,28.4,3,28.35,27,28.4,7,1,2022-04-19 09:11:29
1650359495397056000,28.4,2,28.35,29,28.4,6,1,2022-04-19 09:11:35
1650359495666078000,28.4,4,28.35,29,28.4,2,1,2022-04-19 09:11:35
1650359495711967000,28.35,1,28.35,28,28.4,2,2,2022-04-19 09:11:35
1650359495730297000,28.35,1,28.35,27,28.4,2,2,2022-04-19 09:11:35
1650359495807152000,28.4,2,28.35,27,28.45,17,1,2022-04-19 09:11:35
1650359497965080000,28.4,3,28.35,24,28.45,17,1,2022-04-19 09:11:37
1650359500246512000,28.4,1,28.4,9,28.45,17,1,2022-04-19 09:11:40
1650359502064604000,28.4,3,28.4,17,28.45,17,2,2022-04-19 09:11:42
1650359505729630000,28.45,1,28.4,20,28.45,16,1,2022-04-19 09:11:45
1650359516336998000,28.45,1,28.4,26,28.45,21,1,2022-04-19 09:11:56
1650359519450402000,28.45,2,28.4,27,28.45,19,1,2022-04-19 09:11:59
1650359522940794000,28.45,1,28.4,27,28.45,29,1,2022-04-19 09:12:02
1650359523406871000,28.45,1,28.4,27,28.45,28,1,2022-04-19 09:12:03
1650359524633838000,28.4,2,28.4,25,28.45,28,2,2022-04-19 09:12:04
1650359534195480000,28.45,2,28.4,29,28.45,27,1,2022-04-19 09:12:14
1650359538335264000,28.45,2,28.4,31,28.45,25,1,2022-04-19 09:12:18
1650359538548397000,28.4,1,28.4,30,28.45,25,2,2022-04-19 09:12:18
1650359538880792000,28.4,5,28.4,25,28.45,25,2,2022-04-19 09:12:18
1650359538905868000,28.4,1,28.4,24,28.45,25,2,2022-04-19 09:12:18
1650359540275719000,28.45,2,28.4,24,28.45,23,1,2022-04-19 09:12:20
1650359547273577000,28.45,10,28.4,28,28.45,15,1,2022-04-19 09:12:27
1650359547309291000,28.45,14,28.4,28,28.45,1,1,2022-04-19 09:12:27
1650359547342274000,28.45,1,28.4,28,28.5,37,1,2022-04-19 09:12:27
1650359551134690000,28.5,1,28.4,29,28.5,36,1,2022-04-19 09:12:31
1650359556882562000,28.45,1,28.4,48,28.5,36,2,2022-04-19 09:12:36
1650359556882562000,28.4,1,28.4,48,28.5,36,2,2022-04-19 09:12:36
1650359557230316000,28.5,1,28.4,48,28.5,35,1,2022-04-19 09:12:37
1650359557605346000,28.5,1,28.4,48,28.5,34,1,2022-04-19 09:12:37
1650359559296594000,28.5,1,28.4,53,28.5,32,1,2022-04-19 09:12:39
1650359562888607000,28.5,1,28.4,55,28.5,31,1,2022-04-19 09:12:42
1650359564471246000,28.5,1,28.4,55,28.5,30,1,2022-04-19 09:12:44
1650359566841701000,28.45,1,28.4,60,28.5,30,2,2022-04-19 09:12:46
1650359566841701000,28.4,1,28.4,60,28.5,30,2,2022-04-19 09:12:46
1650359566938021000,28.45,1,28.4,60,28.5,30,1,2022-04-19 09:12:46
1650359567831150000,28.5,2,28.4,61,28.5,28,1,2022-04-19 09:12:47
1650359573800175000,28.5,1,28.45,1,28.5,29,1,2022-04-19 09:12:53
1650359577358928000,28.5,1,28.45,1,28.5,31,1,2022-04-19 09:12:57
1650359578648694000,28.5,1,28.45,4,28.5,31,1,2022-04-19 09:12:58
1650359580195197000,28.5,1,28.45,7,28.5,30,1,2022-04-19 09:13:00
1650359582891647000,28.5,10,28.45,8,28.5,20,1,2022-04-19 09:13:02
1650359583127287000,28.5,3,28.45,8,28.5,17,1,2022-04-19 09:13:03
1650359583976687000,28.5,1,28.45,8,28.5,16,1,2022-04-19 09:13:03
1650359585323500000,28.5,1,28.45,8,28.5,15,1,2022-04-19 09:13:05
1650359585714293000,28.5,1,28.45,8,28.5,14,1,2022-04-19 09:13:05
1650359585819609000,28.45,1,28.45,7,28.5,14,2,2022-04-19 09:13:05
1650359586250383000,28.5,1,28.45,13,28.5,13,1,2022-04-19 09:13:06
1650359587341405000,28.5,2,28.45,14,28.5,41,1,2022-04-19 09:13:07
1650359589520593000,28.5,3,28.45,15,28.5,38,1,2022-04-19 09:13:09
1650359589922889000,28.5,3,28.45,15,28.5,35,1,2022-04-19 09:13:09
1650359591998902000,28.5,2,28.45,15,28.5,33,1,2022-04-19 09:13:11
1650359594178434000,28.5,1,28.45,16,28.5,35,1,2022-04-19 09:13:14
1650359601249697000,28.5,1,28.45,15,28.5,35,1,2022-04-19 09:13:21
1650359601736808000,28.5,1,28.45,15,28.5,35,1,2022-04-19 09:13:21
1650359604302620000,28.5,5,28.45,16,28.5,30,1,2022-04-19 09:13:24
1650359605992800000,28.5,5,28.45,16,28.5,27,1,2022-04-19 09:13:25
1650359608377297000,28.5,5,28.45,16,28.5,26,1,2022-04-19 09:13:28
1650359609319741000,28.5,1,28.45,19,28.5,23,1,2022-04-19 09:13:29
1650359612649588000,28.5,10,28.45,24,28.5,11,1,2022-04-19 09:13:32
1650359612675683000,28.5,7,28.45,24,28.5,4,1,2022-04-19 09:13:32
1650359613468832000,28.5,4,28.5,1,28.55,22,1,2022-04-19 09:13:33
1650359614238016000,28.5,1,28.45,24,28.5,29,2,2022-04-19 09:13:34
1650359616853722000,28.5,1,28.45,24,28.5,28,1,2022-04-19 09:13:36
1650359618566969000,28.5,1,28.45,24,28.5,27,1,2022-04-19 09:13:38
1650359620691534000,28.5,1,28.45,26,28.5,26,1,2022-04-19 09:13:40
1650359627919052000,28.5,5,28.45,27,28.5,22,1,2022-04-19 09:13:47
1650359630192780000,28.5,1,28.45,26,28.5,22,1,2022-04-19 09:13:50
1650359633567715000,28.5,5,28.45,27,28.5,20,1,2022-04-19 09:13:53
1650359634668145000,28.5,10,28.45,27,28.5,12,1,2022-04-19 09:13:54
1650359635414028000,28.5,3,28.45,27,28.5,9,1,2022-04-19 09:13:55
1650359635901529000,28.5,5,28.45,27,28.5,4,1,2022-04-19 09:13:55
1650359637014048000,28.5,2,28.45,27,28.5,32,1,2022-04-19 09:13:57
1650359637473531000,28.5,1,28.45,27,28.5,31,1,2022-04-19 09:13:57
1650359638317666000,28.5,1,28.45,27,28.5,30,1,2022-04-19 09:13:58
1650359640152198000,28.5,2,28.45,27,28.5,28,1,2022-04-19 09:14:00
1650359642657577000,28.45,5,28.45,22,28.5,28,2,2022-04-19 09:14:02
1650359642794587000,28.5,1,28.45,22,28.5,27,1,2022-04-19 09:14:02
1650359648064363000,28.5,5,28.45,22,28.5,24,1,2022-04-19 09:14:08
1650359648234014000,28.45,2,28.45,20,28.5,29,2,2022-04-19 09:14:08
1650359649094341000,28.5,2,28.45,20,28.5,27,1,2022-04-19 09:14:09
1650359651023942000,28.45,4,28.45,23,28.5,27,2,2022-04-19 09:14:11
1650359651083844000,28.45,1,28.45,22,28.5,27,2,2022-04-19 09:14:11
1650359651478220000,28.45,5,28.45,18,28.5,27,2,2022-04-19 09:14:11
1650359651478544000,28.5,5,28.45,18,28.5,22,1,2022-04-19 09:14:11
1650359651508181000,28.45,1,28.45,17,28.5,22,2,2022-04-19 09:14:11
1650359651509065000,28.45,1,28.45,16,28.5,22,2,2022-04-19 09:14:11
1650359654615385000,28.5,2,28.45,16,28.5,20,1,2022-04-19 09:14:14
1650359659374184000,28.5,1,28.45,19,28.5,19,1,2022-04-19 09:14:19
1650359659598541000,28.45,1,28.45,18,28.5,19,2,2022-04-19 09:14:19
1650359664498547000,28.5,1,28.45,25,28.5,19,1,2022-04-19 09:14:24
1650359672130337000,28.45,10,28.45,16,28.5,23,2,2022-04-19 09:14:32
1650359672171892000,28.45,1,28.45,15,28.5,23,2,2022-04-19 09:14:32
1650359672175195000,28.45,1,28.45,14,28.5,23,2,2022-04-19 09:14:32
1650359673687154000,28.45,10,28.45,4,28.5,23,2,2022-04-19 09:14:33
1650359673751515000,28.45,1,28.45,3,28.5,23,2,2022-04-19 09:14:33
1650359673838329000,28.45,1,28.45,2,28.5,23,2,2022-04-19 09:14:33
1650359675839680000,28.5,1,28.45,7,28.5,22,1,2022-04-19 09:14:35
1650359677219143000,28.45,1,28.45,6,28.5,22,2,2022-04-19 09:14:37
1650359678289706000,28.45,1,28.45,5,28.5,22,2,2022-04-19 09:14:38
1650359679333758000,28.45,5,28.4,94,28.45,5,2,2022-04-19 09:14:39
1650359679700684000,28.45,2,28.4,91,28.45,3,1,2022-04-19 09:14:39
1650359680113158000,28.45,1,28.4,91,28.45,2,1,2022-04-19 09:14:40
1650359682555530000,28.45,2,28.45,8,28.5,22,1,2022-04-19 09:14:42
1650359683532433000,28.5,1,28.45,8,28.5,21,1,2022-04-19 09:14:43
1650359686287488000,28.45,1,28.45,7,28.5,22,2,2022-04-19 09:14:46
1650359686504370000,28.45,1,28.45,6,28.5,22,2,2022-04-19 09:14:46
1650359686888696000,28.45,2,28.45,4,28.5,22,2,2022-04-19 09:14:46
1650359686912758000,28.45,1,28.45,3,28.5,22,2,2022-04-19 09:14:46
1650359690150450000,28.5,4,28.45,5,28.5,20,1,2022-04-19 09:14:50
1650359710170614000,28.45,1,28.45,20,28.5,43,2,2022-04-19 09:15:10
1650359710897269000,28.5,3,28.45,20,28.5,40,1,2022-04-19 09:15:10
1650359719644791000,28.5,5,28.45,22,28.5,37,1,2022-04-19 09:15:19
1650359720637394000,28.5,1,28.45,22,28.5,36,1,2022-04-19 09:15:20
1650359723262547000,28.5,4,28.45,22,28.5,32,1,2022-04-19 09:15:23
1650359723749600000,28.5,2,28.45,22,28.5,30,1,2022-04-19 09:15:23
1650359725782050000,28.5,1,28.45,24,28.5,32,1,2022-04-19 09:15:25
1650359726707478000,28.5,1,28.45,24,28.5,31,1,2022-04-19 09:15:26
1650359727469852000,28.5,1,28.45,24,28.5,30,1,2022-04-19 09:15:27
1650359728053156000,28.5,1,28.45,24,28.5,29,1,2022-04-19 09:15:28
1650359729192538000,28.5,2,28.45,24,28.5,27,1,2022-04-19 09:15:29
1650359729529406000,28.5,1,28.45,24,28.5,26,1,2022-04-19 09:15:29
1650359732529751000,28.5,20,28.45,24,28.5,6,1,2022-04-19 09:15:32
1650359732562610000,28.5,6,28.45,24,28.55,8,1,2022-04-19 09:15:32
1650359734918140000,28.5,2,28.5,8,28.55,8,2,2022-04-19 09:15:34
1650359739805399000,28.55,5,28.5,8,28.55,3,1,2022-04-19 09:15:39
1650359753200983000,28.5,2,28.5,21,28.55,18,2,2022-04-19 09:15:53
1650359754812160000,28.55,2,28.5,21,28.55,16,1,2022-04-19 09:15:54
1650359757945390000,28.55,1,28.5,31,28.55,15,1,2022-04-19 09:15:57
1650359758079905000,28.55,2,28.5,33,28.55,13,1,2022-04-19 09:15:58
1650359759286277000,28.55,5,28.5,35,28.55,8,1,2022-04-19 09:15:59
1650359760006019000,28.55,1,28.5,38,28.55,7,1,2022-04-19 09:16:00
1650359760041009000,28.55,6,28.5,38,28.55,1,1,2022-04-19 09:16:00
1650359760070517000,28.55,1,28.5,38,28.6,35,1,2022-04-19 09:16:00
1650359764757941000,28.55,4,28.55,4,28.6,35,2,2022-04-19 09:16:04
1650359768092653000,28.6,2,28.55,8,28.6,33,1,2022-04-19 09:16:08
1650359768149229000,28.6,5,28.55,8,28.6,28,1,2022-04-19 09:16:08
1650359769287892000,28.55,1,28.55,14,28.6,28,2,2022-04-19 09:16:09
1650359769484475000,28.6,1,28.55,14,28.6,27,1,2022-04-19 09:16:09
1650359770524431000,28.6,27,28.55,16,28.65,17,1,2022-04-19 09:16:10
1650359774604229000,28.6,1,28.6,4,28.65,17,2,2022-04-19 09:16:14
1650359775165304000,28.65,1,28.6,7,28.65,16,1,2022-04-19 09:16:15
1650359775208557000,28.65,1,28.6,7,28.65,15,1,2022-04-19 09:16:15
1650359775208883000,28.65,2,28.6,7,28.65,13,1,2022-04-19 09:16:15
1650359775278382000,28.65,3,28.6,7,28.65,10,1,2022-04-19 09:16:15
1650359776446381000,28.6,1,28.6,9,28.65,10,2,2022-04-19 09:16:16
1650359777508333000,28.65,1,28.6,11,28.65,9,1,2022-04-19 09:16:17
1650359777990447000,28.65,1,28.6,11,28.65,8,1,2022-04-19 09:16:17
1650359779564660000,28.65,2,28.6,10,28.65,6,1,2022-04-19 09:16:19
1650359779952738000,28.65,2,28.6,10,28.65,4,1,2022-04-19 09:16:19
1650359779980849000,28.65,4,28.6,12,28.7,30,1,2022-04-19 09:16:19
1650359780133313000,28.7,3,28.6,12,28.7,27,1,2022-04-19 09:16:20
1650359781406175000,28.65,1,28.65,1,28.7,27,2,2022-04-19 09:16:21
1650359783793026000,28.7,2,28.65,11,28.7,25,1,2022-04-19 09:16:23
1650359783848916000,28.7,4,28.65,11,28.7,21,1,2022-04-19 09:16:23
1650359783907464000,28.7,6,28.65,11,28.7,15,1,2022-04-19 09:16:23
1650359784543266000,28.7,1,28.65,11,28.7,19,1,2022-04-19 09:16:24
1650359784737283000,28.7,5,28.65,11,28.7,14,1,2022-04-19 09:16:24
1650359785042246000,28.7,8,28.65,14,28.7,6,1,2022-04-19 09:16:25
1650359785179132000,28.7,1,28.65,14,28.7,5,1,2022-04-19 09:16:25
1650359785391629000,28.7,5,28.65,14,28.75,6,1,2022-04-19 09:16:25
1650359786147781000,28.75,6,28.7,6,28.8,25,1,2022-04-19 09:16:26
1650359786147781000,28.8,4,28.7,6,28.8,25,1,2022-04-19 09:16:26
1650359786192096000,28.8,2,28.7,6,28.8,23,1,2022-04-19 09:16:26
1650359786404078000,28.75,5,28.7,6,28.8,23,2,2022-04-19 09:16:26
1650359788112670000,28.7,2,28.7,6,28.8,23,2,2022-04-19 09:16:28
1650359792244864000,28.8,1,28.75,9,28.8,22,1,2022-04-19 09:16:32
1650359792453211000,28.8,1,28.75,12,28.8,21,1,2022-04-19 09:16:32
1650359793415678000,28.75,5,28.75,7,28.8,21,2,2022-04-19 09:16:33
1650359794805657000,28.75,1,28.75,6,28.8,21,2,2022-04-19 09:16:34
1650359794895853000,28.75,6,28.7,17,28.75,4,2,2022-04-19 09:16:34
1650359795164552000,28.75,4,28.7,17,28.8,20,1,2022-04-19 09:16:35
1650359795164552000,28.8,1,28.7,17,28.8,20,1,2022-04-19 09:16:35
1650359797454906000,28.75,1,28.7,27,28.75,1,1,2022-04-19 09:16:37
1650359797487877000,28.75,1,28.7,27,28.8,19,1,2022-04-19 09:16:37
1650359797671997000,28.8,1,28.7,27,28.8,18,1,2022-04-19 09:16:37
1650359798256308000,28.8,5,28.7,27,28.8,14,1,2022-04-19 09:16:38
1650359799291016000,28.8,2,28.7,29,28.8,12,1,2022-04-19 09:16:39
1650359799591180000,28.8,1,28.7,30,28.8,11,1,2022-04-19 09:16:39
1650359799592802000,28.8,1,28.7,30,28.8,10,1,2022-04-19 09:16:39
1650359799666240000,28.8,3,28.7,30,28.8,7,1,2022-04-19 09:16:39
1650359800217716000,28.75,1,28.7,31,28.8,8,2,2022-04-19 09:16:40
1650359800568080000,28.8,1,28.75,6,28.8,7,1,2022-04-19 09:16:40
1650359800762532000,28.8,1,28.75,6,28.8,6,1,2022-04-19 09:16:40
1650359801007627000,28.8,3,28.75,6,28.8,3,1,2022-04-19 09:16:41
1650359801043234000,28.8,3,28.75,6,28.85,5,1,2022-04-19 09:16:41
1650359801177973000,28.85,5,28.75,6,28.9,27,1,2022-04-19 09:16:41
1650359802923291000,28.9,6,28.8,5,28.9,21,1,2022-04-19 09:16:42
1650359802939701000,28.8,4,28.8,1,28.9,21,2,2022-04-19 09:16:42
1650359803031081000,28.9,20,28.8,1,28.9,1,1,2022-04-19 09:16:43
1650359803324513000,28.8,1,28.75,6,28.9,1,2,2022-04-19 09:16:43
1650359803324513000,28.75,1,28.75,6,28.9,1,2,2022-04-19 09:16:43
1650359803886407000,28.9,1,28.8,2,28.95,8,1,2022-04-19 09:16:43
1650359806439338000,28.9,2,28.8,4,28.9,5,1,2022-04-19 09:16:46
1650359806733084000,28.9,5,28.8,4,28.95,8,1,2022-04-19 09:16:46
1650359807676592000,28.95,1,28.8,4,28.95,7,1,2022-04-19 09:16:47
1650359808223336000,28.95,7,28.8,4,29.0,16,1,2022-04-19 09:16:48
1650359808223336000,29.0,43,28.8,4,29.0,16,1,2022-04-19 09:16:48
1650359808582266000,28.9,1,28.8,4,28.9,1,1,2022-04-19 09:16:48
1650359808823638000,28.9,1,28.8,4,28.9,5,1,2022-04-19 09:16:48
1650359809312800000,28.9,1,28.85,10,28.9,4,1,2022-04-19 09:16:49
1650359809351833000,28.9,1,28.85,10,28.9,3,1,2022-04-19 09:16:49
1650359809840229000,28.9,4,28.85,10,29.0,16,1,2022-04-19 09:16:49
1650359810995529000,28.9,1,28.85,9,29.0,16,2,2022-04-19 09:16:50
1650359810995529000,28.85,4,28.85,9,29.0,16,2,2022-04-19 09:16:50
1650359811834928000,29.0,1,28.95,2,29.0,15,1,2022-04-19 09:16:51
1650359812826269000,28.95,1,28.95,1,29.0,15,2,2022-04-19 09:16:52
1650359812859647000,28.95,1,28.9,1,29.0,15,2,2022-04-19 09:16:52
1650359812942359000,28.95,2,28.9,1,29.0,15,1,2022-04-19 09:16:52
1650359813529529000,29.0,10,28.9,1,29.0,5,1,2022-04-19 09:16:53
1650359815529191000,29.0,1,28.9,3,29.0,4,1,2022-04-19 09:16:55
1650359815566263000,29.0,4,28.9,3,29.05,4,1,2022-04-19 09:16:55
1650359816380741000,29.05,1,28.9,4,29.05,3,1,2022-04-19 09:16:56
1650359816407971000,29.05,1,28.9,4,29.05,2,1,2022-04-19 09:16:56
1650359816810827000,29.05,1,29.0,3,29.05,2,1,2022-04-19 09:16:56
1650359817243321000,29.0,5,28.9,6,29.0,95,2,2022-04-19 09:16:57
1650359817778558000,29.0,2,28.9,5,29.0,93,1,2022-04-19 09:16:57
1650359818354954000,28.95,1,28.9,5,28.95,3,1,2022-04-19 09:16:58
1650359818965653000,28.95,2,28.9,5,28.95,2,1,2022-04-19 09:16:58
1650359819390636000,28.95,1,28.9,6,28.95,1,1,2022-04-19 09:16:59
1650359819491828000,28.95,1,28.9,6,29.0,92,1,2022-04-19 09:16:59
1650359819491828000,29.0,1,28.9,6,29.0,92,1,2022-04-19 09:16:59
1650359820113100000,28.9,1,28.9,10,29.0,92,2,2022-04-19 09:17:00
1650359820426139000,29.0,1,28.9,10,29.0,91,1,2022-04-19 09:17:00
1650359820572834000,29.0,1,28.9,10,29.0,90,1,2022-04-19 09:17:00
1650359821110542000,28.95,1,28.9,10,28.95,5,1,2022-04-19 09:17:01
1650359821544567000,28.95,5,28.9,11,29.0,90,1,2022-04-19 09:17:01
1650359822744022000,28.95,1,28.9,16,29.0,90,1,2022-04-19 09:17:02
1650359823088041000,28.95,6,28.9,16,29.0,46,1,2022-04-19 09:17:03
1650359823088041000,29.0,44,28.9,16,29.0,46,1,2022-04-19 09:17:03
1650359824176440000,28.95,1,28.9,16,29.0,46,2,2022-04-19 09:17:04
1650359824319300000,29.0,3,28.9,16,29.0,43,1,2022-04-19 09:17:04
1650359824735204000,29.0,1,28.9,16,29.0,42,1,2022-04-19 09:17:04
1650359825280627000,29.0,4,28.95,5,29.0,38,1,2022-04-19 09:17:05
1650359825822017000,29.0,1,28.95,7,29.0,37,1,2022-04-19 09:17:05
1650359827230092000,28.95,2,28.95,5,29.0,37,2,2022-04-19 09:17:07
1650359827383592000,29.0,3,28.95,5,29.0,34,1,2022-04-19 09:17:07
1650359827514797000,29.0,2,28.95,5,29.0,32,1,2022-04-19 09:17:07
1650359827519874000,29.0,1,28.95,5,29.0,31,1,2022-04-19 09:17:07
1650359827560458000,29.0,1,28.95,5,29.0,30,1,2022-04-19 09:17:07
1650359827586338000,29.0,1,28.95,5,29.0,29,1,2022-04-19 09:17:07
1650359827803285000,29.0,1,28.95,5,29.0,28,1,2022-04-19 09:17:07
1650359827968463000,28.95,1,28.95,4,29.0,30,2,2022-04-19 09:17:07
1650359827971388000,28.95,1,28.95,3,29.0,30,2,2022-04-19 09:17:07
1650359828420114000,29.0,1,28.95,3,29.0,29,1,2022-04-19 09:17:08
1650359828465655000,29.0,1,28.95,3,29.0,28,1,2022-04-19 09:17:08
1650359828572457000,28.95,1,28.95,2,29.0,28,2,2022-04-19 09:17:08
1650359828980807000,29.0,1,28.95,2,29.0,27,1,2022-04-19 09:17:08
1650359829168828000,29.0,10,28.95,2,29.0,17,1,2022-04-19 09:17:09
1650359829219744000,29.0,3,28.95,2,29.0,14,1,2022-04-19 09:17:09
1650359829220229000,29.0,3,28.95,2,29.0,11,1,2022-04-19 09:17:09
1650359829803677000,29.0,10,28.95,7,29.0,3,1,2022-04-19 09:17:09
1650359829835475000,29.0,3,28.95,8,29.05,4,1,2022-04-19 09:17:09
1650359830142011000,29.0,1,29.0,9,29.05,4,2,2022-04-19 09:17:10
1650359830856219000,29.0,1,29.0,19,29.05,4,2,2022-04-19 09:17:10
1650359831241565000,29.05,1,29.0,19,29.05,3,1,2022-04-19 09:17:11
1650359831333861000,29.0,10,29.0,9,29.05,3,2,2022-04-19 09:17:11
1650359832904799000,29.05,3,29.0,11,29.15,1,1,2022-04-19 09:17:12
1650359832904799000,29.15,2,29.0,11,29.15,1,1,2022-04-19 09:17:12
1650359834362114000,29.15,1,29.05,11,29.2,2,1,2022-04-19 09:17:14
1650359834362114000,29.2,3,29.05,11,29.2,2,1,2022-04-19 09:17:14
1650359835593553000,29.1,5,29.1,1,29.2,2,2,2022-04-19 09:17:15
1650359836423805000,29.1,1,29.05,11,29.15,1,2,2022-04-19 09:17:16
1650359836727086000,29.15,1,29.05,11,29.2,1,1,2022-04-19 09:17:16
1650359836727086000,29.2,1,29.05,11,29.2,1,1,2022-04-19 09:17:16
1650359837669651000,29.15,2,29.05,11,29.15,1,2,2022-04-19 09:17:17
1650359837749427000,29.15,1,29.2,4,29.25,10,1,2022-04-19 09:17:17
1650359837749427000,29.2,1,29.2,4,29.25,10,1,2022-04-19 09:17:17
1650359837769822000,29.2,4,29.05,11,29.15,6,2,2022-04-19 09:17:17
1650359837915219000,29.15,1,29.05,11,29.15,5,1,2022-04-19 09:17:17
1650359837971342000,29.15,2,29.05,11,29.15,3,1,2022-04-19 09:17:17
1650359838363502000,29.15,1,29.05,11,29.15,2,1,2022-04-19 09:17:18
1650359838679943000,29.15,1,29.05,11,29.15,1,1,2022-04-19 09:17:18
1650359840326145000,29.15,1,29.1,7,29.2,2,1,2022-04-19 09:17:20
1650359840608951000,29.2,1,29.1,7,29.2,2,1,2022-04-19 09:17:20
1650359840711123000,29.1,3,29.1,4,29.2,2,2,2022-04-19 09:17:20
1650359841482817000,29.15,2,29.1,5,29.2,4,2,2022-04-19 09:17:21
1650359842492521000,29.15,2,29.1,5,29.15,3,1,2022-04-19 09:17:22
1650359842994509000,29.1,1,29.1,6,29.15,4,2,2022-04-19 09:17:22
1650359843102575000,29.15,1,29.1,6,29.15,3,1,2022-04-19 09:17:23
1650359843535359000,29.15,1,29.1,6,29.15,3,1,2022-04-19 09:17:23
1650359844021467000,29.15,5,29.1,6,29.15,2,1,2022-04-19 09:17:24
1650359844838220000,29.15,2,29.1,6,29.25,13,1,2022-04-19 09:17:24
1650359844838220000,29.2,7,29.1,6,29.25,13,1,2022-04-19 09:17:24
1650359844838220000,29.25,1,29.1,6,29.25,13,1,2022-04-19 09:17:24
1650359844940664000,29.1,13,29.05,14,29.1,7,2,2022-04-19 09:17:24
1650359844970804000,29.1,1,29.05,14,29.1,6,1,2022-04-19 09:17:24
1650359845337701000,29.1,1,29.05,14,29.1,5,1,2022-04-19 09:17:25
1650359845762359000,29.1,5,29.1,5,29.2,1,1,2022-04-19 09:17:25
1650359845931077000,29.1,1,29.1,4,29.2,1,2,2022-04-19 09:17:25
1650359847516234000,29.15,1,29.1,5,29.2,12,2,2022-04-19 09:17:27
1650359848638052000,29.15,1,29.1,15,29.2,16,2,2022-04-19 09:17:28
1650359849633079000,29.15,1,29.1,15,29.15,2,1,2022-04-19 09:17:29
1650359849831841000,29.15,2,29.1,15,29.15,10,1,2022-04-19 09:17:29
1650359849980343000,29.15,3,29.1,15,29.15,7,1,2022-04-19 09:17:29
1650359850907989000,29.1,1,29.1,16,29.15,7,2,2022-04-19 09:17:30
1650359851095423000,29.15,1,29.1,18,29.15,6,1,2022-04-19 09:17:31
1650359851981746000,29.15,1,29.1,18,29.15,5,1,2022-04-19 09:17:31
1650359852246183000,29.1,1,29.1,19,29.15,5,2,2022-04-19 09:17:32
1650359852272227000,29.1,19,29.05,14,29.1,1,2,2022-04-19 09:17:32
1650359852282679000,29.1,1,29.1,4,29.15,5,1,2022-04-19 09:17:32
1650359853613887000,29.15,1,29.1,5,29.15,5,1,2022-04-19 09:17:33
1650359853744353000,29.1,2,29.1,3,29.15,5,2,2022-04-19 09:17:33
1650359854280427000,29.15,1,29.1,6,29.15,5,1,2022-04-19 09:17:34
1650359854712276000,29.15,4,29.1,7,29.15,2,1,2022-04-19 09:17:34
1650359854739456000,29.15,2,29.1,7,29.2,10,1,2022-04-19 09:17:34
1650359854739456000,29.2,1,29.1,7,29.2,10,1,2022-04-19 09:17:34
1650359855163529000,29.1,2,29.1,5,29.2,10,2,2022-04-19 09:17:35
1650359855526168000,29.1,5,29.05,19,29.1,15,2,2022-04-19 09:17:35
1650359855938666000,29.1,1,29.05,19,29.1,14,1,2022-04-19 09:17:35
1650359856307698000,29.1,2,29.05,19,29.1,24,1,2022-04-19 09:17:36
1650359856833763000,29.1,2,29.05,18,29.1,23,1,2022-04-19 09:17:36
1650359856856631000,29.1,1,29.05,18,29.1,22,1,2022-04-19 09:17:36
1650359857061261000,29.1,1,29.05,18,29.1,21,1,2022-04-19 09:17:37
1650359857233735000,29.1,20,29.05,18,29.1,1,1,2022-04-19 09:17:37
1650359857269640000,29.1,1,29.05,18,29.2,2,1,2022-04-19 09:17:37
1650359857269640000,29.15,1,29.05,18,29.2,2,1,2022-04-19 09:17:37
1650359857269640000,29.2,8,29.05,18,29.2,2,1,2022-04-19 09:17:37
1650359857362911000,29.2,1,29.05,18,29.2,1,1,2022-04-19 09:17:37
1650359857664533000,29.05,1,29.05,17,29.2,1,2,2022-04-19 09:17:37
1650359857671719000,29.2,1,29.05,17,29.25,13,1,2022-04-19 09:17:37
1650359857910316000,29.25,2,29.1,1,29.25,11,1,2022-04-19 09:17:37
1650359859070632000,29.15,1,29.1,2,29.25,12,2,2022-04-19 09:17:39
1650359861084000000,29.25,1,29.1,2,29.25,11,1,2022-04-19 09:17:41
1650359861216311000,29.25,1,29.1,3,29.25,10,1,2022-04-19 09:17:41
1650359862791343000,29.2,1,29.1,9,29.2,19,1,2022-04-19 09:17:42
1650359862948225000,29.15,1,29.1,5,29.2,19,2,2022-04-19 09:17:42
1650359862948225000,29.1,4,29.1,5,29.2,19,2,2022-04-19 09:17:42
1650359864685481000,29.2,19,29.15,2,29.3,11,1,2022-04-19 09:17:44
1650359864685481000,29.25,10,29.15,2,29.3,11,1,2022-04-19 09:17:44
1650359865555249000,29.3,2,29.15,2,29.3,9,1,2022-04-19 09:17:45
1650359866556263000,29.15,1,29.15,8,29.25,4,2,2022-04-19 09:17:46
1650359866983078000,29.15,1,29.15,7,29.25,4,2,2022-04-19 09:17:46
1650359869237392000,29.25,1,29.2,1,29.25,3,1,2022-04-19 09:17:49
1650359869805721000,29.25,3,29.25,2,29.3,7,1,2022-04-19 09:17:49
1650359870734836000,29.25,2,29.25,1,29.3,8,2,2022-04-19 09:17:50
1650359871100230000,29.25,1,29.15,13,29.2,1,2,2022-04-19 09:17:51
1650359871100230000,29.2,1,29.15,13,29.2,1,2,2022-04-19 09:17:51
1650359871670226000,29.2,1,29.15,15,29.2,20,1,2022-04-19 09:17:51
1650359871817694000,29.2,1,29.15,15,29.2,19,1,2022-04-19 09:17:51
1650359872908842000,29.15,3,29.15,13,29.2,19,2,2022-04-19 09:17:52
1650359872935309000,29.2,4,29.15,13,29.2,15,1,2022-04-19 09:17:52
1650359873116360000,29.15,1,29.15,13,29.2,15,2,2022-04-19 09:17:53
1650359874182514000,29.2,1,29.15,13,29.2,14,1,2022-04-19 09:17:54
1650359874354282000,29.2,3,29.15,13,29.2,11,1,2022-04-19 09:17:54
1650359874655090000,29.2,1,29.15,13,29.2,10,1,2022-04-19 09:17:54
1650359874754322000,29.2,1,29.15,13,29.2,9,1,2022-04-19 09:17:54
1650359875420072000,29.2,4,29.15,13,29.2,5,1,2022-04-19 09:17:55
1650359876766306000,29.2,5,29.15,13,29.3,6,1,2022-04-19 09:17:56
1650359876766306000,29.25,5,29.15,13,29.3,6,1,2022-04-19 09:17:56
1650359876766306000,29.3,10,29.15,13,29.3,6,1,2022-04-19 09:17:56
1650359878101427000,29.2,10,29.2,2,29.3,8,2,2022-04-19 09:17:58
1650359878134784000,29.2,2,29.15,13,29.3,8,2,2022-04-19 09:17:58
1650359878714314000,29.15,1,29.15,12,29.3,8,2,2022-04-19 09:17:58
1650359878979322000,29.2,1,29.15,12,29.3,8,1,2022-04-19 09:17:58
1650359879867864000,29.2,1,29.15,12,29.3,7,1,2022-04-19 09:17:59
1650359879867864000,29.3,1,29.15,12,29.3,7,1,2022-04-19 09:17:59
1650359880193947000,29.3,1,29.15,12,29.3,6,1,2022-04-19 09:18:00
1650359880851502000,29.2,1,29.15,12,29.2,2,1,2022-04-19 09:18:00
1650359881025549000,29.2,1,29.15,12,29.2,1,1,2022-04-19 09:18:01
1650359881409418000,29.2,1,29.15,12,29.3,5,1,2022-04-19 09:18:01
1650359881409418000,29.3,2,29.15,12,29.3,5,1,2022-04-19 09:18:01
1650359881908047000,29.25,1,29.2,1,29.3,5,2,2022-04-19 09:18:01
1650359884622128000,29.2,1,29.2,2,29.25,7,2,2022-04-19 09:18:04
1650359884806701000,29.25,1,29.2,2,29.25,6,1,2022-04-19 09:18:04
1650359885573733000,29.2,1,29.2,12,29.25,6,2,2022-04-19 09:18:05
1650359885608641000,29.2,1,29.2,11,29.25,6,2,2022-04-19 09:18:05
1650359885694385000,29.25,5,29.2,11,29.25,1,1,2022-04-19 09:18:05
1650359888344671000,29.25,1,29.2,39,29.25,1,1,2022-04-19 09:18:08
1650359888870972000,29.2,20,29.2,19,29.25,3,2,2022-04-19 09:18:08
1650359888987652000,29.25,1,29.2,19,29.25,2,1,2022-04-19 09:18:08
1650359889935473000,29.25,1,29.2,19,29.25,8,1,2022-04-19 09:18:09
1650359890284583000,29.25,2,29.2,19,29.25,6,1,2022-04-19 09:18:10
1650359890537338000,29.2,5,29.2,14,29.25,6,2,2022-04-19 09:18:10
1650359890569434000,29.2,14,29.15,13,29.25,6,2,2022-04-19 09:18:10
1650359891289744000,29.15,1,29.15,12,29.25,11,2,2022-04-19 09:18:11
1650359891449826000,29.2,1,29.15,12,29.2,2,1,2022-04-19 09:18:11
1650359891870021000,29.15,2,29.15,10,29.2,2,2,2022-04-19 09:18:11
1650359891941978000,29.2,2,29.15,10,29.25,14,1,2022-04-19 09:18:11
1650359892155557000,29.2,1,29.15,10,29.25,15,2,2022-04-19 09:18:12
1650359892375533000,29.15,1,29.15,9,29.25,15,2,2022-04-19 09:18:12
1650359892513045000,29.2,1,29.15,9,29.2,4,1,2022-04-19 09:18:12
1650359892785142000,29.2,3,29.15,9,29.2,1,1,2022-04-19 09:18:12
1650359892910777000,29.15,9,29.1,28,29.2,1,2,2022-04-19 09:18:12
1650359892910777000,29.1,1,29.1,28,29.2,1,2,2022-04-19 09:18:12
1650359893730419000,29.2,2,29.1,28,29.2,4,1,2022-04-19 09:18:13
1650359894450345000,29.1,4,29.1,24,29.2,4,2,2022-04-19 09:18:14
1650359895509401000,29.1,5,29.1,19,29.2,5,2,2022-04-19 09:18:15
1650359895775445000,29.1,1,29.1,19,29.2,10,2,2022-04-19 09:18:15
1650359895891914000,29.1,1,29.1,18,29.2,10,2,2022-04-19 09:18:15
1650359896554481000,29.1,18,29.05,26,29.1,2,2,2022-04-19 09:18:16
1650359898629441000,29.1,2,29.05,26,29.15,6,1,2022-04-19 09:18:18
1650359899326315000,29.05,2,29.05,24,29.1,2,2,2022-04-19 09:18:19
1650359900016397000,29.05,5,29.05,19,29.1,2,2,2022-04-19 09:18:20
1650359900050605000,29.05,19,29.0,30,29.1,2,2,2022-04-19 09:18:20
1650359900232347000,29.0,5,29.0,25,29.1,2,2,2022-04-19 09:18:20
1650359900265258000,29.0,25,28.95,11,29.1,2,2,2022-04-19 09:18:20
1650359903321341000,29.0,1,28.95,11,29.05,2,2,2022-04-19 09:18:23
1650359903331569000,28.95,2,28.95,9,29.05,2,2,2022-04-19 09:18:23
1650359904369296000,29.0,1,28.95,9,29.05,2,2,2022-04-19 09:18:24
1650359905131570000,28.95,3,28.95,8,29.0,1,2,2022-04-19 09:18:25
1650359906182330000,28.95,2,28.95,6,29.0,28,2,2022-04-19 09:18:26
1650359906660102000,28.95,2,28.95,4,29.0,28,2,2022-04-19 09:18:26
1650359907228091000,29.0,10,28.95,4,29.0,17,1,2022-04-19 09:18:27
1650359907380839000,28.95,4,28.9,15,28.95,1,2,2022-04-19 09:18:27
1650359908405297000,28.95,2,28.9,15,29.0,12,1,2022-04-19 09:18:28
1650359908405297000,29.0,8,28.9,15,29.0,12,1,2022-04-19 09:18:28
1650359908779581000,28.95,1,28.95,5,29.0,12,2,2022-04-19 09:18:28
1650359908829862000,29.0,10,28.95,5,29.0,2,1,2022-04-19 09:18:28
1650359908856036000,29.0,2,28.95,5,29.05,1,1,2022-04-19 09:18:28
1650359909819940000,28.95,5,28.9,10,29.05,1,2,2022-04-19 09:18:29
1650359909819940000,28.9,5,28.9,10,29.05,1,2,2022-04-19 09:18:29
1650359910829387000,29.0,2,28.9,10,29.05,3,1,2022-04-19 09:18:30
1650359911030623000,29.0,5,29.0,5,29.05,3,2,2022-04-19 09:18:31
1650359911050111000,29.0,5,28.95,1,29.05,3,2,2022-04-19 09:18:31
1650359912922813000,29.0,1,28.95,1,29.0,2,1,2022-04-19 09:18:32
1650359912949486000,29.0,2,28.95,1,29.05,3,1,2022-04-19 09:18:32
1650359913747624000,29.0,1,28.9,14,29.05,8,2,2022-04-19 09:18:33
1650359913747624000,28.95,1,28.9,14,29.05,8,2,2022-04-19 09:18:33
1650359914364368000,29.0,1,28.9,14,29.05,6,1,2022-04-19 09:18:34
1650359914364368000,29.05,2,28.9,14,29.05,6,1,2022-04-19 09:18:34
1650359919654495000,28.95,1,28.9,14,29.0,5,1,2022-04-19 09:18:39
1650359919654495000,29.0,4,28.9,14,29.0,5,1,2022-04-19 09:18:39
1650359921461905000,29.0,1,28.95,10,29.0,8,1,2022-04-19 09:18:41
1650359921481693000,29.0,1,28.95,10,29.0,7,1,2022-04-19 09:18:41
1650359922407305000,29.0,1,28.95,10,29.0,6,1,2022-04-19 09:18:42
1650359923626766000,29.0,5,28.95,10,29.0,1,1,2022-04-19 09:18:43
1650359923722657000,28.95,1,28.95,9,29.0,1,2,2022-04-19 09:18:43
1650359924118548000,29.0,1,29.0,4,29.05,10,1,2022-04-19 09:18:44
1650359925615708000,29.0,2,29.0,2,29.05,12,2,2022-04-19 09:18:45
1650359927475187000,29.0,1,29.0,4,29.05,12,2,2022-04-19 09:18:47
1650359928346121000,29.0,1,29.0,4,29.05,12,2,2022-04-19 09:18:48
1650359933977349000,29.0,1,29.0,10,29.05,12,2,2022-04-19 09:18:53
1650359934156103000,29.0,2,29.0,8,29.05,12,2,2022-04-19 09:18:54
1650359935387204000,29.0,5,29.0,3,29.05,12,2,2022-04-19 09:18:55
1650359935982109000,29.0,3,28.95,10,29.05,12,2,2022-04-19 09:18:55
1650359936433338000,29.05,2,28.95,10,29.05,10,1,2022-04-19 09:18:56
1650359936469725000,29.05,10,28.95,10,29.1,5,1,2022-04-19 09:18:56
1650359936889592000,29.1,1,28.95,10,29.1,4,1,2022-04-19 09:18:56
1650359939979699000,29.0,2,28.95,14,29.0,3,1,2022-04-19 09:18:59
1650359941272856000,29.0,1,28.95,14,29.0,3,1,2022-04-19 09:19:01
1650359941376204000,29.0,1,28.95,14,29.0,2,1,2022-04-19 09:19:01
1650359941403887000,29.0,2,28.95,14,29.1,4,1,2022-04-19 09:19:01
1650359949384551000,29.0,1,29.0,13,29.1,3,2,2022-04-19 09:19:09
1650359956535934000,29.0,1,29.0,15,29.05,2,2,2022-04-19 09:19:16
1650359957042966000,29.0,1,29.0,14,29.05,2,2,2022-04-19 09:19:17
1650359959102380000,29.0,1,29.0,14,29.05,2,2,2022-04-19 09:19:19
1650359960587116000,29.0,5,29.0,14,29.05,2,2,2022-04-19 09:19:20
1650359961730011000,29.05,2,29.0,9,29.05,1,1,2022-04-19 09:19:21
1650359961941507000,29.0,1,29.0,8,29.05,1,2,2022-04-19 09:19:21
1650359963452026000,29.05,2,29.0,8,29.1,4,1,2022-04-19 09:19:23
1650359963452026000,29.1,2,29.0,8,29.1,4,1,2022-04-19 09:19:23
1650359963957352000,29.1,2,29.0,8,29.1,2,1,2022-04-19 09:19:23
1650359964846493000,29.1,2,29.0,8,29.15,1,1,2022-04-19 09:19:24
1650359965385321000,29.15,1,29.0,8,29.2,17,1,2022-04-19 09:19:25
1650359965385321000,29.2,5,29.0,8,29.2,17,1,2022-04-19 09:19:25
1650359967306043000,29.2,1,29.05,7,29.2,16,1,2022-04-19 09:19:27
1650359970272194000,29.15,10,29.1,1,29.2,16,2,2022-04-19 09:19:30
1650359973337895000,29.2,2,29.1,3,29.2,14,1,2022-04-19 09:19:33
1650359973997535000,29.1,1,29.1,2,29.15,5,2,2022-04-19 09:19:33
1650359975774047000,29.15,1,29.1,2,29.15,4,1,2022-04-19 09:19:35
1650359976605781000,29.1,1,29.1,1,29.15,4,2,2022-04-19 09:19:36
1650359978960606000,29.1,1,29.05,5,29.15,4,2,2022-04-19 09:19:38
1650359979792524000,29.1,1,29.1,5,29.15,4,2,2022-04-19 09:19:39
1650359979984616000,29.15,1,29.1,5,29.15,3,1,2022-04-19 09:19:39
1650359980647945000,29.1,1,29.1,5,29.15,3,2,2022-04-19 09:19:40
1650359980873405000,29.1,1,29.1,4,29.15,3,2,2022-04-19 09:19:40
1650359981121484000,29.15,1,29.1,4,29.15,2,1,2022-04-19 09:19:41
1650359984293406000,29.15,1,29.1,8,29.15,2,1,2022-04-19 09:19:44
1650359984547846000,29.15,1,29.1,8,29.15,1,1,2022-04-19 09:19:44
1650359985029092000,29.15,1,29.1,8,29.2,12,1,2022-04-19 09:19:45
1650359985235275000,29.1,5,29.1,3,29.2,12,2,2022-04-19 09:19:45
1650359985303370000,29.1,3,29.05,10,29.1,7,2,2022-04-19 09:19:45
1650359986512417000,29.1,1,29.05,10,29.1,6,1,2022-04-19 09:19:46
1650359987689539000,29.1,1,29.05,10,29.1,5,1,2022-04-19 09:19:47
1650359990394516000,29.1,1,29.05,10,29.1,4,1,2022-04-19 09:19:50
1650359990426995000,29.1,2,29.05,10,29.1,2,1,2022-04-19 09:19:50
1650359990788333000,29.1,2,29.05,11,29.15,2,1,2022-04-19 09:19:50
1650359990845857000,29.15,2,29.05,11,29.2,12,1,2022-04-19 09:19:50
1650359990845857000,29.2,1,29.05,11,29.2,12,1,2022-04-19 09:19:50
1650359993350798000,29.1,2,29.05,14,29.1,3,2,2022-04-19 09:19:53
1650359993358722000,29.1,1,29.05,14,29.1,2,1,2022-04-19 09:19:53
1650359995733685000,29.1,1,29.05,14,29.1,1,1,2022-04-19 09:19:55
1650359997115278000,29.1,1,29.05,14,29.15,2,1,2022-04-19 09:19:57
1650360001215502000,29.1,3,29.05,15,29.15,5,2,2022-04-19 09:20:01
1650360001623749000,29.05,15,29.0,44,29.05,7,2,2022-04-19 09:20:01
1650360001659997000,29.0,23,29.0,21,29.05,37,2,2022-04-19 09:20:01
1650360001669126000,29.05,1,29.0,21,29.05,36,1,2022-04-19 09:20:01
1650360001694036000,29.0,21,28.95,7,29.05,36,2,2022-04-19 09:20:01
1650360002036855000,28.95,5,28.95,2,29.05,37,2,2022-04-19 09:20:02
1650360002072338000,28.95,2,28.9,18,29.05,37,2,2022-04-19 09:20:02
1650360003035928000,29.05,1,28.9,18,29.05,36,1,2022-04-19 09:20:03
1650360006163884000,29.0,1,29.0,49,29.05,36,2,2022-04-19 09:20:06
1650360006263930000,29.0,1,29.0,48,29.05,36,2,2022-04-19 09:20:06
1650360007101990000,29.0,1,29.0,47,29.05,36,2,2022-04-19 09:20:07
1650360008160951000,29.0,1,29.0,46,29.05,36,2,2022-04-19 09:20:08
1650360009029793000,29.0,1,29.0,45,29.05,36,2,2022-04-19 09:20:09
1650360010207743000,29.0,45,28.95,2,29.05,36,2,2022-04-19 09:20:10
1650360011638232000,29.05,10,28.95,2,29.05,26,1,2022-04-19 09:20:11
1650360013583520000,28.95,2,28.9,18,28.95,3,2,2022-04-19 09:20:13
1650360013673600000,28.95,1,28.9,18,28.95,3,1,2022-04-19 09:20:13
1650360016009128000,28.9,1,28.9,17,28.95,3,2,2022-04-19 09:20:16
1650360021169925000,28.95,3,28.9,19,29.0,2,1,2022-04-19 09:20:21
1650360021169925000,29.0,2,28.9,19,29.0,2,1,2022-04-19 09:20:21
1650360026052586000,29.0,1,28.95,1,29.0,4,1,2022-04-19 09:20:26
1650360029861890000,28.95,1,28.9,26,29.0,13,2,2022-04-19 09:20:29
1650360032233836000,29.0,1,28.9,23,29.0,13,1,2022-04-19 09:20:32
1650360034229090000,28.95,1,28.9,24,29.0,14,1,2022-04-19 09:20:34
1650360036438434000,28.9,5,28.9,19,28.95,4,2,2022-04-19 09:20:36
1650360037095775000,28.95,1,28.9,19,28.95,4,1,2022-04-19 09:20:37
1650360038291751000,28.9,2,28.9,17,28.95,4,2,2022-04-19 09:20:38
1650360040136560000,28.95,1,28.9,18,28.95,3,1,2022-04-19 09:20:40
1650360040388081000,28.9,1,28.9,17,28.95,3,2,2022-04-19 09:20:40
1650360040483273000,28.9,2,28.9,15,28.95,3,2,2022-04-19 09:20:40
1650360040782696000,28.95,1,28.9,15,28.95,2,1,2022-04-19 09:20:40
1650360042143623000,28.95,2,28.9,15,29.0,20,1,2022-04-19 09:20:42
1650360044277372000,28.9,3,28.9,12,28.95,10,2,2022-04-19 09:20:44
1650360046401852000,28.9,2,28.9,14,28.95,11,2,2022-04-19 09:20:46
1650360048223367000,28.95,2,28.9,12,28.95,9,1,2022-04-19 09:20:48
1650360048262059000,28.9,1,28.9,11,28.95,9,2,2022-04-19 09:20:48
1650360049989316000,28.9,1,28.9,13,28.95,9,2,2022-04-19 09:20:49
1650360050938629000,28.9,1,28.9,12,28.95,9,2,2022-04-19 09:20:50
1650360052492083000,28.9,1,28.9,13,28.95,9,2,2022-04-19 09:20:52
1650360053176419000,28.95,1,28.9,13,28.95,10,1,2022-04-19 09:20:53
1650360053357019000,28.95,1,28.9,13,28.95,9,1,2022-04-19 09:20:53
1650360053607262000,28.9,10,28.9,3,28.95,9,2,2022-04-19 09:20:53
1650360053785127000,28.9,1,28.9,2,28.95,10,2,2022-04-19 09:20:53
1650360053795038000,28.9,1,28.9,1,28.95,10,2,2022-04-19 09:20:53
1650360055859136000,28.95,1,28.9,1,28.95,9,1,2022-04-19 09:20:55
1650360056392094000,28.9,1,28.9,10,28.95,10,2,2022-04-19 09:20:56
1650360056501357000,28.9,2,28.9,8,28.95,10,2,2022-04-19 09:20:56
1650360061079808000,28.9,1,28.9,17,28.95,10,2,2022-04-19 09:21:01
1650360062181454000,28.9,2,28.9,15,28.95,10,2,2022-04-19 09:21:02
1650360064150007000,28.95,5,28.9,15,28.95,5,1,2022-04-19 09:21:04
1650360067861553000,28.95,4,28.95,1,29.0,40,1,2022-04-19 09:21:07
1650360071253598000,28.95,1,28.9,15,28.95,4,2,2022-04-19 09:21:11
1650360072906807000,28.95,1,28.9,15,28.95,4,1,2022-04-19 09:21:12
1650360074860670000,28.95,4,28.95,5,29.0,50,1,2022-04-19 09:21:14
1650360076302019000,28.95,1,28.95,4,29.0,49,2,2022-04-19 09:21:16
1650360080871950000,28.95,1,28.95,9,29.0,49,2,2022-04-19 09:21:20
1650360082362205000,28.95,5,28.95,4,29.0,49,2,2022-04-19 09:21:22
1650360084206588000,29.0,10,28.95,4,29.0,39,1,2022-04-19 09:21:24
1650360087524369000,28.95,2,28.95,5,29.0,39,2,2022-04-19 09:21:27
1650360088296094000,28.95,2,28.95,3,29.0,37,2,2022-04-19 09:21:28
1650360096291383000,29.0,1,28.95,7,29.0,36,1,2022-04-19 09:21:36
1650360098428985000,28.95,1,28.95,7,29.0,36,2,2022-04-19 09:21:38
1650360106800047000,28.95,1,28.95,17,29.0,42,2,2022-04-19 09:21:46
1650360108382523000,28.95,2,28.95,16,29.0,43,2,2022-04-19 09:21:48
1650360112819780000,29.0,5,28.95,21,29.0,43,1,2022-04-19 09:21:52
1650360119065648000,28.95,1,28.95,22,29.0,47,2,2022-04-19 09:21:59
1650360119981068000,28.95,1,28.95,21,29.0,47,2,2022-04-19 09:21:59
1650360120032502000,28.95,1,28.95,20,29.0,47,2,2022-04-19 09:22:00
1650360120036834000,28.95,1,28.95,19,29.0,47,2,2022-04-19 09:22:00
1650360131421285000,28.95,1,28.95,20,29.0,47,2,2022-04-19 09:22:11
1650360140530841000,28.95,1,28.95,20,29.0,47,2,2022-04-19 09:22:20
1650360141758650000,28.95,1,28.95,19,29.0,47,2,2022-04-19 09:22:21
1650360142262078000,28.95,2,28.95,21,29.0,47,2,2022-04-19 09:22:22
1650360144662496000,28.95,14,28.95,7,29.0,47,2,2022-04-19 09:22:24
1650360147494911000,28.95,2,28.95,7,29.0,49,2,2022-04-19 09:22:27
1650360147524185000,28.95,1,28.95,6,29.0,49,2,2022-04-19 09:22:27
1650360149214125000,28.95,1,28.95,6,29.0,49,2,2022-04-19 09:22:29
1650360149621185000,28.95,6,28.9,31,28.95,4,2,2022-04-19 09:22:29
1650360149639728000,28.95,1,28.9,31,28.95,3,1,2022-04-19 09:22:29
1650360164453053000,28.95,4,28.9,33,28.95,7,1,2022-04-19 09:22:44
1650360164592911000,28.95,1,28.9,33,28.95,6,1,2022-04-19 09:22:44
1650360167489361000,28.95,3,28.9,38,28.95,3,1,2022-04-19 09:22:47
1650360168173275000,28.95,1,28.9,38,28.95,2,1,2022-04-19 09:22:48
1650360169864058000,28.95,1,28.9,48,28.95,1,1,2022-04-19 09:22:49
1650360172314673000,28.95,2,28.9,48,28.95,1,1,2022-04-19 09:22:52
1650360172509944000,28.95,1,28.9,48,29.0,61,1,2022-04-19 09:22:52
1650360174945651000,29.0,1,28.95,2,29.0,54,1,2022-04-19 09:22:54
1650360178166814000,28.95,2,28.95,2,29.0,54,2,2022-04-19 09:22:58
1650360181851785000,28.95,1,28.95,3,29.0,54,2,2022-04-19 09:23:01
1650360184272170000,28.95,1,28.95,3,29.0,54,2,2022-04-19 09:23:04
1650360187024382000,28.95,2,28.95,3,29.0,54,2,2022-04-19 09:23:07
1650360188544234000,28.95,8,28.9,51,28.95,2,2,2022-04-19 09:23:08
1650360188577032000,28.95,2,28.9,51,29.0,54,1,2022-04-19 09:23:08
1650360189292028000,29.0,2,28.9,51,29.0,52,1,2022-04-19 09:23:09
1650360189840580000,28.9,1,28.9,50,29.0,52,2,2022-04-19 09:23:09
1650360191536851000,28.95,3,28.9,50,29.0,52,2,2022-04-19 09:23:11
1650360198070189000,28.9,1,28.9,47,28.95,15,2,2022-04-19 09:23:18
1650360207334337000,28.95,1,28.9,51,28.95,25,1,2022-04-19 09:23:27
1650360218060088000,28.95,1,28.9,58,28.95,27,1,2022-04-19 09:23:38
1650360219544414000,28.95,5,28.9,58,28.95,22,1,2022-04-19 09:23:39
1650360225438590000,28.95,5,28.9,58,28.95,17,1,2022-04-19 09:23:45
1650360226784822000,28.9,8,28.9,50,28.95,17,2,2022-04-19 09:23:46
1650360226814314000,28.9,1,28.9,49,28.95,17,2,2022-04-19 09:23:46
1650360233826801000,28.95,10,28.9,41,28.95,7,1,2022-04-19 09:23:53
1650360234318844000,28.9,5,28.9,36,28.95,7,2,2022-04-19 09:23:54
1650360235919062000,28.95,1,28.9,36,28.95,6,1,2022-04-19 09:23:55
1650360247402612000,28.95,8,28.95,2,29.0,83,1,2022-04-19 09:24:07
1650360248493180000,28.95,1,28.95,1,29.0,83,2,2022-04-19 09:24:08
1650360248993349000,28.95,1,28.9,35,29.0,73,2,2022-04-19 09:24:08
1650360248993349000,28.9,9,28.9,35,29.0,73,2,2022-04-19 09:24:08
1650360250734273000,28.9,3,28.9,34,28.95,1,2,2022-04-19 09:24:10
1650360251170629000,28.9,5,28.9,29,28.95,1,2,2022-04-19 09:24:11
1650360251780705000,28.9,1,28.9,28,28.95,1,2,2022-04-19 09:24:11
1650360252260161000,28.95,1,28.9,28,29.0,71,1,2022-04-19 09:24:12
1650360253249938000,28.95,1,28.9,28,28.95,3,1,2022-04-19 09:24:13
1650360255737845000,28.9,1,28.9,27,28.95,3,2,2022-04-19 09:24:15
1650360256014534000,28.95,2,28.9,27,28.95,1,1,2022-04-19 09:24:16
1650360259027214000,28.95,4,28.9,27,28.95,1,1,2022-04-19 09:24:19
1650360262334246000,28.95,1,28.9,27,28.95,2,1,2022-04-19 09:24:22
1650360265362589000,28.95,2,28.9,27,29.0,75,1,2022-04-19 09:24:25
1650360266617129000,29.0,1,28.9,28,29.0,74,1,2022-04-19 09:24:26
1650360270458705000,29.0,1,28.9,28,29.0,73,1,2022-04-19 09:24:30
1650360273390956000,29.0,1,28.95,1,29.0,72,1,2022-04-19 09:24:33
1650360273634981000,28.95,1,28.9,28,29.0,72,2,2022-04-19 09:24:33
1650360276089540000,28.9,1,28.9,28,29.0,71,2,2022-04-19 09:24:36
1650360281085036000,28.9,1,28.9,28,29.0,75,2,2022-04-19 09:24:41
1650360281272183000,28.9,2,28.9,26,29.0,75,2,2022-04-19 09:24:41
1650360283444098000,28.9,1,28.9,25,29.0,74,2,2022-04-19 09:24:43
1650360285375959000,28.9,1,28.9,27,29.0,74,2,2022-04-19 09:24:45
1650360290515413000,28.9,1,28.9,27,28.95,1,2,2022-04-19 09:24:50
1650360295323681000,28.9,1,28.9,27,28.95,1,2,2022-04-19 09:24:55
1650360300166841000,28.9,1,28.9,25,28.95,1,2,2022-04-19 09:25:00
1650360300167335000,28.9,1,28.9,24,28.95,1,2,2022-04-19 09:25:00
1650360300385872000,28.9,1,28.9,23,28.95,1,2,2022-04-19 09:25:00
1650360301945631000,28.9,1,28.9,22,28.95,1,2,2022-04-19 09:25:01
1650360302056626000,28.9,1,28.9,21,28.95,1,2,2022-04-19 09:25:02
1650360304646444000,28.9,2,28.9,19,28.95,1,2,2022-04-19 09:25:04
1650360307922874000,28.9,1,28.9,18,28.95,2,2,2022-04-19 09:25:07
1650360309426873000,28.9,1,28.9,17,28.95,3,2,2022-04-19 09:25:09
1650360310483100000,28.95,1,28.9,17,28.95,2,1,2022-04-19 09:25:10
1650360311459855000,28.9,3,28.9,9,28.95,2,2,2022-04-19 09:25:11
1650360313916976000,28.9,2,28.9,7,28.95,3,2,2022-04-19 09:25:13
1650360319034749000,28.9,1,28.9,7,28.95,14,2,2022-04-19 09:25:19
1650360321217335000,28.9,1,28.9,8,28.95,14,2,2022-04-19 09:25:21
1650360322720110000,28.9,5,28.9,3,28.95,20,2,2022-04-19 09:25:22
1650360323668025000,28.95,1,28.9,3,28.95,19,1,2022-04-19 09:25:23
1650360323764719000,28.95,1,28.9,3,28.95,18,1,2022-04-19 09:25:23
1650360324412863000,28.9,1,28.9,2,28.95,18,2,2022-04-19 09:25:24
1650360324518126000,28.9,1,28.9,1,28.95,18,2,2022-04-19 09:25:24
1650360325386439000,28.95,1,28.9,1,28.95,17,1,2022-04-19 09:25:25
1650360326903627000,28.9,1,28.85,18,28.95,17,2,2022-04-19 09:25:26
1650360332026095000,28.9,1,28.85,17,28.9,2,1,2022-04-19 09:25:32
1650360336385099000,28.9,2,28.85,17,28.95,17,1,2022-04-19 09:25:36
1650360341663842000,28.95,1,28.85,17,28.95,27,1,2022-04-19 09:25:41
1650360344919908000,28.9,1,28.85,17,28.95,27,1,2022-04-19 09:25:44
1650360346064768000,28.95,1,28.9,1,28.95,27,1,2022-04-19 09:25:46
1650360348860038000,28.9,1,28.9,2,28.95,27,2,2022-04-19 09:25:48
1650360350199588000,28.9,2,28.85,17,28.9,3,2,2022-04-19 09:25:50
1650360350891111000,28.85,1,28.85,16,28.9,3,2,2022-04-19 09:25:50
1650360351054150000,28.9,1,28.85,16,28.9,2,1,2022-04-19 09:25:51
1650360351538483000,28.9,2,28.85,16,28.9,1,1,2022-04-19 09:25:51
1650360354615760000,28.9,1,28.9,9,28.95,28,1,2022-04-19 09:25:54
1650360357039422000,28.9,2,28.9,8,28.95,28,2,2022-04-19 09:25:57
1650360359882218000,28.95,1,28.9,8,28.95,30,1,2022-04-19 09:25:59
1650360361452553000,28.9,1,28.9,7,28.95,30,2,2022-04-19 09:26:01
1650360363730375000,28.9,2,28.9,8,28.95,30,2,2022-04-19 09:26:03
1650360364873375000,28.9,1,28.9,7,28.95,30,2,2022-04-19 09:26:04
1650360364897347000,28.95,1,28.9,7,28.95,29,1,2022-04-19 09:26:04
1650360369912662000,28.9,1,28.9,9,28.95,38,2,2022-04-19 09:26:09
1650360375198691000,28.9,1,28.9,9,28.95,38,2,2022-04-19 09:26:15
1650360375604906000,28.9,1,28.9,8,28.95,38,2,2022-04-19 09:26:15
1650360375627212000,28.9,1,28.9,7,28.95,38,2,2022-04-19 09:26:15
1650360383271689000,28.9,1,28.9,9,28.95,38,2,2022-04-19 09:26:23
1650360386043048000,28.9,1,28.9,9,28.95,39,2,2022-04-19 09:26:26
1650360387022676000,28.9,2,28.9,8,28.95,38,2,2022-04-19 09:26:27
1650360389633210000,28.9,1,28.9,7,28.95,38,2,2022-04-19 09:26:29
1650360393475196000,28.9,1,28.9,7,28.95,38,2,2022-04-19 09:26:33
1650360395539180000,28.9,7,28.85,26,28.9,3,2,2022-04-19 09:26:35
1650360397552913000,28.9,3,28.85,26,28.9,2,1,2022-04-19 09:26:37
1650360397582593000,28.9,2,28.85,26,28.95,31,1,2022-04-19 09:26:37
1650360398553326000,28.9,1,28.85,25,28.95,26,1,2022-04-19 09:26:38
1650360398553326000,28.95,5,28.85,25,28.95,26,1,2022-04-19 09:26:38
1650360401690221000,28.85,1,28.85,24,28.95,26,2,2022-04-19 09:26:41
1650360405714607000,28.9,1,28.85,26,28.95,36,1,2022-04-19 09:26:45
1650360408995408000,28.9,1,28.85,37,28.9,1,2,2022-04-19 09:26:48
1650360409020133000,28.9,1,28.85,37,28.95,36,1,2022-04-19 09:26:49
1650360410754728000,28.95,4,28.9,1,28.95,32,1,2022-04-19 09:26:50
1650360410775302000,28.95,32,28.9,1,29.0,48,1,2022-04-19 09:26:50
1650360410795430000,29.0,17,28.9,1,29.0,31,1,2022-04-19 09:26:50
1650360410818673000,29.0,27,28.9,1,29.0,4,1,2022-04-19 09:26:50
1650360411352276000,28.9,1,28.9,5,29.0,4,2,2022-04-19 09:26:51
1650360411379704000,29.0,4,28.9,5,29.05,29,1,2022-04-19 09:26:51
1650360412193050000,29.05,4,28.9,5,29.05,25,1,2022-04-19 09:26:52
1650360412986210000,29.05,4,29.0,4,29.05,21,1,2022-04-19 09:26:52
1650360417130585000,29.05,1,29.0,4,29.05,19,1,2022-04-19 09:26:57
1650360421114334000,29.05,1,29.0,13,29.05,19,1,2022-04-19 09:27:01
1650360421783784000,29.05,1,29.0,13,29.05,18,1,2022-04-19 09:27:01
1650360422905320000,29.05,10,29.0,13,29.05,8,1,2022-04-19 09:27:02
1650360422925116000,29.05,8,29.0,13,29.1,16,1,2022-04-19 09:27:02
1650360425617042000,29.1,1,29.05,27,29.1,15,1,2022-04-19 09:27:05
1650360426205840000,29.1,10,29.05,27,29.1,5,1,2022-04-19 09:27:06
1650360426236025000,29.1,3,29.05,27,29.1,2,1,2022-04-19 09:27:06
1650360426864260000,29.1,2,29.1,1,29.15,11,1,2022-04-19 09:27:06
1650360430548851000,29.15,9,29.15,1,29.2,19,1,2022-04-19 09:27:10
1650360430716427000,29.2,1,29.15,5,29.2,18,1,2022-04-19 09:27:10
1650360430888336000,29.2,3,29.15,5,29.2,15,1,2022-04-19 09:27:10
1650360430924197000,29.2,11,29.15,5,29.2,4,1,2022-04-19 09:27:10
1650360430954557000,29.2,4,29.15,5,29.25,18,1,2022-04-19 09:27:10
1650360433224608000,29.25,4,29.2,4,29.25,14,1,2022-04-19 09:27:13
1650360433268890000,29.25,3,29.2,8,29.25,11,1,2022-04-19 09:27:13
1650360434709009000,29.25,5,29.2,8,29.25,6,1,2022-04-19 09:27:14
1650360434849032000,29.25,6,29.25,4,29.3,30,1,2022-04-19 09:27:14
1650360435572177000,29.3,5,29.25,27,29.3,25,1,2022-04-19 09:27:15
1650360435830949000,29.3,1,29.25,32,29.3,24,1,2022-04-19 09:27:15
1650360436097080000,29.3,4,29.25,32,29.3,20,1,2022-04-19 09:27:16
1650360437153463000,29.3,3,29.25,34,29.3,17,1,2022-04-19 09:27:17
1650360437408976000,29.3,17,29.25,34,29.35,13,1,2022-04-19 09:27:17
1650360437408976000,29.35,3,29.25,34,29.35,13,1,2022-04-19 09:27:17
1650360437452958000,29.35,2,29.3,4,29.35,11,1,2022-04-19 09:27:17
1650360437547758000,29.35,5,29.3,15,29.35,6,1,2022-04-19 09:27:17
1650360437559607000,29.35,1,29.3,15,29.35,5,1,2022-04-19 09:27:17
1650360437569147000,29.35,2,29.3,15,29.35,3,1,2022-04-19 09:27:17
1650360437611497000,29.35,3,29.3,15,29.4,10,1,2022-04-19 09:27:17
1650360437676970000,29.4,1,29.3,15,29.4,9,1,2022-04-19 09:27:17
1650360437727340000,29.4,1,29.35,6,29.4,8,1,2022-04-19 09:27:17
1650360439978267000,29.4,8,29.35,16,29.45,28,1,2022-04-19 09:27:19
1650360439978267000,29.45,12,29.35,16,29.45,28,1,2022-04-19 09:27:19
1650360440217419000,29.45,5,29.4,8,29.45,23,1,2022-04-19 09:27:20
1650360440376061000,29.4,2,29.4,6,29.45,23,2,2022-04-19 09:27:20
1650360440793491000,29.45,1,29.4,6,29.45,22,1,2022-04-19 09:27:20
1650360441143441000,29.45,1,29.4,6,29.45,26,1,2022-04-19 09:27:21
1650360441721593000,29.45,5,29.4,6,29.45,21,1,2022-04-19 09:27:21
1650360441730043000,29.45,2,29.4,6,29.45,19,1,2022-04-19 09:27:21
1650360441932077000,29.45,1,29.4,6,29.45,18,1,2022-04-19 09:27:21
1650360442193165000,29.45,10,29.4,6,29.45,8,1,2022-04-19 09:27:22
1650360442977668000,29.45,1,29.4,6,29.45,7,1,2022-04-19 09:27:22
1650360443198835000,29.45,7,29.45,3,29.5,81,1,2022-04-19 09:27:23
1650360443536434000,29.5,1,29.45,3,29.5,80,1,2022-04-19 09:27:23
1650360444038534000,29.5,1,29.45,8,29.5,79,1,2022-04-19 09:27:24
1650360444051902000,29.5,4,29.45,8,29.5,75,1,2022-04-19 09:27:24
1650360444102912000,29.5,3,29.45,8,29.5,72,1,2022-04-19 09:27:24
1650360444288325000,29.5,1,29.45,9,29.5,71,1,2022-04-19 09:27:24
1650360444904890000,29.5,6,29.45,13,29.5,65,1,2022-04-19 09:27:24
1650360444931664000,29.5,54,29.45,13,29.5,11,1,2022-04-19 09:27:24
1650360444952050000,29.5,11,29.45,13,29.55,5,1,2022-04-19 09:27:24
1650360445090695000,29.45,5,29.45,11,29.55,5,2,2022-04-19 09:27:25
1650360445188510000,29.55,2,29.5,18,29.55,3,1,2022-04-19 09:27:25
1650360445225689000,29.55,1,29.5,18,29.55,2,1,2022-04-19 09:27:25
1650360445226405000,29.55,1,29.5,18,29.55,1,1,2022-04-19 09:27:25
1650360445226937000,29.55,1,29.5,18,29.6,29,1,2022-04-19 09:27:25
1650360446148787000,29.6,21,29.55,10,29.6,7,1,2022-04-19 09:27:26
1650360446175805000,29.6,7,29.55,10,29.65,4,1,2022-04-19 09:27:26
1650360446175805000,29.65,3,29.55,10,29.65,4,1,2022-04-19 09:27:26
1650360448366993000,29.65,1,29.6,14,29.65,3,1,2022-04-19 09:27:28
1650360449210098000,29.65,1,29.6,14,29.65,2,1,2022-04-19 09:27:29
1650360449923320000,29.65,2,29.6,18,29.8,141,1,2022-04-19 09:27:29
1650360449923320000,29.7,8,29.6,18,29.8,141,1,2022-04-19 09:27:29
1650360449923320000,29.75,1,29.6,18,29.8,141,1,2022-04-19 09:27:29
1650360449923320000,29.8,60,29.6,18,29.8,141,1,2022-04-19 09:27:29
1650360449959659000,29.8,1,29.65,3,29.8,140,1,2022-04-19 09:27:29
1650360450451758000,29.65,1,29.65,31,29.8,140,2,2022-04-19 09:27:30
1650360451973605000,29.65,1,29.65,31,29.75,1,2,2022-04-19 09:27:31
1650360452457142000,29.65,1,29.65,30,29.75,2,2,2022-04-19 09:27:32
1650360453678675000,29.7,3,29.65,31,29.75,2,2,2022-04-19 09:27:33
1650360453678675000,29.65,7,29.65,31,29.75,2,2,2022-04-19 09:27:33
1650360454388214000,29.75,1,29.65,31,29.75,2,1,2022-04-19 09:27:34
1650360455119582000,29.75,2,29.65,32,29.8,137,1,2022-04-19 09:27:35
1650360455119582000,29.8,3,29.65,32,29.8,137,1,2022-04-19 09:27:35
1650360455429351000,29.8,10,29.65,32,29.8,127,1,2022-04-19 09:27:35
1650360456962989000,29.7,1,29.65,34,29.75,1,1,2022-04-19 09:27:36
1650360457231994000,29.75,1,29.75,4,29.8,127,1,2022-04-19 09:27:37
1650360457857981000,29.75,4,29.65,41,29.75,6,2,2022-04-19 09:27:37
1650360457915445000,29.75,2,29.65,41,29.75,4,1,2022-04-19 09:27:37
1650360458723009000,29.75,5,29.65,41,29.75,4,1,2022-04-19 09:27:38
1650360459037977000,29.65,10,29.65,31,29.75,6,2,2022-04-19 09:27:39
1650360460178062000,29.65,2,29.65,34,29.75,7,2,2022-04-19 09:27:40
1650360460589484000,29.75,7,29.65,34,29.8,125,1,2022-04-19 09:27:40
1650360460589484000,29.8,3,29.65,34,29.8,125,1,2022-04-19 09:27:40
1650360461400885000,29.8,1,29.65,37,29.8,126,1,2022-04-19 09:27:41
1650360462436756000,29.75,10,29.65,37,29.8,126,1,2022-04-19 09:27:42
1650360462738017000,29.75,4,29.65,37,29.8,126,2,2022-04-19 09:27:42
1650360463057533000,29.8,10,29.65,47,29.8,116,1,2022-04-19 09:27:43
1650360463354581000,29.75,1,29.65,47,29.8,116,2,2022-04-19 09:27:43
1650360463406988000,29.65,5,29.65,42,29.8,116,2,2022-04-19 09:27:43
1650360463529258000,29.8,10,29.65,42,29.8,106,1,2022-04-19 09:27:43
1650360464640217000,29.75,1,29.7,1,29.75,5,1,2022-04-19 09:27:44
1650360465176928000,29.75,1,29.7,2,29.75,4,1,2022-04-19 09:27:45
1650360465480314000,29.7,1,29.7,1,29.75,4,2,2022-04-19 09:27:45
1650360466143441000,29.7,1,29.65,43,29.75,4,2,2022-04-19 09:27:46
1650360466143441000,29.65,1,29.65,43,29.75,4,2,2022-04-19 09:27:46
1650360466528840000,29.75,5,29.65,43,29.8,107,1,2022-04-19 09:27:46
1650360467867616000,29.7,1,29.65,44,29.75,1,2,2022-04-19 09:27:47
1650360467975797000,29.75,1,29.65,44,29.8,107,1,2022-04-19 09:27:47
1650360468104198000,29.65,1,29.65,43,29.8,107,2,2022-04-19 09:27:48
1650360469048219000,29.7,1,29.65,43,29.8,107,2,2022-04-19 09:27:49
1650360469048219000,29.65,2,29.65,43,29.8,107,2,2022-04-19 09:27:49
1650360470005795000,29.7,1,29.65,46,29.75,2,2,2022-04-19 09:27:50
1650360472259438000,29.7,1,29.65,56,29.7,9,1,2022-04-19 09:27:52
1650360472952510000,29.7,3,29.65,60,29.7,7,1,2022-04-19 09:27:52
1650360472984293000,29.7,1,29.65,60,29.7,6,1,2022-04-19 09:27:52
1650360473134003000,29.7,1,29.65,60,29.7,7,1,2022-04-19 09:27:53
1650360473311498000,29.7,7,29.7,3,29.75,4,1,2022-04-19 09:27:53
1650360473890301000,29.75,1,29.7,13,29.75,3,1,2022-04-19 09:27:53
1650360474389692000,29.7,1,29.7,12,29.75,3,2,2022-04-19 09:27:54
1650360475160458000,29.7,5,29.7,9,29.75,4,2,2022-04-19 09:27:55
1650360475693202000,29.7,1,29.7,8,29.75,4,2,2022-04-19 09:27:55
1650360476057090000,29.7,1,29.7,8,29.75,4,2,2022-04-19 09:27:56
1650360477415736000,29.75,6,29.7,9,29.8,103,1,2022-04-19 09:27:57
1650360477415736000,29.8,4,29.7,9,29.8,103,1,2022-04-19 09:27:57
1650360477496930000,29.7,1,29.7,8,29.8,103,2,2022-04-19 09:27:57
1650360479034550000,29.7,2,29.7,15,29.75,9,2,2022-04-19 09:27:59
1650360479915311000,29.7,1,29.7,14,29.75,9,2,2022-04-19 09:27:59
1650360480247016000,29.7,14,29.65,53,29.75,9,2,2022-04-19 09:28:00
1650360480522101000,29.7,1,29.65,53,29.7,1,1,2022-04-19 09:28:00
1650360480736060000,29.7,1,29.65,53,29.75,19,1,2022-04-19 09:28:00
1650360481048815000,29.7,1,29.65,53,29.7,9,1,2022-04-19 09:28:01
1650360481428942000,29.65,1,29.65,52,29.7,9,2,2022-04-19 09:28:01
1650360482553997000,29.65,2,29.65,50,29.7,9,2,2022-04-19 09:28:02
1650360482737377000,29.7,9,29.65,50,29.75,32,1,2022-04-19 09:28:02
1650360482737377000,29.75,1,29.65,50,29.75,32,1,2022-04-19 09:28:02
1650360483238898000,29.75,2,29.65,51,29.75,30,1,2022-04-19 09:28:03
1650360483965388000,29.75,1,29.65,51,29.75,29,1,2022-04-19 09:28:03
1650360484913529000,29.75,5,29.65,51,29.75,18,1,2022-04-19 09:28:04
1650360485249035000,29.65,2,29.65,49,29.75,17,2,2022-04-19 09:28:05
1650360485432308000,29.75,5,29.65,49,29.75,12,1,2022-04-19 09:28:05
1650360485657072000,29.7,1,29.7,9,29.75,12,2,2022-04-19 09:28:05
1650360486156862000,29.7,9,29.65,49,29.7,1,2,2022-04-19 09:28:06
1650360486490594000,29.7,1,29.7,1,29.75,12,1,2022-04-19 09:28:06
1650360486519239000,29.7,1,29.65,49,29.75,12,2,2022-04-19 09:28:06
1650360487181729000,29.7,1,29.7,10,29.75,14,2,2022-04-19 09:28:07
1650360488131805000,29.75,1,29.7,12,29.75,14,1,2022-04-19 09:28:08
1650360488800550000,29.7,1,29.7,11,29.75,19,2,2022-04-19 09:28:08
1650360489176113000,29.75,2,29.7,11,29.75,17,1,2022-04-19 09:28:09
1650360489788100000,29.7,11,29.65,50,29.7,9,2,2022-04-19 09:28:09
1650360490214067000,29.7,1,29.65,50,29.7,8,1,2022-04-19 09:28:10
1650360490829377000,29.65,50,29.6,20,29.7,9,2,2022-04-19 09:28:10
1650360490894952000,29.65,2,29.6,20,29.7,9,2,2022-04-19 09:28:10
1650360490934793000,29.6,1,29.6,19,29.7,9,2,2022-04-19 09:28:10
1650360491271862000,29.7,1,29.6,21,29.7,8,1,2022-04-19 09:28:11
1650360491481104000,29.7,1,29.6,21,29.7,7,1,2022-04-19 09:28:11
1650360491595093000,29.6,1,29.6,20,29.7,7,2,2022-04-19 09:28:11
1650360494614706000,29.7,1,29.6,21,29.7,9,1,2022-04-19 09:28:14
1650360494821827000,29.7,2,29.65,2,29.7,7,1,2022-04-19 09:28:14
1650360497283889000,29.65,2,29.6,20,29.7,20,2,2022-04-19 09:28:17
1650360497610133000,29.7,2,29.6,20,29.7,23,1,2022-04-19 09:28:17
1650360499167353000,29.7,1,29.6,22,29.7,36,1,2022-04-19 09:28:19
1650360499815551000,29.65,1,29.6,22,29.7,36,2,2022-04-19 09:28:19
1650360500338176000,29.65,1,29.6,17,29.7,36,2,2022-04-19 09:28:20
1650360500338176000,29.6,5,29.6,17,29.7,36,2,2022-04-19 09:28:20
1650360500461088000,29.65,2,29.6,17,29.7,36,2,2022-04-19 09:28:20
1650360500582899000,29.7,1,29.6,16,29.7,35,1,2022-04-19 09:28:20
1650360504870899000,29.65,1,29.6,19,29.65,10,1,2022-04-19 09:28:24
1650360505694109000,29.6,3,29.6,16,29.65,11,2,2022-04-19 09:28:25
1650360505724356000,29.6,13,29.6,3,29.65,11,2,2022-04-19 09:28:25
1650360505754614000,29.6,3,29.55,29,29.65,11,2,2022-04-19 09:28:25
1650360507233358000,29.6,1,29.55,29,29.65,11,2,2022-04-19 09:28:27
1650360508022047000,29.55,3,29.55,26,29.65,15,2,2022-04-19 09:28:28
1650360509678733000,29.6,3,29.55,19,29.65,15,2,2022-04-19 09:28:29
1650360509678733000,29.55,7,29.55,19,29.65,15,2,2022-04-19 09:28:29
1650360510535490000,29.55,18,29.55,1,29.65,15,2,2022-04-19 09:28:30
1650360510559562000,29.55,1,29.5,5,29.65,15,2,2022-04-19 09:28:30
1650360515726936000,29.55,1,29.5,4,29.6,16,2,2022-04-19 09:28:35
1650360521474562000,29.5,4,29.45,8,29.55,8,2,2022-04-19 09:28:41
1650360523843532000,29.55,1,29.45,13,29.55,8,1,2022-04-19 09:28:43
1650360523879359000,29.55,8,29.55,2,29.6,26,1,2022-04-19 09:28:43
1650360523914194000,29.55,2,29.45,13,29.6,26,2,2022-04-19 09:28:43
1650360524731825000,29.5,4,29.45,13,29.5,1,1,2022-04-19 09:28:44
1650360525421017000,29.5,1,29.45,13,29.6,25,1,2022-04-19 09:28:45
1650360525705758000,29.5,1,29.5,6,29.6,25,2,2022-04-19 09:28:45
1650360526631980000,29.6,3,29.5,29,29.6,22,1,2022-04-19 09:28:46
1650360527404921000,29.5,5,29.5,26,29.55,3,2,2022-04-19 09:28:47
1650360527491581000,29.55,2,29.5,26,29.55,1,1,2022-04-19 09:28:47
1650360527910014000,29.5,1,29.5,25,29.55,1,2,2022-04-19 09:28:47
1650360528203015000,29.55,1,29.55,1,29.6,22,1,2022-04-19 09:28:48
1650360529871607000,29.55,1,29.55,7,29.6,22,2,2022-04-19 09:28:49
