ts,close,volume,bid_price,bid_volume,ask_price,ask_volume,tick_type,datetime
1650358809626813000,64.6,1110,64.5,8,64.6,11,1,2022-04-19 09:00:09
1650358809652967000,64.5,8,64.1,23,64.6,11,2,2022-04-19 09:00:09
1650358809658821000,64.6,2,64.1,23,64.6,9,1,2022-04-19 09:00:09
1650358809659406000,64.6,1,64.1,23,64.6,8,1,2022-04-19 09:00:09
1650358809660155000,64.6,1,64.1,23,64.6,7,1,2022-04-19 09:00:09
1650358809660984000,64.6,2,64.1,23,64.6,5,1,2022-04-19 09:00:09
1650358809839153000,64.6,1,64.1,23,64.6,4,1,2022-04-19 09:00:09
1650358811118492000,64.6,3,64.1,23,64.6,1,1,2022-04-19 09:00:11
1650358812305098000,64.6,1,64.1,23,64.7,522,1,2022-04-19 09:00:12
1650358812406188000,64.7,5,64.1,23,64.7,517,1,2022-04-19 09:00:12
1650358812600639000,64.5,2,64.1,23,64.7,517,1,2022-04-19 09:00:12
1650358813018821000,64.5,1,64.2,1,64.7,517,1,2022-04-19 09:00:13
1650358814323527000,64.7,5,64.2,1,64.7,512,1,2022-04-19 09:00:14
1650358814901928000,64.7,5,64.1,23,64.7,507,1,2022-04-19 09:00:14
1650358815107929000,64.7,3,64.1,23,64.7,504,1,2022-04-19 09:00:15
1650358815470665000,64.7,3,64.1,23,64.7,501,1,2022-04-19 09:00:15
1650358816434826000,64.5,1,64.1,23,64.7,501,2,2022-04-19 09:00:16
1650358816942192000,64.6,1,64.1,23,64.6,9,1,2022-04-19 09:00:16
1650358816950271000,64.1,1,64.1,22,64.6,9,2,2022-04-19 09:00:16
1650358817877537000,64.6,1,64.2,1,64.6,8,1,2022-04-19 09:00:17
1650358818044322000,64.6,5,64.2,1,64.6,3,1,2022-04-19 09:00:18
1650358818475768000,64.6,2,64.2,1,64.6,4,1,2022-04-19 09:00:18
1650358818489782000,64.6,1,64.2,1,64.6,3,1,2022-04-19 09:00:18
1650358819106681000,64.5,1,64.5,2,64.6,3,2,2022-04-19 09:00:19
1650358819139658000,64.5,2,64.2,11,64.6,3,2,2022-04-19 09:00:19
1650358819158499000,64.6,1,64.2,11,64.6,2,1,2022-04-19 09:00:19
1650358819332602000,64.6,1,64.2,11,64.6,2,1,2022-04-19 09:00:19
1650358819470153000,64.6,1,64.2,11,64.6,1,1,2022-04-19 09:00:19
1650358819914859000,64.6,2,64.2,11,64.7,499,1,2022-04-19 09:00:19
1650358819914859000,64.7,3,64.2,11,64.7,499,1,2022-04-19 09:00:19
1650358820484888000,64.7,1,64.6,1,64.7,498,1,2022-04-19 09:00:20
1650358820688670000,64.7,1,64.6,1,64.7,497,1,2022-04-19 09:00:20
1650358820939169000,64.6,1,64.2,11,64.7,498,2,2022-04-19 09:00:20
1650358821058968000,64.2,10,64.2,1,64.7,498,2,2022-04-19 09:00:21
1650358821187506000,64.2,1,64.1,23,64.6,1,2,2022-04-19 09:00:21
1650358821384683000,64.6,1,64.6,69,64.7,498,1,2022-04-19 09:00:21
1650358821429172000,64.7,1,64.6,69,64.7,497,1,2022-04-19 09:00:21
1650358821636183000,64.6,1,64.6,68,64.7,497,2,2022-04-19 09:00:21
1650358821769080000,64.6,1,64.6,67,64.7,497,2,2022-04-19 09:00:21
1650358821798790000,64.7,1,64.6,67,64.7,496,1,2022-04-19 09:00:21
1650358822109234000,64.7,1,64.6,67,64.7,495,1,2022-04-19 09:00:22
1650358822497680000,64.7,1,64.6,67,64.7,494,1,2022-04-19 09:00:22
1650358822708756000,64.6,1,64.6,66,64.7,494,2,2022-04-19 09:00:22
1650358822940921000,64.6,1,64.6,65,64.7,494,2,2022-04-19 09:00:22
1650358823043219000,64.7,1,64.6,65,64.7,493,1,2022-04-19 09:00:23
1650358823102218000,64.6,5,64.6,60,64.7,493,2,2022-04-19 09:00:23
1650358823193530000,64.7,1,64.6,60,64.7,492,1,2022-04-19 09:00:23
1650358823307702000,64.7,1,64.6,60,64.7,491,1,2022-04-19 09:00:23
1650358823801528000,64.6,1,64.6,59,64.7,491,2,2022-04-19 09:00:23
1650358824480140000,64.6,5,64.6,54,64.7,492,2,2022-04-19 09:00:24
1650358824536417000,64.6,10,64.6,44,64.7,492,2,2022-04-19 09:00:24
1650358825206114000,64.6,10,64.6,34,64.7,492,2,2022-04-19 09:00:25
1650358825213779000,64.7,1,64.6,34,64.7,491,1,2022-04-19 09:00:25
1650358825236893000,64.6,6,64.6,28,64.7,491,2,2022-04-19 09:00:25
1650358825539558000,64.6,1,64.6,27,64.7,491,2,2022-04-19 09:00:25
1650358825968220000,64.6,1,64.6,27,64.7,493,2,2022-04-19 09:00:25
1650358826493957000,64.6,5,64.6,22,64.7,493,2,2022-04-19 09:00:26
1650358826521191000,64.6,7,64.6,15,64.7,493,2,2022-04-19 09:00:26
1650358826668578000,64.6,5,64.6,10,64.7,496,2,2022-04-19 09:00:26
1650358826734846000,64.6,3,64.6,7,64.7,499,2,2022-04-19 09:00:26
1650358826740209000,64.7,5,64.6,7,64.7,494,1,2022-04-19 09:00:26
1650358826978455000,64.7,1,64.6,7,64.7,493,1,2022-04-19 09:00:26
1650358827020270000,64.7,2,64.6,7,64.7,491,1,2022-04-19 09:00:27
1650358827215925000,64.7,1,64.6,1,64.7,490,1,2022-04-19 09:00:27
1650358827746694000,64.6,1,64.5,1,64.7,490,2,2022-04-19 09:00:27
1650358828682893000,64.6,1,64.5,1,64.7,490,1,2022-04-19 09:00:28
1650358829091129000,64.6,1,64.5,4,64.6,9,1,2022-04-19 09:00:29
1650358829176593000,64.6,1,64.5,4,64.6,8,1,2022-04-19 09:00:29
1650358830394408000,64.6,5,64.5,4,64.6,18,1,2022-04-19 09:00:30
1650358831593626000,64.5,4,64.2,7,64.6,28,2,2022-04-19 09:00:31
1650358831593626000,64.3,2,64.2,7,64.6,28,2,2022-04-19 09:00:31
1650358831593626000,64.2,4,64.2,7,64.6,28,2,2022-04-19 09:00:31
1650358831908020000,64.5,5,64.2,7,64.5,7,1,2022-04-19 09:00:31
1650358831928501000,64.5,1,64.2,7,64.5,6,1,2022-04-19 09:00:31
1650358832042016000,64.5,2,64.3,6,64.5,4,1,2022-04-19 09:00:32
1650358832525173000,64.5,1,64.3,8,64.5,4,1,2022-04-19 09:00:32
1650358833156660000,64.3,1,64.3,8,64.5,9,2,2022-04-19 09:00:33
1650358833602708000,64.3,6,64.3,2,64.5,11,2,2022-04-19 09:00:33
1650358834019380000,64.3,1,64.3,1,64.5,11,2,2022-04-19 09:00:34
1650358834193621000,64.5,1,64.3,1,64.5,10,1,2022-04-19 09:00:34
1650358835249139000,64.4,1,64.3,2,64.4,9,1,2022-04-19 09:00:35
1650358836052887000,64.4,2,64.3,2,64.4,10,1,2022-04-19 09:00:36
1650358836114655000,64.3,2,64.2,11,64.3,3,2,2022-04-19 09:00:36
1650358836524874000,64.3,3,64.2,11,64.4,8,1,2022-04-19 09:00:36
1650358836524874000,64.4,2,64.2,11,64.4,8,1,2022-04-19 09:00:36
1650358837012116000,64.4,1,64.3,1,64.4,4,1,2022-04-19 09:00:37
1650358837205882000,64.4,1,64.3,1,64.4,3,1,2022-04-19 09:00:37
1650358837291751000,64.3,1,64.2,10,64.3,14,2,2022-04-19 09:00:37
1650358837476062000,64.3,1,64.2,10,64.3,13,1,2022-04-19 09:00:37
1650358837544325000,64.3,1,64.2,10,64.3,12,1,2022-04-19 09:00:37
1650358838008943000,64.3,1,64.2,10,64.3,12,1,2022-04-19 09:00:38
1650358838816302000,64.3,1,64.2,10,64.3,12,1,2022-04-19 09:00:38
1650358839064588000,64.3,10,64.2,10,64.3,2,1,2022-04-19 09:00:39
1650358839259719000,64.2,2,64.2,8,64.3,2,2,2022-04-19 09:00:39
1650358839287267000,64.3,1,64.2,8,64.3,1,1,2022-04-19 09:00:39
1650358839366114000,64.3,1,64.2,8,64.4,8,1,2022-04-19 09:00:39
1650358839478281000,64.4,5,64.2,8,64.4,3,1,2022-04-19 09:00:39
1650358840104877000,64.3,1,64.2,8,64.3,2,1,2022-04-19 09:00:40
1650358840300050000,64.3,1,64.2,8,64.3,1,1,2022-04-19 09:00:40
1650358840589437000,64.3,1,64.2,9,64.4,4,1,2022-04-19 09:00:40
1650358841543301000,64.4,1,64.3,1,64.4,3,1,2022-04-19 09:00:41
1650358841617047000,64.4,3,64.3,1,64.5,10,1,2022-04-19 09:00:41
1650358841640407000,64.3,1,64.2,1,64.5,10,2,2022-04-19 09:00:41
1650358841640407000,64.2,9,64.2,1,64.5,10,2,2022-04-19 09:00:41
1650358841656376000,64.3,1,64.2,1,64.5,9,2,2022-04-19 09:00:41
1650358842320923000,64.5,5,64.2,2,64.5,4,1,2022-04-19 09:00:42
1650358843097657000,64.3,1,64.2,2,64.5,4,1,2022-04-19 09:00:43
1650358843864351000,64.4,1,64.3,1,64.5,5,1,2022-04-19 09:00:43
1650358844040561000,64.3,1,64.2,3,64.5,5,2,2022-04-19 09:00:44
1650358844301365000,64.5,5,64.3,1,64.6,29,1,2022-04-19 09:00:44
1650358844301365000,64.6,5,64.3,1,64.6,29,1,2022-04-19 09:00:44
1650358844540776000,64.4,2,64.1,23,64.6,29,2,2022-04-19 09:00:44
1650358844540776000,64.3,2,64.1,23,64.6,29,2,2022-04-19 09:00:44
1650358844540776000,64.2,3,64.1,23,64.6,29,2,2022-04-19 09:00:44
1650358844540776000,64.1,7,64.1,23,64.6,29,2,2022-04-19 09:00:44
1650358844560969000,64.1,1,64.1,22,64.6,29,2,2022-04-19 09:00:44
1650358844648813000,64.1,1,64.1,21,64.5,14,2,2022-04-19 09:00:44
1650358844914143000,64.3,1,64.1,21,64.5,13,1,2022-04-19 09:00:44
1650358844914143000,64.5,1,64.1,21,64.5,13,1,2022-04-19 09:00:44
1650358847008083000,64.2,1,64.2,2,64.3,2,2,2022-04-19 09:00:47
1650358847016996000,64.3,1,64.2,2,64.3,1,1,2022-04-19 09:00:47
1650358847165003000,64.3,1,64.2,1,64.5,13,1,2022-04-19 09:00:47
1650358847651524000,64.2,1,64.1,21,64.5,13,2,2022-04-19 09:00:47
1650358847946352000,64.4,1,64.1,21,64.5,2,1,2022-04-19 09:00:47
1650358848069277000,64.1,1,64.1,20,64.4,1,2,2022-04-19 09:00:48
1650358848246522000,64.4,1,64.1,20,64.5,15,1,2022-04-19 09:00:48
1650358848459672000,64.1,1,64.1,19,64.5,15,2,2022-04-19 09:00:48
1650358848526949000,64.5,1,64.1,19,64.5,19,1,2022-04-19 09:00:48
1650358848838772000,64.3,1,64.1,14,64.5,19,1,2022-04-19 09:00:48
1650358848941981000,64.5,1,64.1,14,64.5,18,1,2022-04-19 09:00:48
1650358849199112000,64.5,1,64.2,1,64.5,17,1,2022-04-19 09:00:49
1650358849317699000,64.5,1,64.3,1,64.5,16,1,2022-04-19 09:00:49
1650358849643351000,64.4,1,64.3,2,64.4,1,1,2022-04-19 09:00:49
1650358850285391000,64.3,2,64.3,1,64.4,1,2,2022-04-19 09:00:50
1650358850343928000,64.3,1,64.2,1,64.4,1,2,2022-04-19 09:00:50
1650358850796702000,64.4,1,64.2,1,64.5,17,1,2022-04-19 09:00:50
1650358851375208000,64.5,2,64.2,3,64.5,16,1,2022-04-19 09:00:51
1650358851745987000,64.5,2,64.3,2,64.5,15,1,2022-04-19 09:00:51
1650358852220020000,64.4,1,64.3,14,64.5,15,1,2022-04-19 09:00:52
1650358852220020000,64.5,1,64.3,14,64.5,15,1,2022-04-19 09:00:52
1650358853153783000,64.4,1,64.3,15,64.4,10,1,2022-04-19 09:00:53
1650358855048917000,64.3,1,64.3,15,64.4,10,2,2022-04-19 09:00:55
1650358855105721000,64.4,1,64.3,15,64.4,9,1,2022-04-19 09:00:55
1650358855409563000,64.3,2,64.3,13,64.4,9,2,2022-04-19 09:00:55
1650358857361845000,64.3,1,64.3,12,64.4,22,2,2022-04-19 09:00:57
1650358857462807000,64.4,3,64.3,12,64.4,20,1,2022-04-19 09:00:57
1650358857710519000,64.3,1,64.3,11,64.4,20,2,2022-04-19 09:00:57
1650358857832006000,64.4,1,64.3,11,64.4,19,1,2022-04-19 09:00:57
1650358857929018000,64.4,1,64.3,11,64.4,18,1,2022-04-19 09:00:57
1650358857936520000,64.4,1,64.3,11,64.4,17,1,2022-04-19 09:00:57
1650358858244211000,64.4,1,64.3,12,64.4,18,1,2022-04-19 09:00:58
1650358858448292000,64.4,1,64.3,12,64.4,17,1,2022-04-19 09:00:58
1650358858560765000,64.4,5,64.3,12,64.4,12,1,2022-04-19 09:00:58
1650358858671786000,64.4,1,64.3,12,64.4,11,1,2022-04-19 09:00:58
1650358859156870000,64.3,10,64.3,2,64.4,11,2,2022-04-19 09:00:59
1650358859170275000,64.4,2,64.3,2,64.4,9,1,2022-04-19 09:00:59
1650358859701451000,64.3,1,64.3,1,64.4,10,2,2022-04-19 09:00:59
1650358859720992000,64.3,1,64.2,17,64.4,10,2,2022-04-19 09:00:59
1650358859878289000,64.4,1,64.2,16,64.4,14,1,2022-04-19 09:00:59
1650358860079278000,64.3,1,64.3,2,64.4,14,2,2022-04-19 09:01:00
1650358860511310000,64.4,1,64.3,3,64.4,13,1,2022-04-19 09:01:00
1650358860986525000,64.4,1,64.3,6,64.4,12,1,2022-04-19 09:01:00
1650358861469249000,64.3,2,64.3,4,64.4,12,2,2022-04-19 09:01:01
1650358861490926000,64.3,1,64.3,3,64.4,12,2,2022-04-19 09:01:01
1650358861547533000,64.4,1,64.3,3,64.4,11,1,2022-04-19 09:01:01
1650358862585853000,64.4,11,64.3,5,64.5,20,1,2022-04-19 09:01:02
1650358862790982000,64.5,18,64.3,5,64.5,2,1,2022-04-19 09:01:02
1650358862818008000,64.5,2,64.3,5,64.6,41,1,2022-04-19 09:01:02
1650358863578311000,64.6,38,64.4,2,64.6,3,1,2022-04-19 09:01:03
1650358863582327000,64.4,2,64.3,6,64.6,3,2,2022-04-19 09:01:03
1650358863615709000,64.6,3,64.3,6,64.7,516,1,2022-04-19 09:01:03
1650358863689840000,64.4,1,64.3,6,64.7,512,1,2022-04-19 09:01:03
1650358863689840000,64.7,4,64.3,6,64.7,512,1,2022-04-19 09:01:03
1650358863795612000,64.3,1,64.3,6,64.7,512,2,2022-04-19 09:01:03
1650358864664624000,64.6,1,64.5,1,64.7,513,1,2022-04-19 09:01:04
1650358864709343000,64.7,54,64.5,1,64.7,459,1,2022-04-19 09:01:04
1650358865323694000,64.5,1,64.4,5,64.7,459,2,2022-04-19 09:01:05
1650358865699779000,64.6,1,64.4,5,64.7,460,1,2022-04-19 09:01:05
1650358865875069000,64.7,1,64.4,5,64.7,459,1,2022-04-19 09:01:05
1650358866899606000,64.7,3,64.4,7,64.7,458,1,2022-04-19 09:01:06
1650358867229103000,64.4,1,64.4,20,64.7,457,2,2022-04-19 09:01:07
1650358867787458000,64.4,1,64.4,19,64.7,454,2,2022-04-19 09:01:07
1650358868208640000,64.4,1,64.4,19,64.7,453,2,2022-04-19 09:01:08
1650358868451764000,64.7,1,64.4,19,64.7,452,1,2022-04-19 09:01:08
1650358869081649000,64.7,1,64.4,20,64.7,458,1,2022-04-19 09:01:09
1650358869238861000,64.4,9,64.4,11,64.7,456,2,2022-04-19 09:01:09
1650358869754667000,64.7,1,64.4,11,64.7,455,1,2022-04-19 09:01:09
1650358870265801000,64.7,5,64.5,1,64.7,447,1,2022-04-19 09:01:10
1650358870884327000,64.6,1,64.5,1,64.7,447,1,2022-04-19 09:01:10
1650358870970116000,64.5,1,64.4,12,64.7,447,2,2022-04-19 09:01:10
1650358872535107000,64.5,1,64.4,13,64.6,4,2,2022-04-19 09:01:12
1650358872824077000,64.4,1,64.4,13,64.6,4,2,2022-04-19 09:01:12
1650358872916864000,64.4,1,64.4,12,64.6,4,2,2022-04-19 09:01:12
1650358873224659000,64.6,1,64.5,2,64.6,13,1,2022-04-19 09:01:13
1650358873518398000,64.6,1,64.5,2,64.6,12,1,2022-04-19 09:01:13
1650358873624477000,64.6,1,64.5,2,64.6,11,1,2022-04-19 09:01:13
1650358873704188000,64.6,1,64.5,2,64.6,10,1,2022-04-19 09:01:13
1650358874193343000,64.6,1,64.5,2,64.6,9,1,2022-04-19 09:01:14
1650358874718633000,64.6,3,64.5,4,64.6,6,1,2022-04-19 09:01:14
1650358874921043000,64.5,1,64.5,3,64.6,8,2,2022-04-19 09:01:14
1650358875030475000,64.6,1,64.5,3,64.6,7,1,2022-04-19 09:01:15
1650358875729117000,64.6,2,64.5,3,64.6,5,1,2022-04-19 09:01:15
1650358876001146000,64.6,5,64.5,14,64.7,465,1,2022-04-19 09:01:16
1650358876282695000,64.7,1,64.5,14,64.7,464,1,2022-04-19 09:01:16
1650358876547313000,64.6,2,64.6,1,64.7,464,2,2022-04-19 09:01:16
1650358876633580000,64.6,1,64.5,15,64.6,4,2,2022-04-19 09:01:16
1650358877008924000,64.6,1,64.5,17,64.6,3,1,2022-04-19 09:01:17
1650358877356692000,64.6,3,64.5,17,64.7,465,1,2022-04-19 09:01:17
1650358877398467000,64.5,1,64.5,16,64.7,465,2,2022-04-19 09:01:17
1650358877400946000,64.5,1,64.5,15,64.7,465,2,2022-04-19 09:01:17
1650358877440350000,64.7,3,64.5,15,64.7,462,1,2022-04-19 09:01:17
1650358878177041000,64.7,10,64.6,1,64.7,452,1,2022-04-19 09:01:18
1650358878400724000,64.6,1,64.5,17,64.6,2,2,2022-04-19 09:01:18
1650358878559684000,64.6,2,64.5,17,64.7,452,1,2022-04-19 09:01:18
1650358878615137000,64.6,1,64.5,17,64.7,453,1,2022-04-19 09:01:18
1650358878741660000,64.5,2,64.5,15,64.7,453,2,2022-04-19 09:01:18
1650358878743208000,64.5,2,64.5,13,64.7,453,2,2022-04-19 09:01:18
1650358878887057000,64.5,1,64.5,12,64.7,453,2,2022-04-19 09:01:18
1650358880112956000,64.6,1,64.6,4,64.7,453,2,2022-04-19 09:01:20
1650358880322235000,64.6,1,64.6,3,64.7,453,2,2022-04-19 09:01:20
1650358881755023000,64.6,1,64.6,2,64.7,455,2,2022-04-19 09:01:21
1650358882020051000,64.6,1,64.6,1,64.7,455,2,2022-04-19 09:01:22
1650358882882322000,64.6,1,64.6,3,64.7,455,2,2022-04-19 09:01:22
1650358883419747000,64.6,1,64.6,3,64.7,456,2,2022-04-19 09:01:23
1650358883937200000,64.6,4,64.5,10,64.7,487,2,2022-04-19 09:01:23
1650358883937200000,64.5,6,64.5,10,64.7,487,2,2022-04-19 09:01:23
1650358884149166000,64.6,1,64.5,10,64.7,487,1,2022-04-19 09:01:24
1650358885342072000,64.6,1,64.5,49,64.7,482,1,2022-04-19 09:01:25
1650358885342072000,64.7,4,64.5,49,64.7,482,1,2022-04-19 09:01:25
1650358885574757000,64.6,1,64.5,49,64.7,483,2,2022-04-19 09:01:25
1650358886401990000,64.5,1,64.5,48,64.6,8,2,2022-04-19 09:01:26
1650358886580129000,64.6,1,64.5,48,64.6,7,1,2022-04-19 09:01:26
1650358886829619000,64.6,1,64.5,48,64.6,10,1,2022-04-19 09:01:26
1650358887141249000,64.6,1,64.5,48,64.6,9,1,2022-04-19 09:01:27
1650358887189718000,64.6,1,64.5,48,64.6,8,1,2022-04-19 09:01:27
1650358887588888000,64.6,1,64.5,48,64.6,8,1,2022-04-19 09:01:27
1650358887724658000,64.6,2,64.5,48,64.6,6,1,2022-04-19 09:01:27
1650358887745464000,64.6,2,64.5,48,64.6,4,1,2022-04-19 09:01:27
1650358888174249000,64.6,1,64.5,48,64.6,5,1,2022-04-19 09:01:28
1650358888644624000,64.5,2,64.5,46,64.6,6,2,2022-04-19 09:01:28
1650358889048767000,64.5,3,64.5,43,64.6,6,2,2022-04-19 09:01:29
1650358889081105000,64.5,1,64.5,43,64.6,6,2,2022-04-19 09:01:29
1650358889115575000,64.6,1,64.5,43,64.6,5,1,2022-04-19 09:01:29
1650358889181201000,64.6,1,64.5,43,64.6,4,1,2022-04-19 09:01:29
1650358889191652000,64.6,1,64.5,43,64.6,3,1,2022-04-19 09:01:29
1650358891439293000,64.6,14,64.5,52,64.7,490,1,2022-04-19 09:01:31
1650358891439293000,64.7,6,64.5,52,64.7,490,1,2022-04-19 09:01:31
1650358891891388000,64.6,1,64.5,52,64.6,2,1,2022-04-19 09:01:31
1650358892416222000,64.5,3,64.5,49,64.6,6,2,2022-04-19 09:01:32
1650358892466545000,64.6,6,64.6,4,64.7,491,1,2022-04-19 09:01:32
1650358892497015000,64.6,4,64.5,50,64.7,491,2,2022-04-19 09:01:32
1650358892906763000,64.5,10,64.5,50,64.7,492,2,2022-04-19 09:01:32
1650358893359581000,64.5,3,64.5,47,64.7,492,2,2022-04-19 09:01:33
1650358894211749000,64.6,4,64.5,37,64.7,493,2,2022-04-19 09:01:34
1650358894211749000,64.5,11,64.5,37,64.7,493,2,2022-04-19 09:01:34
1650358894806869000,64.6,1,64.5,37,64.6,1,2,2022-04-19 09:01:34
1650358895266401000,64.6,1,64.5,37,64.7,500,1,2022-04-19 09:01:35
1650358897196352000,64.6,3,64.5,38,64.7,491,1,2022-04-19 09:01:37
1650358897196352000,64.7,5,64.5,38,64.7,491,1,2022-04-19 09:01:37
1650358897831810000,64.5,1,64.5,37,64.7,492,2,2022-04-19 09:01:37
1650358898306697000,64.7,1,64.5,37,64.7,494,1,2022-04-19 09:01:38
1650358898620366000,64.6,1,64.5,37,64.6,1,1,2022-04-19 09:01:38
1650358898831109000,64.6,1,64.5,37,64.7,494,1,2022-04-19 09:01:38
1650358899395379000,64.7,3,64.5,39,64.7,492,1,2022-04-19 09:01:39
1650358899979064000,64.6,1,64.5,40,64.7,493,2,2022-04-19 09:01:39
1650358899979064000,64.5,1,64.5,40,64.7,493,2,2022-04-19 09:01:39
1650358900497575000,64.6,1,64.5,41,64.6,2,1,2022-04-19 09:01:40
1650358900741586000,64.5,10,64.5,31,64.6,2,2,2022-04-19 09:01:40
1650358901715791000,64.6,7,64.5,37,64.7,492,1,2022-04-19 09:01:41
1650358901715791000,64.7,2,64.5,37,64.7,492,1,2022-04-19 09:01:41
1650358901918268000,64.6,1,64.5,37,64.7,492,2,2022-04-19 09:01:41
1650358902481530000,64.7,2,64.6,5,64.7,490,1,2022-04-19 09:01:42
1650358902520669000,64.7,1,64.6,5,64.7,489,1,2022-04-19 09:01:42
1650358902979411000,64.6,3,64.6,8,64.7,489,2,2022-04-19 09:01:42
1650358903403744000,64.6,1,64.6,7,64.7,490,2,2022-04-19 09:01:43
1650358903790663000,64.6,1,64.6,6,64.7,490,2,2022-04-19 09:01:43
1650358903794487000,64.6,1,64.6,5,64.7,490,2,2022-04-19 09:01:43
1650358903920309000,64.7,1,64.6,5,64.7,489,1,2022-04-19 09:01:43
1650358904272509000,64.6,1,64.6,5,64.7,489,2,2022-04-19 09:01:44
1650358904399935000,64.6,1,64.6,4,64.7,488,2,2022-04-19 09:01:44
1650358904607837000,64.6,1,64.6,4,64.7,488,2,2022-04-19 09:01:44
1650358904663427000,64.6,1,64.6,3,64.7,488,2,2022-04-19 09:01:44
1650358904663477000,64.7,1,64.6,3,64.7,487,1,2022-04-19 09:01:44
1650358904830822000,64.6,2,64.6,1,64.7,487,2,2022-04-19 09:01:44
1650358905541240000,64.6,1,64.5,39,64.7,486,2,2022-04-19 09:01:45
1650358907210322000,64.6,1,64.5,39,64.6,7,1,2022-04-19 09:01:47
1650358907520235000,64.6,1,64.5,40,64.6,6,1,2022-04-19 09:01:47
1650358908745646000,64.6,1,64.5,42,64.6,7,1,2022-04-19 09:01:48
1650358908897196000,64.6,2,64.5,42,64.6,5,1,2022-04-19 09:01:48
1650358909223492000,64.6,1,64.5,42,64.6,4,1,2022-04-19 09:01:49
1650358909251403000,64.6,1,64.5,42,64.6,3,1,2022-04-19 09:01:49
1650358909423076000,64.6,1,64.5,42,64.6,2,1,2022-04-19 09:01:49
1650358909532758000,64.6,1,64.5,42,64.6,1,1,2022-04-19 09:01:49
1650358909540331000,64.6,1,64.5,42,64.7,486,1,2022-04-19 09:01:49
1650358909540331000,64.7,1,64.5,42,64.7,486,1,2022-04-19 09:01:49
1650358911523325000,64.6,4,64.5,32,64.7,488,2,2022-04-19 09:01:51
1650358911523325000,64.5,13,64.5,32,64.7,488,2,2022-04-19 09:01:51
1650358911524550000,64.7,1,64.5,32,64.7,487,1,2022-04-19 09:01:51
1650358911812965000,64.6,2,64.5,32,64.7,487,1,2022-04-19 09:01:51
1650358911851432000,64.6,1,64.5,32,64.7,487,1,2022-04-19 09:01:51
1650358912575662000,64.7,488,0.0,11,0.0,0,1,2022-04-19 09:01:52
1650358912882749000,64.7,1,0.0,1037,0.0,0,1,2022-04-19 09:01:52
1650358912896016000,64.7,1,0.0,1036,0.0,0,1,2022-04-19 09:01:52
1650358912960079000,64.7,1,0.0,1035,0.0,0,1,2022-04-19 09:01:52
1650358913180277000,64.7,1,0.0,1035,0.0,0,1,2022-04-19 09:01:53
1650358914511370000,64.7,3,0.0,1403,0.0,0,1,2022-04-19 09:01:54
1650358915711039000,64.7,1,0.0,1436,0.0,0,1,2022-04-19 09:01:55
1650358916012091000,64.7,1,0.0,1436,0.0,0,1,2022-04-19 09:01:56
1650358916239663000,64.7,1,0.0,1436,0.0,0,1,2022-04-19 09:01:56
1650358916296201000,64.7,1,0.0,1435,0.0,0,1,2022-04-19 09:01:56
1650358917971834000,64.7,1,0.0,1283,0.0,0,1,2022-04-19 09:01:57
1650358918171772000,64.7,40,0.0,1243,0.0,0,1,2022-04-19 09:01:58
1650358918637014000,64.7,28,0.0,1185,0.0,0,1,2022-04-19 09:01:58
1650358919308059000,64.7,1,0.0,1193,0.0,0,1,2022-04-19 09:01:59
1650358919856717000,64.7,2,0.0,1191,0.0,0,1,2022-04-19 09:01:59
1650358920183588000,64.7,2,0.0,1191,0.0,0,1,2022-04-19 09:02:00
1650358920872764000,64.7,1,0.0,1197,0.0,0,1,2022-04-19 09:02:00
1650358921177697000,64.7,2,0.0,1196,0.0,0,1,2022-04-19 09:02:01
1650358921598927000,64.7,70,0.0,1126,0.0,0,1,2022-04-19 09:02:01
1650358922236820000,64.7,10,0.0,1118,0.0,0,1,2022-04-19 09:02:02
1650358922365263000,64.7,3,0.0,1115,0.0,0,1,2022-04-19 09:02:02
1650358922548594000,64.7,1,0.0,1114,0.0,0,1,2022-04-19 09:02:02
1650358922803045000,64.7,20,0.0,1094,0.0,0,1,2022-04-19 09:02:02
1650358922812047000,64.7,2,0.0,1092,0.0,0,1,2022-04-19 09:02:02
1650358923207527000,64.7,1,0.0,1091,0.0,0,1,2022-04-19 09:02:03
1650358925033233000,64.7,2,0.0,1093,0.0,0,1,2022-04-19 09:02:05
1650358925043885000,64.7,1,0.0,1093,0.0,0,1,2022-04-19 09:02:05
1650358925922117000,64.7,3,0.0,1090,0.0,0,1,2022-04-19 09:02:05
1650358926614198000,64.7,1,0.0,1123,0.0,0,1,2022-04-19 09:02:06
1650358926820218000,64.7,1,0.0,1122,0.0,0,1,2022-04-19 09:02:06
1650358927943189000,64.7,1,0.0,1132,0.0,0,1,2022-04-19 09:02:07
1650358929416973000,64.7,5,0.0,832,0.0,0,1,2022-04-19 09:02:09
1650358932985554000,64.7,4,0.0,834,0.0,0,1,2022-04-19 09:02:12
1650358937071349000,64.7,2,0.0,840,0.0,0,1,2022-04-19 09:02:17
1650358938466947000,64.7,1,0.0,846,0.0,0,1,2022-04-19 09:02:18
1650358938472779000,64.7,1,0.0,845,0.0,0,1,2022-04-19 09:02:18
1650358939584703000,64.7,1,0.0,845,0.0,0,1,2022-04-19 09:02:19
1650358941434366000,64.7,1,0.0,847,0.0,0,1,2022-04-19 09:02:21
1650358941648304000,64.7,2,0.0,845,0.0,0,1,2022-04-19 09:02:21
1650358942535677000,64.7,1,0.0,845,0.0,0,1,2022-04-19 09:02:22
1650358943386729000,64.7,1,0.0,844,0.0,0,1,2022-04-19 09:02:23
1650358943682836000,64.7,1,0.0,843,0.0,0,1,2022-04-19 09:02:23
1650358945308197000,64.7,3,0.0,842,0.0,0,1,2022-04-19 09:02:25
1650358946499880000,64.7,1,0.0,841,0.0,0,1,2022-04-19 09:02:26
1650358946634543000,64.7,1,0.0,842,0.0,0,1,2022-04-19 09:02:26
1650358946725775000,64.7,1,0.0,840,0.0,0,1,2022-04-19 09:02:26
1650358948775018000,64.7,2,0.0,840,0.0,0,1,2022-04-19 09:02:28
1650358950450736000,64.7,30,0.0,814,0.0,0,1,2022-04-19 09:02:30
1650358951206290000,64.7,4,0.0,810,0.0,0,1,2022-04-19 09:02:31
1650358951599893000,64.7,90,0.0,700,0.0,0,1,2022-04-19 09:02:31
1650358951599917000,64.7,499,0.0,201,0.0,0,1,2022-04-19 09:02:31
1650358951599955000,64.7,208,64.7,85,0.0,0,1,2022-04-19 09:02:31
1650358951632597000,64.7,18,64.7,64,0.0,0,1,2022-04-19 09:02:31
1650358951633037000,64.7,64,64.4,9,0.0,0,1,2022-04-19 09:02:31
1650358951633037000,64.6,12,64.4,9,0.0,0,2,2022-04-19 09:02:31
1650358951633037000,64.5,30,64.4,9,0.0,0,2,2022-04-19 09:02:31
1650358951633037000,64.4,17,64.4,9,0.0,0,2,2022-04-19 09:02:31
1650358951669786000,64.5,1,64.4,9,64.5,126,1,2022-04-19 09:02:31
1650358951795693000,64.5,5,64.4,9,64.5,121,1,2022-04-19 09:02:31
1650358951819553000,64.4,1,64.4,8,64.5,121,2,2022-04-19 09:02:31
1650358951857129000,64.4,1,64.4,7,64.5,122,2,2022-04-19 09:02:31
1650358951912328000,64.4,2,64.4,5,64.5,122,2,2022-04-19 09:02:31
1650358951916000000,64.4,1,64.4,4,64.5,122,2,2022-04-19 09:02:31
1650358951947227000,64.4,4,64.3,18,64.5,122,2,2022-04-19 09:02:31
1650358952960551000,64.5,1,64.3,18,64.5,121,1,2022-04-19 09:02:32
1650358952979097000,64.5,1,64.3,18,64.5,120,1,2022-04-19 09:02:32
1650358953427532000,64.3,1,64.3,17,64.4,10,2,2022-04-19 09:02:33
1650358953464017000,64.3,5,64.3,12,64.4,10,2,2022-04-19 09:02:33
1650358954515157000,64.4,1,64.3,12,64.4,9,1,2022-04-19 09:02:34
1650358956625316000,64.3,1,64.3,10,64.4,9,2,2022-04-19 09:02:36
1650358957197064000,64.3,10,64.0,32,64.1,4,2,2022-04-19 09:02:37
1650358957197064000,64.2,20,64.0,32,64.1,4,2,2022-04-19 09:02:37
1650358957197064000,64.1,20,64.0,32,64.1,4,2,2022-04-19 09:02:37
1650358957229519000,64.0,2,64.0,30,64.1,4,2,2022-04-19 09:02:37
1650358957269314000,64.1,1,64.0,30,64.1,3,1,2022-04-19 09:02:37
1650358958787809000,64.0,10,64.0,19,64.1,7,2,2022-04-19 09:02:38
1650358959020395000,64.0,10,64.0,9,64.1,7,2,2022-04-19 09:02:39
1650358959539101000,64.0,9,63.9,3,64.1,7,2,2022-04-19 09:02:39
1650358960862460000,64.0,1,63.9,3,64.0,9,1,2022-04-19 09:02:40
1650358961644040000,63.9,1,63.9,2,64.0,9,2,2022-04-19 09:02:41
1650358962258551000,64.0,1,63.9,2,64.0,8,1,2022-04-19 09:02:42
1650358962837117000,64.0,1,63.9,2,64.0,7,1,2022-04-19 09:02:42
1650358963106206000,63.9,1,63.9,2,64.0,7,2,2022-04-19 09:02:43
1650358963625213000,64.0,1,63.9,2,64.0,6,1,2022-04-19 09:02:43
1650358963763061000,63.9,2,63.7,2,64.0,6,2,2022-04-19 09:02:43
1650358963763061000,63.8,8,63.7,2,64.0,6,2,2022-04-19 09:02:43
1650358964280380000,64.0,1,63.7,1,64.0,17,1,2022-04-19 09:02:44
1650358964399884000,64.0,2,63.7,1,64.0,15,1,2022-04-19 09:02:44
1650358965139203000,63.9,1,63.8,1,64.0,3,1,2022-04-19 09:02:45
1650358967052997000,64.0,2,63.8,1,64.0,16,1,2022-04-19 09:02:47
1650358967774892000,63.8,1,63.7,1,63.9,4,2,2022-04-19 09:02:47
1650358968234870000,63.7,1,63.6,4,63.7,4,2,2022-04-19 09:02:48
1650358969720258000,63.7,1,63.6,4,63.7,3,1,2022-04-19 09:02:49
1650358969745799000,63.7,3,63.6,4,63.9,5,1,2022-04-19 09:02:49
1650358970957222000,63.9,5,64.0,33,64.1,7,1,2022-04-19 09:02:50
1650358970957222000,64.0,2,64.0,33,64.1,7,1,2022-04-19 09:02:50
1650358971169046000,64.0,5,64.0,28,64.1,7,2,2022-04-19 09:02:51
1650358971199518000,64.1,1,64.0,28,64.1,6,1,2022-04-19 09:02:51
1650358972461960000,64.0,1,64.0,27,64.1,21,2,2022-04-19 09:02:52
1650358972535941000,64.0,9,64.0,18,64.1,21,2,2022-04-19 09:02:52
1650358973133532000,64.0,2,64.0,16,64.1,21,2,2022-04-19 09:02:53
1650358974442419000,64.0,16,63.7,1,64.0,84,2,2022-04-19 09:02:54
1650358974759127000,64.0,2,63.7,1,64.0,82,1,2022-04-19 09:02:54
1650358975113052000,64.0,1,63.7,1,64.0,81,1,2022-04-19 09:02:55
1650358976162883000,63.7,1,63.7,1,64.0,81,2,2022-04-19 09:02:56
1650358976376263000,63.7,1,63.6,4,64.0,81,2,2022-04-19 09:02:56
1650358976589029000,63.6,4,63.4,10,63.9,12,2,2022-04-19 09:02:56
1650358976589029000,63.5,6,63.4,10,63.9,12,2,2022-04-19 09:02:56
1650358976732411000,63.6,1,63.4,10,63.9,12,1,2022-04-19 09:02:56
1650358977297138000,63.7,1,63.4,10,63.9,12,2,2022-04-19 09:02:57
1650358977467495000,63.9,2,63.4,10,63.9,10,1,2022-04-19 09:02:57
1650358977580456000,63.8,1,63.5,3,63.9,10,1,2022-04-19 09:02:57
1650358979062035000,63.9,1,63.7,1,63.9,19,1,2022-04-19 09:02:59
1650358980838805000,63.7,1,63.7,3,63.9,29,2,2022-04-19 09:03:00
1650358982145411000,63.9,1,63.7,5,63.9,28,1,2022-04-19 09:03:02
1650358982716512000,63.7,2,63.7,3,63.9,29,2,2022-04-19 09:03:02
1650358982870781000,63.9,1,63.8,1,63.9,28,1,2022-04-19 09:03:02
1650358982995421000,63.9,1,63.8,1,63.9,27,1,2022-04-19 09:03:02
1650358983159022000,63.8,1,63.7,3,63.9,27,2,2022-04-19 09:03:03
1650358984304429000,63.9,3,63.7,5,63.9,24,1,2022-04-19 09:03:04
1650358985783218000,63.9,3,63.7,10,63.9,22,1,2022-04-19 09:03:05
1650358986406309000,63.8,1,63.7,11,63.9,22,1,2022-04-19 09:03:06
1650358986814393000,63.7,1,63.7,11,63.9,22,2,2022-04-19 09:03:06
1650358988383409000,63.8,1,63.8,2,63.9,23,2,2022-04-19 09:03:08
1650358989137199000,63.9,2,63.8,2,63.9,21,1,2022-04-19 09:03:09
1650358989933959000,63.9,10,63.8,3,63.9,11,1,2022-04-19 09:03:09
1650358989960347000,63.9,11,63.8,3,64.0,108,1,2022-04-19 09:03:09
1650358990104778000,63.8,3,63.7,14,64.0,108,2,2022-04-19 09:03:10
1650358990905887000,63.8,10,63.7,14,64.0,123,1,2022-04-19 09:03:10
1650358990960793000,63.7,1,63.7,13,64.0,123,2,2022-04-19 09:03:10
1650358991177470000,63.8,1,63.7,13,64.0,123,2,2022-04-19 09:03:11
1650358991984357000,64.0,5,63.7,15,64.0,118,1,2022-04-19 09:03:11
1650358992834812000,63.8,1,63.7,16,64.0,120,2,2022-04-19 09:03:12
1650358993019028000,63.9,1,63.7,16,64.0,111,1,2022-04-19 09:03:13
1650358993019028000,64.0,9,63.7,16,64.0,111,1,2022-04-19 09:03:13
1650358993293556000,64.0,10,63.7,16,64.0,101,1,2022-04-19 09:03:13
1650358993679500000,63.7,1,63.7,16,63.9,1,2,2022-04-19 09:03:13
1650358994101049000,63.8,1,63.7,12,63.9,1,2,2022-04-19 09:03:14
1650358994101049000,63.7,4,63.7,12,63.9,1,2,2022-04-19 09:03:14
1650358994394380000,63.7,1,63.7,13,63.9,1,2,2022-04-19 09:03:14
1650358994891655000,63.8,5,63.8,2,63.9,1,2,2022-04-19 09:03:14
1650358995062248000,63.8,1,63.8,1,63.9,1,2,2022-04-19 09:03:15
1650358995500925000,63.8,1,63.7,14,63.9,2,2,2022-04-19 09:03:15
1650358995731863000,63.7,1,63.7,14,63.9,2,2,2022-04-19 09:03:15
1650358996516779000,63.7,1,63.7,14,63.9,3,2,2022-04-19 09:03:16
1650358996606289000,63.9,1,63.7,15,63.9,2,1,2022-04-19 09:03:16
1650358996713811000,63.7,2,63.7,13,63.9,2,2,2022-04-19 09:03:16
1650358997203432000,63.8,2,63.7,14,63.9,2,1,2022-04-19 09:03:17
1650358999151575000,63.8,1,63.8,1,63.9,17,2,2022-04-19 09:03:19
1650359001782871000,63.8,1,63.8,16,63.9,29,2,2022-04-19 09:03:21
1650359002700862000,63.8,3,63.8,14,63.9,35,2,2022-04-19 09:03:22
1650359003017388000,63.9,1,63.8,14,63.9,34,1,2022-04-19 09:03:23
1650359004246783000,63.9,2,63.8,14,63.9,32,1,2022-04-19 09:03:24
1650359004431059000,63.9,6,63.8,14,63.9,26,1,2022-04-19 09:03:24
1650359004594640000,63.8,1,63.8,13,63.9,26,2,2022-04-19 09:03:24
1650359004734565000,63.8,1,63.8,12,63.9,26,2,2022-04-19 09:03:24
1650359004750896000,63.8,1,63.8,11,63.9,26,2,2022-04-19 09:03:24
1650359005745881000,63.8,1,63.8,10,63.9,26,2,2022-04-19 09:03:25
1650359006258540000,63.8,5,63.8,5,63.9,26,2,2022-04-19 09:03:26
1650359006846596000,63.8,5,63.7,18,63.9,26,2,2022-04-19 09:03:26
1650359006846596000,63.7,10,63.7,18,63.9,26,2,2022-04-19 09:03:26
1650359011902752000,63.8,1,63.8,14,63.9,26,2,2022-04-19 09:03:31
1650359012662802000,63.9,26,63.8,15,64.0,87,1,2022-04-19 09:03:32
1650359012687806000,63.8,1,63.8,14,64.0,87,2,2022-04-19 09:03:32
1650359012695976000,64.0,4,63.8,14,64.0,83,1,2022-04-19 09:03:32
1650359013014150000,64.0,1,63.8,14,64.0,82,1,2022-04-19 09:03:33
1650359013049348000,64.0,14,63.8,14,64.0,68,1,2022-04-19 09:03:33
1650359013082634000,64.0,8,63.8,14,64.0,60,1,2022-04-19 09:03:33
1650359013116834000,64.0,21,63.8,14,64.0,39,1,2022-04-19 09:03:33
1650359013116888000,64.0,8,63.8,14,64.0,31,1,2022-04-19 09:03:33
1650359013149681000,64.0,10,63.8,14,64.0,21,1,2022-04-19 09:03:33
1650359013183755000,64.0,21,63.8,14,64.1,16,1,2022-04-19 09:03:33
1650359013279707000,64.0,1,63.9,3,64.1,16,2,2022-04-19 09:03:33
1650359013508179000,63.9,1,63.9,2,64.1,16,2,2022-04-19 09:03:33
1650359014856612000,63.9,1,63.9,11,64.1,31,2,2022-04-19 09:03:34
1650359014971343000,64.1,1,63.9,11,64.1,30,1,2022-04-19 09:03:34
1650359015157547000,63.9,1,63.9,10,64.1,30,2,2022-04-19 09:03:35
1650359015879506000,63.9,1,63.9,9,64.1,30,2,2022-04-19 09:03:35
1650359019075458000,63.9,4,63.9,7,64.0,1,2,2022-04-19 09:03:39
1650359020782822000,63.9,9,63.8,21,64.0,28,2,2022-04-19 09:03:40
1650359020782822000,63.8,1,63.8,21,64.0,28,2,2022-04-19 09:03:40
1650359020880958000,63.9,1,63.8,21,64.0,28,1,2022-04-19 09:03:40
1650359021884605000,63.9,1,63.8,21,63.9,1,2,2022-04-19 09:03:41
1650359022214939000,63.9,1,63.8,21,63.9,1,1,2022-04-19 09:03:42
1650359022540754000,63.9,1,63.8,21,64.0,12,1,2022-04-19 09:03:42
1650359022540754000,64.0,2,63.8,21,64.0,12,1,2022-04-19 09:03:42
1650359022871341000,63.8,1,63.8,20,64.0,12,2,2022-04-19 09:03:42
1650359023657998000,63.9,1,63.8,21,63.9,3,1,2022-04-19 09:03:43
1650359024264152000,63.9,2,63.8,22,63.9,1,1,2022-04-19 09:03:44
1650359026575174000,63.8,2,63.8,33,63.9,1,2,2022-04-19 09:03:46
1650359027284377000,63.8,1,63.8,32,63.9,1,2,2022-04-19 09:03:47
1650359028196438000,63.8,1,63.8,31,63.9,1,2,2022-04-19 09:03:48
1650359028879355000,63.8,2,63.8,31,63.9,1,2,2022-04-19 09:03:48
1650359029065907000,63.9,1,63.8,31,64.0,12,1,2022-04-19 09:03:49
1650359031907212000,63.9,1,63.9,9,64.0,12,2,2022-04-19 09:03:51
1650359032459813000,63.9,1,63.9,8,64.0,12,2,2022-04-19 09:03:52
1650359033529067000,64.0,2,63.9,8,64.0,10,1,2022-04-19 09:03:53
1650359034230387000,64.0,10,63.9,9,64.1,11,1,2022-04-19 09:03:54
1650359035757325000,63.9,1,63.9,10,64.1,12,2,2022-04-19 09:03:55
1650359036928164000,64.1,3,64.0,1,64.1,9,1,2022-04-19 09:03:56
1650359037292314000,64.0,1,63.9,10,64.1,9,2,2022-04-19 09:03:57
1650359037992596000,63.9,1,63.9,10,64.0,3,2,2022-04-19 09:03:57
1650359038408814000,64.0,1,63.9,10,64.0,17,1,2022-04-19 09:03:58
1650359039676609000,63.9,2,63.9,8,64.0,22,2,2022-04-19 09:03:59
1650359040881311000,64.0,1,63.9,9,64.0,21,1,2022-04-19 09:04:00
1650359041266630000,63.9,4,63.9,5,64.0,21,2,2022-04-19 09:04:01
1650359041560894000,64.0,1,63.9,5,64.0,20,1,2022-04-19 09:04:01
1650359041636385000,64.0,2,63.9,5,64.0,18,1,2022-04-19 09:04:01
1650359042090491000,64.0,18,63.9,6,64.1,7,1,2022-04-19 09:04:02
1650359042090491000,64.1,2,63.9,6,64.1,7,1,2022-04-19 09:04:02
1650359045891491000,64.1,1,64.0,12,64.1,22,1,2022-04-19 09:04:05
1650359047579376000,64.1,1,64.0,13,64.1,21,1,2022-04-19 09:04:07
1650359048340511000,64.1,1,64.0,14,64.1,20,1,2022-04-19 09:04:08
1650359048589813000,64.1,1,64.0,14,64.1,19,1,2022-04-19 09:04:08
1650359048878642000,64.1,2,64.0,14,64.1,17,1,2022-04-19 09:04:08
1650359049677404000,64.0,10,64.0,4,64.1,17,2,2022-04-19 09:04:09
1650359050007296000,64.1,1,64.0,4,64.1,16,1,2022-04-19 09:04:10
1650359050142675000,64.0,3,64.0,1,64.1,16,2,2022-04-19 09:04:10
1650359050304925000,64.0,1,63.9,15,64.1,16,2,2022-04-19 09:04:10
1650359050337297000,64.1,10,63.9,15,64.1,6,1,2022-04-19 09:04:10
1650359051821587000,64.0,1,63.9,15,64.1,5,1,2022-04-19 09:04:11
1650359051821587000,64.1,2,63.9,15,64.1,5,1,2022-04-19 09:04:11
1650359051966351000,64.1,1,63.9,15,64.1,4,1,2022-04-19 09:04:11
1650359052521582000,64.0,1,63.9,15,64.0,2,1,2022-04-19 09:04:12
1650359052528235000,64.0,1,63.9,15,64.0,1,1,2022-04-19 09:04:12
1650359052740230000,64.0,1,63.9,15,64.1,5,1,2022-04-19 09:04:12
1650359054314074000,64.1,5,63.9,16,64.1,7,1,2022-04-19 09:04:14
1650359056498546000,64.0,1,63.9,19,64.1,23,2,2022-04-19 09:04:16
1650359058292983000,64.0,1,64.0,1,64.1,23,2,2022-04-19 09:04:18
1650359059621317000,64.0,1,64.0,12,64.1,23,2,2022-04-19 09:04:19
1650359060086796000,64.0,1,64.0,11,64.1,23,2,2022-04-19 09:04:20
1650359060659410000,64.0,1,64.0,10,64.1,24,2,2022-04-19 09:04:20
1650359061904380000,64.0,1,64.0,12,64.1,25,2,2022-04-19 09:04:21
1650359062447310000,64.0,1,64.0,15,64.1,25,2,2022-04-19 09:04:22
1650359063467527000,64.0,1,64.0,20,64.1,25,2,2022-04-19 09:04:23
1650359063970992000,64.0,20,64.0,1,64.1,25,2,2022-04-19 09:04:23
1650359064000005000,64.0,1,63.9,25,64.1,25,2,2022-04-19 09:04:24
1650359064391298000,64.0,1,63.9,25,64.1,25,2,2022-04-19 09:04:24
1650359065393431000,64.0,1,63.9,25,64.1,26,2,2022-04-19 09:04:25
1650359065932635000,64.0,1,63.9,26,64.1,26,2,2022-04-19 09:04:25
1650359066230750000,63.9,1,63.9,26,64.1,26,2,2022-04-19 09:04:26
1650359066532294000,63.9,1,63.9,25,64.1,26,2,2022-04-19 09:04:26
1650359066716747000,63.9,1,63.9,25,64.1,26,2,2022-04-19 09:04:26
1650359067085680000,64.0,1,63.9,25,64.1,26,1,2022-04-19 09:04:27
1650359067435439000,64.0,1,63.9,25,64.1,26,2,2022-04-19 09:04:27
1650359068630482000,64.0,1,63.9,35,64.1,11,1,2022-04-19 09:04:28
1650359069345603000,64.0,2,63.9,35,64.0,6,1,2022-04-19 09:04:29
1650359069510869000,63.9,1,63.9,34,64.0,8,2,2022-04-19 09:04:29
1650359070038281000,64.0,2,63.9,34,64.0,6,1,2022-04-19 09:04:30
1650359070370826000,64.0,1,63.9,34,64.0,5,1,2022-04-19 09:04:30
1650359075012276000,64.0,1,63.9,34,64.0,22,1,2022-04-19 09:04:35
1650359076702634000,64.0,1,63.9,36,64.0,22,1,2022-04-19 09:04:36
1650359076730304000,64.0,1,63.9,36,64.0,21,1,2022-04-19 09:04:36
1650359078442501000,64.0,1,63.9,36,64.0,23,1,2022-04-19 09:04:38
1650359080192055000,64.0,2,63.9,36,64.0,24,1,2022-04-19 09:04:40
1650359080776422000,64.0,1,63.9,36,64.0,23,1,2022-04-19 09:04:40
1650359082294199000,63.9,1,63.9,36,64.0,24,2,2022-04-19 09:04:42
1650359082339098000,64.0,1,63.9,36,64.0,23,1,2022-04-19 09:04:42
1650359083452704000,64.0,5,63.9,36,64.0,18,1,2022-04-19 09:04:43
1650359084175254000,64.0,1,63.9,36,64.0,17,1,2022-04-19 09:04:44
1650359084770584000,64.0,1,63.9,37,64.0,16,1,2022-04-19 09:04:44
1650359085598597000,64.0,1,63.9,37,64.0,15,1,2022-04-19 09:04:45
1650359086471612000,64.0,1,63.9,38,64.0,15,1,2022-04-19 09:04:46
1650359086543768000,64.0,1,63.9,38,64.0,14,1,2022-04-19 09:04:46
1650359086963029000,64.0,1,63.9,38,64.0,13,1,2022-04-19 09:04:46
1650359088484026000,64.0,1,63.9,38,64.0,12,1,2022-04-19 09:04:48
1650359088708263000,64.0,6,63.9,38,64.0,6,1,2022-04-19 09:04:48
1650359088850255000,64.0,1,63.9,37,64.0,5,1,2022-04-19 09:04:48
1650359089033963000,64.0,3,63.9,37,64.0,2,1,2022-04-19 09:04:49
1650359089679092000,64.0,1,63.9,37,64.0,1,1,2022-04-19 09:04:49
1650359090650003000,64.0,1,63.9,37,64.0,1,1,2022-04-19 09:04:50
1650359091534143000,63.9,1,63.9,36,64.0,1,2,2022-04-19 09:04:51
1650359091930134000,64.0,1,63.9,36,64.1,20,1,2022-04-19 09:04:51
1650359091973936000,64.0,1,63.9,36,64.1,20,2,2022-04-19 09:04:51
1650359093160219000,64.0,1,63.9,36,64.1,20,2,2022-04-19 09:04:53
1650359093160393000,63.9,30,63.9,6,64.1,20,2,2022-04-19 09:04:53
1650359093702799000,64.0,2,63.9,6,64.1,23,2,2022-04-19 09:04:53
1650359093979427000,63.9,1,63.9,5,64.1,23,2,2022-04-19 09:04:53
1650359094674442000,64.0,1,63.9,5,64.1,20,2,2022-04-19 09:04:54
1650359097119045000,64.0,1,63.9,5,64.1,20,2,2022-04-19 09:04:57
1650359097150487000,63.9,2,63.9,3,64.1,20,2,2022-04-19 09:04:57
1650359099065798000,63.9,2,63.9,1,64.0,2,2,2022-04-19 09:04:59
1650359099094827000,63.9,1,63.8,61,64.0,2,2,2022-04-19 09:04:59
1650359101524483000,63.9,1,63.8,61,63.9,2,1,2022-04-19 09:05:01
1650359101614316000,63.8,8,63.8,53,63.9,2,2,2022-04-19 09:05:01
1650359102963792000,63.9,1,63.8,53,63.9,1,1,2022-04-19 09:05:02
1650359104011668000,63.8,2,63.8,52,63.9,1,2,2022-04-19 09:05:04
1650359105220306000,63.8,12,63.8,40,63.9,2,2,2022-04-19 09:05:05
1650359105254683000,63.8,40,63.7,44,63.9,2,2,2022-04-19 09:05:05
1650359107215386000,63.8,2,63.7,44,63.8,48,1,2022-04-19 09:05:07
1650359109384603000,63.7,3,63.7,41,63.8,48,2,2022-04-19 09:05:09
1650359109474778000,63.7,1,63.7,40,63.8,48,2,2022-04-19 09:05:09
1650359109697464000,63.7,10,63.7,29,63.8,48,2,2022-04-19 09:05:09
1650359109983575000,63.7,1,63.7,28,63.8,48,2,2022-04-19 09:05:09
1650359110324989000,63.7,2,63.7,26,63.8,48,2,2022-04-19 09:05:10
1650359110351361000,63.7,26,63.6,15,63.8,48,2,2022-04-19 09:05:10
1650359112073823000,63.6,10,63.6,5,63.7,2,2,2022-04-19 09:05:12
1650359112342054000,63.6,3,63.6,2,63.7,2,2,2022-04-19 09:05:12
1650359112409927000,63.6,1,63.6,1,63.7,2,2,2022-04-19 09:05:12
1650359113463831000,63.7,1,63.6,1,63.7,1,1,2022-04-19 09:05:13
1650359114081914000,63.6,1,63.5,72,63.7,1,2,2022-04-19 09:05:14
1650359115096232000,63.5,1,63.5,70,63.7,1,2,2022-04-19 09:05:15
1650359115480614000,63.5,1,63.5,69,63.7,1,2,2022-04-19 09:05:15
1650359115608588000,63.5,48,63.5,21,63.7,2,2,2022-04-19 09:05:15
1650359115641164000,63.5,21,63.4,1,63.7,5,2,2022-04-19 09:05:15
1650359115922938000,63.4,1,63.3,12,63.4,2,2,2022-04-19 09:05:15
1650359115946784000,63.4,2,63.3,12,63.7,5,1,2022-04-19 09:05:15
1650359116027543000,63.4,1,63.4,1,63.6,2,2,2022-04-19 09:05:16
1650359116283063000,63.6,2,63.6,3,63.7,5,1,2022-04-19 09:05:16
1650359117211934000,63.6,1,63.6,2,63.7,5,2,2022-04-19 09:05:17
1650359117247366000,63.6,2,63.4,1,63.7,5,2,2022-04-19 09:05:17
1650359117348569000,63.4,1,63.3,3,63.7,5,2,2022-04-19 09:05:17
1650359117348569000,63.3,3,63.3,3,63.7,5,2,2022-04-19 09:05:17
1650359119874587000,63.6,1,63.3,3,63.7,6,1,2022-04-19 09:05:19
1650359121855847000,63.5,2,63.3,4,63.6,5,1,2022-04-19 09:05:21
1650359121855847000,63.6,3,63.3,4,63.6,5,1,2022-04-19 09:05:21
1650359123067232000,63.3,2,63.3,2,63.6,7,2,2022-04-19 09:05:23
1650359123669147000,63.3,1,63.3,1,63.6,8,2,2022-04-19 09:05:23
1650359125078668000,63.6,2,63.4,5,63.6,6,1,2022-04-19 09:05:25
1650359125657490000,63.4,1,63.4,4,63.6,6,2,2022-04-19 09:05:25
1650359126866143000,63.4,1,63.4,3,63.5,1,2,2022-04-19 09:05:26
1650359126958367000,63.5,1,63.4,3,63.6,11,1,2022-04-19 09:05:26
1650359127690484000,63.4,2,63.4,1,63.6,13,2,2022-04-19 09:05:27
1650359129868943000,63.6,2,63.4,1,63.6,11,1,2022-04-19 09:05:29
1650359131823005000,63.4,1,63.4,1,63.5,1,2,2022-04-19 09:05:31
1650359132521676000,63.4,1,63.3,11,63.5,1,2,2022-04-19 09:05:32
1650359132934512000,63.5,1,63.3,12,63.6,10,1,2022-04-19 09:05:32
1650359133232907000,63.3,1,63.3,11,63.5,5,2,2022-04-19 09:05:33
1650359136753026000,63.3,10,63.3,4,63.5,9,2,2022-04-19 09:05:36
1650359137406586000,63.4,1,63.3,6,63.5,9,2,2022-04-19 09:05:37
1650359139895618000,63.4,1,63.3,11,63.5,12,2,2022-04-19 09:05:39
1650359140615952000,63.4,2,63.3,12,63.4,3,2,2022-04-19 09:05:40
1650359140649541000,63.4,3,63.3,12,63.5,12,1,2022-04-19 09:05:40
1650359141712893000,63.4,1,63.4,2,63.5,12,2,2022-04-19 09:05:41
1650359142033502000,63.4,2,63.3,12,63.5,12,2,2022-04-19 09:05:42
1650359142100515000,63.3,2,63.3,10,63.5,12,2,2022-04-19 09:05:42
1650359142557911000,63.5,1,63.3,10,63.5,11,1,2022-04-19 09:05:42
1650359142588445000,63.5,1,63.3,10,63.5,10,1,2022-04-19 09:05:42
1650359142629401000,63.4,1,63.3,10,63.5,10,1,2022-04-19 09:05:42
1650359142975045000,63.4,1,63.3,11,63.5,10,1,2022-04-19 09:05:42
1650359143879818000,63.4,1,63.3,12,63.5,11,2,2022-04-19 09:05:43
1650359144406231000,63.4,1,63.3,12,63.5,11,1,2022-04-19 09:05:44
1650359144720063000,63.3,1,63.3,11,63.5,11,2,2022-04-19 09:05:44
1650359146610965000,63.3,10,63.3,13,63.5,11,2,2022-04-19 09:05:46
1650359146636232000,63.3,1,63.3,12,63.5,11,2,2022-04-19 09:05:46
1650359146778922000,63.5,2,63.3,12,63.5,9,1,2022-04-19 09:05:46
1650359146941181000,63.4,1,63.3,12,63.5,9,1,2022-04-19 09:05:46
1650359147336591000,63.5,3,63.3,12,63.5,6,1,2022-04-19 09:05:47
1650359147370205000,63.5,4,63.3,12,63.5,2,1,2022-04-19 09:05:47
1650359147493868000,63.5,2,63.3,13,63.6,11,1,2022-04-19 09:05:47
1650359148110393000,63.4,1,63.3,14,63.6,11,1,2022-04-19 09:05:48
1650359148243083000,63.4,1,63.3,14,63.6,11,1,2022-04-19 09:05:48
1650359148879759000,63.3,1,63.3,17,63.6,11,2,2022-04-19 09:05:48
1650359149282849000,63.3,1,63.3,16,63.5,1,2,2022-04-19 09:05:49
1650359150267945000,63.4,1,63.3,25,63.5,1,1,2022-04-19 09:05:50
1650359150455785000,63.4,1,63.3,25,63.5,2,1,2022-04-19 09:05:50
1650359150920156000,63.3,3,63.3,22,63.5,2,2,2022-04-19 09:05:50
1650359151050764000,63.5,2,63.4,1,63.6,10,1,2022-04-19 09:05:51
1650359151953397000,63.5,1,63.4,2,63.5,4,1,2022-04-19 09:05:51
1650359152886085000,63.5,1,63.4,2,63.5,3,1,2022-04-19 09:05:52
1650359154200096000,63.5,3,63.4,3,63.6,11,1,2022-04-19 09:05:54
1650359155134457000,63.5,2,63.4,2,63.6,11,2,2022-04-19 09:05:55
1650359155134457000,63.4,1,63.4,2,63.6,11,2,2022-04-19 09:05:55
1650359155350749000,63.4,1,63.4,1,63.6,11,2,2022-04-19 09:05:55
1650359156250733000,63.5,1,63.4,6,63.5,19,2,2022-04-19 09:05:56
1650359156468357000,63.5,4,63.4,6,63.5,16,1,2022-04-19 09:05:56
1650359156726754000,63.5,1,63.4,6,63.5,15,1,2022-04-19 09:05:56
1650359157076052000,63.5,1,63.4,6,63.5,14,1,2022-04-19 09:05:57
1650359158896680000,63.5,1,63.4,7,63.5,19,1,2022-04-19 09:05:58
1650359158944386000,63.4,3,63.4,4,63.5,19,2,2022-04-19 09:05:58
1650359159820283000,63.4,4,63.3,32,63.5,19,2,2022-04-19 09:05:59
1650359162075249000,63.4,1,63.4,1,63.5,22,2,2022-04-19 09:06:02
1650359162121841000,63.4,1,63.3,32,63.5,22,2,2022-04-19 09:06:02
1650359162621853000,63.5,1,63.3,32,63.5,21,1,2022-04-19 09:06:02
1650359163950976000,63.4,1,63.4,1,63.5,21,2,2022-04-19 09:06:03
1650359164007696000,63.4,1,63.3,29,63.5,21,2,2022-04-19 09:06:04
1650359164007696000,63.3,4,63.3,29,63.5,21,2,2022-04-19 09:06:04
1650359167078461000,63.5,23,63.4,8,63.6,12,1,2022-04-19 09:06:07
1650359168200637000,63.4,1,63.4,7,63.6,12,2,2022-04-19 09:06:08
1650359168513156000,63.4,2,63.4,5,63.5,3,2,2022-04-19 09:06:08
1650359171112595000,63.4,4,63.4,1,63.5,4,2,2022-04-19 09:06:11
1650359171702397000,63.4,1,63.3,33,63.5,4,2,2022-04-19 09:06:11
1650359172611943000,63.5,1,63.4,1,63.5,3,1,2022-04-19 09:06:12
1650359172627235000,63.5,3,63.4,1,63.6,13,1,2022-04-19 09:06:12
1650359173408772000,63.6,1,63.4,1,63.6,13,1,2022-04-19 09:06:13
1650359178470464000,63.5,1,63.5,1,63.6,12,2,2022-04-19 09:06:18
1650359180750605000,63.6,2,63.5,1,63.6,11,1,2022-04-19 09:06:20
1650359183281040000,63.5,1,63.5,1,63.6,11,2,2022-04-19 09:06:23
1650359183792601000,63.6,10,63.5,4,63.6,1,1,2022-04-19 09:06:23
1650359183822266000,63.6,1,63.5,4,63.7,5,1,2022-04-19 09:06:23
1650359184749005000,63.7,1,63.5,4,63.7,4,1,2022-04-19 09:06:24
1650359184844749000,63.7,1,63.5,4,63.7,3,1,2022-04-19 09:06:24
1650359185471385000,63.6,1,63.6,1,63.7,1,2,2022-04-19 09:06:25
1650359186194234000,63.6,1,63.6,1,63.7,1,2,2022-04-19 09:06:26
1650359187884803000,63.7,1,63.6,3,63.8,19,1,2022-04-19 09:06:27
1650359187928422000,63.6,3,63.5,10,63.6,7,2,2022-04-19 09:06:27
1650359187952618000,63.6,7,63.5,10,63.8,19,1,2022-04-19 09:06:27
1650359191687639000,63.5,1,63.5,9,63.8,19,2,2022-04-19 09:06:31
1650359191752448000,63.5,2,63.5,8,63.6,5,2,2022-04-19 09:06:31
1650359192465857000,63.6,5,63.6,5,63.8,21,1,2022-04-19 09:06:32
1650359192989574000,63.6,1,63.6,4,63.8,21,2,2022-04-19 09:06:32
1650359193396762000,63.8,4,63.6,4,63.8,17,1,2022-04-19 09:06:33
1650359197833959000,63.6,1,63.6,7,63.7,2,2,2022-04-19 09:06:37
1650359198248937000,63.6,3,63.6,4,63.7,2,2,2022-04-19 09:06:38
1650359198498367000,63.6,2,63.6,2,63.7,2,2,2022-04-19 09:06:38
1650359200324686000,63.7,2,63.6,12,63.7,1,1,2022-04-19 09:06:40
1650359200571739000,63.7,1,63.6,12,63.8,17,1,2022-04-19 09:06:40
1650359203469749000,63.7,1,63.6,21,63.8,13,1,2022-04-19 09:06:43
1650359203469749000,63.8,4,63.6,21,63.8,13,1,2022-04-19 09:06:43
1650359206265754000,63.8,5,63.7,8,63.8,6,1,2022-04-19 09:06:46
1650359206455679000,63.7,1,63.7,7,63.8,6,2,2022-04-19 09:06:46
1650359206910993000,63.8,1,63.7,7,63.8,6,1,2022-04-19 09:06:46
1650359208149526000,63.8,6,63.7,20,63.9,7,1,2022-04-19 09:06:48
1650359213295201000,63.8,1,63.8,5,63.9,8,2,2022-04-19 09:06:53
1650359214449482000,63.9,1,63.8,6,63.9,7,1,2022-04-19 09:06:54
1650359215233621000,63.8,1,63.8,6,63.9,7,2,2022-04-19 09:06:55
1650359217134076000,63.9,2,63.8,10,63.9,5,1,2022-04-19 09:06:57
1650359219204244000,63.9,7,63.9,3,64.0,21,1,2022-04-19 09:06:59
1650359219354494000,64.0,1,63.9,3,64.0,20,1,2022-04-19 09:06:59
1650359219652321000,64.0,2,63.9,3,64.0,18,1,2022-04-19 09:06:59
1650359221858510000,64.0,1,63.9,4,64.0,17,1,2022-04-19 09:07:01
1650359222076212000,63.9,1,63.9,3,64.0,17,2,2022-04-19 09:07:02
1650359222428679000,63.9,3,63.8,16,64.0,17,2,2022-04-19 09:07:02
1650359222428679000,63.8,7,63.8,16,64.0,17,2,2022-04-19 09:07:02
1650359222640975000,63.9,1,63.8,16,64.0,17,1,2022-04-19 09:07:02
1650359222884867000,63.9,1,63.8,17,63.9,2,1,2022-04-19 09:07:02
1650359223186916000,63.9,1,63.8,17,63.9,1,1,2022-04-19 09:07:03
1650359225465734000,63.9,1,63.8,18,64.0,19,1,2022-04-19 09:07:05
1650359225465734000,64.0,1,63.8,18,64.0,19,1,2022-04-19 09:07:05
1650359226735657000,63.9,1,63.9,2,64.0,19,2,2022-04-19 09:07:06
1650359228411500000,64.0,1,63.9,2,64.0,19,1,2022-04-19 09:07:08
1650359229026988000,63.9,1,63.9,1,64.0,20,2,2022-04-19 09:07:09
1650359229350774000,63.9,1,63.8,21,64.0,19,2,2022-04-19 09:07:09
1650359229585334000,63.8,3,63.8,18,64.0,19,2,2022-04-19 09:07:09
1650359230170582000,64.0,2,63.8,18,64.0,17,1,2022-04-19 09:07:10
1650359231164814000,63.9,1,63.8,18,64.0,17,2,2022-04-19 09:07:11
1650359231408026000,63.9,1,63.8,18,64.0,17,2,2022-04-19 09:07:11
1650359231777038000,63.9,1,63.8,18,64.0,17,2,2022-04-19 09:07:11
1650359232291064000,63.9,1,63.8,10,64.0,7,1,2022-04-19 09:07:12
1650359232291064000,64.0,10,63.8,10,64.0,7,1,2022-04-19 09:07:12
1650359232676474000,64.0,1,63.8,10,64.0,6,1,2022-04-19 09:07:12
1650359235939671000,63.9,1,63.8,10,64.0,2,1,2022-04-19 09:07:15
1650359235939671000,64.0,4,63.8,10,64.0,2,1,2022-04-19 09:07:15
1650359238996827000,63.8,1,63.8,11,64.0,3,2,2022-04-19 09:07:18
1650359239857556000,64.0,2,63.9,3,64.0,1,1,2022-04-19 09:07:19
1650359240020817000,64.0,1,64.0,9,64.1,11,1,2022-04-19 09:07:20
1650359243273904000,64.1,1,64.0,9,64.1,10,1,2022-04-19 09:07:23
1650359244523545000,64.1,1,64.0,10,64.1,10,1,2022-04-19 09:07:24
1650359247373267000,64.0,5,64.0,6,64.1,10,2,2022-04-19 09:07:27
1650359248287489000,64.1,1,64.0,6,64.1,9,1,2022-04-19 09:07:28
1650359250437096000,64.0,4,64.0,3,64.1,12,2,2022-04-19 09:07:30
1650359250586723000,64.1,5,64.0,3,64.1,7,1,2022-04-19 09:07:30
1650359251598385000,64.0,3,63.9,6,64.1,9,2,2022-04-19 09:07:31
1650359251637300000,64.1,9,64.1,1,64.2,17,1,2022-04-19 09:07:31
1650359251668043000,64.1,1,63.9,6,64.2,17,2,2022-04-19 09:07:31
1650359253075866000,63.9,1,63.9,5,64.2,17,2,2022-04-19 09:07:33
1650359255228501000,64.2,1,63.9,5,64.2,17,1,2022-04-19 09:07:35
1650359255301019000,64.2,1,63.9,5,64.2,17,1,2022-04-19 09:07:35
1650359255306603000,64.2,2,63.9,5,64.2,15,1,2022-04-19 09:07:35
1650359255310936000,64.2,1,63.9,5,64.2,14,1,2022-04-19 09:07:35
1650359257998911000,64.1,1,64.0,4,64.2,14,2,2022-04-19 09:07:37
1650359259566072000,64.1,3,64.0,6,64.4,17,1,2022-04-19 09:07:39
1650359259566072000,64.2,13,64.0,6,64.4,17,1,2022-04-19 09:07:39
1650359259566072000,64.3,14,64.0,6,64.4,17,1,2022-04-19 09:07:39
1650359262179039000,64.2,1,64.0,6,64.4,16,1,2022-04-19 09:07:42
1650359264284903000,64.1,1,64.1,1,64.4,18,2,2022-04-19 09:07:44
1650359264322284000,64.1,1,64.0,7,64.4,17,2,2022-04-19 09:07:44
1650359264841084000,64.3,1,64.1,2,64.4,17,1,2022-04-19 09:07:44
1650359265084577000,64.1,1,64.1,1,64.4,18,2,2022-04-19 09:07:45
1650359265382525000,64.4,17,64.4,3,64.5,83,1,2022-04-19 09:07:45
1650359265412322000,64.4,2,64.4,1,64.5,83,2,2022-04-19 09:07:45
1650359265412594000,64.4,1,64.1,2,64.5,84,2,2022-04-19 09:07:45
1650359265861519000,64.5,1,64.1,2,64.5,83,1,2022-04-19 09:07:45
1650359265916444000,64.5,2,64.2,1,64.5,81,1,2022-04-19 09:07:45
1650359265989489000,64.5,1,64.2,1,64.5,80,1,2022-04-19 09:07:45
1650359266542536000,64.5,20,64.2,1,64.5,60,1,2022-04-19 09:07:46
1650359266697394000,64.3,1,64.1,2,64.5,55,1,2022-04-19 09:07:46
1650359266697394000,64.5,5,64.1,2,64.5,55,1,2022-04-19 09:07:46
1650359267294611000,64.5,1,64.2,1,64.5,54,1,2022-04-19 09:07:47
1650359267749575000,64.5,3,64.2,1,64.5,51,1,2022-04-19 09:07:47
1650359268732637000,64.5,1,64.2,2,64.5,50,1,2022-04-19 09:07:48
1650359270410524000,64.2,1,64.1,2,64.5,4,2,2022-04-19 09:07:50
1650359270554175000,64.4,1,64.1,3,64.5,4,2,2022-04-19 09:07:50
1650359274346873000,64.5,1,64.1,5,64.5,3,1,2022-04-19 09:07:54
1650359274380309000,64.2,1,64.1,5,64.2,2,1,2022-04-19 09:07:54
1650359274390487000,64.2,2,64.1,5,64.5,3,1,2022-04-19 09:07:54
1650359274435562000,64.1,1,64.1,4,64.4,1,2,2022-04-19 09:07:54
1650359274927939000,64.4,1,64.5,8,64.6,64,1,2022-04-19 09:07:54
1650359274927939000,64.5,3,64.5,8,64.6,64,1,2022-04-19 09:07:54
1650359274956815000,64.5,2,64.5,6,64.6,64,2,2022-04-19 09:07:54
1650359274958597000,64.5,6,64.1,5,64.6,65,2,2022-04-19 09:07:54
1650359275060148000,64.1,1,64.1,4,64.6,64,2,2022-04-19 09:07:55
1650359277256128000,64.2,1,64.1,7,64.6,65,2,2022-04-19 09:07:57
1650359277330225000,64.6,1,64.1,7,64.6,64,1,2022-04-19 09:07:57
1650359277372949000,64.6,1,64.2,1,64.6,63,1,2022-04-19 09:07:57
1650359277430781000,64.6,1,64.2,1,64.6,62,1,2022-04-19 09:07:57
1650359278732698000,64.5,1,64.3,1,64.6,63,1,2022-04-19 09:07:58
1650359282333107000,64.5,3,64.3,1,64.5,1,1,2022-04-19 09:08:02
1650359283836669000,64.3,1,64.1,13,64.5,1,2,2022-04-19 09:08:03
1650359284522987000,64.5,1,64.2,10,64.6,70,1,2022-04-19 09:08:04
1650359285369354000,64.5,1,64.2,10,64.6,70,1,2022-04-19 09:08:05
1650359285430744000,64.5,6,64.2,10,64.6,70,2,2022-04-19 09:08:05
1650359285823683000,64.5,1,64.2,10,64.5,3,1,2022-04-19 09:08:05
1650359286021343000,64.2,1,64.2,9,64.5,4,2,2022-04-19 09:08:06
1650359286721809000,64.2,5,64.2,8,64.5,17,2,2022-04-19 09:08:06
1650359287296394000,64.2,1,64.2,7,64.5,17,2,2022-04-19 09:08:07
1650359287514646000,64.5,5,64.2,7,64.5,22,1,2022-04-19 09:08:07
1650359288480363000,64.5,1,64.2,7,64.5,21,1,2022-04-19 09:08:08
1650359288597385000,64.5,1,64.2,7,64.5,20,1,2022-04-19 09:08:08
1650359289965519000,64.5,2,64.2,7,64.5,20,1,2022-04-19 09:08:09
1650359290070420000,64.2,2,64.2,5,64.5,20,2,2022-04-19 09:08:10
1650359291592970000,64.5,1,64.2,6,64.5,19,1,2022-04-19 09:08:11
1650359294211900000,64.5,1,64.2,7,64.5,21,1,2022-04-19 09:08:14
1650359294703599000,64.2,2,64.2,5,64.5,21,2,2022-04-19 09:08:14
1650359296089842000,64.4,1,64.2,5,64.5,9,1,2022-04-19 09:08:16
1650359296089842000,64.5,14,64.2,5,64.5,9,1,2022-04-19 09:08:16
1650359298572557000,64.5,1,64.2,9,64.5,21,1,2022-04-19 09:08:18
1650359299670474000,64.2,1,64.2,8,64.5,22,2,2022-04-19 09:08:19
1650359299843841000,64.5,1,64.2,8,64.5,21,1,2022-04-19 09:08:19
1650359302690915000,64.5,3,64.2,9,64.5,23,1,2022-04-19 09:08:22
1650359306204489000,64.5,1,64.2,9,64.5,25,1,2022-04-19 09:08:26
1650359307384909000,64.5,3,64.2,9,64.5,24,1,2022-04-19 09:08:27
1650359308137801000,64.5,1,64.2,9,64.5,25,1,2022-04-19 09:08:28
1650359308615980000,64.5,2,64.2,9,64.5,23,1,2022-04-19 09:08:28
1650359311581590000,64.5,10,64.3,1,64.5,14,1,2022-04-19 09:08:31
1650359311731338000,64.5,4,64.3,1,64.5,10,1,2022-04-19 09:08:31
1650359311925098000,64.3,2,64.2,12,64.5,10,2,2022-04-19 09:08:31
1650359311925098000,64.2,1,64.2,12,64.5,10,2,2022-04-19 09:08:31
1650359313211644000,64.5,1,64.2,12,64.5,9,1,2022-04-19 09:08:33
1650359313963329000,64.5,1,64.2,13,64.5,8,1,2022-04-19 09:08:33
1650359315443319000,64.5,8,64.2,16,64.6,60,1,2022-04-19 09:08:35
1650359315443319000,64.6,12,64.2,16,64.6,60,1,2022-04-19 09:08:35
1650359315495725000,64.6,1,64.3,1,64.6,59,1,2022-04-19 09:08:35
1650359317315430000,64.6,5,64.3,2,64.6,54,1,2022-04-19 09:08:37
1650359318125257000,64.5,1,64.3,1,64.6,54,2,2022-04-19 09:08:38
1650359318370842000,64.3,1,64.3,1,64.6,54,2,2022-04-19 09:08:38
1650359318674573000,64.6,1,64.3,2,64.6,53,1,2022-04-19 09:08:38
1650359319590259000,64.5,1,64.3,2,64.6,53,1,2022-04-19 09:08:39
1650359321137655000,64.6,1,64.3,2,64.6,53,1,2022-04-19 09:08:41
1650359321924464000,64.6,2,64.3,2,64.6,51,1,2022-04-19 09:08:41
1650359322092368000,64.6,1,64.3,2,64.6,50,1,2022-04-19 09:08:42
1650359322281138000,64.6,5,64.3,4,64.6,45,1,2022-04-19 09:08:42
1650359323227286000,64.6,1,64.3,5,64.6,45,1,2022-04-19 09:08:43
1650359324470656000,64.5,1,64.3,5,64.5,1,1,2022-04-19 09:08:44
1650359328436167000,64.5,1,64.4,3,64.5,1,1,2022-04-19 09:08:48
1650359329175725000,64.5,1,64.4,3,64.6,63,1,2022-04-19 09:08:49
1650359329730562000,64.5,1,64.4,3,64.6,62,1,2022-04-19 09:08:49
1650359333351879000,64.5,1,64.4,5,64.5,2,1,2022-04-19 09:08:53
1650359335110004000,64.5,1,64.4,5,64.5,4,1,2022-04-19 09:08:55
1650359335156587000,64.5,4,64.4,5,64.6,58,1,2022-04-19 09:08:55
1650359335156587000,64.6,6,64.4,5,64.6,58,1,2022-04-19 09:08:55
1650359336357866000,64.5,1,64.4,5,64.6,58,1,2022-04-19 09:08:56
1650359336457088000,64.4,5,64.2,14,64.6,58,2,2022-04-19 09:08:56
1650359336457088000,64.3,8,64.2,14,64.6,58,2,2022-04-19 09:08:56
1650359336457088000,64.2,7,64.2,14,64.6,58,2,2022-04-19 09:08:56
1650359336632906000,64.5,1,64.2,14,64.6,58,2,2022-04-19 09:08:56
1650359337655450000,64.5,1,64.2,14,64.5,9,1,2022-04-19 09:08:57
1650359337764994000,64.5,1,64.2,14,64.5,8,1,2022-04-19 09:08:57
1650359340318547000,64.5,1,64.2,14,64.5,11,1,2022-04-19 09:09:00
1650359341175342000,64.5,1,64.2,14,64.5,10,1,2022-04-19 09:09:01
1650359342762055000,64.4,1,64.2,14,64.5,10,1,2022-04-19 09:09:02
1650359343838703000,64.5,1,64.2,14,64.5,11,1,2022-04-19 09:09:03
1650359347687905000,64.2,2,64.2,12,64.4,10,2,2022-04-19 09:09:07
1650359347713165000,64.2,12,64.1,14,64.4,10,2,2022-04-19 09:09:07
1650359348651967000,64.4,10,64.2,4,64.5,14,1,2022-04-19 09:09:08
1650359348651967000,64.5,5,64.2,4,64.5,14,1,2022-04-19 09:09:08
1650359350436374000,64.5,5,64.3,1,64.5,12,1,2022-04-19 09:09:10
1650359350644393000,64.5,2,64.3,1,64.5,10,1,2022-04-19 09:09:10
1650359351568460000,64.3,1,64.2,4,64.5,11,2,2022-04-19 09:09:11
1650359351696824000,64.4,1,64.2,5,64.5,11,2,2022-04-19 09:09:11
1650359353142254000,64.5,2,64.2,5,64.5,9,1,2022-04-19 09:09:13
1650359354164415000,64.2,1,64.2,4,64.5,12,2,2022-04-19 09:09:14
1650359355047528000,64.4,1,64.2,4,64.5,12,2,2022-04-19 09:09:15
1650359357053168000,64.2,2,64.2,12,64.3,1,2,2022-04-19 09:09:17
1650359357084307000,64.2,1,64.2,11,64.3,1,2,2022-04-19 09:09:17
1650359357084331000,64.2,11,64.1,10,64.3,1,2,2022-04-19 09:09:17
1650359366995589000,64.2,1,64.2,1,64.3,2,1,2022-04-19 09:09:26
1650359374564914000,64.2,2,64.2,2,64.3,2,2,2022-04-19 09:09:34
1650359375251330000,64.3,2,64.2,2,64.4,3,1,2022-04-19 09:09:35
1650359375251330000,64.4,3,64.2,2,64.4,3,1,2022-04-19 09:09:35
1650359375331238000,64.3,1,64.2,2,64.4,3,2,2022-04-19 09:09:35
1650359375500170000,64.2,1,64.2,1,64.4,3,2,2022-04-19 09:09:35
1650359377698997000,64.2,1,64.1,12,64.2,1,2,2022-04-19 09:09:37
1650359378887115000,64.2,1,64.2,4,64.4,3,1,2022-04-19 09:09:38
1650359382136296000,64.4,3,64.2,7,64.5,25,1,2022-04-19 09:09:42
1650359382136296000,64.5,3,64.2,7,64.5,25,1,2022-04-19 09:09:42
1650359382928016000,64.4,1,64.2,8,64.5,25,1,2022-04-19 09:09:42
1650359391096148000,64.3,2,64.2,13,64.4,1,2,2022-04-19 09:09:51
1650359392067205000,64.4,1,64.4,1,64.5,30,1,2022-04-19 09:09:52
1650359392098016000,64.4,1,64.2,13,64.5,30,2,2022-04-19 09:09:52
1650359392205993000,64.2,2,64.2,11,64.5,30,2,2022-04-19 09:09:52
1650359393358047000,64.5,1,64.2,11,64.5,29,1,2022-04-19 09:09:53
1650359396497937000,64.2,3,64.2,8,64.4,2,2,2022-04-19 09:09:56
1650359399697017000,64.2,1,64.2,7,64.4,2,2,2022-04-19 09:09:59
1650359403885894000,64.2,4,64.2,25,64.4,3,2,2022-04-19 09:10:03
1650359405771073000,64.4,5,64.2,25,64.4,3,1,2022-04-19 09:10:05
1650359410233776000,64.3,1,64.2,27,64.4,3,2,2022-04-19 09:10:10
1650359415900932000,64.4,1,64.3,18,64.4,3,1,2022-04-19 09:10:15
1650359417189503000,64.3,1,64.3,17,64.4,3,2,2022-04-19 09:10:17
1650359419138729000,64.4,1,64.3,17,64.4,9,1,2022-04-19 09:10:19
1650359421197679000,64.3,1,64.3,19,64.4,9,2,2022-04-19 09:10:21
1650359422213786000,64.4,1,64.3,19,64.4,9,1,2022-04-19 09:10:22
1650359425526403000,64.4,1,64.3,21,64.4,8,1,2022-04-19 09:10:25
1650359428888916000,64.4,1,64.3,24,64.4,9,1,2022-04-19 09:10:28
1650359429091187000,64.4,1,64.3,24,64.4,8,1,2022-04-19 09:10:29
1650359432834827000,64.4,2,64.3,25,64.4,7,1,2022-04-19 09:10:32
1650359432895322000,64.4,1,64.3,25,64.4,6,1,2022-04-19 09:10:32
1650359433882591000,64.4,5,64.3,25,64.4,1,1,2022-04-19 09:10:33
1650359436475717000,64.4,1,64.3,25,64.5,47,1,2022-04-19 09:10:36
1650359438964171000,64.5,1,64.4,2,64.5,46,1,2022-04-19 09:10:38
1650359443063499000,64.4,1,64.4,1,64.5,46,2,2022-04-19 09:10:43
1650359444827242000,64.4,1,64.3,26,64.5,46,2,2022-04-19 09:10:44
1650359445518296000,64.4,2,64.3,25,64.4,3,2,2022-04-19 09:10:45
1650359448519100000,64.4,1,64.3,30,64.4,2,1,2022-04-19 09:10:48
1650359450197694000,64.4,2,64.3,30,64.5,56,1,2022-04-19 09:10:50
1650359450197694000,64.5,3,64.3,30,64.5,56,1,2022-04-19 09:10:50
1650359451220959000,64.3,1,64.3,29,64.5,56,2,2022-04-19 09:10:51
1650359451250763000,64.5,4,64.3,29,64.5,52,1,2022-04-19 09:10:51
1650359454201579000,64.4,1,64.3,29,64.4,9,1,2022-04-19 09:10:54
1650359454525302000,64.4,1,64.3,29,64.4,8,1,2022-04-19 09:10:54
1650359462298142000,64.4,2,64.3,29,64.4,24,1,2022-04-19 09:11:02
1650359466036263000,64.4,2,64.3,31,64.4,22,1,2022-04-19 09:11:06
1650359468551581000,64.4,3,64.3,31,64.4,21,1,2022-04-19 09:11:08
1650359470463574000,64.4,1,64.3,31,64.4,23,1,2022-04-19 09:11:10
1650359471187348000,64.4,1,64.3,32,64.4,22,1,2022-04-19 09:11:11
1650359476143069000,64.3,1,64.3,33,64.4,23,2,2022-04-19 09:11:16
1650359477450122000,64.4,2,64.3,33,64.4,21,1,2022-04-19 09:11:17
1650359478850486000,64.4,5,64.3,34,64.4,16,1,2022-04-19 09:11:18
1650359482122335000,64.4,1,64.3,34,64.4,16,1,2022-04-19 09:11:22
1650359482510973000,64.4,2,64.3,34,64.4,16,1,2022-04-19 09:11:22
1650359485948637000,64.4,3,64.3,34,64.4,13,1,2022-04-19 09:11:25
1650359486748551000,64.4,1,64.3,34,64.4,12,1,2022-04-19 09:11:26
1650359488207600000,64.4,1,64.3,34,64.4,11,1,2022-04-19 09:11:28
1650359489812023000,64.4,1,64.3,34,64.4,10,1,2022-04-19 09:11:29
1650359491514491000,64.4,10,64.3,34,64.5,60,1,2022-04-19 09:11:31
1650359493436082000,64.5,1,64.4,2,64.5,60,1,2022-04-19 09:11:33
1650359494223253000,64.4,1,64.4,1,64.5,60,2,2022-04-19 09:11:34
1650359497085467000,64.4,1,64.4,5,64.5,60,2,2022-04-19 09:11:37
1650359497126238000,64.4,5,64.3,34,64.5,60,2,2022-04-19 09:11:37
1650359497494578000,64.5,1,64.3,34,64.5,59,1,2022-04-19 09:11:37
1650359497525153000,64.5,1,64.3,34,64.5,58,1,2022-04-19 09:11:37
1650359497551382000,64.5,1,64.3,34,64.5,57,1,2022-04-19 09:11:37
1650359500950993000,64.4,1,64.3,34,64.5,57,1,2022-04-19 09:11:40
1650359501737639000,64.5,1,64.3,34,64.5,56,1,2022-04-19 09:11:41
1650359504649276000,64.5,1,64.4,22,64.5,55,1,2022-04-19 09:11:44
1650359510080912000,64.5,1,64.4,23,64.5,55,1,2022-04-19 09:11:50
1650359510107585000,64.5,1,64.4,23,64.5,54,1,2022-04-19 09:11:50
1650359510165507000,64.5,1,64.4,23,64.5,54,1,2022-04-19 09:11:50
1650359512077430000,64.4,2,64.4,23,64.5,56,2,2022-04-19 09:11:52
1650359514958679000,64.5,1,64.4,26,64.5,65,1,2022-04-19 09:11:54
1650359514983224000,64.5,1,64.4,26,64.5,64,1,2022-04-19 09:11:54
1650359515411675000,64.5,1,64.4,26,64.5,63,1,2022-04-19 09:11:55
1650359515441522000,64.5,1,64.4,26,64.5,62,1,2022-04-19 09:11:55
1650359516119485000,64.5,1,64.4,26,64.5,63,1,2022-04-19 09:11:56
1650359516290755000,64.4,12,64.4,14,64.5,63,2,2022-04-19 09:11:56
1650359518927292000,64.4,1,64.4,13,64.5,69,2,2022-04-19 09:11:58
1650359519140091000,64.5,1,64.4,13,64.5,68,1,2022-04-19 09:11:59
1650359519599874000,64.5,1,64.4,13,64.5,67,1,2022-04-19 09:11:59
1650359522157097000,64.5,1,64.4,13,64.5,66,1,2022-04-19 09:12:02
1650359524903185000,64.4,10,64.4,3,64.5,66,2,2022-04-19 09:12:04
1650359527229955000,64.4,2,64.4,1,64.5,66,2,2022-04-19 09:12:07
1650359527909061000,64.4,1,64.3,38,64.4,9,2,2022-04-19 09:12:07
1650359528290912000,64.4,1,64.3,38,64.4,8,1,2022-04-19 09:12:08
1650359528736430000,64.4,1,64.3,38,64.4,8,1,2022-04-19 09:12:08
1650359529114174000,64.4,1,64.3,38,64.4,7,1,2022-04-19 09:12:09
1650359530985448000,64.4,1,64.3,37,64.4,6,1,2022-04-19 09:12:10
1650359531527767000,64.3,2,64.3,35,64.4,6,2,2022-04-19 09:12:11
1650359531624018000,64.4,1,64.3,35,64.4,5,1,2022-04-19 09:12:11
1650359532018829000,64.4,1,64.3,35,64.4,4,1,2022-04-19 09:12:12
1650359532187118000,64.4,4,64.4,6,64.5,67,1,2022-04-19 09:12:12
1650359533083330000,64.5,1,64.4,6,64.5,66,1,2022-04-19 09:12:13
1650359534605110000,64.4,1,64.4,6,64.5,66,2,2022-04-19 09:12:14
1650359534871611000,64.5,1,64.4,6,64.5,66,1,2022-04-19 09:12:14
1650359539283531000,64.4,1,64.4,5,64.5,68,2,2022-04-19 09:12:19
1650359540996744000,64.5,1,64.4,6,64.5,67,1,2022-04-19 09:12:20
1650359542196852000,64.5,1,64.4,6,64.5,65,1,2022-04-19 09:12:22
1650359543799731000,64.5,3,64.4,6,64.5,62,1,2022-04-19 09:12:23
1650359545290176000,64.5,3,64.4,6,64.5,59,1,2022-04-19 09:12:25
1650359546181346000,64.5,1,64.4,7,64.5,58,1,2022-04-19 09:12:26
1650359549369360000,64.5,1,64.4,9,64.5,58,1,2022-04-19 09:12:29
1650359550220326000,64.4,1,64.4,8,64.5,58,2,2022-04-19 09:12:30
1650359551651542000,64.4,1,64.4,17,64.5,58,2,2022-04-19 09:12:31
1650359552484267000,64.4,17,64.3,2,64.5,58,2,2022-04-19 09:12:32
1650359552484267000,64.3,31,64.3,2,64.5,58,2,2022-04-19 09:12:32
1650359552545824000,64.3,1,64.3,1,64.5,58,2,2022-04-19 09:12:32
1650359554169980000,64.4,1,64.3,2,64.5,58,2,2022-04-19 09:12:34
1650359562347220000,64.4,2,64.3,4,64.5,61,1,2022-04-19 09:12:42
1650359562347220000,64.5,1,64.3,4,64.5,61,1,2022-04-19 09:12:42
1650359565060228000,64.5,1,64.4,2,64.5,61,1,2022-04-19 09:12:45
1650359566174945000,64.4,2,64.3,4,64.5,61,2,2022-04-19 09:12:46
1650359573333378000,64.4,2,64.3,4,64.5,80,2,2022-04-19 09:12:53
1650359575781543000,64.5,21,64.3,4,64.5,60,1,2022-04-19 09:12:55
1650359578859496000,64.4,1,64.3,4,64.4,8,1,2022-04-19 09:12:58
1650359579315369000,64.4,1,64.3,4,64.4,7,1,2022-04-19 09:12:59
1650359592624549000,64.4,1,64.3,5,64.4,10,1,2022-04-19 09:13:12
1650359594044921000,64.4,2,64.3,5,64.4,8,1,2022-04-19 09:13:14
1650359594263147000,64.3,3,64.3,2,64.4,8,2,2022-04-19 09:13:14
1650359598342904000,64.3,1,64.3,1,64.4,8,2,2022-04-19 09:13:18
1650359599950208000,64.4,1,64.3,1,64.4,7,1,2022-04-19 09:13:19
1650359610053718000,64.3,2,64.2,14,64.3,1,2,2022-04-19 09:13:30
1650359610839158000,64.3,1,64.2,14,64.4,8,1,2022-04-19 09:13:30
1650359610839158000,64.4,9,64.2,14,64.4,8,1,2022-04-19 09:13:30
1650359613198876000,64.2,5,64.2,8,64.3,2,2,2022-04-19 09:13:33
1650359615969280000,64.3,1,64.2,8,64.3,2,1,2022-04-19 09:13:35
1650359616652989000,64.2,1,64.2,7,64.3,2,2,2022-04-19 09:13:36
1650359619281949000,64.2,1,64.2,6,64.3,2,2,2022-04-19 09:13:39
1650359619299734000,64.2,2,64.2,4,64.3,2,2,2022-04-19 09:13:39
1650359622292103000,64.2,1,64.2,4,64.3,2,2,2022-04-19 09:13:42
1650359622568264000,64.3,2,64.2,4,64.4,10,1,2022-04-19 09:13:42
1650359622568264000,64.4,3,64.2,4,64.4,10,1,2022-04-19 09:13:42
1650359623218917000,64.4,2,64.2,4,64.4,8,1,2022-04-19 09:13:43
1650359626666510000,64.2,1,64.2,8,64.4,8,2,2022-04-19 09:13:46
1650359634032878000,64.4,1,64.3,10,64.4,7,1,2022-04-19 09:13:54
1650359643744410000,64.4,1,64.3,10,64.4,9,1,2022-04-19 09:14:03
1650359647033097000,64.3,1,64.3,14,64.4,9,2,2022-04-19 09:14:07
1650359647363997000,64.3,1,64.3,13,64.4,9,2,2022-04-19 09:14:07
1650359648368798000,64.3,10,64.3,3,64.4,9,2,2022-04-19 09:14:08
1650359657375421000,64.3,3,64.3,1,64.4,11,2,2022-04-19 09:14:17
1650359657407528000,64.3,1,64.2,16,64.4,11,2,2022-04-19 09:14:17
1650359658148171000,64.4,1,64.2,16,64.4,10,1,2022-04-19 09:14:18
1650359687229930000,64.4,1,64.3,6,64.4,21,1,2022-04-19 09:14:47
1650359688544290000,64.3,1,64.3,5,64.4,21,2,2022-04-19 09:14:48
1650359688685553000,64.4,1,64.3,5,64.4,20,1,2022-04-19 09:14:48
1650359692701185000,64.4,1,64.3,5,64.4,19,1,2022-04-19 09:14:52
1650359697290655000,64.4,2,64.3,5,64.4,17,1,2022-04-19 09:14:57
1650359697635905000,64.4,1,64.3,5,64.4,16,1,2022-04-19 09:14:57
1650359703797224000,64.4,1,64.3,11,64.4,18,1,2022-04-19 09:15:03
1650359710567048000,64.4,10,64.3,21,64.4,8,1,2022-04-19 09:15:10
1650359710599628000,64.4,2,64.3,21,64.4,6,1,2022-04-19 09:15:10
1650359714392159000,64.4,10,64.3,21,64.4,57,1,2022-04-19 09:15:14
1650359716513666000,64.4,1,64.3,21,64.4,56,1,2022-04-19 09:15:16
1650359717092708000,64.4,3,64.3,21,64.4,53,1,2022-04-19 09:15:17
1650359717594577000,64.4,5,64.3,16,64.4,48,1,2022-04-19 09:15:17
1650359724659684000,64.4,2,64.3,17,64.4,47,1,2022-04-19 09:15:24
1650359727116894000,64.4,51,64.4,13,64.5,85,1,2022-04-19 09:15:27
1650359736608635000,64.4,1,64.4,12,64.5,85,2,2022-04-19 09:15:36
1650359740314704000,64.4,5,64.4,13,64.5,85,2,2022-04-19 09:15:40
1650359741671072000,64.5,1,64.4,13,64.5,84,1,2022-04-19 09:15:41
1650359742017519000,64.4,1,64.4,12,64.5,84,2,2022-04-19 09:15:42
1650359747759266000,64.4,1,64.4,12,64.5,83,2,2022-04-19 09:15:47
1650359750682956000,64.4,3,64.4,5,64.5,83,2,2022-04-19 09:15:50
1650359751770837000,64.4,1,64.4,4,64.5,83,2,2022-04-19 09:15:51
1650359752979694000,64.4,3,64.4,1,64.5,83,2,2022-04-19 09:15:52
1650359753351340000,64.4,1,64.3,8,64.5,83,2,2022-04-19 09:15:53
1650359754707403000,64.4,1,64.3,8,64.4,1,1,2022-04-19 09:15:54
1650359759968198000,64.4,1,64.3,8,64.4,20,1,2022-04-19 09:15:59
1650359762241888000,64.4,1,64.3,8,64.4,21,1,2022-04-19 09:16:02
1650359762757967000,64.3,1,64.3,6,64.4,23,2,2022-04-19 09:16:02
1650359764126671000,64.4,1,64.3,6,64.4,22,1,2022-04-19 09:16:04
1650359765022273000,64.4,1,64.3,7,64.4,21,1,2022-04-19 09:16:05
1650359779025726000,64.3,9,64.2,20,64.3,1,2,2022-04-19 09:16:19
1650359783001155000,64.2,1,64.2,19,64.3,1,2,2022-04-19 09:16:23
1650359783293907000,64.3,1,64.2,19,64.4,26,1,2022-04-19 09:16:23
1650359784672364000,64.3,2,64.2,19,64.3,3,1,2022-04-19 09:16:24
1650359789258965000,64.3,1,64.2,19,64.3,2,1,2022-04-19 09:16:29
1650359792297635000,64.3,1,64.2,19,64.3,1,1,2022-04-19 09:16:32
1650359800937496000,64.3,1,64.2,18,64.3,4,1,2022-04-19 09:16:40
1650359802018905000,64.3,1,64.2,18,64.3,3,1,2022-04-19 09:16:42
1650359804190096000,64.3,4,64.2,18,64.4,30,1,2022-04-19 09:16:44
1650359804190096000,64.4,4,64.2,18,64.4,30,1,2022-04-19 09:16:44
1650359812739981000,64.4,3,64.3,1,64.4,28,1,2022-04-19 09:16:52
1650359830163040000,64.4,1,64.3,7,64.4,34,1,2022-04-19 09:17:10
1650359833051644000,64.4,1,64.3,7,64.4,34,1,2022-04-19 09:17:13
1650359835007591000,64.4,1,64.3,6,64.4,33,1,2022-04-19 09:17:15
1650359837148628000,64.3,4,64.3,2,64.4,33,2,2022-04-19 09:17:17
1650359837180922000,64.3,2,64.2,18,64.4,33,2,2022-04-19 09:17:17
1650359842846922000,64.2,9,64.2,9,64.3,3,2,2022-04-19 09:17:22
1650359858466741000,64.2,2,64.2,7,64.3,3,2,2022-04-19 09:17:38
1650359863143068000,64.2,2,64.2,9,64.3,3,2,2022-04-19 09:17:43
1650359865258638000,64.2,1,64.2,11,64.3,3,2,2022-04-19 09:17:45
1650359865420433000,64.2,1,64.2,10,64.3,3,2,2022-04-19 09:17:45
1650359869196286000,64.2,1,64.2,11,64.3,3,2,2022-04-19 09:17:49
1650359872055418000,64.3,3,64.2,12,64.4,84,1,2022-04-19 09:17:52
1650359872055418000,64.4,17,64.2,12,64.4,84,1,2022-04-19 09:17:52
1650359876928247000,64.4,5,64.2,12,64.4,81,1,2022-04-19 09:17:56
1650359880682094000,64.3,3,64.2,12,64.3,7,2,2022-04-19 09:18:00
1650359881266431000,64.2,1,64.2,11,64.3,7,2,2022-04-19 09:18:01
1650359883806130000,64.3,1,64.2,11,64.3,7,1,2022-04-19 09:18:03
1650359887346950000,64.2,2,64.2,14,64.3,7,2,2022-04-19 09:18:07
1650359888273871000,64.3,1,64.2,16,64.3,6,1,2022-04-19 09:18:08
1650359889430358000,64.3,2,64.2,16,64.3,5,1,2022-04-19 09:18:09
1650359893221183000,64.3,1,64.2,16,64.3,5,1,2022-04-19 09:18:13
1650359894529187000,64.2,4,64.2,12,64.3,5,2,2022-04-19 09:18:14
1650359907809056000,64.3,1,64.2,14,64.3,10,1,2022-04-19 09:18:27
1650359908879352000,64.2,8,64.2,6,64.3,10,2,2022-04-19 09:18:28
1650359911722570000,64.2,3,64.2,3,64.3,10,2,2022-04-19 09:18:31
1650359911756747000,64.2,2,64.2,1,64.3,10,2,2022-04-19 09:18:31
1650359912426286000,64.2,1,64.1,35,64.2,34,2,2022-04-19 09:18:32
1650359912825571000,64.1,1,64.1,34,64.2,36,2,2022-04-19 09:18:32
1650359913869060000,64.1,1,64.1,33,64.2,36,2,2022-04-19 09:18:33
1650359915890056000,64.1,4,64.1,28,64.2,37,2,2022-04-19 09:18:35
1650359918113122000,64.2,1,64.1,28,64.2,35,1,2022-04-19 09:18:38
1650359920814530000,64.1,1,64.1,27,64.2,35,2,2022-04-19 09:18:40
1650359921764157000,64.1,1,64.1,26,64.2,35,2,2022-04-19 09:18:41
1650359925291306000,64.1,10,64.1,16,64.2,35,2,2022-04-19 09:18:45
1650359926214771000,64.1,2,64.1,15,64.2,35,2,2022-04-19 09:18:46
1650359926413311000,64.1,5,64.1,10,64.2,35,2,2022-04-19 09:18:46
1650359926856540000,64.1,1,64.1,9,64.2,35,2,2022-04-19 09:18:46
1650359927487900000,64.1,5,64.1,4,64.2,35,2,2022-04-19 09:18:47
1650359928749211000,64.1,1,64.1,3,64.2,35,2,2022-04-19 09:18:48
1650359928789640000,64.1,1,64.1,2,64.2,35,2,2022-04-19 09:18:48
1650359930545848000,64.1,1,64.1,6,64.2,36,2,2022-04-19 09:18:50
1650359930658359000,64.1,1,64.1,5,64.2,35,2,2022-04-19 09:18:50
1650359933540643000,64.1,1,64.1,6,64.2,35,2,2022-04-19 09:18:53
1650359933658314000,64.1,1,64.1,5,64.2,35,2,2022-04-19 09:18:53
1650359934960724000,64.1,1,64.1,4,64.2,35,2,2022-04-19 09:18:54
1650359935458167000,64.1,1,64.1,3,64.2,35,2,2022-04-19 09:18:55
1650359935638875000,64.1,3,64.0,35,64.2,2,2,2022-04-19 09:18:55
1650359935638875000,64.0,30,64.0,35,64.2,2,2,2022-04-19 09:18:55
1650359938056438000,64.0,3,64.0,32,64.1,1,2,2022-04-19 09:18:58
1650359938676715000,64.0,10,64.0,22,64.1,1,2,2022-04-19 09:18:58
1650359939000699000,64.0,4,64.0,18,64.1,1,2,2022-04-19 09:18:59
1650359939079222000,64.0,2,64.0,16,64.1,1,2,2022-04-19 09:18:59
1650359939680184000,64.0,1,64.0,15,64.1,1,2,2022-04-19 09:18:59
1650359942099144000,64.0,1,64.0,15,64.1,1,2,2022-04-19 09:19:02
1650359942904445000,64.0,10,64.0,5,64.1,1,2,2022-04-19 09:19:02
1650359945041806000,64.0,1,64.0,5,64.2,3,2,2022-04-19 09:19:05
1650359945224351000,64.0,1,64.0,4,64.2,3,2,2022-04-19 09:19:05
1650359945770712000,64.0,1,64.0,3,64.2,3,2,2022-04-19 09:19:05
1650359946106695000,64.0,1,64.0,2,64.2,3,2,2022-04-19 09:19:06
1650359946137861000,64.0,2,63.9,29,64.2,3,2,2022-04-19 09:19:06
1650359950982516000,63.9,1,63.9,28,64.0,19,2,2022-04-19 09:19:10
1650359951162632000,64.0,1,63.9,28,64.0,18,1,2022-04-19 09:19:11
1650359954831033000,63.9,5,63.9,23,64.0,18,2,2022-04-19 09:19:14
1650359955003098000,64.0,1,63.9,23,64.0,17,1,2022-04-19 09:19:15
1650359955990550000,63.9,1,63.9,22,64.0,17,2,2022-04-19 09:19:15
1650359959185517000,64.0,1,63.9,23,64.0,24,1,2022-04-19 09:19:19
1650359961463331000,64.0,2,63.9,23,64.0,27,1,2022-04-19 09:19:21
1650359961492366000,64.0,27,63.9,23,64.2,10,1,2022-04-19 09:19:21
1650359962095905000,63.9,1,63.9,22,64.2,10,2,2022-04-19 09:19:22
1650359962686491000,63.9,5,63.9,17,64.2,10,2,2022-04-19 09:19:22
1650359964332608000,63.9,4,63.9,13,64.2,10,2,2022-04-19 09:19:24
1650359964359423000,63.9,5,63.9,8,64.2,10,2,2022-04-19 09:19:24
1650359971573225000,63.9,8,63.8,37,63.9,2,2,2022-04-19 09:19:31
1650359971597571000,63.9,2,63.8,37,64.1,2,1,2022-04-19 09:19:31
1650359981502726000,64.0,1,63.9,4,64.1,2,1,2022-04-19 09:19:41
1650359981537131000,64.1,2,63.9,4,64.2,8,1,2022-04-19 09:19:41
1650360004684256000,64.0,1,64.0,1,64.1,1,2,2022-04-19 09:20:04
1650360004715285000,64.0,1,63.9,4,64.1,1,2,2022-04-19 09:20:04
1650360006003684000,64.0,1,63.9,4,64.1,1,1,2022-04-19 09:20:06
1650360009006232000,64.0,1,63.9,4,64.1,3,2,2022-04-19 09:20:09
1650360015445381000,64.0,1,63.9,4,64.1,3,2,2022-04-19 09:20:15
1650360023811943000,64.0,1,63.9,5,64.0,1,2,2022-04-19 09:20:23
1650360023840821000,64.0,1,63.9,5,64.1,3,1,2022-04-19 09:20:23
1650360025087565000,64.0,1,63.9,5,64.1,3,2,2022-04-19 09:20:25
1650360025666795000,64.0,1,64.0,1,64.1,3,2,2022-04-19 09:20:25
1650360029686659000,64.0,2,64.0,1,64.1,4,2,2022-04-19 09:20:29
1650360034278000000,64.0,1,63.9,5,64.1,4,2,2022-04-19 09:20:34
1650360040556601000,64.0,1,63.9,5,64.1,5,2,2022-04-19 09:20:40
1650360055304813000,63.9,1,63.9,4,64.0,5,2,2022-04-19 09:20:55
1650360064612097000,63.9,1,63.9,3,64.0,6,2,2022-04-19 09:21:04
1650360066640219000,63.9,1,63.9,2,64.0,7,2,2022-04-19 09:21:06
1650360068237384000,63.9,2,63.8,29,64.0,8,2,2022-04-19 09:21:08
1650360070663602000,63.9,1,63.8,29,64.0,8,2,2022-04-19 09:21:10
1650360070914297000,63.8,1,63.8,28,64.0,8,2,2022-04-19 09:21:10
1650360071036012000,63.8,1,63.8,27,64.0,7,2,2022-04-19 09:21:11
1650360073383227000,63.8,3,63.8,24,64.0,7,2,2022-04-19 09:21:13
1650360076839004000,63.8,1,63.8,23,64.0,6,2,2022-04-19 09:21:16
1650360078689044000,63.8,1,63.8,22,64.0,6,2,2022-04-19 09:21:18
1650360083367919000,63.8,1,63.8,21,63.9,1,2,2022-04-19 09:21:23
1650360089046623000,63.9,1,63.8,20,64.0,5,1,2022-04-19 09:21:29
1650360099023293000,63.9,1,63.8,20,63.9,1,1,2022-04-19 09:21:39
1650360099042764000,63.9,1,63.8,20,64.0,6,1,2022-04-19 09:21:39
1650360102172612000,63.9,1,63.8,17,64.0,6,2,2022-04-19 09:21:42
1650360102172612000,63.8,3,63.8,17,64.0,6,2,2022-04-19 09:21:42
1650360108476847000,63.9,1,63.8,18,64.0,6,2,2022-04-19 09:21:48
1650360112288574000,63.8,1,63.8,17,64.0,6,2,2022-04-19 09:21:52
1650360112825775000,63.8,1,63.8,16,64.0,6,2,2022-04-19 09:21:52
1650360120030345000,63.9,1,63.8,18,64.0,8,2,2022-04-19 09:22:00
1650360120034909000,63.8,1,63.8,17,64.0,8,2,2022-04-19 09:22:00
1650360124462439000,63.9,2,63.8,19,64.0,7,1,2022-04-19 09:22:04
1650360133320702000,63.8,1,63.8,17,63.9,2,2,2022-04-19 09:22:13
1650360136120289000,63.8,5,63.8,12,63.9,2,2,2022-04-19 09:22:16
1650360136675403000,63.9,1,63.8,12,63.9,1,1,2022-04-19 09:22:16
1650360150453209000,63.9,1,63.8,17,64.0,9,2,2022-04-19 09:22:30
1650360150905849000,63.9,1,63.8,17,63.9,1,2,2022-04-19 09:22:30
1650360158623978000,63.9,1,63.8,17,64.0,68,1,2022-04-19 09:22:38
1650360164035688000,63.9,1,63.8,17,63.9,1,1,2022-04-19 09:22:44
1650360168278322000,63.9,1,63.8,17,64.0,67,1,2022-04-19 09:22:48
1650360174477537000,63.9,1,63.8,19,63.9,9,2,2022-04-19 09:22:54
1650360175565444000,63.9,1,63.8,19,63.9,8,1,2022-04-19 09:22:55
1650360175582440000,63.9,8,63.8,19,64.0,68,1,2022-04-19 09:22:55
1650360179623212000,63.9,1,63.8,20,63.9,1,1,2022-04-19 09:22:59
1650360184072116000,63.9,1,63.8,24,63.9,1,1,2022-04-19 09:23:04
1650360184095856000,63.9,1,63.8,24,64.0,67,1,2022-04-19 09:23:04
1650360186289077000,63.9,1,63.8,24,63.9,1,2,2022-04-19 09:23:06
1650360190447620000,63.9,1,63.8,25,63.9,1,1,2022-04-19 09:23:10
1650360191303357000,63.9,1,63.8,25,64.0,69,1,2022-04-19 09:23:11
1650360198168860000,63.9,1,63.9,7,64.0,69,2,2022-04-19 09:23:18
1650360198717831000,63.9,1,63.9,6,64.0,69,2,2022-04-19 09:23:18
1650360205247434000,63.9,2,63.9,4,64.0,69,2,2022-04-19 09:23:25
1650360217565148000,63.9,1,63.9,5,64.0,70,2,2022-04-19 09:23:37
1650360218398164000,63.9,1,63.9,4,64.0,70,2,2022-04-19 09:23:38
1650360221306011000,63.9,3,63.9,1,64.0,70,2,2022-04-19 09:23:41
1650360222686981000,63.9,1,63.8,25,64.0,69,2,2022-04-19 09:23:42
1650360248590837000,63.9,1,63.8,23,64.0,69,2,2022-04-19 09:24:08
1650360251905656000,63.8,15,63.8,13,64.0,69,2,2022-04-19 09:24:11
1650360255785183000,63.9,1,63.8,13,64.0,71,2,2022-04-19 09:24:15
1650360257958932000,63.8,1,63.8,12,64.0,71,2,2022-04-19 09:24:17
1650360272713573000,63.8,10,63.8,2,63.9,3,2,2022-04-19 09:24:32
1650360272744982000,63.8,2,63.7,11,63.9,3,2,2022-04-19 09:24:32
1650360287334822000,63.7,1,63.7,9,63.8,3,2,2022-04-19 09:24:47
1650360288623694000,63.8,1,63.7,9,63.8,2,1,2022-04-19 09:24:48
1650360289726403000,63.8,2,63.7,9,63.9,2,1,2022-04-19 09:24:49
1650360299703312000,63.7,1,63.7,14,63.8,2,2,2022-04-19 09:24:59
1650360299731185000,63.8,2,63.7,14,63.9,2,1,2022-04-19 09:24:59
1650360307643385000,63.8,2,63.7,14,63.9,2,2,2022-04-19 09:25:07
1650360310408854000,63.8,1,63.7,14,63.9,2,1,2022-04-19 09:25:10
1650360313534146000,63.8,1,63.7,14,63.8,19,2,2022-04-19 09:25:13
1650360323964512000,63.7,3,63.7,11,63.8,19,2,2022-04-19 09:25:23
1650360328093890000,63.8,1,63.7,11,63.8,19,1,2022-04-19 09:25:28
1650360329684922000,63.7,2,63.7,9,63.8,19,2,2022-04-19 09:25:29
1650360331302057000,63.8,1,63.7,9,63.8,18,1,2022-04-19 09:25:31
1650360334259630000,63.7,3,63.7,6,63.8,18,2,2022-04-19 09:25:34
1650360336245537000,63.7,1,63.7,5,63.8,18,2,2022-04-19 09:25:36
1650360346259057000,63.8,18,63.7,10,63.9,1,1,2022-04-19 09:25:46
1650360351691012000,63.8,1,63.7,12,63.9,1,1,2022-04-19 09:25:51
1650360353762952000,63.9,1,63.8,1,64.0,79,1,2022-04-19 09:25:53
1650360360265830000,63.9,1,63.8,4,63.9,1,1,2022-04-19 09:26:00
1650360365761859000,63.8,1,63.8,7,63.9,4,2,2022-04-19 09:26:05
1650360376605950000,63.8,2,63.8,6,63.9,5,2,2022-04-19 09:26:16
1650360379293708000,63.8,2,63.8,4,63.9,5,2,2022-04-19 09:26:19
1650360385807042000,63.8,1,63.8,10,63.9,4,2,2022-04-19 09:26:25
1650360389659923000,63.8,1,63.8,9,63.9,4,2,2022-04-19 09:26:29
1650360400727022000,63.8,9,63.7,15,63.8,1,2,2022-04-19 09:26:40
1650360400829579000,63.8,1,63.7,15,63.9,5,1,2022-04-19 09:26:40
1650360415492169000,63.8,1,63.8,1,63.9,5,2,2022-04-19 09:26:55
1650360418312050000,63.8,1,63.7,14,63.9,6,2,2022-04-19 09:26:58
1650360429403661000,63.8,2,63.8,4,63.9,6,2,2022-04-19 09:27:09
1650360442029539000,63.8,4,63.8,11,63.9,5,2,2022-04-19 09:27:22
1650360442145679000,63.8,1,63.8,10,63.9,5,2,2022-04-19 09:27:22
1650360454176576000,63.8,1,63.8,10,63.9,6,2,2022-04-19 09:27:34
1650360458066299000,63.8,1,63.8,9,63.9,5,2,2022-04-19 09:27:38
1650360461342100000,63.8,1,63.8,8,63.9,5,2,2022-04-19 09:27:41
1650360462771934000,63.8,1,63.8,7,63.9,5,2,2022-04-19 09:27:42
1650360470544762000,63.8,1,63.8,6,63.9,6,2,2022-04-19 09:27:50
1650360478616887000,63.9,1,63.8,6,63.9,5,1,2022-04-19 09:27:58
1650360510014985000,63.9,1,63.8,14,63.9,12,1,2022-04-19 09:28:30
1650360516052110000,63.9,1,63.8,14,63.9,13,1,2022-04-19 09:28:36
1650360522976993000,63.9,1,63.8,21,63.9,12,1,2022-04-19 09:28:42
1650360540308379000,63.9,1,63.8,23,63.9,10,1,2022-04-19 09:29:00
1650360551911632000,63.9,1,63.8,24,63.9,9,1,2022-04-19 09:29:11
1650360571461115000,63.9,1,63.8,24,63.9,9,1,2022-04-19 09:29:31
1650360573871885000,63.8,10,63.8,14,63.9,9,2,2022-04-19 09:29:33
1650360577123299000,63.9,3,63.8,14,63.9,7,1,2022-04-19 09:29:37
1650360591044555000,63.9,1,63.8,16,63.9,6,1,2022-04-19 09:29:51
1650360597563428000,63.9,1,63.8,16,63.9,5,1,2022-04-19 09:29:57
1650360603724141000,63.9,2,63.8,21,63.9,7,1,2022-04-19 09:30:03
1650360604450603000,63.8,1,63.8,21,63.9,7,2,2022-04-19 09:30:04
1650360610222171000,63.8,1,63.8,20,63.9,7,2,2022-04-19 09:30:10
1650360614396370000,63.8,2,63.8,18,63.9,8,2,2022-04-19 09:30:14
1650360632893052000,63.8,1,63.8,18,63.9,8,2,2022-04-19 09:30:32
1650360635841317000,63.8,18,63.7,13,63.9,11,2,2022-04-19 09:30:35
1650360643653874000,63.7,4,63.7,9,63.9,12,2,2022-04-19 09:30:43
1650360649838709000,63.7,1,63.7,8,63.8,5,2,2022-04-19 09:30:49
1650360652337745000,63.7,1,63.7,7,63.8,5,2,2022-04-19 09:30:52
1650360656636994000,63.7,2,63.7,5,63.8,5,2,2022-04-19 09:30:56
1650360657746808000,63.7,5,63.6,36,63.8,5,2,2022-04-19 09:30:57
1650360660683165000,63.6,36,63.5,63,63.6,14,2,2022-04-19 09:31:00
1650360660823592000,63.6,3,63.5,63,63.6,11,1,2022-04-19 09:31:00
1650360682984357000,63.6,1,63.5,63,63.6,13,1,2022-04-19 09:31:22
1650360683276724000,63.6,6,63.5,63,63.6,7,1,2022-04-19 09:31:23
1650360687095057000,63.6,1,63.5,62,63.6,6,1,2022-04-19 09:31:27
1650360687374611000,63.6,1,63.5,62,63.6,5,1,2022-04-19 09:31:27
1650360688135432000,63.6,1,63.5,62,63.6,4,1,2022-04-19 09:31:28
1650360691469910000,63.5,9,63.5,53,63.6,4,2,2022-04-19 09:31:31
1650360691692695000,63.6,2,63.5,53,63.6,2,1,2022-04-19 09:31:31
1650360695411585000,63.5,53,63.4,13,63.6,2,2,2022-04-19 09:31:35
1650360695411585000,63.4,24,63.4,13,63.6,2,2,2022-04-19 09:31:35
1650360695458900000,63.4,2,63.4,11,63.6,3,2,2022-04-19 09:31:35
1650360698627539000,63.6,1,63.4,11,63.6,1,1,2022-04-19 09:31:38
1650360701663981000,63.5,1,63.4,11,63.6,1,1,2022-04-19 09:31:41
1650360701724306000,63.4,1,63.4,10,63.6,1,2,2022-04-19 09:31:41
1650360705796594000,63.4,4,63.4,6,63.6,2,2,2022-04-19 09:31:45
1650360705822169000,63.4,2,63.4,4,63.6,2,2,2022-04-19 09:31:45
1650360706467749000,63.4,4,63.3,46,63.4,1,2,2022-04-19 09:31:46
1650360706497331000,63.4,1,63.3,46,63.6,2,1,2022-04-19 09:31:46
1650360707807347000,63.4,1,63.3,46,63.6,2,1,2022-04-19 09:31:47
1650360711640502000,63.3,1,63.3,45,63.6,3,2,2022-04-19 09:31:51
1650360712972710000,63.4,1,63.3,45,63.6,4,1,2022-04-19 09:31:52
1650360713591648000,63.4,5,63.3,44,63.6,4,1,2022-04-19 09:31:53
1650360713776027000,63.3,20,63.3,24,63.6,4,2,2022-04-19 09:31:53
1650360716406566000,63.3,1,63.3,23,63.6,4,2,2022-04-19 09:31:56
1650360717711235000,63.3,10,63.3,13,63.6,4,2,2022-04-19 09:31:57
1650360717746595000,63.3,1,63.3,12,63.6,4,2,2022-04-19 09:31:57
1650360718091054000,63.4,1,63.3,12,63.6,4,2,2022-04-19 09:31:58
1650360720179623000,63.3,1,63.3,12,63.5,4,2,2022-04-19 09:32:00
1650360721388833000,63.4,1,63.3,11,63.5,4,2,2022-04-19 09:32:01
1650360721388833000,63.3,1,63.3,11,63.5,4,2,2022-04-19 09:32:01
1650360721673087000,63.3,1,63.3,10,63.5,4,2,2022-04-19 09:32:01
1650360723222234000,63.3,5,63.3,5,63.5,9,2,2022-04-19 09:32:03
1650360725637693000,63.3,3,63.3,2,63.5,10,2,2022-04-19 09:32:05
1650360725675218000,63.3,2,63.2,23,63.5,10,2,2022-04-19 09:32:05
1650360727507551000,63.3,1,63.2,23,63.3,1,2,2022-04-19 09:32:07
1650360727537660000,63.3,1,63.2,23,63.5,10,1,2022-04-19 09:32:07
1650360735968142000,63.3,2,63.3,20,63.5,10,2,2022-04-19 09:32:15
1650360741198422000,63.4,1,63.3,20,63.5,10,1,2022-04-19 09:32:21
1650360749409621000,63.4,1,63.3,22,63.4,4,1,2022-04-19 09:32:29
1650360749440683000,63.4,4,63.3,22,63.5,7,1,2022-04-19 09:32:29
1650360754890928000,63.4,16,63.2,3,63.5,7,2,2022-04-19 09:32:34
1650360754890928000,63.3,23,63.2,3,63.5,7,2,2022-04-19 09:32:34
1650360754890928000,63.2,19,63.2,3,63.5,7,2,2022-04-19 09:32:34
1650360755560479000,63.2,1,63.2,2,63.5,12,2,2022-04-19 09:32:35
1650360755861344000,63.4,1,63.2,2,63.5,12,1,2022-04-19 09:32:35
1650360757334909000,63.2,1,63.2,1,63.5,12,2,2022-04-19 09:32:37
1650360759940604000,63.2,1,63.2,2,63.5,13,2,2022-04-19 09:32:39
1650360763856899000,63.4,1,63.2,2,63.5,14,1,2022-04-19 09:32:43
1650360764014899000,63.2,2,63.1,52,63.2,3,2,2022-04-19 09:32:44
1650360764045142000,63.2,3,63.1,52,63.5,16,1,2022-04-19 09:32:44
1650360769409659000,63.3,1,63.3,1,63.4,4,2,2022-04-19 09:32:49
1650360770833166000,63.3,1,63.3,1,63.4,5,2,2022-04-19 09:32:50
1650360775055979000,63.3,1,63.2,7,63.4,5,2,2022-04-19 09:32:55
1650360777490165000,63.3,1,63.2,7,63.4,5,2,2022-04-19 09:32:57
1650360778987515000,63.4,1,63.2,7,63.4,4,1,2022-04-19 09:32:58
1650360780534949000,63.3,4,63.2,8,63.4,4,1,2022-04-19 09:33:00
1650360780775945000,63.4,1,63.2,8,63.4,3,1,2022-04-19 09:33:00
1650360789530962000,63.4,1,63.3,2,63.4,11,1,2022-04-19 09:33:09
1650360789565063000,63.4,11,63.3,2,63.5,17,1,2022-04-19 09:33:09
1650360796984540000,63.5,1,63.4,1,63.5,16,1,2022-04-19 09:33:16
1650360798141924000,63.4,1,63.3,6,63.5,16,2,2022-04-19 09:33:18
1650360808888890000,63.5,16,63.4,11,63.6,6,1,2022-04-19 09:33:28
1650360817635336000,63.5,1,63.4,18,63.5,9,1,2022-04-19 09:33:37
1650360821867777000,63.5,2,63.4,18,63.5,7,1,2022-04-19 09:33:41
1650360822157059000,63.5,1,63.4,18,63.5,6,1,2022-04-19 09:33:42
1650360822182749000,63.5,6,63.4,18,63.6,6,1,2022-04-19 09:33:42
1650360824017054000,63.5,1,63.5,3,63.6,6,2,2022-04-19 09:33:44
1650360827137535000,63.6,1,63.5,6,63.6,5,1,2022-04-19 09:33:47
1650360831079778000,63.5,1,63.5,5,63.6,5,2,2022-04-19 09:33:51
1650360837628276000,63.5,1,63.5,6,63.6,5,2,2022-04-19 09:33:57
1650360841229874000,63.5,1,63.5,5,63.6,5,2,2022-04-19 09:34:01
1650360844319624000,63.5,1,63.5,5,63.6,5,2,2022-04-19 09:34:04
1650360844320561000,63.6,1,63.5,5,63.6,4,1,2022-04-19 09:34:04
1650360845606667000,63.5,5,63.5,1,63.6,4,2,2022-04-19 09:34:05
1650360847433139000,63.6,1,63.5,1,63.6,3,1,2022-04-19 09:34:07
1650360857482113000,63.5,1,63.5,2,63.6,4,2,2022-04-19 09:34:17
1650360857512123000,63.5,2,63.4,15,63.6,4,2,2022-04-19 09:34:17
1650360858067951000,63.6,1,63.4,15,63.6,3,1,2022-04-19 09:34:18
1650360867680480000,63.5,2,63.4,15,63.6,13,2,2022-04-19 09:34:27
1650360873688578000,63.6,2,63.5,7,63.6,11,1,2022-04-19 09:34:33
1650360874186853000,63.5,1,63.5,6,63.6,11,2,2022-04-19 09:34:34
1650360879582564000,63.5,4,63.5,2,63.6,11,2,2022-04-19 09:34:39
1650360888016065000,63.5,1,63.5,4,63.6,12,2,2022-04-19 09:34:48
1650360900759500000,63.5,1,63.5,7,63.6,12,2,2022-04-19 09:35:00
1650360900827023000,63.5,1,63.5,6,63.6,12,2,2022-04-19 09:35:00
1650360905507898000,63.5,4,63.5,2,63.6,13,2,2022-04-19 09:35:05
1650360908197791000,63.5,2,63.4,15,63.5,1,2,2022-04-19 09:35:08
1650360910732932000,63.5,2,63.4,15,63.6,13,1,2022-04-19 09:35:10
1650360913701917000,63.5,1,63.4,15,63.6,13,2,2022-04-19 09:35:13
1650360913774275000,63.4,1,63.4,14,63.6,13,2,2022-04-19 09:35:13
1650360916076046000,63.4,1,63.4,13,63.6,13,2,2022-04-19 09:35:16
1650360921014134000,63.5,1,63.4,13,63.6,13,2,2022-04-19 09:35:21
1650360929021438000,63.5,1,63.4,13,63.5,2,1,2022-04-19 09:35:29
1650360929408964000,63.5,1,63.4,13,63.5,1,1,2022-04-19 09:35:29
1650360930643973000,63.5,1,63.4,13,63.6,13,1,2022-04-19 09:35:30
1650360931654260000,63.5,1,63.4,13,63.6,13,1,2022-04-19 09:35:31
1650360940456506000,63.6,2,63.5,2,63.6,11,1,2022-04-19 09:35:40
1650360982780409000,63.6,1,63.5,4,63.6,13,1,2022-04-19 09:36:22
1650360987439723000,63.6,1,63.5,5,63.6,13,1,2022-04-19 09:36:27
1650360989719777000,63.6,1,63.5,6,63.6,21,1,2022-04-19 09:36:29
1650360996007175000,63.6,2,63.5,6,63.6,19,1,2022-04-19 09:36:36
1650361001630664000,63.5,3,63.5,3,63.6,19,2,2022-04-19 09:36:41
1650361005897750000,63.5,1,63.5,2,63.6,19,2,2022-04-19 09:36:45
1650361006992020000,63.5,2,63.4,18,63.6,19,2,2022-04-19 09:36:46
1650361016381193000,63.4,1,63.4,16,63.5,5,2,2022-04-19 09:36:56
1650361018031020000,63.5,2,63.4,16,63.5,3,1,2022-04-19 09:36:58
1650361029147484000,63.5,5,63.4,17,63.5,1,1,2022-04-19 09:37:09
1650361029415210000,63.4,1,63.4,16,63.5,1,2,2022-04-19 09:37:09
1650361035867999000,63.4,1,63.4,15,63.5,2,2,2022-04-19 09:37:15
1650361042526970000,63.4,1,63.4,13,63.5,2,2,2022-04-19 09:37:22
1650361055870687000,63.5,2,63.4,14,63.5,2,1,2022-04-19 09:37:35
1650361075345763000,63.5,10,63.5,5,63.6,20,1,2022-04-19 09:37:55
1650361085614911000,63.6,13,63.5,6,63.6,7,1,2022-04-19 09:38:05
1650361085647004000,63.6,7,63.5,6,63.7,11,1,2022-04-19 09:38:05
1650361102795417000,63.7,11,63.6,3,63.8,11,1,2022-04-19 09:38:22
1650361110998186000,63.7,1,63.6,6,63.8,11,2,2022-04-19 09:38:30
1650361115236433000,63.7,1,63.6,6,63.8,11,1,2022-04-19 09:38:35
1650361118441963000,63.7,1,63.6,6,63.7,1,2,2022-04-19 09:38:38
1650361119891491000,63.7,1,63.6,8,63.8,11,1,2022-04-19 09:38:39
1650361123329721000,63.7,1,63.7,16,63.8,11,2,2022-04-19 09:38:43
1650361123484654000,63.7,1,63.7,15,63.8,11,2,2022-04-19 09:38:43
1650361128053878000,63.8,1,63.7,15,63.8,9,1,2022-04-19 09:38:48
1650361130084700000,63.8,9,63.7,25,63.9,16,1,2022-04-19 09:38:50
1650361140139541000,63.8,1,63.8,4,63.9,16,2,2022-04-19 09:39:00
1650361140151816000,63.8,1,63.8,3,63.9,16,2,2022-04-19 09:39:00
1650361142959740000,63.9,1,63.8,5,63.9,15,1,2022-04-19 09:39:02
1650361143101190000,63.9,2,63.8,5,63.9,13,1,2022-04-19 09:39:03
1650361143541122000,63.8,1,63.8,4,63.9,13,2,2022-04-19 09:39:03
1650361147982163000,63.9,1,63.8,6,63.9,11,1,2022-04-19 09:39:07
1650361148395634000,63.9,1,63.8,6,63.9,10,1,2022-04-19 09:39:08
1650361149537797000,63.8,1,63.8,5,63.9,9,2,2022-04-19 09:39:09
1650361149666879000,63.8,1,63.8,4,63.9,9,2,2022-04-19 09:39:09
1650361149696080000,63.8,3,63.8,1,63.9,9,2,2022-04-19 09:39:09
1650361149783609000,63.8,1,63.7,15,63.8,1,2,2022-04-19 09:39:09
1650361154340796000,63.8,1,63.8,1,63.9,11,1,2022-04-19 09:39:14
1650361162973857000,63.8,1,63.7,17,63.8,1,2,2022-04-19 09:39:22
1650361165691904000,63.8,1,63.8,1,63.9,14,1,2022-04-19 09:39:25
1650361171768542000,63.9,1,63.8,3,63.9,13,1,2022-04-19 09:39:31
1650361177153312000,63.9,1,63.8,4,63.9,12,1,2022-04-19 09:39:37
1650361177797969000,63.9,1,63.8,4,63.9,11,1,2022-04-19 09:39:37
1650361194049361000,63.9,1,63.8,4,63.9,11,1,2022-04-19 09:39:54
1650361199690228000,63.8,3,63.8,2,63.9,11,2,2022-04-19 09:39:59
1650361235000141000,63.8,5,63.7,16,63.9,33,2,2022-04-19 09:40:35
1650361235030433000,63.7,12,63.7,4,63.9,33,2,2022-04-19 09:40:35
1650361242721111000,63.7,4,63.6,7,63.8,10,2,2022-04-19 09:40:42
1650361249282152000,63.6,4,63.6,3,63.7,1,2,2022-04-19 09:40:49
1650361250725054000,63.6,3,63.5,13,63.7,1,2,2022-04-19 09:40:50
1650361262032044000,63.7,1,63.5,13,63.8,6,1,2022-04-19 09:41:02
1650361262032044000,63.8,2,63.5,13,63.8,6,1,2022-04-19 09:41:02
1650361314115885000,63.8,1,63.6,2,63.8,10,1,2022-04-19 09:41:54
1650361329713456000,63.7,1,63.6,11,63.8,10,1,2022-04-19 09:42:09
1650361343750729000,63.7,2,63.6,10,63.8,9,2,2022-04-19 09:42:23
1650361349870949000,63.7,1,63.6,10,63.7,1,1,2022-04-19 09:42:29
1650361355595661000,63.7,1,63.6,10,63.8,7,1,2022-04-19 09:42:35
1650361404668296000,63.7,2,63.6,11,63.7,7,1,2022-04-19 09:43:24
1650361409572239000,63.6,1,63.6,10,63.7,7,2,2022-04-19 09:43:29
1650361415102001000,63.6,2,63.6,8,63.7,7,2,2022-04-19 09:43:35
1650361415135206000,63.6,4,63.6,4,63.7,7,2,2022-04-19 09:43:35
1650361415166420000,63.6,4,63.5,38,63.7,7,2,2022-04-19 09:43:35
1650361427026199000,63.6,1,63.6,1,63.7,9,2,2022-04-19 09:43:47
1650361440453825000,63.6,2,63.5,37,63.6,8,2,2022-04-19 09:44:00
1650361444581580000,63.6,1,63.5,37,63.6,8,1,2022-04-19 09:44:04
1650361446245665000,63.6,1,63.5,38,63.6,7,1,2022-04-19 09:44:06
1650361447950358000,63.5,1,63.5,37,63.6,7,2,2022-04-19 09:44:07
1650361466103957000,63.5,1,63.5,36,63.6,24,2,2022-04-19 09:44:26
1650361466136388000,63.5,1,63.5,35,63.6,24,2,2022-04-19 09:44:26
1650361469846117000,63.5,34,63.4,18,63.5,15,2,2022-04-19 09:44:29
1650361473154350000,63.4,1,63.4,17,63.5,16,2,2022-04-19 09:44:33
1650361474844795000,63.5,1,63.4,17,63.5,15,1,2022-04-19 09:44:34
1650361478653753000,63.4,3,63.4,14,63.5,15,2,2022-04-19 09:44:38
1650361483633508000,63.4,2,63.4,12,63.5,15,2,2022-04-19 09:44:43
1650361483955667000,63.4,1,63.4,11,63.5,15,2,2022-04-19 09:44:43
1650361488353194000,63.4,10,63.4,1,63.5,15,2,2022-04-19 09:44:48
1650361488742278000,63.4,1,63.3,35,63.5,15,2,2022-04-19 09:44:48
1650361505075014000,63.4,2,63.3,34,63.5,20,2,2022-04-19 09:45:05
1650361506902633000,63.5,1,63.3,34,63.5,19,1,2022-04-19 09:45:06
1650361514644796000,63.4,1,63.3,34,63.5,20,1,2022-04-19 09:45:14
1650361518212934000,63.4,2,63.3,34,63.4,8,2,2022-04-19 09:45:18
1650361527441394000,63.3,3,63.3,33,63.4,8,2,2022-04-19 09:45:27
1650361533833560000,63.3,4,63.3,29,63.4,14,2,2022-04-19 09:45:33
1650361536957827000,63.3,10,63.3,19,63.4,15,2,2022-04-19 09:45:36
1650361537817191000,63.3,1,63.3,18,63.4,15,2,2022-04-19 09:45:37
1650361543155591000,63.3,3,63.3,14,63.4,26,2,2022-04-19 09:45:43
1650361543196563000,63.3,1,63.3,13,63.4,26,2,2022-04-19 09:45:43
1650361546650240000,63.3,1,63.3,14,63.4,25,2,2022-04-19 09:45:46
1650361547475616000,63.3,1,63.3,13,63.4,24,2,2022-04-19 09:45:47
1650361548897978000,63.3,2,63.3,11,63.4,24,2,2022-04-19 09:45:48
1650361548973361000,63.3,1,63.3,10,63.4,24,2,2022-04-19 09:45:48
1650361549757282000,63.3,10,63.2,25,63.3,10,2,2022-04-19 09:45:49
1650361550528225000,63.3,1,63.2,25,63.3,9,1,2022-04-19 09:45:50
1650361551862389000,63.3,1,63.2,25,63.3,8,1,2022-04-19 09:45:51
1650361556987923000,63.3,1,63.2,25,63.3,18,1,2022-04-19 09:45:56
1650361566551018000,63.2,2,63.2,23,63.3,22,2,2022-04-19 09:46:06
1650361567908301000,63.2,2,63.2,21,63.3,22,2,2022-04-19 09:46:07
1650361574429052000,63.2,3,63.2,18,63.3,22,2,2022-04-19 09:46:14
1650361577451710000,63.2,1,63.2,17,63.3,22,2,2022-04-19 09:46:17
1650361577856952000,63.2,1,63.2,16,63.3,22,2,2022-04-19 09:46:17
1650361583086053000,63.2,5,63.2,15,63.3,22,2,2022-04-19 09:46:23
1650361584750496000,63.2,1,63.2,16,63.3,22,2,2022-04-19 09:46:24
1650361588009786000,63.2,1,63.2,15,63.3,27,2,2022-04-19 09:46:28
1650361593356876000,63.2,1,63.2,14,63.3,27,2,2022-04-19 09:46:33
1650361593593717000,63.2,5,63.2,9,63.3,22,2,2022-04-19 09:46:33
1650361594032446000,63.3,2,63.2,9,63.3,20,1,2022-04-19 09:46:34
1650361594620045000,63.2,1,63.2,8,63.3,20,2,2022-04-19 09:46:34
1650361594775974000,63.2,8,63.1,64,63.2,2,2,2022-04-19 09:46:34
1650361595259878000,63.1,4,63.1,60,63.2,2,2,2022-04-19 09:46:35
1650361595877827000,63.1,1,63.1,59,63.2,10,2,2022-04-19 09:46:35
1650361596275203000,63.1,2,63.1,57,63.2,10,2,2022-04-19 09:46:36
1650361596692092000,63.1,1,63.1,56,63.2,10,2,2022-04-19 09:46:36
1650361599423789000,63.1,1,63.1,54,63.2,13,2,2022-04-19 09:46:39
1650361600994663000,63.1,1,63.1,53,63.2,13,2,2022-04-19 09:46:40
1650361605809837000,63.1,1,63.1,52,63.2,15,2,2022-04-19 09:46:45
1650361607315542000,63.2,1,63.1,52,63.2,14,1,2022-04-19 09:46:47
1650361611263071000,63.1,1,63.1,50,63.2,12,2,2022-04-19 09:46:51
1650361614523855000,63.1,2,63.1,48,63.2,12,2,2022-04-19 09:46:54
1650361615183420000,63.2,6,63.1,48,63.2,6,1,2022-04-19 09:46:55
1650361618005737000,63.2,6,63.2,4,63.3,12,1,2022-04-19 09:46:58
1650361618355980000,63.2,4,63.1,22,63.3,12,2,2022-04-19 09:46:58
1650361618355980000,63.1,26,63.1,22,63.3,12,2,2022-04-19 09:46:58
1650361620415744000,63.1,1,63.1,21,63.3,7,2,2022-04-19 09:47:00
1650361620448515000,63.1,1,63.1,20,63.3,7,2,2022-04-19 09:47:00
1650361620822783000,63.1,2,63.1,18,63.3,7,2,2022-04-19 09:47:00
1650361621912200000,63.1,3,63.1,15,63.3,7,2,2022-04-19 09:47:01
1650361622904399000,63.1,1,63.1,14,63.3,7,2,2022-04-19 09:47:02
1650361625277378000,63.1,4,63.1,10,63.3,7,2,2022-04-19 09:47:05
1650361625307387000,63.2,2,63.2,1,63.3,7,2,2022-04-19 09:47:05
1650361625340184000,63.2,1,63.1,10,63.3,7,2,2022-04-19 09:47:05
1650361625909873000,63.1,3,63.1,7,63.3,7,2,2022-04-19 09:47:05
1650361626008060000,63.1,2,63.1,5,63.3,7,2,2022-04-19 09:47:06
1650361626176154000,63.1,5,62.9,11,63.0,10,2,2022-04-19 09:47:06
1650361626176154000,63.0,135,62.9,11,63.0,10,2,2022-04-19 09:47:06
1650361626321743000,62.9,1,62.9,9,63.0,10,2,2022-04-19 09:47:06
1650361628069528000,63.0,1,62.9,14,63.0,9,1,2022-04-19 09:47:08
1650361628632165000,62.9,1,62.9,13,63.0,9,2,2022-04-19 09:47:08
1650361634272760000,62.9,1,62.9,13,63.0,11,2,2022-04-19 09:47:14
1650361636052683000,63.0,1,62.9,13,63.0,10,1,2022-04-19 09:47:16
1650361636792480000,62.9,1,62.9,12,63.0,10,2,2022-04-19 09:47:16
1650361637379235000,62.9,1,62.9,11,63.0,10,2,2022-04-19 09:47:17
1650361639738403000,63.0,1,62.9,12,63.0,10,1,2022-04-19 09:47:19
1650361640357521000,62.9,1,62.9,11,63.0,10,2,2022-04-19 09:47:20
1650361641388754000,62.9,5,62.9,11,63.0,10,2,2022-04-19 09:47:21
1650361642025161000,62.9,1,62.9,11,63.0,10,2,2022-04-19 09:47:22
1650361645992445000,62.9,1,62.9,11,63.0,10,2,2022-04-19 09:47:25
1650361646407685000,63.0,1,62.9,13,63.0,9,1,2022-04-19 09:47:26
1650361647064542000,62.9,1,62.9,13,63.0,9,2,2022-04-19 09:47:27
1650361648261829000,62.9,1,62.9,16,63.0,11,2,2022-04-19 09:47:28
1650361648606948000,63.0,12,62.9,16,63.1,8,1,2022-04-19 09:47:28
1650361648955993000,62.9,4,62.9,12,63.1,8,2,2022-04-19 09:47:28
1650361649631703000,62.9,6,62.9,6,63.1,8,2,2022-04-19 09:47:29
1650361652667464000,63.0,3,62.9,12,63.1,6,1,2022-04-19 09:47:32
1650361654656568000,62.9,3,62.9,9,63.1,6,2,2022-04-19 09:47:34
1650361655351504000,63.0,1,62.9,10,63.1,6,1,2022-04-19 09:47:35
1650361656370718000,62.9,1,62.9,10,63.1,5,2,2022-04-19 09:47:36
1650361657985933000,63.0,1,63.0,11,63.1,5,2,2022-04-19 09:47:37
1650361660872292000,63.0,5,63.0,6,63.1,5,2,2022-04-19 09:47:40
1650361661502106000,63.0,3,63.0,3,63.1,5,2,2022-04-19 09:47:41
1650361662923756000,62.9,1,62.9,11,63.1,7,2,2022-04-19 09:47:42
1650361663255665000,62.9,2,62.9,9,63.1,7,2,2022-04-19 09:47:43
1650361664940504000,63.0,1,62.9,5,63.1,7,2,2022-04-19 09:47:44
1650361664940504000,62.9,4,62.9,5,63.1,7,2,2022-04-19 09:47:44
1650361665745312000,62.9,1,62.9,4,63.0,1,2,2022-04-19 09:47:45
1650361665971941000,62.9,4,62.8,14,62.9,1,2,2022-04-19 09:47:45
1650361666012754000,62.9,1,62.8,14,63.0,1,1,2022-04-19 09:47:46
1650361668051275000,62.9,2,62.8,14,63.0,1,1,2022-04-19 09:47:48
1650361669508785000,63.0,1,62.9,1,63.0,3,1,2022-04-19 09:47:49
1650361669540840000,63.0,3,62.9,1,63.1,7,1,2022-04-19 09:47:49
1650361672994537000,63.0,5,62.9,7,63.1,7,1,2022-04-19 09:47:52
1650361673879029000,63.0,1,62.9,7,63.1,7,1,2022-04-19 09:47:53
1650361676083045000,62.9,1,62.9,8,63.1,9,2,2022-04-19 09:47:56
1650361680175304000,62.9,5,62.9,3,63.1,9,2,2022-04-19 09:48:00
1650361685165255000,63.0,1,62.9,4,63.1,10,2,2022-04-19 09:48:05
1650361687420227000,63.0,1,62.9,9,63.0,1,1,2022-04-19 09:48:07
1650361693144553000,63.0,1,62.9,10,63.0,3,1,2022-04-19 09:48:13
1650361694012712000,63.0,1,62.9,15,63.0,2,1,2022-04-19 09:48:14
1650361694054140000,63.0,2,62.9,15,63.1,11,1,2022-04-19 09:48:14
1650361694460304000,62.9,1,62.9,14,63.1,11,2,2022-04-19 09:48:14
1650361701024153000,63.0,1,63.0,4,63.1,12,2,2022-04-19 09:48:21
1650361702319336000,63.0,1,63.0,3,63.1,12,2,2022-04-19 09:48:22
1650361704291926000,63.0,1,63.0,2,63.1,12,2,2022-04-19 09:48:24
1650361705778798000,63.1,1,63.0,3,63.1,11,1,2022-04-19 09:48:25
1650361711844232000,63.1,1,63.0,4,63.1,9,1,2022-04-19 09:48:31
1650361711870484000,63.1,9,63.0,4,63.2,12,1,2022-04-19 09:48:31
1650361717933897000,63.1,1,63.0,7,63.2,12,2,2022-04-19 09:48:37
1650361718015757000,63.0,1,63.0,6,63.2,12,2,2022-04-19 09:48:38
1650361725450782000,63.0,1,63.0,11,63.1,1,2,2022-04-19 09:48:45
1650361732441425000,63.1,1,63.0,16,63.1,1,1,2022-04-19 09:48:52
1650361732481712000,63.1,1,63.0,16,63.2,12,1,2022-04-19 09:48:52
1650361734325156000,63.2,1,63.0,16,63.2,11,1,2022-04-19 09:48:54
1650361734729647000,63.1,1,63.1,4,63.2,11,2,2022-04-19 09:48:54
1650361739202869000,63.2,1,63.1,3,63.2,10,1,2022-04-19 09:48:59
1650361740606673000,63.1,4,63.1,4,63.2,10,2,2022-04-19 09:49:00
1650361741694366000,63.1,2,63.0,17,63.2,11,2,2022-04-19 09:49:01
1650361744126195000,63.1,3,63.0,17,63.1,2,2,2022-04-19 09:49:04
1650361745653634000,63.1,2,63.1,3,63.2,12,1,2022-04-19 09:49:05
