ts,close,volume,bid_price,bid_volume,ask_price,ask_volume,tick_type,datetime
1650358815086119000,21.85,368,21.85,13,21.9,19,1,2022-04-19 09:00:15
1650358815124740000,21.9,19,21.85,13,21.95,14,1,2022-04-19 09:00:15
1650358815125839000,21.85,2,21.85,11,21.95,14,2,2022-04-19 09:00:15
1650358815155056000,21.95,2,21.85,11,21.95,12,1,2022-04-19 09:00:15
1650358815169586000,21.95,2,21.85,11,21.95,10,1,2022-04-19 09:00:15
1650358815187209000,21.85,1,21.85,10,21.95,10,2,2022-04-19 09:00:15
1650358815199857000,21.85,1,21.85,9,21.95,10,2,2022-04-19 09:00:15
1650358815234392000,21.85,8,21.85,1,21.9,1,2,2022-04-19 09:00:15
1650358815258271000,21.85,1,21.8,19,21.9,1,2,2022-04-19 09:00:15
1650358817912146000,21.85,6,21.8,24,21.85,16,2,2022-04-19 09:00:17
1650358822010011000,21.85,2,21.8,24,21.85,16,1,2022-04-19 09:00:22
1650358823880556000,21.8,20,21.8,4,21.85,16,2,2022-04-19 09:00:23
1650358823957920000,21.85,1,21.8,4,21.85,15,1,2022-04-19 09:00:23
1650358824056525000,21.85,10,21.8,4,21.85,5,1,2022-04-19 09:00:24
1650358824459886000,21.85,1,21.8,4,21.85,4,1,2022-04-19 09:00:24
1650358824492527000,21.8,2,21.8,2,21.85,4,2,2022-04-19 09:00:24
1650358825869635000,21.85,2,21.8,2,21.85,2,1,2022-04-19 09:00:25
1650358825875878000,21.85,1,21.8,2,21.85,1,1,2022-04-19 09:00:25
1650358826043938000,21.8,2,21.75,5,21.8,3,2,2022-04-19 09:00:26
1650358827593762000,21.8,2,21.75,5,21.8,3,1,2022-04-19 09:00:27
1650358827713406000,21.75,5,21.7,11,21.8,3,2,2022-04-19 09:00:27
1650358828098810000,21.7,1,21.7,10,21.8,3,2,2022-04-19 09:00:28
1650358829145708000,21.7,1,21.7,9,21.8,3,2,2022-04-19 09:00:29
1650358831523379000,21.8,1,21.7,9,21.8,5,1,2022-04-19 09:00:31
1650358835849419000,21.75,1,21.7,9,21.8,4,2,2022-04-19 09:00:35
1650358835849419000,21.7,11,21.7,9,21.8,4,2,2022-04-19 09:00:35
1650358837011119000,21.8,2,21.7,11,21.8,2,1,2022-04-19 09:00:37
1650358837046365000,21.8,2,21.7,11,21.85,2,1,2022-04-19 09:00:37
1650358837530403000,21.7,1,21.7,10,21.85,2,2,2022-04-19 09:00:37
1650358839391106000,21.7,1,21.7,14,21.85,3,2,2022-04-19 09:00:39
1650358840993193000,21.7,5,21.7,10,21.85,3,2,2022-04-19 09:00:40
1650358843174189000,21.7,7,21.7,3,21.8,5,2,2022-04-19 09:00:43
1650358843334737000,21.8,5,21.7,3,21.9,2,1,2022-04-19 09:00:43
1650358843334737000,21.85,4,21.7,3,21.9,2,1,2022-04-19 09:00:43
1650358843334737000,21.9,1,21.7,3,21.9,2,1,2022-04-19 09:00:43
1650358843371036000,21.7,3,21.65,15,21.9,2,2,2022-04-19 09:00:43
1650358843423521000,21.65,1,21.65,14,21.9,2,2,2022-04-19 09:00:43
1650358843681663000,21.7,1,21.65,14,21.9,2,1,2022-04-19 09:00:43
1650358845185374000,21.8,1,21.7,2,21.85,1,2,2022-04-19 09:00:45
1650358847534539000,21.8,1,21.7,3,21.85,1,2,2022-04-19 09:00:47
1650358847663043000,21.7,1,21.7,2,21.85,1,2,2022-04-19 09:00:47
1650358849877757000,21.7,1,21.7,1,21.85,7,2,2022-04-19 09:00:49
1650358849902733000,21.7,1,21.65,2,21.85,7,2,2022-04-19 09:00:49
1650358851917972000,21.65,2,21.6,24,21.7,10,2,2022-04-19 09:00:51
1650358853185842000,21.7,1,21.6,24,21.7,9,1,2022-04-19 09:00:53
1650358853421563000,21.7,3,21.6,24,21.7,6,1,2022-04-19 09:00:53
1650358853439000000,21.7,5,21.6,24,21.7,1,1,2022-04-19 09:00:53
1650358856684309000,21.7,2,21.65,1,21.7,2,1,2022-04-19 09:00:56
1650358856719937000,21.7,2,21.65,1,21.85,10,1,2022-04-19 09:00:56
1650358859363842000,21.7,1,21.65,3,21.7,1,2,2022-04-19 09:00:59
1650358859729994000,21.7,1,21.65,4,21.85,12,1,2022-04-19 09:00:59
1650358864148175000,21.7,2,21.7,16,21.85,12,2,2022-04-19 09:01:04
1650358864496115000,21.7,11,21.7,10,21.85,12,2,2022-04-19 09:01:04
1650358864797486000,21.75,1,21.75,1,21.85,12,2,2022-04-19 09:01:04
1650358865383940000,21.75,1,21.7,7,21.85,12,2,2022-04-19 09:01:05
1650358865383940000,21.7,3,21.7,7,21.85,12,2,2022-04-19 09:01:05
1650358865431258000,21.7,2,21.7,5,21.85,12,2,2022-04-19 09:01:05
1650358866683034000,21.7,5,21.65,5,21.85,12,2,2022-04-19 09:01:06
1650358868247846000,21.75,1,21.65,15,21.8,1,2,2022-04-19 09:01:08
1650358868417972000,21.7,1,21.65,15,21.8,5,1,2022-04-19 09:01:08
1650358872027889000,21.7,1,21.65,16,21.75,2,2,2022-04-19 09:01:12
1650358875528346000,21.7,1,21.7,5,21.75,3,2,2022-04-19 09:01:15
1650358876733671000,21.7,1,21.7,6,21.75,3,2,2022-04-19 09:01:16
1650358878705060000,21.7,5,21.7,1,21.75,3,2,2022-04-19 09:01:18
1650358878733636000,21.7,1,21.65,15,21.75,3,2,2022-04-19 09:01:18
1650358879618452000,21.7,1,21.65,15,21.75,2,1,2022-04-19 09:01:19
1650358882737371000,21.7,5,21.7,37,21.75,2,2,2022-04-19 09:01:22
1650358884436242000,21.7,2,21.7,36,21.75,3,2,2022-04-19 09:01:24
1650358885712990000,21.75,1,21.7,36,21.75,2,1,2022-04-19 09:01:25
1650358886976314000,21.75,1,21.7,37,21.75,6,1,2022-04-19 09:01:26
1650358887985673000,21.7,5,21.7,32,21.75,6,2,2022-04-19 09:01:27
1650358888863905000,21.7,2,21.7,30,21.75,6,2,2022-04-19 09:01:28
1650358889459019000,21.75,1,21.7,30,21.75,5,1,2022-04-19 09:01:29
1650358890172858000,21.75,1,21.7,130,21.75,6,1,2022-04-19 09:01:30
1650358891690071000,21.7,3,21.7,127,21.75,10,2,2022-04-19 09:01:31
1650358892983828000,21.7,23,21.7,104,21.75,10,2,2022-04-19 09:01:32
1650358893047245000,21.7,1,21.7,103,21.75,10,2,2022-04-19 09:01:33
1650358894652544000,21.75,1,21.7,103,21.75,9,1,2022-04-19 09:01:34
1650358895232441000,21.7,1,21.7,102,21.75,9,2,2022-04-19 09:01:35
1650358895352800000,21.7,1,21.7,102,21.75,9,2,2022-04-19 09:01:35
1650358899902354000,21.7,1,21.7,103,21.75,9,2,2022-04-19 09:01:39
1650358900047239000,21.75,1,21.7,103,21.75,8,1,2022-04-19 09:01:40
1650358900992444000,21.75,2,21.7,103,21.75,9,1,2022-04-19 09:01:40
1650358902330091000,21.75,9,21.75,11,21.8,4,1,2022-04-19 09:01:42
1650358902723799000,21.75,1,21.75,10,21.8,4,2,2022-04-19 09:01:42
1650358904629005000,21.75,1,21.75,9,21.8,8,2,2022-04-19 09:01:44
1650358904662384000,21.75,7,21.75,2,21.8,8,2,2022-04-19 09:01:44
1650358904694713000,21.75,2,21.7,110,21.8,8,2,2022-04-19 09:01:44
1650358906131794000,21.8,3,21.7,110,21.8,5,1,2022-04-19 09:01:46
1650358907871733000,21.75,1,21.7,111,21.8,5,2,2022-04-19 09:01:47
1650358908942975000,21.8,2,21.7,111,21.8,3,1,2022-04-19 09:01:48
1650358909796160000,21.75,1,21.7,111,21.8,3,2,2022-04-19 09:01:49
1650358910337134000,21.75,1,21.7,111,21.75,1,2,2022-04-19 09:01:50
1650358910365578000,21.75,1,21.7,111,21.8,3,1,2022-04-19 09:01:50
1650358910666748000,21.7,1,21.7,110,21.8,3,2,2022-04-19 09:01:50
1650358912411864000,21.75,1,21.75,29,21.8,3,2,2022-04-19 09:01:52
1650358912630686000,21.75,7,21.75,22,21.8,3,2,2022-04-19 09:01:52
1650358913828238000,21.75,2,21.75,20,21.8,3,2,2022-04-19 09:01:53
1650358915660635000,21.75,1,21.75,24,21.8,3,2,2022-04-19 09:01:55
1650358918324319000,21.8,3,21.8,5,21.85,31,1,2022-04-19 09:01:58
1650358919352924000,21.8,1,21.8,4,21.85,31,2,2022-04-19 09:01:59
1650358919397933000,21.8,1,21.8,3,21.85,31,2,2022-04-19 09:01:59
1650358919445732000,21.8,1,21.8,2,21.85,31,2,2022-04-19 09:01:59
1650358920255413000,21.8,2,21.75,40,21.85,31,2,2022-04-19 09:02:00
1650358920726636000,21.75,1,21.75,39,21.85,31,2,2022-04-19 09:02:00
1650358920808777000,21.85,1,21.75,39,21.85,30,1,2022-04-19 09:02:00
1650358924807066000,21.85,2,21.8,4,21.85,28,1,2022-04-19 09:02:04
1650358927485454000,21.8,7,21.75,41,21.85,28,2,2022-04-19 09:02:07
1650358927485454000,21.75,3,21.75,41,21.85,28,2,2022-04-19 09:02:07
1650358928020073000,21.85,10,21.75,41,21.85,18,1,2022-04-19 09:02:08
1650358929461530000,21.75,3,21.75,39,21.85,18,2,2022-04-19 09:02:09
1650358930262715000,21.75,30,21.75,9,21.85,18,2,2022-04-19 09:02:10
1650358931222321000,21.75,9,21.7,128,21.75,11,2,2022-04-19 09:02:11
1650358931765365000,21.7,20,21.7,108,21.75,11,2,2022-04-19 09:02:11
1650358931849728000,21.7,20,21.7,88,21.75,11,2,2022-04-19 09:02:11
1650358931882533000,21.7,7,21.7,81,21.75,11,2,2022-04-19 09:02:11
1650358931887772000,21.7,1,21.7,80,21.75,11,2,2022-04-19 09:02:11
1650358931927427000,21.7,1,21.7,79,21.75,11,2,2022-04-19 09:02:11
1650358931934582000,21.7,2,21.7,77,21.75,11,2,2022-04-19 09:02:11
1650358931941679000,21.7,1,21.7,76,21.75,11,2,2022-04-19 09:02:11
1650358932050574000,21.7,20,21.7,56,21.75,11,2,2022-04-19 09:02:12
1650358932086644000,21.7,1,21.7,55,21.75,11,2,2022-04-19 09:02:12
1650358932092773000,21.7,1,21.7,54,21.75,11,2,2022-04-19 09:02:12
1650358932093641000,21.7,1,21.7,53,21.75,11,2,2022-04-19 09:02:12
1650358932101390000,21.7,1,21.7,52,21.75,11,2,2022-04-19 09:02:12
1650358932108213000,21.7,1,21.7,51,21.75,11,2,2022-04-19 09:02:12
1650358932111566000,21.7,1,21.7,50,21.75,11,2,2022-04-19 09:02:12
1650358932297051000,21.7,20,21.7,30,21.75,11,2,2022-04-19 09:02:12
1650358932499402000,21.7,20,21.7,10,21.75,11,2,2022-04-19 09:02:12
1650358932533074000,21.7,10,21.65,13,21.75,11,2,2022-04-19 09:02:12
1650358932940890000,21.65,2,21.65,11,21.7,50,2,2022-04-19 09:02:12
1650358933422189000,21.7,4,21.65,11,21.7,86,1,2022-04-19 09:02:13
1650358933458853000,21.65,2,21.65,9,21.7,86,2,2022-04-19 09:02:13
1650358933903712000,21.65,9,21.6,23,21.7,86,2,2022-04-19 09:02:13
1650358933903712000,21.6,1,21.6,23,21.7,86,2,2022-04-19 09:02:13
1650358934842583000,21.6,23,21.55,10,21.65,1,2,2022-04-19 09:02:14
1650358934916618000,21.6,1,21.55,10,21.6,1,1,2022-04-19 09:02:14
1650358935280237000,21.6,1,21.55,10,21.65,1,1,2022-04-19 09:02:15
1650358935386615000,21.6,1,21.55,10,21.65,1,1,2022-04-19 09:02:15
1650358936306146000,21.55,10,21.5,43,21.65,1,2,2022-04-19 09:02:16
1650358936306146000,21.5,2,21.5,43,21.65,1,2,2022-04-19 09:02:16
1650358936965218000,21.6,1,21.5,43,21.6,1,1,2022-04-19 09:02:16
1650358936997743000,21.6,1,21.5,43,21.65,1,1,2022-04-19 09:02:16
1650358937044569000,21.5,20,21.5,23,21.55,1,2,2022-04-19 09:02:17
1650358937085425000,21.5,1,21.5,22,21.55,1,2,2022-04-19 09:02:17
1650358937086982000,21.5,1,21.5,21,21.55,1,2,2022-04-19 09:02:17
1650358937097253000,21.5,1,21.5,20,21.55,1,2,2022-04-19 09:02:17
1650358937183267000,21.5,20,21.45,1,21.55,1,2,2022-04-19 09:02:17
1650358937257647000,21.5,1,21.45,1,21.5,1,1,2022-04-19 09:02:17
1650358937340514000,21.5,1,21.45,1,21.55,1,1,2022-04-19 09:02:17
1650358937967976000,21.55,1,21.5,5,21.65,1,1,2022-04-19 09:02:17
1650358938142090000,21.65,1,21.5,5,21.7,4,1,2022-04-19 09:02:18
1650358938262377000,21.55,1,21.55,2,21.7,4,2,2022-04-19 09:02:18
1650358938419349000,21.55,2,21.45,11,21.5,13,2,2022-04-19 09:02:18
1650358938419349000,21.5,5,21.45,11,21.5,13,2,2022-04-19 09:02:18
1650358938440737000,21.5,8,21.45,11,21.5,5,1,2022-04-19 09:02:18
1650358938453768000,21.45,3,21.45,8,21.5,5,2,2022-04-19 09:02:18
1650358942363941000,21.55,1,21.5,23,21.65,3,2,2022-04-19 09:02:22
1650358942363941000,21.5,9,21.5,23,21.65,3,2,2022-04-19 09:02:22
1650358943813582000,21.5,3,21.5,21,21.65,7,2,2022-04-19 09:02:23
1650358944758226000,21.5,1,21.5,20,21.65,7,2,2022-04-19 09:02:24
1650358944793528000,21.65,1,21.5,20,21.65,6,1,2022-04-19 09:02:24
1650358944955220000,21.5,20,21.45,16,21.5,10,2,2022-04-19 09:02:24
1650358944987222000,21.5,7,21.45,16,21.5,3,1,2022-04-19 09:02:24
1650358945011922000,21.45,1,21.45,15,21.5,3,2,2022-04-19 09:02:25
1650358945053423000,21.5,3,21.45,15,21.6,4,1,2022-04-19 09:02:25
1650358945056033000,21.45,1,21.45,14,21.6,4,2,2022-04-19 09:02:25
1650358946664286000,21.55,2,21.5,2,21.6,2,2,2022-04-19 09:02:26
1650358946977669000,21.5,14,21.4,23,21.45,52,2,2022-04-19 09:02:26
1650358946977669000,21.45,14,21.4,23,21.45,52,2,2022-04-19 09:02:26
1650358947020278000,21.4,1,21.4,22,21.45,52,2,2022-04-19 09:02:27
1650358947025109000,21.4,1,21.4,21,21.45,52,2,2022-04-19 09:02:27
1650358947029869000,21.4,1,21.4,20,21.45,52,2,2022-04-19 09:02:27
1650358947034786000,21.4,1,21.4,19,21.45,52,2,2022-04-19 09:02:27
1650358947068884000,21.4,1,21.4,18,21.45,52,2,2022-04-19 09:02:27
1650358947590668000,21.45,5,21.4,18,21.45,47,1,2022-04-19 09:02:27
1650358949379290000,21.45,5,21.4,23,21.45,42,1,2022-04-19 09:02:29
1650358949419683000,21.4,1,21.4,22,21.45,42,2,2022-04-19 09:02:29
1650358949629266000,21.45,5,21.4,22,21.45,37,1,2022-04-19 09:02:29
1650358949836091000,21.45,5,21.4,22,21.45,32,1,2022-04-19 09:02:29
1650358950076594000,21.45,5,21.4,22,21.45,27,1,2022-04-19 09:02:30
1650358950258370000,21.45,20,21.4,22,21.45,17,1,2022-04-19 09:02:30
1650358950292000000,21.4,1,21.4,21,21.45,17,2,2022-04-19 09:02:30
1650358950321320000,21.4,1,21.4,20,21.45,17,2,2022-04-19 09:02:30
1650358950645664000,21.45,5,21.4,20,21.45,2,1,2022-04-19 09:02:30
1650358950680466000,21.45,2,21.4,20,21.5,8,1,2022-04-19 09:02:30
1650358950931422000,21.45,1,21.45,4,21.5,8,2,2022-04-19 09:02:30
1650358951928025000,21.45,2,21.45,12,21.5,8,2,2022-04-19 09:02:31
1650358952583599000,21.45,1,21.45,11,21.5,8,2,2022-04-19 09:02:32
1650358953110985000,21.5,3,21.45,11,21.5,7,1,2022-04-19 09:02:33
1650358953523311000,21.45,11,21.4,20,21.45,4,2,2022-04-19 09:02:33
1650358954786388000,21.4,2,21.4,3,21.45,4,2,2022-04-19 09:02:34
1650358954845576000,21.4,1,21.4,2,21.45,4,2,2022-04-19 09:02:34
1650358955757170000,21.4,1,21.4,1,21.45,4,2,2022-04-19 09:02:35
1650358957427779000,21.4,4,21.35,80,21.4,1,2,2022-04-19 09:02:37
1650358959094282000,21.35,8,21.35,72,21.4,1,2,2022-04-19 09:02:39
1650358959167107000,21.35,1,21.35,71,21.4,1,2,2022-04-19 09:02:39
1650358959445550000,21.4,1,21.35,71,21.4,1,1,2022-04-19 09:02:39
1650358959709890000,21.4,1,21.35,71,21.45,11,1,2022-04-19 09:02:39
1650358959893046000,21.35,1,21.35,70,21.45,11,2,2022-04-19 09:02:39
1650358960725101000,21.4,1,21.4,9,21.45,11,2,2022-04-19 09:02:40
1650358960770054000,21.4,6,21.4,3,21.45,11,2,2022-04-19 09:02:40
1650358960841033000,21.4,1,21.4,2,21.45,11,2,2022-04-19 09:02:40
1650358961131115000,21.45,5,21.4,2,21.45,6,1,2022-04-19 09:02:41
1650358961166631000,21.4,1,21.4,1,21.45,6,2,2022-04-19 09:02:41
1650358961177175000,21.4,1,21.35,70,21.4,9,2,2022-04-19 09:02:41
1650358961332632000,21.4,5,21.35,70,21.4,5,1,2022-04-19 09:02:41
1650358961381553000,21.35,1,21.35,69,21.4,5,2,2022-04-19 09:02:41
1650358961515261000,21.4,5,21.35,69,21.45,6,1,2022-04-19 09:02:41
1650358961954527000,21.35,1,21.35,68,21.4,1,2,2022-04-19 09:02:41
1650358961986498000,21.35,3,21.35,65,21.4,1,2,2022-04-19 09:02:41
1650358962029597000,21.35,1,21.35,64,21.4,1,2,2022-04-19 09:02:42
1650358963137421000,21.4,1,21.35,64,21.45,6,1,2022-04-19 09:02:43
1650358963368844000,21.35,1,21.35,63,21.45,6,2,2022-04-19 09:02:43
1650358965250907000,21.35,1,21.35,62,21.4,4,2,2022-04-19 09:02:45
1650358965536639000,21.35,1,21.35,61,21.4,4,2,2022-04-19 09:02:45
1650358966340040000,21.35,1,21.35,60,21.4,4,2,2022-04-19 09:02:46
1650358966759429000,21.35,1,21.35,59,21.4,6,2,2022-04-19 09:02:46
1650358966774797000,21.35,1,21.35,58,21.4,6,2,2022-04-19 09:02:46
1650358966789316000,21.35,2,21.35,56,21.4,6,2,2022-04-19 09:02:46
1650358966814741000,21.35,1,21.35,55,21.4,6,2,2022-04-19 09:02:46
1650358966869897000,21.35,1,21.35,54,21.4,6,2,2022-04-19 09:02:46
1650358967474001000,21.35,1,21.35,53,21.4,6,2,2022-04-19 09:02:47
1650358969208351000,21.35,16,21.35,37,21.4,6,2,2022-04-19 09:02:49
1650358969249834000,21.35,1,21.35,36,21.4,6,2,2022-04-19 09:02:49
1650358969271787000,21.35,1,21.35,35,21.4,6,2,2022-04-19 09:02:49
1650358970053939000,21.35,3,21.35,32,21.4,6,2,2022-04-19 09:02:50
1650358970813377000,21.35,2,21.35,30,21.4,6,2,2022-04-19 09:02:50
1650358970958480000,21.35,10,21.35,20,21.4,6,2,2022-04-19 09:02:50
1650358970991220000,21.35,18,21.35,2,21.4,6,2,2022-04-19 09:02:50
1650358971021435000,21.35,1,21.35,1,21.4,6,2,2022-04-19 09:02:51
1650358971029203000,21.35,1,21.3,12,21.4,6,2,2022-04-19 09:02:51
1650358971588570000,21.35,1,21.3,22,21.35,6,1,2022-04-19 09:02:51
1650358972032197000,21.3,1,21.3,21,21.35,6,2,2022-04-19 09:02:52
1650358972855176000,21.3,10,21.3,11,21.35,7,2,2022-04-19 09:02:52
1650358972892443000,21.3,1,21.3,10,21.35,7,2,2022-04-19 09:02:52
1650358972899829000,21.3,1,21.3,9,21.35,7,2,2022-04-19 09:02:52
1650358973462374000,21.3,1,21.3,8,21.35,10,2,2022-04-19 09:02:53
1650358973488062000,21.3,3,21.3,5,21.35,10,2,2022-04-19 09:02:53
1650358975115851000,21.3,6,21.25,2,21.3,4,2,2022-04-19 09:02:55
1650358976619618000,21.25,2,21.2,2,21.25,6,2,2022-04-19 09:02:56
1650358976832291000,21.2,1,21.2,1,21.25,6,2,2022-04-19 09:02:56
1650358978587895000,21.2,1,21.15,25,21.25,6,2,2022-04-19 09:02:58
1650358978587895000,21.15,1,21.15,25,21.25,6,2,2022-04-19 09:02:58
1650358980248196000,21.15,5,21.15,20,21.25,9,2,2022-04-19 09:03:00
1650358980461254000,21.15,14,21.15,6,21.25,9,2,2022-04-19 09:03:00
1650358982064636000,21.2,1,21.15,6,21.2,2,1,2022-04-19 09:03:02
1650358982092560000,21.15,2,21.15,4,21.2,2,2,2022-04-19 09:03:02
1650358982370014000,21.15,1,21.15,3,21.2,2,2,2022-04-19 09:03:02
1650358982608555000,21.15,1,21.15,2,21.2,2,2,2022-04-19 09:03:02
1650358982656563000,21.15,1,21.15,1,21.2,2,2,2022-04-19 09:03:02
1650358983666908000,21.15,1,21.1,6,21.2,2,2,2022-04-19 09:03:03
1650358983971035000,21.1,2,21.1,4,21.15,1,2,2022-04-19 09:03:03
1650358984017395000,21.1,1,21.1,3,21.15,1,2,2022-04-19 09:03:04
1650358984030455000,21.1,2,21.1,1,21.15,1,2,2022-04-19 09:03:04
1650358984101364000,21.15,1,21.15,4,21.2,2,1,2022-04-19 09:03:04
1650358985361739000,21.15,1,21.15,13,21.2,2,2,2022-04-19 09:03:05
1650358987368197000,21.15,5,21.15,8,21.2,2,2,2022-04-19 09:03:07
1650358987408605000,21.15,1,21.15,7,21.2,2,2,2022-04-19 09:03:07
1650358987434007000,21.15,1,21.15,6,21.2,2,2,2022-04-19 09:03:07
1650358987520799000,21.15,5,21.15,1,21.2,2,2,2022-04-19 09:03:07
1650358989112792000,21.15,2,21.05,10,21.2,3,2,2022-04-19 09:03:09
1650358989112792000,21.1,1,21.05,10,21.2,3,2,2022-04-19 09:03:09
1650358990579503000,21.15,1,21.1,1,21.15,4,1,2022-04-19 09:03:10
1650358991256179000,21.1,1,21.05,11,21.15,4,2,2022-04-19 09:03:11
1650358994301507000,21.1,1,21.1,5,21.15,5,1,2022-04-19 09:03:14
1650358996377954000,21.15,5,21.1,9,21.2,6,1,2022-04-19 09:03:16
1650358996439381000,21.15,1,21.1,9,21.2,6,1,2022-04-19 09:03:16
1650358997205593000,21.1,1,21.1,9,21.2,6,2,2022-04-19 09:03:17
1650358998539723000,21.15,1,21.1,19,21.15,1,1,2022-04-19 09:03:18
1650358998539777000,21.15,1,21.1,19,21.2,7,1,2022-04-19 09:03:18
1650358998613355000,21.15,1,21.1,19,21.2,7,1,2022-04-19 09:03:18
1650358998906883000,21.2,1,21.15,2,21.2,6,1,2022-04-19 09:03:18
1650358998934874000,21.2,3,21.15,2,21.2,3,1,2022-04-19 09:03:18
1650359000250343000,21.15,1,21.15,1,21.2,3,2,2022-04-19 09:03:20
1650359000551871000,21.15,1,21.1,19,21.2,3,2,2022-04-19 09:03:20
1650359001491049000,21.1,1,21.1,18,21.2,3,2,2022-04-19 09:03:21
1650359002565130000,21.15,1,21.1,13,21.2,3,2,2022-04-19 09:03:22
1650359002565130000,21.1,5,21.1,13,21.2,3,2,2022-04-19 09:03:22
1650359003075387000,21.15,1,21.1,13,21.2,3,1,2022-04-19 09:03:23
1650359007796479000,21.2,3,21.15,10,21.25,4,1,2022-04-19 09:03:27
1650359008860956000,21.15,1,21.15,9,21.2,1,2,2022-04-19 09:03:28
1650359009580963000,21.15,1,21.15,8,21.2,6,2,2022-04-19 09:03:29
1650359011465476000,21.2,1,21.15,8,21.2,5,1,2022-04-19 09:03:31
1650359011585446000,21.15,1,21.15,7,21.2,5,2,2022-04-19 09:03:31
1650359012738563000,21.2,7,21.2,23,21.25,4,1,2022-04-19 09:03:32
1650359014689842000,21.25,4,21.2,23,21.3,3,1,2022-04-19 09:03:34
1650359015413297000,21.25,1,21.25,1,21.3,3,2,2022-04-19 09:03:35
1650359021905954000,21.25,4,21.25,2,21.3,3,2,2022-04-19 09:03:41
1650359022096758000,21.25,2,21.2,21,21.3,3,2,2022-04-19 09:03:42
1650359022096758000,21.2,3,21.2,21,21.3,3,2,2022-04-19 09:03:42
1650359024057436000,21.2,2,21.2,19,21.25,7,2,2022-04-19 09:03:44
1650359025598912000,21.25,1,21.2,19,21.25,6,1,2022-04-19 09:03:45
1650359027671706000,21.2,4,21.2,15,21.25,6,2,2022-04-19 09:03:47
1650359027708826000,21.2,2,21.2,13,21.25,6,2,2022-04-19 09:03:47
1650359029657289000,21.25,1,21.2,23,21.25,5,1,2022-04-19 09:03:49
1650359032528313000,21.25,1,21.25,1,21.3,5,2,2022-04-19 09:03:52
1650359033677030000,21.25,1,21.2,23,21.3,5,2,2022-04-19 09:03:53
1650359036935313000,21.2,2,21.2,21,21.25,1,2,2022-04-19 09:03:56
1650359037053223000,21.25,1,21.2,21,21.3,5,1,2022-04-19 09:03:57
1650359040323832000,21.25,1,21.25,1,21.3,7,2,2022-04-19 09:04:00
1650359041810597000,21.25,2,21.2,20,21.3,7,2,2022-04-19 09:04:01
1650359041810597000,21.2,1,21.2,20,21.3,7,2,2022-04-19 09:04:01
1650359042680952000,21.2,1,21.2,19,21.3,7,2,2022-04-19 09:04:02
1650359043310113000,21.3,5,21.2,19,21.3,2,1,2022-04-19 09:04:03
1650359045511724000,21.25,1,21.2,19,21.3,2,2,2022-04-19 09:04:05
1650359052519257000,21.3,1,21.25,5,21.3,2,1,2022-04-19 09:04:12
1650359053867898000,21.25,2,21.25,3,21.3,2,2,2022-04-19 09:04:13
1650359054275656000,21.25,2,21.25,1,21.3,2,2,2022-04-19 09:04:14
1650359054988360000,21.25,1,21.2,26,21.25,3,2,2022-04-19 09:04:14
1650359057226348000,21.25,1,21.2,26,21.25,2,1,2022-04-19 09:04:17
1650359057301307000,21.25,2,21.2,26,21.3,2,1,2022-04-19 09:04:17
1650359065532543000,21.25,2,21.2,24,21.3,4,2,2022-04-19 09:04:25
1650359065532543000,21.2,3,21.2,24,21.3,4,2,2022-04-19 09:04:25
1650359065892567000,21.2,5,21.2,19,21.3,4,2,2022-04-19 09:04:25
1650359067446898000,21.25,2,21.2,19,21.3,4,2,2022-04-19 09:04:27
1650359068368793000,21.2,2,21.2,17,21.3,4,2,2022-04-19 09:04:28
1650359070000938000,21.2,2,21.2,16,21.25,3,2,2022-04-19 09:04:30
1650359070350202000,21.2,1,21.2,15,21.25,3,2,2022-04-19 09:04:30
1650359072628450000,21.25,3,21.25,2,21.3,4,1,2022-04-19 09:04:32
1650359074937034000,21.25,2,21.2,15,21.3,6,2,2022-04-19 09:04:34
1650359079351830000,21.25,1,21.25,1,21.3,6,2,2022-04-19 09:04:39
1650359079444190000,21.25,1,21.2,17,21.3,6,2,2022-04-19 09:04:39
1650359081262602000,21.3,1,21.2,19,21.3,5,1,2022-04-19 09:04:41
1650359082165416000,21.2,20,21.15,11,21.25,1,2,2022-04-19 09:04:42
1650359087449457000,21.2,1,21.15,11,21.2,3,1,2022-04-19 09:04:47
1650359093623439000,21.2,3,21.15,11,21.25,1,1,2022-04-19 09:04:53
1650359093623439000,21.25,3,21.15,11,21.25,1,1,2022-04-19 09:04:53
1650359097815247000,21.2,1,21.2,6,21.25,1,2,2022-04-19 09:04:57
1650359100614562000,21.2,1,21.2,5,21.25,3,2,2022-04-19 09:05:00
1650359104872770000,21.25,3,21.2,3,21.35,2,1,2022-04-19 09:05:04
1650359104872770000,21.3,6,21.2,3,21.35,2,1,2022-04-19 09:05:04
1650359104872770000,21.35,1,21.2,3,21.35,2,1,2022-04-19 09:05:04
1650359105268260000,21.2,3,21.1,11,21.35,2,2,2022-04-19 09:05:05
1650359105268260000,21.15,6,21.1,11,21.35,2,2,2022-04-19 09:05:05
1650359105268260000,21.1,14,21.1,11,21.35,2,2,2022-04-19 09:05:05
1650359107008825000,21.1,1,21.1,10,21.3,7,2,2022-04-19 09:05:07
1650359107354065000,21.2,10,21.1,10,21.25,7,2,2022-04-19 09:05:07
1650359108799022000,21.25,3,21.1,10,21.3,3,1,2022-04-19 09:05:08
1650359119566709000,21.15,1,21.15,2,21.2,3,2,2022-04-19 09:05:19
1650359124901708000,21.15,1,21.15,20,21.2,3,2,2022-04-19 09:05:24
1650359131540361000,21.2,1,21.2,1,21.3,3,1,2022-04-19 09:05:31
1650359131833494000,21.2,1,21.15,20,21.3,3,2,2022-04-19 09:05:31
1650359132744795000,21.15,3,21.15,17,21.3,3,2,2022-04-19 09:05:32
1650359135010119000,21.2,1,21.2,3,21.3,3,2,2022-04-19 09:05:35
1650359140536456000,21.2,2,21.2,2,21.3,3,2,2022-04-19 09:05:40
1650359141852775000,21.2,1,21.2,1,21.3,3,2,2022-04-19 09:05:41
1650359143614818000,21.2,1,21.15,15,21.3,3,2,2022-04-19 09:05:43
1650359143614818000,21.15,2,21.15,15,21.3,3,2,2022-04-19 09:05:43
1650359147402269000,21.15,10,21.15,5,21.3,3,2,2022-04-19 09:05:47
1650359148953258000,21.15,1,21.15,4,21.3,3,2,2022-04-19 09:05:48
1650359150127858000,21.15,1,21.15,3,21.2,2,2,2022-04-19 09:05:50
1650359158091821000,21.15,1,21.15,3,21.2,5,2,2022-04-19 09:05:58
1650359158188486000,21.15,1,21.15,2,21.2,5,2,2022-04-19 09:05:58
1650359158191062000,21.15,2,21.1,8,21.2,5,2,2022-04-19 09:05:58
1650359158979092000,21.1,1,21.1,7,21.2,5,2,2022-04-19 09:05:58
1650359159073011000,21.1,1,21.1,6,21.2,5,2,2022-04-19 09:05:59
1650359159088232000,21.1,3,21.1,3,21.2,5,2,2022-04-19 09:05:59
1650359159111974000,21.1,3,21.05,7,21.2,5,2,2022-04-19 09:05:59
1650359169009567000,21.1,1,21.05,7,21.15,2,2,2022-04-19 09:06:09
1650359171618541000,21.05,2,21.05,5,21.1,5,2,2022-04-19 09:06:11
1650359172872696000,21.05,1,21.05,4,21.1,5,2,2022-04-19 09:06:12
1650359173803956000,21.05,3,21.0,15,21.05,12,2,2022-04-19 09:06:13
1650359177400670000,21.05,2,21.0,15,21.05,12,1,2022-04-19 09:06:17
1650359178209170000,21.0,2,21.0,13,21.05,12,2,2022-04-19 09:06:18
1650359178248170000,21.0,1,21.0,12,21.05,12,2,2022-04-19 09:06:18
1650359180914499000,21.0,1,21.0,11,21.05,12,2,2022-04-19 09:06:20
1650359181963468000,21.0,1,21.0,10,21.05,12,2,2022-04-19 09:06:21
1650359182934622000,21.0,1,21.0,9,21.05,12,2,2022-04-19 09:06:22
1650359183703723000,21.0,1,21.0,8,21.05,12,2,2022-04-19 09:06:23
1650359183729461000,21.0,8,20.85,4,21.05,12,2,2022-04-19 09:06:23
1650359184222253000,21.0,2,20.85,4,21.0,6,1,2022-04-19 09:06:24
1650359194596755000,20.95,1,20.85,14,21.0,8,1,2022-04-19 09:06:34
1650359194596755000,21.0,5,20.85,14,21.0,8,1,2022-04-19 09:06:34
1650359197382654000,20.9,1,20.9,1,21.0,8,2,2022-04-19 09:06:37
1650359200521134000,21.0,1,20.9,1,21.0,7,1,2022-04-19 09:06:40
1650359202989470000,20.9,1,20.85,14,20.9,2,2,2022-04-19 09:06:42
1650359203013950000,20.9,2,20.85,14,21.0,7,1,2022-04-19 09:06:43
1650359206860184000,20.85,1,20.85,13,21.0,10,2,2022-04-19 09:06:46
1650359211377994000,20.85,10,20.85,7,20.9,1,2,2022-04-19 09:06:51
1650359211422275000,20.85,1,20.85,6,20.9,1,2,2022-04-19 09:06:51
1650359211442458000,20.85,1,20.85,5,20.9,1,2,2022-04-19 09:06:51
1650359211442831000,20.85,1,20.85,4,20.9,1,2,2022-04-19 09:06:51
1650359212003253000,20.85,1,20.85,3,20.9,2,2,2022-04-19 09:06:52
1650359214018641000,20.85,1,20.85,2,20.9,4,2,2022-04-19 09:06:54
1650359214141855000,20.9,2,20.85,2,20.9,2,1,2022-04-19 09:06:54
1650359214194199000,20.85,1,20.85,1,20.9,2,2,2022-04-19 09:06:54
1650359214378218000,20.85,1,20.8,19,20.9,2,2,2022-04-19 09:06:54
1650359220201336000,20.8,1,20.8,22,20.85,3,2,2022-04-19 09:07:00
1650359220250535000,20.8,10,20.8,12,20.85,3,2,2022-04-19 09:07:00
1650359228304351000,20.85,1,20.8,12,20.85,5,1,2022-04-19 09:07:08
1650359228411134000,20.8,2,20.8,10,20.85,5,2,2022-04-19 09:07:08
1650359228914047000,20.85,5,20.85,1,20.9,2,1,2022-04-19 09:07:08
1650359236729459000,20.85,2,20.85,5,20.9,3,2,2022-04-19 09:07:16
1650359237151756000,20.85,2,20.85,13,20.9,3,2,2022-04-19 09:07:17
1650359237654457000,20.85,3,20.85,10,20.9,3,2,2022-04-19 09:07:17
1650359238451588000,20.9,3,20.85,10,20.9,1,1,2022-04-19 09:07:18
1650359239798643000,20.85,4,20.85,6,20.9,1,2,2022-04-19 09:07:19
1650359248736154000,20.9,1,20.85,6,21.0,4,1,2022-04-19 09:07:28
1650359258100036000,21.0,1,20.9,14,21.0,4,1,2022-04-19 09:07:38
1650359268355982000,21.0,5,20.9,21,21.0,1,1,2022-04-19 09:07:48
1650359269589128000,21.0,1,20.9,19,21.05,1,1,2022-04-19 09:07:49
1650359271199057000,21.0,1,20.9,19,21.05,1,2,2022-04-19 09:07:51
1650359275706816000,21.0,1,20.9,19,21.05,1,1,2022-04-19 09:07:55
1650359284986322000,20.9,1,20.9,24,21.05,1,2,2022-04-19 09:08:04
1650359285508537000,21.05,1,21.0,10,21.1,6,1,2022-04-19 09:08:05
1650359285508537000,21.1,1,21.0,10,21.1,6,1,2022-04-19 09:08:05
1650359291679012000,21.1,1,21.0,10,21.1,5,1,2022-04-19 09:08:11
1650359294002037000,21.1,1,21.0,10,21.1,4,1,2022-04-19 09:08:14
1650359298716464000,21.0,2,21.0,9,21.1,5,2,2022-04-19 09:08:18
1650359302731928000,21.1,2,21.0,9,21.1,3,1,2022-04-19 09:08:22
1650359306260635000,21.1,1,21.0,11,21.1,3,1,2022-04-19 09:08:26
1650359306287079000,21.0,3,21.0,8,21.1,3,2,2022-04-19 09:08:26
1650359311743481000,21.0,1,21.0,9,21.05,1,2,2022-04-19 09:08:31
1650359317937350000,21.0,3,21.0,8,21.05,1,2,2022-04-19 09:08:37
1650359320333770000,21.0,1,21.0,11,21.05,1,2,2022-04-19 09:08:40
1650359326212029000,21.0,1,21.0,11,21.05,1,2,2022-04-19 09:08:46
1650359326310829000,21.05,1,21.05,2,21.1,6,1,2022-04-19 09:08:46
1650359327690803000,21.05,2,21.0,11,21.1,6,2,2022-04-19 09:08:47
1650359328879987000,21.1,2,21.0,9,21.1,4,1,2022-04-19 09:08:48
1650359330656052000,21.1,3,21.0,9,21.1,1,1,2022-04-19 09:08:50
1650359331877432000,21.0,1,21.0,8,21.1,1,2,2022-04-19 09:08:51
1650359333067014000,21.1,1,21.1,1,21.15,6,1,2022-04-19 09:08:53
1650359335976556000,21.1,1,21.0,8,21.1,2,2,2022-04-19 09:08:55
1650359337573187000,21.1,1,21.0,8,21.1,2,1,2022-04-19 09:08:57
1650359344459704000,21.05,1,21.0,8,21.05,8,2,2022-04-19 09:09:04
1650359344997731000,21.05,8,21.0,8,21.15,6,1,2022-04-19 09:09:04
1650359344997731000,21.1,2,21.0,8,21.15,6,1,2022-04-19 09:09:04
1650359348432252000,21.0,1,21.0,8,21.15,6,2,2022-04-19 09:09:08
1650359356957301000,21.05,1,21.05,7,21.15,5,2,2022-04-19 09:09:16
1650359362386520000,21.05,1,21.05,6,21.15,5,2,2022-04-19 09:09:22
1650359362808726000,21.1,1,21.05,5,21.1,2,1,2022-04-19 09:09:22
1650359368235325000,21.1,4,21.1,6,21.15,5,1,2022-04-19 09:09:28
1650359370470937000,21.1,1,21.1,5,21.15,5,2,2022-04-19 09:09:30
1650359370721006000,21.1,1,21.1,4,21.15,5,2,2022-04-19 09:09:30
1650359370947141000,21.1,1,21.1,3,21.15,5,2,2022-04-19 09:09:30
1650359380187832000,21.1,4,21.05,5,21.1,1,2,2022-04-19 09:09:40
1650359380402518000,21.05,5,21.0,11,21.1,1,2,2022-04-19 09:09:40
1650359397498289000,21.0,2,21.0,10,21.1,1,2,2022-04-19 09:09:57
1650359399627627000,21.0,2,21.0,10,21.1,1,2,2022-04-19 09:09:59
1650359402760387000,21.0,10,20.95,1,21.1,4,2,2022-04-19 09:10:02
1650359405493195000,21.0,1,20.95,1,21.1,4,2,2022-04-19 09:10:05
1650359411862180000,21.0,1,21.0,9,21.1,5,2,2022-04-19 09:10:11
1650359412146450000,21.0,1,21.0,8,21.1,5,2,2022-04-19 09:10:12
1650359423508759000,21.1,5,21.0,8,21.1,1,1,2022-04-19 09:10:23
1650359425715078000,21.0,1,21.0,9,21.1,1,2,2022-04-19 09:10:25
1650359434841982000,21.0,1,21.0,8,21.1,2,2,2022-04-19 09:10:34
1650359470682411000,21.05,9,21.05,1,21.1,5,2,2022-04-19 09:11:10
1650359470713908000,21.05,1,21.0,9,21.1,5,2,2022-04-19 09:11:10
1650359481738690000,21.0,9,20.95,4,21.1,5,2,2022-04-19 09:11:21
1650359481738690000,20.95,1,20.95,4,21.1,5,2,2022-04-19 09:11:21
1650359483467744000,21.0,1,20.95,4,21.1,4,2,2022-04-19 09:11:23
1650359491175398000,21.0,1,20.9,28,21.1,3,2,2022-04-19 09:11:31
1650359491175398000,20.95,4,20.9,28,21.1,3,2,2022-04-19 09:11:31
1650359500827252000,20.95,1,21.15,6,21.2,5,1,2022-04-19 09:11:40
1650359500827252000,21.05,5,21.15,6,21.2,5,1,2022-04-19 09:11:40
1650359500827252000,21.1,3,21.15,6,21.2,5,1,2022-04-19 09:11:40
1650359500827252000,21.15,5,21.15,6,21.2,5,1,2022-04-19 09:11:40
1650359503979456000,21.15,2,21.15,4,21.2,5,2,2022-04-19 09:11:43
1650359504005705000,21.15,4,20.9,27,21.2,5,2,2022-04-19 09:11:44
1650359504656530000,21.0,2,20.9,27,21.2,5,1,2022-04-19 09:11:44
1650359512168552000,21.0,1,20.95,5,21.0,4,2,2022-04-19 09:11:52
1650359512324805000,21.0,4,20.95,6,21.15,1,1,2022-04-19 09:11:52
1650359521756081000,21.0,1,20.95,16,21.15,1,1,2022-04-19 09:12:01
1650359540383149000,21.0,9,20.95,10,21.1,1,2,2022-04-19 09:12:20
1650359540383149000,20.95,6,20.95,10,21.1,1,2,2022-04-19 09:12:20
1650359562034343000,21.0,1,21.0,7,21.1,1,2,2022-04-19 09:12:42
1650359567253403000,21.0,1,21.0,6,21.1,1,2,2022-04-19 09:12:47
1650359575448253000,21.0,5,21.0,1,21.1,1,2,2022-04-19 09:12:55
1650359579190403000,21.0,1,20.95,10,21.0,1,2,2022-04-19 09:12:59
1650359582442967000,20.95,10,20.85,9,21.0,1,2,2022-04-19 09:13:02
1650359582442967000,20.9,19,20.85,9,21.0,1,2,2022-04-19 09:13:02
1650359583631369000,20.85,9,20.8,2,20.95,1,2,2022-04-19 09:13:03
1650359583631369000,20.8,20,20.8,2,20.95,1,2,2022-04-19 09:13:03
1650359593597419000,20.8,1,20.8,1,20.9,2,2,2022-04-19 09:13:13
1650359600883762000,20.8,1,20.75,3,20.85,1,2,2022-04-19 09:13:20
1650359609007174000,20.85,1,20.8,66,20.85,1,1,2022-04-19 09:13:29
1650359609042354000,20.85,1,20.8,66,20.9,2,1,2022-04-19 09:13:29
1650359612725992000,20.85,2,20.8,66,20.9,2,2,2022-04-19 09:13:32
1650359617441574000,20.9,3,20.8,66,21.0,3,1,2022-04-19 09:13:37
1650359617441574000,20.95,1,20.8,66,21.0,3,1,2022-04-19 09:13:37
1650359624643721000,20.85,2,20.8,57,21.0,7,2,2022-04-19 09:13:44
1650359624643721000,20.8,9,20.8,57,21.0,7,2,2022-04-19 09:13:44
1650359628452631000,20.8,2,20.8,55,20.95,4,2,2022-04-19 09:13:48
1650359632707366000,20.8,1,20.8,54,20.95,4,2,2022-04-19 09:13:52
1650359634239861000,20.95,1,20.8,54,20.95,3,1,2022-04-19 09:13:54
1650359647502853000,20.85,2,20.85,3,20.9,1,2,2022-04-19 09:14:07
1650359649359312000,20.9,1,20.85,3,20.95,9,1,2022-04-19 09:14:09
1650359654976148000,20.85,1,20.85,3,20.9,1,2,2022-04-19 09:14:14
1650359662373311000,20.85,1,20.85,6,20.95,8,2,2022-04-19 09:14:22
1650359681109655000,20.85,1,20.85,6,20.9,2,2,2022-04-19 09:14:41
1650359687322484000,20.85,6,20.75,21,20.8,3,2,2022-04-19 09:14:47
1650359687322484000,20.8,61,20.75,21,20.8,3,2,2022-04-19 09:14:47
1650359687366932000,20.75,1,20.75,20,20.8,3,2,2022-04-19 09:14:47
1650359687378197000,20.75,1,20.75,19,20.8,3,2,2022-04-19 09:14:47
1650359687487181000,20.8,3,20.75,19,20.95,8,1,2022-04-19 09:14:47
1650359687487181000,20.9,2,20.75,19,20.95,8,1,2022-04-19 09:14:47
1650359691670571000,20.75,1,20.75,18,20.95,8,2,2022-04-19 09:14:51
1650359699193875000,20.75,3,20.75,16,20.9,3,2,2022-04-19 09:14:59
1650359700021061000,20.75,1,20.7,5,20.9,3,2,2022-04-19 09:15:00
1650359701674341000,20.7,5,20.55,1,20.6,27,2,2022-04-19 09:15:01
1650359701674341000,20.65,1,20.55,1,20.6,27,2,2022-04-19 09:15:01
1650359701674341000,20.6,37,20.55,1,20.6,27,2,2022-04-19 09:15:01
1650359701703779000,20.55,1,20.5,33,20.6,27,2,2022-04-19 09:15:01
1650359701715547000,20.5,1,20.5,32,20.55,2,2,2022-04-19 09:15:01
1650359702939699000,20.5,32,20.4,1,20.5,38,2,2022-04-19 09:15:02
1650359708619902000,20.4,1,20.35,2,20.45,3,2,2022-04-19 09:15:08
1650359709677717000,20.45,1,20.35,2,20.45,4,1,2022-04-19 09:15:09
1650359716072713000,20.45,1,20.35,5,20.45,3,1,2022-04-19 09:15:16
1650359716290806000,20.45,1,20.35,5,20.45,2,1,2022-04-19 09:15:16
1650359719243940000,20.4,1,20.35,5,20.55,5,1,2022-04-19 09:15:19
1650359727547703000,20.4,1,20.35,5,20.45,3,2,2022-04-19 09:15:27
1650359727547703000,20.35,1,20.35,5,20.45,3,2,2022-04-19 09:15:27
1650359728045381000,20.4,1,20.4,9,20.45,3,1,2022-04-19 09:15:28
1650359731042403000,20.45,1,20.4,9,20.45,2,1,2022-04-19 09:15:31
1650359736304298000,20.4,1,20.4,8,20.45,2,2,2022-04-19 09:15:36
1650359736701345000,20.4,5,20.4,3,20.45,2,2,2022-04-19 09:15:36
1650359736991082000,20.45,1,20.4,3,20.45,1,1,2022-04-19 09:15:36
1650359737171854000,20.4,1,20.4,2,20.45,1,2,2022-04-19 09:15:37
1650359737446040000,20.45,1,20.4,2,20.5,2,1,2022-04-19 09:15:37
1650359754159967000,20.45,1,20.4,16,20.45,4,1,2022-04-19 09:15:54
1650359754186963000,20.45,3,20.4,16,20.45,1,1,2022-04-19 09:15:54
1650359754301653000,20.45,1,20.4,26,20.5,2,1,2022-04-19 09:15:54
1650359758813156000,20.5,1,20.4,7,20.55,5,1,2022-04-19 09:15:58
1650359761694240000,20.45,2,20.4,6,20.45,8,1,2022-04-19 09:16:01
1650359765822284000,20.45,1,20.4,6,20.45,7,1,2022-04-19 09:16:05
1650359768046327000,20.45,1,20.4,7,20.45,6,1,2022-04-19 09:16:08
1650359769874875000,20.45,1,20.4,7,20.45,5,1,2022-04-19 09:16:09
1650359770923788000,20.45,1,20.4,7,20.45,4,1,2022-04-19 09:16:10
1650359772053612000,20.45,1,20.4,7,20.45,3,1,2022-04-19 09:16:12
1650359773837321000,20.45,1,20.4,7,20.45,2,1,2022-04-19 09:16:13
1650359779145817000,20.45,1,20.4,7,20.45,1,1,2022-04-19 09:16:19
1650359781236801000,20.45,1,20.4,7,20.45,3,1,2022-04-19 09:16:21
1650359783120989000,20.45,2,20.4,7,20.45,1,1,2022-04-19 09:16:23
1650359784753332000,20.45,1,20.45,2,20.55,5,1,2022-04-19 09:16:24
1650359788940257000,20.45,3,20.45,1,20.55,5,2,2022-04-19 09:16:28
1650359816878802000,20.45,5,20.45,4,20.5,1,2,2022-04-19 09:16:56
1650359819158093000,20.45,1,20.45,3,20.5,1,2,2022-04-19 09:16:59
1650359823004153000,20.45,3,20.4,8,20.5,1,2,2022-04-19 09:17:03
1650359829909188000,20.4,1,20.4,7,20.45,1,2,2022-04-19 09:17:09
1650359832113569000,20.45,1,20.4,7,20.5,1,1,2022-04-19 09:17:12
1650359838109110000,20.45,1,20.4,7,20.5,1,2,2022-04-19 09:17:18
1650359841761455000,20.45,1,20.4,7,20.5,2,2,2022-04-19 09:17:21
1650359850271116000,20.45,1,20.4,9,20.45,2,1,2022-04-19 09:17:30
1650359850564791000,20.45,2,20.45,3,20.5,2,1,2022-04-19 09:17:30
1650359852447524000,20.45,1,20.45,2,20.5,2,2,2022-04-19 09:17:32
1650359856802739000,20.45,1,20.45,1,20.5,2,2,2022-04-19 09:17:36
1650359856838357000,20.45,1,20.4,9,20.5,2,2,2022-04-19 09:17:36
1650359860547830000,20.45,1,20.4,9,20.45,1,2,2022-04-19 09:17:40
1650359864489392000,20.45,1,20.4,10,20.45,1,1,2022-04-19 09:17:44
1650359866998606000,20.45,1,20.4,10,20.5,2,1,2022-04-19 09:17:46
1650359882542855000,20.5,1,20.45,1,20.5,1,1,2022-04-19 09:18:02
1650359891627740000,20.45,1,20.4,10,20.5,2,2,2022-04-19 09:18:11
1650359903751569000,20.45,1,20.45,5,20.5,2,2,2022-04-19 09:18:23
1650359911182464000,20.45,1,20.45,4,20.5,5,2,2022-04-19 09:18:31
1650359913742720000,20.45,1,20.45,3,20.5,5,2,2022-04-19 09:18:33
1650359933842302000,20.5,6,20.45,4,20.65,1,1,2022-04-19 09:18:53
1650359933842302000,20.65,4,20.45,4,20.65,1,1,2022-04-19 09:18:53
1650359935270604000,20.45,1,20.45,3,20.65,1,2,2022-04-19 09:18:55
1650359965376163000,20.5,1,20.45,4,20.6,1,2,2022-04-19 09:19:25
1650359969903571000,20.45,2,20.45,2,20.6,1,2,2022-04-19 09:19:29
1650359982764188000,20.45,1,20.45,1,20.6,1,2,2022-04-19 09:19:42
1650359984495124000,20.45,1,20.45,1,20.6,1,2,2022-04-19 09:19:44
1650359985266834000,20.6,1,20.45,1,20.65,1,1,2022-04-19 09:19:45
1650359985266834000,20.65,1,20.45,1,20.65,1,1,2022-04-19 09:19:45
1650359993689085000,20.65,1,20.5,2,20.7,1,1,2022-04-19 09:19:53
1650360006621102000,20.7,1,20.65,1,20.75,2,1,2022-04-19 09:20:06
1650360012055713000,20.7,1,20.65,1,20.7,2,2,2022-04-19 09:20:12
1650360012844329000,20.7,1,20.65,1,20.7,1,1,2022-04-19 09:20:12
1650360017306805000,20.7,1,20.7,9,20.75,2,1,2022-04-19 09:20:17
1650360031216797000,20.75,2,20.7,13,20.8,5,1,2022-04-19 09:20:31
1650360034755730000,20.7,1,20.7,12,20.8,5,2,2022-04-19 09:20:34
1650360041021057000,20.7,10,20.7,2,20.8,5,2,2022-04-19 09:20:41
1650360041053113000,20.7,2,20.65,2,20.8,5,2,2022-04-19 09:20:41
1650360049784046000,20.7,1,20.65,3,20.75,2,2,2022-04-19 09:20:49
1650360054950340000,20.65,3,20.6,1,20.75,4,2,2022-04-19 09:20:54
1650360057332319000,20.6,1,20.5,11,20.55,496,2,2022-04-19 09:20:57
1650360057332319000,20.55,2,20.5,11,20.55,496,2,2022-04-19 09:20:57
1650360062638996000,20.5,10,20.5,1,20.7,1,2,2022-04-19 09:21:02
1650360062854616000,20.5,1,20.45,2,20.7,1,2,2022-04-19 09:21:02
1650360062854616000,20.45,9,20.45,2,20.7,1,2,2022-04-19 09:21:02
1650360080354304000,20.55,1,20.5,2,20.65,1,2,2022-04-19 09:21:20
1650360080354304000,20.5,2,20.5,2,20.65,1,2,2022-04-19 09:21:20
1650360088100304000,20.65,1,20.5,3,20.7,3,1,2022-04-19 09:21:28
1650360107736146000,20.65,4,20.65,8,20.7,1,2,2022-04-19 09:21:47
1650360110768508000,20.7,1,20.65,8,20.75,3,1,2022-04-19 09:21:50
1650360111421754000,20.65,2,20.65,6,20.75,3,2,2022-04-19 09:21:51
1650360113081065000,20.65,2,20.65,4,20.75,1,2,2022-04-19 09:21:53
1650360134108447000,20.65,3,20.65,3,20.75,1,2,2022-04-19 09:22:14
1650360164326882000,20.7,1,20.65,3,20.75,1,1,2022-04-19 09:22:44
1650360177005956000,20.75,1,20.65,3,20.8,4,1,2022-04-19 09:22:57
1650360182958396000,20.75,1,20.65,3,20.8,4,2,2022-04-19 09:23:02
1650360197143403000,20.75,2,20.7,1,20.8,4,1,2022-04-19 09:23:17
1650360228634172000,20.7,1,20.7,1,20.75,3,2,2022-04-19 09:23:48
1650360252328367000,20.7,1,20.65,4,20.75,2,2,2022-04-19 09:24:12
1650360275654578000,20.8,4,20.7,5,20.85,4,1,2022-04-19 09:24:35
1650360279735200000,20.85,1,20.7,5,20.85,3,1,2022-04-19 09:24:39
1650360290126815000,20.85,2,20.7,5,20.85,1,1,2022-04-19 09:24:50
1650360295826459000,20.7,4,20.7,1,20.85,3,2,2022-04-19 09:24:55
1650360347570044000,20.7,1,20.7,2,20.8,2,2,2022-04-19 09:25:47
1650360394484337000,20.75,1,20.7,5,20.8,2,1,2022-04-19 09:26:34
1650360407501473000,20.8,1,20.7,5,20.8,1,1,2022-04-19 09:26:47
1650360415483043000,20.8,1,20.7,4,20.85,3,1,2022-04-19 09:26:55
1650360416254208000,20.7,4,20.65,3,20.85,3,2,2022-04-19 09:26:56
1650360437751262000,20.75,1,20.75,1,20.8,6,2,2022-04-19 09:27:17
1650360442502709000,20.75,1,20.7,2,20.8,6,2,2022-04-19 09:27:22
1650360457988500000,20.75,1,20.7,2,20.75,9,1,2022-04-19 09:27:37
1650360478645249000,20.7,2,20.7,1,20.75,12,2,2022-04-19 09:27:58
1650360478682626000,20.7,1,20.65,4,20.75,12,2,2022-04-19 09:27:58
1650360492809591000,20.7,1,20.65,4,20.7,1,1,2022-04-19 09:28:12
1650360509059727000,20.7,1,20.7,9,20.75,12,1,2022-04-19 09:28:29
1650360530046085000,20.7,9,20.7,1,20.75,12,2,2022-04-19 09:28:50
1650360530071454000,20.7,1,20.65,5,20.75,12,2,2022-04-19 09:28:50
1650360536050560000,20.7,1,20.65,5,20.7,4,1,2022-04-19 09:28:56
1650360541167268000,20.65,1,20.65,4,20.7,4,2,2022-04-19 09:29:01
1650360545458438000,20.65,1,20.65,3,20.7,4,2,2022-04-19 09:29:05
1650360559863377000,20.65,3,20.65,1,20.7,18,2,2022-04-19 09:29:19
1650360559893683000,20.65,1,20.55,2,20.7,18,2,2022-04-19 09:29:19
1650360574624342000,20.6,1,20.6,9,20.65,10,2,2022-04-19 09:29:34
1650360582947882000,20.6,1,20.6,8,20.65,10,2,2022-04-19 09:29:42
1650360588881989000,20.65,2,20.6,8,20.65,8,1,2022-04-19 09:29:48
1650360598155247000,20.6,8,20.55,1,20.65,8,2,2022-04-19 09:29:58
1650360598155247000,20.55,1,20.55,1,20.65,8,2,2022-04-19 09:29:58
1650360617395372000,20.55,1,20.55,1,20.6,14,2,2022-04-19 09:30:17
1650360626079981000,20.55,1,20.5,12,20.6,14,2,2022-04-19 09:30:26
1650360634337292000,20.55,1,20.5,12,20.6,14,2,2022-04-19 09:30:34
1650360656024122000,20.55,1,20.5,14,20.6,14,1,2022-04-19 09:30:56
1650360666620311000,20.5,15,20.45,10,20.5,15,2,2022-04-19 09:31:06
1650360687007823000,20.5,2,20.45,12,20.5,13,1,2022-04-19 09:31:27
1650360697111754000,20.5,2,20.45,12,20.5,11,1,2022-04-19 09:31:37
1650360706355735000,20.45,12,20.4,22,20.45,2,2,2022-04-19 09:31:46
1650360706384977000,20.45,2,20.4,22,20.5,11,1,2022-04-19 09:31:46
1650360716336972000,20.4,5,20.4,17,20.5,11,2,2022-04-19 09:31:56
1650360718866096000,20.4,5,20.4,12,20.5,11,2,2022-04-19 09:31:58
1650360722908324000,20.4,2,20.4,11,20.5,11,2,2022-04-19 09:32:02
1650360729326779000,20.4,10,20.4,2,20.5,11,2,2022-04-19 09:32:09
1650360729662042000,20.4,2,20.35,1,20.5,11,2,2022-04-19 09:32:09
1650360729662042000,20.35,8,20.35,1,20.5,11,2,2022-04-19 09:32:09
1650360739346380000,20.35,1,20.35,2,20.5,11,2,2022-04-19 09:32:19
1650360739395380000,20.35,1,20.35,1,20.5,11,2,2022-04-19 09:32:19
1650360739732335000,20.35,1,20.3,4,20.5,11,2,2022-04-19 09:32:19
1650360739732335000,20.3,19,20.3,4,20.5,11,2,2022-04-19 09:32:19
1650360739858944000,20.3,4,20.25,17,20.45,1,2,2022-04-19 09:32:19
1650360739858944000,20.25,5,20.25,17,20.45,1,2,2022-04-19 09:32:19
1650360739985925000,20.25,17,20.2,11,20.45,1,2,2022-04-19 09:32:19
1650360739985925000,20.2,3,20.2,11,20.45,1,2,2022-04-19 09:32:19
1650360740169569000,20.2,11,20.15,7,20.2,9,2,2022-04-19 09:32:20
1650360740196230000,20.2,9,20.15,7,20.5,11,1,2022-04-19 09:32:20
1650360741872380000,20.15,7,20.1,3,20.35,1,2,2022-04-19 09:32:21
1650360741872380000,20.1,13,20.1,3,20.35,1,2,2022-04-19 09:32:21
1650360743476288000,20.1,3,20.0,9,20.3,1,2,2022-04-19 09:32:23
1650360743476288000,20.05,4,20.0,9,20.3,1,2,2022-04-19 09:32:23
1650360743476288000,20.0,13,20.0,9,20.3,1,2,2022-04-19 09:32:23
1650360743610872000,20.0,9,19.95,1,20.0,11,2,2022-04-19 09:32:23
1650360743732944000,20.0,9,19.95,1,20.0,2,1,2022-04-19 09:32:23
1650360743763075000,20.0,2,19.95,1,20.35,2,1,2022-04-19 09:32:23
1650360751097672000,20.1,1,20.05,1,20.35,2,1,2022-04-19 09:32:31
1650360751766724000,20.05,1,19.95,1,20.35,2,2,2022-04-19 09:32:31
1650360751766724000,20.0,1,19.95,1,20.35,2,2,2022-04-19 09:32:31
1650360770235923000,20.2,1,20.15,2,20.25,1,2,2022-04-19 09:32:50
1650360770816547000,20.15,2,20.1,2,20.25,1,2,2022-04-19 09:32:50
1650360771895408000,20.2,1,20.1,2,20.25,1,1,2022-04-19 09:32:51
1650360788748860000,20.2,2,20.2,1,20.25,1,2,2022-04-19 09:33:08
1650360788785582000,20.2,1,20.15,1,20.25,1,2,2022-04-19 09:33:08
1650360792456793000,20.25,1,20.2,3,20.3,1,1,2022-04-19 09:33:12
1650360844304530000,20.3,1,20.25,6,20.3,1,1,2022-04-19 09:34:04
1650360844924815000,20.3,1,20.25,6,20.35,5,1,2022-04-19 09:34:04
1650360907837237000,20.3,2,20.3,2,20.35,5,2,2022-04-19 09:35:07
1650360926100215000,20.3,4,20.25,9,20.3,2,2,2022-04-19 09:35:26
1650360949099802000,20.3,1,20.25,10,20.3,3,1,2022-04-19 09:35:49
1650360950685367000,20.3,1,20.25,10,20.3,7,1,2022-04-19 09:35:50
1650360954877601000,20.3,1,20.25,11,20.3,6,1,2022-04-19 09:35:54
1650360955886153000,20.3,1,20.25,11,20.3,5,1,2022-04-19 09:35:55
1650360960596871000,20.3,2,20.25,11,20.3,3,1,2022-04-19 09:36:00
1650360968492211000,20.3,1,20.25,11,20.3,2,1,2022-04-19 09:36:08
1650360968640773000,20.25,11,20.2,6,20.3,2,2,2022-04-19 09:36:08
1650361017035574000,20.25,4,20.2,8,20.3,8,2,2022-04-19 09:36:57
1650361038633215000,20.3,3,20.25,1,20.3,5,1,2022-04-19 09:37:18
1650361038671011000,20.25,1,20.2,4,20.3,5,2,2022-04-19 09:37:18
1650361066530795000,20.25,8,20.2,4,20.3,5,2,2022-04-19 09:37:46
1650361087555334000,20.25,1,20.25,1,20.3,5,1,2022-04-19 09:38:07
1650361090113566000,20.25,1,20.2,6,20.3,5,2,2022-04-19 09:38:10
1650361091439802000,20.3,2,20.2,6,20.3,3,1,2022-04-19 09:38:11
1650361092358507000,20.25,1,20.2,6,20.3,3,1,2022-04-19 09:38:12
1650361130985102000,20.3,3,20.25,1,20.35,5,1,2022-04-19 09:38:50
1650361152655047000,20.35,5,20.3,2,20.45,5,1,2022-04-19 09:39:12
1650361152783741000,20.3,1,20.3,1,20.45,5,2,2022-04-19 09:39:12
1650361195332412000,20.4,1,20.35,5,20.45,5,2,2022-04-19 09:39:55
1650361206990165000,20.35,1,20.35,4,20.45,5,2,2022-04-19 09:40:06
1650361239995172000,20.4,1,20.35,6,20.45,5,2,2022-04-19 09:40:39
1650361249096442000,20.4,1,20.35,6,20.4,1,1,2022-04-19 09:40:49
1650361252119446000,20.4,1,20.35,6,20.45,5,1,2022-04-19 09:40:52
1650361262662676000,20.45,1,20.4,2,20.45,4,1,2022-04-19 09:41:02
1650361306107079000,20.4,2,20.35,5,20.45,2,2,2022-04-19 09:41:46
1650361333229148000,20.4,1,20.35,5,20.45,12,2,2022-04-19 09:42:13
1650361343444765000,20.35,2,20.35,3,20.4,1,2,2022-04-19 09:42:23
1650361344589403000,20.35,1,20.35,2,20.4,1,2,2022-04-19 09:42:24
1650361357419540000,20.35,2,20.3,2,20.4,1,2,2022-04-19 09:42:37
1650361377656396000,20.4,1,20.3,2,20.45,11,1,2022-04-19 09:42:57
1650361394114312000,20.3,1,20.3,1,20.4,2,2,2022-04-19 09:43:14
1650361406599587000,20.3,1,20.25,7,20.3,4,2,2022-04-19 09:43:26
1650361425031202000,20.3,3,20.25,6,20.3,3,1,2022-04-19 09:43:45
1650361428115637000,20.25,1,20.25,5,20.3,3,2,2022-04-19 09:43:48
1650361435706138000,20.25,1,20.25,4,20.3,3,2,2022-04-19 09:43:55
1650361436311298000,20.25,4,20.2,15,20.25,1,2,2022-04-19 09:43:56
1650361446110400000,20.2,10,20.2,5,20.25,1,2,2022-04-19 09:44:06
1650361455876187000,20.2,1,20.2,4,20.25,1,2,2022-04-19 09:44:15
1650361456666324000,20.2,2,20.2,2,20.25,1,2,2022-04-19 09:44:16
1650361466539156000,20.2,2,20.15,3,20.25,1,2,2022-04-19 09:44:26
1650361476173154000,20.2,6,20.2,2,20.25,1,1,2022-04-19 09:44:36
1650361486040308000,20.25,1,20.2,2,20.35,1,1,2022-04-19 09:44:46
1650361546558721000,20.25,5,20.25,1,20.3,1,2,2022-04-19 09:45:46
1650361546590156000,20.25,1,20.2,2,20.3,1,2,2022-04-19 09:45:46
1650361572949080000,20.25,1,20.25,4,20.3,3,1,2022-04-19 09:46:12
1650361585493165000,20.25,1,20.25,3,20.3,3,2,2022-04-19 09:46:25
1650361585517945000,20.25,3,20.2,2,20.3,3,2,2022-04-19 09:46:25
1650361590886340000,20.2,2,20.1,11,20.3,3,2,2022-04-19 09:46:30
1650361590886340000,20.15,4,20.1,11,20.3,3,2,2022-04-19 09:46:30
1650361604995092000,20.25,1,20.1,11,20.3,4,2,2022-04-19 09:46:44
1650361613520871000,20.1,11,20.05,13,20.3,4,2,2022-04-19 09:46:53
1650361631126003000,20.1,1,20.05,17,20.25,10,1,2022-04-19 09:47:11
1650361667494771000,20.1,1,20.1,3,20.15,1,2,2022-04-19 09:47:47
1650361674624931000,20.1,3,20.0,2,20.15,1,2,2022-04-19 09:47:54
1650361674624931000,20.05,19,20.0,2,20.15,1,2,2022-04-19 09:47:54
1650361674624931000,20.0,33,20.0,2,20.15,1,2,2022-04-19 09:47:54
1650361677040456000,20.0,2,20.0,1,20.15,1,2,2022-04-19 09:47:57
1650361677917934000,20.0,1,19.95,3,20.0,1,2,2022-04-19 09:47:57
1650361677955660000,20.0,1,19.95,3,20.15,1,1,2022-04-19 09:47:57
1650361682759901000,19.95,2,19.9,8,20.0,2,2,2022-04-19 09:48:02
1650361682866165000,19.9,1,19.9,7,20.0,2,2,2022-04-19 09:48:02
1650361686469539000,19.9,7,19.85,11,19.9,5,2,2022-04-19 09:48:06
1650361686501273000,19.9,5,19.85,11,20.1,1,1,2022-04-19 09:48:06
1650361689218710000,19.85,3,19.85,9,20.1,1,2,2022-04-19 09:48:09
1650361689448600000,20.05,1,20.1,2,20.2,1,1,2022-04-19 09:48:09
1650361689448600000,20.1,1,20.1,2,20.2,1,1,2022-04-19 09:48:09
1650361689488324000,20.1,2,19.85,9,20.2,1,2,2022-04-19 09:48:09
1650361699454868000,20.1,1,19.95,6,20.2,1,2,2022-04-19 09:48:19
1650361708715629000,20.05,1,20.0,3,20.1,6,2,2022-04-19 09:48:28
1650361722804483000,20.05,1,20.0,3,20.05,7,1,2022-04-19 09:48:42
1650361738841687000,20.05,1,20.0,3,20.05,7,1,2022-04-19 09:48:58
1650361740000043000,20.05,1,20.0,3,20.05,10,1,2022-04-19 09:49:00
1650361741255350000,20.05,1,20.0,3,20.05,9,1,2022-04-19 09:49:01
1650361741292554000,20.05,9,20.0,3,20.1,3,1,2022-04-19 09:49:01
1650361745496587000,20.0,3,19.95,12,20.1,3,2,2022-04-19 09:49:05
1650361763204958000,20.05,1,19.95,13,20.1,2,2,2022-04-19 09:49:23
1650361763211726000,20.1,2,20.1,1,20.2,3,1,2022-04-19 09:49:23
1650361771203568000,20.1,1,19.95,13,20.2,3,2,2022-04-19 09:49:31
1650361779912945000,20.0,2,19.95,12,20.2,3,2,2022-04-19 09:49:39
1650361789563164000,20.05,1,20.0,16,20.2,1,2,2022-04-19 09:49:49
1650361789563164000,20.0,7,20.0,16,20.2,1,2,2022-04-19 09:49:49
1650361791175546000,20.2,1,20.0,16,20.25,3,1,2022-04-19 09:49:51
1650361827856114000,20.1,1,20.05,11,20.2,1,2,2022-04-19 09:50:27
1650361828638688000,20.1,2,20.05,11,20.2,1,1,2022-04-19 09:50:28
1650361836953935000,20.1,1,20.05,11,20.1,1,1,2022-04-19 09:50:36
1650361836985163000,20.1,1,20.05,11,20.2,1,1,2022-04-19 09:50:36
1650361849472143000,20.05,10,20.05,1,20.1,2,2,2022-04-19 09:50:49
1650361849506201000,20.05,1,20.0,18,20.1,2,2,2022-04-19 09:50:49
1650361857049952000,20.0,18,19.9,8,20.1,2,2,2022-04-19 09:50:57
1650361857049952000,19.95,17,19.9,8,20.1,2,2,2022-04-19 09:50:57
1650361860115842000,20.1,2,19.9,8,20.2,1,1,2022-04-19 09:51:00
1650361870530608000,19.9,4,19.9,5,20.1,1,2,2022-04-19 09:51:10
1650361870689999000,20.1,1,19.9,5,20.2,2,1,2022-04-19 09:51:10
1650361896725716000,20.1,1,19.9,5,20.1,1,1,2022-04-19 09:51:36
1650362014443562000,20.0,1,19.95,7,20.05,1,1,2022-04-19 09:53:34
1650362025743855000,20.0,1,19.95,7,20.05,1,1,2022-04-19 09:53:45
1650362028055462000,20.05,1,19.95,7,20.1,5,1,2022-04-19 09:53:48
1650362030451257000,20.0,1,19.95,7,20.0,1,2,2022-04-19 09:53:50
1650362040278507000,20.0,1,19.95,7,20.0,2,1,2022-04-19 09:54:00
1650362058173613000,20.05,1,20.0,1,20.1,5,1,2022-04-19 09:54:18
1650362063011555000,20.0,1,19.95,7,20.1,5,2,2022-04-19 09:54:23
1650362092166486000,20.0,1,20.0,11,20.1,9,2,2022-04-19 09:54:52
1650362142388948000,20.1,1,20.05,4,20.1,17,1,2022-04-19 09:55:42
1650362156614506000,20.1,1,20.05,9,20.1,7,1,2022-04-19 09:55:56
1650362158135902000,20.1,1,20.05,9,20.1,6,1,2022-04-19 09:55:58
1650362159558357000,20.1,3,20.05,9,20.1,3,1,2022-04-19 09:55:59
1650362159591377000,20.1,3,20.05,9,20.15,3,1,2022-04-19 09:55:59
1650362164819812000,20.15,1,20.1,12,20.2,1,1,2022-04-19 09:56:04
1650362167209633000,20.2,1,20.1,12,20.3,3,1,2022-04-19 09:56:07
1650362167258580000,20.15,1,20.1,8,20.3,3,2,2022-04-19 09:56:07
1650362167258580000,20.1,4,20.1,8,20.3,3,2,2022-04-19 09:56:07
1650362172708284000,20.25,1,20.1,8,20.3,3,1,2022-04-19 09:56:12
1650362185809673000,20.2,1,20.15,1,20.2,1,1,2022-04-19 09:56:25
1650362192842888000,20.2,1,20.15,1,20.25,3,1,2022-04-19 09:56:32
1650362206089304000,20.2,2,20.15,2,20.25,2,1,2022-04-19 09:56:46
1650362206089304000,20.25,1,20.15,2,20.25,2,1,2022-04-19 09:56:46
1650362209523619000,20.25,1,20.15,2,20.25,1,1,2022-04-19 09:56:49
1650362212852271000,20.25,2,20.15,2,20.3,6,1,2022-04-19 09:56:52
1650362237371151000,20.25,1,20.15,3,20.25,2,2,2022-04-19 09:57:17
1650362251744889000,20.25,3,20.15,4,20.3,6,1,2022-04-19 09:57:31
1650362262447967000,20.25,1,20.15,4,20.25,5,1,2022-04-19 09:57:42
1650362290274355000,20.15,4,20.1,9,20.25,11,2,2022-04-19 09:58:10
1650362302626615000,20.1,2,20.1,7,20.25,11,2,2022-04-19 09:58:22
1650362336456491000,20.1,2,20.1,6,20.15,2,2,2022-04-19 09:58:56
1650362351285078000,20.15,2,20.1,6,20.25,13,1,2022-04-19 09:59:11
1650362369272726000,20.1,2,20.1,5,20.25,13,2,2022-04-19 09:59:29
1650362409475698000,20.1,7,20.05,10,20.2,1,2,2022-04-19 10:00:09
1650362421498119000,20.05,10,20.0,41,20.2,1,2,2022-04-19 10:00:21
1650362429650292000,20.2,1,20.0,41,20.25,13,1,2022-04-19 10:00:29
1650362456425894000,20.2,1,20.05,2,20.2,4,1,2022-04-19 10:00:56
1650362475636419000,20.1,1,20.05,5,20.2,5,2,2022-04-19 10:01:15
1650362539978031000,20.1,1,20.1,1,20.2,5,2,2022-04-19 10:02:19
1650362618261338000,20.2,5,20.2,5,20.25,10,1,2022-04-19 10:03:38
1650362654420769000,20.2,1,20.15,2,20.25,10,1,2022-04-19 10:04:14
1650362656259261000,20.25,10,20.15,2,20.3,8,1,2022-04-19 10:04:16
1650362658247239000,20.15,2,20.1,3,20.3,8,2,2022-04-19 10:04:18
1650362679271240000,20.15,1,20.15,7,20.3,6,2,2022-04-19 10:04:39
1650362690949668000,20.25,1,20.2,6,20.3,3,1,2022-04-19 10:04:50
1650362690949668000,20.3,4,20.2,6,20.3,3,1,2022-04-19 10:04:50
1650362701253549000,20.3,1,20.2,5,20.3,2,1,2022-04-19 10:05:01
1650362714946785000,20.3,1,20.2,7,20.35,3,2,2022-04-19 10:05:14
1650362752686779000,20.3,1,20.2,11,20.35,5,1,2022-04-19 10:05:52
1650362762741773000,20.35,5,20.2,11,20.45,3,1,2022-04-19 10:06:02
1650362762741773000,20.4,9,20.2,11,20.45,3,1,2022-04-19 10:06:02
1650362762741773000,20.45,11,20.2,11,20.45,3,1,2022-04-19 10:06:02
1650362812480472000,20.4,2,20.2,11,20.45,7,1,2022-04-19 10:06:52
1650362819349473000,20.4,1,20.25,1,20.45,7,1,2022-04-19 10:06:59
1650362834303527000,20.45,7,20.25,1,20.5,13,1,2022-04-19 10:07:14
1650362834303527000,20.5,3,20.25,1,20.5,13,1,2022-04-19 10:07:14
1650362866503110000,20.45,3,20.25,8,20.5,2,1,2022-04-19 10:07:46
1650362866503110000,20.5,10,20.25,8,20.5,2,1,2022-04-19 10:07:46
1650362868501342000,20.5,1,20.25,8,20.5,1,1,2022-04-19 10:07:48
1650362870580542000,20.5,1,20.5,4,20.55,2,1,2022-04-19 10:07:50
1650362870611298000,20.5,4,20.25,8,20.55,2,2,2022-04-19 10:07:50
1650362873525855000,20.3,2,20.25,8,20.55,2,1,2022-04-19 10:07:53
1650362875256460000,20.5,1,20.25,8,20.55,2,2,2022-04-19 10:07:55
1650362883795502000,20.3,1,20.25,7,20.3,1,1,2022-04-19 10:08:03
1650362886301062000,20.3,1,20.25,7,20.5,1,1,2022-04-19 10:08:06
1650362893564770000,20.3,1,20.25,7,20.3,1,2,2022-04-19 10:08:13
1650362898084063000,20.3,1,20.25,7,20.45,2,1,2022-04-19 10:08:18
1650362904070050000,20.3,2,20.25,7,20.45,2,1,2022-04-19 10:08:24
1650362904608855000,20.25,1,20.25,6,20.45,2,2,2022-04-19 10:08:24
1650362926215510000,20.25,2,20.25,5,20.4,1,2,2022-04-19 10:08:46
1650362930219812000,20.25,1,20.25,5,20.4,1,2,2022-04-19 10:08:50
1650362945674114000,20.4,1,20.3,4,20.4,3,1,2022-04-19 10:09:05
1650362976037867000,20.4,1,20.35,4,20.4,2,1,2022-04-19 10:09:36
1650362978119963000,20.4,1,20.35,4,20.4,1,1,2022-04-19 10:09:38
1650362978736636000,20.4,1,20.35,4,20.45,2,1,2022-04-19 10:09:38
1650362982849709000,20.45,1,20.35,5,20.45,1,1,2022-04-19 10:09:42
1650362984736091000,20.45,1,20.35,5,20.5,2,1,2022-04-19 10:09:44
1650362990014005000,20.4,1,20.35,6,20.4,2,1,2022-04-19 10:09:50
1650362996391939000,20.4,1,20.35,6,20.4,1,1,2022-04-19 10:09:56
1650363005309339000,20.4,1,20.35,3,20.45,1,1,2022-04-19 10:10:05
1650363009290149000,20.4,1,20.35,3,20.4,3,2,2022-04-19 10:10:09
1650363024617345000,20.4,3,20.35,3,20.45,1,1,2022-04-19 10:10:24
1650363056044123000,20.45,1,20.35,4,20.5,1,1,2022-04-19 10:10:56
1650363073207292000,20.5,1,20.45,1,20.55,2,1,2022-04-19 10:11:13
1650363088375365000,20.5,1,20.45,1,20.55,2,2,2022-04-19 10:11:28
1650363097947236000,20.55,1,20.5,1,20.55,2,1,2022-04-19 10:11:37
1650363105597784000,20.5,1,20.45,1,20.55,2,2,2022-04-19 10:11:45
1650363119389127000,20.45,1,20.35,2,20.5,1,2,2022-04-19 10:11:59
1650363134966207000,20.5,1,20.35,2,20.55,2,2,2022-04-19 10:12:14
1650363149197936000,20.5,1,20.35,2,20.5,1,1,2022-04-19 10:12:29
1650363160737556000,20.5,1,20.4,2,20.5,2,1,2022-04-19 10:12:40
1650363193818473000,20.4,2,20.35,4,20.55,2,2,2022-04-19 10:13:13
1650363258667090000,20.4,1,20.4,4,20.45,1,1,2022-04-19 10:14:18
1650363272641485000,20.4,1,20.4,3,20.45,1,2,2022-04-19 10:14:32
1650363277018526000,20.45,1,20.4,4,20.5,3,1,2022-04-19 10:14:37
1650363281624898000,20.4,1,20.4,3,20.45,1,2,2022-04-19 10:14:41
1650363290992094000,20.45,1,20.4,3,20.5,3,1,2022-04-19 10:14:50
1650363342763732000,20.45,1,20.4,3,20.5,3,1,2022-04-19 10:15:42
1650363371865583000,20.4,3,20.35,4,20.4,1,2,2022-04-19 10:16:11
1650363395781134000,20.4,1,20.35,4,20.4,1,1,2022-04-19 10:16:35
1650363409306902000,20.4,1,20.35,4,20.5,8,1,2022-04-19 10:16:49
1650363468244976000,20.4,3,20.35,4,20.45,2,2,2022-04-19 10:17:48
1650363509423691000,20.35,4,20.3,4,20.35,1,2,2022-04-19 10:18:29
1650363519694934000,20.35,1,20.3,4,20.4,4,1,2022-04-19 10:18:39
1650363527471572000,20.35,1,20.3,4,20.4,4,1,2022-04-19 10:18:47
1650363596230783000,20.35,2,20.3,4,20.4,4,1,2022-04-19 10:19:56
1650363602330980000,20.3,4,20.25,15,20.4,4,2,2022-04-19 10:20:02
1650363608256103000,20.35,2,20.25,15,20.4,4,2,2022-04-19 10:20:08
1650363677266797000,20.3,1,20.3,1,20.4,4,2,2022-04-19 10:21:17
1650363687936754000,20.35,1,20.3,1,20.4,4,2,2022-04-19 10:21:27
1650363707834226000,20.35,1,20.3,1,20.4,4,1,2022-04-19 10:21:47
1650363806385725000,20.4,4,20.35,5,20.45,5,1,2022-04-19 10:23:26
1650363831426765000,20.45,5,20.35,5,20.5,11,1,2022-04-19 10:23:51
1650363855906508000,20.5,1,20.4,1,20.5,10,1,2022-04-19 10:24:15
1650363889564823000,20.45,2,20.4,1,20.5,10,1,2022-04-19 10:24:49
1650363909478122000,20.45,2,20.4,1,20.45,1,2,2022-04-19 10:25:09
1650363920432887000,20.45,2,20.45,1,20.5,10,1,2022-04-19 10:25:20
1650363920457391000,20.45,1,20.4,1,20.5,10,2,2022-04-19 10:25:20
1650363935764251000,20.4,2,20.35,4,20.4,1,2,2022-04-19 10:25:35
1650363948518024000,20.4,1,20.35,4,20.5,10,1,2022-04-19 10:25:48
1650363959654436000,20.4,1,20.4,1,20.5,10,1,2022-04-19 10:25:59
1650364006510726000,20.5,1,20.4,2,20.5,11,1,2022-04-19 10:26:46
1650364038591607000,20.5,1,20.4,2,20.5,10,1,2022-04-19 10:27:18
1650364104313708000,20.5,10,20.4,7,20.55,2,1,2022-04-19 10:28:24
1650364134289874000,20.45,1,20.4,7,20.5,4,2,2022-04-19 10:28:54
1650364161313792000,20.45,1,20.4,6,20.45,1,1,2022-04-19 10:29:21
1650364169472450000,20.45,1,20.5,5,20.55,2,1,2022-04-19 10:29:29
1650364169472450000,20.5,4,20.5,5,20.55,2,1,2022-04-19 10:29:29
1650364169500107000,20.5,5,20.4,6,20.55,2,2,2022-04-19 10:29:29
1650364195151109000,20.55,1,20.45,1,20.55,1,1,2022-04-19 10:29:55
1650364223299631000,20.45,1,20.4,6,20.45,1,2,2022-04-19 10:30:23
1650364255156362000,20.45,1,20.4,6,20.5,2,1,2022-04-19 10:30:55
1650364261886815000,20.5,2,20.4,6,20.55,2,1,2022-04-19 10:31:01
1650364269534682000,20.55,2,20.5,10,20.6,7,1,2022-04-19 10:31:09
1650364271018701000,20.6,7,20.5,10,20.65,3,1,2022-04-19 10:31:11
1650364279272694000,20.65,3,20.55,1,20.7,4,1,2022-04-19 10:31:19
1650364289913722000,20.65,2,20.55,2,20.7,3,1,2022-04-19 10:31:29
1650364305828493000,20.65,1,20.55,2,20.65,1,1,2022-04-19 10:31:45
1650364316889549000,20.6,2,20.55,2,20.65,1,2,2022-04-19 10:31:56
1650364318734021000,20.55,1,20.55,3,20.65,1,2,2022-04-19 10:31:58
1650364360654203000,20.55,8,20.5,16,20.65,4,2,2022-04-19 10:32:40
1650364376303872000,20.5,5,20.5,11,20.6,3,2,2022-04-19 10:32:56
1650364376337019000,20.5,10,20.5,1,20.6,3,2,2022-04-19 10:32:56
1650364376367978000,20.5,1,20.4,7,20.6,3,2,2022-04-19 10:32:56
1650364417769998000,20.5,7,20.5,6,20.6,3,2,2022-04-19 10:33:37
1650364418898401000,20.6,3,20.6,2,20.65,4,1,2022-04-19 10:33:38
1650364419764368000,20.6,2,20.4,7,20.5,3,2,2022-04-19 10:33:39
1650364419764368000,20.5,7,20.4,7,20.5,3,2,2022-04-19 10:33:39
1650364419796221000,20.5,1,20.4,7,20.5,2,1,2022-04-19 10:33:39
1650364428031087000,20.5,2,20.4,8,20.65,4,1,2022-04-19 10:33:48
1650364515562916000,20.6,1,20.5,60,20.6,3,1,2022-04-19 10:35:15
1650364555073974000,20.6,2,20.55,1,20.6,2,1,2022-04-19 10:35:55
1650364580102831000,20.6,3,20.55,2,20.65,4,1,2022-04-19 10:36:20
1650364636139624000,20.6,1,20.55,2,20.65,4,1,2022-04-19 10:37:16
1650364650023088000,20.6,3,20.55,2,20.6,3,2,2022-04-19 10:37:30
1650364707753634000,20.6,1,20.55,2,20.6,2,1,2022-04-19 10:38:27
1650364726519655000,20.6,2,20.55,2,20.65,4,1,2022-04-19 10:38:46
1650364726519655000,20.65,3,20.55,2,20.65,4,1,2022-04-19 10:38:46
1650364814037141000,20.6,2,20.55,2,20.65,5,2,2022-04-19 10:40:14
1650364889091517000,20.55,3,20.45,1,20.55,2,2,2022-04-19 10:41:29
1650364905349422000,20.55,2,20.45,1,20.6,4,1,2022-04-19 10:41:45
1650364924105711000,20.5,5,20.45,1,20.6,4,2,2022-04-19 10:42:04
1650364974930717000,20.5,7,20.5,3,20.55,2,2,2022-04-19 10:42:54
1650364979972980000,20.5,3,20.45,1,20.5,1,2,2022-04-19 10:42:59
1650364989946699000,20.5,1,20.45,1,20.55,2,1,2022-04-19 10:43:09
1650365021072129000,20.5,1,20.5,1,20.55,1,2,2022-04-19 10:43:41
1650365028838400000,20.5,1,20.45,1,20.55,1,2,2022-04-19 10:43:48
1650365052788454000,20.5,2,20.45,1,20.5,3,2,2022-04-19 10:44:12
1650365054293627000,20.5,3,20.5,47,20.55,1,1,2022-04-19 10:44:14
1650365093519502000,20.55,1,20.5,47,20.6,2,1,2022-04-19 10:44:53
1650365154592449000,20.55,2,20.5,47,20.6,2,2,2022-04-19 10:45:54
1650365240721155000,20.5,6,20.5,43,20.55,7,2,2022-04-19 10:47:20
1650365240754228000,20.5,10,20.5,33,20.55,7,2,2022-04-19 10:47:20
1650365242179197000,20.5,5,20.5,28,20.55,7,2,2022-04-19 10:47:22
1650365243055872000,20.5,10,20.5,18,20.55,7,2,2022-04-19 10:47:23
1650365243076658000,20.5,5,20.5,13,20.55,7,2,2022-04-19 10:47:23
1650365249452534000,20.5,1,20.5,12,20.55,7,2,2022-04-19 10:47:29
1650365261762713000,20.5,3,20.5,9,20.55,12,2,2022-04-19 10:47:41
1650365261792818000,20.5,9,20.45,1,20.55,12,2,2022-04-19 10:47:41
1650365291395254000,20.55,5,20.45,1,20.55,7,1,2022-04-19 10:48:11
1650365372430715000,20.5,3,20.45,1,20.55,7,1,2022-04-19 10:49:32
1650365418972715000,20.5,3,20.45,1,20.55,4,1,2022-04-19 10:50:18
1650365418972715000,20.55,3,20.45,1,20.55,4,1,2022-04-19 10:50:18
1650365442835489000,20.55,1,20.5,6,20.55,3,1,2022-04-19 10:50:42
1650365465810909000,20.5,2,20.5,1,20.55,3,2,2022-04-19 10:51:05
1650365480068160000,20.5,1,20.4,6,20.55,3,2,2022-04-19 10:51:20
1650365566297374000,20.5,2,20.45,2,20.55,3,1,2022-04-19 10:52:46
1650365623904273000,20.5,1,20.45,2,20.55,3,1,2022-04-19 10:53:43
1650365658680913000,20.5,1,20.45,2,20.5,1,2,2022-04-19 10:54:18
1650365675864667000,20.45,1,20.3,3,20.5,1,2,2022-04-19 10:54:35
1650365675864667000,20.4,6,20.3,3,20.5,1,2,2022-04-19 10:54:35
1650365675864667000,20.35,5,20.3,3,20.5,1,2,2022-04-19 10:54:35
1650365675864667000,20.3,8,20.3,3,20.5,1,2,2022-04-19 10:54:35
1650365762201618000,20.3,1,20.3,7,20.5,2,2,2022-04-19 10:56:02
1650365783082477000,20.45,1,20.3,12,20.5,2,1,2022-04-19 10:56:23
1650365804071929000,20.5,2,20.5,3,20.55,4,1,2022-04-19 10:56:44
1650365840010711000,20.5,2,20.4,3,20.5,4,1,2022-04-19 10:57:20
1650365845155584000,20.5,4,20.5,1,20.55,4,1,2022-04-19 10:57:25
1650365851441934000,20.5,1,20.4,3,20.55,4,2,2022-04-19 10:57:31
1650365984898681000,20.5,2,20.4,2,20.55,4,1,2022-04-19 10:59:44
1650366003444388000,20.55,2,20.4,3,20.55,2,1,2022-04-19 11:00:03
1650366064310284000,20.5,1,20.4,3,20.5,1,1,2022-04-19 11:01:04
1650366093372345000,20.5,1,20.5,2,20.55,2,1,2022-04-19 11:01:33
1650366125975013000,20.5,2,20.45,3,20.5,2,2,2022-04-19 11:02:05
1650366129436391000,20.5,2,20.5,1,20.55,2,1,2022-04-19 11:02:09
1650366151666371000,20.55,2,20.5,3,20.65,11,1,2022-04-19 11:02:31
1650366151666371000,20.6,4,20.5,3,20.65,11,1,2022-04-19 11:02:31
1650366207779007000,20.55,3,20.5,6,20.6,5,1,2022-04-19 11:03:27
1650366254703568000,20.5,3,20.45,1,20.5,1,2,2022-04-19 11:04:14
1650366313814122000,20.5,1,20.45,2,20.5,10,1,2022-04-19 11:05:13
1650366322397872000,20.45,2,20.4,2,20.45,8,2,2022-04-19 11:05:22
1650366336997085000,20.4,1,20.35,1,20.4,7,2,2022-04-19 11:05:36
1650366349317302000,20.35,1,20.3,16,20.4,7,2,2022-04-19 11:05:49
1650366355175805000,20.3,7,20.3,9,20.55,3,2,2022-04-19 11:05:55
1650366362595825000,20.3,2,20.3,7,20.55,3,2,2022-04-19 11:06:02
1650366380356753000,20.35,1,20.3,5,20.55,3,2,2022-04-19 11:06:20
1650366380356753000,20.3,3,20.3,5,20.55,3,2,2022-04-19 11:06:20
1650366383837733000,20.3,3,20.3,2,20.55,3,2,2022-04-19 11:06:23
1650366516491549000,20.45,2,20.45,4,20.5,1,1,2022-04-19 11:08:36
1650366516704349000,20.5,1,20.45,4,20.55,4,1,2022-04-19 11:08:36
1650366516704349000,20.55,3,20.45,4,20.55,4,1,2022-04-19 11:08:36
1650366516707459000,20.55,4,20.45,4,20.6,4,1,2022-04-19 11:08:36
1650366774896442000,20.5,2,20.5,5,20.55,2,1,2022-04-19 11:12:54
1650366787588497000,20.5,5,20.45,3,20.55,2,2,2022-04-19 11:13:07
1650366836294759000,20.5,2,20.45,10,20.5,1,1,2022-04-19 11:13:56
1650366856832790000,20.45,10,20.4,2,20.5,11,2,2022-04-19 11:14:16
1650366954915480000,20.4,2,20.35,1,20.45,1,2,2022-04-19 11:15:54
1650366955279305000,20.35,1,20.3,13,20.35,1,2,2022-04-19 11:15:55
1650366958351508000,20.35,1,20.3,13,20.45,1,1,2022-04-19 11:15:58
1650366963653399000,20.3,13,20.25,13,20.4,1,2,2022-04-19 11:16:03
1650366963769506000,20.25,13,20.2,6,20.4,1,2,2022-04-19 11:16:03
1650366963880186000,20.2,3,20.2,3,20.35,1,2,2022-04-19 11:16:03
1650366963988977000,20.2,1,20.2,2,20.35,1,2,2022-04-19 11:16:03
1650366980899842000,20.4,1,20.2,2,20.45,2,1,2022-04-19 11:16:20
1650366990113398000,20.45,2,20.2,2,20.5,11,1,2022-04-19 11:16:30
1650367105046053000,20.45,1,20.3,2,20.45,2,1,2022-04-19 11:18:25
1650367117377857000,20.4,1,20.3,2,20.45,2,1,2022-04-19 11:18:37
1650367154792078000,20.3,2,20.2,8,20.4,1,2,2022-04-19 11:19:14
1650367154792078000,20.25,2,20.2,8,20.4,1,2,2022-04-19 11:19:14
1650367176809077000,20.4,1,20.2,9,20.45,2,1,2022-04-19 11:19:36
1650367366027272000,20.3,2,20.25,5,20.45,3,2,2022-04-19 11:22:46
1650367366027272000,20.25,2,20.25,5,20.45,3,2,2022-04-19 11:22:46
1650367387643985000,20.35,1,20.25,5,20.45,3,2,2022-04-19 11:23:07
1650367516515648000,20.4,2,20.25,4,20.45,3,1,2022-04-19 11:25:16
1650367770859355000,20.4,3,20.3,3,20.4,1,1,2022-04-19 11:29:30
1650367884775203000,20.35,4,20.3,7,20.35,6,2,2022-04-19 11:31:24
1650367888260221000,20.3,7,20.25,5,20.35,6,2,2022-04-19 11:31:28
1650367888773493000,20.25,5,20.2,13,20.25,2,2,2022-04-19 11:31:28
1650367900144229000,20.2,6,20.2,7,20.4,2,2,2022-04-19 11:31:40
1650367950502553000,20.25,1,20.2,8,20.25,1,2,2022-04-19 11:32:30
1650367964338428000,20.2,4,20.2,5,20.25,1,2,2022-04-19 11:32:44
1650367992655131000,20.2,1,20.2,5,20.25,1,2,2022-04-19 11:33:12
1650368006100011000,20.2,1,20.2,10,20.25,1,2,2022-04-19 11:33:26
1650368007194581000,20.25,1,20.2,10,20.4,7,1,2022-04-19 11:33:27
1650368101037616000,20.3,1,20.25,13,20.35,1,1,2022-04-19 11:35:01
1650368182357490000,20.3,1,20.25,12,20.35,1,2,2022-04-19 11:36:22
1650368252383985000,20.35,1,20.3,1,20.4,7,1,2022-04-19 11:37:32
1650368389554082000,20.35,3,20.3,10,20.4,7,1,2022-04-19 11:39:49
1650368439709893000,20.4,1,20.3,10,20.4,6,1,2022-04-19 11:40:39
1650368563927787000,20.3,3,20.3,8,20.4,8,2,2022-04-19 11:42:43
1650368611749979000,20.3,1,20.3,7,20.4,7,2,2022-04-19 11:43:31
1650368736134874000,20.35,5,20.3,2,20.4,10,2,2022-04-19 11:45:36
1650368736134874000,20.3,5,20.3,2,20.4,10,2,2022-04-19 11:45:36
1650368741670716000,20.3,2,20.25,13,20.4,10,2,2022-04-19 11:45:41
1650368746433586000,20.25,2,20.25,11,20.35,1,2,2022-04-19 11:45:46
1650368746434252000,20.25,1,20.25,10,20.35,1,2,2022-04-19 11:45:46
1650368746434492000,20.25,1,20.25,9,20.35,1,2,2022-04-19 11:45:46
1650368746434719000,20.25,1,20.25,8,20.35,1,2,2022-04-19 11:45:46
1650368746434920000,20.25,1,20.25,7,20.35,1,2,2022-04-19 11:45:46
1650368746435164000,20.25,2,20.25,5,20.35,1,2,2022-04-19 11:45:46
1650368746435394000,20.25,1,20.25,4,20.35,1,2,2022-04-19 11:45:46
1650368746435591000,20.25,2,20.25,2,20.35,1,2,2022-04-19 11:45:46
1650368746435814000,20.25,1,20.25,1,20.35,1,2,2022-04-19 11:45:46
1650368746436042000,20.25,1,20.2,3,20.35,1,2,2022-04-19 11:45:46
1650368772839497000,20.25,1,20.25,1,20.35,1,2,2022-04-19 11:46:12
1650368786820876000,20.25,1,20.2,3,20.25,1,2,2022-04-19 11:46:26
1650368800021705000,20.25,1,20.2,6,20.35,1,1,2022-04-19 11:46:40
1650368915555565000,20.25,3,20.2,6,20.35,1,2,2022-04-19 11:48:35
1650368915555565000,20.2,1,20.2,6,20.35,1,2,2022-04-19 11:48:35
1650369071939715000,20.25,1,20.25,1,20.3,1,2,2022-04-19 11:51:11
1650369095866143000,20.25,3,20.25,1,20.3,1,2,2022-04-19 11:51:35
1650369204262373000,20.3,1,20.25,2,20.35,1,1,2022-04-19 11:53:24
1650369211285750000,20.35,1,20.25,2,20.4,13,1,2022-04-19 11:53:31
1650369469657048000,20.35,4,20.2,1,20.4,9,2,2022-04-19 11:57:49
1650369469657048000,20.25,2,20.2,1,20.4,9,2,2022-04-19 11:57:49
1650369469657048000,20.2,4,20.2,1,20.4,9,2,2022-04-19 11:57:49
1650369510919514000,20.35,1,20.25,1,20.35,2,1,2022-04-19 11:58:30
1650369520758134000,20.35,2,20.25,2,20.4,9,1,2022-04-19 11:58:40
1650369529388860000,20.4,2,20.25,2,20.4,7,1,2022-04-19 11:58:49
1650369575013483000,20.35,1,20.25,2,20.4,7,1,2022-04-19 11:59:35
1650369652473144000,20.25,3,20.2,10,20.35,2,2,2022-04-19 12:00:52
1650369664582372000,20.35,2,20.2,10,20.4,7,1,2022-04-19 12:01:04
1650369866024499000,20.35,1,20.2,9,20.4,8,1,2022-04-19 12:04:26
1650369991895779000,20.35,1,20.25,8,20.35,1,1,2022-04-19 12:06:31
1650370191559917000,20.3,1,20.25,9,20.3,4,1,2022-04-19 12:09:51
1650370205062609000,20.3,2,20.25,8,20.3,2,1,2022-04-19 12:10:05
1650370208935712000,20.3,2,20.3,1,20.35,3,1,2022-04-19 12:10:08
1650370240454496000,20.3,1,20.3,4,20.35,3,2,2022-04-19 12:10:40
1650370248652014000,20.3,4,20.25,7,20.3,6,2,2022-04-19 12:10:48
1650370282116302000,20.3,1,20.25,7,20.3,5,1,2022-04-19 12:11:22
1650370287683610000,20.25,3,20.25,4,20.3,5,2,2022-04-19 12:11:27
1650370302399750000,20.25,4,20.2,11,20.25,1,2,2022-04-19 12:11:42
1650370363782209000,20.2,1,20.2,11,20.25,1,2,2022-04-19 12:12:43
1650370388806327000,20.2,1,20.2,10,20.3,3,2,2022-04-19 12:13:08
1650370412588838000,20.2,10,20.15,17,20.3,3,2,2022-04-19 12:13:32
1650370576895109000,20.2,1,20.2,1,20.25,3,2,2022-04-19 12:16:16
1650370621828159000,20.2,1,20.15,17,20.25,3,2,2022-04-19 12:17:01
1650370697473124000,20.2,2,20.15,17,20.25,3,1,2022-04-19 12:18:17
1650370720883982000,20.15,3,20.15,14,20.25,3,2,2022-04-19 12:18:40
1650370740325421000,20.15,10,20.15,4,20.2,2,2,2022-04-19 12:19:00
1650370778699364000,20.15,1,20.15,11,20.2,2,2,2022-04-19 12:19:38
1650370778699773000,20.15,4,20.15,7,20.2,2,2,2022-04-19 12:19:38
1650370778699984000,20.15,2,20.15,5,20.2,2,2,2022-04-19 12:19:38
1650370778700238000,20.15,5,20.1,35,20.2,2,2,2022-04-19 12:19:38
1650370814066926000,20.15,1,20.1,35,20.2,3,2,2022-04-19 12:20:14
1650370878715882000,20.15,2,20.1,39,20.15,3,2,2022-04-19 12:21:18
1650370900086401000,20.15,1,20.1,39,20.15,2,1,2022-04-19 12:21:40
1650370906120260000,20.15,1,20.1,39,20.15,1,1,2022-04-19 12:21:46
1650370910640779000,20.15,1,20.1,39,20.2,4,1,2022-04-19 12:21:50
1650370943775478000,20.15,3,20.1,2,20.2,5,2,2022-04-19 12:22:23
1650370943775478000,20.1,37,20.1,2,20.2,5,2,2022-04-19 12:22:23
1650370953468792000,20.15,1,20.15,4,20.2,4,2,2022-04-19 12:22:33
1650370954955211000,20.15,1,20.15,3,20.2,4,2,2022-04-19 12:22:34
1650370962637800000,20.15,3,20.1,2,20.2,4,2,2022-04-19 12:22:42
1650370964792512000,20.1,1,20.1,1,20.2,4,2,2022-04-19 12:22:44
1650370983231220000,20.1,1,20.1,1,20.15,6,2,2022-04-19 12:23:03
1650371001904235000,20.1,1,20.05,30,20.15,6,2,2022-04-19 12:23:21
1650371008835614000,20.05,30,20.0,57,20.15,6,2,2022-04-19 12:23:28
1650371008835614000,20.0,10,20.0,57,20.15,6,2,2022-04-19 12:23:28
1650371008835945000,20.0,4,20.0,53,20.15,6,2,2022-04-19 12:23:28
1650371008836181000,20.0,37,20.0,16,20.15,6,2,2022-04-19 12:23:28
1650371008836409000,20.0,16,19.95,14,20.15,6,2,2022-04-19 12:23:28
1650371012018208000,19.95,8,19.95,6,20.1,1,2,2022-04-19 12:23:32
1650371012018739000,19.95,6,19.9,18,20.1,1,2,2022-04-19 12:23:32
1650371012018739000,19.9,3,19.9,18,20.1,1,2,2022-04-19 12:23:32
1650371012018968000,19.9,12,19.9,6,20.1,1,2,2022-04-19 12:23:32
1650371012019201000,19.9,6,19.85,8,20.1,1,2,2022-04-19 12:23:32
1650371055477594000,19.9,1,19.9,4,20.0,1,2,2022-04-19 12:24:15
1650371067071074000,20.0,1,19.9,5,20.15,8,1,2022-04-19 12:24:27
1650371068819478000,19.9,1,19.9,4,20.15,8,2,2022-04-19 12:24:28
1650371109043391000,19.95,2,19.9,5,20.0,1,2,2022-04-19 12:25:09
1650371120771899000,20.0,1,19.9,6,20.15,8,1,2022-04-19 12:25:20
1650371120771899000,20.05,1,19.9,6,20.15,8,1,2022-04-19 12:25:20
1650371154466005000,20.05,1,20.0,1,20.15,8,2,2022-04-19 12:25:54
1650371189853608000,20.05,1,20.0,1,20.15,8,1,2022-04-19 12:26:29
1650371196407540000,20.0,3,19.95,4,20.15,8,2,2022-04-19 12:26:36
1650371242106377000,20.0,1,19.95,4,20.1,1,2,2022-04-19 12:27:22
1650371277258805000,20.0,1,19.95,6,20.1,1,1,2022-04-19 12:27:57
1650371305342453000,20.0,1,19.95,5,20.0,1,1,2022-04-19 12:28:25
1650371312605006000,19.95,1,19.95,4,20.0,1,2,2022-04-19 12:28:32
1650371343482378000,20.0,1,19.95,4,20.1,4,2,2022-04-19 12:29:03
1650371361875732000,19.95,3,19.95,1,20.1,9,2,2022-04-19 12:29:21
1650371425073541000,19.95,2,19.9,12,20.0,2,2,2022-04-19 12:30:25
1650371429467973000,19.9,12,19.85,14,19.9,1,2,2022-04-19 12:30:29
1650371442441849000,19.9,1,19.85,16,19.95,1,1,2022-04-19 12:30:42
1650371459075635000,19.9,1,19.85,16,19.95,2,2,2022-04-19 12:30:59
1650371468153381000,19.95,1,19.85,16,19.95,1,1,2022-04-19 12:31:08
1650371483188661000,19.9,1,19.85,16,20.0,7,1,2022-04-19 12:31:23
1650371501249098000,19.95,1,19.9,2,20.0,8,1,2022-04-19 12:31:41
1650371548186748000,19.95,1,19.95,2,20.0,13,2,2022-04-19 12:32:28
1650371578867750000,19.95,2,19.9,3,19.95,1,2,2022-04-19 12:32:58
1650371603802022000,19.95,1,19.9,11,20.0,15,1,2022-04-19 12:33:23
1650371609414378000,19.95,1,19.95,1,20.0,15,2,2022-04-19 12:33:29
1650371610022084000,20.0,2,19.95,1,20.0,13,1,2022-04-19 12:33:30
1650371630384386000,19.95,1,19.9,11,19.95,1,2,2022-04-19 12:33:50
1650371642654947000,19.95,1,19.9,11,20.0,13,1,2022-04-19 12:34:02
1650371650507350000,19.9,1,19.9,10,20.0,16,2,2022-04-19 12:34:10
1650371673016982000,19.95,1,19.9,11,19.95,4,1,2022-04-19 12:34:33
1650371677618968000,19.95,2,19.9,11,19.95,2,1,2022-04-19 12:34:37
1650371679160345000,19.9,3,19.9,8,19.95,2,2,2022-04-19 12:34:39
1650371690419867000,19.95,2,19.9,8,20.0,16,1,2022-04-19 12:34:50
1650371694779485000,19.9,8,19.85,18,19.9,2,2,2022-04-19 12:34:54
1650371706234992000,19.9,2,19.85,18,20.0,16,1,2022-04-19 12:35:06
1650371711162302000,19.85,3,19.85,15,20.0,16,2,2022-04-19 12:35:11
1650371756803914000,19.85,3,19.85,12,19.9,5,2,2022-04-19 12:35:56
1650371778640432000,19.85,1,19.85,11,19.9,16,2,2022-04-19 12:36:18
1650371780573338000,19.85,3,19.85,8,19.9,16,2,2022-04-19 12:36:20
1650371783778024000,19.85,7,19.8,18,19.85,3,2,2022-04-19 12:36:23
1650371784537005000,19.85,1,19.8,18,19.85,2,1,2022-04-19 12:36:24
1650371794526586000,19.8,3,19.8,18,19.85,3,2,2022-04-19 12:36:34
1650371794954027000,19.8,5,19.8,13,19.85,3,2,2022-04-19 12:36:34
1650371799342063000,19.8,10,19.8,3,19.85,8,2,2022-04-19 12:36:39
1650371800695776000,19.8,1,19.8,2,19.85,7,2,2022-04-19 12:36:40
1650371802265872000,19.8,2,19.65,5,19.7,4,2,2022-04-19 12:36:42
1650371802265872000,19.75,4,19.65,5,19.7,4,2,2022-04-19 12:36:42
1650371802265872000,19.7,8,19.65,5,19.7,4,2,2022-04-19 12:36:42
1650371805374353000,19.65,4,19.65,1,19.8,2,2,2022-04-19 12:36:45
1650371838425722000,19.7,1,19.7,6,19.8,5,2,2022-04-19 12:37:18
1650371846381499000,19.7,2,19.7,5,19.8,5,2,2022-04-19 12:37:26
1650371847740871000,19.7,4,19.7,6,19.8,5,2,2022-04-19 12:37:27
1650371853589045000,19.7,1,19.7,8,19.75,1,2,2022-04-19 12:37:33
1650371860725051000,19.75,1,19.75,1,19.8,5,1,2022-04-19 12:37:40
1650371861136497000,19.75,1,19.7,9,19.8,5,2,2022-04-19 12:37:41
1650371907056253000,19.8,5,19.75,12,19.85,8,1,2022-04-19 12:38:27
1650371921853448000,19.8,1,19.8,4,19.85,8,2,2022-04-19 12:38:41
1650371928681562000,19.85,1,19.8,16,19.85,7,1,2022-04-19 12:38:48
1650371930121810000,19.8,5,19.8,11,19.85,7,2,2022-04-19 12:38:50
1650371944435467000,19.8,1,19.8,10,19.85,7,2,2022-04-19 12:39:04
1650371954953550000,19.85,1,19.8,10,19.85,6,1,2022-04-19 12:39:14
1650371964190601000,19.85,1,19.8,1,19.9,11,1,2022-04-19 12:39:24
1650371965443383000,19.9,1,19.85,1,19.9,10,1,2022-04-19 12:39:25
1650371965996397000,19.85,1,19.8,1,19.9,10,2,2022-04-19 12:39:25
1650371977519657000,19.85,1,19.8,1,19.9,10,1,2022-04-19 12:39:37
1650372012077567000,19.85,1,19.8,2,19.9,10,2,2022-04-19 12:40:12
1650372020516213000,19.85,1,19.8,2,19.85,4,1,2022-04-19 12:40:20
1650372044823532000,19.85,1,19.8,3,19.85,3,1,2022-04-19 12:40:44
1650372084509169000,19.85,3,19.85,5,19.9,11,1,2022-04-19 12:41:24
1650372093353253000,19.85,5,19.8,3,19.9,11,2,2022-04-19 12:41:33
1650372145673741000,19.9,11,19.9,4,19.95,12,1,2022-04-19 12:42:25
1650372169859946000,19.9,2,19.9,2,19.95,10,2,2022-04-19 12:42:49
1650372175856004000,19.95,10,19.95,5,20.0,20,1,2022-04-19 12:42:55
1650372193621983000,19.95,2,19.95,3,20.0,19,2,2022-04-19 12:43:13
1650372204059559000,19.95,1,19.95,3,20.0,19,2,2022-04-19 12:43:24
1650372206277676000,19.95,3,19.9,2,20.0,19,2,2022-04-19 12:43:26
1650372253594308000,19.9,2,19.85,3,19.95,5,2,2022-04-19 12:44:13
1650372505389579000,19.9,5,19.85,21,19.95,7,1,2022-04-19 12:48:25
1650372548275909000,19.9,4,19.9,1,19.95,7,2,2022-04-19 12:49:08
1650372550593422000,19.95,2,19.9,1,19.95,5,1,2022-04-19 12:49:10
1650372554880837000,19.9,1,19.85,12,19.95,5,2,2022-04-19 12:49:14
1650372613461173000,19.9,5,19.85,12,19.95,5,1,2022-04-19 12:50:13
1650372659687031000,19.9,1,19.9,3,19.95,6,2,2022-04-19 12:50:59
1650372660258195000,19.95,6,19.95,1,20.0,18,1,2022-04-19 12:51:00
1650372670699915000,19.95,1,19.9,3,20.0,18,2,2022-04-19 12:51:10
1650372713093133000,19.95,1,19.9,26,20.0,18,2,2022-04-19 12:51:53
1650372756394726000,19.95,3,19.9,27,19.95,2,2,2022-04-19 12:52:36
1650372769148836000,19.95,1,19.9,27,19.95,1,1,2022-04-19 12:52:49
1650372801270880000,19.95,1,19.9,26,19.95,5,1,2022-04-19 12:53:21
1650372811788628000,19.95,1,19.9,26,19.95,4,1,2022-04-19 12:53:31
1650372822356135000,19.95,4,19.95,6,20.0,18,1,2022-04-19 12:53:42
1650372838008670000,19.95,6,19.9,26,20.0,18,2,2022-04-19 12:53:58
1650372943660717000,19.9,5,19.9,23,19.95,10,2,2022-04-19 12:55:43
1650372959048348000,19.95,5,19.9,23,19.95,5,1,2022-04-19 12:55:59
1650372979218316000,19.95,5,19.9,23,20.0,20,1,2022-04-19 12:56:19
1650373003589482000,19.95,1,19.9,23,19.95,2,2,2022-04-19 12:56:43
1650373022166394000,19.95,1,19.9,23,19.95,1,1,2022-04-19 12:57:02
1650373059890454000,19.9,10,19.9,13,19.95,1,2,2022-04-19 12:57:39
1650373070861197000,19.95,1,19.9,13,19.95,4,1,2022-04-19 12:57:50
1650373142450945000,19.95,4,19.9,13,20.0,22,1,2022-04-19 12:59:02
1650373263215736000,19.95,2,19.9,13,19.95,8,1,2022-04-19 13:01:03
1650373268997663000,19.9,6,19.9,7,19.95,8,2,2022-04-19 13:01:08
1650373272685201000,19.9,3,19.9,4,19.95,5,2,2022-04-19 13:01:12
1650373274822072000,19.9,4,19.85,12,19.9,1,2,2022-04-19 13:01:14
1650373297828267000,19.9,1,19.85,12,19.95,6,1,2022-04-19 13:01:37
1650373359343681000,19.9,1,19.85,11,19.9,5,1,2022-04-19 13:02:39
1650373387172549000,19.9,1,19.85,11,19.9,7,1,2022-04-19 13:03:07
1650373405212251000,19.9,1,19.85,11,19.9,4,1,2022-04-19 13:03:25
1650373426857411000,19.9,1,19.85,11,19.9,3,1,2022-04-19 13:03:46
1650373462656864000,19.9,10,19.85,11,19.95,5,1,2022-04-19 13:04:22
1650373484762294000,19.95,1,19.9,11,19.95,4,1,2022-04-19 13:04:44
1650373485820923000,19.95,4,19.95,2,20.0,21,1,2022-04-19 13:04:45
1650373527503342000,20.0,20,19.95,13,20.0,8,1,2022-04-19 13:05:27
1650373527531848000,20.0,8,19.95,13,20.05,19,1,2022-04-19 13:05:27
1650373535466666000,20.0,1,19.95,13,20.05,19,1,2022-04-19 13:05:35
1650373640313979000,20.0,2,20.0,7,20.05,17,2,2022-04-19 13:07:20
1650373651500824000,20.0,1,20.0,9,20.05,17,2,2022-04-19 13:07:31
1650373679576548000,20.05,2,20.0,7,20.05,15,1,2022-04-19 13:07:59
1650373683868686000,20.0,5,20.0,2,20.05,15,2,2022-04-19 13:08:03
1650373697587407000,20.05,1,20.0,2,20.05,14,1,2022-04-19 13:08:17
1650373726172727000,20.05,10,20.0,2,20.05,4,1,2022-04-19 13:08:46
1650373729662664000,20.05,1,20.0,2,20.05,3,1,2022-04-19 13:08:49
1650373729694810000,20.05,3,20.0,2,20.1,13,1,2022-04-19 13:08:49
1650373735709658000,20.1,2,20.0,5,20.1,11,1,2022-04-19 13:08:55
1650373754491680000,20.1,1,20.05,2,20.1,9,1,2022-04-19 13:09:14
1650373816004705000,20.1,2,20.05,9,20.1,9,1,2022-04-19 13:10:16
1650373834194409000,20.1,5,20.05,14,20.1,8,1,2022-04-19 13:10:34
1650373838303281000,20.1,5,20.05,14,20.1,3,1,2022-04-19 13:10:38
1650373838642906000,20.1,1,20.05,14,20.1,2,1,2022-04-19 13:10:38
1650373841929039000,20.1,2,20.05,14,20.15,12,1,2022-04-19 13:10:41
1650373880718675000,20.1,1,20.1,1,20.15,12,2,2022-04-19 13:11:20
1650373881272144000,20.1,3,20.1,8,20.15,12,2,2022-04-19 13:11:21
1650373909166801000,20.1,1,20.1,8,20.15,12,2,2022-04-19 13:11:49
1650373948653493000,20.1,1,20.1,10,20.15,15,2,2022-04-19 13:12:28
1650373950019896000,20.15,1,20.1,10,20.15,14,1,2022-04-19 13:12:30
1650373959538482000,20.15,1,20.1,16,20.15,13,1,2022-04-19 13:12:39
1650373964400630000,20.15,1,20.1,16,20.15,12,1,2022-04-19 13:12:44
1650373976443758000,20.15,5,20.1,16,20.15,7,1,2022-04-19 13:12:56
1650373986126111000,20.15,1,20.1,16,20.15,6,1,2022-04-19 13:13:06
1650373988244029000,20.15,1,20.1,16,20.15,5,1,2022-04-19 13:13:08
1650373991419930000,20.15,1,20.1,16,20.15,4,1,2022-04-19 13:13:11
1650373996050137000,20.15,1,20.1,15,20.15,5,1,2022-04-19 13:13:16
1650373996050363000,20.15,1,20.1,15,20.15,4,1,2022-04-19 13:13:16
1650374001567032000,20.15,1,20.1,14,20.15,3,1,2022-04-19 13:13:21
1650374001572748000,20.15,1,20.1,14,20.15,2,1,2022-04-19 13:13:21
1650374002970008000,20.15,2,20.15,3,20.2,17,1,2022-04-19 13:13:22
1650374004046589000,20.15,3,20.1,14,20.15,2,2,2022-04-19 13:13:24
1650374006045395000,20.15,1,20.1,14,20.15,1,1,2022-04-19 13:13:26
1650374019435691000,20.15,1,20.1,14,20.2,17,1,2022-04-19 13:13:39
1650374042082844000,20.15,1,20.1,14,20.15,9,1,2022-04-19 13:14:02
1650374047447934000,20.15,1,20.1,14,20.15,8,1,2022-04-19 13:14:07
1650374053071351000,20.15,1,20.1,14,20.15,7,1,2022-04-19 13:14:13
1650374075463171000,20.15,1,20.1,14,20.15,6,1,2022-04-19 13:14:35
1650374081013589000,20.15,1,20.1,14,20.15,5,1,2022-04-19 13:14:41
1650374088113367000,20.15,1,20.1,14,20.15,4,1,2022-04-19 13:14:48
1650374092911889000,20.15,1,20.1,14,20.15,3,1,2022-04-19 13:14:52
1650374097226348000,20.15,3,20.1,14,20.15,1,1,2022-04-19 13:14:57
1650374103475529000,20.15,1,20.1,14,20.15,4,1,2022-04-19 13:15:03
1650374112112883000,20.15,1,20.1,14,20.15,3,1,2022-04-19 13:15:12
1650374118099105000,20.15,3,20.15,2,20.2,16,1,2022-04-19 13:15:18
1650374119241346000,20.15,1,20.15,1,20.2,16,2,2022-04-19 13:15:19
1650374126275605000,20.15,1,20.1,14,20.2,16,2,2022-04-19 13:15:26
1650374129296143000,20.1,1,20.1,13,20.2,16,2,2022-04-19 13:15:29
1650374148658767000,20.15,2,20.1,13,20.15,3,2,2022-04-19 13:15:48
1650374159685646000,20.15,1,20.1,13,20.15,8,1,2022-04-19 13:15:59
1650374161716572000,20.15,5,20.1,13,20.15,3,1,2022-04-19 13:16:01
1650374165095553000,20.15,1,20.1,14,20.15,4,1,2022-04-19 13:16:05
1650374165099055000,20.15,4,20.1,14,20.2,15,1,2022-04-19 13:16:05
1650374165099055000,20.2,1,20.1,14,20.2,15,1,2022-04-19 13:16:05
1650374168269689000,20.2,5,20.1,14,20.2,10,1,2022-04-19 13:16:08
1650374171334439000,20.2,5,20.1,14,20.2,4,1,2022-04-19 13:16:11
1650374174568750000,20.2,3,20.15,2,20.2,1,1,2022-04-19 13:16:14
1650374201896173000,20.2,1,20.15,8,20.2,5,1,2022-04-19 13:16:41
1650374274714970000,20.2,1,20.15,22,20.2,9,1,2022-04-19 13:17:54
1650374276920831000,20.2,1,20.15,22,20.2,8,1,2022-04-19 13:17:56
1650374284145317000,20.2,1,20.15,22,20.2,7,1,2022-04-19 13:18:04
1650374287017639000,20.2,1,20.15,22,20.2,6,1,2022-04-19 13:18:07
1650374292564942000,20.2,1,20.15,22,20.2,5,1,2022-04-19 13:18:12
1650374299891491000,20.2,1,20.15,22,20.2,1,1,2022-04-19 13:18:19
1650374303319670000,20.2,2,20.15,22,20.2,2,1,2022-04-19 13:18:23
1650374305273439000,20.2,2,20.15,20,20.25,33,1,2022-04-19 13:18:25
1650374308573752000,20.15,1,20.15,19,20.25,33,2,2022-04-19 13:18:28
1650374313523060000,20.15,2,20.15,17,20.25,33,2,2022-04-19 13:18:33
1650374320328895000,20.2,1,20.15,17,20.25,33,2,2022-04-19 13:18:40
1650374327931554000,20.2,1,20.15,17,20.2,5,1,2022-04-19 13:18:47
1650374334046760000,20.2,5,20.15,17,20.25,33,1,2022-04-19 13:18:54
1650374338137041000,20.25,1,20.15,17,20.25,32,1,2022-04-19 13:18:58
1650374350847890000,20.15,17,20.1,3,20.2,1,2,2022-04-19 13:19:10
1650374354262578000,20.2,1,20.1,4,20.2,1,1,2022-04-19 13:19:14
1650374359928453000,20.25,10,20.1,5,20.25,22,1,2022-04-19 13:19:19
1650374400344671000,20.2,8,20.1,11,20.2,22,1,2022-04-19 13:20:00
1650374429272608000,20.2,1,20.15,5,20.2,32,1,2022-04-19 13:20:29
1650374453312632000,20.15,5,20.15,1,20.2,34,2,2022-04-19 13:20:53
1650374463086753000,20.15,3,20.1,11,20.2,35,2,2022-04-19 13:21:03
1650374468495090000,20.15,1,20.15,1,20.2,35,2,2022-04-19 13:21:08
1650374471062336000,20.15,1,20.1,11,20.2,35,2,2022-04-19 13:21:11
1650374483429365000,20.15,1,20.1,11,20.2,34,2,2022-04-19 13:21:23
1650374495945927000,20.15,1,20.1,11,20.2,36,1,2022-04-19 13:21:35
1650374503039837000,20.15,1,20.1,11,20.2,36,2,2022-04-19 13:21:43
1650374519790544000,20.15,3,20.1,11,20.15,7,2,2022-04-19 13:21:59
1650374523422223000,20.1,1,20.1,10,20.15,7,2,2022-04-19 13:22:03
1650374523958877000,20.15,1,20.1,10,20.15,6,1,2022-04-19 13:22:03
1650374524387635000,20.15,9,20.15,1,20.2,23,1,2022-04-19 13:22:04
1650374525713596000,20.15,1,20.1,10,20.2,23,2,2022-04-19 13:22:05
1650374526064750000,20.1,3,20.1,7,20.2,23,2,2022-04-19 13:22:06
1650374537633898000,20.1,9,20.05,1,20.15,5,2,2022-04-19 13:22:17
1650374543009341000,20.05,1,20.0,2,20.15,6,2,2022-04-19 13:22:23
1650374543009341000,20.0,1,20.0,2,20.15,6,2,2022-04-19 13:22:23
1650374570029494000,20.0,5,19.9,5,20.1,10,2,2022-04-19 13:22:50
1650374570029494000,19.95,4,19.9,5,20.1,10,2,2022-04-19 13:22:50
1650374570029494000,19.9,4,19.9,5,20.1,10,2,2022-04-19 13:22:50
1650374626361775000,19.9,1,19.9,15,20.0,3,2,2022-04-19 13:23:46
1650374631405430000,19.95,1,19.95,6,20.0,2,2,2022-04-19 13:23:51
1650374637113971000,20.0,2,19.95,6,20.05,9,1,2022-04-19 13:23:57
1650374640403332000,19.95,5,19.95,1,20.05,9,2,2022-04-19 13:24:00
1650374640440241000,19.95,1,19.9,15,20.05,9,2,2022-04-19 13:24:00
1650374648929911000,20.0,1,19.95,5,20.0,4,2,2022-04-19 13:24:08
1650374650989344000,19.95,1,19.95,5,20.0,4,2,2022-04-19 13:24:10
1650374652549233000,20.0,1,19.95,5,20.0,3,1,2022-04-19 13:24:12
1650374658491633000,20.0,2,19.95,7,20.0,1,1,2022-04-19 13:24:18
1650374672415423000,20.0,2,19.95,9,20.0,10,1,2022-04-19 13:24:32
1650374679471506000,20.0,15,20.0,1,20.05,10,1,2022-04-19 13:24:39
1650374697579423000,20.0,2,20.0,1,20.05,10,2,2022-04-19 13:24:57
1650374698008993000,20.05,3,20.0,1,20.05,7,1,2022-04-19 13:24:58
1650375000000000000,20.2,260,20.15,3,20.2,10,1,2022-04-19 13:30:00
