ts,close,volume,bid_price,bid_volume,ask_price,ask_volume,tick_type,datetime
1650358803844212000,28.5,598,28.4,1,28.5,72,1,2022-04-19 09:00:03
1650358803879177000,28.4,1,28.3,10,28.5,72,2,2022-04-19 09:00:03
1650358803879889000,28.3,2,28.3,8,28.5,72,2,2022-04-19 09:00:03
1650358803898598000,28.5,2,28.3,8,28.5,70,1,2022-04-19 09:00:03
1650358804196980000,28.45,6,28.3,8,28.5,68,1,2022-04-19 09:00:04
1650358804196980000,28.5,2,28.3,8,28.5,68,1,2022-04-19 09:00:04
1650358804237758000,28.3,4,28.3,4,28.5,68,2,2022-04-19 09:00:04
1650358804242171000,28.35,6,28.2,4,28.5,68,2,2022-04-19 09:00:04
1650358804242171000,28.3,4,28.2,4,28.5,68,2,2022-04-19 09:00:04
1650358804242171000,28.2,7,28.2,4,28.5,68,2,2022-04-19 09:00:04
1650358804884656000,28.2,1,28.2,3,28.5,74,2,2022-04-19 09:00:04
1650358806340877000,28.4,2,28.2,3,28.4,8,1,2022-04-19 09:00:06
1650358806935556000,28.2,1,28.2,2,28.4,2,2,2022-04-19 09:00:06
1650358807021031000,28.4,2,28.2,2,28.45,3,1,2022-04-19 09:00:07
1650358807738300000,28.25,1,28.1,5,28.5,74,2,2022-04-19 09:00:07
1650358807738300000,28.2,2,28.1,5,28.5,74,2,2022-04-19 09:00:07
1650358807738300000,28.1,1,28.1,5,28.5,74,2,2022-04-19 09:00:07
1650358809194752000,28.4,1,28.1,4,28.45,1,2,2022-04-19 09:00:09
1650358809341081000,28.45,7,28.1,4,28.5,71,1,2022-04-19 09:00:09
1650358809341081000,28.5,3,28.1,4,28.5,71,1,2022-04-19 09:00:09
1650358810292391000,28.5,6,28.4,1,28.65,3,1,2022-04-19 09:00:10
1650358811628085000,28.65,1,28.4,1,28.65,2,1,2022-04-19 09:00:11
1650358812193066000,28.65,1,28.4,6,28.65,1,1,2022-04-19 09:00:12
1650358812271372000,28.4,1,28.4,5,28.65,1,2,2022-04-19 09:00:12
1650358812478315000,28.65,1,28.4,5,28.8,3,1,2022-04-19 09:00:12
1650358812478315000,28.7,8,28.4,5,28.8,3,1,2022-04-19 09:00:12
1650358812478315000,28.75,1,28.4,5,28.8,3,1,2022-04-19 09:00:12
1650358812602221000,28.8,1,28.45,1,28.8,2,1,2022-04-19 09:00:12
1650358812723329000,28.5,1,28.5,2,28.8,2,2,2022-04-19 09:00:12
1650358812762687000,28.5,2,28.45,2,28.8,2,2,2022-04-19 09:00:12
1650358812937315000,28.75,2,28.45,1,28.75,1,1,2022-04-19 09:00:12
1650358814401787000,28.45,1,28.2,1,28.75,1,2,2022-04-19 09:00:14
1650358814401787000,28.4,6,28.2,1,28.75,1,2,2022-04-19 09:00:14
1650358814401787000,28.25,1,28.2,1,28.75,1,2,2022-04-19 09:00:14
1650358814401787000,28.2,1,28.2,1,28.75,1,2,2022-04-19 09:00:14
1650358814465280000,28.2,1,28.15,11,28.7,1,2,2022-04-19 09:00:14
1650358815519642000,28.7,1,28.4,1,28.7,2,1,2022-04-19 09:00:15
1650358815527428000,28.7,1,28.4,1,28.7,1,1,2022-04-19 09:00:15
1650358816157550000,28.7,1,28.4,1,28.75,1,1,2022-04-19 09:00:16
1650358816695400000,28.75,1,28.4,1,28.8,2,1,2022-04-19 09:00:16
1650358816862670000,28.8,2,28.4,1,28.9,22,1,2022-04-19 09:00:16
1650358817586896000,28.75,5,28.45,1,28.9,22,2,2022-04-19 09:00:17
1650358817659424000,28.5,1,28.45,1,28.5,1,1,2022-04-19 09:00:17
1650358817670776000,28.5,1,28.45,1,28.9,22,1,2022-04-19 09:00:17
1650358818506477000,28.4,4,28.4,7,28.9,28,2,2022-04-19 09:00:18
1650358818841684000,28.75,1,28.4,7,28.85,4,2,2022-04-19 09:00:18
1650358818932578000,28.85,2,28.4,7,28.85,2,1,2022-04-19 09:00:18
1650358820086435000,28.75,1,28.45,1,28.8,1,2,2022-04-19 09:00:20
1650358820152472000,28.8,1,28.4,8,28.85,7,1,2022-04-19 09:00:20
1650358820558362000,28.8,2,28.45,1,28.8,3,1,2022-04-19 09:00:20
1650358821259342000,28.8,4,28.4,9,28.85,5,1,2022-04-19 09:00:21
1650358821259342000,28.85,2,28.4,9,28.85,5,1,2022-04-19 09:00:21
1650358822359165000,28.7,1,28.45,3,28.7,1,1,2022-04-19 09:00:22
1650358822693324000,28.7,1,28.7,1,28.85,5,1,2022-04-19 09:00:22
1650358822725190000,28.7,1,28.5,1,28.85,5,2,2022-04-19 09:00:22
1650358825187222000,28.55,1,28.5,6,28.55,19,1,2022-04-19 09:00:25
1650358825257045000,28.55,1,28.5,6,28.55,18,1,2022-04-19 09:00:25
1650358825495740000,28.55,1,28.5,7,28.55,17,1,2022-04-19 09:00:25
1650358826209259000,28.55,5,28.5,7,28.55,12,1,2022-04-19 09:00:26
1650358826210001000,28.55,3,28.5,7,28.55,9,1,2022-04-19 09:00:26
1650358826624400000,28.55,1,28.5,11,28.55,8,1,2022-04-19 09:00:26
1650358826649797000,28.55,2,28.5,11,28.55,6,1,2022-04-19 09:00:26
1650358827562233000,28.55,1,28.5,11,28.55,9,1,2022-04-19 09:00:27
1650358827844191000,28.5,11,28.5,1,28.55,9,2,2022-04-19 09:00:27
1650358828547897000,28.55,10,28.5,2,28.65,20,1,2022-04-19 09:00:28
1650358830064520000,28.55,1,28.55,1,28.6,10,2,2022-04-19 09:00:30
1650358830093953000,28.55,1,28.5,3,28.6,10,2,2022-04-19 09:00:30
1650358830557876000,28.55,1,28.5,3,28.55,9,1,2022-04-19 09:00:30
1650358830649310000,28.5,3,28.45,3,28.55,9,2,2022-04-19 09:00:30
1650358830666424000,28.55,9,28.45,3,28.6,9,1,2022-04-19 09:00:30
1650358830666424000,28.6,1,28.45,3,28.6,9,1,2022-04-19 09:00:30
1650358830820269000,28.55,1,28.45,3,28.6,9,2,2022-04-19 09:00:30
1650358831227217000,28.45,2,28.45,1,28.5,1,2,2022-04-19 09:00:31
1650358831609605000,28.5,1,28.45,1,28.5,3,1,2022-04-19 09:00:31
1650358831921023000,28.5,3,28.5,7,28.6,16,1,2022-04-19 09:00:31
1650358833187548000,28.55,1,28.55,1,28.6,16,1,2022-04-19 09:00:33
1650358833220400000,28.55,1,28.5,8,28.6,16,2,2022-04-19 09:00:33
1650358833324371000,28.5,2,28.5,6,28.6,16,2,2022-04-19 09:00:33
1650358833333263000,28.5,1,28.5,5,28.6,16,2,2022-04-19 09:00:33
1650358833363285000,28.5,5,28.45,1,28.6,16,2,2022-04-19 09:00:33
1650358833383455000,28.45,1,28.4,13,28.6,16,2,2022-04-19 09:00:33
1650358833433195000,28.6,1,28.4,13,28.6,15,1,2022-04-19 09:00:33
1650358833754050000,28.45,2,28.5,18,28.6,15,1,2022-04-19 09:00:33
1650358834269148000,28.5,8,28.5,12,28.6,15,2,2022-04-19 09:00:34
1650358835017091000,28.55,1,28.5,12,28.6,18,1,2022-04-19 09:00:35
1650358835158853000,28.5,5,28.5,7,28.6,18,2,2022-04-19 09:00:35
1650358835177449000,28.5,6,28.5,1,28.6,18,2,2022-04-19 09:00:35
1650358835197695000,28.5,1,28.4,13,28.6,18,2,2022-04-19 09:00:35
1650358835401693000,28.55,3,28.55,2,28.6,18,2,2022-04-19 09:00:35
1650358835467126000,28.55,1,28.55,1,28.6,18,2,2022-04-19 09:00:35
1650358835516441000,28.55,1,28.45,2,28.5,2,2,2022-04-19 09:00:35
1650358835516441000,28.5,2,28.45,2,28.5,2,2,2022-04-19 09:00:35
1650358836539306000,28.5,1,28.45,2,28.5,7,1,2022-04-19 09:00:36
1650358836673174000,28.5,5,28.45,2,28.5,2,1,2022-04-19 09:00:36
1650358836946726000,28.5,1,28.45,2,28.5,1,1,2022-04-19 09:00:36
1650358837288683000,28.5,1,28.45,2,28.6,18,1,2022-04-19 09:00:37
1650358838053862000,28.55,1,28.55,9,28.6,19,2,2022-04-19 09:00:38
1650358838195331000,28.6,1,28.55,9,28.6,18,1,2022-04-19 09:00:38
1650358838507352000,28.55,3,28.55,8,28.6,18,2,2022-04-19 09:00:38
1650358838784107000,28.6,1,28.55,8,28.6,18,1,2022-04-19 09:00:38
1650358838910559000,28.55,5,28.55,3,28.6,18,2,2022-04-19 09:00:38
1650358839177655000,28.55,3,28.5,1,28.55,2,2,2022-04-19 09:00:39
1650358839587172000,28.5,1,28.45,3,28.55,3,2,2022-04-19 09:00:39
1650358840279595000,28.5,1,28.45,3,28.55,13,2,2022-04-19 09:00:40
1650358840396195000,28.45,3,28.4,12,28.55,13,2,2022-04-19 09:00:40
1650358840396195000,28.4,2,28.4,12,28.55,13,2,2022-04-19 09:00:40
1650358841769411000,28.45,1,28.4,7,28.5,9,2,2022-04-19 09:00:41
1650358841769411000,28.4,5,28.4,7,28.5,9,2,2022-04-19 09:00:41
1650358841769857000,28.4,7,28.3,1,28.4,1,2,2022-04-19 09:00:41
1650358842643246000,28.4,1,28.3,1,28.4,15,1,2022-04-19 09:00:42
1650358842854491000,28.4,1,28.3,1,28.4,15,1,2022-04-19 09:00:42
1650358842927914000,28.4,1,28.3,1,28.4,14,1,2022-04-19 09:00:42
1650358843186433000,28.4,4,28.3,1,28.4,10,1,2022-04-19 09:00:43
1650358843501677000,28.4,2,28.3,1,28.4,8,1,2022-04-19 09:00:43
1650358843582741000,28.3,1,28.25,2,28.4,8,2,2022-04-19 09:00:43
1650358843582741000,28.25,3,28.25,2,28.4,8,2,2022-04-19 09:00:43
1650358844043112000,28.4,2,28.3,20,28.4,6,1,2022-04-19 09:00:44
1650358844567314000,28.4,6,28.3,20,28.5,11,1,2022-04-19 09:00:44
1650358844567314000,28.5,4,28.3,20,28.5,11,1,2022-04-19 09:00:44
1650358844688481000,28.5,1,28.3,20,28.5,10,1,2022-04-19 09:00:44
1650358844729422000,28.3,2,28.3,18,28.5,10,2,2022-04-19 09:00:44
1650358845132535000,28.3,18,28.25,2,28.3,2,2,2022-04-19 09:00:45
1650358845909845000,28.25,2,28.2,8,28.3,5,2,2022-04-19 09:00:45
1650358846036603000,28.3,1,28.2,8,28.3,4,1,2022-04-19 09:00:46
1650358846255169000,28.2,3,28.2,5,28.3,4,2,2022-04-19 09:00:46
1650358847014565000,28.2,1,28.2,4,28.3,4,2,2022-04-19 09:00:47
1650358847217190000,28.3,1,28.2,4,28.3,3,1,2022-04-19 09:00:47
1650358847613691000,28.2,1,28.2,3,28.3,3,2,2022-04-19 09:00:47
1650358848078905000,28.3,2,28.2,3,28.3,1,1,2022-04-19 09:00:48
1650358848634624000,28.3,1,28.25,1,28.35,20,1,2022-04-19 09:00:48
1650358849497894000,28.3,1,28.25,1,28.35,22,2,2022-04-19 09:00:49
1650358849705824000,28.25,1,28.2,3,28.35,22,2,2022-04-19 09:00:49
1650358849999949000,28.2,2,28.2,2,28.35,22,2,2022-04-19 09:00:49
1650358850707472000,28.2,1,28.2,1,28.35,22,2,2022-04-19 09:00:50
1650358851599109000,28.2,2,28.15,11,28.25,1,2,2022-04-19 09:00:51
1650358851650004000,28.25,3,28.15,11,28.3,6,1,2022-04-19 09:00:51
1650358851650004000,28.3,1,28.15,11,28.3,6,1,2022-04-19 09:00:51
1650358853215897000,28.25,1,28.2,1,28.3,6,2,2022-04-19 09:00:53
1650358853449970000,28.2,1,28.2,1,28.3,7,2,2022-04-19 09:00:53
1650358853669029000,28.2,1,28.15,2,28.3,8,2,2022-04-19 09:00:53
1650358853669029000,28.15,9,28.15,2,28.3,8,2,2022-04-19 09:00:53
1650358855310319000,28.3,1,28.15,2,28.3,16,1,2022-04-19 09:00:55
1650358855433511000,28.15,1,28.15,1,28.3,17,2,2022-04-19 09:00:55
1650358855463995000,28.3,1,28.15,1,28.3,16,1,2022-04-19 09:00:55
1650358856775460000,28.2,3,28.2,7,28.3,16,2,2022-04-19 09:00:56
1650358857381626000,28.3,1,28.2,7,28.3,15,1,2022-04-19 09:00:57
1650358858435603000,28.2,1,28.2,8,28.3,15,2,2022-04-19 09:00:58
1650358859711574000,28.25,1,28.2,15,28.3,16,2,2022-04-19 09:00:59
1650358859756653000,28.2,8,28.2,7,28.3,16,2,2022-04-19 09:00:59
1650358859937922000,28.3,2,28.2,7,28.3,14,1,2022-04-19 09:00:59
1650358860498442000,28.3,1,28.2,7,28.3,13,1,2022-04-19 09:01:00
1650358861373178000,28.2,1,28.2,7,28.3,13,2,2022-04-19 09:01:01
1650358861422436000,28.3,4,28.2,7,28.3,9,1,2022-04-19 09:01:01
1650358862430979000,28.2,3,28.2,4,28.3,9,2,2022-04-19 09:01:02
1650358862593308000,28.2,1,28.2,3,28.3,10,2,2022-04-19 09:01:02
1650358862602363000,28.2,1,28.2,2,28.3,10,2,2022-04-19 09:01:02
1650358862872699000,28.3,1,28.2,4,28.3,9,1,2022-04-19 09:01:02
1650358863210352000,28.3,1,28.2,5,28.3,8,1,2022-04-19 09:01:03
1650358863640069000,28.2,1,28.2,5,28.25,10,2,2022-04-19 09:01:03
1650358864056155000,28.2,5,28.15,8,28.2,5,2,2022-04-19 09:01:04
1650358864592248000,28.15,2,28.15,6,28.2,8,2,2022-04-19 09:01:04
1650358864745692000,28.15,5,28.15,1,28.2,8,2,2022-04-19 09:01:04
1650358864755764000,28.2,3,28.15,1,28.2,5,1,2022-04-19 09:01:04
1650358865218739000,28.2,1,28.15,1,28.2,4,1,2022-04-19 09:01:05
1650358865406208000,28.2,1,28.15,1,28.2,3,1,2022-04-19 09:01:05
1650358865703864000,28.2,1,28.15,1,28.2,2,1,2022-04-19 09:01:05
1650358865812156000,28.2,1,28.15,1,28.2,1,1,2022-04-19 09:01:05
1650358866338454000,28.2,1,28.2,2,28.25,12,1,2022-04-19 09:01:06
1650358866705472000,28.2,2,28.15,1,28.2,8,2,2022-04-19 09:01:06
1650358866993726000,28.2,5,28.15,1,28.2,13,1,2022-04-19 09:01:06
1650358867012840000,28.2,1,28.15,1,28.2,12,1,2022-04-19 09:01:07
1650358867033821000,28.2,1,28.15,1,28.2,11,1,2022-04-19 09:01:07
1650358867123896000,28.2,1,28.15,1,28.2,10,1,2022-04-19 09:01:07
1650358867231646000,28.15,1,28.1,18,28.15,1,2,2022-04-19 09:01:07
1650358867617448000,28.15,1,28.1,23,28.2,10,1,2022-04-19 09:01:07
1650358868008546000,28.15,1,28.1,23,28.15,1,1,2022-04-19 09:01:08
1650358868047180000,28.15,1,28.1,23,28.2,10,1,2022-04-19 09:01:08
1650358868119590000,28.2,1,28.1,23,28.2,9,1,2022-04-19 09:01:08
1650358868247662000,28.15,2,28.1,23,28.2,9,1,2022-04-19 09:01:08
1650358868581501000,28.1,2,28.1,21,28.2,9,2,2022-04-19 09:01:08
1650358869675299000,28.15,1,28.1,21,28.15,2,1,2022-04-19 09:01:09
1650358869933818000,28.1,1,28.1,20,28.15,2,2,2022-04-19 09:01:09
1650358870519919000,28.15,1,28.1,20,28.15,1,1,2022-04-19 09:01:10
1650358870534802000,28.15,1,28.1,20,28.2,19,1,2022-04-19 09:01:10
1650358870938336000,28.1,12,28.1,8,28.2,19,2,2022-04-19 09:01:10
1650358870982669000,28.1,4,28.1,4,28.2,19,2,2022-04-19 09:01:10
1650358872710017000,28.15,3,28.15,6,28.2,37,2,2022-04-19 09:01:12
1650358872919347000,28.15,4,28.15,2,28.2,37,2,2022-04-19 09:01:12
1650358873335289000,28.15,2,28.1,4,28.2,37,2,2022-04-19 09:01:13
1650358873335289000,28.1,4,28.1,4,28.2,37,2,2022-04-19 09:01:13
1650358873338975000,28.1,4,28.05,2,28.1,1,2,2022-04-19 09:01:13
1650358873580189000,28.05,2,28.0,76,28.1,1,2,2022-04-19 09:01:13
1650358874304267000,28.1,4,28.0,76,28.2,31,1,2022-04-19 09:01:14
1650358874304267000,28.15,6,28.0,76,28.2,31,1,2022-04-19 09:01:14
1650358874304267000,28.2,8,28.0,76,28.2,31,1,2022-04-19 09:01:14
1650358874435613000,28.05,6,28.0,6,28.2,32,2,2022-04-19 09:01:14
1650358874435613000,28.0,70,28.0,6,28.2,32,2,2022-04-19 09:01:14
1650358875312717000,28.0,6,27.9,1,28.0,14,2,2022-04-19 09:01:15
1650358875584055000,27.9,1,27.8,2,27.85,15,2,2022-04-19 09:01:15
1650358875584055000,27.85,4,27.8,2,27.85,15,2,2022-04-19 09:01:15
1650358878079274000,27.8,2,27.7,1,27.85,20,2,2022-04-19 09:01:18
1650358878330225000,27.8,1,27.7,1,27.8,28,1,2022-04-19 09:01:18
1650358879129023000,27.7,1,27.65,1,27.8,28,2,2022-04-19 09:01:19
1650358879152820000,27.65,1,27.5,41,27.8,28,2,2022-04-19 09:01:19
1650358881776570000,27.7,3,27.5,41,27.7,15,1,2022-04-19 09:01:21
1650358881887748000,27.7,1,27.5,41,27.7,14,1,2022-04-19 09:01:21
1650358882847779000,27.7,0,0.0,0,0.0,0,1,2022-04-19 09:01:22
1650359003258433000,27.5,210,27.45,1,27.5,23,2,2022-04-19 09:03:23
1650359003286030000,27.45,1,27.4,5,27.5,23,2,2022-04-19 09:03:23
1650359005099329000,27.45,1,27.4,5,27.45,9,1,2022-04-19 09:03:25
1650359006013303000,27.4,1,27.4,4,27.45,4,2,2022-04-19 09:03:26
1650359006894748000,27.4,3,27.4,1,27.45,4,2,2022-04-19 09:03:26
1650359006937807000,27.4,1,27.35,6,27.45,4,2,2022-04-19 09:03:26
1650359007057203000,27.35,2,27.35,4,27.45,4,2,2022-04-19 09:03:27
1650359007057481000,27.35,2,27.35,2,27.45,4,2,2022-04-19 09:03:27
1650359007057721000,27.35,2,27.3,33,27.45,4,2,2022-04-19 09:03:27
1650359007057903000,27.3,2,27.3,31,27.45,4,2,2022-04-19 09:03:27
1650359007058121000,27.3,2,27.3,29,27.45,4,2,2022-04-19 09:03:27
1650359007477837000,27.3,1,27.3,28,27.45,4,2,2022-04-19 09:03:27
1650359008680931000,27.4,1,27.4,1,27.45,4,2,2022-04-19 09:03:28
1650359008714588000,27.4,1,27.3,28,27.45,4,2,2022-04-19 09:03:28
1650359009080987000,27.35,1,27.3,28,27.35,4,1,2022-04-19 09:03:29
1650359010842044000,27.3,2,27.3,26,27.35,8,2,2022-04-19 09:03:30
1650359010871946000,27.3,10,27.3,16,27.35,8,2,2022-04-19 09:03:30
1650359010932489000,27.35,1,27.3,16,27.35,7,1,2022-04-19 09:03:30
1650359010934489000,27.3,1,27.3,15,27.35,7,2,2022-04-19 09:03:30
1650359011219263000,27.3,15,27.25,1,27.3,15,2,2022-04-19 09:03:31
1650359011251191000,27.25,1,27.2,11,27.3,15,2,2022-04-19 09:03:31
1650359011789154000,27.2,11,27.05,1,27.1,12,2,2022-04-19 09:03:31
1650359011789154000,27.15,2,27.05,1,27.1,12,2,2022-04-19 09:03:31
1650359011789154000,27.1,5,27.05,1,27.1,12,2,2022-04-19 09:03:31
1650359011819950000,27.1,3,27.05,1,27.1,9,1,2022-04-19 09:03:31
1650359011827577000,27.05,1,27.0,166,27.1,9,2,2022-04-19 09:03:31
1650359011862960000,27.05,1,27.0,166,27.05,1,1,2022-04-19 09:03:31
1650359014751587000,27.0,10,27.0,156,27.05,5,2,2022-04-19 09:03:34
1650359014784221000,27.05,5,27.0,156,27.1,13,1,2022-04-19 09:03:34
1650359014787916000,27.0,1,27.0,155,27.1,13,2,2022-04-19 09:03:34
1650359015109480000,27.0,1,27.0,154,27.1,13,2,2022-04-19 09:03:35
1650359016346656000,27.0,3,27.0,151,27.1,14,2,2022-04-19 09:03:36
1650359016909682000,27.05,1,27.05,2,27.1,14,1,2022-04-19 09:03:36
1650359017330442000,27.05,2,27.0,149,27.1,16,2,2022-04-19 09:03:37
1650359017330442000,27.0,3,27.0,149,27.1,16,2,2022-04-19 09:03:37
1650359017647016000,27.0,5,27.0,144,27.1,16,2,2022-04-19 09:03:37
1650359017923685000,27.0,1,27.0,143,27.1,16,2,2022-04-19 09:03:37
1650359018407415000,27.0,4,27.0,139,27.1,16,2,2022-04-19 09:03:38
1650359018762166000,27.0,4,27.0,135,27.1,16,2,2022-04-19 09:03:38
1650359018770372000,27.0,1,27.0,134,27.1,16,2,2022-04-19 09:03:38
1650359019457947000,27.0,1,27.0,133,27.1,16,2,2022-04-19 09:03:39
1650359019861921000,27.0,3,27.0,130,27.05,1,2,2022-04-19 09:03:39
1650359019975298000,27.0,1,27.0,129,27.05,1,2,2022-04-19 09:03:39
1650359020020677000,27.0,1,27.0,128,27.05,1,2,2022-04-19 09:03:40
1650359020042605000,27.0,3,27.0,125,27.05,1,2,2022-04-19 09:03:40
1650359020057809000,27.0,1,27.0,124,27.05,1,2,2022-04-19 09:03:40
1650359020794199000,27.0,124,26.9,8,27.0,89,2,2022-04-19 09:03:40
1650359021334534000,26.9,1,26.9,7,26.95,6,2,2022-04-19 09:03:41
1650359021607867000,26.9,1,26.9,6,26.95,10,2,2022-04-19 09:03:41
1650359021621128000,26.9,1,26.9,5,26.95,10,2,2022-04-19 09:03:41
1650359021965042000,26.9,4,26.9,1,26.95,13,2,2022-04-19 09:03:41
1650359022036624000,26.9,1,26.85,21,26.95,13,2,2022-04-19 09:03:42
1650359022278202000,26.85,3,26.85,18,26.9,3,2,2022-04-19 09:03:42
1650359022343175000,26.85,1,26.85,17,26.9,3,2,2022-04-19 09:03:42
1650359022844139000,26.85,5,26.85,12,26.9,7,2,2022-04-19 09:03:42
1650359022882018000,26.85,1,26.85,11,26.9,7,2,2022-04-19 09:03:42
1650359023561993000,26.9,1,26.85,11,26.9,6,1,2022-04-19 09:03:43
1650359023755580000,26.85,5,26.85,6,26.9,6,2,2022-04-19 09:03:43
1650359023808815000,26.85,6,26.75,29,26.8,54,2,2022-04-19 09:03:43
1650359023808815000,26.8,29,26.75,29,26.8,54,2,2022-04-19 09:03:43
1650359023841822000,26.75,1,26.75,28,26.8,54,2,2022-04-19 09:03:43
1650359023848130000,26.75,1,26.75,27,26.8,54,2,2022-04-19 09:03:43
1650359023862981000,26.75,1,26.75,26,26.8,54,2,2022-04-19 09:03:43
1650359023863303000,26.75,1,26.75,25,26.8,54,2,2022-04-19 09:03:43
1650359023887122000,26.75,1,26.75,24,26.8,58,2,2022-04-19 09:03:43
1650359023888914000,26.75,3,26.75,21,26.8,58,2,2022-04-19 09:03:43
1650359023905644000,26.75,1,26.75,20,26.8,58,2,2022-04-19 09:03:43
1650359023921340000,26.75,2,26.75,18,26.8,58,2,2022-04-19 09:03:43
1650359023956482000,26.75,10,26.75,9,26.8,58,2,2022-04-19 09:03:43
1650359023987457000,26.75,1,26.75,8,26.8,58,2,2022-04-19 09:03:43
1650359023995191000,26.8,1,26.75,8,26.8,57,1,2022-04-19 09:03:43
1650359023995835000,26.75,1,26.75,7,26.8,57,2,2022-04-19 09:03:43
1650359024016786000,26.75,1,26.75,6,26.8,57,2,2022-04-19 09:03:44
1650359024050239000,26.75,1,26.75,5,26.8,57,2,2022-04-19 09:03:44
1650359024647538000,26.75,2,26.75,3,26.8,57,2,2022-04-19 09:03:44
1650359024684152000,26.75,1,26.75,2,26.8,57,2,2022-04-19 09:03:44
1650359024853269000,26.75,1,26.75,1,26.8,57,2,2022-04-19 09:03:44
1650359025121717000,26.75,1,26.65,4,26.75,2,2,2022-04-19 09:03:45
1650359025465065000,26.65,2,26.65,2,26.75,6,2,2022-04-19 09:03:45
1650359025625084000,26.65,2,26.55,8,26.75,6,2,2022-04-19 09:03:45
1650359025625084000,26.6,1,26.55,8,26.75,6,2,2022-04-19 09:03:45
1650359025625084000,26.55,1,26.55,8,26.75,6,2,2022-04-19 09:03:45
1650359025652600000,26.55,1,26.55,7,26.75,6,2,2022-04-19 09:03:45
1650359025774499000,26.55,1,26.55,6,26.7,7,2,2022-04-19 09:03:45
1650359026691049000,26.55,3,26.55,3,26.7,7,2,2022-04-19 09:03:46
1650359026907736000,26.55,1,26.55,2,26.65,5,2,2022-04-19 09:03:46
1650359027935932000,26.55,2,26.5,25,26.65,5,2,2022-04-19 09:03:47
1650359028112143000,26.55,0,0.0,0,0.0,0,2,2022-04-19 09:03:48
1650359148606453000,26.5,156,26.45,15,26.5,75,2,2022-04-19 09:05:48
1650359148802709000,26.45,5,26.45,10,26.5,75,2,2022-04-19 09:05:48
1650359149175771000,26.5,1,26.45,10,26.5,74,1,2022-04-19 09:05:49
1650359151583845000,26.5,1,26.45,10,26.5,77,1,2022-04-19 09:05:51
1650359151809879000,26.5,3,26.45,10,26.5,74,1,2022-04-19 09:05:51
1650359151839896000,26.5,3,26.45,10,26.5,71,1,2022-04-19 09:05:51
1650359152422329000,26.45,5,26.45,5,26.5,71,2,2022-04-19 09:05:52
1650359152595607000,26.45,5,26.4,9,26.5,71,2,2022-04-19 09:05:52
1650359152794269000,26.4,3,26.4,6,26.5,71,2,2022-04-19 09:05:52
1650359153463301000,26.4,6,26.25,2,26.3,31,2,2022-04-19 09:05:53
1650359153463301000,26.35,8,26.25,2,26.3,31,2,2022-04-19 09:05:53
1650359153463301000,26.3,8,26.25,2,26.3,31,2,2022-04-19 09:05:53
1650359153499954000,26.25,1,26.25,1,26.3,31,2,2022-04-19 09:05:53
1650359153518670000,26.25,1,26.2,6,26.3,31,2,2022-04-19 09:05:53
1650359154003440000,26.2,1,26.2,5,26.25,1,2,2022-04-19 09:05:54
1650359154359213000,26.25,1,26.2,5,26.25,4,1,2022-04-19 09:05:54
1650359155127786000,26.25,4,26.25,1,26.3,35,1,2022-04-19 09:05:55
1650359155208919000,26.3,4,26.25,1,26.45,5,1,2022-04-19 09:05:55
1650359155284118000,26.45,5,26.25,1,26.5,67,1,2022-04-19 09:05:55
1650359155313255000,26.25,1,26.0,13,26.5,67,2,2022-04-19 09:05:55
1650359155313255000,26.2,6,26.0,13,26.5,67,2,2022-04-19 09:05:55
1650359155313255000,26.15,4,26.0,13,26.5,67,2,2022-04-19 09:05:55
1650359155313255000,26.1,1,26.0,13,26.5,67,2,2022-04-19 09:05:55
1650359155313255000,26.05,5,26.0,13,26.5,67,2,2022-04-19 09:05:55
1650359155313255000,26.0,14,26.0,13,26.5,67,2,2022-04-19 09:05:55
1650359155644865000,26.3,1,26.1,5,26.45,16,2,2022-04-19 09:05:55
1650359155903864000,26.35,1,26.35,4,26.4,11,1,2022-04-19 09:05:55
1650359155998206000,26.35,1,26.35,3,26.4,1,2,2022-04-19 09:05:55
1650359156074818000,26.4,1,26.35,3,26.45,8,1,2022-04-19 09:05:56
1650359156074818000,26.45,2,26.35,3,26.45,8,1,2022-04-19 09:05:56
1650359156664822000,26.35,2,26.35,1,26.45,8,2,2022-04-19 09:05:56
1650359158312448000,26.45,1,26.35,1,26.45,7,1,2022-04-19 09:05:58
1650359158636429000,26.35,1,26.25,1,26.45,7,2,2022-04-19 09:05:58
1650359159823838000,26.25,1,26.2,5,26.35,2,2,2022-04-19 09:05:59
1650359160311679000,26.35,3,26.2,5,26.35,3,1,2022-04-19 09:06:00
1650359161190915000,26.2,2,26.2,3,26.35,3,2,2022-04-19 09:06:01
1650359161507319000,26.2,1,26.2,2,26.3,2,2,2022-04-19 09:06:01
1650359161918860000,26.2,1,26.2,1,26.3,2,2,2022-04-19 09:06:01
1650359162155346000,26.3,1,26.2,1,26.3,1,1,2022-04-19 09:06:02
1650359162451296000,26.3,1,26.2,1,26.35,2,1,2022-04-19 09:06:02
1650359162451296000,26.35,1,26.2,1,26.35,2,1,2022-04-19 09:06:02
1650359162555769000,26.2,1,26.1,5,26.35,2,2,2022-04-19 09:06:02
1650359162555769000,26.15,1,26.1,5,26.35,2,2,2022-04-19 09:06:02
1650359164228487000,26.15,2,26.1,5,26.3,2,2,2022-04-19 09:06:04
1650359165285639000,26.25,3,26.25,6,26.3,2,1,2022-04-19 09:06:05
1650359165368962000,26.3,1,26.25,6,26.3,1,1,2022-04-19 09:06:05
1650359167397354000,26.25,2,26.25,4,26.3,6,2,2022-04-19 09:06:07
1650359167430097000,26.3,2,26.25,4,26.3,4,1,2022-04-19 09:06:07
1650359167635875000,26.25,1,26.25,3,26.3,4,2,2022-04-19 09:06:07
1650359168422310000,26.3,1,26.25,3,26.3,4,1,2022-04-19 09:06:08
1650359168457168000,26.3,1,26.25,3,26.3,3,1,2022-04-19 09:06:08
1650359169319608000,26.25,1,26.25,2,26.3,3,2,2022-04-19 09:06:09
1650359169482594000,26.25,1,26.25,1,26.3,3,2,2022-04-19 09:06:09
1650359170231060000,26.25,1,26.2,6,26.3,6,2,2022-04-19 09:06:10
1650359171566461000,26.2,1,26.2,5,26.25,2,2,2022-04-19 09:06:11
1650359171736315000,26.25,2,26.2,5,26.3,4,1,2022-04-19 09:06:11
1650359171736315000,26.3,8,26.2,5,26.3,4,1,2022-04-19 09:06:11
1650359171824869000,26.3,4,26.3,1,26.35,12,1,2022-04-19 09:06:11
1650359171839083000,26.3,1,26.2,1,26.35,12,2,2022-04-19 09:06:11
1650359171839083000,26.2,4,26.2,1,26.35,12,2,2022-04-19 09:06:11
1650359173842134000,26.2,1,26.15,7,26.3,4,2,2022-04-19 09:06:13
1650359174527372000,26.2,1,26.15,7,26.2,1,2,2022-04-19 09:06:14
1650359176999706000,26.15,1,26.15,7,26.2,5,2,2022-04-19 09:06:16
1650359177052653000,26.15,1,26.15,6,26.2,5,2,2022-04-19 09:06:17
1650359177129290000,26.2,1,26.15,6,26.2,4,1,2022-04-19 09:06:17
1650359177621576000,26.2,1,26.15,6,26.2,3,1,2022-04-19 09:06:17
1650359178499913000,26.15,1,26.15,6,26.2,3,2,2022-04-19 09:06:18
1650359179101497000,26.2,1,26.15,6,26.2,2,1,2022-04-19 09:06:19
1650359180488128000,26.2,2,26.2,8,26.3,5,1,2022-04-19 09:06:20
1650359181528632000,26.2,1,26.2,42,26.3,5,2,2022-04-19 09:06:21
1650359181983960000,26.25,1,26.25,9,26.3,5,2,2022-04-19 09:06:21
1650359182180360000,26.25,1,26.25,8,26.3,5,2,2022-04-19 09:06:22
1650359182337506000,26.25,3,26.25,5,26.3,5,2,2022-04-19 09:06:22
1650359182711940000,26.25,1,26.25,4,26.3,5,2,2022-04-19 09:06:22
1650359183281334000,26.3,1,26.25,4,26.3,4,1,2022-04-19 09:06:23
1650359184642917000,26.25,2,26.25,2,26.3,7,2,2022-04-19 09:06:24
1650359184698024000,26.25,1,26.25,1,26.3,7,2,2022-04-19 09:06:24
1650359184865552000,26.25,1,26.2,45,26.3,7,2,2022-04-19 09:06:24
1650359185644728000,26.2,5,26.2,40,26.25,4,2,2022-04-19 09:06:25
1650359186454365000,26.25,1,26.2,40,26.25,3,1,2022-04-19 09:06:26
1650359187845877000,26.2,2,26.2,40,26.25,3,2,2022-04-19 09:06:27
1650359187902638000,26.25,1,26.2,40,26.25,2,1,2022-04-19 09:06:27
1650359188189008000,26.25,1,26.2,40,26.25,1,1,2022-04-19 09:06:28
1650359188380251000,26.25,1,26.2,40,26.3,3,1,2022-04-19 09:06:28
1650359188380251000,26.3,4,26.2,40,26.3,3,1,2022-04-19 09:06:28
1650359188995598000,26.2,1,26.2,39,26.25,1,2,2022-04-19 09:06:28
1650359189172817000,26.2,2,26.2,37,26.25,1,2,2022-04-19 09:06:29
1650359189230827000,26.2,20,26.2,17,26.25,1,2,2022-04-19 09:06:29
1650359189277408000,26.2,1,26.2,16,26.25,1,2,2022-04-19 09:06:29
1650359189439197000,26.2,2,26.2,14,26.25,1,2,2022-04-19 09:06:29
1650359189671697000,26.2,2,26.2,12,26.25,4,2,2022-04-19 09:06:29
1650359189718281000,26.2,1,26.2,11,26.25,4,2,2022-04-19 09:06:29
1650359192930974000,26.2,12,26.15,1,26.25,4,2,2022-04-19 09:06:32
1650359192930974000,26.15,8,26.15,1,26.25,4,2,2022-04-19 09:06:32
1650359193074344000,26.15,2,26.1,1,26.2,12,2,2022-04-19 09:06:33
1650359193074344000,26.1,3,26.1,1,26.2,12,2,2022-04-19 09:06:33
1650359193628731000,26.15,1,26.1,2,26.2,12,1,2022-04-19 09:06:33
1650359194131405000,26.2,1,26.1,4,26.2,3,1,2022-04-19 09:06:34
1650359195085295000,26.2,1,26.1,4,26.2,11,1,2022-04-19 09:06:35
1650359195342968000,26.2,1,26.1,4,26.2,10,1,2022-04-19 09:06:35
1650359196224180000,26.1,4,26.05,2,26.2,13,2,2022-04-19 09:06:36
1650359197863863000,26.15,1,26.1,1,26.15,4,1,2022-04-19 09:06:37
1650359198493007000,26.1,1,26.05,5,26.1,4,2,2022-04-19 09:06:38
1650359199473490000,26.1,2,26.05,5,26.1,6,1,2022-04-19 09:06:39
1650359199828165000,26.05,5,26.0,9,26.1,6,2,2022-04-19 09:06:39
1650359199828165000,26.0,9,26.0,9,26.1,6,2,2022-04-19 09:06:39
1650359201128138000,26.05,6,26.0,9,26.05,8,1,2022-04-19 09:06:41
1650359201951263000,26.0,5,26.0,5,26.05,8,2,2022-04-19 09:06:41
1650359201996265000,26.0,5,25.95,7,26.05,8,2,2022-04-19 09:06:41
1650359202597739000,25.95,2,25.95,5,26.0,9,2,2022-04-19 09:06:42
1650359203859771000,26.0,2,25.95,5,26.0,7,1,2022-04-19 09:06:43
1650359204944313000,25.95,1,25.95,4,26.0,4,2,2022-04-19 09:06:44
1650359205444053000,25.95,2,25.95,2,26.0,4,2,2022-04-19 09:06:45
1650359205454751000,25.95,1,25.95,1,26.0,4,2,2022-04-19 09:06:45
1650359205521809000,25.95,1,25.9,6,26.0,4,2,2022-04-19 09:06:45
1650359206056815000,25.9,4,25.9,2,26.0,6,2,2022-04-19 09:06:46
1650359206543419000,26.0,2,25.9,2,26.0,4,1,2022-04-19 09:06:46
1650359207337520000,25.95,1,25.9,2,26.0,4,1,2022-04-19 09:06:47
1650359207602794000,25.9,1,25.9,1,25.95,1,2,2022-04-19 09:06:47
1650359207679590000,25.9,1,25.85,7,25.95,1,2,2022-04-19 09:06:47
1650359207679590000,25.85,1,25.85,7,25.95,1,2,2022-04-19 09:06:47
1650359209315412000,25.85,2,25.85,6,25.95,9,2,2022-04-19 09:06:49
1650359210585398000,25.9,2,25.85,6,25.9,4,1,2022-04-19 09:06:50
1650359210645692000,25.85,1,25.85,5,25.9,4,2,2022-04-19 09:06:50
1650359210776644000,25.9,4,25.85,5,25.95,10,1,2022-04-19 09:06:50
1650359210776644000,25.95,1,25.85,5,25.95,10,1,2022-04-19 09:06:50
1650359210943249000,25.85,2,25.85,3,25.95,10,2,2022-04-19 09:06:50
1650359211435165000,25.85,1,25.85,2,25.9,1,2,2022-04-19 09:06:51
1650359212447189000,25.85,2,25.8,16,25.9,2,2,2022-04-19 09:06:52
1650359212590129000,25.8,1,25.8,15,25.85,1,2,2022-04-19 09:06:52
1650359212624873000,25.8,1,25.8,14,25.85,1,2,2022-04-19 09:06:52
1650359213167327000,25.85,1,25.8,14,25.85,5,1,2022-04-19 09:06:53
1650359213298363000,25.8,1,25.8,13,25.85,5,2,2022-04-19 09:06:53
1650359213359430000,25.8,5,25.8,8,25.85,5,2,2022-04-19 09:06:53
1650359213425697000,25.8,8,25.55,7,25.85,5,2,2022-04-19 09:06:53
1650359213425697000,25.75,5,25.55,7,25.85,5,2,2022-04-19 09:06:53
1650359213425697000,25.7,2,25.55,7,25.85,5,2,2022-04-19 09:06:53
1650359213425697000,25.65,1,25.55,7,25.85,5,2,2022-04-19 09:06:53
1650359213425697000,25.6,3,25.55,7,25.85,5,2,2022-04-19 09:06:53
1650359214221856000,25.7,2,25.75,1,25.8,3,1,2022-04-19 09:06:54
1650359214221856000,25.75,3,25.75,1,25.8,3,1,2022-04-19 09:06:54
1650359214265006000,25.75,1,25.6,2,25.8,6,2,2022-04-19 09:06:54
1650359214758745000,25.65,2,25.6,2,25.8,15,2,2022-04-19 09:06:54
1650359214804096000,25.6,1,25.6,1,25.75,1,2,2022-04-19 09:06:54
1650359214853070000,25.6,1,25.55,7,25.75,1,2,2022-04-19 09:06:54
1650359215225552000,25.6,2,25.55,7,25.6,8,2,2022-04-19 09:06:55
1650359217050035000,25.6,2,25.55,7,25.6,11,1,2022-04-19 09:06:57
1650359217436270000,25.6,0,0.0,0,0.0,0,1,2022-04-19 09:06:57
1650359337937303000,26.05,127,26.05,14,26.2,3,1,2022-04-19 09:08:57
1650359343118187000,26.15,2,26.15,3,26.2,3,2,2022-04-19 09:09:03
1650359343118350000,26.15,2,26.15,1,26.2,3,2,2022-04-19 09:09:03
1650359343158455000,26.15,1,26.05,13,26.15,9,2,2022-04-19 09:09:03
1650359343171564000,26.15,2,26.05,13,26.15,7,1,2022-04-19 09:09:03
1650359343534484000,26.05,3,26.05,10,26.15,3,2,2022-04-19 09:09:03
1650359343985723000,26.15,1,26.05,9,26.15,2,1,2022-04-19 09:09:03
1650359344294778000,26.1,1,26.05,1,26.15,3,2,2022-04-19 09:09:04
1650359344294778000,26.05,9,26.05,1,26.15,3,2,2022-04-19 09:09:04
1650359344468575000,26.05,1,26.0,30,26.15,3,2,2022-04-19 09:09:04
1650359345284303000,26.05,2,26.1,4,26.15,3,1,2022-04-19 09:09:05
1650359345500356000,26.1,1,26.1,3,26.15,3,2,2022-04-19 09:09:05
1650359346877619000,26.1,3,26.0,31,26.15,3,2,2022-04-19 09:09:06
1650359346877619000,26.05,3,26.0,31,26.15,3,2,2022-04-19 09:09:06
1650359346877619000,26.0,4,26.0,31,26.15,3,2,2022-04-19 09:09:06
1650359347136498000,26.1,1,26.0,31,26.1,14,1,2022-04-19 09:09:07
1650359347945918000,26.1,2,26.0,31,26.1,12,1,2022-04-19 09:09:07
1650359349012813000,26.0,1,26.0,30,26.05,6,2,2022-04-19 09:09:09
1650359349137647000,26.05,1,26.0,30,26.05,5,1,2022-04-19 09:09:09
1650359349958115000,26.05,5,26.1,4,26.15,3,1,2022-04-19 09:09:09
1650359349958115000,26.1,12,26.1,4,26.15,3,1,2022-04-19 09:09:09
1650359350512821000,26.1,5,26.1,4,26.15,2,2,2022-04-19 09:09:10
1650359351409736000,26.15,1,26.1,4,26.15,2,1,2022-04-19 09:09:11
1650359351443703000,26.15,2,26.1,4,26.2,2,1,2022-04-19 09:09:11
1650359351443703000,26.2,1,26.1,4,26.2,2,1,2022-04-19 09:09:11
1650359352274180000,26.2,1,26.1,4,26.2,4,1,2022-04-19 09:09:12
1650359353054646000,26.1,1,26.1,4,26.2,4,2,2022-04-19 09:09:13
1650359353323609000,26.2,1,26.1,4,26.2,3,1,2022-04-19 09:09:13
1650359353601606000,26.1,1,26.1,3,26.2,3,2,2022-04-19 09:09:13
1650359353967352000,26.2,3,26.15,1,26.3,4,1,2022-04-19 09:09:13
1650359353967352000,26.25,1,26.15,1,26.3,4,1,2022-04-19 09:09:13
1650359353967352000,26.3,1,26.15,1,26.3,4,1,2022-04-19 09:09:13
1650359354013713000,26.3,3,26.15,1,26.3,1,1,2022-04-19 09:09:14
1650359354718671000,26.2,1,26.15,1,26.3,1,2,2022-04-19 09:09:14
1650359355338308000,26.3,1,26.3,4,26.35,9,1,2022-04-19 09:09:15
1650359355450528000,26.3,1,26.3,3,26.35,9,2,2022-04-19 09:09:15
1650359359438985000,26.35,1,26.3,4,26.35,7,1,2022-04-19 09:09:19
1650359359642931000,26.3,1,26.3,3,26.35,7,2,2022-04-19 09:09:19
1650359359765755000,26.3,3,26.2,4,26.3,9,2,2022-04-19 09:09:19
1650359360027275000,26.3,1,26.2,4,26.3,8,1,2022-04-19 09:09:20
1650359360816365000,26.25,1,26.2,4,26.25,5,1,2022-04-19 09:09:20
1650359361371376000,26.25,2,26.2,4,26.25,3,1,2022-04-19 09:09:21
1650359361483961000,26.25,1,26.2,6,26.25,2,1,2022-04-19 09:09:21
1650359361987672000,26.25,1,26.2,6,26.25,1,1,2022-04-19 09:09:21
1650359362251044000,26.2,1,26.2,5,26.25,1,2,2022-04-19 09:09:22
1650359362690639000,26.25,1,26.2,10,26.3,7,1,2022-04-19 09:09:22
1650359362690639000,26.3,2,26.2,10,26.3,7,1,2022-04-19 09:09:22
1650359364120063000,26.25,1,26.2,11,26.25,4,1,2022-04-19 09:09:24
1650359364287590000,26.2,1,26.2,10,26.25,4,2,2022-04-19 09:09:24
1650359366755871000,26.25,1,26.2,18,26.25,6,1,2022-04-19 09:09:26
1650359366843017000,26.25,2,26.2,18,26.25,4,1,2022-04-19 09:09:26
1650359367265500000,26.25,1,26.2,18,26.25,3,1,2022-04-19 09:09:27
1650359368020103000,26.25,2,26.2,20,26.25,1,1,2022-04-19 09:09:28
1650359368832551000,26.25,1,26.2,21,26.25,1,1,2022-04-19 09:09:28
1650359368965760000,26.25,1,26.2,22,26.3,8,1,2022-04-19 09:09:28
1650359368965760000,26.3,1,26.2,22,26.3,8,1,2022-04-19 09:09:28
1650359369792083000,26.3,1,26.25,1,26.3,7,1,2022-04-19 09:09:29
1650359373001992000,26.3,1,26.25,14,26.3,7,1,2022-04-19 09:09:33
1650359375297349000,26.3,5,26.25,16,26.3,2,1,2022-04-19 09:09:35
1650359375353321000,26.3,2,26.25,16,26.35,8,1,2022-04-19 09:09:35
1650359375719759000,26.35,4,26.3,1,26.35,4,1,2022-04-19 09:09:35
1650359376829914000,26.35,4,26.3,3,26.45,6,1,2022-04-19 09:09:36
1650359376829914000,26.45,1,26.3,3,26.45,6,1,2022-04-19 09:09:36
1650359378865555000,26.35,2,26.3,12,26.4,3,2,2022-04-19 09:09:38
1650359379381005000,26.35,1,26.3,11,26.4,4,1,2022-04-19 09:09:39
1650359379695691000,26.4,1,26.3,12,26.4,3,1,2022-04-19 09:09:39
1650359380265340000,26.4,1,26.3,12,26.4,2,1,2022-04-19 09:09:40
1650359381132848000,26.35,1,26.3,10,26.4,12,1,2022-04-19 09:09:41
1650359381559939000,26.4,11,26.3,10,26.4,1,1,2022-04-19 09:09:41
1650359382368371000,26.4,3,26.35,11,26.4,2,1,2022-04-19 09:09:42
1650359383069906000,26.4,2,26.35,11,26.45,13,1,2022-04-19 09:09:43
1650359383806830000,26.45,1,26.35,13,26.45,12,1,2022-04-19 09:09:43
1650359384890521000,26.4,2,26.35,15,26.45,12,2,2022-04-19 09:09:44
1650359385846457000,26.4,1,26.4,7,26.45,12,2,2022-04-19 09:09:45
1650359386731638000,26.45,1,26.4,18,26.45,11,1,2022-04-19 09:09:46
1650359387160707000,26.45,1,26.4,18,26.45,10,1,2022-04-19 09:09:47
1650359387715325000,26.4,2,26.4,16,26.45,20,2,2022-04-19 09:09:47
1650359387782275000,26.4,1,26.4,15,26.45,20,2,2022-04-19 09:09:47
1650359388173061000,26.45,10,26.4,15,26.45,11,1,2022-04-19 09:09:48
1650359388274354000,26.45,1,26.4,15,26.45,10,1,2022-04-19 09:09:48
1650359388542319000,26.4,15,26.4,1,26.45,10,2,2022-04-19 09:09:48
1650359388784004000,26.45,1,26.4,2,26.45,9,1,2022-04-19 09:09:48
1650359388902364000,26.45,1,26.4,2,26.45,8,1,2022-04-19 09:09:48
1650359388935521000,26.4,1,26.4,2,26.45,8,2,2022-04-19 09:09:48
1650359389089627000,26.4,1,26.4,2,26.45,8,2,2022-04-19 09:09:49
1650359389715791000,26.45,1,26.4,3,26.45,8,1,2022-04-19 09:09:49
1650359389976309000,26.45,2,26.4,4,26.45,6,1,2022-04-19 09:09:49
1650359390107626000,26.4,1,26.4,3,26.45,6,2,2022-04-19 09:09:50
1650359390500301000,26.45,5,26.4,4,26.45,1,1,2022-04-19 09:09:50
1650359390871769000,26.45,1,26.4,4,26.5,20,1,2022-04-19 09:09:50
1650359391199876000,26.45,1,26.4,4,26.45,4,1,2022-04-19 09:09:51
1650359391448074000,26.45,1,26.4,4,26.45,3,1,2022-04-19 09:09:51
1650359391785254000,26.45,1,26.4,4,26.45,2,1,2022-04-19 09:09:51
1650359392996082000,26.45,1,26.4,5,26.45,1,1,2022-04-19 09:09:52
1650359394009421000,26.45,5,26.4,7,26.45,8,1,2022-04-19 09:09:54
1650359394079288000,26.45,1,26.4,7,26.45,7,1,2022-04-19 09:09:54
1650359394585795000,26.45,1,26.4,9,26.45,16,1,2022-04-19 09:09:54
1650359394858306000,26.4,2,26.4,7,26.45,16,2,2022-04-19 09:09:54
1650359394938723000,26.4,1,26.4,6,26.45,16,2,2022-04-19 09:09:54
1650359395190980000,26.4,6,26.35,5,26.4,4,2,2022-04-19 09:09:55
1650359395434125000,26.4,3,26.35,5,26.4,1,1,2022-04-19 09:09:55
1650359395756810000,26.4,1,26.35,5,26.45,16,1,2022-04-19 09:09:55
1650359395864782000,26.4,1,26.35,5,26.45,16,2,2022-04-19 09:09:55
1650359395968186000,26.45,1,26.35,5,26.45,15,1,2022-04-19 09:09:55
1650359396131046000,26.4,1,26.35,5,26.45,15,2,2022-04-19 09:09:56
1650359396902061000,26.4,1,26.4,9,26.45,16,1,2022-04-19 09:09:56
1650359397354322000,26.4,2,26.4,7,26.45,16,2,2022-04-19 09:09:57
1650359397376075000,26.45,1,26.4,7,26.45,15,1,2022-04-19 09:09:57
1650359397753538000,26.45,2,26.4,7,26.45,13,1,2022-04-19 09:09:57
1650359398316671000,26.45,10,26.4,9,26.45,3,1,2022-04-19 09:09:58
1650359398932181000,26.4,9,26.35,5,26.45,3,2,2022-04-19 09:09:58
1650359399947275000,26.4,5,26.35,5,26.4,5,1,2022-04-19 09:09:59
1650359401185350000,26.4,1,26.35,5,26.4,4,1,2022-04-19 09:10:01
1650359402868583000,26.4,2,26.35,9,26.4,2,1,2022-04-19 09:10:02
1650359403268110000,26.4,2,26.35,9,26.5,16,1,2022-04-19 09:10:03
1650359403268110000,26.45,4,26.35,9,26.5,16,1,2022-04-19 09:10:03
1650359403268110000,26.5,4,26.35,9,26.5,16,1,2022-04-19 09:10:03
1650359404273266000,26.4,2,26.35,9,26.4,3,1,2022-04-19 09:10:04
1650359404315913000,26.35,6,26.35,3,26.4,3,2,2022-04-19 09:10:04
1650359404398053000,26.4,1,26.35,3,26.4,2,1,2022-04-19 09:10:04
1650359404656133000,26.4,1,26.35,3,26.4,1,1,2022-04-19 09:10:04
1650359404949597000,26.4,1,26.35,3,26.45,2,1,2022-04-19 09:10:04
1650359409367655000,26.4,1,26.35,5,26.4,9,1,2022-04-19 09:10:09
1650359410367033000,26.35,1,26.35,5,26.4,9,2,2022-04-19 09:10:10
1650359410399817000,26.35,1,26.35,4,26.4,9,2,2022-04-19 09:10:10
1650359410438513000,26.35,1,26.35,3,26.4,9,2,2022-04-19 09:10:10
1650359410461146000,26.35,1,26.35,2,26.4,9,2,2022-04-19 09:10:10
1650359410475732000,26.35,1,26.35,1,26.4,10,2,2022-04-19 09:10:10
1650359411564817000,26.4,1,26.35,1,26.4,9,1,2022-04-19 09:10:11
1650359411604675000,26.35,1,26.35,15,26.4,9,2,2022-04-19 09:10:11
1650359413716160000,26.4,1,26.35,15,26.4,10,1,2022-04-19 09:10:13
1650359413891138000,26.35,2,26.35,13,26.4,10,2,2022-04-19 09:10:13
1650359413962859000,26.4,2,26.35,13,26.4,8,1,2022-04-19 09:10:13
1650359414026198000,26.35,1,26.35,12,26.4,8,2,2022-04-19 09:10:14
1650359414304891000,26.4,1,26.35,12,26.4,7,1,2022-04-19 09:10:14
1650359414456413000,26.35,1,26.35,11,26.4,7,2,2022-04-19 09:10:14
1650359415816293000,26.4,7,26.35,12,26.5,7,1,2022-04-19 09:10:15
1650359415816293000,26.45,3,26.35,12,26.5,7,1,2022-04-19 09:10:15
1650359415816293000,26.5,9,26.35,12,26.5,7,1,2022-04-19 09:10:15
1650359416565919000,26.35,5,26.35,8,26.4,1,2,2022-04-19 09:10:16
1650359417815832000,26.35,5,26.35,33,26.4,1,2,2022-04-19 09:10:17
1650359417872362000,26.35,1,26.35,32,26.4,1,2,2022-04-19 09:10:17
1650359420613636000,26.4,1,26.4,1,26.45,3,1,2022-04-19 09:10:20
1650359421389732000,26.4,1,26.35,33,26.45,3,2,2022-04-19 09:10:21
1650359423666644000,26.45,2,26.35,37,26.45,2,1,2022-04-19 09:10:23
1650359424579470000,26.45,4,26.35,47,26.5,1,1,2022-04-19 09:10:24
1650359424579470000,26.5,6,26.35,47,26.5,1,1,2022-04-19 09:10:24
1650359425178144000,26.4,1,26.35,48,26.5,1,1,2022-04-19 09:10:25
1650359426670854000,26.4,5,26.35,48,26.5,1,2,2022-04-19 09:10:26
1650359427933454000,26.5,1,26.35,48,26.5,3,1,2022-04-19 09:10:27
1650359429002274000,26.5,1,26.35,49,26.5,2,1,2022-04-19 09:10:29
1650359429566910000,26.35,5,26.35,44,26.5,2,2,2022-04-19 09:10:29
1650359429715686000,26.35,5,26.35,39,26.45,4,2,2022-04-19 09:10:29
1650359429828039000,26.45,1,26.35,39,26.45,3,1,2022-04-19 09:10:29
1650359430125501000,26.45,1,26.4,1,26.45,2,1,2022-04-19 09:10:30
1650359430500577000,26.4,1,26.35,40,26.45,2,2,2022-04-19 09:10:30
1650359430911511000,26.4,1,26.4,1,26.45,2,2,2022-04-19 09:10:30
1650359432690204000,26.45,2,26.4,2,26.55,41,1,2022-04-19 09:10:32
1650359432690204000,26.5,2,26.4,2,26.55,41,1,2022-04-19 09:10:32
1650359432690204000,26.55,1,26.4,2,26.55,41,1,2022-04-19 09:10:32
1650359432968732000,26.5,1,26.4,2,26.55,44,2,2022-04-19 09:10:32
1650359435309031000,26.55,1,26.4,2,26.55,43,1,2022-04-19 09:10:35
1650359435466032000,26.55,1,26.4,2,26.55,42,1,2022-04-19 09:10:35
1650359437102424000,26.55,1,26.4,3,26.55,41,1,2022-04-19 09:10:37
1650359439002556000,26.4,1,26.4,8,26.45,1,2,2022-04-19 09:10:39
1650359439952252000,26.45,1,26.4,9,26.55,38,1,2022-04-19 09:10:39
1650359439952252000,26.5,7,26.4,9,26.55,38,1,2022-04-19 09:10:39
1650359439952252000,26.55,2,26.4,9,26.55,38,1,2022-04-19 09:10:39
1650359443634215000,26.4,5,26.4,9,26.45,1,2,2022-04-19 09:10:43
1650359443658802000,26.4,1,26.4,8,26.45,1,2,2022-04-19 09:10:43
1650359443685268000,26.4,5,26.4,3,26.45,1,2,2022-04-19 09:10:43
1650359443688654000,26.4,1,26.4,2,26.45,1,2,2022-04-19 09:10:43
1650359445161090000,26.45,1,26.4,3,26.5,2,1,2022-04-19 09:10:45
1650359445458620000,26.4,1,26.4,2,26.5,2,2,2022-04-19 09:10:45
1650359447557123000,26.5,1,26.45,1,26.5,4,1,2022-04-19 09:10:47
1650359449238573000,26.45,1,26.4,7,26.45,4,2,2022-04-19 09:10:49
1650359451386353000,26.4,3,26.4,9,26.45,4,2,2022-04-19 09:10:51
1650359452717520000,26.45,4,26.4,9,26.55,38,1,2022-04-19 09:10:52
1650359452717520000,26.5,5,26.4,9,26.55,38,1,2022-04-19 09:10:52
1650359452717520000,26.55,1,26.4,9,26.55,38,1,2022-04-19 09:10:52
1650359453384799000,26.55,10,26.4,10,26.55,32,1,2022-04-19 09:10:53
1650359453905275000,26.45,1,26.45,1,26.55,32,2,2022-04-19 09:10:53
1650359455118043000,26.5,5,26.45,1,26.5,3,1,2022-04-19 09:10:55
1650359457630924000,26.45,1,26.45,1,26.5,4,2,2022-04-19 09:10:57
1650359460163342000,26.45,1,26.4,12,26.45,1,2,2022-04-19 09:11:00
1650359460961847000,26.45,5,26.4,13,26.45,6,1,2022-04-19 09:11:00
1650359464575942000,26.45,4,26.4,15,26.45,2,1,2022-04-19 09:11:04
1650359467513456000,26.45,1,26.4,16,26.45,2,1,2022-04-19 09:11:07
1650359468112997000,26.45,2,26.4,16,26.5,21,1,2022-04-19 09:11:08
1650359468734844000,26.4,1,26.4,15,26.45,10,2,2022-04-19 09:11:08
1650359470328827000,26.4,10,26.4,8,26.45,11,2,2022-04-19 09:11:10
1650359471017328000,26.4,1,26.4,9,26.45,11,2,2022-04-19 09:11:11
1650359471125562000,26.4,9,26.35,50,26.4,1,2,2022-04-19 09:11:11
1650359471185749000,26.35,1,26.35,49,26.4,1,2,2022-04-19 09:11:11
1650359471488464000,26.4,1,26.35,49,26.45,11,1,2022-04-19 09:11:11
1650359472095962000,26.35,5,26.35,44,26.4,6,2,2022-04-19 09:11:12
1650359472125470000,26.35,10,26.35,34,26.4,6,2,2022-04-19 09:11:12
1650359472128862000,26.35,1,26.35,33,26.4,6,2,2022-04-19 09:11:12
1650359472185092000,26.35,1,26.35,32,26.4,9,2,2022-04-19 09:11:12
1650359472185166000,26.35,1,26.35,31,26.4,9,2,2022-04-19 09:11:12
1650359472557521000,26.4,5,26.35,31,26.4,4,1,2022-04-19 09:11:12
1650359473022278000,26.35,1,26.35,30,26.4,4,2,2022-04-19 09:11:13
1650359473088126000,26.35,5,26.35,25,26.4,4,2,2022-04-19 09:11:13
1650359473182293000,26.4,1,26.35,25,26.4,3,1,2022-04-19 09:11:13
1650359473219050000,26.35,1,26.35,24,26.4,3,2,2022-04-19 09:11:13
1650359473971758000,26.4,1,26.35,24,26.4,4,1,2022-04-19 09:11:13
1650359474495462000,26.4,2,26.35,24,26.4,2,1,2022-04-19 09:11:14
1650359474666728000,26.4,2,26.35,24,26.45,12,1,2022-04-19 09:11:14
1650359474752830000,26.35,5,26.35,19,26.45,12,2,2022-04-19 09:11:14
1650359476146583000,26.35,19,26.3,17,26.45,12,2,2022-04-19 09:11:16
1650359476146583000,26.3,1,26.3,17,26.45,12,2,2022-04-19 09:11:16
1650359477831845000,26.4,1,26.35,1,26.4,11,1,2022-04-19 09:11:17
1650359478496169000,26.35,1,26.3,17,26.4,11,2,2022-04-19 09:11:18
1650359479157981000,26.35,1,26.3,17,26.35,1,1,2022-04-19 09:11:19
1650359481808145000,26.3,1,26.3,15,26.35,10,2,2022-04-19 09:11:21
1650359483000126000,26.35,4,26.3,15,26.35,12,1,2022-04-19 09:11:23
1650359485313954000,26.3,5,26.3,10,26.35,19,2,2022-04-19 09:11:25
1650359486262791000,26.3,2,26.3,8,26.35,19,2,2022-04-19 09:11:26
1650359486295106000,26.3,8,26.25,12,26.3,2,2,2022-04-19 09:11:26
1650359486329530000,26.25,1,26.25,11,26.35,19,2,2022-04-19 09:11:26
1650359487971472000,26.25,2,26.25,9,26.3,1,2,2022-04-19 09:11:27
1650359489500533000,26.25,1,26.25,8,26.3,2,2,2022-04-19 09:11:29
1650359489856532000,26.25,1,26.25,7,26.3,2,2,2022-04-19 09:11:29
1650359493617695000,26.25,1,26.25,7,26.3,2,2,2022-04-19 09:11:33
1650359494012869000,26.25,1,26.25,6,26.3,2,2,2022-04-19 09:11:34
1650359494512312000,26.25,1,26.25,5,26.3,2,2,2022-04-19 09:11:34
1650359494948848000,26.25,1,26.25,4,26.3,2,2,2022-04-19 09:11:34
1650359495088511000,26.25,1,26.25,3,26.3,2,2,2022-04-19 09:11:35
1650359495559262000,26.25,3,26.2,16,26.3,2,2,2022-04-19 09:11:35
1650359495914511000,26.25,1,26.2,16,26.3,2,1,2022-04-19 09:11:35
1650359497598912000,26.3,1,26.2,16,26.3,1,1,2022-04-19 09:11:37
1650359498758864000,26.25,1,26.25,3,26.3,1,2,2022-04-19 09:11:38
1650359502157438000,26.3,1,26.25,5,26.35,22,1,2022-04-19 09:11:42
1650359504197224000,26.3,5,26.25,5,26.35,13,1,2022-04-19 09:11:44
1650359504197224000,26.35,9,26.25,5,26.35,13,1,2022-04-19 09:11:44
1650359506142526000,26.25,1,26.25,4,26.3,13,2,2022-04-19 09:11:46
1650359506479676000,26.25,3,26.25,1,26.3,13,2,2022-04-19 09:11:46
1650359510276094000,26.25,1,26.25,1,26.3,13,2,2022-04-19 09:11:50
1650359513487749000,26.25,1,26.25,1,26.3,13,2,2022-04-19 09:11:53
1650359514016121000,26.25,1,26.2,17,26.3,13,2,2022-04-19 09:11:54
1650359518047291000,26.3,1,26.2,17,26.3,13,1,2022-04-19 09:11:58
1650359521483087000,26.2,4,26.2,11,26.25,4,2,2022-04-19 09:12:01
1650359521523305000,26.2,1,26.2,10,26.25,4,2,2022-04-19 09:12:01
1650359521553435000,26.2,1,26.2,9,26.25,4,2,2022-04-19 09:12:01
1650359522861559000,26.2,1,26.2,8,26.25,4,2,2022-04-19 09:12:02
1650359524984338000,26.25,1,26.2,8,26.25,3,1,2022-04-19 09:12:04
1650359526285234000,26.2,2,26.2,6,26.25,3,2,2022-04-19 09:12:06
1650359527533520000,26.2,4,26.2,2,26.25,3,2,2022-04-19 09:12:07
1650359530155483000,26.25,1,26.2,3,26.25,2,1,2022-04-19 09:12:10
1650359531250244000,26.2,3,26.1,7,26.25,2,2,2022-04-19 09:12:11
1650359531250244000,26.15,1,26.1,7,26.25,2,2,2022-04-19 09:12:11
1650359531250244000,26.1,3,26.1,7,26.25,2,2,2022-04-19 09:12:11
1650359532311987000,26.2,1,26.2,3,26.25,2,2,2022-04-19 09:12:12
1650359532918723000,26.2,1,26.2,2,26.25,2,2,2022-04-19 09:12:12
1650359533081334000,26.2,2,26.1,7,26.25,2,2,2022-04-19 09:12:13
1650359533434595000,26.1,1,26.1,6,26.2,1,2,2022-04-19 09:12:13
1650359540632433000,26.1,1,26.1,5,26.15,49,2,2022-04-19 09:12:20
1650359540639350000,26.1,1,26.1,4,26.15,49,2,2022-04-19 09:12:20
1650359540697080000,26.1,1,26.1,3,26.15,49,2,2022-04-19 09:12:20
1650359541398548000,26.15,1,26.1,3,26.15,48,1,2022-04-19 09:12:21
1650359541856154000,26.1,1,26.1,2,26.15,48,2,2022-04-19 09:12:21
1650359542239836000,26.1,1,26.1,1,26.15,48,2,2022-04-19 09:12:22
1650359543054059000,26.1,1,26.05,13,26.1,1,2,2022-04-19 09:12:23
1650359544891665000,26.1,1,26.05,13,26.1,13,1,2022-04-19 09:12:24
1650359558215697000,26.1,1,26.05,13,26.1,15,1,2022-04-19 09:12:38
1650359558279764000,26.05,1,26.05,12,26.1,15,2,2022-04-19 09:12:38
1650359558494583000,26.05,2,26.05,10,26.1,15,2,2022-04-19 09:12:38
1650359558535376000,26.05,1,26.05,9,26.1,15,2,2022-04-19 09:12:38
1650359562037352000,26.05,9,26.0,23,26.1,16,2,2022-04-19 09:12:42
1650359562037352000,26.0,6,26.0,23,26.1,16,2,2022-04-19 09:12:42
1650359566825724000,26.05,1,26.05,1,26.1,17,2,2022-04-19 09:12:46
1650359566928433000,26.05,1,26.0,21,26.1,17,2,2022-04-19 09:12:46
1650359566928433000,26.0,2,26.0,21,26.1,17,2,2022-04-19 09:12:46
1650359568418480000,26.0,1,26.0,21,26.1,18,2,2022-04-19 09:12:48
1650359571076519000,26.0,21,25.95,4,26.05,6,2,2022-04-19 09:12:51
1650359571076519000,25.95,9,25.95,4,26.05,6,2,2022-04-19 09:12:51
1650359571426145000,25.95,3,25.95,1,26.0,8,2,2022-04-19 09:12:51
1650359571451528000,25.95,1,25.9,3,25.95,9,2,2022-04-19 09:12:51
1650359574604742000,25.9,1,25.9,2,26.0,8,2,2022-04-19 09:12:54
1650359578280058000,25.95,3,25.9,2,25.95,2,1,2022-04-19 09:12:58
1650359581473643000,25.95,2,25.9,2,25.95,2,1,2022-04-19 09:13:01
1650359581763102000,25.95,1,25.9,2,25.95,1,1,2022-04-19 09:13:01
1650359583183216000,25.9,1,25.9,1,25.95,1,2,2022-04-19 09:13:03
1650359584287530000,25.9,1,25.9,2,25.95,1,2,2022-04-19 09:13:04
1650359589531420000,25.95,2,25.9,2,26.0,10,1,2022-04-19 09:13:09
1650359590164731000,25.9,1,25.9,1,26.0,10,2,2022-04-19 09:13:10
1650359591253238000,25.9,1,25.9,1,26.0,10,2,2022-04-19 09:13:11
1650359591838617000,25.95,1,25.95,4,26.0,10,2,2022-04-19 09:13:11
1650359591880080000,25.95,1,25.95,3,26.0,10,2,2022-04-19 09:13:11
1650359591984792000,25.95,1,25.95,2,26.0,10,2,2022-04-19 09:13:11
1650359591998209000,25.95,1,25.95,1,26.0,10,2,2022-04-19 09:13:11
1650359597935028000,25.95,2,25.9,1,25.95,8,2,2022-04-19 09:13:17
1650359598216098000,25.9,1,25.75,18,25.95,8,2,2022-04-19 09:13:18
1650359598216098000,25.85,7,25.75,18,25.95,8,2,2022-04-19 09:13:18
1650359598216098000,25.8,9,25.75,18,25.95,8,2,2022-04-19 09:13:18
1650359598216098000,25.75,5,25.75,18,25.95,8,2,2022-04-19 09:13:18
1650359601232538000,25.75,16,25.75,2,25.85,4,2,2022-04-19 09:13:21
1650359602902636000,25.75,2,25.65,14,25.8,6,2,2022-04-19 09:13:22
1650359602902636000,25.7,17,25.65,14,25.8,6,2,2022-04-19 09:13:22
1650359602902636000,25.65,1,25.65,14,25.8,6,2,2022-04-19 09:13:22
1650359604449014000,25.65,6,25.65,8,25.8,6,2,2022-04-19 09:13:24
1650359605224749000,25.65,1,25.65,7,25.7,13,2,2022-04-19 09:13:25
1650359605248015000,25.65,7,25.6,36,25.65,1,2,2022-04-19 09:13:25
1650359605756782000,25.6,1,25.6,35,25.65,1,2,2022-04-19 09:13:25
1650359606355053000,25.6,5,25.6,30,25.65,5,2,2022-04-19 09:13:26
1650359607492330000,25.65,2,25.6,31,25.65,3,1,2022-04-19 09:13:27
1650359607516230000,25.65,3,25.6,31,25.7,13,1,2022-04-19 09:13:27
1650359610949102000,25.6,1,25.6,29,25.7,13,2,2022-04-19 09:13:30
1650359611784974000,25.65,1,25.65,10,25.7,13,2,2022-04-19 09:13:31
1650359612886577000,25.65,9,25.65,3,25.7,13,2,2022-04-19 09:13:32
1650359612925556000,25.7,2,25.65,3,25.7,11,1,2022-04-19 09:13:32
1650359612956014000,25.65,3,25.6,32,25.65,7,2,2022-04-19 09:13:32
1650359613808887000,25.7,1,25.65,3,25.7,10,1,2022-04-19 09:13:33
1650359615229367000,25.7,2,25.65,3,25.7,8,1,2022-04-19 09:13:35
1650359615259120000,25.7,2,25.65,3,25.7,6,1,2022-04-19 09:13:35
1650359615757523000,25.7,5,25.65,3,25.7,1,1,2022-04-19 09:13:35
1650359615781094000,25.7,1,25.65,3,25.8,3,1,2022-04-19 09:13:35
1650359617530265000,25.7,1,25.7,7,25.8,3,2,2022-04-19 09:13:37
1650359619370869000,25.75,1,25.75,1,25.8,3,2,2022-04-19 09:13:39
1650359622857018000,25.8,2,25.75,1,25.8,1,1,2022-04-19 09:13:42
1650359623503016000,25.75,1,25.65,8,25.8,1,2,2022-04-19 09:13:43
1650359623503016000,25.7,6,25.65,8,25.8,1,2,2022-04-19 09:13:43
1650359623503016000,25.65,3,25.65,8,25.8,1,2,2022-04-19 09:13:43
1650359624892006000,25.75,1,25.75,4,25.8,1,2,2022-04-19 09:13:44
1650359625026244000,25.75,1,25.75,3,25.8,1,2,2022-04-19 09:13:45
1650359625388080000,25.75,3,25.7,2,25.8,1,2,2022-04-19 09:13:45
1650359625388080000,25.7,2,25.7,2,25.8,1,2,2022-04-19 09:13:45
1650359627055553000,25.7,1,25.7,1,25.8,1,2,2022-04-19 09:13:47
1650359627572005000,25.7,1,25.65,8,25.8,1,2,2022-04-19 09:13:47
1650359627747456000,25.65,2,25.65,7,25.8,1,2,2022-04-19 09:13:47
1650359629471954000,25.7,5,25.65,8,25.7,3,2,2022-04-19 09:13:49
1650359629508517000,25.7,3,25.65,8,25.8,1,1,2022-04-19 09:13:49
1650359629517594000,25.65,1,25.65,7,25.8,1,2,2022-04-19 09:13:49
1650359631993788000,25.7,1,25.7,9,25.8,1,2,2022-04-19 09:13:51
1650359633747846000,25.7,2,25.7,7,25.8,1,2,2022-04-19 09:13:53
1650359635207689000,25.7,1,25.7,6,25.8,1,2,2022-04-19 09:13:55
1650359637179302000,25.75,1,25.7,9,25.85,2,1,2022-04-19 09:13:57
1650359637179302000,25.8,1,25.7,9,25.85,2,1,2022-04-19 09:13:57
1650359637608012000,25.85,1,25.7,9,25.85,1,1,2022-04-19 09:13:57
1650359640404564000,25.75,3,25.7,13,25.75,13,2,2022-04-19 09:14:00
1650359640599820000,25.7,6,25.7,7,25.75,13,2,2022-04-19 09:14:00
1650359643400665000,25.75,1,25.7,8,25.75,15,2,2022-04-19 09:14:03
1650359645428891000,25.75,1,25.7,10,25.75,14,2,2022-04-19 09:14:05
1650359645770198000,25.7,1,25.7,9,25.75,14,2,2022-04-19 09:14:05
1650359646007925000,25.75,5,25.7,9,25.75,9,1,2022-04-19 09:14:06
1650359648427366000,25.7,9,25.7,4,25.8,1,2,2022-04-19 09:14:08
1650359649009566000,25.7,1,25.7,4,25.8,1,2,2022-04-19 09:14:09
1650359654057980000,25.75,1,25.75,4,25.8,1,2,2022-04-19 09:14:14
1650359655351652000,25.8,1,25.75,4,25.85,1,1,2022-04-19 09:14:15
1650359655351652000,25.85,4,25.75,4,25.85,1,1,2022-04-19 09:14:15
1650359656891675000,25.75,1,25.75,3,25.85,1,2,2022-04-19 09:14:16
1650359657473055000,25.75,3,25.7,8,25.75,7,2,2022-04-19 09:14:17
1650359657872765000,25.75,1,25.7,8,25.75,6,1,2022-04-19 09:14:17
1650359657918973000,25.75,5,25.7,8,25.75,1,1,2022-04-19 09:14:17
1650359662962013000,25.7,2,25.7,12,25.75,1,2,2022-04-19 09:14:22
1650359665180813000,25.7,1,25.7,12,25.85,2,2,2022-04-19 09:14:25
1650359665983533000,25.7,1,25.7,12,25.85,2,2,2022-04-19 09:14:25
1650359666793486000,25.7,4,25.7,12,25.85,2,2,2022-04-19 09:14:26
1650359666983525000,25.7,1,25.7,11,25.85,2,2,2022-04-19 09:14:26
1650359672161773000,25.75,1,25.75,2,25.85,1,2,2022-04-19 09:14:32
1650359674834229000,25.75,1,25.75,1,25.85,1,2,2022-04-19 09:14:34
1650359678465666000,25.75,8,25.7,14,25.85,2,2,2022-04-19 09:14:38
1650359681625678000,25.75,1,25.7,14,25.85,2,1,2022-04-19 09:14:41
1650359687487292000,25.75,3,25.65,14,25.7,2,2,2022-04-19 09:14:47
1650359687487292000,25.7,15,25.65,14,25.7,2,2,2022-04-19 09:14:47
1650359690351207000,25.7,1,25.65,14,25.7,1,1,2022-04-19 09:14:50
1650359693604847000,25.7,1,25.65,14,25.85,2,1,2022-04-19 09:14:53
1650359696056274000,25.75,1,25.65,14,25.75,4,2,2022-04-19 09:14:56
1650359700226070000,25.7,1,25.65,14,25.75,8,2,2022-04-19 09:15:00
1650359700268461000,25.75,1,25.65,14,25.75,7,1,2022-04-19 09:15:00
1650359702062160000,25.7,4,25.65,14,25.7,15,1,2022-04-19 09:15:02
1650359702094857000,25.65,1,25.65,13,25.7,15,2,2022-04-19 09:15:02
1650359703706091000,25.65,1,25.65,12,25.7,15,2,2022-04-19 09:15:03
1650359704449311000,25.65,3,25.65,9,25.7,15,2,2022-04-19 09:15:04
1650359708043414000,25.65,2,25.65,7,25.7,15,2,2022-04-19 09:15:08
1650359712088657000,25.65,1,25.65,9,25.7,15,2,2022-04-19 09:15:12
1650359726001157000,25.65,20,25.65,4,25.7,16,2,2022-04-19 09:15:26
1650359726406058000,25.65,1,25.65,3,25.7,16,2,2022-04-19 09:15:26
1650359727368812000,25.65,1,25.65,2,25.7,16,2,2022-04-19 09:15:27
1650359728578456000,25.7,2,25.65,2,25.7,14,1,2022-04-19 09:15:28
1650359728612186000,25.65,2,25.6,27,25.65,8,2,2022-04-19 09:15:28
1650359728856447000,25.65,1,25.65,1,25.7,14,2,2022-04-19 09:15:28
1650359730451244000,25.7,1,25.65,1,25.7,13,1,2022-04-19 09:15:30
1650359733883894000,25.65,2,25.6,24,25.7,13,2,2022-04-19 09:15:33
1650359733883894000,25.6,3,25.6,24,25.7,13,2,2022-04-19 09:15:33
1650359736781750000,25.7,2,25.65,2,25.7,11,1,2022-04-19 09:15:36
1650359739047296000,25.7,1,25.65,2,25.7,10,1,2022-04-19 09:15:39
1650359739305440000,25.7,1,25.65,2,25.7,9,1,2022-04-19 09:15:39
1650359740729647000,25.7,1,25.65,2,25.7,8,1,2022-04-19 09:15:40
1650359741516341000,25.7,5,25.65,3,25.7,3,1,2022-04-19 09:15:41
1650359743132334000,25.7,1,25.65,5,25.7,2,1,2022-04-19 09:15:43
1650359743404554000,25.65,1,25.65,4,25.7,2,2,2022-04-19 09:15:43
1650359743634111000,25.65,4,25.6,30,25.65,4,2,2022-04-19 09:15:43
1650359745664478000,25.65,1,25.6,30,25.65,3,1,2022-04-19 09:15:45
1650359745730234000,25.65,1,25.6,30,25.65,2,1,2022-04-19 09:15:45
1650359748012042000,25.6,1,25.6,29,25.65,2,2,2022-04-19 09:15:48
1650359748119862000,25.65,2,25.6,29,25.7,2,1,2022-04-19 09:15:48
1650359749784551000,25.65,4,25.6,18,25.7,2,2,2022-04-19 09:15:49
1650359749784551000,25.6,6,25.6,18,25.7,2,2,2022-04-19 09:15:49
1650359754166178000,25.65,1,25.6,18,25.7,2,1,2022-04-19 09:15:54
1650359756690491000,25.7,3,25.75,3,25.8,1,1,2022-04-19 09:15:56
1650359756690491000,25.75,4,25.75,3,25.8,1,1,2022-04-19 09:15:56
1650359760123016000,25.75,2,25.75,1,25.8,1,2,2022-04-19 09:16:00
1650359760124997000,25.75,1,25.65,6,25.75,1,2,2022-04-19 09:16:00
1650359761217376000,25.65,1,25.65,10,25.75,1,2,2022-04-19 09:16:01
1650359763699130000,25.75,1,25.75,1,25.8,1,1,2022-04-19 09:16:03
1650359767083245000,25.8,1,25.75,1,25.85,2,1,2022-04-19 09:16:07
1650359768291247000,25.75,1,25.7,6,25.85,2,2,2022-04-19 09:16:08
1650359773718771000,25.85,2,25.8,1,25.9,4,1,2022-04-19 09:16:13
1650359784483194000,25.8,1,25.8,6,25.9,4,2,2022-04-19 09:16:24
1650359785303586000,25.85,1,25.8,5,25.9,4,2,2022-04-19 09:16:25
1650359785303586000,25.8,1,25.8,5,25.9,4,2,2022-04-19 09:16:25
1650359793032982000,25.85,2,25.8,7,25.85,8,1,2022-04-19 09:16:33
1650359793248305000,25.8,1,25.8,6,25.85,8,2,2022-04-19 09:16:33
1650359796912221000,25.8,1,25.8,14,25.85,8,2,2022-04-19 09:16:36
1650359805244806000,25.85,2,25.8,14,25.85,6,1,2022-04-19 09:16:45
1650359806461619000,25.8,5,25.8,9,25.85,6,2,2022-04-19 09:16:46
1650359812983384000,25.85,1,25.8,9,25.85,5,1,2022-04-19 09:16:52
1650359813478636000,25.8,9,25.75,2,25.8,1,2,2022-04-19 09:16:53
1650359815175846000,25.8,1,25.75,2,25.8,3,1,2022-04-19 09:16:55
1650359815540712000,25.75,1,25.75,1,25.8,3,2,2022-04-19 09:16:55
1650359816130800000,25.8,2,25.75,1,25.8,1,1,2022-04-19 09:16:56
1650359817983202000,25.8,1,25.75,1,25.85,5,1,2022-04-19 09:16:57
1650359821983056000,25.8,1,25.75,1,25.8,6,1,2022-04-19 09:17:01
1650359822006913000,25.8,1,25.75,1,25.8,5,1,2022-04-19 09:17:02
1650359823661488000,25.75,2,25.7,11,25.8,5,2,2022-04-19 09:17:03
1650359826514875000,25.8,1,25.75,1,25.8,4,1,2022-04-19 09:17:06
1650359830306009000,25.8,2,25.75,1,25.8,2,1,2022-04-19 09:17:10
1650359831734452000,25.8,2,25.75,2,25.85,5,1,2022-04-19 09:17:11
1650359840336494000,25.8,1,25.8,1,25.85,5,2,2022-04-19 09:17:20
1650359844448118000,25.8,1,25.8,2,25.85,5,2,2022-04-19 09:17:24
1650359846669165000,25.8,1,25.8,2,25.85,5,2,2022-04-19 09:17:26
1650359847881664000,25.8,1,25.8,1,25.85,5,2,2022-04-19 09:17:27
1650359853483237000,25.8,1,25.8,4,25.85,5,2,2022-04-19 09:17:33
1650359857506779000,25.8,4,25.7,13,25.85,5,2,2022-04-19 09:17:37
1650359857506779000,25.75,14,25.7,13,25.85,5,2,2022-04-19 09:17:37
1650359857506779000,25.7,2,25.7,13,25.85,5,2,2022-04-19 09:17:37
1650359858150657000,25.7,1,25.7,12,25.8,33,2,2022-04-19 09:17:38
1650359861486422000,25.7,4,25.7,8,25.75,1,2,2022-04-19 09:17:41
1650359872985918000,25.75,5,25.7,13,25.8,33,1,2022-04-19 09:17:52
1650359875504799000,25.8,2,25.7,13,25.8,1,1,2022-04-19 09:17:55
1650359875544057000,25.8,1,25.7,13,25.85,3,1,2022-04-19 09:17:55
1650359880180591000,25.8,1,25.75,9,25.8,1,2,2022-04-19 09:18:00
1650359880197548000,25.8,1,25.75,9,25.8,2,1,2022-04-19 09:18:00
1650359883576465000,25.8,2,25.75,10,25.85,4,1,2022-04-19 09:18:03
1650359885018173000,25.85,1,25.75,13,25.85,3,1,2022-04-19 09:18:05
1650359885047808000,25.85,1,25.75,13,25.85,2,1,2022-04-19 09:18:05
1650359892963940000,25.8,2,25.75,14,25.8,1,1,2022-04-19 09:18:12
1650359892992090000,25.8,1,25.75,14,25.85,2,1,2022-04-19 09:18:12
1650359895646866000,25.75,1,25.75,13,25.85,2,2,2022-04-19 09:18:15
1650359905389501000,25.8,1,25.8,8,25.85,2,2,2022-04-19 09:18:25
1650359905868107000,25.85,2,25.85,2,26.0,6,1,2022-04-19 09:18:25
1650359931209243000,26.0,3,25.9,3,26.0,3,1,2022-04-19 09:18:51
1650359940992321000,26.0,1,25.9,3,26.0,7,1,2022-04-19 09:19:00
1650359941954574000,26.0,1,25.95,6,26.0,6,1,2022-04-19 09:19:01
1650359943030063000,26.0,6,25.95,6,26.05,6,1,2022-04-19 09:19:03
1650359947533695000,26.05,1,26.0,3,26.05,6,1,2022-04-19 09:19:07
1650359949794703000,26.05,6,26.05,1,26.1,2,1,2022-04-19 09:19:09
1650359954047666000,26.1,1,26.05,2,26.1,1,1,2022-04-19 09:19:14
1650359958491100000,26.1,1,26.05,4,26.15,1,1,2022-04-19 09:19:18
1650359959756804000,26.1,2,25.95,2,26.15,1,2,2022-04-19 09:19:19
1650359959756804000,26.05,4,25.95,2,26.15,1,2,2022-04-19 09:19:19
1650359959756804000,26.0,9,25.95,2,26.15,1,2,2022-04-19 09:19:19
1650359959756804000,25.95,5,25.95,2,26.15,1,2,2022-04-19 09:19:19
1650359959788841000,26.1,1,25.95,2,26.15,1,2,2022-04-19 09:19:19
1650359961139454000,26.0,1,25.95,2,26.15,1,2,2022-04-19 09:19:21
1650359961299202000,26.1,1,25.95,2,26.15,1,2,2022-04-19 09:19:21
1650359964293601000,26.05,1,26.0,1,26.1,30,1,2022-04-19 09:19:24
1650359964327508000,26.0,1,25.95,2,26.15,1,2,2022-04-19 09:19:24
1650359969015498000,26.0,1,25.95,2,26.0,2,1,2022-04-19 09:19:29
1650359969042544000,25.95,2,25.9,2,26.0,2,2,2022-04-19 09:19:29
1650359970461054000,25.95,1,25.9,2,26.0,2,1,2022-04-19 09:19:30
1650359975302604000,26.0,1,25.95,1,26.0,1,1,2022-04-19 09:19:35
1650359976206751000,26.0,1,25.95,1,26.05,2,1,2022-04-19 09:19:36
1650359976649338000,25.95,1,25.9,2,26.05,2,2,2022-04-19 09:19:36
1650359989441461000,26.05,2,25.95,6,26.2,10,1,2022-04-19 09:19:49
1650359989441461000,26.2,1,25.95,6,26.2,10,1,2022-04-19 09:19:49
1650359993790832000,26.0,1,25.85,1,26.15,3,2,2022-04-19 09:19:53
1650359993790832000,25.95,6,25.85,1,26.15,3,2,2022-04-19 09:19:53
1650359993790832000,25.9,5,25.85,1,26.15,3,2,2022-04-19 09:19:53
1650359993790832000,25.85,8,25.85,1,26.15,3,2,2022-04-19 09:19:53
1650359996175399000,26.0,1,25.85,4,26.15,3,2,2022-04-19 09:19:56
1650359996281951000,26.0,1,26.0,2,26.1,31,2,2022-04-19 09:19:56
1650360000225232000,26.0,1,26.0,2,26.1,31,2,2022-04-19 09:20:00
1650360000226650000,26.0,1,26.0,1,26.1,31,2,2022-04-19 09:20:00
1650360000257231000,26.0,1,25.9,4,26.1,31,2,2022-04-19 09:20:00
1650360004922957000,26.05,1,26.05,18,26.1,30,2,2022-04-19 09:20:04
1650360004958783000,26.05,3,26.05,15,26.1,30,2,2022-04-19 09:20:04
1650360006505591000,26.05,1,26.05,14,26.1,30,2,2022-04-19 09:20:06
1650360008219904000,26.05,4,26.05,10,26.1,30,2,2022-04-19 09:20:08
1650360008245484000,26.05,1,26.05,9,26.1,30,2,2022-04-19 09:20:08
1650360008275926000,26.05,8,26.05,1,26.1,30,2,2022-04-19 09:20:08
1650360013573169000,26.05,1,26.05,2,26.1,30,2,2022-04-19 09:20:13
1650360015126229000,26.05,1,26.05,1,26.1,30,2,2022-04-19 09:20:15
1650360018517202000,26.05,1,26.0,4,26.1,30,2,2022-04-19 09:20:18
1650360018517202000,26.0,1,26.0,4,26.1,30,2,2022-04-19 09:20:18
1650360041759605000,26.0,1,26.0,8,26.05,4,2,2022-04-19 09:20:41
1650360047103944000,26.0,1,26.0,7,26.05,4,2,2022-04-19 09:20:47
1650360050355625000,26.0,7,25.8,23,26.05,4,2,2022-04-19 09:20:50
1650360050355625000,25.95,2,25.8,23,26.05,4,2,2022-04-19 09:20:50
1650360050355625000,25.9,4,25.8,23,26.05,4,2,2022-04-19 09:20:50
1650360050355625000,25.85,5,25.8,23,26.05,4,2,2022-04-19 09:20:50
1650360050355625000,25.8,2,25.8,23,26.05,4,2,2022-04-19 09:20:50
1650360060090545000,25.85,1,25.8,26,25.95,1,2,2022-04-19 09:21:00
1650360060090545000,25.8,1,25.8,26,25.95,1,2,2022-04-19 09:21:00
1650360060092476000,25.8,2,25.8,24,25.95,1,2,2022-04-19 09:21:00
1650360060969163000,25.95,1,25.8,24,26.0,3,1,2022-04-19 09:21:00
1650360061907798000,26.0,1,25.8,24,26.0,2,1,2022-04-19 09:21:01
1650360065251982000,25.8,2,25.8,17,26.0,2,2,2022-04-19 09:21:05
1650360065667110000,25.8,1,25.8,16,26.0,2,2,2022-04-19 09:21:05
1650360078037240000,25.85,1,25.85,2,25.95,4,2,2022-04-19 09:21:18
1650360079374228000,25.85,1,25.85,1,25.95,4,2,2022-04-19 09:21:19
1650360082050556000,25.85,1,25.8,17,25.85,1,2,2022-04-19 09:21:22
1650360082082350000,25.85,1,25.8,17,25.9,1,1,2022-04-19 09:21:22
1650360085269556000,25.8,1,25.8,16,25.9,1,2,2022-04-19 09:21:25
1650360099310703000,25.8,10,25.8,14,25.9,1,2,2022-04-19 09:21:39
1650360100399340000,25.8,1,25.8,13,25.9,1,2,2022-04-19 09:21:40
1650360103965043000,25.9,1,25.85,1,25.95,2,1,2022-04-19 09:21:43
1650360103965043000,25.95,4,25.85,1,25.95,2,1,2022-04-19 09:21:43
1650360116727812000,25.85,1,25.8,14,26.0,1,2,2022-04-19 09:21:56
1650360117916539000,25.8,1,25.8,13,26.0,1,2,2022-04-19 09:21:57
1650360120037615000,25.8,2,25.8,13,26.0,1,2,2022-04-19 09:22:00
1650360120038508000,25.8,2,25.8,11,26.0,1,2,2022-04-19 09:22:00
1650360125915394000,25.9,1,25.9,9,26.0,1,2,2022-04-19 09:22:05
1650360125997250000,25.95,1,25.95,9,26.0,1,1,2022-04-19 09:22:05
1650360132614902000,25.95,1,25.95,8,26.0,1,2,2022-04-19 09:22:12
1650360145887440000,26.0,2,25.95,8,26.05,1,1,2022-04-19 09:22:25
1650360146040455000,25.95,2,25.95,6,26.05,1,2,2022-04-19 09:22:26
1650360146355538000,25.95,6,25.8,14,25.95,1,2,2022-04-19 09:22:26
1650360146695282000,25.95,1,25.8,14,26.05,1,1,2022-04-19 09:22:26
1650360156663220000,25.8,1,25.8,14,25.9,1,2,2022-04-19 09:22:36
1650360166538281000,25.8,6,25.8,12,25.9,1,2,2022-04-19 09:22:46
1650360168316960000,25.9,1,25.85,5,26.05,1,1,2022-04-19 09:22:48
1650360175681897000,25.85,2,25.85,4,26.0,1,2,2022-04-19 09:22:55
1650360176193922000,25.9,2,25.85,4,25.9,1,1,2022-04-19 09:22:56
1650360179742567000,25.9,1,25.85,3,26.0,1,1,2022-04-19 09:22:59
1650360185671928000,25.9,1,25.85,4,25.9,1,1,2022-04-19 09:23:05
1650360185704396000,25.9,1,25.85,4,26.0,1,1,2022-04-19 09:23:05
1650360197304865000,26.0,1,25.9,5,26.05,5,1,2022-04-19 09:23:17
1650360202236049000,25.95,1,25.9,3,26.05,5,2,2022-04-19 09:23:22
1650360202236049000,25.9,4,25.9,3,26.05,5,2,2022-04-19 09:23:22
1650360213289598000,25.9,3,25.85,3,26.05,5,2,2022-04-19 09:23:33
1650360213289598000,25.85,2,25.85,3,26.05,5,2,2022-04-19 09:23:33
1650360223087920000,25.9,1,25.75,16,25.8,13,2,2022-04-19 09:23:43
1650360223087920000,25.85,2,25.75,16,25.8,13,2,2022-04-19 09:23:43
1650360223087920000,25.8,24,25.75,16,25.8,13,2,2022-04-19 09:23:43
1650360223343780000,25.8,1,25.75,16,25.8,12,1,2022-04-19 09:23:43
1650360225243309000,25.8,1,25.75,16,25.8,11,1,2022-04-19 09:23:45
1650360229490981000,25.8,1,25.75,16,25.8,10,1,2022-04-19 09:23:49
1650360229518765000,25.75,1,25.75,15,25.8,10,2,2022-04-19 09:23:49
1650360240001803000,25.75,2,25.75,13,25.8,10,2,2022-04-19 09:24:00
1650360240005108000,25.75,2,25.75,11,25.8,10,2,2022-04-19 09:24:00
1650360242544770000,25.75,2,25.75,11,25.8,10,2,2022-04-19 09:24:02
1650360243451871000,25.75,2,25.75,9,25.8,10,2,2022-04-19 09:24:03
1650360249620825000,25.75,2,25.75,7,25.8,10,2,2022-04-19 09:24:09
1650360251507931000,25.8,2,25.75,7,25.8,8,1,2022-04-19 09:24:11
1650360253513008000,25.75,1,25.75,6,25.8,8,2,2022-04-19 09:24:13
1650360269379271000,25.75,1,25.75,7,25.8,8,2,2022-04-19 09:24:29
1650360285937174000,25.75,1,25.75,9,25.8,8,2,2022-04-19 09:24:45
1650360288559542000,25.75,1,25.75,8,25.8,8,2,2022-04-19 09:24:48
1650360290800603000,25.75,4,25.75,4,25.8,8,2,2022-04-19 09:24:50
1650360291428530000,25.75,1,25.75,3,25.8,8,2,2022-04-19 09:24:51
1650360293455381000,25.8,8,25.75,3,26.0,13,1,2022-04-19 09:24:53
1650360297876974000,25.75,1,25.75,12,26.0,13,2,2022-04-19 09:24:57
1650360299964871000,25.75,2,25.75,11,26.0,13,2,2022-04-19 09:24:59
1650360299965988000,25.75,2,25.75,9,26.0,13,2,2022-04-19 09:24:59
1650360303290802000,25.75,10,25.7,19,25.95,8,2,2022-04-19 09:25:03
1650360319637360000,25.8,2,25.75,12,25.9,4,2,2022-04-19 09:25:19
1650360320837235000,25.75,2,25.75,10,25.8,40,2,2022-04-19 09:25:20
1650360323003800000,25.75,1,25.75,9,25.8,40,2,2022-04-19 09:25:23
1650360325518719000,25.75,4,25.75,5,25.8,40,2,2022-04-19 09:25:25
1650360325547428000,25.75,3,25.75,2,25.8,40,2,2022-04-19 09:25:25
1650360328307036000,25.75,1,25.75,1,25.8,40,2,2022-04-19 09:25:28
1650360328427890000,25.75,1,25.7,21,25.8,40,2,2022-04-19 09:25:28
1650360330951971000,25.75,1,25.7,20,25.75,1,1,2022-04-19 09:25:30
1650360332304111000,25.7,10,25.7,10,25.75,1,2,2022-04-19 09:25:32
1650360332325722000,25.7,1,25.7,9,25.75,1,2,2022-04-19 09:25:32
1650360339108260000,25.7,1,25.7,8,25.75,1,2,2022-04-19 09:25:39
1650360340068167000,25.75,1,25.7,8,25.75,6,1,2022-04-19 09:25:40
1650360343640631000,25.7,1,25.7,8,25.75,6,2,2022-04-19 09:25:43
1650360347328233000,25.7,1,25.7,7,25.75,21,2,2022-04-19 09:25:47
1650360354356688000,25.7,2,25.7,8,25.75,23,2,2022-04-19 09:25:54
1650360355870152000,25.7,10,25.7,4,25.75,23,2,2022-04-19 09:25:55
1650360357391513000,25.7,3,25.7,1,25.75,23,2,2022-04-19 09:25:57
1650360358659867000,25.7,1,25.7,1,25.75,23,2,2022-04-19 09:25:58
1650360360120559000,25.7,1,25.65,15,25.75,23,2,2022-04-19 09:26:00
1650360361938638000,25.7,1,25.65,15,25.75,23,1,2022-04-19 09:26:01
1650360362955357000,25.65,7,25.65,8,25.75,23,2,2022-04-19 09:26:02
1650360363006934000,25.65,1,25.65,7,25.75,23,2,2022-04-19 09:26:03
1650360367201803000,25.65,7,25.6,43,25.75,23,2,2022-04-19 09:26:07
1650360367201803000,25.6,3,25.6,43,25.75,23,2,2022-04-19 09:26:07
1650360371051063000,25.65,1,25.6,43,25.7,7,2,2022-04-19 09:26:11
1650360376395259000,25.6,1,25.6,42,25.65,15,2,2022-04-19 09:26:16
1650360377055149000,25.65,3,25.6,42,25.65,12,1,2022-04-19 09:26:17
1650360379286997000,25.65,1,25.6,42,25.65,12,1,2022-04-19 09:26:19
1650360381620608000,25.65,1,25.6,41,25.65,11,1,2022-04-19 09:26:21
1650360383305083000,25.6,30,25.6,12,25.65,16,2,2022-04-19 09:26:23
1650360383959398000,25.6,7,25.6,5,25.65,16,2,2022-04-19 09:26:23
1650360384684146000,25.65,1,25.6,5,25.65,15,1,2022-04-19 09:26:24
1650360384820111000,25.6,3,25.6,2,25.65,15,2,2022-04-19 09:26:24
1650360385415088000,25.6,1,25.6,1,25.65,15,2,2022-04-19 09:26:25
1650360385671577000,25.6,1,25.55,26,25.65,15,2,2022-04-19 09:26:25
1650360387741559000,25.6,1,25.55,26,25.65,15,2,2022-04-19 09:26:27
1650360388716295000,25.55,1,25.55,25,25.65,15,2,2022-04-19 09:26:28
1650360388928878000,25.55,5,25.55,20,25.6,5,2,2022-04-19 09:26:28
1650360389177218000,25.6,1,25.55,20,25.6,4,1,2022-04-19 09:26:29
1650360402480254000,25.55,1,25.55,19,25.6,10,2,2022-04-19 09:26:42
1650360403492522000,25.55,5,25.55,14,25.6,11,2,2022-04-19 09:26:43
1650360404319916000,25.55,1,25.55,13,25.6,11,2,2022-04-19 09:26:44
1650360404989787000,25.55,1,25.55,12,25.6,11,2,2022-04-19 09:26:44
1650360407600480000,25.6,1,25.55,12,25.6,11,1,2022-04-19 09:26:47
1650360416415311000,25.55,2,25.55,12,25.6,11,2,2022-04-19 09:26:56
1650360420248219000,25.55,2,25.55,10,25.6,12,2,2022-04-19 09:27:00
1650360420251802000,25.55,2,25.55,8,25.6,12,2,2022-04-19 09:27:00
1650360421258387000,25.55,8,25.5,44,25.55,2,2,2022-04-19 09:27:01
1650360424607180000,25.55,1,25.5,44,25.55,1,1,2022-04-19 09:27:04
1650360424739381000,25.55,1,25.5,44,25.55,1,1,2022-04-19 09:27:04
1650360426259583000,25.5,1,25.5,43,25.55,1,2,2022-04-19 09:27:06
1650360426302277000,25.5,20,25.5,23,25.55,1,2,2022-04-19 09:27:06
1650360426469026000,25.55,1,25.5,23,25.6,13,1,2022-04-19 09:27:06
1650360428432964000,25.5,2,25.5,21,25.6,13,2,2022-04-19 09:27:08
1650360431555441000,25.55,2,25.5,15,25.6,13,2,2022-04-19 09:27:11
1650360431555441000,25.5,8,25.5,15,25.6,13,2,2022-04-19 09:27:11
1650360436694880000,25.5,16,25.45,17,25.5,6,2,2022-04-19 09:27:16
1650360436724694000,25.45,1,25.45,16,25.5,6,2,2022-04-19 09:27:16
1650360437526768000,25.5,1,25.45,16,25.5,5,1,2022-04-19 09:27:17
1650360440420547000,25.45,5,25.45,11,25.5,5,2,2022-04-19 09:27:20
1650360442927256000,25.45,2,25.45,9,25.5,15,2,2022-04-19 09:27:22
1650360444865693000,25.45,2,25.45,7,25.5,15,2,2022-04-19 09:27:24
1650360445290231000,25.5,1,25.45,7,25.5,14,1,2022-04-19 09:27:25
1650360445326388000,25.5,2,25.45,7,25.5,12,1,2022-04-19 09:27:25
1650360446276762000,25.45,1,25.45,6,25.5,12,2,2022-04-19 09:27:26
1650360446374534000,25.45,5,25.45,1,25.5,12,2,2022-04-19 09:27:26
1650360446861925000,25.5,2,25.45,1,25.5,10,1,2022-04-19 09:27:26
1650360446924033000,25.45,1,25.4,16,25.5,10,2,2022-04-19 09:27:26
1650360452567804000,25.45,1,25.4,15,25.5,11,1,2022-04-19 09:27:32
1650360453663009000,25.45,1,25.4,15,25.5,11,2,2022-04-19 09:27:33
1650360453976320000,25.4,1,25.4,14,25.5,11,2,2022-04-19 09:27:33
1650360457541161000,25.45,1,25.4,14,25.45,9,1,2022-04-19 09:27:37
1650360459682035000,25.4,2,25.4,12,25.45,12,2,2022-04-19 09:27:39
1650360461986309000,25.45,1,25.4,12,25.45,11,1,2022-04-19 09:27:41
1650360465296619000,25.45,11,25.45,9,25.5,11,1,2022-04-19 09:27:45
1650360468444763000,25.45,1,25.45,8,25.5,11,2,2022-04-19 09:27:48
1650360468809770000,25.45,7,25.45,1,25.5,11,2,2022-04-19 09:27:48
1650360469095476000,25.45,1,25.4,12,25.5,11,2,2022-04-19 09:27:49
1650360470454886000,25.5,2,25.4,12,25.5,9,1,2022-04-19 09:27:50
1650360470887108000,25.4,2,25.4,10,25.5,9,2,2022-04-19 09:27:50
1650360472438911000,25.4,1,25.4,9,25.5,9,2,2022-04-19 09:27:52
1650360474305462000,25.45,1,25.4,11,25.5,9,1,2022-04-19 09:27:54
1650360478211266000,25.5,1,25.45,14,25.6,18,1,2022-04-19 09:27:58
1650360483731042000,25.5,2,25.45,14,25.5,2,1,2022-04-19 09:28:03
1650360483759215000,25.5,2,25.45,14,25.6,18,1,2022-04-19 09:28:03
1650360491191441000,25.5,1,25.5,9,25.6,18,2,2022-04-19 09:28:11
1650360495694807000,25.55,1,25.5,11,25.6,24,1,2022-04-19 09:28:15
1650360496383518000,25.6,1,25.55,6,25.6,23,1,2022-04-19 09:28:16
1650360496508680000,25.55,2,25.55,4,25.6,23,2,2022-04-19 09:28:16
1650360496712399000,25.55,1,25.55,3,25.6,23,2,2022-04-19 09:28:16
1650360500495469000,25.55,4,25.5,21,25.55,5,2,2022-04-19 09:28:20
1650360500524636000,25.55,3,25.5,21,25.55,2,1,2022-04-19 09:28:20
1650360502905924000,25.55,1,25.5,21,25.55,1,1,2022-04-19 09:28:22
1650360505773532000,25.55,1,25.5,21,25.6,14,1,2022-04-19 09:28:25
1650360513417541000,25.5,10,25.5,11,25.6,14,2,2022-04-19 09:28:33
1650360521326057000,25.6,1,25.5,14,25.6,16,1,2022-04-19 09:28:41
1650360521830417000,25.6,1,25.5,14,25.6,15,1,2022-04-19 09:28:41
1650360522891412000,25.5,4,25.5,10,25.6,15,2,2022-04-19 09:28:42
1650360526186493000,25.5,3,25.5,6,25.6,15,2,2022-04-19 09:28:46
1650360528942780000,25.5,1,25.5,6,25.6,16,2,2022-04-19 09:28:48
1650360535056985000,25.5,7,25.45,9,25.6,16,2,2022-04-19 09:28:55
1650360535056985000,25.45,3,25.45,9,25.6,16,2,2022-04-19 09:28:55
1650360540320985000,25.45,1,25.45,9,25.6,16,2,2022-04-19 09:29:00
1650360540321064000,25.45,1,25.45,8,25.6,16,2,2022-04-19 09:29:00
1650360542488572000,25.45,1,25.45,7,25.6,16,2,2022-04-19 09:29:02
1650360546524544000,25.45,1,25.45,6,25.6,16,2,2022-04-19 09:29:06
1650360548239637000,25.45,1,25.45,5,25.6,15,2,2022-04-19 09:29:08
1650360557472433000,25.45,3,25.45,4,25.55,2,2,2022-04-19 09:29:17
1650360563399181000,25.45,2,25.45,2,25.55,2,2,2022-04-19 09:29:23
1650360563510906000,25.45,2,25.4,38,25.45,1,2,2022-04-19 09:29:23
1650360565670722000,25.45,1,25.4,39,25.55,2,1,2022-04-19 09:29:25
1650360568812451000,25.45,2,25.45,8,25.55,3,2,2022-04-19 09:29:28
1650360576035187000,25.45,1,25.45,7,25.55,3,2,2022-04-19 09:29:36
1650360577043905000,25.45,2,25.45,5,25.55,3,2,2022-04-19 09:29:37
1650360580541705000,25.45,1,25.45,4,25.55,3,2,2022-04-19 09:29:40
1650360587561091000,25.45,4,25.4,36,25.55,3,2,2022-04-19 09:29:47
1650360593994066000,25.5,1,25.45,10,25.55,3,2,2022-04-19 09:29:53
1650360593994066000,25.45,2,25.45,10,25.55,3,2,2022-04-19 09:29:53
1650360599948008000,25.45,1,25.45,10,25.5,1,2,2022-04-19 09:29:59
1650360600261924000,25.45,2,25.45,8,25.5,1,2,2022-04-19 09:30:00
1650360600262200000,25.45,2,25.45,6,25.5,1,2,2022-04-19 09:30:00
1650360600871598000,25.45,4,25.45,2,25.5,1,2,2022-04-19 09:30:00
1650360600908973000,25.45,2,25.4,18,25.5,1,2,2022-04-19 09:30:00
1650360607698060000,25.45,1,25.45,1,25.5,5,2,2022-04-19 09:30:07
1650360611927877000,25.5,1,25.45,3,25.5,4,1,2022-04-19 09:30:11
1650360613169327000,25.45,3,25.4,20,25.5,4,2,2022-04-19 09:30:13
1650360615243535000,25.5,4,25.4,20,25.55,6,1,2022-04-19 09:30:15
1650360615243535000,25.55,1,25.4,20,25.55,6,1,2022-04-19 09:30:15
1650360626551388000,25.55,2,25.45,3,25.55,7,1,2022-04-19 09:30:26
1650360629530085000,25.55,2,25.45,3,25.55,5,1,2022-04-19 09:30:29
1650360629754467000,25.55,1,25.45,103,25.55,4,1,2022-04-19 09:30:29
1650360629816682000,25.55,1,25.45,103,25.55,3,1,2022-04-19 09:30:29
1650360642482036000,25.55,1,25.5,101,25.55,2,1,2022-04-19 09:30:42
1650360642972611000,25.55,2,25.55,98,25.6,11,1,2022-04-19 09:30:42
1650360648835874000,25.6,2,25.55,99,25.6,9,1,2022-04-19 09:30:48
1650360650237585000,25.6,1,25.55,99,25.6,8,1,2022-04-19 09:30:50
1650360650423937000,25.6,1,25.55,99,25.6,7,1,2022-04-19 09:30:50
1650360650775515000,25.6,2,25.55,99,25.6,5,1,2022-04-19 09:30:50
1650360652452699000,25.6,1,25.55,99,25.6,4,1,2022-04-19 09:30:52
1650360653244550000,25.6,2,25.55,99,25.6,2,1,2022-04-19 09:30:53
1650360653440476000,25.6,2,25.55,99,25.65,22,1,2022-04-19 09:30:53
1650360653440476000,25.65,3,25.55,99,25.65,22,1,2022-04-19 09:30:53
1650360660410317000,25.6,1,25.5,1,25.6,2,1,2022-04-19 09:31:00
1650360661485260000,25.6,2,25.5,1,25.65,5,1,2022-04-19 09:31:01
1650360661709460000,25.6,1,25.5,1,25.65,5,2,2022-04-19 09:31:01
1650360662191468000,25.65,1,25.5,1,25.65,4,1,2022-04-19 09:31:02
1650360664628659000,25.5,1,25.45,4,25.65,4,2,2022-04-19 09:31:04
1650360664628659000,25.45,1,25.45,4,25.65,4,2,2022-04-19 09:31:04
1650360669789226000,25.6,1,25.5,2,25.65,4,1,2022-04-19 09:31:09
1650360675258283000,25.55,1,25.5,3,25.65,14,1,2022-04-19 09:31:15
1650360675611970000,25.65,1,25.5,3,25.65,13,1,2022-04-19 09:31:15
1650360676340834000,25.6,1,25.5,3,25.65,13,2,2022-04-19 09:31:16
1650360678947700000,25.65,1,25.5,3,25.65,12,1,2022-04-19 09:31:18
1650360692576535000,25.65,1,25.5,4,25.65,11,1,2022-04-19 09:31:32
1650360700191290000,25.6,1,25.5,4,25.6,9,1,2022-04-19 09:31:40
1650360705819633000,25.5,1,25.5,3,25.6,9,2,2022-04-19 09:31:45
1650360707044131000,25.55,2,25.5,3,25.6,9,2,2022-04-19 09:31:47
1650360709494709000,25.5,1,25.5,2,25.6,9,2,2022-04-19 09:31:49
1650360716146945000,25.55,1,25.55,1,25.6,9,2,2022-04-19 09:31:56
1650360716171515000,25.55,1,25.5,2,25.6,9,2,2022-04-19 09:31:56
1650360723999486000,25.55,2,25.5,19,25.55,5,1,2022-04-19 09:32:03
1650360726897631000,25.5,1,25.5,18,25.55,5,2,2022-04-19 09:32:06
1650360728142322000,25.55,5,25.5,18,25.6,14,1,2022-04-19 09:32:08
1650360738912524000,25.55,2,25.5,18,25.55,3,1,2022-04-19 09:32:18
1650360739610204000,25.55,2,25.5,18,25.55,1,1,2022-04-19 09:32:19
1650360742288476000,25.55,1,25.5,18,25.55,2,1,2022-04-19 09:32:22
1650360750090095000,25.55,1,25.5,19,25.55,2,1,2022-04-19 09:32:30
1650360751019915000,25.55,3,25.5,19,25.55,5,1,2022-04-19 09:32:31
1650360755179807000,25.55,7,25.55,3,25.6,24,1,2022-04-19 09:32:35
1650360756158853000,25.6,10,25.55,3,25.6,14,1,2022-04-19 09:32:36
1650360758030122000,25.55,3,25.55,2,25.6,14,2,2022-04-19 09:32:38
1650360759210348000,25.55,2,25.5,16,25.6,14,2,2022-04-19 09:32:39
1650360759210348000,25.5,3,25.5,16,25.6,14,2,2022-04-19 09:32:39
1650360767632710000,25.55,1,25.5,16,25.6,17,1,2022-04-19 09:32:47
1650360776668162000,25.55,1,25.5,17,25.55,3,1,2022-04-19 09:32:56
1650360780746775000,25.55,1,25.5,19,25.55,4,1,2022-04-19 09:33:00
1650360791893198000,25.55,3,25.5,19,25.55,1,1,2022-04-19 09:33:11
1650360795299330000,25.55,1,25.5,19,25.6,17,1,2022-04-19 09:33:15
1650360821554538000,25.6,1,25.55,4,25.6,16,1,2022-04-19 09:33:41
1650360827864472000,25.6,1,25.55,4,25.6,15,1,2022-04-19 09:33:47
1650360836054986000,25.6,5,25.55,4,25.6,10,1,2022-04-19 09:33:56
1650360837464549000,25.6,1,25.55,4,25.6,9,1,2022-04-19 09:33:57
1650360840655984000,25.55,1,25.55,3,25.6,23,2,2022-04-19 09:34:00
1650360840676627000,25.55,1,25.55,2,25.6,23,2,2022-04-19 09:34:00
1650360845030436000,25.6,1,25.55,3,25.6,22,1,2022-04-19 09:34:05
1650360847529572000,25.6,2,25.55,3,25.6,20,1,2022-04-19 09:34:07
1650360849968836000,25.55,1,25.55,2,25.6,20,2,2022-04-19 09:34:09
1650360854912929000,25.55,1,25.55,1,25.6,20,2,2022-04-19 09:34:14
1650360886709756000,25.55,2,25.55,3,25.6,42,2,2022-04-19 09:34:46
1650360891785858000,25.55,1,25.55,4,25.6,42,2,2022-04-19 09:34:51
1650360898565303000,25.6,1,25.55,4,25.6,41,1,2022-04-19 09:34:58
1650360900680812000,25.55,1,25.55,3,25.6,45,2,2022-04-19 09:35:00
1650360903860821000,25.6,1,25.55,3,25.6,44,1,2022-04-19 09:35:03
1650360919580856000,25.6,3,25.55,11,25.6,40,1,2022-04-19 09:35:19
1650360923196923000,25.6,1,25.55,12,25.6,40,1,2022-04-19 09:35:23
1650360923734843000,25.55,1,25.55,11,25.6,40,2,2022-04-19 09:35:23
1650360948265062000,25.55,2,25.55,10,25.6,40,2,2022-04-19 09:35:48
1650360950342310000,25.55,5,25.55,5,25.6,40,2,2022-04-19 09:35:50
1650360953163847000,25.55,1,25.55,4,25.6,40,2,2022-04-19 09:35:53
1650360955732253000,25.55,4,25.5,16,25.55,2,2,2022-04-19 09:35:55
1650360976781730000,25.55,1,25.5,16,25.55,3,1,2022-04-19 09:36:16
1650360979266209000,25.55,3,25.5,16,25.6,23,1,2022-04-19 09:36:19
1650360979266209000,25.6,17,25.5,16,25.6,23,1,2022-04-19 09:36:19
1650360983649377000,25.5,5,25.5,11,25.6,23,2,2022-04-19 09:36:23
1650361020735616000,25.55,2,25.5,17,25.6,23,2,2022-04-19 09:37:00
1650361020738338000,25.5,2,25.5,15,25.6,23,2,2022-04-19 09:37:00
1650361035113787000,25.5,2,25.5,14,25.6,23,2,2022-04-19 09:37:15
1650361037099524000,25.5,1,25.5,13,25.6,23,2,2022-04-19 09:37:17
1650361046188147000,25.55,1,25.55,7,25.6,23,2,2022-04-19 09:37:26
1650361047261268000,25.55,2,25.55,5,25.6,23,2,2022-04-19 09:37:27
1650361051695447000,25.55,2,25.55,3,25.6,23,2,2022-04-19 09:37:31
1650361064885947000,25.55,1,25.5,14,25.55,4,2,2022-04-19 09:37:44
1650361097124730000,25.5,2,25.5,12,25.55,8,2,2022-04-19 09:38:17
1650361113057006000,25.55,1,25.5,13,25.55,25,1,2022-04-19 09:38:33
1650361113521326000,25.55,1,25.5,13,25.55,24,1,2022-04-19 09:38:33
1650361115075258000,25.5,8,25.5,5,25.55,24,2,2022-04-19 09:38:35
1650361116699552000,25.5,5,25.45,13,25.55,24,2,2022-04-19 09:38:36
1650361116699552000,25.45,1,25.45,13,25.55,24,2,2022-04-19 09:38:36
1650361128277326000,25.5,1,25.5,1,25.55,24,2,2022-04-19 09:38:48
1650361129028344000,25.5,1,25.45,18,25.55,24,2,2022-04-19 09:38:49
1650361145135038000,25.5,2,25.45,13,25.55,24,1,2022-04-19 09:39:05
1650361157309469000,25.5,2,25.5,3,25.55,24,2,2022-04-19 09:39:17
1650361169888695000,25.5,1,25.5,2,25.55,24,2,2022-04-19 09:39:29
1650361175213418000,25.5,1,25.5,1,25.55,24,2,2022-04-19 09:39:35
1650361180512108000,25.5,1,25.45,15,25.55,24,2,2022-04-19 09:39:40
1650361185175844000,25.5,6,25.45,15,25.55,24,2,2022-04-19 09:39:45
1650361190329610000,25.55,9,25.45,15,25.55,15,1,2022-04-19 09:39:50
1650361197291792000,25.45,5,25.45,10,25.55,15,2,2022-04-19 09:39:57
1650361197680168000,25.55,9,25.5,2,25.55,6,1,2022-04-19 09:39:57
1650361201943515000,25.55,3,25.5,2,25.55,7,1,2022-04-19 09:40:01
1650361206374676000,25.55,1,25.5,2,25.55,6,1,2022-04-19 09:40:06
1650361211034834000,25.55,6,25.5,2,25.6,6,1,2022-04-19 09:40:11
1650361211342094000,25.6,4,25.5,43,25.6,2,1,2022-04-19 09:40:11
1650361211438209000,25.6,2,25.5,43,25.7,8,1,2022-04-19 09:40:11
1650361211438209000,25.65,1,25.5,43,25.7,8,1,2022-04-19 09:40:11
1650361211438209000,25.7,2,25.5,43,25.7,8,1,2022-04-19 09:40:11
1650361212273550000,25.55,1,25.5,43,25.7,8,2,2022-04-19 09:40:12
1650361216051423000,25.65,1,25.55,1,25.7,4,1,2022-04-19 09:40:16
1650361216051423000,25.7,4,25.55,1,25.7,4,1,2022-04-19 09:40:16
1650361247196826000,25.65,1,25.6,6,25.65,8,1,2022-04-19 09:40:47
1650361256849732000,25.6,2,25.6,4,25.65,9,2,2022-04-19 09:40:56
1650361259457464000,25.6,1,25.6,3,25.65,9,2,2022-04-19 09:40:59
1650361260097125000,25.6,2,25.6,1,25.65,9,2,2022-04-19 09:41:00
1650361260100099000,25.6,1,25.5,5,25.6,1,2,2022-04-19 09:41:00
1650361265760395000,25.5,2,25.5,3,25.6,1,2,2022-04-19 09:41:05
1650361281099502000,25.55,1,25.5,7,25.6,12,2,2022-04-19 09:41:21
1650361282663266000,25.6,2,25.5,7,25.6,10,1,2022-04-19 09:41:22
1650361287918734000,25.5,1,25.5,6,25.6,10,2,2022-04-19 09:41:27
1650361320055227000,25.55,1,25.55,12,25.6,10,2,2022-04-19 09:42:00
1650361320066967000,25.55,1,25.55,11,25.6,10,2,2022-04-19 09:42:00
1650361337942321000,25.6,1,25.55,12,25.6,9,1,2022-04-19 09:42:17
1650361349078167000,25.55,4,25.55,9,25.6,9,2,2022-04-19 09:42:29
1650361355048055000,25.6,1,25.55,9,25.6,8,1,2022-04-19 09:42:35
1650361368763766000,25.6,1,25.55,5,25.6,8,1,2022-04-19 09:42:48
1650361388435086000,25.55,4,25.55,3,25.6,12,2,2022-04-19 09:43:08
1650361405440759000,25.6,1,25.55,5,25.6,11,1,2022-04-19 09:43:25
1650361430980394000,25.6,1,25.55,5,25.6,11,1,2022-04-19 09:43:50
1650361439256016000,25.6,1,25.55,5,25.6,10,1,2022-04-19 09:43:59
1650361443199280000,25.6,1,25.55,5,25.6,13,1,2022-04-19 09:44:03
1650361449286035000,25.6,1,25.55,8,25.6,12,1,2022-04-19 09:44:09
1650361451149143000,25.6,1,25.55,10,25.6,11,1,2022-04-19 09:44:11
1650361452218223000,25.6,1,25.55,10,25.6,10,1,2022-04-19 09:44:12
1650361456125593000,25.6,10,25.55,10,25.65,17,1,2022-04-19 09:44:16
1650361457107942000,25.55,2,25.55,8,25.65,17,2,2022-04-19 09:44:17
1650361481542366000,25.6,2,25.6,9,25.65,18,2,2022-04-19 09:44:41
1650361498009341000,25.6,1,25.6,8,25.65,25,2,2022-04-19 09:44:58
1650361499700344000,25.6,5,25.6,3,25.65,25,2,2022-04-19 09:44:59
1650361500013153000,25.65,1,25.6,3,25.65,24,1,2022-04-19 09:45:00
1650361500285646000,25.65,1,25.6,3,25.65,23,1,2022-04-19 09:45:00
1650361500523108000,25.6,2,25.6,1,25.65,23,2,2022-04-19 09:45:00
1650361500523241000,25.6,1,25.55,12,25.6,1,2,2022-04-19 09:45:00
1650361513236052000,25.6,2,25.55,12,25.6,4,1,2022-04-19 09:45:13
1650361515437910000,25.6,2,25.55,12,25.6,2,1,2022-04-19 09:45:15
1650361519333426000,25.6,1,25.55,13,25.6,1,1,2022-04-19 09:45:19
1650361521614997000,25.6,1,25.55,11,25.65,23,1,2022-04-19 09:45:21
1650361525856074000,25.6,1,25.55,11,25.65,22,1,2022-04-19 09:45:25
1650361531582343000,25.65,1,25.6,3,25.65,6,1,2022-04-19 09:45:31
1650361531613729000,25.65,3,25.6,3,25.65,3,1,2022-04-19 09:45:31
1650361534443942000,25.6,5,25.55,11,25.6,10,2,2022-04-19 09:45:34
1650361551649153000,25.6,4,25.55,14,25.6,8,1,2022-04-19 09:45:51
1650361562920856000,25.6,1,25.55,14,25.6,9,1,2022-04-19 09:46:02
1650361568977388000,25.6,2,25.55,13,25.6,7,1,2022-04-19 09:46:08
1650361573891821000,25.6,1,25.55,13,25.6,6,1,2022-04-19 09:46:13
1650361579247148000,25.6,1,25.55,15,25.6,5,1,2022-04-19 09:46:19
1650361588006349000,25.6,1,25.55,14,25.6,4,1,2022-04-19 09:46:28
1650361589258551000,25.6,1,25.55,14,25.6,4,1,2022-04-19 09:46:29
1650361592147721000,25.6,4,25.6,2,25.65,3,1,2022-04-19 09:46:32
1650361600793742000,25.65,5,25.6,4,25.7,4,1,2022-04-19 09:46:40
1650361600793742000,25.7,5,25.6,4,25.7,4,1,2022-04-19 09:46:40
1650361607001680000,25.6,1,25.6,4,25.7,4,2,2022-04-19 09:46:47
1650361610363795000,25.7,1,25.6,4,25.7,3,1,2022-04-19 09:46:50
1650361611135274000,25.7,2,25.6,4,25.7,1,1,2022-04-19 09:46:51
1650361625130193000,25.65,1,25.65,1,25.7,11,2,2022-04-19 09:47:05
1650361626835480000,25.65,1,25.6,6,25.65,5,2,2022-04-19 09:47:06
1650361633181716000,25.65,1,25.6,11,25.65,4,1,2022-04-19 09:47:13
1650361633987807000,25.65,4,25.65,1,25.7,6,1,2022-04-19 09:47:13
1650361643144654000,25.7,5,25.65,8,25.7,1,1,2022-04-19 09:47:23
1650361648894510000,25.7,1,25.65,8,25.7,1,2,2022-04-19 09:47:28
1650361658734223000,25.7,1,25.65,8,25.75,6,1,2022-04-19 09:47:38
1650361658734223000,25.75,49,25.65,8,25.75,6,1,2022-04-19 09:47:38
1650361662905700000,25.75,6,25.75,4,25.8,3,1,2022-04-19 09:47:42
1650361669603593000,25.75,6,25.65,9,25.7,3,2,2022-04-19 09:47:49
1650361669638428000,25.7,2,25.65,9,25.7,1,1,2022-04-19 09:47:49
1650361670494203000,25.7,3,25.65,9,25.8,3,1,2022-04-19 09:47:50
1650361670534162000,25.8,1,25.65,9,25.8,2,1,2022-04-19 09:47:50
1650361671364813000,25.8,2,25.8,4,25.85,7,1,2022-04-19 09:47:51
1650361673934185000,25.85,1,25.8,4,25.85,6,1,2022-04-19 09:47:53
1650361675812603000,25.85,3,25.8,4,25.85,3,1,2022-04-19 09:47:55
1650361677403295000,25.85,1,25.8,4,25.85,2,1,2022-04-19 09:47:57
1650361677680293000,25.85,1,25.8,4,25.85,1,1,2022-04-19 09:47:57
1650361678546259000,25.85,1,25.8,4,25.9,11,1,2022-04-19 09:47:58
1650361680156460000,25.85,2,25.8,7,25.9,11,2,2022-04-19 09:48:00
1650361681885123000,25.85,1,25.8,8,25.85,1,1,2022-04-19 09:48:01
1650361687394392000,25.85,1,25.8,23,25.9,11,1,2022-04-19 09:48:07
1650361688417770000,25.85,2,25.85,4,25.9,11,1,2022-04-19 09:48:08
1650361689954513000,25.9,11,25.85,7,25.95,4,1,2022-04-19 09:48:09
1650361689954513000,25.95,9,25.85,7,25.95,4,1,2022-04-19 09:48:09
1650361691974893000,25.85,5,25.85,4,25.95,4,2,2022-04-19 09:48:11
1650361692478532000,25.9,1,25.85,4,25.95,4,1,2022-04-19 09:48:12
1650361712429718000,25.9,1,25.85,9,25.95,10,2,2022-04-19 09:48:32
1650361714022020000,25.9,1,25.85,9,25.9,4,2,2022-04-19 09:48:34
1650361716081216000,25.9,3,25.85,9,25.9,3,1,2022-04-19 09:48:36
1650361718485371000,25.9,1,25.85,9,25.9,2,1,2022-04-19 09:48:38
1650361719064642000,25.9,1,25.85,9,25.9,1,1,2022-04-19 09:48:39
1650361720319620000,25.9,1,25.9,8,25.95,10,1,2022-04-19 09:48:40
1650361725424859000,25.95,3,25.9,10,25.95,7,1,2022-04-19 09:48:45
1650361728709123000,25.95,2,25.9,10,25.95,5,1,2022-04-19 09:48:48
1650361731547480000,25.95,1,25.9,10,25.95,4,1,2022-04-19 09:48:51
1650361732308317000,25.95,1,25.9,10,25.95,3,1,2022-04-19 09:48:52
1650361734305068000,25.95,1,25.9,10,25.95,2,1,2022-04-19 09:48:54
1650361735418978000,25.95,1,25.9,10,25.95,2,1,2022-04-19 09:48:55
1650361735843824000,25.95,2,25.9,10,26.0,19,1,2022-04-19 09:48:55
1650361740209872000,25.95,1,25.95,1,26.0,16,2,2022-04-19 09:49:00
1650361740209995000,25.95,1,25.9,10,26.0,16,2,2022-04-19 09:49:00
1650361743219612000,25.95,2,25.95,9,26.0,16,2,2022-04-19 09:49:03
1650361750127821000,26.0,10,25.95,18,26.0,6,1,2022-04-19 09:49:10
1650361750156873000,26.0,1,25.95,18,26.0,5,1,2022-04-19 09:49:10
1650361753208064000,26.0,1,25.95,18,26.0,4,1,2022-04-19 09:49:13
1650361755441957000,26.0,3,25.95,19,26.0,1,1,2022-04-19 09:49:15
1650361758497893000,26.0,1,26.0,9,26.05,6,1,2022-04-19 09:49:18
1650361765473317000,26.05,1,26.0,15,26.05,5,1,2022-04-19 09:49:25
1650361773438958000,26.05,1,26.0,19,26.05,4,1,2022-04-19 09:49:33
1650361773662839000,26.05,1,26.0,19,26.05,3,1,2022-04-19 09:49:33
1650361776369162000,26.05,2,26.0,19,26.05,1,1,2022-04-19 09:49:36
1650361777037560000,26.05,1,26.0,19,26.1,3,1,2022-04-19 09:49:37
1650361779019663000,26.1,2,26.05,2,26.1,2,1,2022-04-19 09:49:39
1650361784149604000,26.1,1,26.05,5,26.1,1,1,2022-04-19 09:49:44
1650361786579150000,26.1,1,26.05,6,26.15,5,1,2022-04-19 09:49:46
1650361790307680000,26.1,6,26.05,2,26.15,5,2,2022-04-19 09:49:50
1650361790307680000,26.05,4,26.05,2,26.15,5,2,2022-04-19 09:49:50
1650361790963259000,26.1,1,26.05,2,26.15,5,2,2022-04-19 09:49:50
1650361791129585000,26.05,2,25.9,9,26.15,5,2,2022-04-19 09:49:51
1650361791129585000,26.0,19,25.9,9,26.15,5,2,2022-04-19 09:49:51
1650361791129585000,25.95,17,25.9,9,26.15,5,2,2022-04-19 09:49:51
1650361791129585000,25.9,2,25.9,9,26.15,5,2,2022-04-19 09:49:51
1650361791381442000,25.95,1,25.9,9,26.1,1,2,2022-04-19 09:49:51
1650361791594055000,26.1,1,25.9,9,26.15,1,1,2022-04-19 09:49:51
1650361791594055000,26.15,4,25.9,9,26.15,1,1,2022-04-19 09:49:51
1650361791715191000,26.0,1,25.95,1,26.1,1,2,2022-04-19 09:49:51
1650361791848630000,26.1,1,26.15,3,26.2,14,1,2022-04-19 09:49:51
1650361791848630000,26.15,1,26.15,3,26.2,14,1,2022-04-19 09:49:51
1650361791879136000,26.15,3,25.9,9,26.2,14,2,2022-04-19 09:49:51
1650361793170564000,26.0,1,25.9,9,26.0,2,1,2022-04-19 09:49:53
1650361796808572000,26.0,1,25.9,9,26.0,1,1,2022-04-19 09:49:56
1650361799317669000,26.0,1,25.9,9,26.05,1,1,2022-04-19 09:49:59
1650361802983718000,26.0,1,25.9,12,26.0,3,1,2022-04-19 09:50:02
1650361804827801000,25.9,1,25.9,11,26.0,4,2,2022-04-19 09:50:04
1650361805431066000,26.0,1,25.9,11,26.0,3,1,2022-04-19 09:50:05
1650361806106261000,26.0,1,25.9,11,26.0,2,1,2022-04-19 09:50:06
1650361815136985000,26.0,2,26.0,1,26.05,1,1,2022-04-19 09:50:15
1650361815162854000,26.0,1,25.95,1,26.05,1,2,2022-04-19 09:50:15
1650361816121012000,25.95,1,25.9,11,26.05,1,2,2022-04-19 09:50:16
1650361816491534000,26.0,2,25.9,11,26.05,1,2,2022-04-19 09:50:16
1650361824673726000,26.0,3,25.9,10,26.0,7,1,2022-04-19 09:50:24
1650361824881317000,26.0,5,25.9,10,26.0,2,1,2022-04-19 09:50:24
1650361829376253000,25.95,2,25.95,8,26.0,4,2,2022-04-19 09:50:29
1650361831219938000,26.0,1,25.95,8,26.0,3,1,2022-04-19 09:50:31
1650361835731027000,26.0,1,25.95,8,26.0,3,1,2022-04-19 09:50:35
1650361837674283000,26.0,1,25.95,8,26.0,2,1,2022-04-19 09:50:37
1650361848718851000,26.0,2,25.95,10,26.0,12,1,2022-04-19 09:50:48
1650361849800356000,25.95,1,25.95,9,26.0,12,2,2022-04-19 09:50:49
1650361851436403000,25.95,2,25.95,7,26.0,12,2,2022-04-19 09:50:51
1650361854711920000,26.0,2,25.95,7,26.0,17,1,2022-04-19 09:50:54
1650361859000350000,25.95,1,25.95,6,26.0,18,2,2022-04-19 09:50:59
1650361860095256000,25.95,2,25.95,4,26.0,18,2,2022-04-19 09:51:00
1650361860096604000,25.95,2,25.95,2,26.0,18,2,2022-04-19 09:51:00
1650361862123887000,25.95,1,25.95,1,26.0,18,2,2022-04-19 09:51:02
1650361863048075000,25.95,1,25.9,15,26.0,18,2,2022-04-19 09:51:03
1650361864221916000,25.95,1,25.9,15,26.0,18,1,2022-04-19 09:51:04
1650361869967233000,25.95,1,25.9,15,25.95,1,1,2022-04-19 09:51:09
1650361879270642000,25.9,1,25.9,14,25.95,4,2,2022-04-19 09:51:19
1650361885065522000,25.9,14,25.65,20,25.95,6,2,2022-04-19 09:51:25
1650361885065522000,25.85,7,25.65,20,25.95,6,2,2022-04-19 09:51:25
1650361885065522000,25.8,19,25.65,20,25.95,6,2,2022-04-19 09:51:25
1650361901474228000,25.65,4,25.65,5,25.85,8,2,2022-04-19 09:51:41
1650361904359714000,25.65,1,25.65,4,25.85,8,2,2022-04-19 09:51:44
1650361917724602000,25.65,5,25.65,4,25.75,1,2,2022-04-19 09:51:57
1650361918334790000,25.65,4,25.6,11,25.65,1,2,2022-04-19 09:51:58
1650361918362314000,25.65,1,25.6,11,25.75,1,1,2022-04-19 09:51:58
1650361922611284000,25.65,1,25.6,11,25.65,1,1,2022-04-19 09:52:02
1650361922627246000,25.65,1,25.6,11,25.75,1,1,2022-04-19 09:52:02
1650361923847704000,25.65,1,25.65,1,25.75,1,2,2022-04-19 09:52:03
1650361928748380000,25.65,2,25.6,11,25.65,3,2,2022-04-19 09:52:08
1650361934998159000,25.65,2,25.6,12,25.65,1,1,2022-04-19 09:52:14
1650361935036192000,25.65,1,25.6,12,25.75,1,1,2022-04-19 09:52:15
1650361936067258000,25.6,4,25.6,8,25.75,1,2,2022-04-19 09:52:16
1650361938721907000,25.75,1,25.65,2,25.85,8,1,2022-04-19 09:52:18
1650361941704620000,25.65,2,25.6,7,25.85,8,2,2022-04-19 09:52:21
1650361966187326000,25.65,1,25.65,4,25.8,2,2,2022-04-19 09:52:46
1650361979025715000,25.7,1,25.65,4,25.75,6,2,2022-04-19 09:52:59
1650361990119604000,25.7,2,25.65,10,25.7,3,1,2022-04-19 09:53:10
1650361990497013000,25.7,1,25.65,10,25.7,2,1,2022-04-19 09:53:10
1650361995414855000,25.7,1,25.65,10,25.7,1,1,2022-04-19 09:53:15
1650361998134710000,25.7,1,25.65,10,25.75,6,1,2022-04-19 09:53:18
1650361998630878000,25.65,3,25.65,7,25.75,6,2,2022-04-19 09:53:18
1650362003564279000,25.7,1,25.7,5,25.75,6,2,2022-04-19 09:53:23
1650362010433217000,25.7,5,25.65,7,25.75,6,2,2022-04-19 09:53:30
1650362038297950000,25.65,2,25.6,21,25.65,1,2,2022-04-19 09:53:58
1650362041421107000,25.65,1,25.6,21,25.65,4,1,2022-04-19 09:54:01
1650362050363813000,25.65,2,25.6,21,25.65,2,1,2022-04-19 09:54:10
1650362062029176000,25.65,1,25.6,23,25.65,1,1,2022-04-19 09:54:22
1650362066156129000,25.65,1,25.65,9,25.7,11,1,2022-04-19 09:54:26
1650362100815869000,25.65,1,25.65,14,25.7,11,2,2022-04-19 09:55:00
1650362100825866000,25.65,1,25.65,13,25.7,11,2,2022-04-19 09:55:00
1650362134333448000,25.7,3,25.65,23,25.7,8,1,2022-04-19 09:55:34
1650362137843698000,25.7,1,25.65,23,25.7,7,1,2022-04-19 09:55:37
1650362140623080000,25.7,1,25.65,23,25.7,7,1,2022-04-19 09:55:40
1650362146644811000,25.7,1,25.65,23,25.7,6,1,2022-04-19 09:55:46
1650362147181278000,25.7,5,25.65,23,25.7,1,1,2022-04-19 09:55:47
1650362147211089000,25.7,1,25.65,23,25.75,6,1,2022-04-19 09:55:47
1650362154629434000,25.75,6,25.7,2,25.95,6,1,2022-04-19 09:55:54
1650362154629434000,25.8,1,25.7,2,25.95,6,1,2022-04-19 09:55:54
1650362154629434000,25.85,6,25.7,2,25.95,6,1,2022-04-19 09:55:54
1650362154629434000,25.9,4,25.7,2,25.95,6,1,2022-04-19 09:55:54
1650362154629434000,25.95,1,25.7,2,25.95,6,1,2022-04-19 09:55:54
1650362197815779000,25.8,1,25.75,2,25.9,2,2,2022-04-19 09:56:37
1650362199881244000,25.9,1,25.75,2,25.9,1,1,2022-04-19 09:56:39
1650362202247925000,25.75,2,25.7,7,25.9,2,2,2022-04-19 09:56:42
1650362202247925000,25.7,1,25.7,7,25.9,2,2,2022-04-19 09:56:42
1650362220154286000,25.8,1,25.7,7,25.9,14,2,2022-04-19 09:57:00
1650362220154286000,25.7,1,25.7,7,25.9,14,2,2022-04-19 09:57:00
1650362220177490000,25.7,2,25.7,5,25.9,14,2,2022-04-19 09:57:00
1650362237872924000,25.7,2,25.7,11,25.85,1,2,2022-04-19 09:57:17
1650362280188955000,25.75,1,25.75,1,25.8,1,2,2022-04-19 09:58:00
1650362280193017000,25.75,1,25.7,21,25.8,1,2,2022-04-19 09:58:00
1650362290046385000,25.75,1,25.7,21,25.75,1,2,2022-04-19 09:58:10
1650362294361245000,25.7,1,25.7,20,25.75,1,2,2022-04-19 09:58:14
1650362295017302000,25.75,1,25.7,20,25.9,13,1,2022-04-19 09:58:15
1650362295017302000,25.8,1,25.7,20,25.9,13,1,2022-04-19 09:58:15
1650362295017302000,25.85,2,25.7,20,25.9,13,1,2022-04-19 09:58:15
1650362295017302000,25.9,2,25.7,20,25.9,13,1,2022-04-19 09:58:15
1650362318009374000,25.9,1,25.75,6,25.9,15,1,2022-04-19 09:58:38
1650362341432213000,25.85,1,25.8,1,25.9,20,2,2022-04-19 09:59:01
1650362398473446000,25.85,2,25.8,12,25.85,2,1,2022-04-19 09:59:58
1650362405825913000,25.85,5,25.8,12,25.85,1,1,2022-04-19 10:00:05
1650362409115521000,25.85,2,25.8,14,25.9,18,1,2022-04-19 10:00:09
1650362424655420000,25.85,2,25.85,1,25.9,18,2,2022-04-19 10:00:24
1650362424683651000,25.85,1,25.8,14,25.9,18,2,2022-04-19 10:00:24
1650362435354198000,25.85,1,25.8,14,25.9,14,1,2022-04-19 10:00:35
1650362435354198000,25.9,4,25.8,14,25.9,14,1,2022-04-19 10:00:35
1650362470916712000,25.9,2,25.8,17,25.9,18,1,2022-04-19 10:01:10
1650362485801274000,25.9,1,25.8,16,25.9,17,1,2022-04-19 10:01:25
1650362494945404000,25.85,1,25.85,1,25.9,17,2,2022-04-19 10:01:34
1650362499721204000,25.85,1,25.8,16,25.9,18,2,2022-04-19 10:01:39
1650362502900575000,25.85,1,25.8,16,25.9,18,2,2022-04-19 10:01:42
1650362524284169000,25.85,2,25.8,16,25.85,1,1,2022-04-19 10:02:04
1650362549266676000,25.85,4,25.8,15,25.85,1,1,2022-04-19 10:02:29
1650362570065581000,25.85,3,25.8,15,25.85,6,1,2022-04-19 10:02:50
1650362601627666000,25.85,2,25.8,26,25.85,8,1,2022-04-19 10:03:21
1650362607271308000,25.85,1,25.8,26,25.85,7,1,2022-04-19 10:03:27
1650362607637421000,25.85,1,25.8,26,25.85,6,1,2022-04-19 10:03:27
1650362635420535000,25.85,5,25.8,36,25.85,22,1,2022-04-19 10:03:55
1650362638864192000,25.85,5,25.8,36,25.85,17,1,2022-04-19 10:03:58
1650362643906989000,25.85,1,25.8,36,25.85,20,1,2022-04-19 10:04:03
1650362647005772000,25.85,1,25.8,36,25.85,19,1,2022-04-19 10:04:07
1650362668902588000,25.85,19,25.85,1,25.9,33,1,2022-04-19 10:04:28
1650362677660407000,25.85,1,25.85,1,25.9,33,2,2022-04-19 10:04:37
1650362687198088000,25.85,2,25.8,36,25.9,33,2,2022-04-19 10:04:47
1650362700123542000,25.85,1,25.85,1,25.9,34,2,2022-04-19 10:05:00
1650362700123922000,25.85,1,25.8,35,25.9,34,2,2022-04-19 10:05:00
1650362745136676000,25.85,2,25.8,35,25.85,4,1,2022-04-19 10:05:45
1650362750023938000,25.85,3,25.8,35,25.85,1,1,2022-04-19 10:05:50
1650362763975343000,25.85,1,25.8,35,25.85,6,1,2022-04-19 10:06:03
1650362767868624000,25.85,2,25.8,35,25.85,4,1,2022-04-19 10:06:07
1650362778392130000,25.85,3,25.8,36,25.85,2,1,2022-04-19 10:06:18
1650362779494105000,25.85,1,25.8,36,25.85,1,1,2022-04-19 10:06:19
1650362795411344000,25.85,1,25.85,2,25.9,31,1,2022-04-19 10:06:35
1650362798900691000,25.9,1,25.85,2,25.9,30,1,2022-04-19 10:06:38
1650362809709764000,25.85,3,25.85,1,25.9,30,2,2022-04-19 10:06:49
1650362813977918000,25.85,1,25.8,36,25.9,30,2,2022-04-19 10:06:53
1650362820148047000,25.85,2,25.8,36,25.9,30,2,2022-04-19 10:07:00
1650362824716242000,25.85,1,25.8,36,25.85,1,1,2022-04-19 10:07:04
1650362835082398000,25.85,1,25.8,36,25.9,30,1,2022-04-19 10:07:15
1650362838863066000,25.9,1,25.8,36,25.9,29,1,2022-04-19 10:07:18
1650362850943578000,25.85,1,25.8,38,25.85,4,1,2022-04-19 10:07:30
1650362860656416000,25.85,1,25.8,38,25.85,3,1,2022-04-19 10:07:40
1650362862792728000,25.85,1,25.8,38,25.85,2,1,2022-04-19 10:07:42
1650362868428859000,25.85,1,25.8,28,25.85,1,1,2022-04-19 10:07:48
1650362872627213000,25.85,1,25.8,28,25.9,30,1,2022-04-19 10:07:52
1650362884491728000,25.85,1,25.8,28,25.85,1,1,2022-04-19 10:08:04
1650362887907152000,25.85,1,25.85,1,25.9,30,1,2022-04-19 10:08:07
1650362906846989000,25.85,14,25.8,26,25.9,29,2,2022-04-19 10:08:26
1650362913487017000,25.8,1,25.8,25,25.9,28,2,2022-04-19 10:08:33
1650362938484523000,25.8,3,25.8,21,25.85,4,2,2022-04-19 10:08:58
1650362940209279000,25.8,2,25.8,19,25.85,4,2,2022-04-19 10:09:00
1650362940218688000,25.8,2,25.8,17,25.85,4,2,2022-04-19 10:09:00
1650362943132273000,25.8,12,25.8,5,25.85,4,2,2022-04-19 10:09:03
1650362957416972000,25.8,1,25.8,6,25.85,4,2,2022-04-19 10:09:17
1650362980648794000,25.85,4,25.8,7,25.9,27,1,2022-04-19 10:09:40
1650362980648794000,25.9,1,25.8,7,25.9,27,1,2022-04-19 10:09:40
1650362992811972000,25.9,2,25.8,5,25.9,25,1,2022-04-19 10:09:52
1650362995096165000,25.8,5,25.7,11,25.9,25,2,2022-04-19 10:09:55
1650362995096165000,25.75,2,25.7,11,25.9,25,2,2022-04-19 10:09:55
1650362995096165000,25.7,5,25.7,11,25.9,25,2,2022-04-19 10:09:55
1650363000241591000,25.75,1,25.7,10,25.85,1,2,2022-04-19 10:10:00
1650363000241591000,25.7,1,25.7,10,25.85,1,2,2022-04-19 10:10:00
1650363000249484000,25.7,2,25.7,8,25.85,1,2,2022-04-19 10:10:00
1650363038002962000,25.8,1,25.8,11,25.85,1,2,2022-04-19 10:10:38
1650363042006569000,25.85,1,25.8,11,25.9,25,1,2022-04-19 10:10:42
1650363063254258000,25.85,1,25.8,1,25.85,1,1,2022-04-19 10:11:03
1650363066386093000,25.8,1,25.75,2,25.85,1,2,2022-04-19 10:11:06
1650363120058299000,25.8,2,25.75,2,25.85,1,2,2022-04-19 10:12:00
