ts,close,volume,bid_price,bid_volume,ask_price,ask_volume,tick_type,datetime
1650358809466528000,105.5,968,105.0,11,105.5,9,1,2022-04-19 09:00:09
1650358809503503000,105.0,2,105.0,9,105.5,9,2,2022-04-19 09:00:09
1650358809613175000,105.5,1,105.0,9,105.5,8,1,2022-04-19 09:00:09
1650358809617891000,105.0,2,105.0,7,105.5,8,2,2022-04-19 09:00:09
1650358809850231000,105.0,4,105.0,3,105.5,8,2,2022-04-19 09:00:09
1650358809900641000,105.0,3,104.5,6,105.5,8,2,2022-04-19 09:00:09
1650358809900641000,104.5,1,104.5,6,105.5,8,2,2022-04-19 09:00:09
1650358810192056000,104.5,2,104.5,4,105.5,8,2,2022-04-19 09:00:10
1650358810291295000,105.5,1,104.5,4,105.5,7,1,2022-04-19 09:00:10
1650358810305899000,104.5,1,104.5,3,105.5,7,2,2022-04-19 09:00:10
1650358810764853000,104.5,3,104.0,64,104.5,7,2,2022-04-19 09:00:10
1650358810977930000,104.5,2,104.0,64,104.5,5,1,2022-04-19 09:00:10
1650358811007728000,104.5,5,104.0,64,105.5,7,1,2022-04-19 09:00:11
1650358811280729000,105.5,1,104.5,1,105.5,6,1,2022-04-19 09:00:11
1650358811579302000,104.5,2,104.0,67,105.5,6,2,2022-04-19 09:00:11
1650358811579302000,104.0,1,104.0,67,105.5,6,2,2022-04-19 09:00:11
1650358811782141000,104.0,1,104.0,66,105.0,1,2,2022-04-19 09:00:11
1650358811832983000,105.0,1,104.0,66,105.5,3,1,2022-04-19 09:00:11
1650358811832983000,105.5,3,104.0,66,105.5,3,1,2022-04-19 09:00:11
1650358812278554000,105.0,2,104.5,2,105.0,51,1,2022-04-19 09:00:12
1650358812567150000,105.0,2,104.5,3,105.0,59,1,2022-04-19 09:00:12
1650358812642352000,105.0,5,104.5,4,105.0,54,1,2022-04-19 09:00:12
1650358812678507000,105.0,54,104.5,7,105.5,3,1,2022-04-19 09:00:12
1650358812715340000,105.5,1,104.5,7,105.5,2,1,2022-04-19 09:00:12
1650358813054591000,105.5,1,104.5,8,105.5,1,1,2022-04-19 09:00:13
1650358813056965000,104.5,1,104.5,7,105.5,1,2,2022-04-19 09:00:13
1650358813442571000,105.5,1,104.5,8,105.5,1,1,2022-04-19 09:00:13
1650358813820773000,105.5,1,104.5,8,106.0,49,1,2022-04-19 09:00:13
1650358813820773000,106.0,2,104.5,8,106.0,49,1,2022-04-19 09:00:13
1650358813897734000,106.0,1,105.0,1,106.0,48,1,2022-04-19 09:00:13
1650358813898535000,106.0,1,105.0,1,106.0,47,1,2022-04-19 09:00:13
1650358813959008000,106.0,2,105.0,1,106.0,45,1,2022-04-19 09:00:13
1650358814235144000,105.5,1,105.0,1,105.5,49,1,2022-04-19 09:00:14
1650358814275635000,105.0,1,104.5,19,105.5,49,2,2022-04-19 09:00:14
1650358814389702000,105.0,1,104.5,21,105.5,48,1,2022-04-19 09:00:14
1650358814389702000,105.5,1,104.5,21,105.5,48,1,2022-04-19 09:00:14
1650358814413514000,105.5,3,104.5,21,105.5,45,1,2022-04-19 09:00:14
1650358814427787000,105.5,1,105.0,1,105.5,44,1,2022-04-19 09:00:14
1650358814731367000,105.5,8,105.0,10,105.5,36,1,2022-04-19 09:00:14
1650358814908912000,105.5,1,105.0,10,105.5,35,1,2022-04-19 09:00:14
1650358815103808000,105.5,2,105.0,13,105.5,33,1,2022-04-19 09:00:15
1650358815137958000,105.5,5,105.0,13,105.5,28,1,2022-04-19 09:00:15
1650358815528143000,105.5,10,105.0,13,105.5,18,1,2022-04-19 09:00:15
1650358815558536000,105.5,18,105.0,13,106.0,45,1,2022-04-19 09:00:15
1650358815715240000,105.0,1,105.0,13,106.0,45,2,2022-04-19 09:00:15
1650358815916486000,106.0,1,105.0,13,106.0,44,1,2022-04-19 09:00:15
1650358815938594000,105.0,1,105.0,12,106.0,44,2,2022-04-19 09:00:15
1650358816127867000,105.0,1,105.0,11,106.0,44,2,2022-04-19 09:00:16
1650358816339552000,105.0,1,105.0,10,106.0,44,2,2022-04-19 09:00:16
1650358816826571000,106.0,5,105.0,18,106.0,39,1,2022-04-19 09:00:16
1650358816939942000,106.0,1,105.0,20,106.0,38,1,2022-04-19 09:00:16
1650358817011984000,106.0,1,105.0,22,106.0,36,1,2022-04-19 09:00:17
1650358817244955000,105.5,5,105.0,22,105.5,5,1,2022-04-19 09:00:17
1650358817494211000,105.0,3,105.0,19,105.5,6,2,2022-04-19 09:00:17
1650358817593883000,105.5,1,105.0,19,105.5,5,1,2022-04-19 09:00:17
1650358817780643000,105.5,2,105.0,20,105.5,3,1,2022-04-19 09:00:17
1650358817912205000,105.5,1,105.0,20,105.5,2,1,2022-04-19 09:00:17
1650358817943681000,105.0,20,104.5,12,105.5,2,2,2022-04-19 09:00:17
1650358817943681000,104.5,30,104.5,12,105.5,2,2,2022-04-19 09:00:17
1650358818077997000,105.5,1,105.0,1,105.5,3,1,2022-04-19 09:00:18
1650358818148766000,105.5,1,105.0,1,105.5,4,1,2022-04-19 09:00:18
1650358818323185000,105.5,1,105.0,1,105.5,3,1,2022-04-19 09:00:18
1650358818422598000,105.5,1,105.0,1,105.5,2,1,2022-04-19 09:00:18
1650358818641333000,105.5,2,105.0,2,105.5,3,1,2022-04-19 09:00:18
1650358818827642000,105.5,1,105.0,2,105.5,4,1,2022-04-19 09:00:18
1650358818941992000,105.5,1,105.0,3,105.5,10,1,2022-04-19 09:00:18
1650358819556580000,105.5,2,105.0,4,105.5,22,1,2022-04-19 09:00:19
1650358819876792000,105.5,3,105.0,4,105.5,24,1,2022-04-19 09:00:19
1650358819958152000,105.5,1,105.0,6,105.5,23,1,2022-04-19 09:00:19
1650358820012591000,105.5,10,105.0,6,105.5,13,1,2022-04-19 09:00:20
1650358820041330000,105.0,1,105.0,5,105.5,13,2,2022-04-19 09:00:20
1650358820070515000,105.0,1,105.0,4,105.5,13,2,2022-04-19 09:00:20
1650358820070755000,105.0,1,105.0,3,105.5,13,2,2022-04-19 09:00:20
1650358820070956000,105.0,1,105.0,2,105.5,13,2,2022-04-19 09:00:20
1650358820071194000,105.0,1,105.0,1,105.5,13,2,2022-04-19 09:00:20
1650358820071411000,105.0,1,104.5,28,105.5,13,2,2022-04-19 09:00:20
1650358820175003000,105.0,1,104.5,28,105.0,4,1,2022-04-19 09:00:20
1650358820258575000,105.0,1,104.5,29,105.0,3,1,2022-04-19 09:00:20
1650358820393796000,105.0,2,104.5,29,105.0,1,1,2022-04-19 09:00:20
1650358820512596000,105.0,1,104.5,29,105.5,10,1,2022-04-19 09:00:20
1650358820512596000,105.5,3,104.5,29,105.5,10,1,2022-04-19 09:00:20
1650358820881612000,105.0,1,105.0,4,105.5,10,2,2022-04-19 09:00:20
1650358822396429000,105.0,6,104.5,34,105.5,19,2,2022-04-19 09:00:22
1650358822406224000,105.5,1,104.5,34,105.5,18,1,2022-04-19 09:00:22
1650358822653281000,105.5,2,104.5,34,105.5,16,1,2022-04-19 09:00:22
1650358822675734000,105.5,1,104.5,34,105.5,15,1,2022-04-19 09:00:22
1650358823257199000,105.5,1,104.5,37,105.5,14,1,2022-04-19 09:00:23
1650358823358270000,105.5,2,104.5,37,105.5,12,1,2022-04-19 09:00:23
1650358824157393000,105.0,2,105.0,1,105.5,12,2,2022-04-19 09:00:24
1650358824213448000,105.0,1,104.5,38,105.5,12,2,2022-04-19 09:00:24
1650358824812954000,105.5,6,105.0,3,105.5,6,1,2022-04-19 09:00:24
1650358825619607000,105.0,1,105.0,8,105.5,6,2,2022-04-19 09:00:25
1650358826265185000,105.0,1,105.0,16,105.5,7,2,2022-04-19 09:00:26
1650358826555554000,105.5,1,105.0,17,105.5,6,1,2022-04-19 09:00:26
1650358826728995000,105.5,1,105.0,17,105.5,5,1,2022-04-19 09:00:26
1650358826730089000,105.5,3,105.0,17,105.5,2,1,2022-04-19 09:00:26
1650358826965256000,105.5,1,105.0,20,105.5,1,1,2022-04-19 09:00:26
1650358827158181000,105.5,2,105.5,2,106.0,37,1,2022-04-19 09:00:27
1650358827373685000,105.5,1,105.5,2,106.0,37,2,2022-04-19 09:00:27
1650358827497250000,105.5,1,105.5,1,106.0,36,2,2022-04-19 09:00:27
1650358827704169000,105.5,1,105.0,18,106.0,36,2,2022-04-19 09:00:27
1650358828683810000,105.5,7,105.5,3,106.0,36,2,2022-04-19 09:00:28
1650358829103269000,105.5,3,105.0,26,106.0,36,2,2022-04-19 09:00:29
1650358829367055000,105.5,1,105.0,26,106.0,36,1,2022-04-19 09:00:29
1650358829483257000,106.0,1,105.0,27,106.0,35,1,2022-04-19 09:00:29
1650358830055926000,105.5,1,105.0,34,106.0,35,1,2022-04-19 09:00:30
1650358830134499000,105.5,2,105.0,34,106.0,35,1,2022-04-19 09:00:30
1650358830323684000,105.5,1,105.0,34,105.5,12,2,2022-04-19 09:00:30
1650358830484647000,105.5,1,105.0,34,105.5,14,1,2022-04-19 09:00:30
1650358830975033000,105.5,4,105.0,36,105.5,11,1,2022-04-19 09:00:30
1650358831449872000,105.5,1,105.0,40,105.5,15,1,2022-04-19 09:00:31
1650358831605534000,105.5,10,105.0,41,105.5,5,1,2022-04-19 09:00:31
1650358832458254000,105.0,1,105.0,52,105.5,7,2,2022-04-19 09:00:32
1650358832646217000,105.5,1,105.0,52,105.5,6,1,2022-04-19 09:00:32
1650358832846012000,105.5,2,105.0,53,105.5,5,1,2022-04-19 09:00:32
1650358833458067000,105.5,1,105.0,57,105.5,6,1,2022-04-19 09:00:33
1650358833544849000,105.5,5,105.0,59,105.5,1,1,2022-04-19 09:00:33
1650358835096109000,105.5,3,105.0,71,105.5,5,1,2022-04-19 09:00:35
1650358835162060000,105.5,1,105.0,71,105.5,4,1,2022-04-19 09:00:35
1650358835376636000,105.5,3,105.0,91,105.5,2,1,2022-04-19 09:00:35
1650358835809326000,105.0,1,105.0,91,105.5,2,2,2022-04-19 09:00:35
1650358835895564000,105.5,2,105.5,3,106.0,45,1,2022-04-19 09:00:35
1650358836357835000,106.0,3,105.5,3,106.0,42,1,2022-04-19 09:00:36
1650358836642423000,106.0,3,105.5,3,106.0,39,1,2022-04-19 09:00:36
1650358836889616000,105.5,1,105.5,2,106.0,39,2,2022-04-19 09:00:36
1650358837332295000,106.0,1,105.5,8,106.0,38,1,2022-04-19 09:00:37
1650358837941198000,106.0,1,105.5,10,106.0,37,1,2022-04-19 09:00:37
1650358838133323000,106.0,3,105.5,12,106.0,34,1,2022-04-19 09:00:38
1650358838591302000,106.0,1,105.5,13,106.0,34,1,2022-04-19 09:00:38
1650358838747619000,105.5,3,105.5,10,106.0,36,2,2022-04-19 09:00:38
1650358839423975000,105.5,1,105.5,24,106.0,36,2,2022-04-19 09:00:39
1650358839936498000,105.5,1,105.5,24,106.0,38,2,2022-04-19 09:00:39
1650358840410806000,106.0,1,105.5,24,106.0,37,1,2022-04-19 09:00:40
1650358840784037000,106.0,4,105.5,30,106.0,34,1,2022-04-19 09:00:40
1650358840888593000,105.5,1,105.5,50,106.0,34,2,2022-04-19 09:00:40
1650358841003700000,105.5,1,105.5,50,106.0,34,2,2022-04-19 09:00:41
1650358841308721000,106.0,1,105.5,51,106.0,33,1,2022-04-19 09:00:41
1650358841967095000,105.5,8,105.5,44,106.0,33,2,2022-04-19 09:00:41
1650358843084576000,106.0,2,105.5,49,106.0,31,1,2022-04-19 09:00:43
1650358844548190000,106.0,1,105.5,53,106.0,33,1,2022-04-19 09:00:44
1650358844699219000,106.0,2,105.5,53,106.0,31,1,2022-04-19 09:00:44
1650358845347308000,105.5,2,105.5,54,106.0,32,2,2022-04-19 09:00:45
1650358846986418000,106.0,1,105.5,60,106.0,31,1,2022-04-19 09:00:46
1650358847215902000,105.5,1,105.5,43,106.0,31,2,2022-04-19 09:00:47
1650358847446955000,106.0,1,105.5,43,106.0,30,1,2022-04-19 09:00:47
1650358848189070000,106.0,30,105.5,43,106.5,405,1,2022-04-19 09:00:48
1650358848189070000,106.5,70,105.5,43,106.5,405,1,2022-04-19 09:00:48
1650358848224045000,106.5,10,105.5,43,106.5,395,1,2022-04-19 09:00:48
1650358848227173000,106.5,4,105.5,43,106.5,391,1,2022-04-19 09:00:48
1650358848255921000,106.5,3,105.5,43,106.5,388,1,2022-04-19 09:00:48
1650358848289358000,106.5,4,105.5,43,106.5,384,1,2022-04-19 09:00:48
1650358848302393000,106.5,2,105.5,43,106.5,382,1,2022-04-19 09:00:48
1650358848393725000,106.5,9,105.5,43,106.5,374,1,2022-04-19 09:00:48
1650358848393876000,106.5,5,105.5,43,106.5,369,1,2022-04-19 09:00:48
1650358848884173000,105.5,1,105.5,43,106.5,369,2,2022-04-19 09:00:48
1650358848927382000,106.5,3,105.5,43,106.5,366,1,2022-04-19 09:00:48
1650358849420970000,106.5,3,105.5,45,106.5,363,1,2022-04-19 09:00:49
1650358849640977000,106.5,3,106.0,6,106.5,361,1,2022-04-19 09:00:49
1650358849766345000,106.5,1,106.0,16,106.5,360,1,2022-04-19 09:00:49
1650358849777728000,106.0,1,106.0,15,106.5,360,2,2022-04-19 09:00:49
1650358849843541000,106.5,3,106.0,15,106.5,357,1,2022-04-19 09:00:49
1650358850465543000,106.0,2,106.0,13,106.5,357,2,2022-04-19 09:00:50
1650358851751940000,106.5,2,106.0,16,106.5,357,1,2022-04-19 09:00:51
1650358851845920000,106.5,1,106.0,16,106.5,356,1,2022-04-19 09:00:51
1650358851978781000,106.5,1,106.0,16,106.5,355,1,2022-04-19 09:00:51
1650358852318600000,106.0,16,105.5,56,106.0,84,2,2022-04-19 09:00:52
1650358852736526000,106.0,1,105.5,57,106.0,83,1,2022-04-19 09:00:52
1650358853087994000,106.0,1,105.5,57,106.0,82,1,2022-04-19 09:00:53
1650358853119272000,106.0,1,105.5,57,106.0,81,1,2022-04-19 09:00:53
1650358853127704000,106.0,1,105.5,57,106.0,80,1,2022-04-19 09:00:53
1650358853181264000,105.5,1,105.5,56,106.0,80,2,2022-04-19 09:00:53
1650358854531367000,106.0,5,105.5,51,106.0,83,1,2022-04-19 09:00:54
1650358855535669000,106.0,1,105.5,52,106.0,85,1,2022-04-19 09:00:55
1650358855592868000,106.0,5,105.5,52,106.0,80,1,2022-04-19 09:00:55
1650358855829818000,105.5,50,105.5,4,106.0,80,2,2022-04-19 09:00:55
1650358855859173000,105.5,4,105.0,81,106.0,80,2,2022-04-19 09:00:55
1650358856403672000,105.5,1,105.0,81,106.0,80,2,2022-04-19 09:00:56
1650358856753259000,105.0,1,105.0,79,106.0,80,2,2022-04-19 09:00:56
1650358857438906000,105.5,1,105.0,79,105.5,11,1,2022-04-19 09:00:57
1650358857476436000,105.5,1,105.0,79,105.5,10,1,2022-04-19 09:00:57
1650358857931382000,105.5,1,105.0,79,105.5,10,1,2022-04-19 09:00:57
1650358857937675000,105.5,1,105.0,74,105.5,9,1,2022-04-19 09:00:57
1650358858255707000,105.0,3,105.0,71,105.5,11,2,2022-04-19 09:00:58
1650358859455726000,105.5,1,105.0,69,105.5,25,1,2022-04-19 09:00:59
1650358861513158000,105.5,1,105.0,68,105.5,25,1,2022-04-19 09:01:01
1650358861674390000,105.5,25,105.5,5,106.0,81,1,2022-04-19 09:01:01
1650358862439412000,105.5,1,105.5,4,106.0,81,2,2022-04-19 09:01:02
1650358862521207000,105.5,4,104.5,42,105.0,25,2,2022-04-19 09:01:02
1650358862521207000,105.0,71,104.5,42,105.0,25,2,2022-04-19 09:01:02
1650358862552242000,105.0,2,104.5,42,105.0,23,1,2022-04-19 09:01:02
1650358863246886000,104.5,1,104.5,41,105.0,23,2,2022-04-19 09:01:03
1650358863484908000,105.0,1,104.5,41,105.0,32,1,2022-04-19 09:01:03
1650358863742632000,104.5,2,104.5,39,105.0,32,2,2022-04-19 09:01:03
1650358863902034000,105.0,10,104.5,39,105.0,22,1,2022-04-19 09:01:03
1650358864155802000,105.0,3,104.5,39,105.0,19,1,2022-04-19 09:01:04
1650358864231377000,105.0,1,104.5,39,105.0,18,1,2022-04-19 09:01:04
1650358865167289000,105.0,1,104.5,39,105.0,17,1,2022-04-19 09:01:05
1650358865804334000,105.0,1,104.5,39,105.0,16,1,2022-04-19 09:01:05
1650358865926207000,104.5,1,104.5,38,105.0,16,2,2022-04-19 09:01:05
1650358866058186000,105.0,1,104.5,38,105.0,15,1,2022-04-19 09:01:06
1650358866124792000,105.0,1,104.5,38,105.0,14,1,2022-04-19 09:01:06
1650358866191248000,105.0,2,104.5,38,105.0,12,1,2022-04-19 09:01:06
1650358866402405000,105.0,5,104.5,38,105.0,7,1,2022-04-19 09:01:06
1650358866407110000,104.5,1,104.5,37,105.0,7,2,2022-04-19 09:01:06
1650358866477158000,104.5,2,104.5,41,105.0,7,2,2022-04-19 09:01:06
1650358866612783000,105.0,4,104.5,41,105.0,3,1,2022-04-19 09:01:06
1650358866649033000,105.0,3,104.5,41,105.5,16,1,2022-04-19 09:01:06
1650358867151447000,104.5,1,104.5,39,105.5,17,2,2022-04-19 09:01:07
1650358867653924000,105.0,1,104.5,39,105.5,7,1,2022-04-19 09:01:07
1650358867715800000,105.5,1,104.5,39,105.5,6,1,2022-04-19 09:01:07
1650358869639862000,105.5,1,105.0,4,106.0,81,1,2022-04-19 09:01:09
1650358870036141000,105.5,1,105.0,4,105.5,3,2,2022-04-19 09:01:10
1650358870051048000,105.5,3,105.5,1,106.0,86,1,2022-04-19 09:01:10
1650358870072646000,105.5,1,105.0,4,106.0,86,2,2022-04-19 09:01:10
1650358870945427000,106.0,2,105.0,23,106.0,84,1,2022-04-19 09:01:10
1650358871024150000,106.0,1,105.0,23,106.0,83,1,2022-04-19 09:01:11
1650358871785159000,105.5,1,105.0,24,105.5,1,1,2022-04-19 09:01:11
1650358872636720000,105.0,5,105.0,23,105.5,1,2,2022-04-19 09:01:12
1650358873338011000,105.0,1,105.0,25,105.5,6,2,2022-04-19 09:01:13
1650358873433731000,105.5,1,105.0,25,105.5,5,1,2022-04-19 09:01:13
1650358874597937000,105.0,1,105.0,32,105.5,5,2,2022-04-19 09:01:14
1650358875106820000,105.5,1,105.0,33,105.5,4,1,2022-04-19 09:01:15
1650358875342795000,105.0,6,105.0,27,105.5,4,2,2022-04-19 09:01:15
1650358876471798000,105.5,2,105.0,27,105.5,3,1,2022-04-19 09:01:16
1650358876931635000,105.0,1,105.0,26,105.5,3,2,2022-04-19 09:01:16
1650358876935015000,105.5,1,105.0,26,105.5,2,1,2022-04-19 09:01:16
1650358877659798000,105.5,1,105.0,27,105.5,2,1,2022-04-19 09:01:17
1650358878014499000,105.5,2,105.5,1,106.0,87,1,2022-04-19 09:01:18
1650358879137335000,105.5,1,105.0,29,106.0,87,2,2022-04-19 09:01:19
1650358880248738000,105.5,1,105.0,31,106.0,89,2,2022-04-19 09:01:20
1650358880377488000,106.0,2,105.0,32,106.0,87,1,2022-04-19 09:01:20
1650358880427916000,106.0,1,105.0,32,106.0,86,1,2022-04-19 09:01:20
1650358881384941000,105.0,1,105.0,53,106.0,86,2,2022-04-19 09:01:21
1650358881615063000,105.0,3,105.0,51,106.0,86,2,2022-04-19 09:01:21
1650358881816819000,105.0,3,105.0,49,106.0,86,2,2022-04-19 09:01:21
1650358882153380000,105.5,1,105.0,49,106.0,84,2,2022-04-19 09:01:22
1650358883981336000,106.0,1,105.5,1,106.0,83,1,2022-04-19 09:01:23
1650358884476213000,105.5,1,105.0,54,106.0,83,2,2022-04-19 09:01:24
1650358885608973000,106.0,1,105.0,56,106.0,82,1,2022-04-19 09:01:25
1650358885879606000,106.0,2,105.0,57,106.0,81,1,2022-04-19 09:01:25
1650358887065838000,106.0,7,105.5,1,106.0,78,1,2022-04-19 09:01:27
1650358887914624000,105.5,1,105.0,56,106.0,79,2,2022-04-19 09:01:27
1650358887914624000,105.0,3,105.0,56,106.0,79,2,2022-04-19 09:01:27
1650358888405500000,106.0,2,105.0,56,106.0,77,1,2022-04-19 09:01:28
1650358888931181000,106.0,1,105.0,57,106.0,76,1,2022-04-19 09:01:28
1650358889986230000,106.0,1,105.5,1,106.0,75,1,2022-04-19 09:01:29
1650358891436224000,106.0,1,105.5,11,106.0,75,1,2022-04-19 09:01:31
1650358891455215000,105.5,1,105.5,10,106.0,75,2,2022-04-19 09:01:31
1650358891936739000,105.5,1,105.5,9,106.0,75,2,2022-04-19 09:01:31
1650358892011365000,106.0,2,105.5,9,106.0,73,1,2022-04-19 09:01:32
1650358895715749000,106.0,3,105.5,12,106.0,73,1,2022-04-19 09:01:35
1650358895839339000,106.0,1,105.5,12,106.0,73,1,2022-04-19 09:01:35
1650358896435350000,106.0,1,105.5,12,106.0,73,1,2022-04-19 09:01:36
1650358899554336000,105.5,1,105.5,11,106.0,91,2,2022-04-19 09:01:39
1650358899579251000,105.5,11,105.0,114,106.0,91,2,2022-04-19 09:01:39
1650358899656392000,106.0,1,105.0,114,106.0,90,1,2022-04-19 09:01:39
1650358901480421000,106.0,1,105.5,1,106.0,91,1,2022-04-19 09:01:41
1650358903032562000,106.0,1,105.5,1,106.0,91,1,2022-04-19 09:01:43
1650358903666099000,105.5,2,105.5,1,106.0,92,2,2022-04-19 09:01:43
1650358905033898000,105.5,1,105.5,1,106.0,92,2,2022-04-19 09:01:45
1650358905926080000,105.5,1,105.0,114,106.0,92,2,2022-04-19 09:01:45
1650358906804986000,105.5,1,105.0,112,106.0,93,2,2022-04-19 09:01:46
1650358911203615000,105.5,3,105.0,116,105.5,47,2,2022-04-19 09:01:51
1650358912151819000,105.0,1,105.0,116,105.5,47,2,2022-04-19 09:01:52
1650358912445938000,105.0,1,105.0,115,105.5,47,2,2022-04-19 09:01:52
1650358912926962000,105.5,1,105.0,116,105.5,46,1,2022-04-19 09:01:52
1650358912964383000,105.5,5,105.0,116,105.5,41,1,2022-04-19 09:01:52
1650358914237608000,105.0,3,105.0,116,105.5,42,2,2022-04-19 09:01:54
1650358914546729000,105.5,1,105.0,116,105.5,47,1,2022-04-19 09:01:54
1650358915366167000,105.0,1,105.0,114,105.5,52,2,2022-04-19 09:01:55
1650358915454339000,105.5,1,105.0,114,105.5,51,1,2022-04-19 09:01:55
1650358918117193000,105.5,1,105.0,114,105.5,58,1,2022-04-19 09:01:58
1650358919006220000,105.0,20,105.0,86,105.5,58,2,2022-04-19 09:01:59
1650358919874953000,105.0,3,105.0,84,105.5,58,2,2022-04-19 09:01:59
1650358920610366000,105.5,2,105.0,85,105.5,52,1,2022-04-19 09:02:00
1650358921327405000,105.0,14,105.0,71,105.5,53,2,2022-04-19 09:02:01
1650358922141737000,105.0,1,105.0,70,105.5,54,2,2022-04-19 09:02:02
1650358922386220000,105.0,2,105.0,69,105.5,54,2,2022-04-19 09:02:02
1650358922417840000,105.0,1,105.0,68,105.5,54,2,2022-04-19 09:02:02
1650358922426128000,105.0,1,105.0,67,105.5,54,2,2022-04-19 09:02:02
1650358922573526000,105.0,4,105.0,68,105.5,54,2,2022-04-19 09:02:02
1650358922597323000,105.0,6,105.0,63,105.5,54,2,2022-04-19 09:02:02
1650358922790772000,105.0,40,105.0,23,105.5,54,2,2022-04-19 09:02:02
1650358922817200000,105.0,23,105.0,10,105.5,54,2,2022-04-19 09:02:02
1650358922986145000,105.0,1,105.0,9,105.5,54,2,2022-04-19 09:02:02
1650358923050740000,105.0,1,105.0,8,105.5,76,2,2022-04-19 09:02:03
1650358923269481000,105.0,2,105.0,7,105.5,76,2,2022-04-19 09:02:03
1650358923351623000,105.0,7,104.5,80,105.0,8,2,2022-04-19 09:02:03
1650358923407762000,104.5,5,104.5,69,105.0,8,2,2022-04-19 09:02:03
1650358923454384000,105.0,1,104.5,69,105.0,7,1,2022-04-19 09:02:03
1650358924146516000,104.5,1,104.5,68,105.0,9,2,2022-04-19 09:02:04
1650358924830644000,105.0,10,104.5,65,105.0,26,1,2022-04-19 09:02:04
1650358924835742000,105.0,1,104.5,65,105.0,25,1,2022-04-19 09:02:04
1650358925657501000,105.0,1,104.5,62,105.0,24,1,2022-04-19 09:02:05
1650358925699476000,105.0,1,104.5,62,105.0,23,1,2022-04-19 09:02:05
1650358927611394000,105.0,1,104.5,60,105.0,25,1,2022-04-19 09:02:07
1650358927733046000,104.5,20,104.5,40,105.0,25,2,2022-04-19 09:02:07
1650358927751112000,105.0,1,104.5,40,105.0,24,1,2022-04-19 09:02:07
1650358928273965000,105.0,3,104.5,40,105.0,21,1,2022-04-19 09:02:08
1650358928651179000,104.5,1,104.5,39,105.0,21,2,2022-04-19 09:02:08
1650358929246837000,104.5,1,104.5,43,105.0,22,2,2022-04-19 09:02:09
1650358930140811000,105.0,1,104.5,43,105.0,22,1,2022-04-19 09:02:10
1650358930169490000,105.0,10,104.5,43,105.0,12,1,2022-04-19 09:02:10
1650358930376490000,104.5,1,104.5,42,105.0,12,2,2022-04-19 09:02:10
1650358930479649000,104.5,1,104.5,41,105.0,11,2,2022-04-19 09:02:10
1650358930599784000,104.5,1,104.5,41,105.0,11,2,2022-04-19 09:02:10
1650358931287199000,105.0,1,104.5,42,105.0,11,1,2022-04-19 09:02:11
1650358931613000000,104.5,2,104.5,41,105.0,11,2,2022-04-19 09:02:11
1650358932441544000,105.0,12,105.0,3,105.5,79,1,2022-04-19 09:02:12
1650358932450311000,105.0,2,105.0,1,105.5,79,2,2022-04-19 09:02:12
1650358932706988000,105.0,1,104.5,40,105.5,79,2,2022-04-19 09:02:12
1650358933115593000,105.0,1,104.5,37,105.5,81,2,2022-04-19 09:02:13
1650358933115593000,104.5,3,104.5,37,105.5,81,2,2022-04-19 09:02:13
1650358934122529000,104.5,1,104.5,51,105.5,81,2,2022-04-19 09:02:14
1650358934698395000,104.5,2,104.5,50,105.5,81,2,2022-04-19 09:02:14
1650358935853831000,105.0,1,104.5,50,105.0,7,1,2022-04-19 09:02:15
1650358936501280000,105.0,1,104.5,54,105.0,7,1,2022-04-19 09:02:16
1650358937192687000,105.0,1,104.5,56,105.0,6,1,2022-04-19 09:02:17
1650358937488003000,104.5,1,104.5,56,105.0,6,2,2022-04-19 09:02:17
1650358937588281000,105.0,5,104.5,56,105.0,1,1,2022-04-19 09:02:17
1650358937629365000,105.0,1,104.5,56,105.5,83,1,2022-04-19 09:02:17
1650358938212413000,105.0,1,104.5,59,105.5,81,2,2022-04-19 09:02:18
1650358939452903000,105.0,1,104.5,69,105.0,1,1,2022-04-19 09:02:19
1650358939643420000,104.5,1,104.5,68,105.0,1,2,2022-04-19 09:02:19
1650358942074201000,105.0,4,104.5,73,105.0,2,1,2022-04-19 09:02:22
1650358943069687000,105.0,1,104.5,81,105.0,2,1,2022-04-19 09:02:23
1650358943582230000,104.5,1,104.5,82,105.0,2,2,2022-04-19 09:02:23
1650358943824645000,105.0,4,104.5,82,105.5,79,1,2022-04-19 09:02:23
1650358943824645000,105.5,1,104.5,82,105.5,79,1,2022-04-19 09:02:23
1650358944965203000,105.0,1,105.0,2,105.5,79,2,2022-04-19 09:02:24
1650358946228612000,105.0,1,105.0,5,105.5,79,2,2022-04-19 09:02:26
1650358947153695000,105.0,3,105.0,2,105.5,86,2,2022-04-19 09:02:27
1650358947869138000,105.0,2,104.5,111,105.5,86,2,2022-04-19 09:02:27
1650358949038618000,105.0,1,105.0,20,105.5,86,2,2022-04-19 09:02:29
1650358950046152000,105.0,1,105.0,19,105.5,86,2,2022-04-19 09:02:30
1650358950184996000,105.0,1,105.0,18,105.5,86,2,2022-04-19 09:02:30
1650358950531533000,105.0,10,105.0,8,105.5,86,2,2022-04-19 09:02:30
1650358951859405000,105.5,11,105.0,19,105.5,75,1,2022-04-19 09:02:31
1650358952001013000,105.0,1,105.0,19,105.5,74,2,2022-04-19 09:02:32
1650358952235820000,105.0,17,105.0,2,105.5,74,2,2022-04-19 09:02:32
1650358953358848000,105.0,1,105.0,4,105.5,75,2,2022-04-19 09:02:33
1650358953619871000,105.0,4,104.5,119,105.0,18,2,2022-04-19 09:02:33
1650358953930461000,105.0,1,104.5,119,105.0,22,1,2022-04-19 09:02:33
1650358954162864000,105.0,10,104.5,120,105.0,12,1,2022-04-19 09:02:34
1650358955355630000,105.0,1,104.5,121,105.0,15,1,2022-04-19 09:02:35
1650358956244201000,105.0,1,104.5,121,105.0,17,1,2022-04-19 09:02:36
1650358956361824000,105.0,1,104.5,122,105.0,16,1,2022-04-19 09:02:36
1650358956909583000,104.5,3,104.5,119,105.0,16,2,2022-04-19 09:02:36
1650358957738726000,104.5,4,104.5,117,105.0,16,2,2022-04-19 09:02:37
1650358957739026000,104.5,1,104.5,116,105.0,16,2,2022-04-19 09:02:37
1650358957739202000,104.5,1,104.5,115,105.0,16,2,2022-04-19 09:02:37
1650358957739449000,104.5,2,104.5,113,105.0,16,2,2022-04-19 09:02:37
1650358957739675000,104.5,1,104.5,112,105.0,16,2,2022-04-19 09:02:37
1650358957739896000,104.5,2,104.5,110,105.0,16,2,2022-04-19 09:02:37
1650358957740124000,104.5,2,104.5,108,105.0,16,2,2022-04-19 09:02:37
1650358957740315000,104.5,2,104.5,106,105.0,16,2,2022-04-19 09:02:37
1650358957740489000,104.5,2,104.5,104,105.0,16,2,2022-04-19 09:02:37
1650358957740695000,104.5,3,104.5,101,105.0,16,2,2022-04-19 09:02:37
1650358959906107000,105.0,1,104.5,105,105.0,16,1,2022-04-19 09:02:39
1650358962062689000,105.0,1,104.5,118,105.0,23,1,2022-04-19 09:02:42
1650358962290384000,105.0,1,104.5,118,105.0,22,1,2022-04-19 09:02:42
1650358962620970000,105.0,1,104.5,118,105.0,21,1,2022-04-19 09:02:42
1650358963829521000,105.0,5,104.5,121,105.0,17,1,2022-04-19 09:02:43
1650358963883831000,105.0,2,104.5,121,105.0,15,1,2022-04-19 09:02:43
1650358964849264000,105.0,1,104.5,122,105.0,15,1,2022-04-19 09:02:44
1650358966474223000,105.0,1,104.5,125,105.0,15,1,2022-04-19 09:02:46
1650358967355177000,105.0,2,104.5,125,105.0,13,1,2022-04-19 09:02:47
1650358968752780000,105.0,1,104.5,125,105.0,18,1,2022-04-19 09:02:48
1650358969222745000,105.0,2,104.5,127,105.0,16,1,2022-04-19 09:02:49
1650358969360484000,105.0,2,104.5,127,105.0,15,1,2022-04-19 09:02:49
1650358969872111000,105.0,1,104.5,128,105.0,21,1,2022-04-19 09:02:49
1650358969920128000,104.5,1,104.5,127,105.0,21,2,2022-04-19 09:02:49
1650358970135044000,105.0,1,104.5,127,105.0,20,1,2022-04-19 09:02:50
1650358970143110000,104.5,5,104.5,122,105.0,22,2,2022-04-19 09:02:50
1650358970774751000,104.5,1,104.5,121,105.0,22,2,2022-04-19 09:02:50
1650358971108400000,105.0,1,104.5,122,105.0,21,1,2022-04-19 09:02:51
1650358971969985000,104.5,1,104.5,122,105.0,21,2,2022-04-19 09:02:51
1650358973541875000,105.0,1,104.5,127,105.0,21,1,2022-04-19 09:02:53
1650358973993549000,104.5,1,104.5,127,105.0,21,2,2022-04-19 09:02:53
1650358976300119000,105.0,1,104.5,131,105.0,23,1,2022-04-19 09:02:56
1650358976827175000,105.0,1,104.5,133,105.0,23,1,2022-04-19 09:02:56
1650358977625140000,105.0,2,104.5,141,105.0,21,1,2022-04-19 09:02:57
1650358980294739000,104.5,1,104.5,143,105.0,22,2,2022-04-19 09:03:00
1650358980371692000,105.0,1,104.5,143,105.0,21,1,2022-04-19 09:03:00
1650358980843993000,104.5,1,104.5,146,105.0,21,2,2022-04-19 09:03:00
1650358981188673000,105.0,1,104.5,146,105.0,20,1,2022-04-19 09:03:01
1650358981761304000,104.5,1,104.5,145,105.0,20,2,2022-04-19 09:03:01
1650358981966014000,104.5,2,104.5,143,105.0,20,2,2022-04-19 09:03:01
1650358982851452000,105.0,1,104.5,143,105.0,19,1,2022-04-19 09:03:02
1650358983533038000,105.0,1,104.5,146,105.0,18,1,2022-04-19 09:03:03
1650358985235885000,104.5,1,104.5,148,105.0,29,2,2022-04-19 09:03:05
1650358985432307000,105.0,1,104.5,147,105.0,28,1,2022-04-19 09:03:05
1650358986381334000,105.0,5,104.5,147,105.0,23,1,2022-04-19 09:03:06
1650358986579939000,105.0,10,104.5,149,105.0,13,1,2022-04-19 09:03:06
1650358987351357000,104.5,20,104.5,129,105.0,17,2,2022-04-19 09:03:07
1650358987969135000,105.0,1,104.5,129,105.0,16,1,2022-04-19 09:03:07
1650358988369475000,105.0,1,104.5,129,105.0,16,1,2022-04-19 09:03:08
1650358989456271000,105.0,1,104.5,132,105.0,17,1,2022-04-19 09:03:09
1650358989921279000,104.5,2,104.5,130,105.0,17,2,2022-04-19 09:03:09
1650358990486838000,105.0,23,105.0,4,105.5,59,1,2022-04-19 09:03:10
1650358991731491000,105.0,1,105.0,6,105.5,61,2,2022-04-19 09:03:11
1650358992461943000,105.0,6,104.5,122,105.5,61,2,2022-04-19 09:03:12
1650358992461943000,104.5,9,104.5,122,105.5,61,2,2022-04-19 09:03:12
1650358993076390000,105.0,1,104.5,117,105.0,2,2,2022-04-19 09:03:13
1650358994856006000,105.0,1,104.5,120,105.0,13,1,2022-04-19 09:03:14
1650358994997713000,104.5,24,104.5,96,105.0,14,2,2022-04-19 09:03:14
1650358995051697000,104.5,1,104.5,95,105.0,14,2,2022-04-19 09:03:15
1650358995311121000,104.5,68,104.5,27,105.0,19,2,2022-04-19 09:03:15
1650358995341503000,104.5,1,104.5,26,105.0,19,2,2022-04-19 09:03:15
1650358995516177000,105.0,1,104.5,26,105.0,18,1,2022-04-19 09:03:15
1650358996093301000,104.5,5,104.5,21,105.0,19,2,2022-04-19 09:03:16
1650358996284407000,105.0,1,104.5,21,105.0,18,1,2022-04-19 09:03:16
1650358996435722000,105.0,5,104.5,21,105.0,13,1,2022-04-19 09:03:16
1650358996607910000,104.5,1,104.5,20,105.0,13,2,2022-04-19 09:03:16
1650358997041601000,104.5,5,104.5,16,105.0,15,2,2022-04-19 09:03:17
1650358997639842000,105.0,1,104.5,16,105.0,20,1,2022-04-19 09:03:17
1650358997650085000,104.5,16,104.0,218,104.5,34,2,2022-04-19 09:03:17
1650358998129543000,104.5,10,104.0,218,104.5,25,1,2022-04-19 09:03:18
1650358998192521000,104.0,1,104.0,217,104.5,25,2,2022-04-19 09:03:18
1650358998345892000,104.5,1,104.0,217,104.5,25,1,2022-04-19 09:03:18
1650358998435448000,104.0,1,104.0,216,104.5,25,2,2022-04-19 09:03:18
1650358998436338000,104.0,1,104.0,215,104.5,25,2,2022-04-19 09:03:18
1650358998680821000,104.5,1,104.0,215,104.5,29,1,2022-04-19 09:03:18
1650358998931502000,104.0,200,104.0,15,104.5,43,2,2022-04-19 09:03:18
1650358998980296000,104.0,10,104.0,5,104.5,43,2,2022-04-19 09:03:18
1650358999007892000,104.0,2,104.0,3,104.5,43,2,2022-04-19 09:03:19
1650358999212591000,104.0,2,104.0,1,104.5,43,2,2022-04-19 09:03:19
1650358999269806000,104.5,1,104.0,1,104.5,42,1,2022-04-19 09:03:19
1650358999363774000,104.5,1,104.0,1,104.5,41,1,2022-04-19 09:03:19
1650358999722129000,104.0,1,103.5,60,104.5,41,2,2022-04-19 09:03:19
1650358999722129000,103.5,1,103.5,60,104.5,41,2,2022-04-19 09:03:19
1650358999959973000,103.5,2,103.5,58,104.0,2,2,2022-04-19 09:03:19
1650358999986336000,103.5,1,103.5,57,104.0,3,2,2022-04-19 09:03:19
1650359000175177000,104.0,1,103.5,57,104.0,12,1,2022-04-19 09:03:20
1650359000420334000,103.5,1,103.5,56,104.0,17,2,2022-04-19 09:03:20
1650359001285692000,103.5,1,103.5,56,104.0,27,2,2022-04-19 09:03:21
1650359001373071000,104.0,5,103.5,56,104.0,22,1,2022-04-19 09:03:21
1650359001484005000,103.5,50,103.5,5,104.0,22,2,2022-04-19 09:03:21
1650359001601823000,103.5,5,103.0,98,104.0,26,2,2022-04-19 09:03:21
1650359002233361000,103.5,3,103.0,100,103.5,50,1,2022-04-19 09:03:22
1650359002396217000,103.5,2,103.0,100,103.5,48,1,2022-04-19 09:03:22
1650359002576774000,103.5,5,103.0,100,103.5,45,1,2022-04-19 09:03:22
1650359002607041000,103.0,70,103.0,30,103.5,45,2,2022-04-19 09:03:22
1650359002724004000,103.0,1,103.0,29,103.5,45,2,2022-04-19 09:03:22
1650359002767977000,103.0,1,103.0,28,103.5,47,2,2022-04-19 09:03:22
1650359003030355000,103.0,1,103.0,27,103.5,47,2,2022-04-19 09:03:23
1650359003600617000,103.0,2,103.0,25,103.5,47,2,2022-04-19 09:03:23
1650359003817074000,103.0,10,103.0,15,103.5,50,2,2022-04-19 09:03:23
1650359004125599000,103.0,6,103.0,60,103.5,51,2,2022-04-19 09:03:24
1650359004238686000,103.5,1,103.0,60,103.5,53,1,2022-04-19 09:03:24
1650359004441554000,103.0,10,103.0,50,103.5,53,2,2022-04-19 09:03:24
1650359004443789000,103.0,3,103.0,47,103.5,53,2,2022-04-19 09:03:24
1650359004699670000,103.5,1,103.0,47,103.5,52,1,2022-04-19 09:03:24
1650359004762415000,103.0,1,103.0,46,103.5,52,2,2022-04-19 09:03:24
1650359005163555000,103.0,1,103.0,45,103.5,56,2,2022-04-19 09:03:25
1650359005649064000,103.0,1,103.0,344,103.5,54,2,2022-04-19 09:03:25
1650359006017390000,103.0,1,103.0,443,103.5,54,2,2022-04-19 09:03:26
1650359006171574000,103.0,1,103.0,442,103.5,55,2,2022-04-19 09:03:26
1650359006180606000,103.0,1,103.0,441,103.5,55,2,2022-04-19 09:03:26
1650359006184401000,103.0,4,103.0,437,103.5,55,2,2022-04-19 09:03:26
1650359007014986000,103.5,3,103.0,44,103.5,57,1,2022-04-19 09:03:27
1650359007128484000,103.5,1,103.0,44,103.5,56,1,2022-04-19 09:03:27
1650359007140351000,103.0,1,103.0,43,103.5,56,2,2022-04-19 09:03:27
1650359007195207000,103.0,1,103.0,42,103.5,56,2,2022-04-19 09:03:27
1650359007479950000,103.0,2,103.0,40,103.5,55,2,2022-04-19 09:03:27
1650359007526136000,103.5,1,103.0,40,103.5,54,1,2022-04-19 09:03:27
1650359007637845000,103.0,1,103.0,40,103.5,54,2,2022-04-19 09:03:27
1650359007779421000,103.5,40,103.0,40,103.5,14,1,2022-04-19 09:03:27
1650359007878361000,103.0,1,103.0,39,103.5,14,2,2022-04-19 09:03:27
1650359008462420000,103.0,1,103.0,39,103.5,14,2,2022-04-19 09:03:28
1650359008486460000,103.0,3,103.0,36,103.5,14,2,2022-04-19 09:03:28
1650359008630282000,103.0,2,103.0,34,103.5,14,2,2022-04-19 09:03:28
1650359009042285000,103.0,3,103.0,31,103.5,14,2,2022-04-19 09:03:29
1650359009086280000,103.0,1,103.0,30,103.5,14,2,2022-04-19 09:03:29
1650359009115340000,103.0,1,103.0,29,103.5,14,2,2022-04-19 09:03:29
1650359009191509000,103.0,1,103.0,28,103.5,14,2,2022-04-19 09:03:29
1650359009377920000,103.0,1,103.0,27,103.5,16,2,2022-04-19 09:03:29
1650359009525370000,103.0,1,103.0,26,103.5,16,2,2022-04-19 09:03:29
1650359009942223000,103.0,1,103.0,26,103.5,17,2,2022-04-19 09:03:29
1650359009970651000,103.0,1,103.0,25,103.5,17,2,2022-04-19 09:03:29
1650359010224696000,103.0,2,103.0,24,103.5,17,2,2022-04-19 09:03:30
1650359010407141000,103.0,4,103.0,21,103.5,17,2,2022-04-19 09:03:30
1650359010563279000,103.0,2,103.0,19,103.5,17,2,2022-04-19 09:03:30
1650359010710057000,103.0,2,103.0,19,103.5,17,2,2022-04-19 09:03:30
1650359010779229000,103.0,20,102.0,65,103.5,17,2,2022-04-19 09:03:30
1650359010779229000,102.5,47,102.0,65,103.5,17,2,2022-04-19 09:03:30
1650359010801503000,103.0,2,103.0,16,103.5,17,2,2022-04-19 09:03:30
1650359010810875000,103.0,7,103.0,9,103.5,17,2,2022-04-19 09:03:30
1650359010810969000,103.0,1,103.0,8,103.5,17,2,2022-04-19 09:03:30
1650359010811108000,103.0,1,103.0,7,103.5,17,2,2022-04-19 09:03:30
1650359010814458000,103.5,2,103.0,7,103.5,15,1,2022-04-19 09:03:30
1650359010822060000,103.5,7,103.0,7,103.5,8,1,2022-04-19 09:03:30
1650359010845814000,103.5,1,103.0,7,103.5,7,1,2022-04-19 09:03:30
1650359010898033000,103.0,1,103.0,12,103.5,7,2,2022-04-19 09:03:30
1650359010961610000,103.0,10,103.0,2,103.5,7,2,2022-04-19 09:03:30
1650359010982792000,103.0,1,103.0,1,103.5,7,2,2022-04-19 09:03:30
1650359011038722000,103.0,1,102.5,1,103.0,1,2,2022-04-19 09:03:31
1650359011311998000,102.5,1,102.0,63,103.0,1,2,2022-04-19 09:03:31
1650359011311998000,102.0,4,102.0,63,103.0,1,2,2022-04-19 09:03:31
1650359011555833000,103.0,2,102.0,63,103.0,1,1,2022-04-19 09:03:31
1650359011593054000,103.0,1,102.0,63,103.0,2,1,2022-04-19 09:03:31
1650359011960850000,102.0,1,102.0,62,103.0,7,2,2022-04-19 09:03:31
1650359012321472000,103.0,11,103.0,39,103.5,11,1,2022-04-19 09:03:32
1650359012551072000,103.0,1,103.0,38,103.5,17,2,2022-04-19 09:03:32
1650359012585983000,103.0,38,102.0,61,103.5,17,2,2022-04-19 09:03:32
1650359012585983000,102.0,12,102.0,61,103.5,17,2,2022-04-19 09:03:32
1650359013016101000,103.0,1,102.5,8,103.0,9,1,2022-04-19 09:03:33
1650359013210450000,103.0,1,102.5,10,103.0,8,1,2022-04-19 09:03:33
1650359013657507000,103.0,19,103.0,31,103.5,29,1,2022-04-19 09:03:33
1650359013859835000,103.0,1,103.0,30,103.5,29,2,2022-04-19 09:03:33
1650359014137062000,103.0,1,103.0,29,103.5,29,2,2022-04-19 09:03:34
1650359014409080000,103.0,1,103.0,28,103.5,29,2,2022-04-19 09:03:34
1650359014494694000,103.0,1,103.0,47,103.5,29,2,2022-04-19 09:03:34
1650359015252864000,103.0,5,103.0,47,103.5,13,2,2022-04-19 09:03:35
1650359015455265000,103.0,1,103.0,46,103.5,13,2,2022-04-19 09:03:35
1650359015871175000,103.0,46,102.5,27,103.5,13,2,2022-04-19 09:03:35
1650359015871175000,102.5,4,102.5,27,103.5,13,2,2022-04-19 09:03:35
1650359016226554000,103.5,1,102.5,34,103.5,12,1,2022-04-19 09:03:36
1650359017374639000,103.5,1,103.0,50,103.5,13,1,2022-04-19 09:03:37
1650359017604505000,103.0,1,103.0,49,103.5,13,2,2022-04-19 09:03:37
1650359017842683000,103.0,1,103.0,48,103.5,13,2,2022-04-19 09:03:37
1650359018140483000,103.0,1,103.0,50,103.5,13,2,2022-04-19 09:03:38
1650359018508298000,103.0,1,103.0,51,103.5,14,2,2022-04-19 09:03:38
1650359018589108000,103.0,1,103.0,50,103.5,14,2,2022-04-19 09:03:38
1650359018649986000,103.5,14,103.0,151,104.0,18,1,2022-04-19 09:03:38
1650359018884835000,104.0,1,103.0,151,104.0,17,1,2022-04-19 09:03:38
1650359019059715000,104.0,1,103.0,151,104.0,16,1,2022-04-19 09:03:39
1650359019411289000,103.5,1,103.0,151,104.0,15,2,2022-04-19 09:03:39
1650359019428651000,103.0,1,103.0,150,104.0,15,2,2022-04-19 09:03:39
1650359019944586000,103.5,1,103.0,152,104.0,16,2,2022-04-19 09:03:39
1650359020108975000,103.5,1,103.5,2,104.0,16,2,2022-04-19 09:03:40
1650359020166632000,103.5,2,103.0,152,104.0,16,2,2022-04-19 09:03:40
1650359020794703000,104.0,1,103.5,10,104.0,15,1,2022-04-19 09:03:40
1650359020907317000,103.5,1,103.5,19,104.0,16,2,2022-04-19 09:03:40
1650359021179722000,103.5,2,103.5,20,104.0,16,2,2022-04-19 09:03:41
1650359022417550000,103.5,1,103.5,21,104.0,20,2,2022-04-19 09:03:42
1650359022926003000,103.5,2,103.5,28,104.0,22,2,2022-04-19 09:03:42
1650359022968814000,103.5,3,103.5,26,104.0,22,2,2022-04-19 09:03:42
1650359022969591000,103.5,3,103.5,23,104.0,22,2,2022-04-19 09:03:42
1650359023458805000,104.0,1,103.5,24,104.0,21,1,2022-04-19 09:03:43
1650359023588922000,103.5,1,103.5,23,104.0,21,2,2022-04-19 09:03:43
1650359023719977000,103.5,3,103.5,20,104.0,21,2,2022-04-19 09:03:43
1650359024106219000,104.0,1,103.5,20,104.0,21,1,2022-04-19 09:03:44
1650359024795023000,103.5,1,103.5,19,104.0,21,2,2022-04-19 09:03:44
1650359024846684000,104.0,1,103.5,19,104.0,20,1,2022-04-19 09:03:44
1650359025826658000,103.5,1,103.5,23,104.0,23,2,2022-04-19 09:03:45
1650359026072437000,103.5,1,103.5,24,104.0,23,2,2022-04-19 09:03:46
1650359026975685000,103.5,7,103.5,19,104.0,24,2,2022-04-19 09:03:46
1650359027344140000,103.5,1,103.5,18,104.0,25,2,2022-04-19 09:03:47
1650359027765870000,103.5,1,103.5,17,104.0,25,2,2022-04-19 09:03:47
1650359028312765000,103.5,5,103.5,16,104.0,25,2,2022-04-19 09:03:48
1650359028545819000,104.0,9,103.5,16,104.0,16,1,2022-04-19 09:03:48
1650359028717675000,103.5,4,103.5,12,104.0,16,2,2022-04-19 09:03:48
1650359029728250000,103.5,1,103.5,17,104.0,18,2,2022-04-19 09:03:49
1650359029800077000,103.5,1,103.5,16,104.0,18,2,2022-04-19 09:03:49
1650359029803835000,103.5,4,103.5,12,104.0,18,2,2022-04-19 09:03:49
1650359030090170000,104.0,1,103.5,13,104.0,17,1,2022-04-19 09:03:50
1650359030100025000,103.5,1,103.5,12,104.0,17,2,2022-04-19 09:03:50
1650359030270835000,104.0,2,103.5,12,104.0,15,1,2022-04-19 09:03:50
1650359030485798000,103.5,8,103.5,4,104.0,15,2,2022-04-19 09:03:50
1650359030940455000,104.0,1,103.5,25,104.0,14,1,2022-04-19 09:03:50
1650359031041120000,103.5,1,103.5,24,104.0,14,2,2022-04-19 09:03:51
1650359031234149000,103.5,2,103.5,22,104.0,14,2,2022-04-19 09:03:51
1650359031253665000,104.0,1,103.5,22,104.0,13,1,2022-04-19 09:03:51
1650359031428931000,103.5,20,103.5,5,104.0,14,2,2022-04-19 09:03:51
1650359031596803000,104.0,10,103.5,5,104.0,4,1,2022-04-19 09:03:51
1650359031771512000,103.5,1,103.5,4,104.0,4,2,2022-04-19 09:03:51
1650359031935424000,103.5,1,103.5,6,104.0,4,2,2022-04-19 09:03:51
1650359032007863000,104.0,3,103.5,6,104.0,1,1,2022-04-19 09:03:52
1650359032020318000,104.0,1,103.5,6,104.5,36,1,2022-04-19 09:03:52
1650359032595715000,103.5,1,103.5,5,104.5,41,2,2022-04-19 09:03:52
1650359032639010000,103.5,5,103.0,190,104.5,41,2,2022-04-19 09:03:52
1650359033097143000,104.0,1,103.5,7,104.5,48,1,2022-04-19 09:03:53
1650359033271107000,104.0,1,103.5,14,104.0,5,2,2022-04-19 09:03:53
1650359033704600000,103.5,2,103.5,17,104.0,5,2,2022-04-19 09:03:53
1650359034380741000,104.0,5,103.5,20,104.0,15,1,2022-04-19 09:03:54
1650359034645564000,103.5,4,103.5,16,104.0,15,2,2022-04-19 09:03:54
1650359034984534000,104.0,1,103.5,22,104.0,17,1,2022-04-19 09:03:54
1650359035005733000,103.5,1,103.5,21,104.0,17,2,2022-04-19 09:03:55
1650359035006042000,103.5,1,103.5,20,104.0,17,2,2022-04-19 09:03:55
1650359035341199000,104.0,1,103.5,21,104.0,16,1,2022-04-19 09:03:55
1650359035680563000,103.5,3,103.5,18,104.0,16,2,2022-04-19 09:03:55
1650359036386219000,104.0,1,103.5,21,104.0,15,1,2022-04-19 09:03:56
1650359036971618000,104.0,5,103.5,25,104.0,11,1,2022-04-19 09:03:56
1650359039559639000,103.5,1,103.5,41,104.0,14,2,2022-04-19 09:03:59
1650359039648077000,104.0,1,103.5,43,104.0,13,1,2022-04-19 09:03:59
1650359040799975000,104.0,19,103.5,46,104.5,45,1,2022-04-19 09:04:00
1650359041011499000,103.5,2,103.5,44,104.5,47,2,2022-04-19 09:04:01
1650359041041658000,103.5,4,103.5,40,104.5,47,2,2022-04-19 09:04:01
1650359041150695000,104.0,1,103.5,40,104.5,47,2,2022-04-19 09:04:01
1650359041248673000,103.5,1,103.5,39,104.5,47,2,2022-04-19 09:04:01
1650359041277766000,103.5,2,103.5,37,104.5,47,2,2022-04-19 09:04:01
1650359041287021000,103.5,2,103.5,35,104.5,47,2,2022-04-19 09:04:01
1650359041312313000,103.5,2,103.5,36,104.5,47,2,2022-04-19 09:04:01
1650359041312640000,103.5,2,103.5,34,104.5,47,2,2022-04-19 09:04:01
1650359041346830000,103.5,2,103.5,32,104.5,47,2,2022-04-19 09:04:01
1650359041426012000,103.5,1,103.5,31,104.5,47,2,2022-04-19 09:04:01
1650359041616211000,103.5,1,103.5,31,104.5,47,2,2022-04-19 09:04:01
1650359042390828000,104.0,3,104.0,7,104.5,40,1,2022-04-19 09:04:02
1650359042618610000,104.0,2,104.0,15,104.5,38,2,2022-04-19 09:04:02
1650359042651256000,104.0,1,104.0,14,104.5,38,2,2022-04-19 09:04:02
1650359042659695000,104.0,1,104.0,13,104.5,38,2,2022-04-19 09:04:02
1650359042683024000,104.0,5,104.0,8,104.5,38,2,2022-04-19 09:04:02
1650359043055468000,104.0,1,104.0,7,104.5,38,2,2022-04-19 09:04:03
1650359043847820000,104.0,11,103.5,27,104.5,36,2,2022-04-19 09:04:03
1650359043847820000,103.5,9,103.5,27,104.5,36,2,2022-04-19 09:04:03
1650359044897012000,104.0,1,104.0,4,104.5,38,2,2022-04-19 09:04:04
1650359045918999000,104.5,1,104.0,12,104.5,37,1,2022-04-19 09:04:05
1650359046112452000,104.5,1,104.0,12,104.5,36,1,2022-04-19 09:04:06
1650359046123694000,104.5,1,104.0,12,104.5,35,1,2022-04-19 09:04:06
1650359046354329000,104.5,2,104.0,12,104.5,33,1,2022-04-19 09:04:06
1650359047015514000,104.5,4,104.0,14,104.5,29,1,2022-04-19 09:04:07
1650359048493259000,104.0,1,104.0,16,104.5,29,2,2022-04-19 09:04:08
1650359049355636000,104.0,2,104.0,23,104.5,30,2,2022-04-19 09:04:09
1650359049788759000,104.0,1,104.0,23,104.5,30,2,2022-04-19 09:04:09
1650359050429503000,104.5,1,104.0,25,104.5,29,1,2022-04-19 09:04:10
1650359051165754000,104.0,1,104.0,27,104.5,29,2,2022-04-19 09:04:11
1650359055239846000,104.5,1,104.0,35,104.5,30,1,2022-04-19 09:04:15
1650359055546599000,104.0,1,104.0,39,104.5,30,2,2022-04-19 09:04:15
1650359055712340000,104.0,1,104.0,40,104.5,30,2,2022-04-19 09:04:15
1650359055871514000,104.0,20,104.0,20,104.5,30,2,2022-04-19 09:04:15
1650359056295014000,104.0,1,104.0,19,104.5,30,2,2022-04-19 09:04:16
1650359056863252000,104.0,1,104.0,18,104.5,30,2,2022-04-19 09:04:16
1650359057984495000,104.5,2,104.0,20,104.5,34,1,2022-04-19 09:04:17
1650359058179525000,104.5,1,104.0,20,104.5,33,1,2022-04-19 09:04:18
1650359058518186000,104.0,1,104.0,20,104.5,33,2,2022-04-19 09:04:18
1650359058710898000,104.0,1,104.0,19,104.5,33,2,2022-04-19 09:04:18
1650359058732399000,104.5,2,104.0,19,104.5,31,1,2022-04-19 09:04:18
1650359059037979000,104.0,1,104.0,18,104.5,31,2,2022-04-19 09:04:19
1650359060365698000,104.5,2,104.0,22,104.5,27,1,2022-04-19 09:04:20
1650359062868137000,104.5,1,104.0,27,104.5,26,1,2022-04-19 09:04:22
1650359062926897000,104.0,4,104.0,23,104.5,26,2,2022-04-19 09:04:22
1650359063255032000,104.0,1,104.0,22,104.5,26,2,2022-04-19 09:04:23
1650359063998460000,104.0,1,104.0,27,104.5,26,2,2022-04-19 09:04:23
1650359064234381000,104.5,1,104.0,27,104.5,25,1,2022-04-19 09:04:24
1650359065021347000,104.5,25,104.5,25,105.0,54,1,2022-04-19 09:04:25
1650359065821378000,105.0,2,104.5,27,105.0,52,1,2022-04-19 09:04:25
1650359065821646000,105.0,2,104.5,27,105.0,50,1,2022-04-19 09:04:25
1650359065902413000,104.5,1,104.5,26,105.0,50,2,2022-04-19 09:04:25
1650359066884954000,104.5,1,104.5,25,105.0,51,2,2022-04-19 09:04:26
1650359066988912000,104.5,1,104.5,24,105.0,51,2,2022-04-19 09:04:26
1650359067001997000,105.0,1,104.5,24,105.0,50,1,2022-04-19 09:04:27
1650359067757269000,105.0,2,104.5,24,105.0,48,1,2022-04-19 09:04:27
1650359067757918000,105.0,2,104.5,24,105.0,46,1,2022-04-19 09:04:27
1650359068836238000,105.0,2,104.5,24,105.0,44,1,2022-04-19 09:04:28
1650359068855237000,104.5,2,104.5,22,105.0,44,2,2022-04-19 09:04:28
1650359069334721000,105.0,5,104.5,28,105.0,39,1,2022-04-19 09:04:29
1650359069793340000,105.0,1,104.5,28,105.0,38,1,2022-04-19 09:04:29
1650359069978483000,105.0,1,104.5,28,105.0,37,1,2022-04-19 09:04:29
1650359070032221000,104.5,5,104.5,23,105.0,37,2,2022-04-19 09:04:30
1650359070101241000,105.0,2,104.5,23,105.0,35,1,2022-04-19 09:04:30
1650359071004992000,104.5,16,104.5,7,105.0,35,2,2022-04-19 09:04:31
1650359071562609000,104.5,1,104.5,6,105.0,35,2,2022-04-19 09:04:31
1650359071621924000,105.0,1,104.5,6,105.0,34,1,2022-04-19 09:04:31
1650359072221750000,105.0,2,104.5,8,105.0,32,1,2022-04-19 09:04:32
1650359074123537000,105.0,1,104.5,11,105.0,31,1,2022-04-19 09:04:34
1650359074194101000,105.0,1,104.5,11,105.0,30,1,2022-04-19 09:04:34
1650359074532830000,105.0,1,104.5,13,105.0,39,1,2022-04-19 09:04:34
1650359075606598000,104.5,2,104.5,13,105.0,47,2,2022-04-19 09:04:35
1650359076777797000,105.0,1,104.5,19,105.0,47,1,2022-04-19 09:04:36
1650359079620849000,105.0,5,104.5,24,105.0,50,1,2022-04-19 09:04:39
1650359081215294000,104.5,6,104.5,25,105.0,52,2,2022-04-19 09:04:41
1650359082176071000,105.0,5,104.5,29,105.0,47,1,2022-04-19 09:04:42
1650359083820121000,105.0,1,104.5,30,105.0,47,1,2022-04-19 09:04:43
1650359084083747000,105.0,1,104.5,30,105.0,46,1,2022-04-19 09:04:44
1650359084146494000,104.5,1,104.5,29,105.0,46,2,2022-04-19 09:04:44
1650359085028391000,105.0,11,104.5,29,105.0,36,1,2022-04-19 09:04:45
1650359086415819000,105.0,1,104.5,29,105.0,35,1,2022-04-19 09:04:46
1650359087377205000,105.0,1,104.5,36,105.0,34,1,2022-04-19 09:04:47
1650359087797254000,105.0,20,104.5,37,105.0,14,1,2022-04-19 09:04:47
1650359087827434000,105.0,10,104.5,37,105.0,4,1,2022-04-19 09:04:47
1650359088491668000,105.0,1,104.5,38,105.0,3,1,2022-04-19 09:04:48
1650359088519464000,105.0,3,104.5,38,105.0,5,1,2022-04-19 09:04:48
1650359088866862000,105.0,1,104.5,58,105.0,4,1,2022-04-19 09:04:48
1650359088898110000,105.0,1,104.5,58,105.0,4,1,2022-04-19 09:04:48
1650359089436520000,105.0,1,104.5,58,105.0,3,1,2022-04-19 09:04:49
1650359089460246000,105.0,1,104.5,58,105.0,2,1,2022-04-19 09:04:49
1650359089475510000,105.0,1,104.5,58,105.0,1,1,2022-04-19 09:04:49
1650359089495050000,105.0,1,104.5,58,105.5,78,1,2022-04-19 09:04:49
1650359089899611000,105.5,10,104.5,60,105.5,70,1,2022-04-19 09:04:49
1650359089961489000,105.5,15,104.5,66,105.5,55,1,2022-04-19 09:04:49
1650359089969044000,105.5,1,104.5,66,105.5,54,1,2022-04-19 09:04:49
1650359089989377000,105.5,1,104.5,66,105.5,53,1,2022-04-19 09:04:49
1650359090018690000,105.5,1,104.5,66,105.5,52,1,2022-04-19 09:04:50
1650359090083858000,105.5,5,105.0,1,105.5,47,1,2022-04-19 09:04:50
1650359090085978000,105.5,1,105.0,1,105.5,46,1,2022-04-19 09:04:50
1650359090116157000,105.5,5,105.0,1,105.5,41,1,2022-04-19 09:04:50
1650359090453382000,105.5,3,105.0,3,105.5,38,1,2022-04-19 09:04:50
1650359090534381000,105.5,3,105.0,3,105.5,35,1,2022-04-19 09:04:50
1650359090860804000,105.0,1,105.0,8,105.5,34,2,2022-04-19 09:04:50
1650359090883309000,105.5,1,105.0,8,105.5,33,1,2022-04-19 09:04:50
1650359091283592000,105.5,33,105.0,9,106.0,120,1,2022-04-19 09:04:51
1650359091283592000,106.0,67,105.0,9,106.0,120,1,2022-04-19 09:04:51
1650359091314305000,106.0,3,105.0,9,106.0,117,1,2022-04-19 09:04:51
1650359091330104000,106.0,2,105.0,9,106.0,115,1,2022-04-19 09:04:51
1650359091330706000,106.0,1,105.0,9,106.0,114,1,2022-04-19 09:04:51
1650359091331285000,106.0,10,105.0,9,106.0,104,1,2022-04-19 09:04:51
1650359091334398000,106.0,1,105.0,9,106.0,103,1,2022-04-19 09:04:51
1650359091364131000,106.0,3,105.0,9,106.0,100,1,2022-04-19 09:04:51
1650359091365460000,106.0,6,105.0,9,106.0,94,1,2022-04-19 09:04:51
1650359091367835000,106.0,40,105.0,9,106.0,54,1,2022-04-19 09:04:51
1650359091388210000,106.0,3,105.0,9,106.0,51,1,2022-04-19 09:04:51
1650359091395173000,106.0,1,105.0,9,106.0,50,1,2022-04-19 09:04:51
1650359091395505000,106.0,1,105.0,9,106.0,49,1,2022-04-19 09:04:51
1650359091398811000,106.0,4,105.0,9,106.0,45,1,2022-04-19 09:04:51
1650359091442987000,106.0,1,105.0,9,106.0,44,1,2022-04-19 09:04:51
1650359091446243000,106.0,1,105.0,9,106.0,43,1,2022-04-19 09:04:51
1650359091459830000,106.0,1,105.0,9,106.0,42,1,2022-04-19 09:04:51
1650359091474821000,106.0,1,105.0,9,106.0,41,1,2022-04-19 09:04:51
1650359091476902000,106.0,1,105.0,9,106.0,40,1,2022-04-19 09:04:51
1650359091481429000,106.0,4,105.0,9,106.0,36,1,2022-04-19 09:04:51
1650359091527503000,106.0,1,105.0,9,106.0,35,1,2022-04-19 09:04:51
1650359091542503000,106.0,1,105.0,9,106.0,34,1,2022-04-19 09:04:51
1650359091563407000,106.0,3,105.0,9,106.0,31,1,2022-04-19 09:04:51
1650359091564368000,106.0,1,105.0,9,106.0,30,1,2022-04-19 09:04:51
1650359091569115000,106.0,5,105.0,9,106.0,25,1,2022-04-19 09:04:51
1650359091606891000,106.0,1,105.0,9,106.0,24,1,2022-04-19 09:04:51
1650359091614106000,106.0,1,105.0,9,106.0,23,1,2022-04-19 09:04:51
1650359091647210000,106.0,6,105.0,9,106.0,17,1,2022-04-19 09:04:51
1650359091701666000,106.0,2,105.0,9,106.0,15,1,2022-04-19 09:04:51
1650359091716778000,106.0,2,105.0,9,106.0,13,1,2022-04-19 09:04:51
1650359091741421000,106.0,6,105.0,9,106.0,7,1,2022-04-19 09:04:51
1650359091743103000,106.0,2,105.0,9,106.0,5,1,2022-04-19 09:04:51
1650359091789179000,106.0,1,105.0,9,106.0,4,1,2022-04-19 09:04:51
1650359091805530000,106.0,1,105.0,9,106.0,3,1,2022-04-19 09:04:51
1650359091825452000,106.0,3,105.0,9,106.5,853,1,2022-04-19 09:04:51
1650359092083608000,106.5,2,105.5,1,106.5,851,1,2022-04-19 09:04:52
1650359092158382000,106.5,1,105.5,1,106.5,850,1,2022-04-19 09:04:52
1650359092165791000,106.5,1,105.5,1,106.5,849,1,2022-04-19 09:04:52
1650359092188247000,106.5,3,105.5,1,106.5,846,1,2022-04-19 09:04:52
1650359092201256000,106.5,1,105.5,1,106.5,845,1,2022-04-19 09:04:52
1650359092210966000,106.0,1,105.5,1,106.5,845,1,2022-04-19 09:04:52
1650359092228182000,106.5,21,105.5,1,106.5,824,1,2022-04-19 09:04:52
1650359092286537000,106.5,1,105.5,1,106.5,823,1,2022-04-19 09:04:52
1650359092303870000,106.5,1,105.5,1,106.5,822,1,2022-04-19 09:04:52
1650359092318748000,106.5,1,105.5,1,106.5,821,1,2022-04-19 09:04:52
1650359092357383000,106.5,2,105.5,1,106.5,819,1,2022-04-19 09:04:52
1650359092414350000,106.5,1,105.5,1,106.5,818,1,2022-04-19 09:04:52
1650359092484810000,106.5,2,105.5,1,106.5,816,1,2022-04-19 09:04:52
1650359092486061000,105.5,1,105.0,10,106.5,816,2,2022-04-19 09:04:52
1650359092488716000,106.5,4,105.0,10,106.5,812,1,2022-04-19 09:04:52
1650359092529385000,106.5,4,105.0,10,106.5,808,1,2022-04-19 09:04:52
1650359092801133000,106.0,1,106.0,4,106.5,818,1,2022-04-19 09:04:52
1650359092809509000,106.5,3,106.0,4,106.5,815,1,2022-04-19 09:04:52
1650359092819259000,106.5,1,106.0,4,106.5,814,1,2022-04-19 09:04:52
1650359092825324000,106.5,1,106.0,4,106.5,813,1,2022-04-19 09:04:52
1650359092920538000,106.5,3,106.0,4,106.5,811,1,2022-04-19 09:04:52
1650359092968654000,106.5,1,106.0,4,106.5,810,1,2022-04-19 09:04:52
1650359093032333000,106.5,44,106.0,4,106.5,766,1,2022-04-19 09:04:53
1650359093125878000,106.5,3,106.0,4,106.5,763,1,2022-04-19 09:04:53
1650359093159514000,106.5,1,106.0,4,106.5,762,1,2022-04-19 09:04:53
1650359093331864000,106.5,3,106.0,4,106.5,759,1,2022-04-19 09:04:53
1650359093363284000,106.5,1,106.0,4,106.5,758,1,2022-04-19 09:04:53
1650359093363667000,106.5,2,106.0,4,106.5,756,1,2022-04-19 09:04:53
1650359093394516000,106.5,1,106.0,4,106.5,755,1,2022-04-19 09:04:53
1650359093404533000,106.5,2,106.0,4,106.5,753,1,2022-04-19 09:04:53
1650359093546728000,106.5,3,106.0,4,106.5,751,1,2022-04-19 09:04:53
1650359093842327000,106.5,5,106.0,4,106.5,746,1,2022-04-19 09:04:53
1650359093932313000,106.5,1,106.0,4,106.5,745,1,2022-04-19 09:04:53
1650359093960716000,106.5,19,106.0,10,106.5,726,1,2022-04-19 09:04:53
1650359093994139000,106.5,5,106.0,10,106.5,721,1,2022-04-19 09:04:53
1650359094023927000,106.0,1,106.0,9,106.5,721,2,2022-04-19 09:04:54
1650359094088685000,106.5,1,106.0,9,106.5,720,1,2022-04-19 09:04:54
1650359094309884000,106.0,1,106.0,8,106.5,720,2,2022-04-19 09:04:54
1650359095153386000,106.5,1,106.0,8,106.5,725,1,2022-04-19 09:04:55
1650359095264711000,106.0,1,106.0,7,106.5,725,2,2022-04-19 09:04:55
1650359095424216000,106.5,1,106.0,7,106.5,724,1,2022-04-19 09:04:55
1650359095798528000,106.0,6,106.0,3,106.5,726,2,2022-04-19 09:04:55
1650359096450023000,106.0,2,106.0,1,106.5,730,2,2022-04-19 09:04:56
1650359096481044000,106.0,1,105.5,11,106.5,730,2,2022-04-19 09:04:56
1650359096751839000,106.5,2,105.5,11,106.5,731,1,2022-04-19 09:04:56
1650359096785252000,106.5,1,105.5,11,106.5,730,1,2022-04-19 09:04:56
1650359097407132000,106.5,1,105.5,18,106.5,733,1,2022-04-19 09:04:57
1650359097616563000,106.0,1,105.5,18,106.5,734,1,2022-04-19 09:04:57
1650359098384734000,106.0,1,105.5,11,106.0,8,1,2022-04-19 09:04:58
1650359099013203000,106.0,1,105.5,10,106.0,8,1,2022-04-19 09:04:59
1650359099488794000,105.5,1,105.5,9,106.0,11,2,2022-04-19 09:04:59
1650359099780943000,106.0,1,105.5,9,106.0,12,1,2022-04-19 09:04:59
1650359101265395000,105.5,5,105.0,36,106.0,22,2,2022-04-19 09:05:01
1650359101490999000,106.0,1,105.0,35,106.0,22,1,2022-04-19 09:05:01
1650359103081531000,106.0,1,105.5,1,106.0,49,1,2022-04-19 09:05:03
1650359103120546000,106.0,1,105.5,1,106.0,48,1,2022-04-19 09:05:03
1650359103294598000,106.0,2,105.5,1,106.0,47,1,2022-04-19 09:05:03
1650359104050956000,106.0,1,105.5,1,106.0,52,1,2022-04-19 09:05:04
1650359104515922000,106.0,1,105.5,1,106.0,52,1,2022-04-19 09:05:04
1650359105480964000,106.0,1,105.5,1,106.0,51,1,2022-04-19 09:05:05
1650359106182745000,106.0,1,105.5,1,106.0,55,1,2022-04-19 09:05:06
1650359106223171000,106.0,1,105.5,1,106.0,54,1,2022-04-19 09:05:06
1650359107103177000,106.0,1,105.5,1,106.0,58,1,2022-04-19 09:05:07
1650359107294679000,106.0,1,105.5,1,106.0,58,1,2022-04-19 09:05:07
1650359108124622000,105.5,1,105.0,37,106.0,59,2,2022-04-19 09:05:08
1650359108239745000,105.0,1,105.0,36,106.0,61,2,2022-04-19 09:05:08
1650359108719810000,106.0,1,105.0,36,106.0,60,1,2022-04-19 09:05:08
1650359110090826000,106.0,1,105.5,4,106.0,63,1,2022-04-19 09:05:10
1650359110580365000,105.5,4,105.0,50,106.0,63,2,2022-04-19 09:05:10
1650359110827244000,106.0,1,105.0,50,106.0,62,1,2022-04-19 09:05:10
1650359111068913000,105.5,4,105.5,2,106.0,62,1,2022-04-19 09:05:11
1650359111091921000,105.5,2,105.0,50,105.5,1,2,2022-04-19 09:05:11
1650359111092904000,105.0,50,104.5,98,105.5,1,2,2022-04-19 09:05:11
1650359111470133000,105.5,1,104.5,98,106.0,62,1,2022-04-19 09:05:11
1650359112197510000,105.0,1,104.5,92,105.5,8,2,2022-04-19 09:05:12
1650359112545430000,104.5,6,104.5,86,105.0,1,2,2022-04-19 09:05:12
1650359112684905000,105.0,1,104.5,86,105.5,10,1,2022-04-19 09:05:12
1650359112795481000,105.5,1,104.5,86,105.5,9,1,2022-04-19 09:05:12
1650359113146781000,105.0,1,104.5,86,105.0,2,1,2022-04-19 09:05:13
1650359113340090000,105.0,1,104.5,86,105.0,1,1,2022-04-19 09:05:13
1650359113490013000,105.0,1,104.5,86,105.5,11,1,2022-04-19 09:05:13
1650359113490013000,105.5,9,104.5,86,105.5,11,1,2022-04-19 09:05:13
1650359113859953000,105.5,2,104.5,86,105.5,12,1,2022-04-19 09:05:13
1650359115322475000,105.0,1,104.5,90,105.5,13,1,2022-04-19 09:05:15
1650359116545064000,105.5,1,105.0,2,105.5,15,1,2022-04-19 09:05:16
1650359117057117000,105.5,1,105.0,2,105.5,14,1,2022-04-19 09:05:17
1650359117919742000,105.0,1,105.0,2,105.5,64,2,2022-04-19 09:05:17
1650359118128351000,105.5,3,105.0,2,105.5,61,1,2022-04-19 09:05:18
1650359118601258000,105.0,1,105.0,10,105.5,66,2,2022-04-19 09:05:18
1650359119256619000,105.5,1,105.0,10,105.5,66,1,2022-04-19 09:05:19
1650359119729870000,105.0,1,105.0,9,105.5,66,2,2022-04-19 09:05:19
1650359120542503000,105.0,9,104.5,91,105.5,68,2,2022-04-19 09:05:20
1650359121241880000,105.0,5,105.0,1,105.5,68,2,2022-04-19 09:05:21
1650359121619204000,105.0,2,105.0,12,105.5,68,2,2022-04-19 09:05:21
1650359121822096000,105.0,5,105.0,9,105.5,68,2,2022-04-19 09:05:21
1650359122039241000,105.0,1,105.0,8,105.5,68,2,2022-04-19 09:05:22
1650359122546246000,105.5,1,105.0,9,105.5,67,1,2022-04-19 09:05:22
1650359122559503000,105.0,1,105.0,8,105.5,67,2,2022-04-19 09:05:22
1650359122902209000,105.0,1,105.0,7,105.5,67,2,2022-04-19 09:05:22
1650359124852662000,105.5,4,105.0,11,105.5,64,1,2022-04-19 09:05:24
1650359125697198000,105.5,4,105.0,12,105.5,60,1,2022-04-19 09:05:25
1650359126192994000,105.0,1,105.0,12,105.5,60,2,2022-04-19 09:05:26
1650359127164586000,105.5,2,105.0,14,105.5,58,1,2022-04-19 09:05:27
1650359130062162000,105.0,3,105.0,15,105.5,9,2,2022-04-19 09:05:30
1650359130854461000,105.5,1,105.0,16,105.5,8,1,2022-04-19 09:05:30
1650359131990181000,105.5,1,105.0,22,105.5,14,1,2022-04-19 09:05:31
1650359133876053000,105.0,1,105.0,25,105.5,68,2,2022-04-19 09:05:33
1650359133962668000,105.5,2,105.0,25,105.5,66,1,2022-04-19 09:05:33
1650359134037075000,105.5,1,105.0,25,105.5,65,1,2022-04-19 09:05:34
1650359135182056000,105.5,1,105.0,37,105.5,65,1,2022-04-19 09:05:35
1650359136017348000,105.5,1,105.0,37,105.5,66,1,2022-04-19 09:05:36
1650359136181353000,105.5,2,105.0,37,105.5,64,1,2022-04-19 09:05:36
1650359137535435000,105.0,2,105.0,36,105.5,69,2,2022-04-19 09:05:37
1650359137894102000,105.5,1,105.0,36,105.5,68,1,2022-04-19 09:05:37
1650359139618910000,105.5,1,105.0,37,105.5,67,1,2022-04-19 09:05:39
1650359140415039000,105.5,1,105.0,39,105.5,66,1,2022-04-19 09:05:40
1650359140887433000,105.5,2,105.0,39,105.5,66,1,2022-04-19 09:05:40
1650359142883253000,105.0,1,105.0,40,105.5,67,2,2022-04-19 09:05:42
1650359143241516000,105.5,4,105.0,41,105.5,63,1,2022-04-19 09:05:43
1650359143675605000,105.5,1,105.0,41,105.5,62,1,2022-04-19 09:05:43
1650359147908438000,105.5,1,105.0,48,105.5,62,1,2022-04-19 09:05:47
1650359148229727000,105.5,2,105.0,48,105.5,65,1,2022-04-19 09:05:48
1650359148684281000,105.5,1,105.0,48,105.5,64,1,2022-04-19 09:05:48
1650359151053873000,105.5,3,105.0,50,105.5,62,1,2022-04-19 09:05:51
1650359151229056000,105.5,1,105.0,50,105.5,61,1,2022-04-19 09:05:51
1650359152405276000,105.0,2,105.0,48,105.5,61,2,2022-04-19 09:05:52
1650359153007908000,105.5,5,105.0,48,105.5,56,1,2022-04-19 09:05:53
1650359154312575000,105.5,11,105.0,49,105.5,50,1,2022-04-19 09:05:54
1650359159180715000,105.5,1,105.0,51,105.5,51,1,2022-04-19 09:05:59
1650359159416269000,105.5,1,105.0,51,105.5,50,1,2022-04-19 09:05:59
1650359159536915000,105.5,3,105.0,51,105.5,47,1,2022-04-19 09:05:59
1650359159995582000,105.5,2,105.0,51,105.5,45,1,2022-04-19 09:05:59
1650359160537915000,105.5,5,105.0,51,105.5,40,1,2022-04-19 09:06:00
1650359161759147000,105.5,5,105.0,51,105.5,35,1,2022-04-19 09:06:01
1650359161853916000,105.5,1,105.0,51,105.5,34,1,2022-04-19 09:06:01
1650359162392227000,105.5,10,105.0,51,105.5,24,1,2022-04-19 09:06:02
1650359162870159000,105.5,10,105.0,49,105.5,16,1,2022-04-19 09:06:02
1650359163577086000,105.5,18,105.5,2,106.0,150,1,2022-04-19 09:06:03
1650359163609249000,105.5,2,105.0,50,106.0,150,2,2022-04-19 09:06:03
1650359164420577000,106.0,1,105.0,49,106.0,145,1,2022-04-19 09:06:04
1650359164489536000,106.0,1,105.0,49,106.0,144,1,2022-04-19 09:06:04
1650359164574388000,106.0,2,105.0,49,106.0,142,1,2022-04-19 09:06:04
1650359164574404000,106.0,1,105.0,49,106.0,141,1,2022-04-19 09:06:04
1650359164648138000,106.0,1,105.0,49,106.0,140,1,2022-04-19 09:06:04
1650359164722072000,106.0,1,105.0,49,106.0,139,1,2022-04-19 09:06:04
1650359164736838000,106.0,1,105.0,49,106.0,138,1,2022-04-19 09:06:04
1650359164923585000,106.0,5,105.5,4,106.0,133,1,2022-04-19 09:06:04
1650359166036350000,105.5,1,105.5,6,106.0,134,2,2022-04-19 09:06:06
1650359166679408000,105.5,1,105.5,5,106.0,134,2,2022-04-19 09:06:06
1650359168615975000,105.5,1,105.5,11,106.0,134,2,2022-04-19 09:06:08
1650359169121450000,105.5,1,105.5,10,106.0,134,2,2022-04-19 09:06:09
1650359169238217000,106.0,1,105.5,10,106.0,133,1,2022-04-19 09:06:09
1650359172867786000,106.0,1,105.5,13,106.0,135,1,2022-04-19 09:06:12
1650359175918634000,106.0,1,105.5,14,106.0,134,1,2022-04-19 09:06:15
1650359176110182000,105.5,1,105.5,13,106.0,134,2,2022-04-19 09:06:16
1650359179071638000,106.0,1,105.5,16,106.0,134,1,2022-04-19 09:06:19
1650359183020497000,106.0,3,105.5,17,106.0,132,1,2022-04-19 09:06:23
1650359183122339000,106.0,1,105.5,17,106.0,131,1,2022-04-19 09:06:23
1650359183365330000,106.0,1,105.5,17,106.0,130,1,2022-04-19 09:06:23
1650359183856245000,105.5,1,105.5,17,106.0,130,2,2022-04-19 09:06:23
1650359185422945000,106.0,1,105.5,22,106.0,129,1,2022-04-19 09:06:25
1650359185680206000,106.0,1,105.5,22,106.0,128,1,2022-04-19 09:06:25
1650359190370549000,106.0,3,105.5,49,106.0,131,1,2022-04-19 09:06:30
1650359191239931000,105.5,1,105.5,49,106.0,131,2,2022-04-19 09:06:31
1650359191857643000,106.0,1,105.5,49,106.0,130,1,2022-04-19 09:06:31
1650359191950222000,106.0,1,105.5,49,106.0,129,1,2022-04-19 09:06:31
1650359192189277000,106.0,1,105.5,49,106.0,128,1,2022-04-19 09:06:32
1650359192642497000,106.0,2,105.5,51,106.0,126,1,2022-04-19 09:06:32
1650359193597919000,106.0,1,105.5,51,106.0,133,1,2022-04-19 09:06:33
1650359194036417000,106.0,1,105.5,51,106.0,133,1,2022-04-19 09:06:34
1650359196142281000,106.0,2,105.5,50,106.0,136,1,2022-04-19 09:06:36
1650359198846098000,106.0,1,105.5,54,106.0,141,1,2022-04-19 09:06:38
1650359199054328000,105.5,1,105.5,54,106.0,141,2,2022-04-19 09:06:39
1650359200520216000,105.5,1,105.5,55,106.0,142,2,2022-04-19 09:06:40
1650359200901025000,106.0,1,105.5,55,106.0,142,1,2022-04-19 09:06:40
1650359201007497000,106.0,1,105.5,55,106.0,141,1,2022-04-19 09:06:41
1650359201073893000,106.0,1,105.5,57,106.0,140,1,2022-04-19 09:06:41
1650359201812887000,106.0,5,105.5,57,106.0,135,1,2022-04-19 09:06:41
1650359204528896000,106.0,1,105.5,57,106.0,134,1,2022-04-19 09:06:44
1650359207622253000,105.5,3,105.5,58,106.0,157,2,2022-04-19 09:06:47
1650359207634108000,106.0,1,105.5,58,106.0,156,1,2022-04-19 09:06:47
1650359208346138000,105.5,1,105.5,57,106.0,157,2,2022-04-19 09:06:48
1650359212223386000,106.0,1,105.5,54,106.0,165,1,2022-04-19 09:06:52
1650359212482131000,105.5,1,105.5,53,106.0,165,2,2022-04-19 09:06:52
1650359214828820000,105.5,1,105.5,62,106.0,165,2,2022-04-19 09:06:54
1650359215177055000,106.0,1,105.5,61,106.0,164,1,2022-04-19 09:06:55
1650359215798442000,105.5,2,105.5,59,106.0,162,2,2022-04-19 09:06:55
1650359216634757000,105.5,50,105.5,9,106.0,162,2,2022-04-19 09:06:56
1650359216671874000,105.5,9,105.0,72,106.0,162,2,2022-04-19 09:06:56
1650359217362163000,105.5,1,105.0,72,105.5,19,1,2022-04-19 09:06:57
1650359218432546000,105.5,6,105.0,72,105.5,29,1,2022-04-19 09:06:58
1650359219517566000,105.5,1,105.0,69,105.5,28,1,2022-04-19 09:06:59
1650359219961034000,105.0,1,105.0,68,105.5,28,2,2022-04-19 09:06:59
1650359220097356000,105.0,1,105.0,67,105.5,28,2,2022-04-19 09:07:00
1650359220242606000,105.0,1,105.0,66,105.5,28,2,2022-04-19 09:07:00
1650359220300663000,105.5,1,105.0,66,105.5,27,1,2022-04-19 09:07:00
1650359221007747000,105.5,2,105.0,66,105.5,27,1,2022-04-19 09:07:01
1650359222687433000,105.5,1,105.0,72,105.5,29,1,2022-04-19 09:07:02
1650359223462419000,105.5,1,105.0,72,105.5,30,1,2022-04-19 09:07:03
1650359224938201000,105.5,1,105.0,72,105.5,29,1,2022-04-19 09:07:04
1650359226276041000,105.5,2,105.0,68,105.5,28,1,2022-04-19 09:07:06
1650359228877313000,105.0,2,105.0,64,105.5,40,2,2022-04-19 09:07:08
1650359230165164000,105.5,1,105.0,64,105.5,50,1,2022-04-19 09:07:10
1650359230887996000,105.0,3,105.0,59,105.5,50,2,2022-04-19 09:07:10
1650359231632022000,105.0,4,105.0,55,105.5,55,2,2022-04-19 09:07:11
1650359231671131000,105.0,28,105.0,27,105.5,56,2,2022-04-19 09:07:11
1650359232450525000,105.0,1,105.0,28,105.5,57,2,2022-04-19 09:07:12
1650359234060881000,105.0,1,105.0,28,105.5,59,2,2022-04-19 09:07:14
1650359234249769000,105.5,1,105.0,28,105.5,58,1,2022-04-19 09:07:14
1650359234470739000,105.0,1,105.0,27,105.5,58,2,2022-04-19 09:07:14
1650359235336583000,105.5,2,105.0,25,105.5,56,1,2022-04-19 09:07:15
1650359240906630000,105.0,1,105.0,28,105.5,61,2,2022-04-19 09:07:20
1650359241118380000,105.5,1,105.0,37,105.5,60,1,2022-04-19 09:07:21
1650359242521078000,105.0,3,105.0,34,105.5,60,2,2022-04-19 09:07:22
1650359242685608000,105.0,1,105.0,33,105.5,60,2,2022-04-19 09:07:22
1650359244951543000,105.0,1,105.0,33,105.5,71,2,2022-04-19 09:07:24
1650359245345654000,105.0,1,105.0,33,105.5,71,2,2022-04-19 09:07:25
1650359245935448000,105.0,1,105.0,32,105.5,71,2,2022-04-19 09:07:25
1650359245984540000,105.0,1,105.0,31,105.5,71,2,2022-04-19 09:07:25
1650359248616693000,105.5,2,105.0,30,105.5,69,1,2022-04-19 09:07:28
1650359251383133000,105.0,2,105.0,27,105.5,69,2,2022-04-19 09:07:31
1650359251840144000,105.0,2,105.0,26,105.5,69,2,2022-04-19 09:07:31
1650359252443889000,105.5,1,105.0,26,105.5,68,1,2022-04-19 09:07:32
1650359253430666000,105.0,1,105.0,31,105.5,68,2,2022-04-19 09:07:33
1650359254856935000,105.0,1,105.0,40,105.5,67,2,2022-04-19 09:07:34
1650359258621360000,105.5,1,105.0,32,105.5,81,1,2022-04-19 09:07:38
1650359258747591000,105.5,2,105.0,32,105.5,79,1,2022-04-19 09:07:38
1650359260919745000,105.0,1,105.0,31,105.5,81,2,2022-04-19 09:07:40
1650359262112394000,105.0,1,105.0,31,105.5,81,2,2022-04-19 09:07:42
1650359266795711000,105.0,3,105.0,35,105.5,83,2,2022-04-19 09:07:46
1650359267972224000,105.5,1,105.0,35,105.5,89,1,2022-04-19 09:07:47
1650359269108340000,105.5,1,105.0,35,105.5,83,1,2022-04-19 09:07:49
1650359275691672000,105.5,1,105.0,41,105.5,86,1,2022-04-19 09:07:55
1650359279398181000,105.0,2,105.0,42,105.5,86,2,2022-04-19 09:07:59
1650359280469087000,105.0,1,105.0,41,105.5,86,2,2022-04-19 09:08:00
1650359281136124000,105.0,1,105.0,39,105.5,89,2,2022-04-19 09:08:01
1650359281457713000,105.0,3,105.0,36,105.5,89,2,2022-04-19 09:08:01
1650359282243998000,105.0,2,105.0,35,105.5,89,2,2022-04-19 09:08:02
1650359283996779000,105.0,3,105.0,39,105.5,93,2,2022-04-19 09:08:03
1650359284952205000,105.5,1,105.0,38,105.5,92,1,2022-04-19 09:08:04
1650359287982212000,105.5,3,105.0,42,105.5,93,1,2022-04-19 09:08:07
1650359290671084000,105.5,1,105.0,43,105.5,92,1,2022-04-19 09:08:10
1650359291778927000,105.0,2,105.0,41,105.5,92,2,2022-04-19 09:08:11
1650359292305536000,105.0,1,105.0,40,105.5,92,2,2022-04-19 09:08:12
1650359292610612000,105.0,12,105.0,28,105.5,92,2,2022-04-19 09:08:12
1650359292914198000,105.0,5,105.0,24,105.5,92,2,2022-04-19 09:08:12
1650359293536083000,105.0,2,105.0,22,105.5,92,2,2022-04-19 09:08:13
1650359295344194000,105.0,1,105.0,21,105.5,94,2,2022-04-19 09:08:15
1650359295895673000,105.0,2,105.0,21,105.5,95,2,2022-04-19 09:08:15
1650359296026205000,105.0,21,104.5,84,105.0,7,2,2022-04-19 09:08:16
1650359297061838000,105.0,1,104.5,85,105.0,9,1,2022-04-19 09:08:17
1650359297069151000,104.5,10,104.5,75,105.0,9,2,2022-04-19 09:08:17
1650359297273515000,104.5,1,104.5,74,105.0,9,2,2022-04-19 09:08:17
1650359297280819000,104.5,1,104.5,73,105.0,9,2,2022-04-19 09:08:17
1650359297319653000,104.5,1,104.5,72,105.0,9,2,2022-04-19 09:08:17
1650359297322078000,104.5,4,104.5,68,105.0,9,2,2022-04-19 09:08:17
1650359300028167000,104.5,30,104.5,35,105.0,11,2,2022-04-19 09:08:20
1650359300356922000,105.0,1,104.5,35,105.0,15,1,2022-04-19 09:08:20
1650359300907410000,104.5,1,104.5,34,105.0,22,2,2022-04-19 09:08:20
1650359302670477000,104.5,1,104.5,34,105.0,26,2,2022-04-19 09:08:22
1650359302996490000,104.5,34,104.0,111,104.5,16,2,2022-04-19 09:08:22
1650359303200839000,104.5,1,104.0,111,104.5,15,1,2022-04-19 09:08:23
1650359303252575000,104.5,1,104.0,111,104.5,14,1,2022-04-19 09:08:23
1650359304579656000,104.5,1,104.0,111,104.5,21,1,2022-04-19 09:08:24
1650359304785565000,104.5,1,104.0,111,104.5,21,1,2022-04-19 09:08:24
1650359305489006000,104.5,1,104.0,110,104.5,21,1,2022-04-19 09:08:25
1650359306771006000,104.0,20,104.0,88,104.5,21,2,2022-04-19 09:08:26
1650359307177837000,104.5,1,104.0,88,104.5,20,1,2022-04-19 09:08:27
1650359307820399000,104.0,1,104.0,88,104.5,25,2,2022-04-19 09:08:27
1650359308827788000,104.5,25,104.5,25,105.0,23,1,2022-04-19 09:08:28
1650359308906357000,104.5,1,104.5,24,105.0,23,2,2022-04-19 09:08:28
1650359310074641000,104.5,1,104.5,23,105.0,24,2,2022-04-19 09:08:30
1650359310207346000,104.5,1,104.5,22,105.0,24,2,2022-04-19 09:08:30
1650359311040556000,104.5,1,104.5,22,105.0,24,2,2022-04-19 09:08:31
1650359311388156000,104.5,1,104.5,24,105.0,26,2,2022-04-19 09:08:31
1650359313948465000,104.5,2,104.5,22,105.0,26,2,2022-04-19 09:08:33
1650359314537053000,104.5,1,104.5,21,105.0,26,2,2022-04-19 09:08:34
1650359315091997000,105.0,1,104.5,18,105.0,25,1,2022-04-19 09:08:35
1650359318343992000,104.5,1,104.5,18,105.0,28,2,2022-04-19 09:08:38
1650359319452300000,105.0,1,104.5,22,105.0,27,1,2022-04-19 09:08:39
1650359320999112000,104.5,1,104.5,31,105.0,27,2,2022-04-19 09:08:40
1650359321658176000,105.0,2,104.5,31,105.0,25,1,2022-04-19 09:08:41
1650359322701545000,105.0,1,104.5,33,105.0,28,1,2022-04-19 09:08:42
1650359323528648000,104.5,3,104.5,31,105.0,28,2,2022-04-19 09:08:43
1650359326008694000,105.0,1,104.5,34,105.0,32,1,2022-04-19 09:08:46
1650359329170447000,105.0,10,104.5,41,105.0,25,1,2022-04-19 09:08:49
1650359331345916000,104.5,1,104.5,42,105.0,25,2,2022-04-19 09:08:51
1650359332249113000,105.0,2,104.5,42,105.0,24,1,2022-04-19 09:08:52
1650359332598918000,104.5,1,104.5,41,105.0,23,2,2022-04-19 09:08:52
1650359333184782000,104.5,7,104.5,44,105.0,23,2,2022-04-19 09:08:53
1650359335937552000,104.5,1,104.5,45,105.0,33,2,2022-04-19 09:08:55
1650359340788558000,104.5,1,104.5,49,105.0,36,2,2022-04-19 09:09:00
1650359343119565000,104.5,1,104.5,48,105.0,38,2,2022-04-19 09:09:03
1650359343126212000,104.5,1,104.5,47,105.0,38,2,2022-04-19 09:09:03
1650359343306204000,104.5,5,104.5,42,105.0,33,2,2022-04-19 09:09:03
1650359343564082000,104.5,2,104.5,42,105.0,33,2,2022-04-19 09:09:03
1650359344579793000,104.5,1,104.5,41,105.0,33,2,2022-04-19 09:09:04
1650359344765450000,105.0,1,104.5,41,105.0,32,1,2022-04-19 09:09:04
1650359351430919000,105.0,2,104.5,40,105.0,32,1,2022-04-19 09:09:11
1650359358987899000,104.5,5,104.5,42,105.0,38,2,2022-04-19 09:09:18
1650359359363740000,104.5,8,104.5,34,105.0,38,2,2022-04-19 09:09:19
1650359362219485000,105.0,1,104.5,33,105.0,39,1,2022-04-19 09:09:22
1650359364082503000,104.5,2,104.5,33,105.0,42,2,2022-04-19 09:09:24
1650359370495179000,104.5,5,104.5,23,105.0,45,2,2022-04-19 09:09:30
1650359372182550000,104.5,1,104.5,28,105.0,51,2,2022-04-19 09:09:32
1650359376466225000,104.5,31,104.0,115,105.0,60,2,2022-04-19 09:09:36
1650359376466225000,104.0,19,104.0,115,105.0,60,2,2022-04-19 09:09:36
1650359379154601000,104.0,35,104.0,80,104.5,2,2,2022-04-19 09:09:39
1650359380246285000,104.0,65,104.0,15,104.5,3,2,2022-04-19 09:09:40
1650359380847499000,104.5,1,104.0,14,104.5,2,1,2022-04-19 09:09:40
1650359381872626000,104.0,10,104.0,6,104.5,3,2,2022-04-19 09:09:41
1650359382540135000,104.0,1,104.0,6,104.5,3,2,2022-04-19 09:09:42
1650359382770382000,104.0,1,104.0,5,104.5,9,2,2022-04-19 09:09:42
1650359382782993000,104.0,1,104.0,4,104.5,9,2,2022-04-19 09:09:42
1650359383128902000,104.0,1,104.0,4,104.5,9,2,2022-04-19 09:09:43
1650359383163385000,104.0,1,104.0,3,104.5,9,2,2022-04-19 09:09:43
1650359383288627000,104.5,1,104.0,3,104.5,8,1,2022-04-19 09:09:43
1650359384322320000,104.0,1,104.0,3,104.5,22,2,2022-04-19 09:09:44
1650359385615979000,104.0,1,104.0,2,104.5,22,2,2022-04-19 09:09:45
1650359385955053000,104.0,1,104.0,1,104.5,23,2,2022-04-19 09:09:45
1650359386144180000,104.0,1,103.5,134,104.5,23,2,2022-04-19 09:09:46
1650359386144180000,103.5,1,103.5,134,104.5,23,2,2022-04-19 09:09:46
1650359386347586000,104.0,1,103.5,134,104.5,23,2,2022-04-19 09:09:46
1650359386373130000,103.5,1,103.5,133,104.5,23,2,2022-04-19 09:09:46
1650359386961139000,104.0,5,104.0,45,104.5,29,2,2022-04-19 09:09:46
1650359387644996000,104.0,1,104.0,45,104.5,29,2,2022-04-19 09:09:47
1650359389549776000,104.5,1,104.0,50,104.5,29,1,2022-04-19 09:09:49
1650359390468262000,104.0,1,104.0,49,104.5,29,2,2022-04-19 09:09:50
1650359390686238000,104.0,1,104.0,45,104.5,29,2,2022-04-19 09:09:50
1650359390892098000,104.0,1,104.0,44,104.5,29,2,2022-04-19 09:09:50
1650359393384502000,104.0,10,104.0,185,104.5,31,2,2022-04-19 09:09:53
1650359393989562000,104.5,10,104.0,385,104.5,21,1,2022-04-19 09:09:53
1650359394019926000,104.5,12,104.0,385,104.5,9,1,2022-04-19 09:09:54
1650359394147069000,104.5,3,104.0,385,104.5,6,1,2022-04-19 09:09:54
1650359394172617000,104.5,4,104.0,385,104.5,2,1,2022-04-19 09:09:54
1650359394668687000,104.5,1,104.0,386,104.5,1,1,2022-04-19 09:09:54
1650359394690955000,104.5,1,104.0,386,105.0,52,1,2022-04-19 09:09:54
1650359394784795000,104.0,6,104.0,380,105.0,52,2,2022-04-19 09:09:54
1650359396956460000,104.0,1,104.0,31,104.5,21,2,2022-04-19 09:09:56
1650359397202291000,104.5,1,104.0,31,104.5,20,1,2022-04-19 09:09:57
1650359399729176000,104.5,1,104.0,43,104.5,20,1,2022-04-19 09:09:59
1650359401229322000,104.5,1,104.0,43,104.5,19,1,2022-04-19 09:10:01
1650359401720092000,104.5,1,104.0,47,104.5,18,1,2022-04-19 09:10:01
1650359402275143000,104.5,2,104.0,50,104.5,16,1,2022-04-19 09:10:02
1650359402336601000,104.5,5,104.0,50,104.5,11,1,2022-04-19 09:10:02
1650359402752451000,104.5,1,104.0,52,104.5,10,1,2022-04-19 09:10:02
1650359404010043000,104.5,1,104.0,54,104.5,13,1,2022-04-19 09:10:04
1650359404134140000,104.5,2,104.0,54,104.5,11,1,2022-04-19 09:10:04
1650359404629579000,104.5,1,104.0,54,104.5,10,1,2022-04-19 09:10:04
1650359405196937000,104.5,1,104.0,55,104.5,10,1,2022-04-19 09:10:05
1650359406398476000,104.5,1,104.0,55,104.5,13,1,2022-04-19 09:10:06
1650359406554223000,104.5,2,104.0,70,104.5,11,1,2022-04-19 09:10:06
1650359406603965000,104.5,1,104.0,70,104.5,10,1,2022-04-19 09:10:06
1650359408055467000,104.5,1,104.0,70,104.5,9,1,2022-04-19 09:10:08
1650359408057507000,104.5,1,104.0,69,104.5,8,1,2022-04-19 09:10:08
1650359410206316000,104.5,3,104.0,69,104.5,6,1,2022-04-19 09:10:10
1650359410362308000,104.5,1,104.0,69,104.5,5,1,2022-04-19 09:10:10
1650359410804888000,104.5,1,104.0,70,104.5,4,1,2022-04-19 09:10:10
1650359410990304000,104.5,1,104.0,70,104.5,3,1,2022-04-19 09:10:10
1650359411764391000,104.5,1,104.0,78,104.5,2,1,2022-04-19 09:10:11
1650359412534793000,104.5,1,104.0,78,104.5,6,1,2022-04-19 09:10:12
1650359413576448000,104.5,1,104.0,75,104.5,18,1,2022-04-19 09:10:13
1650359414042097000,104.5,1,104.0,75,104.5,17,1,2022-04-19 09:10:14
1650359416493520000,104.0,2,104.0,77,104.5,18,2,2022-04-19 09:10:16
1650359418760018000,104.5,1,104.0,78,104.5,17,1,2022-04-19 09:10:18
1650359419575226000,104.5,2,104.0,78,104.5,15,1,2022-04-19 09:10:19
1650359422854399000,104.5,1,104.0,84,104.5,20,1,2022-04-19 09:10:22
1650359425005070000,104.0,1,104.0,95,104.5,20,2,2022-04-19 09:10:25
1650359425179744000,104.0,1,104.0,94,104.5,20,2,2022-04-19 09:10:25
1650359428176586000,104.0,10,104.0,88,104.5,20,2,2022-04-19 09:10:28
1650359428903293000,104.0,2,104.0,90,104.5,20,2,2022-04-19 09:10:28
1650359429795831000,104.0,1,104.0,89,104.5,21,2,2022-04-19 09:10:29
1650359431672645000,104.5,1,104.0,89,104.5,42,1,2022-04-19 09:10:31
1650359433605812000,104.0,1,104.0,92,104.5,43,2,2022-04-19 09:10:33
1650359439358390000,104.0,1,104.0,105,104.5,46,2,2022-04-19 09:10:39
1650359440385166000,104.0,2,104.0,103,104.5,47,2,2022-04-19 09:10:40
1650359441140967000,104.0,3,104.0,100,104.5,47,2,2022-04-19 09:10:41
1650359442580874000,104.0,1,104.0,99,104.5,47,2,2022-04-19 09:10:42
1650359447491180000,104.0,1,104.0,109,104.5,51,2,2022-04-19 09:10:47
1650359447634362000,104.0,5,104.0,104,104.5,51,2,2022-04-19 09:10:47
1650359449398449000,104.5,3,104.0,106,104.5,48,1,2022-04-19 09:10:49
1650359449774956000,104.0,5,104.0,101,104.5,48,2,2022-04-19 09:10:49
1650359451907356000,104.0,1,104.0,102,104.5,48,2,2022-04-19 09:10:51
1650359453341263000,104.0,1,104.0,104,104.5,48,2,2022-04-19 09:10:53
1650359455044180000,104.0,2,104.0,98,104.5,49,2,2022-04-19 09:10:55
1650359457728604000,104.0,1,104.0,99,104.5,49,2,2022-04-19 09:10:57
1650359458111281000,104.0,6,104.0,93,104.5,49,2,2022-04-19 09:10:58
1650359460178743000,104.0,1,104.0,92,104.5,49,2,2022-04-19 09:11:00
1650359460180343000,104.0,1,104.0,91,104.5,49,2,2022-04-19 09:11:00
1650359460212688000,104.0,2,104.0,89,104.5,49,2,2022-04-19 09:11:00
1650359461124147000,104.5,1,104.0,89,104.5,48,1,2022-04-19 09:11:01
1650359461971232000,104.0,2,104.0,87,104.5,48,2,2022-04-19 09:11:01
1650359463916375000,104.5,3,104.0,87,104.5,45,1,2022-04-19 09:11:03
1650359464484240000,104.0,1,104.0,86,104.5,45,2,2022-04-19 09:11:04
1650359467239135000,104.0,1,104.0,89,104.5,45,2,2022-04-19 09:11:07
1650359469730869000,104.0,1,104.0,91,104.5,47,2,2022-04-19 09:11:09
1650359470507060000,104.0,10,104.0,82,104.5,47,2,2022-04-19 09:11:10
1650359471220316000,104.0,1,104.0,81,104.5,47,2,2022-04-19 09:11:11
1650359471250834000,104.5,1,104.0,81,104.5,46,1,2022-04-19 09:11:11
1650359475878180000,104.0,1,104.0,91,104.5,45,2,2022-04-19 09:11:15
1650359475908402000,104.0,1,104.0,90,104.5,45,2,2022-04-19 09:11:15
1650359476546567000,104.5,1,104.0,90,104.5,44,1,2022-04-19 09:11:16
1650359482778330000,104.0,6,104.0,92,104.5,46,2,2022-04-19 09:11:22
1650359484087849000,104.5,1,104.0,92,104.5,45,1,2022-04-19 09:11:24
1650359485167555000,104.0,2,104.0,92,104.5,45,2,2022-04-19 09:11:25
1650359485167688000,104.0,2,104.0,90,104.5,45,2,2022-04-19 09:11:25
1650359485227456000,104.5,1,104.0,90,104.5,44,1,2022-04-19 09:11:25
1650359486233738000,104.0,1,104.0,89,104.5,44,2,2022-04-19 09:11:26
1650359487842923000,104.5,1,104.0,89,104.5,43,1,2022-04-19 09:11:27
1650359488199235000,104.5,1,104.0,90,104.5,42,1,2022-04-19 09:11:28
1650359490330110000,104.5,43,104.5,2,105.0,64,1,2022-04-19 09:11:30
1650359491539485000,105.0,1,104.5,2,105.0,63,1,2022-04-19 09:11:31
1650359491576258000,105.0,5,104.5,2,105.0,58,1,2022-04-19 09:11:31
1650359492562939000,105.0,10,104.5,2,105.0,48,1,2022-04-19 09:11:32
1650359494329351000,105.0,30,104.5,9,105.0,18,1,2022-04-19 09:11:34
1650359495199091000,105.0,2,104.5,9,105.0,16,1,2022-04-19 09:11:35
1650359495390973000,105.0,1,104.5,10,105.0,15,1,2022-04-19 09:11:35
1650359495400674000,105.0,2,104.5,10,105.0,13,1,2022-04-19 09:11:35
1650359495436618000,105.0,13,104.5,10,105.5,87,1,2022-04-19 09:11:35
1650359497562397000,105.5,87,105.0,3,106.0,308,1,2022-04-19 09:11:37
1650359497562843000,105.0,2,105.0,1,106.0,308,2,2022-04-19 09:11:37
1650359497616087000,106.0,1,105.0,8,106.0,307,1,2022-04-19 09:11:37
1650359497617252000,106.0,1,105.0,8,106.0,306,1,2022-04-19 09:11:37
1650359497632607000,106.0,13,105.0,8,106.0,293,1,2022-04-19 09:11:37
1650359497637895000,106.0,5,105.0,8,106.0,288,1,2022-04-19 09:11:37
1650359497663374000,106.0,1,105.0,8,106.0,287,1,2022-04-19 09:11:37
1650359497665071000,106.0,1,105.0,8,106.0,286,1,2022-04-19 09:11:37
1650359497667867000,106.0,1,105.0,8,106.0,285,1,2022-04-19 09:11:37
1650359497669252000,106.0,5,105.0,8,106.0,280,1,2022-04-19 09:11:37
1650359497679663000,106.0,1,105.0,8,106.0,279,1,2022-04-19 09:11:37
1650359497690326000,106.0,5,105.0,8,106.0,274,1,2022-04-19 09:11:37
1650359497690401000,106.0,5,105.0,8,106.0,269,1,2022-04-19 09:11:37
1650359497690694000,106.0,10,105.0,8,106.0,259,1,2022-04-19 09:11:37
1650359497720596000,106.0,3,105.0,8,106.0,256,1,2022-04-19 09:11:37
1650359497771232000,106.0,1,105.0,8,106.0,255,1,2022-04-19 09:11:37
1650359497777022000,106.0,1,105.0,8,106.0,254,1,2022-04-19 09:11:37
1650359497792318000,106.0,1,105.0,8,106.0,253,1,2022-04-19 09:11:37
1650359497803152000,106.0,1,105.0,8,106.0,252,1,2022-04-19 09:11:37
1650359497817095000,106.0,1,105.0,8,106.0,251,1,2022-04-19 09:11:37
1650359497829372000,106.0,5,105.0,8,106.0,246,1,2022-04-19 09:11:37
1650359497854795000,106.0,1,105.0,8,106.0,245,1,2022-04-19 09:11:37
1650359497857399000,106.0,1,105.0,8,106.0,244,1,2022-04-19 09:11:37
1650359497857924000,106.0,1,105.0,8,106.0,243,1,2022-04-19 09:11:37
1650359497859962000,106.0,1,105.0,8,106.0,242,1,2022-04-19 09:11:37
1650359497881043000,106.0,1,105.0,8,106.0,241,1,2022-04-19 09:11:37
1650359497927943000,106.0,1,105.0,9,106.0,240,1,2022-04-19 09:11:37
1650359497942473000,106.0,1,105.0,9,106.0,239,1,2022-04-19 09:11:37
1650359498371999000,106.0,1,105.0,9,106.0,238,1,2022-04-19 09:11:38
1650359498595449000,106.0,1,105.0,10,106.0,237,1,2022-04-19 09:11:38
1650359498987755000,106.0,10,105.0,10,106.0,228,1,2022-04-19 09:11:38
1650359499076977000,106.0,2,105.0,10,106.0,226,1,2022-04-19 09:11:39
1650359499097121000,106.0,2,105.0,10,106.0,224,1,2022-04-19 09:11:39
1650359499452687000,105.0,1,105.0,9,106.0,225,2,2022-04-19 09:11:39
1650359499550819000,106.0,2,105.0,9,106.0,223,1,2022-04-19 09:11:39
1650359499613152000,106.0,6,105.0,9,106.0,217,1,2022-04-19 09:11:39
1650359499765913000,106.0,2,105.0,9,106.0,215,1,2022-04-19 09:11:39
1650359499893978000,106.0,3,105.0,9,106.0,212,1,2022-04-19 09:11:39
1650359500201507000,106.0,2,105.0,9,106.0,210,1,2022-04-19 09:11:40
1650359500564006000,106.0,2,105.0,14,106.0,208,1,2022-04-19 09:11:40
1650359500600189000,106.0,1,105.0,14,106.0,207,1,2022-04-19 09:11:40
1650359501914016000,106.0,1,105.0,18,106.0,209,1,2022-04-19 09:11:41
1650359504511735000,105.0,1,105.0,31,106.0,211,2,2022-04-19 09:11:44
1650359505088880000,105.0,1,105.0,31,106.0,212,2,2022-04-19 09:11:45
1650359506041129000,105.5,1,105.0,32,105.5,9,1,2022-04-19 09:11:46
1650359506648103000,105.5,2,105.0,32,105.5,7,1,2022-04-19 09:11:46
1650359507322012000,105.0,19,105.0,13,105.5,7,2,2022-04-19 09:11:47
1650359507357001000,105.0,13,104.5,27,105.5,7,2,2022-04-19 09:11:47
1650359507896340000,105.5,1,104.5,27,105.5,11,1,2022-04-19 09:11:47
1650359508628907000,105.0,1,104.5,28,105.5,35,2,2022-04-19 09:11:48
1650359508990777000,105.5,1,104.5,28,105.5,39,1,2022-04-19 09:11:48
1650359512190106000,105.5,1,104.5,28,105.5,41,1,2022-04-19 09:11:52
1650359513098761000,105.5,1,105.0,21,105.5,40,1,2022-04-19 09:11:53
1650359516756094000,105.5,1,105.0,21,105.5,42,1,2022-04-19 09:11:56
1650359520672555000,105.0,1,105.0,20,105.5,53,2,2022-04-19 09:12:00
1650359520701065000,105.0,3,105.0,17,105.5,53,2,2022-04-19 09:12:00
1650359521744798000,105.5,5,105.0,17,105.5,48,1,2022-04-19 09:12:01
1650359529265592000,105.5,1,105.0,21,105.5,54,1,2022-04-19 09:12:09
1650359531280282000,105.5,1,105.0,21,105.5,54,1,2022-04-19 09:12:11
1650359538922458000,105.0,1,105.0,21,105.5,59,2,2022-04-19 09:12:18
1650359546355041000,105.5,1,105.0,40,105.5,55,1,2022-04-19 09:12:26
1650359548487324000,105.0,1,105.0,45,105.5,55,2,2022-04-19 09:12:28
1650359554339984000,105.5,1,105.0,50,105.5,54,1,2022-04-19 09:12:34
1650359558733612000,105.0,1,105.0,46,105.5,49,2,2022-04-19 09:12:38
1650359558849223000,105.5,1,105.0,46,105.5,48,1,2022-04-19 09:12:38
1650359559779852000,105.5,1,105.0,46,105.5,55,1,2022-04-19 09:12:39
1650359564396461000,105.0,2,105.0,45,105.5,56,2,2022-04-19 09:12:44
1650359571551746000,105.5,1,105.0,46,105.5,57,1,2022-04-19 09:12:51
1650359571742855000,105.5,1,105.0,46,105.5,56,1,2022-04-19 09:12:51
1650359572443084000,105.5,2,105.0,46,105.5,54,1,2022-04-19 09:12:52
1650359574041307000,105.0,1,105.0,45,105.5,54,2,2022-04-19 09:12:54
1650359574228411000,105.0,1,105.0,44,105.5,58,2,2022-04-19 09:12:54
1650359580293634000,105.0,1,105.0,54,105.5,60,2,2022-04-19 09:13:00
1650359580293963000,105.0,1,105.0,53,105.5,60,2,2022-04-19 09:13:00
1650359590237968000,105.0,1,105.0,54,105.5,64,2,2022-04-19 09:13:10
1650359598218935000,105.0,11,105.0,43,105.5,65,2,2022-04-19 09:13:18
1650359601267135000,105.0,9,105.0,49,105.5,65,2,2022-04-19 09:13:21
1650359601477202000,105.0,1,105.0,48,105.5,67,2,2022-04-19 09:13:21
1650359603221791000,105.5,1,105.0,47,105.5,64,1,2022-04-19 09:13:23
1650359604467461000,105.0,2,105.0,40,105.5,64,2,2022-04-19 09:13:24
1650359605085960000,105.5,2,105.0,44,105.5,63,1,2022-04-19 09:13:25
1650359606446045000,105.0,2,105.0,42,105.5,63,2,2022-04-19 09:13:26
1650359607398348000,105.0,2,105.0,40,105.5,63,2,2022-04-19 09:13:27
1650359608245461000,105.5,1,105.0,40,105.5,62,1,2022-04-19 09:13:28
1650359610075995000,105.0,41,104.5,69,105.0,9,2,2022-04-19 09:13:30
1650359610452182000,105.0,4,104.5,69,105.0,5,1,2022-04-19 09:13:30
1650359613560869000,105.0,5,104.5,69,105.0,16,1,2022-04-19 09:13:33
1650359614076244000,105.0,1,104.5,69,105.0,15,1,2022-04-19 09:13:34
1650359617720579000,105.0,1,104.5,66,105.0,14,1,2022-04-19 09:13:37
1650359619019065000,105.0,1,104.5,65,105.0,14,1,2022-04-19 09:13:39
1650359623431071000,105.0,1,104.5,67,105.0,19,1,2022-04-19 09:13:43
1650359625405491000,105.0,2,104.5,67,105.0,17,1,2022-04-19 09:13:45
1650359629483621000,105.0,1,104.5,64,105.0,16,1,2022-04-19 09:13:49
1650359635809413000,105.0,1,104.5,56,105.0,17,1,2022-04-19 09:13:55
1650359637021335000,104.5,1,104.5,55,105.0,17,2,2022-04-19 09:13:57
1650359637180535000,105.0,1,104.5,55,105.0,16,1,2022-04-19 09:13:57
1650359637285645000,105.0,4,104.5,55,105.0,12,1,2022-04-19 09:13:57
1650359640421232000,104.5,9,104.5,48,105.0,17,2,2022-04-19 09:14:00
1650359640629685000,105.0,1,104.5,48,105.0,17,1,2022-04-19 09:14:00
1650359643371826000,105.0,1,104.5,48,105.0,15,1,2022-04-19 09:14:03
1650359643403970000,104.5,1,104.5,47,105.0,15,2,2022-04-19 09:14:03
1650359643848187000,104.5,1,104.5,43,105.0,15,2,2022-04-19 09:14:03
1650359647536687000,105.0,4,104.5,52,105.0,10,1,2022-04-19 09:14:07
1650359650593915000,105.0,1,104.5,53,105.0,12,1,2022-04-19 09:14:10
1650359661285805000,105.0,1,104.5,54,105.0,14,1,2022-04-19 09:14:21
1650359665477116000,105.0,1,104.5,55,105.0,13,1,2022-04-19 09:14:25
1650359670027988000,104.5,1,104.5,54,105.0,13,2,2022-04-19 09:14:30
1650359670996738000,105.0,1,104.5,55,105.0,12,1,2022-04-19 09:14:30
1650359674877860000,105.0,1,104.5,57,105.0,11,1,2022-04-19 09:14:34
1650359677617598000,105.0,1,104.5,58,105.0,12,1,2022-04-19 09:14:37
1650359681351975000,105.0,1,104.5,58,105.0,11,1,2022-04-19 09:14:41
1650359682772707000,104.5,1,104.5,75,105.0,12,2,2022-04-19 09:14:42
1650359682962537000,105.0,1,104.5,75,105.0,11,1,2022-04-19 09:14:42
1650359692772762000,104.5,1,104.5,63,105.0,12,2,2022-04-19 09:14:52
1650359695269902000,105.0,1,104.5,62,105.0,14,1,2022-04-19 09:14:55
1650359699652865000,105.0,1,104.5,66,105.0,13,1,2022-04-19 09:14:59
1650359708509946000,105.0,1,104.5,68,105.0,14,1,2022-04-19 09:15:08
1650359709532208000,105.0,1,104.5,67,105.0,13,1,2022-04-19 09:15:09
1650359712897704000,105.0,1,104.5,62,105.0,13,1,2022-04-19 09:15:12
1650359717965254000,105.0,5,104.5,64,105.0,8,1,2022-04-19 09:15:17
1650359719356134000,105.0,1,104.5,64,105.0,9,1,2022-04-19 09:15:19
1650359720190854000,105.0,1,104.5,64,105.0,9,1,2022-04-19 09:15:20
1650359722739747000,105.0,1,104.5,65,105.0,8,1,2022-04-19 09:15:22
1650359728600433000,105.0,1,104.5,65,105.0,7,1,2022-04-19 09:15:28
1650359728854760000,104.5,5,104.5,60,105.0,7,2,2022-04-19 09:15:28
1650359728888788000,105.0,1,104.5,60,105.0,6,1,2022-04-19 09:15:28
1650359730737367000,105.0,1,104.5,60,105.0,5,1,2022-04-19 09:15:30
1650359731227985000,105.0,2,104.5,60,105.0,3,1,2022-04-19 09:15:31
1650359732702934000,105.0,1,104.5,60,105.0,2,1,2022-04-19 09:15:32
1650359733288409000,105.0,2,104.5,60,105.5,79,1,2022-04-19 09:15:33
1650359733943921000,105.0,1,104.5,62,105.5,79,1,2022-04-19 09:15:33
1650359736286751000,105.0,3,105.0,2,105.5,79,1,2022-04-19 09:15:36
1650359740712324000,105.0,1,105.0,8,105.5,78,2,2022-04-19 09:15:40
1650359748738461000,105.0,1,105.0,16,105.5,78,2,2022-04-19 09:15:48
1650359749939758000,105.0,1,105.0,16,105.5,78,2,2022-04-19 09:15:49
1650359750410653000,105.5,1,105.0,15,105.5,77,1,2022-04-19 09:15:50
1650359752771787000,105.0,1,105.0,15,105.5,79,2,2022-04-19 09:15:52
1650359755787238000,105.0,1,105.0,14,105.5,79,2,2022-04-19 09:15:55
1650359758016480000,105.0,1,105.0,13,105.5,79,2,2022-04-19 09:15:58
1650359760146094000,105.0,1,105.0,10,105.5,79,2,2022-04-19 09:16:00
1650359760153137000,105.0,1,105.0,9,105.5,79,2,2022-04-19 09:16:00
1650359766345098000,105.0,1,105.0,13,105.5,78,2,2022-04-19 09:16:06
1650359771846314000,105.5,1,105.0,18,105.5,81,1,2022-04-19 09:16:11
1650359773340374000,105.5,1,105.0,18,105.5,80,1,2022-04-19 09:16:13
1650359776909772000,105.5,2,105.0,18,105.5,79,1,2022-04-19 09:16:16
1650359783242886000,105.0,1,105.0,18,105.5,82,2,2022-04-19 09:16:23
1650359787096540000,105.5,1,105.0,22,105.5,85,1,2022-04-19 09:16:27
1650359790465975000,105.5,1,105.0,22,105.5,84,1,2022-04-19 09:16:30
1650359793294086000,105.5,1,105.0,22,105.5,83,1,2022-04-19 09:16:33
1650359795765884000,105.5,1,105.0,21,105.5,83,1,2022-04-19 09:16:35
1650359797574078000,105.5,1,105.0,21,105.5,82,1,2022-04-19 09:16:37
1650359798859096000,105.5,10,105.0,21,105.5,70,1,2022-04-19 09:16:38
1650359800436155000,105.5,4,105.0,74,105.5,66,1,2022-04-19 09:16:40
1650359800463601000,105.5,7,105.0,74,105.5,59,1,2022-04-19 09:16:40
1650359801780225000,105.5,2,105.0,77,105.5,57,1,2022-04-19 09:16:41
1650359801809717000,105.5,5,105.0,77,105.5,52,1,2022-04-19 09:16:41
1650359802248534000,105.5,2,105.0,77,105.5,50,1,2022-04-19 09:16:42
1650359802276005000,105.5,2,105.0,77,105.5,48,1,2022-04-19 09:16:42
1650359802420633000,105.5,3,105.0,77,105.5,45,1,2022-04-19 09:16:42
1650359802452095000,105.5,2,105.0,77,105.5,43,1,2022-04-19 09:16:42
1650359803043997000,105.0,1,105.0,76,105.5,43,2,2022-04-19 09:16:43
1650359803162012000,105.5,3,105.0,76,105.5,40,1,2022-04-19 09:16:43
1650359803463860000,105.5,3,105.0,76,105.5,37,1,2022-04-19 09:16:43
1650359803815968000,105.5,37,105.0,76,106.0,256,1,2022-04-19 09:16:43
1650359803815968000,106.0,31,105.0,76,106.0,256,1,2022-04-19 09:16:43
1650359803898741000,106.0,5,105.0,76,106.0,251,1,2022-04-19 09:16:43
1650359803899486000,106.0,5,105.0,76,106.0,246,1,2022-04-19 09:16:43
1650359803939627000,106.0,1,105.0,76,106.0,245,1,2022-04-19 09:16:43
1650359804050672000,106.0,1,105.0,76,106.0,244,1,2022-04-19 09:16:44
1650359804264142000,105.0,1,105.0,75,106.0,244,2,2022-04-19 09:16:44
1650359804561962000,106.0,3,105.0,75,106.0,240,1,2022-04-19 09:16:44
1650359804816322000,106.0,2,105.5,8,106.0,237,1,2022-04-19 09:16:44
1650359805736681000,105.5,1,105.5,27,106.0,236,2,2022-04-19 09:16:45
1650359806679735000,106.0,1,105.5,28,106.0,236,1,2022-04-19 09:16:46
1650359807298080000,106.0,1,105.5,29,106.0,235,1,2022-04-19 09:16:47
1650359807329704000,105.5,8,105.5,21,106.0,235,2,2022-04-19 09:16:47
1650359810520907000,106.0,1,105.5,22,106.0,234,1,2022-04-19 09:16:50
1650359812850729000,106.0,1,105.5,19,106.0,234,1,2022-04-19 09:16:52
1650359813161610000,105.5,2,105.5,17,106.0,234,2,2022-04-19 09:16:53
1650359814138051000,106.0,1,105.5,14,106.0,238,1,2022-04-19 09:16:54
1650359815604319000,105.5,1,105.5,13,106.0,255,2,2022-04-19 09:16:55
1650359820144625000,105.5,1,105.5,13,106.0,250,2,2022-04-19 09:17:00
1650359820145549000,105.5,1,105.5,12,106.0,250,2,2022-04-19 09:17:00
1650359823716807000,106.0,1,105.5,14,106.0,251,1,2022-04-19 09:17:03
1650359823791055000,106.0,1,105.5,14,106.0,250,1,2022-04-19 09:17:03
1650359823793937000,106.0,1,105.5,14,106.0,249,1,2022-04-19 09:17:03
1650359823854898000,106.0,45,105.5,14,106.0,204,1,2022-04-19 09:17:03
1650359824909485000,106.0,1,105.5,25,106.0,204,1,2022-04-19 09:17:04
1650359825391939000,105.5,2,105.5,23,106.0,204,2,2022-04-19 09:17:05
1650359825509016000,106.0,2,105.5,23,106.0,202,1,2022-04-19 09:17:05
1650359825832658000,105.5,1,105.5,23,106.0,202,2,2022-04-19 09:17:05
1650359826512471000,106.0,1,105.5,23,106.0,201,1,2022-04-19 09:17:06
1650359826588260000,106.0,1,105.5,23,106.0,200,1,2022-04-19 09:17:06
1650359827386885000,106.0,1,105.5,24,106.0,199,1,2022-04-19 09:17:07
1650359828101108000,106.0,20,105.5,27,106.0,179,1,2022-04-19 09:17:08
1650359828708553000,106.0,7,105.5,27,106.0,172,1,2022-04-19 09:17:08
1650359828851828000,106.0,1,105.5,37,106.0,171,1,2022-04-19 09:17:08
1650359829094285000,106.0,1,105.5,37,106.0,170,1,2022-04-19 09:17:09
1650359829228640000,106.0,3,105.5,37,106.0,167,1,2022-04-19 09:17:09
1650359829810561000,105.5,1,105.5,36,106.0,167,2,2022-04-19 09:17:09
1650359830287114000,106.0,10,105.5,36,106.0,157,1,2022-04-19 09:17:10
1650359830649827000,106.0,1,105.5,36,106.0,156,1,2022-04-19 09:17:10
1650359831475248000,106.0,5,105.5,35,106.0,152,1,2022-04-19 09:17:11
1650359831658978000,106.0,20,105.5,35,106.0,132,1,2022-04-19 09:17:11
1650359832084520000,106.0,1,105.5,35,106.0,131,1,2022-04-19 09:17:12
1650359832448037000,106.0,1,105.5,35,106.0,130,1,2022-04-19 09:17:12
1650359832448209000,106.0,1,105.5,35,106.0,129,1,2022-04-19 09:17:12
1650359832710686000,106.0,1,105.5,35,106.0,128,1,2022-04-19 09:17:12
1650359832843752000,106.0,2,105.5,36,106.0,126,1,2022-04-19 09:17:12
1650359833377630000,106.0,2,105.5,35,106.0,124,1,2022-04-19 09:17:13
1650359834012217000,106.0,1,105.5,35,106.0,127,1,2022-04-19 09:17:14
1650359834095657000,106.0,10,105.5,35,106.0,117,1,2022-04-19 09:17:14
1650359834729910000,106.0,1,105.5,36,106.0,116,1,2022-04-19 09:17:14
1650359834855953000,106.0,3,105.5,36,106.0,113,1,2022-04-19 09:17:14
1650359834960754000,106.0,1,105.5,36,106.0,112,1,2022-04-19 09:17:14
1650359835795972000,106.0,1,105.5,43,106.0,111,1,2022-04-19 09:17:15
1650359836041317000,106.0,1,105.5,43,106.0,110,1,2022-04-19 09:17:16
1650359836363799000,106.0,1,105.5,43,106.0,111,1,2022-04-19 09:17:16
1650359836389767000,106.0,2,105.5,43,106.0,109,1,2022-04-19 09:17:16
1650359836726823000,106.0,10,105.5,43,106.0,99,1,2022-04-19 09:17:16
1650359837317488000,106.0,20,105.5,44,106.0,79,1,2022-04-19 09:17:17
1650359837351666000,106.0,1,105.5,44,106.0,78,1,2022-04-19 09:17:17
1650359838144504000,106.0,1,105.5,45,106.0,77,1,2022-04-19 09:17:18
1650359838173329000,106.0,1,105.5,45,106.0,76,1,2022-04-19 09:17:18
1650359838777336000,106.0,2,105.5,45,106.0,74,1,2022-04-19 09:17:18
1650359839265175000,106.0,1,105.5,45,106.0,72,1,2022-04-19 09:17:19
1650359839378832000,106.0,1,105.5,45,106.0,71,1,2022-04-19 09:17:19
1650359840086386000,106.0,2,105.5,45,106.0,69,1,2022-04-19 09:17:20
1650359840420857000,106.0,2,105.5,46,106.0,67,1,2022-04-19 09:17:20
1650359840509701000,106.0,1,105.5,46,106.0,66,1,2022-04-19 09:17:20
1650359842603965000,106.0,1,105.5,43,106.0,65,1,2022-04-19 09:17:22
1650359842845975000,106.0,2,105.5,43,106.0,63,1,2022-04-19 09:17:22
1650359850321697000,106.0,5,105.5,40,106.0,61,1,2022-04-19 09:17:30
1650359851862686000,106.0,1,105.5,41,106.0,62,1,2022-04-19 09:17:31
1650359851869463000,106.0,2,105.5,41,106.0,60,1,2022-04-19 09:17:31
1650359852621945000,106.0,1,105.5,41,106.0,59,1,2022-04-19 09:17:32
1650359853871929000,105.5,2,105.5,40,106.0,57,2,2022-04-19 09:17:33
1650359854614993000,106.0,1,105.5,39,106.0,56,1,2022-04-19 09:17:34
1650359855340808000,106.0,5,105.5,39,106.0,51,1,2022-04-19 09:17:35
1650359856198875000,106.0,1,105.5,39,106.0,50,1,2022-04-19 09:17:36
1650359856492775000,106.0,1,105.5,39,106.0,49,1,2022-04-19 09:17:36
1650359858617238000,106.0,1,105.5,39,106.0,50,1,2022-04-19 09:17:38
1650359860338135000,106.0,1,105.5,40,106.0,51,1,2022-04-19 09:17:40
1650359863777300000,106.0,1,105.5,41,106.0,49,1,2022-04-19 09:17:43
1650359870645036000,106.0,1,105.5,33,106.0,51,1,2022-04-19 09:17:50
1650359875269823000,106.0,1,105.5,35,106.0,57,1,2022-04-19 09:17:55
1650359876312920000,105.5,20,105.5,16,106.0,57,2,2022-04-19 09:17:56
1650359876347768000,105.5,16,105.0,52,106.0,57,2,2022-04-19 09:17:56
1650359881022572000,105.5,2,105.0,47,105.5,8,1,2022-04-19 09:18:01
1650359886257935000,105.5,1,105.0,39,105.5,7,1,2022-04-19 09:18:06
1650359886768344000,105.5,5,105.0,41,105.5,2,1,2022-04-19 09:18:06
1650359886794916000,105.5,2,105.0,41,106.0,102,1,2022-04-19 09:18:06
1650359887684944000,105.5,1,105.0,41,105.5,2,1,2022-04-19 09:18:07
1650359892054696000,105.5,1,105.0,41,105.5,9,1,2022-04-19 09:18:12
1650359892819061000,105.5,1,105.0,41,105.5,8,1,2022-04-19 09:18:12
1650359893707308000,105.5,2,105.0,41,105.5,6,1,2022-04-19 09:18:13
1650359897197827000,105.5,1,105.0,42,105.5,6,1,2022-04-19 09:18:17
1650359899318890000,105.5,1,105.0,45,105.5,5,1,2022-04-19 09:18:19
1650359900608843000,105.5,5,105.0,43,106.0,77,1,2022-04-19 09:18:20
1650359904350640000,105.5,1,105.5,1,106.0,87,2,2022-04-19 09:18:24
1650359907571990000,105.5,1,105.5,2,106.0,88,2,2022-04-19 09:18:27
1650359911564007000,106.0,10,105.5,3,106.0,80,1,2022-04-19 09:18:31
1650359911646324000,106.0,1,105.5,3,106.0,81,1,2022-04-19 09:18:31
1650359911647503000,106.0,1,105.5,3,106.0,80,1,2022-04-19 09:18:31
1650359914878745000,105.5,1,105.5,4,106.0,82,2,2022-04-19 09:18:34
1650359916730465000,106.0,1,105.5,4,106.0,81,1,2022-04-19 09:18:36
1650359918083856000,106.0,1,105.5,4,106.0,80,1,2022-04-19 09:18:38
1650359935829429000,106.0,1,105.5,9,106.0,108,1,2022-04-19 09:18:55
1650359937812158000,106.0,1,105.5,8,106.0,108,1,2022-04-19 09:18:57
1650359941561007000,106.0,1,105.5,8,106.0,107,1,2022-04-19 09:19:01
1650359942817511000,105.5,1,105.5,7,106.0,107,2,2022-04-19 09:19:02
1650359945336240000,105.5,5,105.5,1,106.0,106,2,2022-04-19 09:19:05
1650359945366881000,105.5,1,105.0,63,106.0,106,2,2022-04-19 09:19:05
1650359954886842000,105.5,1,105.0,61,106.0,109,1,2022-04-19 09:19:14
1650359962476140000,105.5,1,105.0,57,105.5,1,1,2022-04-19 09:19:22
1650359964386301000,105.0,24,105.0,33,105.5,1,2,2022-04-19 09:19:24
1650359964410557000,105.0,3,105.0,30,105.5,1,2,2022-04-19 09:19:24
1650359966160083000,105.5,1,105.0,27,105.5,15,1,2022-04-19 09:19:26
1650359978120572000,105.0,1,105.0,28,105.5,15,2,2022-04-19 09:19:38
1650359980180601000,105.0,1,105.0,27,105.5,15,2,2022-04-19 09:19:40
1650359980382587000,105.0,1,105.0,26,105.5,15,2,2022-04-19 09:19:40
1650359981383295000,105.5,1,105.0,29,105.5,14,1,2022-04-19 09:19:41
1650359991740373000,105.0,1,105.0,28,105.5,13,2,2022-04-19 09:19:51
1650359992586053000,105.5,1,105.0,28,105.5,12,1,2022-04-19 09:19:52
1650360003702029000,105.0,1,105.0,28,105.5,14,2,2022-04-19 09:20:03
1650360006236282000,105.5,2,105.0,28,105.5,12,1,2022-04-19 09:20:06
1650360006429074000,105.0,1,105.0,27,105.5,12,2,2022-04-19 09:20:06
1650360009109032000,105.0,1,105.0,26,105.5,12,2,2022-04-19 09:20:09
1650360010933373000,105.5,1,105.0,28,105.5,11,1,2022-04-19 09:20:10
1650360013682199000,105.0,1,105.0,28,105.5,11,2,2022-04-19 09:20:13
1650360015586509000,105.0,2,105.0,26,105.5,24,2,2022-04-19 09:20:15
1650360015812362000,105.0,2,105.0,24,105.5,24,2,2022-04-19 09:20:15
1650360016088730000,105.0,2,105.0,22,105.5,24,2,2022-04-19 09:20:16
1650360020198774000,105.0,2,105.0,21,105.5,26,2,2022-04-19 09:20:20
1650360028345491000,105.0,1,105.0,30,105.5,29,2,2022-04-19 09:20:28
1650360032305381000,105.0,1,105.0,29,105.5,31,2,2022-04-19 09:20:32
1650360033264463000,105.5,1,105.0,29,105.5,30,1,2022-04-19 09:20:33
1650360049872791000,105.5,1,105.0,32,105.5,30,1,2022-04-19 09:20:49
1650360050379625000,105.0,2,105.0,30,105.5,30,2,2022-04-19 09:20:50
1650360051081675000,105.5,1,105.0,31,105.5,29,1,2022-04-19 09:20:51
1650360055840288000,105.0,1,105.0,33,105.5,30,2,2022-04-19 09:20:55
1650360060101595000,105.0,1,105.0,33,105.5,31,2,2022-04-19 09:21:00
1650360060107201000,105.0,1,105.0,32,105.5,31,2,2022-04-19 09:21:00
1650360062209664000,105.0,4,105.0,34,105.5,28,2,2022-04-19 09:21:02
1650360067974746000,105.0,1,105.0,34,105.5,28,2,2022-04-19 09:21:07
1650360074510944000,105.0,1,105.0,34,105.5,30,2,2022-04-19 09:21:14
1650360078343792000,105.5,1,105.0,33,105.5,29,1,2022-04-19 09:21:18
1650360112016737000,105.5,1,105.0,32,105.5,48,1,2022-04-19 09:21:52
1650360113863622000,105.5,3,105.0,32,105.5,45,1,2022-04-19 09:21:53
1650360119650526000,105.5,2,105.0,35,105.5,43,1,2022-04-19 09:21:59
1650360124612067000,105.5,1,105.0,35,105.5,43,1,2022-04-19 09:22:04
1650360126791637000,105.5,1,105.0,38,105.5,42,1,2022-04-19 09:22:06
1650360135286149000,105.5,1,105.0,37,105.5,41,1,2022-04-19 09:22:15
1650360139119478000,105.0,1,105.0,36,105.5,41,2,2022-04-19 09:22:19
1650360140774196000,105.5,3,105.0,38,105.5,38,1,2022-04-19 09:22:20
1650360145056625000,105.5,1,105.0,48,105.5,37,1,2022-04-19 09:22:25
1650360149897660000,105.5,1,105.0,51,105.5,36,1,2022-04-19 09:22:29
1650360161530363000,105.5,1,105.0,53,105.5,36,1,2022-04-19 09:22:41
1650360164125788000,105.5,1,105.0,53,105.5,35,1,2022-04-19 09:22:44
1650360189085340000,105.5,1,105.0,61,105.5,45,1,2022-04-19 09:23:09
1650360195534117000,105.5,1,105.0,59,105.5,43,1,2022-04-19 09:23:15
1650360202878740000,105.0,1,105.0,59,105.5,45,2,2022-04-19 09:23:22
1650360210416369000,105.5,1,105.0,60,105.5,44,1,2022-04-19 09:23:30
1650360210752676000,105.5,1,105.0,60,105.5,43,1,2022-04-19 09:23:30
