ts,close,volume,bid_price,bid_volume,ask_price,ask_volume,tick_type,datetime
1641373211982555000,40.2,685,40.15,1,40.2,7,1,2022-01-05 09:00:11
1641373212032710000,40.2,1,40.15,1,40.2,11,1,2022-01-05 09:00:12
1641373212120470000,40.2,3,40.15,1,40.2,8,1,2022-01-05 09:00:12
1641373212132676000,40.2,1,40.15,1,40.2,7,1,2022-01-05 09:00:12
1641373213026712000,40.2,3,40.15,1,40.2,4,1,2022-01-05 09:00:13
1641373213749588000,40.2,1,40.15,1,40.2,3,1,2022-01-05 09:00:13
1641373213789429000,40.2,3,40.15,1,40.25,9,1,2022-01-05 09:00:13
1641373214334244000,40.25,1,40.15,1,40.25,8,1,2022-01-05 09:00:14
1641373215351896000,40.15,1,40.1,5,40.25,8,2,2022-01-05 09:00:15
1641373215351896000,40.1,4,40.1,5,40.25,8,2,2022-01-05 09:00:15
1641373215591574000,40.25,2,40.1,5,40.25,6,1,2022-01-05 09:00:15
1641373216250309000,40.25,5,40.1,5,40.25,1,1,2022-01-05 09:00:16
1641373216337367000,40.25,1,40.15,4,40.3,6,1,2022-01-05 09:00:16
1641373216379573000,40.3,1,40.15,4,40.3,5,1,2022-01-05 09:00:16
1641373216416136000,40.3,5,40.15,4,40.35,2,1,2022-01-05 09:00:16
1641373216608519000,40.35,1,40.15,4,40.35,1,1,2022-01-05 09:00:16
1641373217338156000,40.25,2,40.2,7,40.3,10,2,2022-01-05 09:00:17
1641373217782119000,40.3,1,40.2,7,40.3,9,1,2022-01-05 09:00:17
1641373217803090000,40.3,1,40.2,7,40.3,8,1,2022-01-05 09:00:17
1641373218007584000,40.3,8,40.25,1,40.35,1,1,2022-01-05 09:00:18
1641373218923921000,40.35,1,40.25,2,40.4,38,1,2022-01-05 09:00:18
1641373219036713000,40.25,2,40.1,4,40.4,38,2,2022-01-05 09:00:19
1641373219036713000,40.2,12,40.1,4,40.4,38,2,2022-01-05 09:00:19
1641373219036713000,40.15,4,40.1,4,40.4,38,2,2022-01-05 09:00:19
1641373219036713000,40.1,2,40.1,4,40.4,38,2,2022-01-05 09:00:19
1641373219088970000,40.35,2,40.15,1,40.4,38,1,2022-01-05 09:00:19
1641373219364794000,40.4,1,40.2,1,40.4,41,1,2022-01-05 09:00:19
1641373219528530000,40.25,1,40.2,1,40.4,41,2,2022-01-05 09:00:19
1641373219635931000,40.4,2,40.2,3,40.4,39,1,2022-01-05 09:00:19
1641373219765753000,40.4,21,40.2,5,40.4,18,1,2022-01-05 09:00:19
1641373219799853000,40.4,18,40.25,1,40.45,20,1,2022-01-05 09:00:19
1641373219943872000,40.3,1,40.25,1,40.45,20,2,2022-01-05 09:00:19
1641373219970655000,40.25,1,40.2,5,40.45,20,2,2022-01-05 09:00:19
1641373220195447000,40.25,2,40.25,2,40.45,20,2,2022-01-05 09:00:20
1641373220328625000,40.25,1,40.25,1,40.45,20,2,2022-01-05 09:00:20
1641373220636825000,40.45,1,40.25,7,40.45,19,1,2022-01-05 09:00:20
1641373220690220000,40.45,5,40.25,7,40.45,14,1,2022-01-05 09:00:20
1641373220860523000,40.45,13,40.3,2,40.45,1,1,2022-01-05 09:00:20
1641373220889486000,40.45,1,40.3,2,40.5,18,1,2022-01-05 09:00:20
1641373220922839000,40.5,18,40.3,9,40.6,1,1,2022-01-05 09:00:20
1641373221155040000,40.6,1,40.5,1,40.7,10,1,2022-01-05 09:00:21
1641373221368514000,40.5,1,40.35,12,40.7,10,2,2022-01-05 09:00:21
1641373221470354000,40.35,8,40.35,4,40.7,10,2,2022-01-05 09:00:21
1641373221570175000,40.65,3,40.35,4,40.65,4,1,2022-01-05 09:00:21
1641373221646365000,40.35,1,40.35,3,40.65,4,2,2022-01-05 09:00:21
1641373222441326000,40.45,2,40.4,3,40.65,5,2,2022-01-05 09:00:22
1641373222441326000,40.4,3,40.4,3,40.65,5,2,2022-01-05 09:00:22
1641373222478066000,40.65,5,40.4,3,40.7,10,1,2022-01-05 09:00:22
1641373222505883000,40.7,1,40.4,3,40.7,9,1,2022-01-05 09:00:22
1641373222510147000,40.7,5,40.4,3,40.7,4,1,2022-01-05 09:00:22
1641373222710761000,40.7,1,40.4,3,40.7,3,1,2022-01-05 09:00:22
1641373222785480000,40.7,2,40.4,3,40.7,2,1,2022-01-05 09:00:22
1641373223079234000,40.7,1,40.45,7,40.7,1,1,2022-01-05 09:00:23
1641373223102892000,40.7,1,40.45,7,40.75,1,1,2022-01-05 09:00:23
1641373223185083000,40.75,1,40.45,7,40.85,2,1,2022-01-05 09:00:23
1641373223518640000,40.85,1,40.5,3,40.85,1,1,2022-01-05 09:00:23
1641373223569854000,40.85,1,40.5,3,40.9,9,1,2022-01-05 09:00:23
1641373223586053000,40.8,1,40.5,3,40.9,9,2,2022-01-05 09:00:23
1641373223862604000,40.9,2,40.5,3,40.9,7,1,2022-01-05 09:00:23
1641373223972979000,40.9,1,40.5,3,40.9,6,1,2022-01-05 09:00:23
1641373224096415000,40.9,3,40.5,3,40.9,3,1,2022-01-05 09:00:24
1641373224131332000,40.9,1,40.5,3,40.9,2,1,2022-01-05 09:00:24
1641373224605162000,40.9,4,40.5,2,40.9,2,1,2022-01-05 09:00:24
1641373224752306000,40.9,1,40.55,2,40.9,1,1,2022-01-05 09:00:24
1641373224772882000,40.85,1,40.55,2,40.85,1,1,2022-01-05 09:00:24
1641373225020632000,40.85,1,40.9,1,40.95,4,1,2022-01-05 09:00:25
1641373225050407000,40.9,1,40.55,2,40.95,4,2,2022-01-05 09:00:25
1641373225302850000,40.95,4,40.6,1,41.2,10,1,2022-01-05 09:00:25
1641373225302850000,41.0,9,40.6,1,41.2,10,1,2022-01-05 09:00:25
1641373225302850000,41.05,1,40.6,1,41.2,10,1,2022-01-05 09:00:25
1641373225302850000,41.2,36,40.6,1,41.2,10,1,2022-01-05 09:00:25
1641373225323982000,41.2,1,40.6,1,41.2,9,1,2022-01-05 09:00:25
1641373225486928000,40.7,1,40.65,2,41.2,10,2,2022-01-05 09:00:25
1641373226243355000,41.0,1,40.9,2,41.2,8,1,2022-01-05 09:00:26
1641373226243355000,41.2,1,40.9,2,41.2,8,1,2022-01-05 09:00:26
1641373226379559000,41.2,2,40.9,2,41.2,6,1,2022-01-05 09:00:26
1641373226688616000,41.2,1,40.9,2,41.2,5,1,2022-01-05 09:00:26
1641373227008420000,41.15,3,40.9,3,41.2,5,1,2022-01-05 09:00:27
1641373227113742000,40.9,1,40.9,2,41.2,5,2,2022-01-05 09:00:27
1641373227392782000,41.15,1,40.9,2,41.15,2,1,2022-01-05 09:00:27
1641373227608093000,41.15,2,40.9,2,41.25,39,1,2022-01-05 09:00:27
1641373227608093000,41.2,5,40.9,2,41.25,39,1,2022-01-05 09:00:27
1641373227608093000,41.25,3,40.9,2,41.25,39,1,2022-01-05 09:00:27
1641373227863892000,41.25,1,40.95,1,41.25,38,1,2022-01-05 09:00:27
1641373228359647000,41.05,2,40.95,1,41.0,1,2,2022-01-05 09:00:28
1641373228388656000,41.0,1,40.95,1,41.25,38,1,2022-01-05 09:00:28
1641373228427820000,41.25,2,40.95,1,41.25,36,1,2022-01-05 09:00:28
1641373228441866000,40.95,1,40.9,2,41.25,36,2,2022-01-05 09:00:28
1641373228581640000,41.15,1,40.9,2,41.15,1,1,2022-01-05 09:00:28
1641373228745540000,41.15,1,40.9,2,41.2,1,1,2022-01-05 09:00:28
1641373229366437000,41.2,1,40.95,7,41.25,36,1,2022-01-05 09:00:29
1641373229413848000,41.25,1,40.95,10,41.25,35,1,2022-01-05 09:00:29
1641373229420202000,41.25,10,40.95,10,41.25,25,1,2022-01-05 09:00:29
1641373229426653000,41.25,1,41.2,1,41.25,24,1,2022-01-05 09:00:29
1641373229459064000,41.25,1,41.2,1,41.25,23,1,2022-01-05 09:00:29
1641373229750785000,41.2,6,41.05,7,41.25,23,2,2022-01-05 09:00:29
1641373229965451000,41.2,1,41.05,2,41.25,23,1,2022-01-05 09:00:29
1641373230317018000,41.05,1,41.05,1,41.25,25,2,2022-01-05 09:00:30
1641373230646926000,41.25,2,41.15,1,41.25,23,1,2022-01-05 09:00:30
1641373230732472000,41.25,10,41.15,1,41.25,13,1,2022-01-05 09:00:30
1641373230823575000,41.2,1,41.15,1,41.25,4,1,2022-01-05 09:00:30
1641373230823575000,41.25,9,41.15,1,41.25,4,1,2022-01-05 09:00:30
1641373230823929000,41.15,1,41.05,1,41.25,4,2,2022-01-05 09:00:30
1641373231026362000,41.25,3,41.1,1,41.25,1,1,2022-01-05 09:00:31
1641373231151259000,41.1,1,41.05,1,41.25,1,2,2022-01-05 09:00:31
1641373231321436000,41.25,1,41.2,2,41.3,3,1,2022-01-05 09:00:31
1641373231427663000,41.2,2,41.05,1,41.3,3,2,2022-01-05 09:00:31
1641373231818045000,41.15,1,41.15,1,41.3,4,2,2022-01-05 09:00:31
1641373231908958000,41.3,1,41.15,1,41.3,3,1,2022-01-05 09:00:31
1641373232088633000,41.25,1,41.15,1,41.3,3,2,2022-01-05 09:00:32
1641373232195738000,41.15,1,41.05,1,41.3,3,2,2022-01-05 09:00:32
1641373232236393000,41.3,1,41.05,1,41.3,2,1,2022-01-05 09:00:32
1641373232361760000,41.1,1,41.0,6,41.25,1,2,2022-01-05 09:00:32
1641373232361760000,41.05,1,41.0,6,41.25,1,2,2022-01-05 09:00:32
1641373232361760000,41.0,3,41.0,6,41.25,1,2,2022-01-05 09:00:32
1641373232442677000,41.2,1,40.95,10,41.45,2,1,2022-01-05 09:00:32
1641373232442677000,41.25,2,40.95,10,41.45,2,1,2022-01-05 09:00:32
1641373232442677000,41.3,2,40.95,10,41.45,2,1,2022-01-05 09:00:32
1641373232442677000,41.35,2,40.95,10,41.45,2,1,2022-01-05 09:00:32
1641373232442677000,41.4,3,40.95,10,41.45,2,1,2022-01-05 09:00:32
1641373232448798000,40.95,5,40.95,5,41.45,2,2,2022-01-05 09:00:32
1641373232513334000,41.25,1,41.15,1,41.4,1,2,2022-01-05 09:00:32
1641373232515360000,41.15,1,41.0,3,41.4,1,2,2022-01-05 09:00:32
1641373232572378000,41.25,1,41.25,11,41.35,1,2,2022-01-05 09:00:32
1641373232682110000,41.3,1,41.25,11,41.4,1,2,2022-01-05 09:00:32
1641373232970703000,41.4,1,41.25,11,41.45,2,1,2022-01-05 09:00:32
1641373233401443000,41.25,1,41.25,12,41.45,2,2,2022-01-05 09:00:33
1641373233495937000,41.45,1,41.3,4,41.45,1,1,2022-01-05 09:00:33
1641373233507288000,41.45,1,41.3,4,41.5,16,1,2022-01-05 09:00:33
1641373233993899000,41.3,2,41.3,12,41.5,16,2,2022-01-05 09:00:33
1641373234125306000,41.45,2,41.3,5,41.45,10,1,2022-01-05 09:00:34
1641373234325615000,41.45,1,41.3,5,41.45,9,1,2022-01-05 09:00:34
1641373234383766000,41.4,5,41.4,1,41.45,9,2,2022-01-05 09:00:34
1641373234391333000,41.4,1,41.3,5,41.45,9,2,2022-01-05 09:00:34
1641373234588354000,41.45,2,41.3,5,41.45,7,1,2022-01-05 09:00:34
1641373234700596000,41.45,3,41.4,10,41.45,4,1,2022-01-05 09:00:34
1641373234832876000,41.4,9,41.4,1,41.45,4,2,2022-01-05 09:00:34
1641373234940573000,41.4,1,41.3,3,41.45,4,2,2022-01-05 09:00:34
1641373235008600000,41.3,1,41.3,2,41.45,4,2,2022-01-05 09:00:35
1641373235128084000,41.45,1,41.3,3,41.45,4,1,2022-01-05 09:00:35
1641373235296482000,41.45,2,41.3,4,41.45,2,1,2022-01-05 09:00:35
1641373235411369000,41.45,1,41.3,4,41.45,1,1,2022-01-05 09:00:35
1641373235413222000,41.3,1,41.3,3,41.45,1,2,2022-01-05 09:00:35
1641373235540699000,41.45,1,41.35,2,41.5,22,1,2022-01-05 09:00:35
1641373235559092000,41.5,2,41.35,2,41.5,20,1,2022-01-05 09:00:35
1641373235707357000,41.4,1,41.35,2,41.4,2,1,2022-01-05 09:00:35
1641373236101053000,41.4,1,41.3,4,41.4,1,1,2022-01-05 09:00:36
1641373236356803000,41.3,5,41.25,27,41.4,1,2,2022-01-05 09:00:36
1641373236356803000,41.25,5,41.25,27,41.4,1,2,2022-01-05 09:00:36
1641373236430850000,41.4,1,41.3,2,41.5,13,1,2022-01-05 09:00:36
1641373236430850000,41.45,2,41.3,2,41.5,13,1,2022-01-05 09:00:36
1641373236430850000,41.5,7,41.3,2,41.5,13,1,2022-01-05 09:00:36
1641373236532812000,41.5,1,41.3,9,41.5,12,1,2022-01-05 09:00:36
1641373236704964000,41.5,1,41.3,9,41.5,11,1,2022-01-05 09:00:36
1641373236783327000,41.5,1,41.4,1,41.5,10,1,2022-01-05 09:00:36
1641373237074337000,41.5,2,41.4,2,41.5,8,1,2022-01-05 09:00:37
1641373237148709000,41.5,1,41.4,2,41.5,7,1,2022-01-05 09:00:37
1641373237454054000,41.45,11,41.4,4,41.5,7,2,2022-01-05 09:00:37
1641373237456034000,41.4,1,41.4,3,41.5,7,2,2022-01-05 09:00:37
1641373237644308000,41.5,7,41.45,2,41.65,3,1,2022-01-05 09:00:37
1641373237644308000,41.55,2,41.45,2,41.65,3,1,2022-01-05 09:00:37
1641373237644308000,41.6,1,41.45,2,41.65,3,1,2022-01-05 09:00:37
1641373238729384000,41.6,0,0.0,0,0.0,0,1,2022-01-05 09:00:38
1641373359344803000,41.5,825,41.45,36,41.5,113,2,2022-01-05 09:02:39
1641373359378422000,41.45,20,41.45,16,41.5,113,2,2022-01-05 09:02:39
1641373359378465000,41.45,16,41.4,27,41.5,113,2,2022-01-05 09:02:39
1641373359484435000,41.4,7,41.4,20,41.45,1,2,2022-01-05 09:02:39
1641373359484496000,41.4,7,41.4,13,41.45,1,2,2022-01-05 09:02:39
1641373359513418000,41.4,13,41.35,4,41.45,1,2,2022-01-05 09:02:39
1641373359598464000,41.35,4,41.3,30,41.45,1,2,2022-01-05 09:02:39
1641373359598464000,41.3,8,41.3,30,41.45,1,2,2022-01-05 09:02:39
1641373359623911000,41.3,30,41.25,17,41.45,1,2,2022-01-05 09:02:39
1641373359657326000,41.25,17,41.2,18,41.45,6,2,2022-01-05 09:02:39
1641373360192542000,41.2,5,41.2,13,41.45,10,2,2022-01-05 09:02:40
1641373360229258000,41.2,13,41.15,6,41.4,7,2,2022-01-05 09:02:40
1641373360440561000,41.15,4,41.15,7,41.4,9,2,2022-01-05 09:02:40
1641373360476475000,41.15,7,41.1,3,41.4,9,2,2022-01-05 09:02:40
1641373360714916000,41.4,1,41.1,3,41.4,13,1,2022-01-05 09:02:40
1641373360811081000,41.3,2,41.3,8,41.4,13,2,2022-01-05 09:02:40
1641373360812695000,41.3,7,41.3,1,41.4,7,2,2022-01-05 09:02:40
1641373360854251000,41.3,1,41.15,1,41.4,7,2,2022-01-05 09:02:40
1641373360900272000,41.4,2,41.15,1,41.4,11,1,2022-01-05 09:02:40
1641373360913332000,41.15,1,41.1,3,41.4,11,2,2022-01-05 09:02:40
1641373360940898000,41.1,3,41.0,39,41.4,11,2,2022-01-05 09:02:40
1641373361066388000,41.15,1,41.0,39,41.35,1,2,2022-01-05 09:02:41
1641373361286910000,41.35,1,41.0,39,41.35,11,1,2022-01-05 09:02:41
1641373361297273000,41.35,1,41.0,39,41.35,10,1,2022-01-05 09:02:41
1641373361406638000,41.3,1,41.05,2,41.35,12,1,2022-01-05 09:02:41
1641373361609309000,41.05,2,41.0,39,41.3,6,2,2022-01-05 09:02:41
1641373362424742000,41.25,5,41.2,1,41.25,4,1,2022-01-05 09:02:42
1641373362652349000,41.2,1,41.0,39,41.25,4,2,2022-01-05 09:02:42
1641373362831823000,41.15,2,41.15,8,41.2,1,2,2022-01-05 09:02:42
1641373362860693000,41.25,2,41.15,8,41.25,7,1,2022-01-05 09:02:42
1641373362882641000,41.25,2,41.15,8,41.25,5,1,2022-01-05 09:02:42
1641373362949959000,41.15,2,41.15,6,41.25,5,2,2022-01-05 09:02:42
1641373363517575000,41.15,1,41.15,5,41.2,2,2,2022-01-05 09:02:43
1641373363595573000,41.2,1,41.15,5,41.2,1,1,2022-01-05 09:02:43
1641373363662541000,41.15,1,41.15,4,41.2,1,2,2022-01-05 09:02:43
1641373364553564000,41.15,4,41.0,39,41.15,5,2,2022-01-05 09:02:44
1641373365346633000,41.0,3,41.0,36,41.15,5,2,2022-01-05 09:02:45
1641373365995126000,41.15,2,41.05,5,41.15,4,1,2022-01-05 09:02:45
1641373366053795000,41.15,4,41.05,5,41.3,6,1,2022-01-05 09:02:46
1641373366053795000,41.2,3,41.05,5,41.3,6,1,2022-01-05 09:02:46
1641373366053795000,41.3,3,41.05,5,41.3,6,1,2022-01-05 09:02:46
1641373366126947000,41.1,1,41.05,10,41.25,1,2,2022-01-05 09:02:46
1641373366604902000,41.05,1,41.05,13,41.15,2,2,2022-01-05 09:02:46
1641373366807185000,41.05,1,41.05,12,41.15,2,2,2022-01-05 09:02:46
1641373367227417000,41.15,1,41.05,13,41.15,3,1,2022-01-05 09:02:47
1641373367641833000,41.1,1,41.05,7,41.15,3,2,2022-01-05 09:02:47
1641373367641833000,41.05,1,41.05,7,41.15,3,2,2022-01-05 09:02:47
1641373367928048000,41.05,7,41.0,33,41.15,3,2,2022-01-05 09:02:47
1641373367928048000,41.0,4,41.0,33,41.15,3,2,2022-01-05 09:02:47
1641373368143097000,41.1,1,41.05,5,41.15,3,1,2022-01-05 09:02:48
1641373368477754000,41.05,5,41.0,28,41.15,3,2,2022-01-05 09:02:48
1641373368477754000,41.0,5,41.0,28,41.15,3,2,2022-01-05 09:02:48
1641373369060954000,41.1,1,41.05,4,41.15,2,1,2022-01-05 09:02:49
1641373369060954000,41.15,1,41.05,4,41.15,2,1,2022-01-05 09:02:49
1641373369891301000,41.05,2,41.05,12,41.1,2,2,2022-01-05 09:02:49
1641373370008363000,41.05,3,41.05,9,41.1,2,2,2022-01-05 09:02:50
1641373370296375000,41.1,1,41.05,19,41.1,26,1,2022-01-05 09:02:50
1641373370736340000,41.05,8,41.05,16,41.1,26,2,2022-01-05 09:02:50
1641373370882862000,41.05,16,41.0,28,41.1,36,2,2022-01-05 09:02:50
1641373370882862000,41.0,1,41.0,28,41.1,36,2,2022-01-05 09:02:50
1641373371062782000,41.05,1,41.1,13,41.15,2,1,2022-01-05 09:02:51
1641373371062782000,41.1,36,41.1,13,41.15,2,1,2022-01-05 09:02:51
1641373371163762000,41.1,1,41.1,12,41.15,2,2,2022-01-05 09:02:51
1641373371187162000,41.15,1,41.1,12,41.15,1,1,2022-01-05 09:02:51
1641373371318910000,41.1,1,41.1,11,41.15,1,2,2022-01-05 09:02:51
1641373371438364000,41.1,11,41.0,20,41.15,1,2,2022-01-05 09:02:51
1641373371438364000,41.0,9,41.0,20,41.15,1,2,2022-01-05 09:02:51
1641373371546972000,41.1,1,41.0,21,41.25,8,1,2022-01-05 09:02:51
1641373371546972000,41.15,1,41.0,21,41.25,8,1,2022-01-05 09:02:51
1641373371873710000,41.0,10,41.0,21,41.25,12,2,2022-01-05 09:02:51
1641373372183183000,41.05,2,41.05,3,41.1,1,2,2022-01-05 09:02:52
1641373372863689000,41.1,1,41.05,5,41.1,1,1,2022-01-05 09:02:52
1641373372993752000,41.1,1,41.05,5,41.15,1,1,2022-01-05 09:02:52
1641373372993752000,41.15,9,41.05,5,41.15,1,1,2022-01-05 09:02:52
1641373373581744000,41.05,5,41.0,26,41.1,1,2,2022-01-05 09:02:53
1641373373776784000,41.0,1,41.0,25,41.1,1,2,2022-01-05 09:02:53
1641373374066395000,41.05,1,41.05,9,41.1,1,2,2022-01-05 09:02:54
1641373374671258000,41.05,2,41.05,8,41.1,1,2,2022-01-05 09:02:54
1641373374702604000,41.05,1,41.05,7,41.1,1,2,2022-01-05 09:02:54
1641373375565405000,41.1,1,41.05,13,41.15,2,1,2022-01-05 09:02:55
1641373376012540000,41.1,1,41.0,60,41.05,6,2,2022-01-05 09:02:56
1641373376012540000,41.05,13,41.0,60,41.05,6,2,2022-01-05 09:02:56
1641373376036911000,41.05,6,41.0,60,41.15,2,1,2022-01-05 09:02:56
1641373376158603000,41.0,1,41.0,59,41.15,2,2,2022-01-05 09:02:56
1641373376167362000,41.15,2,41.0,59,41.2,1,1,2022-01-05 09:02:56
1641373376167362000,41.2,8,41.0,59,41.2,1,1,2022-01-05 09:02:56
1641373376296536000,41.0,5,41.0,54,41.2,1,2,2022-01-05 09:02:56
1641373376551946000,41.15,1,41.1,1,41.2,1,1,2022-01-05 09:02:56
1641373377020545000,41.15,1,41.1,1,41.2,1,2,2022-01-05 09:02:57
1641373377400121000,41.2,1,41.15,1,41.25,5,1,2022-01-05 09:02:57
1641373377417376000,41.15,1,41.1,1,41.25,5,2,2022-01-05 09:02:57
1641373377600932000,41.1,1,41.05,3,41.1,2,2,2022-01-05 09:02:57
1641373377639413000,41.1,2,41.05,8,41.25,1,1,2022-01-05 09:02:57
1641373378507694000,41.05,10,41.05,7,41.25,2,2,2022-01-05 09:02:58
1641373378704641000,41.15,1,41.05,9,41.25,2,2,2022-01-05 09:02:58
1641373378859206000,41.05,1,41.05,8,41.25,9,2,2022-01-05 09:02:58
1641373378990324000,41.15,1,41.05,8,41.25,9,1,2022-01-05 09:02:58
1641373379333652000,41.15,1,41.05,8,41.15,19,2,2022-01-05 09:02:59
1641373379648125000,41.15,17,41.05,13,41.15,2,1,2022-01-05 09:02:59
1641373379682408000,41.15,2,41.05,13,41.25,2,1,2022-01-05 09:02:59
1641373379773290000,41.25,1,41.05,13,41.25,1,1,2022-01-05 09:02:59
1641373379904431000,41.05,2,41.05,9,41.25,1,2,2022-01-05 09:02:59
1641373380345880000,41.05,2,41.05,7,41.25,8,2,2022-01-05 09:03:00
1641373380429482000,41.25,1,41.1,1,41.3,7,1,2022-01-05 09:03:00
1641373380429482000,41.3,4,41.1,1,41.3,7,1,2022-01-05 09:03:00
1641373380802068000,41.1,2,41.05,7,41.2,1,2,2022-01-05 09:03:00
1641373380836891000,41.2,1,41.05,7,41.25,7,1,2022-01-05 09:03:00
1641373380975215000,41.05,7,41.0,60,41.25,7,2,2022-01-05 09:03:00
1641373380975215000,41.0,2,41.0,60,41.25,7,2,2022-01-05 09:03:00
1641373381403831000,41.05,1,41.0,56,41.25,1,1,2022-01-05 09:03:01
1641373381403831000,41.1,4,41.0,56,41.25,1,1,2022-01-05 09:03:01
1641373381597670000,41.25,1,41.1,30,41.3,7,1,2022-01-05 09:03:01
1641373381890673000,41.3,5,41.1,30,41.3,2,1,2022-01-05 09:03:01
1641373382262334000,41.1,1,41.1,34,41.25,1,2,2022-01-05 09:03:02
1641373382303538000,41.1,1,41.1,33,41.25,1,2,2022-01-05 09:03:02
1641373382439278000,41.1,2,41.1,31,41.25,1,2,2022-01-05 09:03:02
1641373382796250000,41.1,6,41.1,26,41.25,1,2,2022-01-05 09:03:02
1641373382850445000,41.1,5,41.1,21,41.25,1,2,2022-01-05 09:03:02
1641373382882208000,41.1,21,41.05,10,41.25,1,2,2022-01-05 09:03:02
1641373383020199000,41.05,1,41.05,9,41.25,1,2,2022-01-05 09:03:03
1641373383731436000,41.05,1,41.05,8,41.25,2,2,2022-01-05 09:03:03
1641373383939802000,41.2,1,41.05,8,41.25,4,2,2022-01-05 09:03:03
1641373383940525000,41.25,4,41.05,8,41.35,1,1,2022-01-05 09:03:03
1641373385111989000,41.1,1,41.1,1,41.3,15,2,2022-01-05 09:03:05
1641373385187567000,41.1,3,41.05,59,41.1,2,2,2022-01-05 09:03:05
1641373385211070000,41.1,2,41.05,59,41.3,13,1,2022-01-05 09:03:05
1641373385235448000,41.05,59,41.0,66,41.3,13,2,2022-01-05 09:03:05
1641373385586473000,41.05,5,41.15,5,41.2,2,1,2022-01-05 09:03:05
1641373385617675000,41.15,5,41.05,1,41.2,2,2,2022-01-05 09:03:05
1641373385990884000,41.05,1,41.0,66,41.15,1,2,2022-01-05 09:03:05
1641373387075265000,41.1,1,41.0,68,41.1,3,1,2022-01-05 09:03:07
1641373387214891000,41.05,1,41.0,68,41.05,4,2,2022-01-05 09:03:07
1641373387346241000,41.0,1,41.0,67,41.05,4,2,2022-01-05 09:03:07
1641373387608681000,41.0,9,41.0,58,41.05,4,2,2022-01-05 09:03:07
1641373387676350000,41.05,3,41.0,55,41.05,1,1,2022-01-05 09:03:07
1641373387837855000,41.0,5,41.0,50,41.05,1,2,2022-01-05 09:03:07
1641373387900293000,41.0,10,41.0,40,41.05,1,2,2022-01-05 09:03:07
1641373387907914000,41.0,1,41.0,39,41.05,1,2,2022-01-05 09:03:07
1641373387931565000,41.0,18,41.0,21,41.05,1,2,2022-01-05 09:03:07
1641373387956666000,41.0,5,41.0,16,41.05,1,2,2022-01-05 09:03:07
1641373387965469000,41.0,1,41.0,15,41.05,1,2,2022-01-05 09:03:07
1641373387973536000,41.0,1,41.0,14,41.05,1,2,2022-01-05 09:03:07
1641373387993126000,41.0,1,41.0,13,41.05,1,2,2022-01-05 09:03:07
1641373388001790000,41.0,13,40.95,1,41.05,1,2,2022-01-05 09:03:08
1641373388013188000,41.05,1,40.95,1,41.1,7,1,2022-01-05 09:03:08
1641373388540300000,41.0,2,40.95,1,41.1,6,1,2022-01-05 09:03:08
1641373388540300000,41.1,3,40.95,1,41.1,6,1,2022-01-05 09:03:08
1641373388662377000,41.1,1,40.95,1,41.1,5,1,2022-01-05 09:03:08
1641373388768967000,41.05,2,41.0,2,41.05,2,1,2022-01-05 09:03:08
1641373388796053000,41.05,1,41.0,2,41.05,2,1,2022-01-05 09:03:08
1641373388948344000,41.0,2,40.9,11,41.05,2,2,2022-01-05 09:03:08
1641373388948344000,40.95,1,40.9,11,41.05,2,2,2022-01-05 09:03:08
1641373389425906000,41.0,1,41.0,1,41.05,3,1,2022-01-05 09:03:09
1641373389456819000,41.0,1,40.9,11,41.05,3,2,2022-01-05 09:03:09
1641373389607175000,40.9,1,40.9,10,41.05,3,2,2022-01-05 09:03:09
1641373389877533000,41.0,1,40.9,10,41.0,3,1,2022-01-05 09:03:09
1641373390135200000,41.0,1,40.9,10,41.0,2,1,2022-01-05 09:03:10
1641373390345615000,41.0,3,40.9,10,41.05,1,1,2022-01-05 09:03:10
1641373390345615000,41.05,2,40.9,10,41.05,1,1,2022-01-05 09:03:10
1641373390659282000,41.05,1,41.05,1,41.1,5,1,2022-01-05 09:03:10
1641373390684302000,41.05,1,40.9,10,41.1,7,2,2022-01-05 09:03:10
1641373391167679000,40.9,10,40.85,2,40.95,1,2,2022-01-05 09:03:11
1641373391588921000,40.9,1,40.85,2,40.9,1,1,2022-01-05 09:03:11
1641373391612911000,40.9,1,40.85,2,40.95,1,1,2022-01-05 09:03:11
1641373391790700000,40.95,1,40.85,2,41.0,1,1,2022-01-05 09:03:11
1641373392405419000,40.85,1,40.85,1,41.0,1,2,2022-01-05 09:03:12
1641373392437466000,40.85,1,40.8,4,41.0,1,2,2022-01-05 09:03:12
1641373392584584000,40.9,1,40.8,3,41.0,1,2,2022-01-05 09:03:12
1641373392617423000,40.8,3,40.75,2,41.0,1,2,2022-01-05 09:03:12
1641373392621666000,40.75,2,40.7,7,41.0,1,2,2022-01-05 09:03:12
1641373393054909000,40.95,1,40.75,1,41.0,2,1,2022-01-05 09:03:13
1641373393490129000,40.75,1,40.7,5,41.0,2,2,2022-01-05 09:03:13
1641373393490129000,40.7,5,40.7,5,41.0,2,2,2022-01-05 09:03:13
1641373394568765000,40.9,1,40.75,2,40.9,9,2,2022-01-05 09:03:14
1641373394592726000,40.9,1,40.75,2,40.9,8,1,2022-01-05 09:03:14
1641373395261623000,40.75,1,40.75,6,40.9,9,2,2022-01-05 09:03:15
1641373395380168000,40.9,1,40.75,6,40.9,8,1,2022-01-05 09:03:15
1641373395725810000,40.75,1,40.75,5,40.85,2,2,2022-01-05 09:03:15
1641373395909181000,40.75,1,40.75,4,40.85,2,2,2022-01-05 09:03:15
1641373396070054000,40.75,4,40.6,15,40.85,2,2,2022-01-05 09:03:16
1641373396070054000,40.7,4,40.6,15,40.85,2,2,2022-01-05 09:03:16
1641373396070054000,40.65,2,40.6,15,40.85,2,2,2022-01-05 09:03:16
1641373396231657000,40.6,1,40.6,14,40.8,2,2,2022-01-05 09:03:16
1641373396355626000,40.6,7,40.6,7,40.8,2,2,2022-01-05 09:03:16
1641373397034957000,40.7,1,40.6,7,40.75,2,2,2022-01-05 09:03:17
1641373397263046000,40.75,1,40.6,7,40.75,1,1,2022-01-05 09:03:17
1641373397396272000,40.75,1,40.6,7,40.8,10,1,2022-01-05 09:03:17
1641373397443825000,40.8,1,40.6,7,40.8,9,1,2022-01-05 09:03:17
1641373397454730000,40.6,2,40.6,5,40.8,9,2,2022-01-05 09:03:17
1641373397543190000,40.8,1,40.6,5,40.8,8,1,2022-01-05 09:03:17
1641373398097653000,40.8,1,40.6,5,40.85,5,1,2022-01-05 09:03:18
1641373398657887000,40.85,2,40.6,5,40.85,9,1,2022-01-05 09:03:18
1641373399508731000,40.7,2,40.6,5,40.85,2,1,2022-01-05 09:03:19
1641373399508731000,40.85,3,40.6,5,40.85,2,1,2022-01-05 09:03:19
1641373400359618000,40.65,1,40.65,2,40.85,2,2,2022-01-05 09:03:20
1641373400450138000,40.65,2,40.6,4,40.85,2,2,2022-01-05 09:03:20
1641373400450138000,40.6,3,40.6,4,40.85,2,2,2022-01-05 09:03:20
1641373400518111000,40.8,1,40.6,4,40.8,1,1,2022-01-05 09:03:20
1641373400700206000,40.8,1,40.65,2,40.85,11,1,2022-01-05 09:03:20
1641373401043806000,40.75,5,40.65,4,40.85,4,2,2022-01-05 09:03:21
1641373401209704000,40.85,4,40.65,4,40.9,9,1,2022-01-05 09:03:21
1641373402195412000,40.7,5,40.65,10,40.8,7,2,2022-01-05 09:03:22
1641373403055978000,40.8,1,40.7,6,40.8,6,1,2022-01-05 09:03:23
1641373403085514000,40.8,6,40.7,6,40.85,1,1,2022-01-05 09:03:23
1641373403897125000,40.7,1,40.7,7,40.8,6,2,2022-01-05 09:03:23
1641373403928712000,40.8,1,40.7,7,40.8,5,1,2022-01-05 09:03:23
1641373404943240000,40.8,2,40.7,7,40.8,3,1,2022-01-05 09:03:24
1641373404979746000,40.7,2,40.7,5,40.8,3,2,2022-01-05 09:03:24
1641373405067442000,40.75,1,40.7,5,40.8,6,1,2022-01-05 09:03:25
1641373405104821000,40.7,1,40.7,4,40.8,6,2,2022-01-05 09:03:25
1641373405275181000,40.8,1,40.75,1,40.8,5,1,2022-01-05 09:03:25
1641373405499617000,40.8,1,40.75,1,40.8,4,1,2022-01-05 09:03:25
1641373405529822000,40.8,4,40.75,1,40.85,4,1,2022-01-05 09:03:25
1641373405646288000,40.75,1,40.7,4,40.85,4,2,2022-01-05 09:03:25
1641373406068765000,40.7,2,40.7,2,40.85,4,2,2022-01-05 09:03:26
1641373406202236000,40.75,2,40.65,21,40.8,1,2,2022-01-05 09:03:26
1641373406202236000,40.7,2,40.65,21,40.8,1,2,2022-01-05 09:03:26
1641373406202236000,40.65,1,40.65,21,40.8,1,2,2022-01-05 09:03:26
1641373406284271000,40.75,2,40.75,8,40.8,1,2,2022-01-05 09:03:26
1641373406334341000,40.75,8,40.7,2,40.8,1,2,2022-01-05 09:03:26
1641373406711971000,40.7,1,40.7,2,40.8,1,2,2022-01-05 09:03:26
1641373406812234000,40.8,1,40.7,3,40.8,1,1,2022-01-05 09:03:26
1641373406883777000,40.8,1,40.7,3,40.95,1,1,2022-01-05 09:03:26
1641373406883777000,40.85,3,40.7,3,40.95,1,1,2022-01-05 09:03:26
1641373406883777000,40.9,6,40.7,3,40.95,1,1,2022-01-05 09:03:26
1641373406883777000,40.95,10,40.7,3,40.95,1,1,2022-01-05 09:03:26
1641373406909453000,40.8,4,40.7,7,40.8,1,1,2022-01-05 09:03:26
1641373406909821000,40.8,1,40.7,7,40.95,5,1,2022-01-05 09:03:26
1641373407203620000,40.8,1,40.7,7,40.9,1,2,2022-01-05 09:03:27
1641373407370334000,40.85,9,40.7,7,40.9,8,1,2022-01-05 09:03:27
1641373407453954000,40.7,1,40.7,6,40.9,1,2,2022-01-05 09:03:27
1641373407625189000,40.75,1,40.7,6,40.9,1,2,2022-01-05 09:03:27
1641373407699172000,40.75,1,40.7,6,40.9,1,2,2022-01-05 09:03:27
1641373407897648000,40.8,1,40.7,6,40.9,1,2,2022-01-05 09:03:27
1641373407916795000,40.7,2,40.7,4,40.9,1,2,2022-01-05 09:03:27
1641373407921501000,40.7,1,40.7,3,40.9,1,2,2022-01-05 09:03:27
1641373408788233000,40.75,1,40.75,1,40.85,5,2,2022-01-05 09:03:28
1641373409378541000,40.85,1,40.75,2,40.85,4,1,2022-01-05 09:03:29
1641373409411794000,40.85,4,40.75,8,40.9,1,1,2022-01-05 09:03:29
1641373410047120000,40.9,1,40.75,8,40.95,5,1,2022-01-05 09:03:30
1641373410244107000,40.75,2,40.75,5,40.95,5,2,2022-01-05 09:03:30
1641373410685085000,40.75,2,40.75,3,40.95,13,2,2022-01-05 09:03:30
1641373410711579000,40.95,13,40.75,3,41.0,15,1,2022-01-05 09:03:30
1641373411191760000,40.85,5,40.8,7,41.0,16,1,2022-01-05 09:03:31
1641373411247229000,40.8,7,40.75,3,41.0,15,2,2022-01-05 09:03:31
1641373411306166000,41.0,5,40.75,3,41.0,10,1,2022-01-05 09:03:31
1641373411457930000,40.8,1,40.8,1,41.0,10,2,2022-01-05 09:03:31
1641373411506739000,41.0,5,40.8,1,41.0,5,1,2022-01-05 09:03:31
1641373411521073000,40.8,1,40.75,1,41.0,5,2,2022-01-05 09:03:31
1641373411521073000,40.75,4,40.75,1,41.0,5,2,2022-01-05 09:03:31
1641373411797756000,40.75,1,40.7,13,40.95,1,2,2022-01-05 09:03:31
1641373412357042000,40.85,1,40.7,14,40.95,1,2,2022-01-05 09:03:32
1641373412435959000,40.75,4,40.7,14,40.95,1,1,2022-01-05 09:03:32
1641373412805314000,40.8,3,40.7,14,40.95,1,1,2022-01-05 09:03:32
1641373412895821000,40.75,1,40.7,14,40.8,1,1,2022-01-05 09:03:32
1641373412896137000,40.8,1,40.7,14,40.95,1,1,2022-01-05 09:03:32
1641373413351224000,40.95,1,40.8,5,41.0,3,1,2022-01-05 09:03:33
1641373413351224000,41.0,2,40.8,5,41.0,3,1,2022-01-05 09:03:33
1641373414270515000,41.0,3,41.05,14,41.1,4,1,2022-01-05 09:03:34
1641373414304328000,41.05,14,40.85,5,41.1,4,2,2022-01-05 09:03:34
1641373414306915000,41.1,4,40.85,5,41.15,6,1,2022-01-05 09:03:34
1641373414576833000,41.05,1,40.9,11,41.1,7,1,2022-01-05 09:03:34
1641373414982716000,40.9,10,40.9,1,41.15,13,2,2022-01-05 09:03:34
1641373415873265000,41.1,1,40.95,5,41.15,6,1,2022-01-05 09:03:35
1641373416486483000,40.95,1,40.95,4,41.15,6,2,2022-01-05 09:03:36
1641373416634379000,40.95,1,40.95,3,41.15,9,2,2022-01-05 09:03:36
1641373416658450000,40.95,1,40.95,2,41.15,9,2,2022-01-05 09:03:36
1641373416693219000,40.95,2,40.9,1,41.15,9,2,2022-01-05 09:03:36
1641373417735443000,40.95,1,40.9,1,41.1,1,2,2022-01-05 09:03:37
1641373418091321000,40.9,1,40.85,22,41.1,9,2,2022-01-05 09:03:38
1641373418133062000,41.0,1,40.85,25,41.1,9,2,2022-01-05 09:03:38
1641373418510602000,41.1,2,40.95,1,41.15,12,1,2022-01-05 09:03:38
1641373419082303000,41.15,10,41.0,1,41.15,3,1,2022-01-05 09:03:39
1641373419377080000,41.0,1,40.95,5,41.0,1,2,2022-01-05 09:03:39
1641373419390654000,41.0,1,41.1,1,41.15,3,1,2022-01-05 09:03:39
1641373419408948000,41.1,1,40.95,5,41.15,2,2,2022-01-05 09:03:39
1641373419442049000,41.1,1,40.95,5,41.15,9,1,2022-01-05 09:03:39
1641373419752046000,40.95,5,40.85,25,41.15,9,2,2022-01-05 09:03:39
1641373419752046000,40.9,5,40.85,25,41.15,9,2,2022-01-05 09:03:39
1641373420373223000,41.0,2,40.85,25,41.1,1,2,2022-01-05 09:03:40
1641373420404717000,41.0,1,40.85,25,41.1,1,1,2022-01-05 09:03:40
1641373420857813000,41.0,5,41.0,1,41.15,2,2,2022-01-05 09:03:40
1641373420881557000,41.0,1,40.9,3,41.15,2,2,2022-01-05 09:03:40
1641373421402467000,41.1,2,40.95,3,41.15,6,1,2022-01-05 09:03:41
1641373421402467000,41.15,3,40.95,3,41.15,6,1,2022-01-05 09:03:41
1641373421799169000,41.0,2,40.9,4,41.15,6,2,2022-01-05 09:03:41
1641373421799169000,40.95,3,40.9,4,41.15,6,2,2022-01-05 09:03:41
1641373422307068000,40.95,1,40.9,5,41.1,1,2,2022-01-05 09:03:42
1641373423318883000,40.9,4,40.85,22,41.1,2,2,2022-01-05 09:03:43
1641373423318883000,40.85,3,40.85,22,41.1,2,2,2022-01-05 09:03:43
1641373424407794000,41.0,1,41.0,9,41.05,2,1,2022-01-05 09:03:44
1641373424480991000,41.0,1,41.0,8,41.05,2,2,2022-01-05 09:03:44
1641373424825829000,41.0,8,40.85,22,40.95,2,2,2022-01-05 09:03:44
1641373424861735000,40.95,2,40.85,19,41.05,2,1,2022-01-05 09:03:44
1641373425633682000,41.0,1,40.9,1,41.05,2,2,2022-01-05 09:03:45
1641373426070925000,41.05,2,40.9,1,41.15,6,1,2022-01-05 09:03:46
1641373426070925000,41.1,2,40.9,1,41.15,6,1,2022-01-05 09:03:46
1641373426070925000,41.15,1,40.9,1,41.15,6,1,2022-01-05 09:03:46
1641373426113811000,41.15,5,40.9,1,41.15,4,1,2022-01-05 09:03:46
1641373426990683000,41.0,1,40.95,7,41.1,2,1,2022-01-05 09:03:46
1641373427015094000,40.95,7,40.9,7,41.1,2,2,2022-01-05 09:03:47
1641373427685401000,41.05,1,40.9,7,41.05,4,1,2022-01-05 09:03:47
1641373428313218000,41.05,4,40.9,8,41.25,8,1,2022-01-05 09:03:48
1641373428313218000,41.1,1,40.9,8,41.25,8,1,2022-01-05 09:03:48
1641373428313218000,41.15,13,40.9,8,41.25,8,1,2022-01-05 09:03:48
1641373428313218000,41.2,21,40.9,8,41.25,8,1,2022-01-05 09:03:48
1641373428313218000,41.25,1,40.9,8,41.25,8,1,2022-01-05 09:03:48
1641373428453121000,41.0,1,40.95,2,41.2,1,1,2022-01-05 09:03:48
1641373428458220000,40.95,1,40.9,7,41.25,8,2,2022-01-05 09:03:48
1641373428458220000,40.9,1,40.9,7,41.25,8,2,2022-01-05 09:03:48
1641373428670578000,41.0,1,40.9,7,41.1,1,2,2022-01-05 09:03:48
1641373428843654000,40.9,2,40.9,9,41.1,1,2,2022-01-05 09:03:48
1641373428961495000,41.0,1,40.9,9,41.1,1,2,2022-01-05 09:03:48
1641373429015772000,40.9,1,40.9,8,41.0,1,2,2022-01-05 09:03:49
1641373429032452000,41.0,1,40.9,8,41.1,1,1,2022-01-05 09:03:49
1641373429358502000,41.1,1,41.0,5,41.15,1,1,2022-01-05 09:03:49
1641373430002070000,41.0,1,41.0,5,41.15,1,2,2022-01-05 09:03:50
1641373430238896000,41.0,5,40.9,21,41.15,2,2,2022-01-05 09:03:50
1641373430238896000,40.95,1,40.9,21,41.15,2,2,2022-01-05 09:03:50
1641373430456526000,41.05,1,41.0,2,41.1,1,1,2022-01-05 09:03:50
1641373430705839000,41.0,2,40.9,17,41.1,1,2,2022-01-05 09:03:50
1641373430705839000,40.9,3,40.9,17,41.1,1,2,2022-01-05 09:03:50
1641373431092335000,41.05,1,41.05,5,41.1,1,1,2022-01-05 09:03:51
1641373431121155000,41.05,2,41.05,3,41.1,1,2,2022-01-05 09:03:51
1641373431142859000,41.05,1,41.05,2,41.1,1,2,2022-01-05 09:03:51
1641373431678878000,41.05,2,40.95,1,41.1,1,2,2022-01-05 09:03:51
1641373432316171000,41.0,1,40.95,1,41.1,2,1,2022-01-05 09:03:52
1641373432565621000,40.95,1,40.9,18,41.0,1,2,2022-01-05 09:03:52
1641373432806356000,41.0,1,40.9,18,41.1,7,1,2022-01-05 09:03:52
1641373432806356000,41.05,2,40.9,18,41.1,7,1,2022-01-05 09:03:52
1641373432806356000,41.1,2,40.9,18,41.1,7,1,2022-01-05 09:03:52
1641373433195931000,41.0,1,40.95,1,41.1,1,1,2022-01-05 09:03:53
1641373433422032000,40.95,1,40.9,24,41.1,1,2,2022-01-05 09:03:53
1641373433561079000,41.05,1,41.0,1,41.1,1,2,2022-01-05 09:03:53
1641373433578722000,41.1,1,41.0,1,41.15,4,1,2022-01-05 09:03:53
1641373433578722000,41.15,2,41.0,1,41.15,4,1,2022-01-05 09:03:53
1641373433652936000,41.15,3,41.0,1,41.15,1,1,2022-01-05 09:03:53
1641373433721730000,41.15,1,41.0,1,41.2,10,1,2022-01-05 09:03:53
1641373433881570000,41.05,1,41.0,1,41.2,13,1,2022-01-05 09:03:53
1641373434170090000,41.05,1,41.0,1,41.05,2,1,2022-01-05 09:03:54
1641373434196971000,41.05,2,41.0,1,41.1,2,1,2022-01-05 09:03:54
1641373434499091000,41.1,2,41.0,1,41.2,13,1,2022-01-05 09:03:54
1641373435477845000,41.2,3,41.0,4,41.2,10,1,2022-01-05 09:03:55
1641373436354107000,41.1,1,41.0,7,41.2,10,1,2022-01-05 09:03:56
1641373436558131000,41.2,10,41.05,1,41.25,6,1,2022-01-05 09:03:56
1641373438094135000,41.25,5,41.2,1,41.3,4,1,2022-01-05 09:03:58
1641373438106926000,41.2,1,41.05,1,41.3,4,2,2022-01-05 09:03:58
1641373438932506000,41.2,1,41.05,3,41.3,11,1,2022-01-05 09:03:58
1641373439534492000,41.25,1,41.25,1,41.3,11,1,2022-01-05 09:03:59
1641373439580456000,41.25,1,41.1,1,41.3,4,2,2022-01-05 09:03:59
1641373440170946000,41.1,1,41.0,15,41.3,11,2,2022-01-05 09:04:00
1641373440170946000,41.05,4,41.0,15,41.3,11,2,2022-01-05 09:04:00
1641373440170946000,41.0,4,41.0,15,41.3,11,2,2022-01-05 09:04:00
1641373440207651000,41.25,1,41.0,15,41.3,11,1,2022-01-05 09:04:00
1641373441329917000,41.2,3,41.1,3,41.35,1,1,2022-01-05 09:04:01
1641373441329917000,41.3,6,41.1,3,41.35,1,1,2022-01-05 09:04:01
1641373441329917000,41.35,4,41.1,3,41.35,1,1,2022-01-05 09:04:01
1641373441441007000,41.15,1,41.0,31,41.3,1,2,2022-01-05 09:04:01
1641373441441007000,41.1,3,41.0,31,41.3,1,2,2022-01-05 09:04:01
1641373441441007000,41.05,1,41.0,31,41.3,1,2,2022-01-05 09:04:01
1641373441441007000,41.0,2,41.0,31,41.3,1,2,2022-01-05 09:04:01
1641373442949794000,41.2,1,41.1,1,41.2,2,1,2022-01-05 09:04:02
1641373442979444000,41.2,2,41.15,1,41.25,3,1,2022-01-05 09:04:02
1641373443316256000,41.15,1,41.0,36,41.2,5,2,2022-01-05 09:04:03
1641373443316256000,41.1,1,41.0,36,41.2,5,2,2022-01-05 09:04:03
1641373443450337000,41.2,13,41.3,3,41.35,2,1,2022-01-05 09:04:03
1641373443450337000,41.25,3,41.3,3,41.35,2,1,2022-01-05 09:04:03
1641373443450337000,41.3,1,41.3,3,41.35,2,1,2022-01-05 09:04:03
1641373443487757000,41.3,2,41.3,1,41.35,2,2,2022-01-05 09:04:03
1641373443487804000,41.3,1,41.0,36,41.35,2,2,2022-01-05 09:04:03
1641373444273975000,41.2,1,41.05,7,41.35,2,2,2022-01-05 09:04:04
1641373444624872000,41.3,1,41.1,1,41.35,2,1,2022-01-05 09:04:04
1641373445479953000,41.25,2,41.25,5,41.3,26,2,2022-01-05 09:04:05
1641373446056110000,41.25,1,41.25,4,41.3,26,2,2022-01-05 09:04:06
1641373446085922000,41.25,4,41.15,1,41.3,26,2,2022-01-05 09:04:06
1641373446808069000,41.25,1,41.15,1,41.25,1,2,2022-01-05 09:04:06
1641373447524850000,41.2,1,41.15,1,41.25,1,1,2022-01-05 09:04:07
1641373448285369000,41.25,1,41.15,1,41.25,6,1,2022-01-05 09:04:08
1641373448330721000,41.25,1,41.15,1,41.25,5,1,2022-01-05 09:04:08
1641373448643849000,41.25,1,41.15,1,41.25,4,1,2022-01-05 09:04:08
1641373448977007000,41.15,1,41.1,8,41.25,4,2,2022-01-05 09:04:08
1641373448977007000,41.1,1,41.1,8,41.25,4,2,2022-01-05 09:04:08
1641373449048444000,41.25,1,41.1,8,41.25,3,1,2022-01-05 09:04:09
1641373449358124000,41.25,2,41.1,8,41.25,2,1,2022-01-05 09:04:09
1641373450635767000,41.15,1,41.1,8,41.2,2,1,2022-01-05 09:04:10
1641373450740015000,41.2,1,41.1,8,41.2,3,1,2022-01-05 09:04:10
1641373451769770000,41.15,1,41.1,6,41.2,3,1,2022-01-05 09:04:11
1641373452340705000,41.1,3,41.1,3,41.2,3,2,2022-01-05 09:04:12
1641373452385088000,41.1,3,41.05,24,41.2,3,2,2022-01-05 09:04:12
1641373452614563000,41.2,2,41.05,24,41.2,6,1,2022-01-05 09:04:12
1641373452754738000,41.05,1,41.05,23,41.2,6,2,2022-01-05 09:04:12
1641373452889095000,41.2,3,41.05,23,41.2,3,1,2022-01-05 09:04:12
1641373452961224000,41.15,1,41.05,23,41.2,3,2,2022-01-05 09:04:12
1641373453229737000,41.1,1,41.15,1,41.2,3,1,2022-01-05 09:04:13
1641373453267608000,41.15,1,41.05,23,41.2,3,2,2022-01-05 09:04:13
1641373453542453000,41.1,3,41.1,1,41.15,2,1,2022-01-05 09:04:13
1641373454124877000,41.15,2,41.1,9,41.2,3,1,2022-01-05 09:04:14
1641373454124877000,41.2,3,41.1,9,41.2,3,1,2022-01-05 09:04:14
1641373455623501000,41.15,3,41.1,12,41.15,1,1,2022-01-05 09:04:15
1641373455645902000,41.15,1,41.1,12,41.2,1,1,2022-01-05 09:04:15
1641373455645902000,41.2,9,41.1,12,41.2,1,1,2022-01-05 09:04:15
1641373456451560000,41.15,1,41.1,12,41.2,4,2,2022-01-05 09:04:16
1641373456775303000,41.2,2,41.15,1,41.2,2,1,2022-01-05 09:04:16
1641373457205376000,41.2,3,41.15,2,41.25,11,1,2022-01-05 09:04:17
1641373457205376000,41.25,2,41.15,2,41.25,11,1,2022-01-05 09:04:17
1641373457680820000,41.2,1,41.2,1,41.25,7,1,2022-01-05 09:04:17
1641373458220517000,41.2,1,41.15,4,41.2,4,2,2022-01-05 09:04:18
1641373458227039000,41.2,2,41.15,4,41.2,2,1,2022-01-05 09:04:18
1641373458329219000,41.2,2,41.2,3,41.25,7,1,2022-01-05 09:04:18
1641373459056654000,41.2,1,41.2,2,41.25,7,2,2022-01-05 09:04:19
1641373459370634000,41.2,1,41.2,1,41.25,7,2,2022-01-05 09:04:19
1641373459980183000,41.25,6,41.2,6,41.25,1,1,2022-01-05 09:04:19
1641373460013414000,41.25,1,41.2,6,41.3,33,1,2022-01-05 09:04:20
1641373460839034000,41.25,1,41.2,12,41.25,4,2,2022-01-05 09:04:20
1641373460870559000,41.25,4,41.2,12,41.3,28,1,2022-01-05 09:04:20
1641373461394657000,41.3,2,41.25,2,41.3,26,1,2022-01-05 09:04:21
1641373461554624000,41.25,1,41.25,1,41.3,26,2,2022-01-05 09:04:21
1641373461874425000,41.3,10,41.25,1,41.3,16,1,2022-01-05 09:04:21
1641373461890327000,41.3,2,41.25,3,41.3,14,1,2022-01-05 09:04:21
1641373461911793000,41.3,4,41.25,3,41.3,10,1,2022-01-05 09:04:21
1641373461945541000,41.3,10,41.25,3,41.35,1,1,2022-01-05 09:04:21
1641373462006087000,41.25,1,41.2,19,41.35,1,2,2022-01-05 09:04:22
1641373463340841000,41.35,1,41.35,4,41.4,3,2,2022-01-05 09:04:23
1641373463471822000,41.35,4,41.3,2,41.4,3,2,2022-01-05 09:04:23
1641373463472087000,41.3,1,41.3,1,41.4,3,2,2022-01-05 09:04:23
1641373463563122000,41.3,1,41.25,1,41.4,3,2,2022-01-05 09:04:23
1641373463563122000,41.25,4,41.25,1,41.4,3,2,2022-01-05 09:04:23
1641373464070127000,41.3,2,41.25,11,41.4,3,1,2022-01-05 09:04:24
1641373464070127000,41.4,3,41.25,11,41.4,3,1,2022-01-05 09:04:24
1641373464684480000,41.4,3,41.4,2,41.45,8,1,2022-01-05 09:04:24
1641373465791706000,41.4,2,41.25,7,41.45,8,2,2022-01-05 09:04:25
1641373465791706000,41.35,2,41.25,7,41.45,8,2,2022-01-05 09:04:25
1641373465791706000,41.3,1,41.25,7,41.45,8,2,2022-01-05 09:04:25
1641373465791706000,41.25,5,41.25,7,41.45,8,2,2022-01-05 09:04:25
1641373466072646000,41.3,1,41.3,1,41.45,8,2,2022-01-05 09:04:26
1641373466681549000,41.3,1,41.25,7,41.45,8,2,2022-01-05 09:04:26
1641373466681549000,41.25,1,41.25,7,41.45,8,2,2022-01-05 09:04:26
1641373467851982000,41.45,1,41.4,5,41.45,11,1,2022-01-05 09:04:27
1641373467905914000,41.45,1,41.4,5,41.45,10,1,2022-01-05 09:04:27
1641373467947672000,41.45,7,41.4,5,41.45,3,1,2022-01-05 09:04:27
1641373470200167000,41.4,7,41.35,1,41.4,18,2,2022-01-05 09:04:30
1641373470230019000,41.35,1,41.3,2,41.4,18,2,2022-01-05 09:04:30
1641373470591864000,41.3,1,41.3,4,41.35,1,2,2022-01-05 09:04:30
1641373471033268000,41.3,4,41.2,15,41.35,1,2,2022-01-05 09:04:31
1641373471033268000,41.25,10,41.2,15,41.35,1,2,2022-01-05 09:04:31
1641373471033268000,41.2,36,41.2,15,41.35,1,2,2022-01-05 09:04:31
1641373471103878000,41.35,1,41.2,15,41.4,20,1,2022-01-05 09:04:31
1641373471523193000,41.2,6,41.2,9,41.35,10,2,2022-01-05 09:04:31
1641373471557548000,41.2,9,41.15,5,41.35,10,2,2022-01-05 09:04:31
1641373471898126000,41.35,1,41.15,5,41.35,15,1,2022-01-05 09:04:31
1641373472087716000,41.3,1,41.15,5,41.3,24,2,2022-01-05 09:04:32
1641373472227768000,41.3,2,41.15,5,41.3,22,1,2022-01-05 09:04:32
1641373472332028000,41.3,2,41.15,5,41.3,20,1,2022-01-05 09:04:32
1641373472530603000,41.25,3,41.15,5,41.25,22,2,2022-01-05 09:04:32
1641373472557977000,41.15,5,41.1,22,41.25,22,2,2022-01-05 09:04:32
1641373472622786000,41.1,22,41.05,19,41.25,22,2,2022-01-05 09:04:32
1641373472738983000,41.1,1,41.05,19,41.2,1,2,2022-01-05 09:04:32
1641373472959767000,41.05,1,41.05,18,41.2,1,2,2022-01-05 09:04:32
1641373472991964000,41.05,10,41.05,8,41.2,1,2,2022-01-05 09:04:32
1641373473031110000,41.2,3,41.05,8,41.25,25,1,2022-01-05 09:04:33
1641373473031110000,41.25,2,41.05,8,41.25,25,1,2022-01-05 09:04:33
1641373473687225000,41.15,2,41.05,8,41.15,3,1,2022-01-05 09:04:33
1641373474034119000,41.15,1,41.05,8,41.15,2,1,2022-01-05 09:04:34
1641373474150150000,41.05,8,41.0,64,41.15,4,2,2022-01-05 09:04:34
1641373474150150000,41.0,17,41.0,64,41.15,4,2,2022-01-05 09:04:34
1641373474187775000,41.0,2,41.0,62,41.15,4,2,2022-01-05 09:04:34
1641373474496728000,41.1,1,41.0,62,41.1,4,1,2022-01-05 09:04:34
1641373474567458000,41.1,1,41.0,62,41.1,3,1,2022-01-05 09:04:34
1641373474824706000,41.0,1,41.0,61,41.1,13,2,2022-01-05 09:04:34
1641373474857105000,41.0,10,41.0,52,41.1,13,2,2022-01-05 09:04:34
1641373474887553000,41.0,12,41.0,40,41.05,2,2,2022-01-05 09:04:34
1641373474889302000,41.0,5,41.0,35,41.05,2,2,2022-01-05 09:04:34
1641373474930891000,41.05,1,41.0,35,41.05,2,1,2022-01-05 09:04:34
1641373474932325000,41.0,2,41.0,33,41.05,2,2,2022-01-05 09:04:34
1641373475133790000,41.05,1,41.0,33,41.05,1,1,2022-01-05 09:04:35
1641373475154311000,41.0,2,41.0,31,41.05,1,2,2022-01-05 09:04:35
1641373475176080000,41.05,1,41.0,31,41.05,2,1,2022-01-05 09:04:35
1641373475221853000,41.1,1,41.0,31,41.1,12,1,2022-01-05 09:04:35
1641373475706899000,41.0,1,41.0,30,41.05,2,2,2022-01-05 09:04:35
1641373475737176000,41.0,2,41.0,28,41.05,2,2,2022-01-05 09:04:35
1641373476605879000,41.05,2,41.0,28,41.05,9,1,2022-01-05 09:04:36
1641373476880984000,41.0,1,41.0,27,41.05,9,2,2022-01-05 09:04:36
1641373477731029000,41.05,1,41.0,27,41.05,3,1,2022-01-05 09:04:37
1641373478311692000,41.05,5,41.0,27,41.05,1,1,2022-01-05 09:04:38
1641373478614422000,41.0,1,41.0,26,41.05,1,2,2022-01-05 09:04:38
1641373478634272000,41.05,1,41.0,26,41.1,13,1,2022-01-05 09:04:38
1641373479069694000,41.0,2,41.0,14,41.1,13,2,2022-01-05 09:04:39
1641373479337673000,41.1,1,41.0,16,41.1,12,1,2022-01-05 09:04:39
1641373480291458000,41.1,1,41.05,6,41.15,13,1,2022-01-05 09:04:40
1641373480885685000,41.15,5,41.05,7,41.15,7,1,2022-01-05 09:04:40
1641373480915023000,41.15,7,41.05,7,41.2,4,1,2022-01-05 09:04:40
1641373481112674000,41.1,1,41.05,7,41.2,4,2,2022-01-05 09:04:41
1641373481240826000,41.05,1,41.05,6,41.2,3,2,2022-01-05 09:04:41
1641373481308085000,41.05,1,41.05,5,41.2,2,2,2022-01-05 09:04:41
1641373482769353000,41.05,1,41.05,8,41.1,1,2,2022-01-05 09:04:42
1641373483313338000,41.1,1,41.05,18,41.2,2,1,2022-01-05 09:04:43
1641373485057746000,41.2,1,41.1,3,41.2,1,1,2022-01-05 09:04:45
1641373485261625000,41.2,1,41.1,8,41.25,2,1,2022-01-05 09:04:45
1641373485261625000,41.25,1,41.1,8,41.25,2,1,2022-01-05 09:04:45
1641373485536684000,41.1,3,41.1,5,41.25,5,2,2022-01-05 09:04:45
1641373486063889000,41.1,5,41.1,1,41.2,1,2,2022-01-05 09:04:46
1641373486099476000,41.1,1,41.05,48,41.2,1,2,2022-01-05 09:04:46
1641373486223034000,41.1,1,41.05,48,41.1,4,2,2022-01-05 09:04:46
1641373486256206000,41.1,4,41.05,48,41.2,1,1,2022-01-05 09:04:46
1641373486436142000,41.1,1,41.05,49,41.2,1,1,2022-01-05 09:04:46
1641373486533740000,41.05,1,41.05,48,41.2,1,2,2022-01-05 09:04:46
1641373487293556000,41.2,1,41.25,2,41.3,12,1,2022-01-05 09:04:47
1641373487293556000,41.25,7,41.25,2,41.3,12,1,2022-01-05 09:04:47
1641373487322369000,41.25,2,41.1,5,41.3,12,2,2022-01-05 09:04:47
1641373487460974000,41.2,2,41.2,3,41.3,12,2,2022-01-05 09:04:47
1641373487488433000,41.2,3,41.1,3,41.3,12,2,2022-01-05 09:04:47
1641373487488433000,41.1,2,41.1,3,41.3,12,2,2022-01-05 09:04:47
1641373488701777000,41.2,1,41.1,4,41.2,1,1,2022-01-05 09:04:48
1641373488738450000,41.2,1,41.1,4,41.3,12,1,2022-01-05 09:04:48
1641373489019974000,41.1,1,41.1,3,41.2,1,2,2022-01-05 09:04:49
1641373490280061000,41.1,5,41.1,5,41.2,3,2,2022-01-05 09:04:50
1641373491787171000,41.15,1,41.1,11,41.2,5,1,2022-01-05 09:04:51
1641373491883996000,41.2,5,41.1,11,41.25,28,1,2022-01-05 09:04:51
1641373492069158000,41.25,28,41.2,70,41.3,11,1,2022-01-05 09:04:52
1641373492915987000,41.2,2,41.2,69,41.3,11,2,2022-01-05 09:04:52
1641373493796540000,41.25,1,41.2,66,41.3,11,2,2022-01-05 09:04:53
1641373493796540000,41.2,4,41.2,66,41.3,11,2,2022-01-05 09:04:53
1641373494419973000,41.25,1,41.25,1,41.3,11,2,2022-01-05 09:04:54
1641373494472749000,41.3,11,41.25,1,41.5,60,1,2022-01-05 09:04:54
1641373494472749000,41.35,8,41.25,1,41.5,60,1,2022-01-05 09:04:54
1641373494472749000,41.4,15,41.25,1,41.5,60,1,2022-01-05 09:04:54
1641373494472749000,41.45,6,41.25,1,41.5,60,1,2022-01-05 09:04:54
1641373494472749000,41.5,6,41.25,1,41.5,60,1,2022-01-05 09:04:54
1641373494671612000,41.45,1,41.3,4,41.5,63,1,2022-01-05 09:04:54
1641373495265767000,41.3,1,41.3,3,41.5,63,2,2022-01-05 09:04:55
1641373495576673000,41.5,1,41.3,3,41.5,62,1,2022-01-05 09:04:55
1641373495738551000,41.3,1,41.3,2,41.5,62,2,2022-01-05 09:04:55
1641373495776770000,41.5,5,41.3,2,41.5,57,1,2022-01-05 09:04:55
1641373495781300000,41.5,5,41.3,2,41.5,52,1,2022-01-05 09:04:55
1641373496753152000,41.5,1,41.35,3,41.5,48,1,2022-01-05 09:04:56
1641373498373091000,41.35,1,41.35,7,41.45,1,2,2022-01-05 09:04:58
1641373498511237000,41.35,1,41.35,6,41.45,1,2,2022-01-05 09:04:58
1641373498973248000,41.35,1,41.35,5,41.45,1,2,2022-01-05 09:04:58
1641373500032979000,41.45,1,41.4,1,41.5,49,1,2022-01-05 09:05:00
1641373500275333000,41.4,1,41.35,8,41.4,6,2,2022-01-05 09:05:00
1641373500811159000,41.4,8,41.35,7,41.5,49,1,2022-01-05 09:05:00
1641373501595988000,41.45,1,41.35,2,41.45,8,1,2022-01-05 09:05:01
1641373502097345000,41.35,2,41.25,4,41.4,2,2,2022-01-05 09:05:02
1641373502692839000,41.35,1,41.25,3,41.4,2,2,2022-01-05 09:05:02
1641373502805334000,41.35,1,41.25,3,41.4,2,2,2022-01-05 09:05:02
1641373503028266000,41.35,1,41.35,3,41.4,2,2,2022-01-05 09:05:03
1641373503153922000,41.4,1,41.35,3,41.4,1,1,2022-01-05 09:05:03
1641373503368731000,41.35,3,41.3,1,41.4,1,2,2022-01-05 09:05:03
1641373503368731000,41.3,1,41.3,1,41.4,1,2,2022-01-05 09:05:03
1641373503481670000,41.35,1,41.3,1,41.4,1,1,2022-01-05 09:05:03
1641373505509190000,41.35,1,41.3,2,41.4,6,2,2022-01-05 09:05:05
1641373506087595000,41.35,1,41.35,1,41.4,7,2,2022-01-05 09:05:06
1641373506121895000,41.35,1,41.3,2,41.4,7,2,2022-01-05 09:05:06
1641373506720173000,41.4,1,41.3,2,41.4,14,1,2022-01-05 09:05:06
1641373507962808000,41.35,10,41.3,4,41.4,20,2,2022-01-05 09:05:07
1641373508264776000,41.3,1,41.3,3,41.4,20,2,2022-01-05 09:05:08
1641373509079697000,41.3,1,41.3,2,41.35,5,2,2022-01-05 09:05:09
1641373509110625000,41.3,2,41.25,1,41.35,5,2,2022-01-05 09:05:09
1641373509302766000,41.35,2,41.25,3,41.35,22,1,2022-01-05 09:05:09
1641373509353424000,41.35,1,41.25,3,41.35,21,1,2022-01-05 09:05:09
1641373510070392000,41.25,1,41.25,3,41.35,28,2,2022-01-05 09:05:10
1641373510620566000,41.3,1,41.25,3,41.3,7,2,2022-01-05 09:05:10
1641373510683265000,41.25,3,41.2,59,41.3,8,2,2022-01-05 09:05:10
1641373510683265000,41.2,9,41.2,59,41.3,8,2,2022-01-05 09:05:10
1641373511550780000,41.3,1,41.2,59,41.3,7,1,2022-01-05 09:05:11
1641373511894710000,41.3,1,41.2,61,41.3,14,1,2022-01-05 09:05:11
1641373512399368000,41.25,1,41.2,62,41.25,1,1,2022-01-05 09:05:12
1641373512822046000,41.2,1,41.2,61,41.25,1,2,2022-01-05 09:05:12
1641373512888765000,41.25,1,41.2,61,41.3,21,1,2022-01-05 09:05:12
1641373513005757000,41.3,1,41.2,61,41.3,20,1,2022-01-05 09:05:13
1641373513336428000,41.2,1,41.2,65,41.3,20,2,2022-01-05 09:05:13
1641373513891725000,41.25,1,41.2,65,41.25,4,1,2022-01-05 09:05:13
1641373514594368000,41.2,1,41.2,64,41.25,12,2,2022-01-05 09:05:14
1641373514627469000,41.2,2,41.2,62,41.25,12,2,2022-01-05 09:05:14
1641373514628892000,41.2,2,41.2,60,41.25,12,2,2022-01-05 09:05:14
1641373514662388000,41.2,12,41.2,48,41.25,12,2,2022-01-05 09:05:14
1641373514696039000,41.2,2,41.2,46,41.25,12,2,2022-01-05 09:05:14
1641373514734122000,41.2,2,41.2,44,41.25,12,2,2022-01-05 09:05:14
1641373514888027000,41.25,1,41.2,44,41.25,11,1,2022-01-05 09:05:14
1641373515893271000,41.2,45,41.1,20,41.25,16,2,2022-01-05 09:05:15
1641373516779599000,41.1,1,41.1,19,41.15,2,2,2022-01-05 09:05:16
1641373517740160000,41.15,2,41.1,19,41.15,3,1,2022-01-05 09:05:17
1641373517851042000,41.1,4,41.1,15,41.15,5,2,2022-01-05 09:05:17
1641373518071851000,41.1,6,41.1,9,41.15,5,2,2022-01-05 09:05:18
1641373518097555000,41.1,2,41.1,7,41.15,5,2,2022-01-05 09:05:18
1641373518248497000,41.15,1,41.1,7,41.15,6,1,2022-01-05 09:05:18
1641373518250675000,41.15,6,41.1,7,41.2,6,1,2022-01-05 09:05:18
1641373518250675000,41.2,2,41.1,7,41.2,6,1,2022-01-05 09:05:18
1641373518250941000,41.2,1,41.1,7,41.2,5,1,2022-01-05 09:05:18
1641373518409885000,41.1,1,41.1,6,41.2,5,2,2022-01-05 09:05:18
1641373519280830000,41.15,1,41.1,7,41.2,5,1,2022-01-05 09:05:19
1641373519483730000,41.1,2,41.1,5,41.2,5,2,2022-01-05 09:05:19
1641373519681239000,41.1,2,41.1,3,41.2,7,2,2022-01-05 09:05:19
1641373519721597000,41.1,3,41.05,52,41.2,7,2,2022-01-05 09:05:19
1641373520892348000,41.15,2,41.05,55,41.2,3,1,2022-01-05 09:05:20
1641373520892348000,41.2,3,41.05,55,41.2,3,1,2022-01-05 09:05:20
1641373521537757000,41.1,1,41.1,3,41.2,1,2,2022-01-05 09:05:21
1641373523282372000,41.15,1,41.1,6,41.2,5,1,2022-01-05 09:05:23
1641373523950498000,41.1,1,41.1,6,41.15,2,2,2022-01-05 09:05:23
1641373524131208000,41.15,1,41.1,6,41.15,1,1,2022-01-05 09:05:24
1641373524362675000,41.1,6,41.05,60,41.1,4,2,2022-01-05 09:05:24
1641373524461357000,41.1,2,41.05,60,41.1,2,1,2022-01-05 09:05:24
1641373524595720000,41.05,10,41.05,50,41.1,2,2,2022-01-05 09:05:24
1641373524779039000,41.1,1,41.05,50,41.1,1,1,2022-01-05 09:05:24
1641373525948376000,41.1,1,41.05,51,41.2,7,1,2022-01-05 09:05:25
1641373525948376000,41.15,2,41.05,51,41.2,7,1,2022-01-05 09:05:25
1641373525948376000,41.2,4,41.05,51,41.2,7,1,2022-01-05 09:05:25
1641373526428692000,41.05,2,41.05,49,41.15,5,2,2022-01-05 09:05:26
1641373527152306000,41.1,1,41.1,5,41.15,5,1,2022-01-05 09:05:27
1641373527682712000,41.1,1,41.1,18,41.15,8,2,2022-01-05 09:05:27
1641373527738501000,41.1,2,41.1,16,41.15,8,2,2022-01-05 09:05:27
1641373529437515000,41.15,5,41.1,22,41.15,7,1,2022-01-05 09:05:29
1641373530129564000,41.1,2,41.1,23,41.15,7,2,2022-01-05 09:05:30
1641373531819748000,41.1,10,41.1,14,41.15,8,2,2022-01-05 09:05:31
1641373532210412000,41.1,2,41.1,22,41.15,8,2,2022-01-05 09:05:32
1641373533461414000,41.15,8,41.1,26,41.2,16,1,2022-01-05 09:05:33
1641373533461414000,41.2,2,41.1,26,41.2,16,1,2022-01-05 09:05:33
1641373533714067000,41.15,2,41.1,27,41.15,2,1,2022-01-05 09:05:33
1641373533821213000,41.15,1,41.1,27,41.15,4,1,2022-01-05 09:05:33
1641373535663367000,41.1,3,41.1,26,41.15,5,2,2022-01-05 09:05:35
1641373537064504000,41.15,1,41.1,29,41.15,8,1,2022-01-05 09:05:37
1641373537158824000,41.1,1,41.1,28,41.15,10,2,2022-01-05 09:05:37
1641373537393945000,41.1,5,41.1,23,41.15,10,2,2022-01-05 09:05:37
1641373538621516000,41.1,1,41.1,34,41.15,10,2,2022-01-05 09:05:38
1641373539369583000,41.1,1,41.1,33,41.15,12,2,2022-01-05 09:05:39
1641373543060541000,41.1,4,41.1,43,41.15,12,2,2022-01-05 09:05:43
1641373543265570000,41.1,1,41.1,42,41.15,12,2,2022-01-05 09:05:43
1641373543355733000,41.1,1,41.1,41,41.15,12,2,2022-01-05 09:05:43
1641373543577162000,41.15,1,41.1,41,41.15,11,1,2022-01-05 09:05:43
1641373545351332000,41.15,10,41.1,41,41.15,1,1,2022-01-05 09:05:45
1641373545380194000,41.15,1,41.1,41,41.2,19,1,2022-01-05 09:05:45
1641373545394374000,41.1,2,41.1,39,41.2,19,2,2022-01-05 09:05:45
1641373546056210000,41.15,2,41.1,49,41.2,19,1,2022-01-05 09:05:46
1641373546681932000,41.1,3,41.1,48,41.2,19,2,2022-01-05 09:05:46
1641373546689995000,41.2,1,41.1,48,41.2,18,1,2022-01-05 09:05:46
1641373546976726000,41.15,1,41.15,9,41.2,18,2,2022-01-05 09:05:46
1641373548134695000,41.15,1,41.15,9,41.2,18,2,2022-01-05 09:05:48
1641373548474625000,41.2,1,41.15,9,41.2,17,1,2022-01-05 09:05:48
1641373548511372000,41.2,10,41.15,9,41.2,7,1,2022-01-05 09:05:48
1641373548541921000,41.2,7,41.15,9,41.25,21,1,2022-01-05 09:05:48
1641373549401138000,41.15,3,41.15,6,41.25,21,2,2022-01-05 09:05:49
1641373550014301000,41.15,5,41.15,1,41.25,21,2,2022-01-05 09:05:50
1641373551943472000,41.2,1,41.2,1,41.25,21,2,2022-01-05 09:05:51
1641373552305472000,41.2,1,41.15,17,41.2,1,2,2022-01-05 09:05:52
1641373552335884000,41.2,1,41.15,17,41.25,21,1,2022-01-05 09:05:52
1641373553109991000,41.15,3,41.15,14,41.25,21,2,2022-01-05 09:05:53
1641373553364641000,41.15,1,41.15,13,41.25,21,2,2022-01-05 09:05:53
1641373553509026000,41.25,1,41.15,13,41.25,20,1,2022-01-05 09:05:53
1641373553543216000,41.25,10,41.15,13,41.25,10,1,2022-01-05 09:05:53
1641373553572424000,41.25,2,41.15,13,41.25,8,1,2022-01-05 09:05:53
1641373553594432000,41.25,8,41.15,15,41.3,10,1,2022-01-05 09:05:53
1641373553982937000,41.15,2,41.15,11,41.2,1,2,2022-01-05 09:05:53
1641373553985299000,41.2,1,41.15,11,41.3,10,1,2022-01-05 09:05:53
1641373554708222000,41.2,1,41.2,9,41.25,1,2,2022-01-05 09:05:54
1641373555249847000,41.2,10,41.2,1,41.25,1,2,2022-01-05 09:05:55
1641373555822454000,41.2,2,41.15,21,41.25,1,2,2022-01-05 09:05:55
1641373558859209000,41.2,1,41.15,24,41.25,1,1,2022-01-05 09:05:58
1641373559675100000,41.25,1,41.2,2,41.3,11,1,2022-01-05 09:05:59
1641373559675100000,41.3,2,41.2,2,41.3,11,1,2022-01-05 09:05:59
1641373559896872000,41.3,2,41.2,6,41.3,7,1,2022-01-05 09:05:59
1641373559931594000,41.3,2,41.2,6,41.3,5,1,2022-01-05 09:05:59
1641373560185651000,41.3,2,41.2,6,41.3,3,1,2022-01-05 09:06:00
1641373560213224000,41.3,3,41.2,6,41.35,6,1,2022-01-05 09:06:00
1641373560761480000,41.2,4,41.2,2,41.35,6,2,2022-01-05 09:06:00
1641373561081962000,41.35,5,41.25,5,41.35,1,1,2022-01-05 09:06:01
1641373562240457000,41.3,5,41.25,6,41.35,3,2,2022-01-05 09:06:02
1641373562240457000,41.25,5,41.25,6,41.35,3,2,2022-01-05 09:06:02
1641373562252563000,41.25,6,41.2,2,41.25,4,2,2022-01-05 09:06:02
1641373562292793000,41.25,2,41.2,2,41.25,2,1,2022-01-05 09:06:02
1641373562334333000,41.25,2,41.2,4,41.35,3,1,2022-01-05 09:06:02
1641373563064690000,41.25,4,41.2,5,41.4,30,1,2022-01-05 09:06:03
1641373563064690000,41.3,1,41.2,5,41.4,30,1,2022-01-05 09:06:03
1641373563064690000,41.35,3,41.2,5,41.4,30,1,2022-01-05 09:06:03
1641373563064690000,41.4,2,41.2,5,41.4,30,1,2022-01-05 09:06:03
1641373563400839000,41.25,1,41.2,5,41.4,30,1,2022-01-05 09:06:03
1641373563424219000,41.2,5,41.15,41,41.4,30,2,2022-01-05 09:06:03
1641373563433768000,41.4,1,41.2,2,41.4,29,1,2022-01-05 09:06:03
1641373563505638000,41.2,2,41.2,1,41.35,1,2,2022-01-05 09:06:03
1641373563546555000,41.2,1,41.15,41,41.35,1,2,2022-01-05 09:06:03
1641373566142963000,41.3,1,41.2,7,41.4,30,1,2022-01-05 09:06:06
1641373566142963000,41.35,1,41.2,7,41.4,30,1,2022-01-05 09:06:06
1641373569227181000,41.3,1,41.25,1,41.35,5,1,2022-01-05 09:06:09
1641373569227181000,41.35,2,41.25,1,41.35,5,1,2022-01-05 09:06:09
1641373569426161000,41.3,2,41.25,1,41.35,5,1,2022-01-05 09:06:09
1641373569892197000,41.25,1,41.2,43,41.25,2,2,2022-01-05 09:06:09
1641373569921145000,41.25,2,41.2,43,41.35,5,1,2022-01-05 09:06:09
1641373572284926000,41.35,2,41.3,1,41.35,10,1,2022-01-05 09:06:12
1641373572656252000,41.35,2,41.3,1,41.35,7,1,2022-01-05 09:06:12
1641373573801112000,41.35,2,41.3,1,41.35,6,1,2022-01-05 09:06:13
1641373575101755000,41.3,1,41.25,2,41.35,8,2,2022-01-05 09:06:15
1641373577663666000,41.35,1,41.3,5,41.35,12,1,2022-01-05 09:06:17
1641373581302711000,41.3,1,41.3,18,41.35,14,2,2022-01-05 09:06:21
1641373581660766000,41.35,12,41.3,18,41.35,2,1,2022-01-05 09:06:21
1641373581698106000,41.35,2,41.3,18,41.4,35,1,2022-01-05 09:06:21
1641373582231585000,41.35,1,41.3,19,41.4,32,2,2022-01-05 09:06:22
1641373583254601000,41.35,1,41.35,3,41.4,32,2,2022-01-05 09:06:23
1641373583273836000,41.35,1,41.35,2,41.4,32,2,2022-01-05 09:06:23
1641373583400638000,41.35,1,41.35,2,41.4,32,2,2022-01-05 09:06:23
1641373585039775000,41.35,1,41.35,8,41.4,32,2,2022-01-05 09:06:25
1641373585466286000,41.35,2,41.35,7,41.4,32,2,2022-01-05 09:06:25
1641373585527575000,41.35,4,41.35,3,41.4,32,2,2022-01-05 09:06:25
1641373587584867000,41.35,1,41.35,3,41.4,40,2,2022-01-05 09:06:27
1641373589458434000,41.35,2,41.35,3,41.4,40,2,2022-01-05 09:06:29
1641373590124646000,41.4,1,41.35,4,41.4,39,1,2022-01-05 09:06:30
1641373590221349000,41.35,1,41.35,3,41.4,39,2,2022-01-05 09:06:30
1641373591382423000,41.4,1,41.35,6,41.4,38,1,2022-01-05 09:06:31
1641373591910014000,41.4,3,41.35,6,41.4,36,1,2022-01-05 09:06:31
1641373594144338000,41.35,10,41.35,4,41.4,38,2,2022-01-05 09:06:34
1641373594242227000,41.35,4,41.3,29,41.4,44,2,2022-01-05 09:06:34
1641373595142155000,41.35,2,41.3,21,41.4,44,2,2022-01-05 09:06:35
1641373595142155000,41.3,8,41.3,21,41.4,44,2,2022-01-05 09:06:35
1641373595667079000,41.35,4,41.3,21,41.35,2,1,2022-01-05 09:06:35
1641373595877742000,41.35,2,41.3,21,41.35,6,1,2022-01-05 09:06:35
1641373595897231000,41.35,1,41.3,21,41.35,5,1,2022-01-05 09:06:35
1641373596913402000,41.35,1,41.3,22,41.35,4,1,2022-01-05 09:06:36
1641373597571275000,41.35,4,41.35,1,41.4,44,1,2022-01-05 09:06:37
1641373597603439000,41.35,1,41.3,22,41.35,1,2,2022-01-05 09:06:37
1641373598849912000,41.35,1,41.3,22,41.35,11,1,2022-01-05 09:06:38
1641373599026091000,41.35,10,41.3,22,41.35,1,1,2022-01-05 09:06:39
1641373600980174000,41.35,3,41.3,22,41.35,1,1,2022-01-05 09:06:40
1641373601169848000,41.3,2,41.3,20,41.35,1,2,2022-01-05 09:06:41
1641373601416363000,41.35,1,41.3,20,41.4,64,1,2022-01-05 09:06:41
1641373602635201000,41.35,5,41.3,22,41.35,4,1,2022-01-05 09:06:42
1641373602780720000,41.35,2,41.3,22,41.35,2,1,2022-01-05 09:06:42
1641373603311788000,41.35,1,41.3,27,41.35,4,1,2022-01-05 09:06:43
1641373603394915000,41.35,1,41.3,26,41.35,8,1,2022-01-05 09:06:43
1641373604247518000,41.35,2,41.3,26,41.35,6,1,2022-01-05 09:06:44
1641373604700992000,41.35,7,41.3,26,41.4,61,1,2022-01-05 09:06:44
1641373604700992000,41.4,3,41.3,26,41.4,61,1,2022-01-05 09:06:44
1641373604989370000,41.35,1,41.3,26,41.4,61,2,2022-01-05 09:06:44
1641373605534348000,41.35,1,41.3,25,41.35,4,1,2022-01-05 09:06:45
1641373605540618000,41.35,4,41.35,1,41.4,61,1,2022-01-05 09:06:45
1641373605576661000,41.35,1,41.3,25,41.4,61,2,2022-01-05 09:06:45
1641373606080424000,41.35,1,41.3,26,41.4,61,2,2022-01-05 09:06:46
1641373608738577000,41.4,1,41.3,30,41.4,60,1,2022-01-05 09:06:48
1641373609090493000,41.35,1,41.3,30,41.4,60,2,2022-01-05 09:06:49
1641373610080529000,41.3,1,41.3,32,41.35,6,2,2022-01-05 09:06:50
1641373610441095000,41.35,1,41.3,33,41.35,5,1,2022-01-05 09:06:50
1641373610593114000,41.35,1,41.3,33,41.35,4,1,2022-01-05 09:06:50
1641373611486629000,41.35,2,41.3,33,41.35,4,1,2022-01-05 09:06:51
1641373612423170000,41.3,4,41.3,29,41.35,14,2,2022-01-05 09:06:52
1641373614912883000,41.35,1,41.3,35,41.35,27,1,2022-01-05 09:06:54
1641373615140943000,41.35,10,41.3,35,41.35,17,1,2022-01-05 09:06:55
1641373616679940000,41.35,1,41.3,36,41.35,17,1,2022-01-05 09:06:56
1641373617278081000,41.35,2,41.3,36,41.35,15,1,2022-01-05 09:06:57
1641373617562004000,41.35,1,41.3,36,41.35,14,1,2022-01-05 09:06:57
1641373617963401000,41.35,1,41.3,36,41.35,13,1,2022-01-05 09:06:57
1641373618085529000,41.3,1,41.3,35,41.35,13,2,2022-01-05 09:06:58
1641373618431698000,41.3,1,41.3,35,41.35,14,2,2022-01-05 09:06:58
1641373618684326000,41.35,2,41.3,35,41.35,12,1,2022-01-05 09:06:58
1641373619368544000,41.35,1,41.3,36,41.35,11,1,2022-01-05 09:06:59
1641373619986126000,41.35,1,41.3,36,41.35,11,1,2022-01-05 09:06:59
1641373620479989000,41.35,2,41.3,35,41.35,9,1,2022-01-05 09:07:00
1641373621012109000,41.35,1,41.3,35,41.35,8,1,2022-01-05 09:07:01
1641373621548554000,41.35,4,41.3,35,41.35,4,1,2022-01-05 09:07:01
1641373621703820000,41.3,1,41.3,34,41.35,4,2,2022-01-05 09:07:01
1641373622255340000,41.35,1,41.3,34,41.35,4,1,2022-01-05 09:07:02
1641373622591982000,41.35,2,41.3,34,41.35,2,1,2022-01-05 09:07:02
1641373623680963000,41.3,2,41.3,31,41.35,2,2,2022-01-05 09:07:03
1641373623705380000,41.3,5,41.3,26,41.35,2,2,2022-01-05 09:07:03
1641373623885622000,41.3,1,41.3,25,41.35,2,2,2022-01-05 09:07:03
1641373624923644000,41.3,1,41.3,26,41.35,5,2,2022-01-05 09:07:04
1641373625731072000,41.35,2,41.3,26,41.35,7,1,2022-01-05 09:07:05
1641373626823567000,41.35,1,41.3,28,41.35,9,1,2022-01-05 09:07:06
1641373626862815000,41.3,11,41.3,22,41.35,9,2,2022-01-05 09:07:06
1641373626898021000,41.35,5,41.3,22,41.35,4,1,2022-01-05 09:07:06
1641373627584185000,41.35,3,41.3,21,41.35,1,1,2022-01-05 09:07:07
1641373629069625000,41.35,2,41.3,21,41.35,4,1,2022-01-05 09:07:09
1641373629532245000,41.35,4,41.35,1,41.4,44,1,2022-01-05 09:07:09
1641373630417019000,41.35,1,41.3,41,41.4,44,2,2022-01-05 09:07:10
1641373631113233000,41.35,3,41.3,46,41.35,2,1,2022-01-05 09:07:11
1641373631433896000,41.35,2,41.35,1,41.4,44,1,2022-01-05 09:07:11
1641373631655344000,41.35,1,41.3,46,41.4,44,2,2022-01-05 09:07:11
1641373631921976000,41.3,1,41.3,45,41.4,44,2,2022-01-05 09:07:11
1641373636616539000,41.35,1,41.3,45,41.35,2,1,2022-01-05 09:07:16
1641373637445811000,41.3,1,41.3,44,41.35,2,2,2022-01-05 09:07:17
1641373637902882000,41.3,5,41.3,39,41.35,8,2,2022-01-05 09:07:17
1641373637931127000,41.3,3,41.3,36,41.35,8,2,2022-01-05 09:07:17
1641373637952366000,41.3,3,41.3,33,41.35,8,2,2022-01-05 09:07:17
1641373639160938000,41.3,1,41.3,34,41.35,8,2,2022-01-05 09:07:19
1641373639524099000,41.35,2,41.3,34,41.35,6,1,2022-01-05 09:07:19
1641373639657518000,41.3,3,41.3,31,41.35,6,2,2022-01-05 09:07:19
1641373639792497000,41.3,2,41.3,29,41.35,6,2,2022-01-05 09:07:19
1641373640281373000,41.3,5,41.3,25,41.35,12,2,2022-01-05 09:07:20
1641373640313208000,41.3,22,41.3,3,41.35,12,2,2022-01-05 09:07:20
1641373640445141000,41.3,2,41.3,3,41.35,12,2,2022-01-05 09:07:20
1641373640460910000,41.3,3,41.25,16,41.3,2,2,2022-01-05 09:07:20
1641373641171190000,41.3,15,41.25,16,41.3,8,1,2022-01-05 09:07:21
1641373641274041000,41.3,10,41.25,16,41.3,1,1,2022-01-05 09:07:21
1641373641534177000,41.25,5,41.25,11,41.3,1,2,2022-01-05 09:07:21
1641373641586552000,41.25,5,41.25,6,41.3,1,2,2022-01-05 09:07:21
1641373642812565000,41.25,1,41.25,5,41.3,23,2,2022-01-05 09:07:22
1641373643639688000,41.25,3,41.25,2,41.3,23,2,2022-01-05 09:07:23
1641373644192194000,41.3,1,41.25,2,41.3,22,1,2022-01-05 09:07:24
1641373644363083000,41.25,1,41.25,1,41.3,22,2,2022-01-05 09:07:24
1641373644609919000,41.25,1,41.2,38,41.3,22,2,2022-01-05 09:07:24
1641373646686908000,41.25,2,41.2,38,41.25,9,1,2022-01-05 09:07:26
1641373647786162000,41.25,1,41.2,48,41.25,21,1,2022-01-05 09:07:27
1641373648948072000,41.2,2,41.2,46,41.25,22,2,2022-01-05 09:07:28
1641373649280287000,41.25,2,41.2,46,41.25,20,1,2022-01-05 09:07:29
1641373649345715000,41.25,2,41.2,51,41.25,18,1,2022-01-05 09:07:29
1641373649685082000,41.2,3,41.2,48,41.25,18,2,2022-01-05 09:07:29
1641373650438850000,41.2,5,41.2,42,41.25,20,2,2022-01-05 09:07:30
1641373653221430000,41.2,1,41.2,43,41.25,22,2,2022-01-05 09:07:33
1641373653789887000,41.2,1,41.2,42,41.25,22,2,2022-01-05 09:07:33
1641373654683127000,41.2,5,41.2,38,41.25,19,2,2022-01-05 09:07:34
1641373655220977000,41.2,1,41.2,37,41.25,19,2,2022-01-05 09:07:35
1641373655761540000,41.2,1,41.2,36,41.25,19,2,2022-01-05 09:07:35
1641373656740186000,41.2,4,41.2,33,41.25,19,2,2022-01-05 09:07:36
1641373657677058000,41.2,5,41.2,29,41.25,19,2,2022-01-05 09:07:37
1641373658985545000,41.2,6,41.2,24,41.25,20,2,2022-01-05 09:07:38
1641373659089017000,41.2,1,41.2,23,41.25,20,2,2022-01-05 09:07:39
1641373659206475000,41.2,2,41.2,21,41.25,24,2,2022-01-05 09:07:39
1641373659905081000,41.2,1,41.2,20,41.25,24,2,2022-01-05 09:07:39
1641373659906206000,41.2,1,41.2,19,41.25,24,2,2022-01-05 09:07:39
1641373659956389000,41.2,5,41.2,14,41.25,24,2,2022-01-05 09:07:39
1641373660162729000,41.2,5,41.2,9,41.25,24,2,2022-01-05 09:07:40
1641373660223936000,41.2,3,41.2,6,41.25,24,2,2022-01-05 09:07:40
1641373660338168000,41.2,2,41.2,4,41.25,24,2,2022-01-05 09:07:40
1641373660677200000,41.2,2,41.2,2,41.25,24,2,2022-01-05 09:07:40
1641373661416694000,41.2,1,41.2,1,41.25,24,2,2022-01-05 09:07:41
1641373661541025000,41.2,1,41.15,35,41.25,24,2,2022-01-05 09:07:41
1641373662143203000,41.15,10,41.15,25,41.2,14,2,2022-01-05 09:07:42
1641373662182020000,41.15,2,41.15,23,41.2,15,2,2022-01-05 09:07:42
1641373662184741000,41.2,1,41.15,23,41.2,14,1,2022-01-05 09:07:42
1641373662654967000,41.2,1,41.15,23,41.2,18,1,2022-01-05 09:07:42
1641373662684769000,41.2,18,41.15,23,41.25,25,1,2022-01-05 09:07:42
1641373663338041000,41.15,2,41.15,21,41.2,3,2,2022-01-05 09:07:43
1641373664202981000,41.2,1,41.15,21,41.2,2,1,2022-01-05 09:07:44
1641373664964861000,41.15,1,41.15,22,41.2,10,2,2022-01-05 09:07:44
1641373665280676000,41.2,1,41.15,22,41.2,9,1,2022-01-05 09:07:45
1641373666904863000,41.2,1,41.15,22,41.2,10,1,2022-01-05 09:07:46
1641373668533211000,41.2,2,41.15,22,41.2,12,1,2022-01-05 09:07:48
1641373669521134000,41.2,2,41.15,23,41.2,10,1,2022-01-05 09:07:49
1641373670754205000,41.2,1,41.15,23,41.2,10,1,2022-01-05 09:07:50
1641373674296257000,41.2,1,41.15,33,41.2,30,1,2022-01-05 09:07:54
1641373675320383000,41.15,1,41.15,32,41.2,30,2,2022-01-05 09:07:55
1641373678560304000,41.2,1,41.15,33,41.2,30,1,2022-01-05 09:07:58
1641373679677418000,41.15,3,41.15,30,41.2,31,2,2022-01-05 09:07:59
1641373682271724000,41.15,1,41.15,29,41.2,31,2,2022-01-05 09:08:02
1641373684788111000,41.15,4,41.15,27,41.2,36,2,2022-01-05 09:08:04
1641373684851384000,41.15,2,41.15,25,41.2,36,2,2022-01-05 09:08:04
1641373685318080000,41.15,1,41.15,24,41.2,36,2,2022-01-05 09:08:05
1641373685942900000,41.15,5,41.15,19,41.2,37,2,2022-01-05 09:08:05
1641373686685057000,41.15,5,41.15,14,41.2,37,2,2022-01-05 09:08:06
1641373687507327000,41.15,5,41.15,9,41.2,37,2,2022-01-05 09:08:07
1641373687843618000,41.15,2,41.15,7,41.2,37,2,2022-01-05 09:08:07
1641373688450811000,41.15,1,41.15,6,41.2,37,2,2022-01-05 09:08:08
1641373689020252000,41.15,1,41.15,5,41.2,41,2,2022-01-05 09:08:09
1641373689089363000,41.15,1,41.15,6,41.2,41,2,2022-01-05 09:08:09
1641373689193735000,41.15,2,41.15,4,41.2,41,2,2022-01-05 09:08:09
1641373689259103000,41.15,4,41.1,38,41.15,6,2,2022-01-05 09:08:09
1641373689850768000,41.1,5,41.1,33,41.15,6,2,2022-01-05 09:08:09
1641373690617853000,41.15,2,41.1,33,41.15,10,1,2022-01-05 09:08:10
1641373691516670000,41.1,3,41.1,30,41.15,10,2,2022-01-05 09:08:11
1641373691886219000,41.15,5,41.1,30,41.15,7,1,2022-01-05 09:08:11
1641373692953206000,41.1,1,41.1,30,41.15,7,2,2022-01-05 09:08:12
1641373695028128000,41.15,10,41.1,30,41.15,9,1,2022-01-05 09:08:15
1641373695372431000,41.15,9,41.1,32,41.2,41,1,2022-01-05 09:08:15
1641373696107086000,41.15,1,41.1,31,41.2,41,2,2022-01-05 09:08:16
1641373696114852000,41.1,1,41.1,30,41.2,41,2,2022-01-05 09:08:16
1641373696284792000,41.15,1,41.15,4,41.2,41,2,2022-01-05 09:08:16
1641373696402901000,41.15,1,41.15,4,41.2,41,2,2022-01-05 09:08:16
1641373696433021000,41.15,4,41.1,30,41.2,41,2,2022-01-05 09:08:16
1641373697049840000,41.1,1,41.1,29,41.2,41,2,2022-01-05 09:08:17
1641373697685459000,41.15,1,41.1,29,41.2,41,1,2022-01-05 09:08:17
1641373699469047000,41.15,1,41.1,31,41.2,42,2,2022-01-05 09:08:19
1641373700311047000,41.15,5,41.1,32,41.15,5,2,2022-01-05 09:08:20
1641373700335232000,41.15,5,41.1,32,41.2,42,1,2022-01-05 09:08:20
1641373702330079000,41.1,1,41.1,52,41.2,42,2,2022-01-05 09:08:22
1641373702378890000,41.15,1,41.1,52,41.2,42,1,2022-01-05 09:08:22
1641373702742482000,41.15,1,41.1,52,41.15,3,1,2022-01-05 09:08:22
1641373702777261000,41.15,3,41.1,52,41.2,42,1,2022-01-05 09:08:22
1641373703764593000,41.15,1,41.1,52,41.15,1,2,2022-01-05 09:08:23
1641373704841371000,41.15,1,41.15,19,41.2,42,1,2022-01-05 09:08:24
1641373705266690000,41.2,1,41.15,19,41.2,41,1,2022-01-05 09:08:25
1641373705291168000,41.2,27,41.15,19,41.2,14,1,2022-01-05 09:08:25
1641373705311205000,41.2,14,41.15,19,41.25,14,1,2022-01-05 09:08:25
1641373705940207000,41.25,5,41.15,23,41.25,9,1,2022-01-05 09:08:25
1641373705973061000,41.25,2,41.15,23,41.25,7,1,2022-01-05 09:08:25
1641373706288482000,41.25,7,41.15,23,41.3,9,1,2022-01-05 09:08:26
1641373706288482000,41.3,13,41.15,23,41.3,9,1,2022-01-05 09:08:26
1641373706315806000,41.3,3,41.15,23,41.3,6,1,2022-01-05 09:08:26
1641373706316026000,41.3,1,41.15,23,41.3,5,1,2022-01-05 09:08:26
1641373706485320000,41.3,1,41.2,2,41.3,4,1,2022-01-05 09:08:26
1641373706519574000,41.3,2,41.2,2,41.3,2,1,2022-01-05 09:08:26
1641373706548010000,41.3,2,41.2,3,41.35,12,1,2022-01-05 09:08:26
1641373707520226000,41.35,6,41.3,16,41.35,6,1,2022-01-05 09:08:27
1641373707555110000,41.35,4,41.3,16,41.35,2,1,2022-01-05 09:08:27
1641373707557396000,41.35,2,41.3,16,41.4,38,1,2022-01-05 09:08:27
1641373708691555000,41.4,20,41.35,2,41.4,19,1,2022-01-05 09:08:28
1641373708840456000,41.4,1,41.35,3,41.4,18,1,2022-01-05 09:08:28
1641373709229880000,41.35,1,41.35,5,41.4,18,2,2022-01-05 09:08:29
1641373709255645000,41.4,1,41.35,5,41.4,17,1,2022-01-05 09:08:29
1641373709501740000,41.35,1,41.35,6,41.4,17,2,2022-01-05 09:08:29
1641373709702342000,41.4,10,41.35,6,41.4,7,1,2022-01-05 09:08:29
1641373709910772000,41.4,2,41.35,6,41.4,5,1,2022-01-05 09:08:29
1641373710778921000,41.4,2,41.35,4,41.4,3,1,2022-01-05 09:08:30
1641373711041047000,41.4,1,41.35,4,41.4,2,1,2022-01-05 09:08:31
1641373711062870000,41.35,1,41.35,3,41.4,2,2,2022-01-05 09:08:31
1641373711110570000,41.4,1,41.35,3,41.4,1,1,2022-01-05 09:08:31
1641373711920648000,41.35,2,41.35,3,41.4,1,2,2022-01-05 09:08:31
1641373712009814000,41.35,1,41.3,1,41.4,1,2,2022-01-05 09:08:32
1641373712087093000,41.4,1,41.3,2,41.45,31,1,2022-01-05 09:08:32
1641373712087093000,41.45,29,41.3,2,41.45,31,1,2022-01-05 09:08:32
1641373712255448000,41.45,3,41.3,2,41.45,28,1,2022-01-05 09:08:32
1641373712322675000,41.45,2,41.3,2,41.45,26,1,2022-01-05 09:08:32
1641373712603831000,41.45,26,41.3,2,41.5,57,1,2022-01-05 09:08:32
1641373713435477000,41.5,4,41.45,8,41.5,53,1,2022-01-05 09:08:33
1641373713454316000,41.5,4,41.45,8,41.5,49,1,2022-01-05 09:08:33
1641373713587704000,41.5,4,41.45,8,41.5,45,1,2022-01-05 09:08:33
1641373713619162000,41.5,4,41.45,8,41.5,41,1,2022-01-05 09:08:33
1641373713629655000,41.5,6,41.45,8,41.5,35,1,2022-01-05 09:08:33
1641373713663785000,41.5,4,41.45,8,41.5,31,1,2022-01-05 09:08:33
1641373713663916000,41.5,4,41.45,8,41.5,27,1,2022-01-05 09:08:33
1641373713664252000,41.5,8,41.45,8,41.5,19,1,2022-01-05 09:08:33
1641373713696916000,41.5,15,41.45,8,41.5,4,1,2022-01-05 09:08:33
1641373713710152000,41.45,8,41.35,20,41.5,4,2,2022-01-05 09:08:33
1641373713710152000,41.4,11,41.35,20,41.5,4,2,2022-01-05 09:08:33
1641373713710152000,41.35,1,41.35,20,41.5,4,2,2022-01-05 09:08:33
1641373713730402000,41.5,4,41.35,20,41.55,23,1,2022-01-05 09:08:33
1641373713975731000,41.55,2,41.45,4,41.55,24,1,2022-01-05 09:08:33
1641373714016571000,41.55,2,41.45,4,41.55,22,1,2022-01-05 09:08:34
1641373714017737000,41.55,2,41.45,4,41.55,20,1,2022-01-05 09:08:34
1641373714152078000,41.55,1,41.45,4,41.55,19,1,2022-01-05 09:08:34
1641373714153363000,41.55,1,41.45,4,41.55,18,1,2022-01-05 09:08:34
1641373714162108000,41.55,1,41.45,4,41.55,17,1,2022-01-05 09:08:34
1641373714174262000,41.55,1,41.45,4,41.55,16,1,2022-01-05 09:08:34
1641373714195150000,41.55,10,41.45,4,41.55,6,1,2022-01-05 09:08:34
1641373714207293000,41.45,2,41.45,2,41.55,6,2,2022-01-05 09:08:34
1641373714207416000,41.55,5,41.45,2,41.55,1,1,2022-01-05 09:08:34
1641373714413709000,41.55,1,41.55,5,41.6,23,1,2022-01-05 09:08:34
1641373714467210000,41.6,1,41.55,7,41.6,22,1,2022-01-05 09:08:34
1641373714513138000,41.6,2,41.55,7,41.6,20,1,2022-01-05 09:08:34
1641373714651619000,41.6,6,41.55,7,41.6,14,1,2022-01-05 09:08:34
1641373714771799000,41.6,1,41.55,7,41.6,13,1,2022-01-05 09:08:34
1641373714809211000,41.6,6,41.55,7,41.6,7,1,2022-01-05 09:08:34
1641373714986682000,41.6,6,41.55,7,41.6,1,1,2022-01-05 09:08:34
1641373715017396000,41.6,1,41.55,7,41.65,8,1,2022-01-05 09:08:35
1641373715062455000,41.65,5,41.6,2,41.65,3,1,2022-01-05 09:08:35
1641373715096076000,41.65,3,41.6,2,41.7,12,1,2022-01-05 09:08:35
1641373715110139000,41.7,3,41.6,2,41.7,9,1,2022-01-05 09:08:35
1641373715190137000,41.7,5,41.6,2,41.7,4,1,2022-01-05 09:08:35
1641373715211038000,41.7,4,41.6,2,41.75,14,1,2022-01-05 09:08:35
1641373715237083000,41.75,6,41.6,2,41.75,8,1,2022-01-05 09:08:35
1641373715265004000,41.75,5,41.6,2,41.75,3,1,2022-01-05 09:08:35
1641373715278117000,41.75,1,41.6,2,41.75,2,1,2022-01-05 09:08:35
1641373715337942000,41.75,3,41.6,2,41.8,16,1,2022-01-05 09:08:35
1641373715405410000,41.8,1,41.6,2,41.8,15,1,2022-01-05 09:08:35
1641373715446274000,41.8,15,41.8,31,41.85,1,1,2022-01-05 09:08:35
1641373715456857000,41.85,1,41.8,31,41.9,14,1,2022-01-05 09:08:35
1641373715456857000,41.9,3,41.8,31,41.9,14,1,2022-01-05 09:08:35
1641373716516225000,41.9,2,41.8,31,41.9,12,1,2022-01-05 09:08:36
1641373716904849000,41.9,1,41.8,31,41.9,11,1,2022-01-05 09:08:36
1641373717287877000,41.9,1,41.85,1,41.9,11,1,2022-01-05 09:08:37
1641373717328835000,41.9,3,41.85,1,41.9,8,1,2022-01-05 09:08:37
1641373717508732000,41.9,1,41.85,2,41.9,7,1,2022-01-05 09:08:37
1641373717536568000,41.9,1,41.85,2,41.9,6,1,2022-01-05 09:08:37
1641373717698422000,41.85,2,41.8,29,41.9,6,2,2022-01-05 09:08:37
1641373717698422000,41.8,2,41.8,29,41.9,6,2,2022-01-05 09:08:37
1641373717835451000,41.9,1,41.8,29,41.9,5,1,2022-01-05 09:08:37
1641373718084178000,41.8,20,41.8,11,41.9,5,2,2022-01-05 09:08:38
1641373718113610000,41.8,11,41.75,1,41.9,5,2,2022-01-05 09:08:38
1641373718579388000,41.75,1,41.7,1,41.9,5,2,2022-01-05 09:08:38
1641373718579388000,41.7,7,41.7,1,41.9,5,2,2022-01-05 09:08:38
1641373718676625000,41.9,1,41.7,1,41.9,4,1,2022-01-05 09:08:38
1641373718771327000,41.9,3,41.7,3,41.9,1,1,2022-01-05 09:08:38
1641373719991822000,41.85,2,41.7,1,41.85,1,1,2022-01-05 09:08:39
1641373720005685000,41.85,2,41.7,1,41.9,13,1,2022-01-05 09:08:40
1641373720005685000,41.9,7,41.7,1,41.9,13,1,2022-01-05 09:08:40
1641373720078494000,41.7,1,41.4,1,41.85,3,2,2022-01-05 09:08:40
1641373720078494000,41.65,3,41.4,1,41.85,3,2,2022-01-05 09:08:40
1641373720078494000,41.45,7,41.4,1,41.85,3,2,2022-01-05 09:08:40
1641373720078494000,41.4,4,41.4,1,41.85,3,2,2022-01-05 09:08:40
1641373720176457000,41.8,1,41.5,2,41.8,10,1,2022-01-05 09:08:40
1641373720212204000,41.8,5,41.55,1,41.8,5,1,2022-01-05 09:08:40
1641373720345458000,41.8,1,41.65,1,41.8,4,1,2022-01-05 09:08:40
1641373720646003000,41.8,1,41.65,1,41.8,4,1,2022-01-05 09:08:40
1641373720864867000,41.8,1,41.65,1,41.8,3,1,2022-01-05 09:08:40
1641373721114010000,41.65,1,41.15,1,41.8,3,2,2022-01-05 09:08:41
1641373721114010000,41.4,4,41.15,1,41.8,3,2,2022-01-05 09:08:41
1641373721114010000,41.35,4,41.15,1,41.8,3,2,2022-01-05 09:08:41
1641373721114010000,41.3,3,41.15,1,41.8,3,2,2022-01-05 09:08:41
1641373721114010000,41.15,8,41.15,1,41.8,3,2,2022-01-05 09:08:41
1641373721158225000,41.3,6,41.15,2,41.75,1,2,2022-01-05 09:08:41
1641373721158225000,41.2,2,41.15,2,41.75,1,2,2022-01-05 09:08:41
1641373721158225000,41.15,2,41.15,2,41.75,1,2,2022-01-05 09:08:41
1641373721374939000,41.7,3,41.5,2,41.75,2,2,2022-01-05 09:08:41
1641373721458540000,41.5,2,41.45,1,41.75,4,2,2022-01-05 09:08:41
1641373721522319000,41.75,1,41.45,1,41.75,3,1,2022-01-05 09:08:41
1641373721702204000,41.75,1,41.5,1,41.75,2,1,2022-01-05 09:08:41
1641373722056167000,41.5,1,41.45,1,41.65,3,2,2022-01-05 09:08:42
1641373722146905000,41.65,1,41.45,1,41.65,2,1,2022-01-05 09:08:42
1641373722301118000,41.65,1,41.45,1,41.65,1,1,2022-01-05 09:08:42
1641373723516833000,41.65,1,41.45,1,41.65,7,1,2022-01-05 09:08:43
1641373723791597000,41.65,2,41.45,1,41.65,3,1,2022-01-05 09:08:43
1641373723877042000,41.65,1,41.5,1,41.65,2,1,2022-01-05 09:08:43
1641373723932800000,41.65,1,41.5,1,41.65,1,1,2022-01-05 09:08:43
1641373724214637000,41.5,1,41.45,1,41.6,3,2,2022-01-05 09:08:44
1641373724853567000,41.45,1,41.3,8,41.6,10,2,2022-01-05 09:08:44
1641373724853567000,41.35,1,41.3,8,41.6,10,2,2022-01-05 09:08:44
1641373725751118000,41.3,1,41.3,4,41.55,19,2,2022-01-05 09:08:45
1641373726308988000,41.3,1,41.3,3,41.5,2,2,2022-01-05 09:08:46
1641373726372391000,41.45,1,41.3,5,41.5,3,2,2022-01-05 09:08:46
1641373727784046000,41.4,6,41.3,5,41.4,2,1,2022-01-05 09:08:47
1641373728034398000,41.4,2,41.3,6,41.5,12,1,2022-01-05 09:08:48
1641373728034398000,41.45,4,41.3,6,41.5,12,1,2022-01-05 09:08:48
1641373728034398000,41.5,4,41.3,6,41.5,12,1,2022-01-05 09:08:48
1641373728581059000,41.5,1,41.4,5,41.5,7,1,2022-01-05 09:08:48
1641373728606050000,41.4,1,41.4,4,41.5,7,2,2022-01-05 09:08:48
1641373728606921000,41.5,2,41.4,4,41.5,5,1,2022-01-05 09:08:48
1641373728827780000,41.5,1,41.4,4,41.5,4,1,2022-01-05 09:08:48
1641373730420409000,41.5,1,41.4,4,41.5,3,1,2022-01-05 09:08:50
1641373731261708000,41.5,2,41.45,3,41.5,1,1,2022-01-05 09:08:51
1641373731282514000,41.5,1,41.5,9,41.55,3,1,2022-01-05 09:08:51
1641373732427529000,41.55,1,41.5,9,41.65,12,1,2022-01-05 09:08:52
1641373732503889000,41.55,10,41.5,9,41.65,12,2,2022-01-05 09:08:52
1641373733059505000,41.65,5,41.55,1,41.65,8,1,2022-01-05 09:08:53
1641373733090391000,41.65,8,41.55,1,41.7,2,1,2022-01-05 09:08:53
1641373734395423000,41.65,1,41.55,9,41.7,2,1,2022-01-05 09:08:54
1641373734604202000,41.7,1,41.55,9,41.7,1,1,2022-01-05 09:08:54
1641373735695969000,41.7,1,41.6,5,41.75,3,1,2022-01-05 09:08:55
1641373735971971000,41.6,1,41.6,4,41.75,3,2,2022-01-05 09:08:55
1641373736552258000,41.6,1,41.6,3,41.75,3,2,2022-01-05 09:08:56
1641373736786915000,41.7,1,41.6,5,41.7,9,1,2022-01-05 09:08:56
1641373737075251000,41.7,1,41.6,3,41.7,8,1,2022-01-05 09:08:57
1641373738739552000,41.7,8,41.6,4,41.75,2,1,2022-01-05 09:08:58
1641373738739552000,41.75,2,41.6,4,41.75,2,1,2022-01-05 09:08:58
1641373739365074000,41.6,3,41.6,9,41.75,5,2,2022-01-05 09:08:59
1641373739696461000,41.7,1,41.6,10,41.75,5,2,2022-01-05 09:08:59
1641373740878691000,41.7,2,41.65,6,41.75,5,1,2022-01-05 09:09:00
1641373741542484000,41.75,1,41.7,1,41.75,4,1,2022-01-05 09:09:01
1641373742006834000,41.7,1,41.7,3,41.75,5,2,2022-01-05 09:09:02
1641373742167029000,41.75,1,41.7,3,41.75,4,1,2022-01-05 09:09:02
1641373742372962000,41.7,1,41.7,2,41.75,4,2,2022-01-05 09:09:02
1641373742781462000,41.7,2,41.65,7,41.75,4,2,2022-01-05 09:09:02
1641373742892613000,41.7,1,41.65,7,41.7,2,1,2022-01-05 09:09:02
1641373743441795000,41.7,1,41.65,7,41.7,3,1,2022-01-05 09:09:03
1641373743478015000,41.7,1,41.65,7,41.7,2,1,2022-01-05 09:09:03
1641373743561654000,41.7,1,41.65,7,41.7,1,1,2022-01-05 09:09:03
1641373744103260000,41.7,1,41.65,7,41.75,4,1,2022-01-05 09:09:04
1641373744274633000,41.75,1,41.7,1,41.75,5,1,2022-01-05 09:09:04
1641373744509667000,41.7,1,41.65,7,41.75,5,2,2022-01-05 09:09:04
1641373744739634000,41.7,1,41.65,8,41.75,5,1,2022-01-05 09:09:04
1641373745260871000,41.75,2,41.7,20,41.75,2,1,2022-01-05 09:09:05
1641373745799486000,41.7,4,41.7,16,41.75,4,2,2022-01-05 09:09:05
1641373746138042000,41.75,1,41.7,16,41.75,3,1,2022-01-05 09:09:06
1641373746589543000,41.7,3,41.7,15,41.75,4,2,2022-01-05 09:09:06
1641373747219003000,41.75,1,41.7,21,41.75,3,1,2022-01-05 09:09:07
1641373747731937000,41.75,4,41.7,24,41.8,1,1,2022-01-05 09:09:07
1641373747731937000,41.8,2,41.7,24,41.8,1,1,2022-01-05 09:09:07
1641373747736575000,41.8,1,41.7,24,41.85,4,1,2022-01-05 09:09:07
1641373747736575000,41.85,1,41.7,24,41.85,4,1,2022-01-05 09:09:07
1641373747980921000,41.75,1,41.75,8,41.85,4,2,2022-01-05 09:09:07
1641373748053417000,41.85,1,41.75,8,41.85,3,1,2022-01-05 09:09:08
1641373748595920000,41.75,1,41.75,7,41.85,3,2,2022-01-05 09:09:08
1641373748773019000,41.75,7,41.7,25,41.75,3,2,2022-01-05 09:09:08
1641373749213451000,41.75,4,41.7,25,41.85,3,1,2022-01-05 09:09:09
1641373749213451000,41.85,6,41.7,25,41.85,3,1,2022-01-05 09:09:09
1641373750618519000,41.75,1,41.75,1,41.85,4,2,2022-01-05 09:09:10
1641373750625377000,41.85,1,41.75,1,41.85,3,1,2022-01-05 09:09:10
1641373750644170000,41.75,1,41.7,25,41.85,5,2,2022-01-05 09:09:10
1641373750686145000,41.85,6,41.7,25,41.95,23,1,2022-01-05 09:09:10
1641373750686145000,41.9,6,41.7,25,41.95,23,1,2022-01-05 09:09:10
1641373750686145000,41.95,8,41.7,25,41.95,23,1,2022-01-05 09:09:10
1641373751061057000,41.95,3,41.75,1,41.95,21,1,2022-01-05 09:09:11
1641373751102565000,41.95,2,41.75,1,41.95,19,1,2022-01-05 09:09:11
1641373752438620000,41.9,1,41.85,20,41.95,15,1,2022-01-05 09:09:12
1641373752438620000,41.95,4,41.85,20,41.95,15,1,2022-01-05 09:09:12
1641373753087119000,41.95,6,41.9,7,41.95,9,1,2022-01-05 09:09:13
1641373753241343000,41.9,5,41.9,2,41.95,9,2,2022-01-05 09:09:13
1641373753674453000,41.95,1,41.9,2,41.95,8,1,2022-01-05 09:09:13
1641373753722214000,41.95,1,41.9,2,41.95,7,1,2022-01-05 09:09:13
1641373753756974000,41.95,7,41.9,2,42.0,140,1,2022-01-05 09:09:13
1641373753756974000,42.0,4,41.9,2,42.0,140,1,2022-01-05 09:09:13
1641373753803581000,42.0,1,41.9,2,42.0,139,1,2022-01-05 09:09:13
1641373753805066000,42.0,1,41.9,2,42.0,138,1,2022-01-05 09:09:13
1641373753805348000,42.0,6,41.9,2,42.0,132,1,2022-01-05 09:09:13
1641373753975071000,42.0,1,41.9,2,42.0,131,1,2022-01-05 09:09:13
1641373754104398000,42.0,1,41.9,2,42.0,130,1,2022-01-05 09:09:14
1641373754309570000,41.95,1,41.9,2,42.0,130,1,2022-01-05 09:09:14
1641373754398227000,42.0,2,41.9,1,42.0,128,1,2022-01-05 09:09:14
1641373754492914000,42.0,2,41.9,1,42.0,126,1,2022-01-05 09:09:14
1641373754625641000,42.0,5,41.95,1,42.0,121,1,2022-01-05 09:09:14
1641373754666662000,42.0,5,41.95,1,42.0,116,1,2022-01-05 09:09:14
1641373755182229000,42.0,1,41.95,1,42.0,116,1,2022-01-05 09:09:15
1641373755214486000,42.0,10,41.95,1,42.0,106,1,2022-01-05 09:09:15
1641373755835697000,42.0,5,41.95,1,42.0,101,1,2022-01-05 09:09:15
1641373755973463000,42.0,5,41.95,1,42.0,96,1,2022-01-05 09:09:15
1641373756229129000,42.0,1,41.95,1,42.0,95,1,2022-01-05 09:09:16
1641373756377063000,42.0,4,41.95,1,42.0,91,1,2022-01-05 09:09:16
1641373756700109000,42.0,6,41.95,1,42.0,85,1,2022-01-05 09:09:16
1641373756710727000,42.0,10,41.95,1,42.0,75,1,2022-01-05 09:09:16
1641373756831353000,42.0,1,41.95,1,42.0,74,1,2022-01-05 09:09:16
1641373756835680000,42.0,5,41.95,1,42.0,69,1,2022-01-05 09:09:16
1641373756840401000,42.0,1,41.95,1,42.0,68,1,2022-01-05 09:09:16
1641373756854699000,42.0,10,41.95,1,42.0,58,1,2022-01-05 09:09:16
1641373756867485000,42.0,19,41.95,1,42.0,39,1,2022-01-05 09:09:16
1641373757041723000,42.0,1,41.95,1,42.0,38,1,2022-01-05 09:09:17
1641373757098804000,42.0,34,41.95,1,42.0,5,1,2022-01-05 09:09:17
1641373757124058000,42.0,5,41.95,2,42.05,2,1,2022-01-05 09:09:17
1641373757518261000,42.05,1,42.0,11,42.05,3,1,2022-01-05 09:09:17
1641373757536648000,42.05,3,42.0,11,42.1,1,1,2022-01-05 09:09:17
1641373757743093000,42.1,1,42.0,19,42.2,12,1,2022-01-05 09:09:17
1641373757787081000,42.05,1,42.05,1,42.2,12,2,2022-01-05 09:09:17
1641373758016846000,42.2,1,42.1,1,42.2,11,1,2022-01-05 09:09:18
1641373758095655000,42.2,1,42.1,4,42.2,10,1,2022-01-05 09:09:18
1641373758105994000,42.2,5,42.1,4,42.2,5,1,2022-01-05 09:09:18
1641373758109455000,42.2,1,42.1,4,42.2,4,1,2022-01-05 09:09:18
1641373758110516000,42.2,1,42.1,4,42.2,3,1,2022-01-05 09:09:18
1641373758136001000,42.2,3,42.1,4,42.25,1,1,2022-01-05 09:09:18
1641373758213336000,42.25,1,42.1,6,42.3,9,1,2022-01-05 09:09:18
1641373758216821000,42.3,1,42.1,6,42.3,8,1,2022-01-05 09:09:18
1641373758282868000,42.3,3,42.1,10,42.3,5,1,2022-01-05 09:09:18
1641373758308678000,42.3,2,42.1,10,42.3,3,1,2022-01-05 09:09:18
1641373758320659000,42.3,1,42.1,10,42.3,2,1,2022-01-05 09:09:18
1641373758377090000,42.3,2,42.1,10,42.5,22,1,2022-01-05 09:09:18
1641373758377090000,42.35,2,42.1,10,42.5,22,1,2022-01-05 09:09:18
1641373758377090000,42.45,1,42.1,10,42.5,22,1,2022-01-05 09:09:18
1641373758377090000,42.5,5,42.1,10,42.5,22,1,2022-01-05 09:09:18
1641373758401123000,42.5,7,42.15,2,42.5,15,1,2022-01-05 09:09:18
1641373758446698000,42.5,1,42.2,1,42.5,14,1,2022-01-05 09:09:18
1641373758473873000,42.5,3,42.2,2,42.5,11,1,2022-01-05 09:09:18
1641373758478487000,42.5,1,42.2,2,42.5,10,1,2022-01-05 09:09:18
1641373758580206000,42.5,3,42.2,2,42.5,7,1,2022-01-05 09:09:18
1641373758698393000,42.5,3,42.3,2,42.5,4,1,2022-01-05 09:09:18
1641373758808421000,42.5,1,42.3,2,42.5,3,1,2022-01-05 09:09:18
1641373758846177000,42.3,1,42.3,1,42.5,3,2,2022-01-05 09:09:18
1641373758861887000,42.3,1,42.15,15,42.5,3,2,2022-01-05 09:09:18
1641373758861887000,42.15,9,42.15,15,42.5,3,2,2022-01-05 09:09:18
1641373758920726000,42.45,2,42.2,1,42.5,2,1,2022-01-05 09:09:18
1641373758920726000,42.5,1,42.2,1,42.5,2,1,2022-01-05 09:09:18
1641373758929637000,42.45,1,42.2,1,42.5,2,1,2022-01-05 09:09:18
1641373758936026000,42.5,1,42.2,1,42.5,1,1,2022-01-05 09:09:18
1641373758961924000,42.5,1,42.5,1,42.6,41,1,2022-01-05 09:09:18
1641373758971973000,42.6,3,42.5,1,42.6,38,1,2022-01-05 09:09:18
1641373758980953000,42.5,1,42.25,1,42.6,38,2,2022-01-05 09:09:18
1641373759025588000,42.5,1,42.5,1,42.6,38,2,2022-01-05 09:09:19
1641373759026831000,42.5,1,42.35,1,42.6,38,2,2022-01-05 09:09:19
1641373759074137000,42.25,1,42.25,7,42.6,38,2,2022-01-05 09:09:19
1641373759352475000,42.3,1,42.3,4,42.6,38,2,2022-01-05 09:09:19
1641373759426822000,42.6,2,42.3,4,42.6,36,1,2022-01-05 09:09:19
1641373759458549000,42.6,2,42.3,4,42.6,34,1,2022-01-05 09:09:19
1641373759606268000,42.35,1,42.3,4,42.6,34,2,2022-01-05 09:09:19
1641373759670897000,42.55,1,42.3,4,42.6,33,1,2022-01-05 09:09:19
1641373759670897000,42.6,1,42.3,4,42.6,33,1,2022-01-05 09:09:19
1641373760268083000,42.5,1,42.35,3,42.55,12,2,2022-01-05 09:09:20
1641373760349985000,42.5,1,42.35,3,42.55,12,2,2022-01-05 09:09:20
1641373760463082000,42.55,1,42.35,3,42.55,16,1,2022-01-05 09:09:20
1641373760501593000,42.55,2,42.35,3,42.55,14,1,2022-01-05 09:09:20
1641373760840108000,42.55,5,42.35,3,42.55,9,1,2022-01-05 09:09:20
1641373760881204000,42.55,6,42.3,5,42.55,3,1,2022-01-05 09:09:20
1641373760977207000,42.55,1,42.3,5,42.55,2,1,2022-01-05 09:09:20
1641373761308961000,42.5,5,42.3,5,42.5,2,1,2022-01-05 09:09:21
1641373761312730000,42.5,1,42.3,5,42.5,1,1,2022-01-05 09:09:21
1641373761477671000,42.5,1,42.3,5,42.6,23,1,2022-01-05 09:09:21
1641373761477671000,42.55,2,42.3,5,42.6,23,1,2022-01-05 09:09:21
1641373761477671000,42.6,10,42.3,5,42.6,23,1,2022-01-05 09:09:21
1641373761505868000,42.6,1,42.3,5,42.6,22,1,2022-01-05 09:09:21
1641373761946351000,42.45,1,42.35,3,42.5,1,1,2022-01-05 09:09:21
1641373762104433000,42.5,1,42.35,3,42.55,34,1,2022-01-05 09:09:22
1641373762180163000,42.55,1,42.35,3,42.55,33,1,2022-01-05 09:09:22
1641373762333675000,42.55,1,42.35,3,42.55,33,1,2022-01-05 09:09:22
1641373763120428000,42.4,1,42.35,4,42.55,29,1,2022-01-05 09:09:23
1641373763120428000,42.5,1,42.35,4,42.55,29,1,2022-01-05 09:09:23
1641373763120428000,42.55,8,42.35,4,42.55,29,1,2022-01-05 09:09:23
1641373763172661000,42.55,10,42.35,9,42.55,19,1,2022-01-05 09:09:23
1641373763266718000,42.55,1,42.35,9,42.55,18,1,2022-01-05 09:09:23
1641373763304297000,42.55,1,42.35,9,42.55,17,1,2022-01-05 09:09:23
1641373763459900000,42.55,1,42.35,9,42.55,16,1,2022-01-05 09:09:23
1641373763485019000,42.55,1,42.35,9,42.55,15,1,2022-01-05 09:09:23
1641373763612625000,42.35,1,42.35,8,42.55,16,2,2022-01-05 09:09:23
1641373763677295000,42.5,1,42.35,8,42.5,9,1,2022-01-05 09:09:23
1641373763730346000,42.5,1,42.35,3,42.5,11,1,2022-01-05 09:09:23
1641373763793158000,42.35,3,42.2,1,42.25,38,2,2022-01-05 09:09:23
1641373763793158000,42.3,2,42.2,1,42.25,38,2,2022-01-05 09:09:23
1641373764087002000,42.25,5,42.2,2,42.25,33,1,2022-01-05 09:09:24
1641373764159996000,42.2,1,42.2,1,42.25,33,2,2022-01-05 09:09:24
1641373764226370000,42.25,1,42.2,1,42.25,32,1,2022-01-05 09:09:24
1641373764242573000,42.25,1,42.2,1,42.25,31,1,2022-01-05 09:09:24
1641373764500662000,42.25,1,42.2,1,42.25,30,1,2022-01-05 09:09:24
1641373764648606000,42.25,2,42.2,1,42.25,28,1,2022-01-05 09:09:24
1641373764978906000,42.25,1,42.2,1,42.25,27,1,2022-01-05 09:09:24
1641373765010406000,42.25,1,42.2,1,42.25,26,1,2022-01-05 09:09:25
1641373765046050000,42.25,1,42.2,1,42.25,25,1,2022-01-05 09:09:25
1641373765152453000,42.25,1,42.2,1,42.25,24,1,2022-01-05 09:09:25
1641373765320370000,42.25,1,42.2,1,42.25,23,1,2022-01-05 09:09:25
1641373765459744000,42.25,3,42.2,1,42.25,20,1,2022-01-05 09:09:25
1641373765573529000,42.2,1,42.15,2,42.25,20,2,2022-01-05 09:09:25
1641373765573529000,42.15,9,42.15,2,42.25,20,2,2022-01-05 09:09:25
1641373765791466000,42.25,20,42.15,2,42.5,10,1,2022-01-05 09:09:25
1641373765791466000,42.45,10,42.15,2,42.5,10,1,2022-01-05 09:09:25
1641373765791466000,42.5,20,42.15,2,42.5,10,1,2022-01-05 09:09:25
1641373765837673000,42.45,1,42.2,2,42.45,2,1,2022-01-05 09:09:25
1641373766234352000,42.4,1,42.2,2,42.4,3,1,2022-01-05 09:09:26
1641373766769079000,42.3,1,42.3,1,42.4,4,2,2022-01-05 09:09:26
1641373766808663000,42.3,1,42.2,7,42.4,4,2,2022-01-05 09:09:26
1641373767035307000,42.4,1,42.2,1,42.4,3,1,2022-01-05 09:09:27
1641373767042456000,42.4,3,42.2,1,42.45,4,1,2022-01-05 09:09:27
1641373767042456000,42.45,1,42.2,1,42.45,4,1,2022-01-05 09:09:27
1641373767089420000,42.2,1,42.15,7,42.45,4,2,2022-01-05 09:09:27
1641373767244849000,42.2,1,42.15,7,42.4,1,2,2022-01-05 09:09:27
1641373767332324000,42.4,1,42.15,7,42.45,8,1,2022-01-05 09:09:27
1641373767332324000,42.45,1,42.15,7,42.45,8,1,2022-01-05 09:09:27
1641373767512733000,42.45,8,42.25,2,42.55,26,1,2022-01-05 09:09:27
1641373767512733000,42.5,10,42.25,2,42.55,26,1,2022-01-05 09:09:27
1641373767512733000,42.55,2,42.25,2,42.55,26,1,2022-01-05 09:09:27
1641373767535524000,42.25,1,42.25,1,42.55,26,2,2022-01-05 09:09:27
1641373768270930000,42.45,1,42.3,1,42.45,2,1,2022-01-05 09:09:28
1641373769168582000,42.45,3,42.3,8,42.55,19,1,2022-01-05 09:09:29
1641373769168582000,42.5,1,42.3,8,42.55,19,1,2022-01-05 09:09:29
1641373769168582000,42.55,6,42.3,8,42.55,19,1,2022-01-05 09:09:29
1641373770085214000,42.45,1,42.35,4,42.45,6,1,2022-01-05 09:09:30
1641373770840928000,42.45,3,42.4,3,42.45,3,1,2022-01-05 09:09:30
1641373771073090000,42.45,1,42.4,3,42.45,2,1,2022-01-05 09:09:31
1641373771271707000,42.4,3,42.35,4,42.45,7,2,2022-01-05 09:09:31
1641373771398990000,42.45,3,42.35,4,42.45,4,1,2022-01-05 09:09:31
1641373771576111000,42.45,1,42.35,4,42.45,3,1,2022-01-05 09:09:31
1641373771605196000,42.35,1,42.35,3,42.45,3,2,2022-01-05 09:09:31
1641373771648581000,42.45,1,42.35,3,42.45,2,1,2022-01-05 09:09:31
1641373771676436000,42.35,2,42.35,1,42.45,2,2,2022-01-05 09:09:31
1641373771934959000,42.45,2,42.35,1,42.5,4,1,2022-01-05 09:09:31
1641373772490922000,42.4,1,42.35,1,42.5,8,2,2022-01-05 09:09:32
1641373772682571000,42.5,1,42.35,1,42.5,7,1,2022-01-05 09:09:32
1641373772707040000,42.5,1,42.35,1,42.5,6,1,2022-01-05 09:09:32
1641373773097621000,42.4,3,42.45,2,42.5,6,1,2022-01-05 09:09:33
1641373773126219000,42.45,2,42.35,1,42.5,6,2,2022-01-05 09:09:33
1641373773146885000,42.45,1,42.35,1,42.45,1,1,2022-01-05 09:09:33
1641373773196533000,42.45,1,42.45,9,42.5,6,1,2022-01-05 09:09:33
1641373773228696000,42.45,9,42.35,1,42.5,6,2,2022-01-05 09:09:33
1641373773340720000,42.5,6,42.5,37,42.55,21,1,2022-01-05 09:09:33
1641373773373698000,42.5,4,42.5,33,42.55,21,2,2022-01-05 09:09:33
1641373773373714000,42.5,15,42.5,18,42.55,21,2,2022-01-05 09:09:33
1641373773374307000,42.5,18,42.3,12,42.55,21,2,2022-01-05 09:09:33
1641373773729028000,42.5,1,42.45,1,42.5,26,1,2022-01-05 09:09:33
1641373773924088000,42.45,1,42.4,1,42.45,2,2,2022-01-05 09:09:33
1641373774395296000,42.45,2,42.4,1,42.5,26,1,2022-01-05 09:09:34
1641373774482401000,42.4,1,42.3,12,42.5,31,2,2022-01-05 09:09:34
1641373774606883000,42.45,1,42.3,12,42.45,1,1,2022-01-05 09:09:34
1641373775006127000,42.35,1,42.3,12,42.45,1,2,2022-01-05 09:09:35
1641373775028878000,42.45,1,42.3,12,42.5,31,1,2022-01-05 09:09:35
1641373775177800000,42.4,1,42.3,12,42.4,9,1,2022-01-05 09:09:35
1641373775457831000,42.3,1,42.3,11,42.4,9,2,2022-01-05 09:09:35
1641373775489284000,42.3,11,42.25,3,42.4,9,2,2022-01-05 09:09:35
1641373775555804000,42.4,1,42.25,3,42.4,10,1,2022-01-05 09:09:35
1641373775949440000,42.35,2,42.25,4,42.4,10,1,2022-01-05 09:09:35
1641373776190005000,42.4,2,42.3,1,42.4,8,1,2022-01-05 09:09:36
1641373776396923000,42.3,1,42.25,9,42.4,6,2,2022-01-05 09:09:36
1641373776803081000,42.3,5,42.25,10,42.35,2,2,2022-01-05 09:09:36
1641373776870520000,42.35,2,42.25,10,42.4,34,1,2022-01-05 09:09:36
1641373776870520000,42.4,4,42.25,10,42.4,34,1,2022-01-05 09:09:36
1641373776927119000,42.4,1,42.25,10,42.4,36,1,2022-01-05 09:09:36
1641373777109297000,42.4,9,42.25,10,42.4,27,1,2022-01-05 09:09:37
1641373777487095000,42.25,2,42.25,8,42.35,10,2,2022-01-05 09:09:37
1641373777524442000,42.25,8,42.2,7,42.35,10,2,2022-01-05 09:09:37
1641373778288263000,42.35,1,42.25,2,42.35,13,1,2022-01-05 09:09:38
1641373778786857000,42.3,1,42.25,3,42.35,13,1,2022-01-05 09:09:38
1641373778832845000,42.35,10,42.3,1,42.35,3,1,2022-01-05 09:09:38
1641373779094921000,42.3,1,42.25,5,42.35,3,2,2022-01-05 09:09:39
1641373779591370000,42.35,1,42.25,5,42.35,2,1,2022-01-05 09:09:39
1641373780251636000,42.25,1,42.25,4,42.3,1,2,2022-01-05 09:09:40
1641373780615892000,42.3,1,42.25,6,42.35,2,1,2022-01-05 09:09:40
1641373780615892000,42.35,9,42.25,6,42.35,2,1,2022-01-05 09:09:40
1641373781603398000,42.35,3,42.3,1,42.35,1,1,2022-01-05 09:09:41
1641373782223243000,42.35,2,42.3,1,42.4,33,1,2022-01-05 09:09:42
1641373782419369000,42.35,1,42.3,1,42.4,33,1,2022-01-05 09:09:42
1641373782532067000,42.4,4,42.3,2,42.4,29,1,2022-01-05 09:09:42
1641373783048917000,42.35,1,42.3,2,42.4,27,1,2022-01-05 09:09:43
1641373783048917000,42.4,2,42.3,2,42.4,27,1,2022-01-05 09:09:43
1641373783405412000,42.35,1,42.3,3,42.35,11,1,2022-01-05 09:09:43
1641373784123860000,42.3,1,42.3,2,42.35,19,2,2022-01-05 09:09:44
1641373784252073000,42.3,2,42.3,9,42.35,25,2,2022-01-05 09:09:44
1641373784639211000,42.35,1,42.3,9,42.35,24,1,2022-01-05 09:09:44
1641373784725627000,42.3,3,42.3,6,42.35,24,2,2022-01-05 09:09:44
1641373784764725000,42.3,2,42.3,4,42.35,24,2,2022-01-05 09:09:44
1641373785529687000,42.35,1,42.3,8,42.35,23,1,2022-01-05 09:09:45
1641373785572685000,42.35,1,42.3,8,42.35,22,1,2022-01-05 09:09:45
1641373785990613000,42.35,1,42.3,9,42.35,21,1,2022-01-05 09:09:45
1641373787138110000,42.35,10,42.3,10,42.35,16,1,2022-01-05 09:09:47
1641373787691277000,42.3,2,42.3,10,42.35,16,2,2022-01-05 09:09:47
1641373787743542000,42.3,1,42.3,9,42.35,16,2,2022-01-05 09:09:47
1641373787949115000,42.35,3,42.3,9,42.35,13,1,2022-01-05 09:09:47
1641373788104624000,42.35,1,42.3,10,42.35,14,1,2022-01-05 09:09:48
1641373788207820000,42.35,2,42.3,10,42.35,12,1,2022-01-05 09:09:48
1641373788593826000,42.3,1,42.3,9,42.35,12,2,2022-01-05 09:09:48
1641373788784572000,42.35,1,42.3,9,42.35,11,1,2022-01-05 09:09:48
1641373789007208000,42.35,1,42.3,10,42.35,11,1,2022-01-05 09:09:49
1641373789121721000,42.3,3,42.3,7,42.35,11,2,2022-01-05 09:09:49
1641373789994826000,42.35,1,42.3,7,42.35,43,1,2022-01-05 09:09:49
1641373790038647000,42.35,1,42.3,15,42.35,42,1,2022-01-05 09:09:50
1641373790199098000,42.35,10,42.3,15,42.35,32,1,2022-01-05 09:09:50
1641373790500759000,42.35,5,42.3,15,42.35,27,1,2022-01-05 09:09:50
1641373791562320000,42.35,1,42.3,15,42.35,26,1,2022-01-05 09:09:51
1641373792412078000,42.3,1,42.3,14,42.35,27,2,2022-01-05 09:09:52
1641373792448015000,42.3,5,42.3,10,42.35,27,2,2022-01-05 09:09:52
1641373792699570000,42.35,9,42.3,10,42.35,18,1,2022-01-05 09:09:52
1641373792772514000,42.35,1,42.3,10,42.35,17,1,2022-01-05 09:09:52
1641373792904479000,42.3,10,42.25,36,42.35,17,2,2022-01-05 09:09:52
1641373792943395000,42.25,26,42.25,10,42.35,19,2,2022-01-05 09:09:52
1641373792975730000,42.25,10,42.2,9,42.35,19,2,2022-01-05 09:09:52
1641373793203359000,42.3,1,42.2,9,42.3,4,1,2022-01-05 09:09:53
1641373793997473000,42.3,1,42.2,9,42.3,3,1,2022-01-05 09:09:53
1641373794257445000,42.3,2,42.2,9,42.3,20,1,2022-01-05 09:09:54
1641373794479788000,42.3,1,42.2,9,42.3,19,1,2022-01-05 09:09:54
1641373795004901000,42.3,1,42.2,9,42.3,18,1,2022-01-05 09:09:55
1641373795039074000,42.3,1,42.2,9,42.3,17,1,2022-01-05 09:09:55
1641373795071379000,42.3,2,42.2,9,42.3,17,1,2022-01-05 09:09:55
1641373795363552000,42.3,1,42.2,9,42.3,9,1,2022-01-05 09:09:55
1641373795398445000,42.25,2,42.2,9,42.3,9,2,2022-01-05 09:09:55
1641373796313291000,42.3,1,42.2,9,42.3,10,1,2022-01-05 09:09:56
1641373796646729000,42.2,1,42.2,8,42.3,10,2,2022-01-05 09:09:56
1641373797127137000,42.3,3,42.2,8,42.3,7,1,2022-01-05 09:09:57
1641373797666491000,42.3,1,42.2,8,42.3,11,1,2022-01-05 09:09:57
1641373798045567000,42.2,1,42.2,7,42.25,1,2,2022-01-05 09:09:58
1641373799010265000,42.25,1,42.2,7,42.25,2,1,2022-01-05 09:09:59
1641373799021139000,42.25,1,42.2,7,42.25,1,1,2022-01-05 09:09:59
1641373799648828000,42.25,1,42.2,7,42.3,24,1,2022-01-05 09:09:59
1641373799648828000,42.3,1,42.2,7,42.3,24,1,2022-01-05 09:09:59
1641373800110345000,42.3,9,42.2,7,42.3,15,1,2022-01-05 09:10:00
1641373800552708000,42.2,1,42.2,6,42.3,15,2,2022-01-05 09:10:00
1641373800597262000,42.2,6,42.15,17,42.3,15,2,2022-01-05 09:10:00
1641373800885277000,42.25,4,42.25,1,42.3,15,2,2022-01-05 09:10:00
1641373800923061000,42.25,1,42.15,18,42.3,20,2,2022-01-05 09:10:00
1641373801346715000,42.2,1,42.15,18,42.25,1,1,2022-01-05 09:10:01
1641373801741544000,42.2,1,42.15,18,42.3,27,1,2022-01-05 09:10:01
1641373801741544000,42.25,1,42.15,18,42.3,27,1,2022-01-05 09:10:01
1641373801741544000,42.3,3,42.15,18,42.3,27,1,2022-01-05 09:10:01
1641373801796786000,42.3,2,42.15,18,42.3,25,1,2022-01-05 09:10:01
1641373802684966000,42.15,2,42.15,15,42.3,25,2,2022-01-05 09:10:02
1641373803947969000,42.2,1,42.1,9,42.3,25,2,2022-01-05 09:10:03
1641373803947969000,42.15,15,42.1,9,42.3,25,2,2022-01-05 09:10:03
1641373803947969000,42.1,4,42.1,9,42.3,25,2,2022-01-05 09:10:03
1641373804103793000,42.25,1,42.1,9,42.25,13,1,2022-01-05 09:10:04
1641373804189968000,42.1,2,42.1,7,42.25,13,2,2022-01-05 09:10:04
1641373804344239000,42.25,2,42.1,7,42.25,11,1,2022-01-05 09:10:04
1641373805354218000,42.15,1,42.1,10,42.2,1,2,2022-01-05 09:10:05
1641373806092794000,42.2,1,42.1,10,42.25,9,1,2022-01-05 09:10:06
1641373806914084000,42.1,1,42.1,9,42.25,11,2,2022-01-05 09:10:06
1641373806917405000,42.1,1,42.1,8,42.25,11,2,2022-01-05 09:10:06
1641373808147323000,42.15,1,42.1,8,42.15,5,1,2022-01-05 09:10:08
1641373809679948000,42.2,1,42.1,9,42.2,13,1,2022-01-05 09:10:09
1641373810638007000,42.15,2,42.1,9,42.2,13,2,2022-01-05 09:10:10
1641373811120530000,42.1,1,42.1,8,42.2,13,2,2022-01-05 09:10:11
1641373812288562000,42.15,1,42.1,7,42.2,13,2,2022-01-05 09:10:12
1641373812288562000,42.1,2,42.1,7,42.2,13,2,2022-01-05 09:10:12
1641373814898872000,42.15,5,42.15,5,42.2,17,2,2022-01-05 09:10:14
1641373814941449000,42.15,5,42.1,11,42.2,17,2,2022-01-05 09:10:14
1641373815538548000,42.2,1,42.1,11,42.2,16,1,2022-01-05 09:10:15
1641373815857681000,42.1,11,42.05,8,42.15,10,2,2022-01-05 09:10:15
1641373816067635000,42.15,1,42.05,8,42.15,10,1,2022-01-05 09:10:16
1641373818801584000,42.1,1,42.05,10,42.15,11,1,2022-01-05 09:10:18
1641373820108141000,42.1,1,42.05,12,42.15,11,1,2022-01-05 09:10:20
1641373821021040000,42.1,1,42.05,12,42.15,12,1,2022-01-05 09:10:21
1641373822563366000,42.05,10,42.05,2,42.1,8,2,2022-01-05 09:10:22
1641373823226855000,42.1,1,42.05,2,42.1,7,1,2022-01-05 09:10:23
1641373823472050000,42.1,5,42.05,2,42.1,2,1,2022-01-05 09:10:23
1641373824264060000,42.05,1,42.05,2,42.1,2,2,2022-01-05 09:10:24
1641373826148342000,42.1,1,42.05,3,42.1,5,1,2022-01-05 09:10:26
1641373826705992000,42.05,3,42.0,72,42.05,3,2,2022-01-05 09:10:26
1641373826738876000,42.05,3,42.0,72,42.1,5,1,2022-01-05 09:10:26
1641373827851558000,42.05,1,42.05,1,42.1,5,2,2022-01-05 09:10:27
1641373827873127000,42.05,1,42.0,73,42.1,13,2,2022-01-05 09:10:27
1641373828186822000,42.05,1,42.0,74,42.1,12,1,2022-01-05 09:10:28
1641373828186822000,42.1,1,42.0,74,42.1,12,1,2022-01-05 09:10:28
1641373828328966000,42.0,2,42.0,72,42.1,12,2,2022-01-05 09:10:28
1641373828984583000,42.05,1,42.0,71,42.1,13,2,2022-01-05 09:10:28
1641373829326232000,42.1,2,42.0,70,42.1,11,1,2022-01-05 09:10:29
1641373829412924000,42.0,4,42.0,66,42.1,11,2,2022-01-05 09:10:29
1641373829903992000,42.05,1,42.0,68,42.1,11,1,2022-01-05 09:10:29
