ts,close,volume,bid_price,bid_volume,ask_price,ask_volume,tick_type,datetime
1641373335013025000,87.5,1208,87.5,72,87.7,4,2,2022-01-05 09:02:15
1641373335062175000,87.5,1,87.5,71,87.7,4,2,2022-01-05 09:02:15
1641373335162254000,87.7,1,87.5,71,87.7,3,1,2022-01-05 09:02:15
1641373335170023000,87.5,10,87.5,61,87.7,3,2,2022-01-05 09:02:15
1641373335191728000,87.7,3,87.5,61,87.8,23,1,2022-01-05 09:02:15
1641373335459695000,87.7,1,87.5,60,87.8,23,2,2022-01-05 09:02:15
1641373335459695000,87.5,1,87.5,60,87.8,23,2,2022-01-05 09:02:15
1641373335938718000,87.5,1,87.5,62,87.8,23,2,2022-01-05 09:02:15
1641373336228311000,87.6,1,87.5,62,87.8,23,2,2022-01-05 09:02:16
1641373336514047000,87.5,1,87.5,61,87.7,2,2,2022-01-05 09:02:16
1641373336800749000,87.7,2,87.5,61,87.8,23,1,2022-01-05 09:02:16
1641373337083297000,87.5,1,87.5,60,87.8,23,2,2022-01-05 09:02:17
1641373337389428000,87.6,1,87.6,5,87.8,23,2,2022-01-05 09:02:17
1641373337410258000,87.8,1,87.6,5,87.8,22,1,2022-01-05 09:02:17
1641373338163493000,87.6,1,87.6,5,87.7,1,2,2022-01-05 09:02:18
1641373338274477000,87.7,1,87.6,5,87.8,22,1,2022-01-05 09:02:18
1641373338455664000,87.6,5,87.5,26,87.8,22,2,2022-01-05 09:02:18
1641373338455664000,87.5,45,87.5,26,87.8,22,2,2022-01-05 09:02:18
1641373338537683000,87.8,2,87.7,1,87.8,20,1,2022-01-05 09:02:18
1641373339761519000,87.7,1,87.7,6,87.8,20,2,2022-01-05 09:02:19
1641373340027237000,87.8,1,87.7,6,87.8,19,1,2022-01-05 09:02:20
1641373340216522000,87.7,7,87.5,55,87.8,19,2,2022-01-05 09:02:20
1641373340242603000,87.5,18,87.5,37,87.8,19,2,2022-01-05 09:02:20
1641373340447067000,87.5,5,87.5,33,87.8,19,2,2022-01-05 09:02:20
1641373340471797000,87.8,6,87.5,33,87.8,13,1,2022-01-05 09:02:20
1641373340511688000,87.8,13,87.5,33,87.9,14,1,2022-01-05 09:02:20
1641373341007179000,87.9,14,87.8,4,88.0,24,1,2022-01-05 09:02:21
1641373341164825000,88.0,2,87.8,4,88.0,22,1,2022-01-05 09:02:21
1641373341166509000,88.0,3,87.8,4,88.0,19,1,2022-01-05 09:02:21
1641373341202380000,88.0,19,87.8,4,88.1,23,1,2022-01-05 09:02:21
1641373341234915000,88.1,8,87.8,4,88.1,15,1,2022-01-05 09:02:21
1641373341266914000,88.1,15,87.8,4,88.2,4,1,2022-01-05 09:02:21
1641373341298506000,87.8,2,87.8,2,88.2,4,2,2022-01-05 09:02:21
1641373341469005000,87.8,1,87.8,13,88.2,4,2,2022-01-05 09:02:21
1641373341862410000,88.2,1,87.9,10,88.2,3,1,2022-01-05 09:02:21
1641373341897973000,88.2,3,87.9,10,88.4,2,1,2022-01-05 09:02:21
1641373342059081000,88.0,3,87.9,9,88.3,3,2,2022-01-05 09:02:22
1641373342059081000,87.9,1,87.9,9,88.3,3,2,2022-01-05 09:02:22
1641373342112394000,87.9,9,87.5,4,88.3,3,2,2022-01-05 09:02:22
1641373342112394000,87.8,1,87.5,4,88.3,3,2,2022-01-05 09:02:22
1641373342112394000,87.7,13,87.5,4,88.3,3,2,2022-01-05 09:02:22
1641373342112394000,87.6,1,87.5,4,88.3,3,2,2022-01-05 09:02:22
1641373342112394000,87.5,30,87.5,4,88.3,3,2,2022-01-05 09:02:22
1641373342203124000,87.5,1,87.5,3,88.2,6,2,2022-01-05 09:02:22
1641373342339939000,88.0,1,88.0,2,88.2,6,2,2022-01-05 09:02:22
1641373342581461000,88.2,1,88.0,2,88.2,5,1,2022-01-05 09:02:22
1641373342702528000,88.2,3,88.1,1,88.2,2,1,2022-01-05 09:02:22
1641373342820375000,88.1,1,88.0,5,88.2,4,2,2022-01-05 09:02:22
1641373342955679000,88.0,3,87.9,3,88.2,4,2,2022-01-05 09:02:22
1641373343013349000,87.9,1,87.9,2,88.2,4,2,2022-01-05 09:02:23
1641373343139382000,87.9,2,87.7,1,88.2,4,2,2022-01-05 09:02:23
1641373343139382000,87.8,1,87.7,1,88.2,4,2,2022-01-05 09:02:23
1641373343139382000,87.7,1,87.7,1,88.2,4,2,2022-01-05 09:02:23
1641373343307694000,87.7,1,87.6,2,88.0,2,2,2022-01-05 09:02:23
1641373343703746000,88.0,1,87.8,1,88.0,1,1,2022-01-05 09:02:23
1641373344049971000,88.0,1,87.8,2,88.1,11,1,2022-01-05 09:02:24
1641373344462860000,87.8,1,87.8,1,88.1,11,2,2022-01-05 09:02:24
1641373344498003000,87.8,1,87.7,1,87.8,2,2,2022-01-05 09:02:24
1641373344499482000,87.8,1,87.7,1,87.8,1,1,2022-01-05 09:02:24
1641373344500518000,87.8,1,87.7,1,88.1,8,1,2022-01-05 09:02:24
1641373344500518000,88.1,3,87.7,1,88.1,8,1,2022-01-05 09:02:24
1641373344835809000,88.0,1,87.7,2,88.0,2,1,2022-01-05 09:02:24
1641373345042040000,88.0,2,87.7,3,88.1,9,1,2022-01-05 09:02:25
1641373345083912000,88.0,1,87.7,3,88.0,1,1,2022-01-05 09:02:25
1641373345426515000,87.7,1,87.7,2,88.0,1,2,2022-01-05 09:02:25
1641373345763791000,87.8,1,87.8,1,88.0,1,2,2022-01-05 09:02:25
1641373345796582000,87.8,1,87.7,2,88.0,1,2,2022-01-05 09:02:25
1641373345798892000,88.0,1,87.7,2,88.1,7,1,2022-01-05 09:02:25
1641373345798892000,88.1,2,87.7,2,88.1,7,1,2022-01-05 09:02:25
1641373345814791000,88.1,1,87.7,2,88.1,6,1,2022-01-05 09:02:25
1641373345906758000,87.8,5,87.7,2,88.1,6,1,2022-01-05 09:02:25
1641373345956108000,87.7,2,87.6,18,88.1,6,2,2022-01-05 09:02:25
1641373345956108000,87.6,1,87.6,18,88.1,6,2,2022-01-05 09:02:25
1641373346083302000,88.0,1,87.6,17,88.1,6,2,2022-01-05 09:02:26
1641373346083302000,87.6,1,87.6,17,88.1,6,2,2022-01-05 09:02:26
1641373346235583000,87.7,1,87.6,17,88.1,2,1,2022-01-05 09:02:26
1641373346235583000,88.1,4,87.6,17,88.1,2,1,2022-01-05 09:02:26
1641373346270253000,87.7,12,87.5,15,88.1,2,2,2022-01-05 09:02:26
1641373346270253000,87.6,5,87.5,15,88.1,2,2,2022-01-05 09:02:26
1641373346944181000,88.0,1,87.7,1,88.0,12,1,2022-01-05 09:02:26
1641373347490172000,87.9,1,87.8,1,88.0,10,1,2022-01-05 09:02:27
1641373347490172000,88.0,9,87.8,1,88.0,10,1,2022-01-05 09:02:27
1641373347868272000,87.9,6,87.8,1,88.0,8,1,2022-01-05 09:02:27
1641373347868272000,88.0,4,87.8,1,88.0,8,1,2022-01-05 09:02:27
1641373348178568000,87.8,1,87.7,2,88.0,7,2,2022-01-05 09:02:28
1641373348368675000,88.0,1,87.7,2,88.0,6,1,2022-01-05 09:02:28
1641373348431502000,87.9,1,87.7,2,88.0,6,2,2022-01-05 09:02:28
1641373348616860000,87.9,1,87.7,3,87.9,2,1,2022-01-05 09:02:28
1641373348983674000,87.8,1,87.8,3,87.9,2,2,2022-01-05 09:02:28
1641373349155261000,87.8,6,87.5,16,87.9,2,2,2022-01-05 09:02:29
1641373349155261000,87.7,4,87.5,16,87.9,2,2,2022-01-05 09:02:29
1641373349162399000,87.5,1,87.5,15,87.9,2,2,2022-01-05 09:02:29
1641373349440808000,87.8,1,87.5,15,87.9,2,2,2022-01-05 09:02:29
1641373349443794000,87.9,2,87.9,8,88.0,8,1,2022-01-05 09:02:29
1641373349475169000,87.9,8,87.5,15,88.0,8,2,2022-01-05 09:02:29
1641373349497386000,87.5,1,87.5,14,88.0,8,2,2022-01-05 09:02:29
1641373349535100000,88.0,2,87.5,14,88.0,6,1,2022-01-05 09:02:29
1641373349766949000,88.0,1,87.6,13,88.0,6,1,2022-01-05 09:02:29
1641373349845453000,87.8,2,87.8,1,88.0,6,1,2022-01-05 09:02:29
1641373350388349000,87.8,1,87.7,33,87.9,2,2,2022-01-05 09:02:30
1641373350388349000,87.7,1,87.7,33,87.9,2,2,2022-01-05 09:02:30
1641373350768400000,87.8,1,87.8,1,87.9,3,1,2022-01-05 09:02:30
1641373350939725000,87.9,1,87.8,1,87.9,2,1,2022-01-05 09:02:30
1641373351194730000,87.8,1,87.7,34,87.9,2,2,2022-01-05 09:02:31
1641373351200840000,87.7,10,87.7,24,87.9,2,2,2022-01-05 09:02:31
1641373351432512000,87.7,2,87.7,24,87.8,1,2,2022-01-05 09:02:31
1641373351559086000,87.8,1,87.8,9,87.9,8,1,2022-01-05 09:02:31
1641373351740610000,87.9,2,87.8,9,87.9,6,1,2022-01-05 09:02:31
1641373352018536000,87.9,1,87.8,9,87.9,5,1,2022-01-05 09:02:32
1641373352199520000,87.8,3,87.8,6,87.9,10,2,2022-01-05 09:02:32
1641373352237431000,87.8,1,87.8,5,87.9,10,2,2022-01-05 09:02:32
1641373352274461000,87.9,1,87.8,5,87.9,9,1,2022-01-05 09:02:32
1641373352354093000,87.8,1,87.8,4,87.9,9,2,2022-01-05 09:02:32
1641373352404465000,87.9,5,87.8,4,87.9,4,1,2022-01-05 09:02:32
1641373352635240000,87.8,4,87.7,22,87.8,16,2,2022-01-05 09:02:32
1641373352654237000,87.7,1,87.7,21,87.8,16,2,2022-01-05 09:02:32
1641373352661648000,87.8,16,87.7,21,87.9,6,1,2022-01-05 09:02:32
1641373353019112000,87.9,1,87.7,22,87.9,6,1,2022-01-05 09:02:33
1641373353033540000,87.9,1,87.7,22,87.9,5,1,2022-01-05 09:02:33
1641373353141405000,87.7,1,87.7,21,87.9,5,2,2022-01-05 09:02:33
1641373353559690000,87.9,1,87.8,1,87.9,4,1,2022-01-05 09:02:33
1641373353878778000,87.9,1,87.8,1,87.9,3,1,2022-01-05 09:02:33
1641373353883987000,87.8,1,87.7,22,87.8,9,2,2022-01-05 09:02:33
1641373354039215000,87.7,1,87.7,21,87.8,17,2,2022-01-05 09:02:34
1641373354314202000,87.8,2,87.7,21,87.8,15,1,2022-01-05 09:02:34
1641373354695529000,87.7,2,87.7,19,87.8,15,2,2022-01-05 09:02:34
1641373354696583000,87.8,2,87.7,19,87.8,13,1,2022-01-05 09:02:34
1641373354909830000,87.8,1,87.7,20,87.8,12,1,2022-01-05 09:02:34
1641373355008099000,87.7,1,87.7,19,87.8,12,2,2022-01-05 09:02:35
1641373355070249000,87.8,1,87.7,19,87.8,11,1,2022-01-05 09:02:35
1641373355103520000,87.8,1,87.7,19,87.8,10,1,2022-01-05 09:02:35
1641373355127939000,87.8,1,87.7,19,87.8,9,1,2022-01-05 09:02:35
1641373355221006000,87.7,10,87.7,9,87.8,9,2,2022-01-05 09:02:35
1641373355251157000,87.7,1,87.7,8,87.8,9,2,2022-01-05 09:02:35
1641373355327159000,87.8,2,87.7,8,87.8,7,1,2022-01-05 09:02:35
1641373355354031000,87.8,7,87.8,3,87.9,4,1,2022-01-05 09:02:35
1641373355390755000,87.9,3,87.8,3,87.9,1,1,2022-01-05 09:02:35
1641373355411891000,87.8,1,87.8,2,87.9,1,2,2022-01-05 09:02:35
1641373355850929000,87.9,1,87.8,7,88.0,21,1,2022-01-05 09:02:35
1641373356542937000,87.9,2,87.8,8,87.9,3,1,2022-01-05 09:02:36
1641373356563979000,87.8,1,87.8,7,87.9,3,2,2022-01-05 09:02:36
1641373356715174000,87.9,1,87.8,7,87.9,3,1,2022-01-05 09:02:36
1641373356767230000,87.9,3,87.8,10,88.0,24,1,2022-01-05 09:02:36
1641373356931441000,88.0,1,87.8,10,88.0,23,1,2022-01-05 09:02:36
1641373357041434000,87.8,1,87.8,10,88.0,23,2,2022-01-05 09:02:37
1641373357173800000,87.8,2,87.8,8,88.0,23,2,2022-01-05 09:02:37
1641373357183831000,87.8,1,87.8,7,88.0,23,2,2022-01-05 09:02:37
1641373357200504000,87.8,1,87.8,6,88.0,23,2,2022-01-05 09:02:37
1641373357202156000,87.8,1,87.8,5,88.0,23,2,2022-01-05 09:02:37
1641373357472943000,87.9,1,87.8,6,88.0,25,2,2022-01-05 09:02:37
1641373357513341000,87.8,6,87.7,5,88.0,25,2,2022-01-05 09:02:37
1641373357513341000,87.7,4,87.7,5,88.0,25,2,2022-01-05 09:02:37
1641373357677418000,87.9,1,87.9,2,88.0,25,1,2022-01-05 09:02:37
1641373357728534000,87.9,2,87.7,6,88.0,25,2,2022-01-05 09:02:37
1641373357754178000,87.7,1,87.7,5,87.9,5,2,2022-01-05 09:02:37
1641373358423733000,87.8,3,87.7,5,87.8,3,1,2022-01-05 09:02:38
1641373358425262000,87.8,2,87.7,5,87.8,1,1,2022-01-05 09:02:38
1641373358457028000,87.7,1,87.7,4,87.8,1,2,2022-01-05 09:02:38
1641373358622502000,87.7,5,87.6,24,87.8,1,2,2022-01-05 09:02:38
1641373358622502000,87.6,5,87.6,24,87.8,1,2,2022-01-05 09:02:38
1641373359053365000,87.7,1,87.8,6,87.9,7,1,2022-01-05 09:02:39
1641373359053365000,87.8,3,87.8,6,87.9,7,1,2022-01-05 09:02:39
1641373359088481000,87.8,6,87.7,1,87.9,7,2,2022-01-05 09:02:39
1641373359319430000,87.7,1,87.6,24,87.7,2,2,2022-01-05 09:02:39
1641373359430726000,87.7,1,87.6,24,87.7,1,1,2022-01-05 09:02:39
1641373359923158000,87.7,1,87.6,24,87.9,8,1,2022-01-05 09:02:39
1641373359923158000,87.8,1,87.6,24,87.9,8,1,2022-01-05 09:02:39
1641373360030199000,87.9,5,87.6,24,87.9,4,1,2022-01-05 09:02:40
1641373360274589000,87.7,1,87.6,24,87.8,1,2,2022-01-05 09:02:40
1641373360845976000,87.8,1,87.6,32,87.8,14,1,2022-01-05 09:02:40
1641373360936456000,87.8,1,87.6,32,87.8,13,1,2022-01-05 09:02:40
1641373361189866000,87.8,3,87.7,2,87.8,10,1,2022-01-05 09:02:41
1641373361615673000,87.7,3,87.7,1,87.8,10,2,2022-01-05 09:02:41
1641373362051660000,87.7,1,87.6,32,87.8,10,2,2022-01-05 09:02:42
1641373362137153000,87.8,1,87.6,33,87.8,9,1,2022-01-05 09:02:42
1641373362571159000,87.7,1,87.6,34,87.8,9,1,2022-01-05 09:02:42
1641373362608122000,87.6,2,87.6,32,87.8,9,2,2022-01-05 09:02:42
1641373362667651000,87.6,1,87.6,31,87.8,11,2,2022-01-05 09:02:42
1641373362726540000,87.7,1,87.6,31,87.8,10,1,2022-01-05 09:02:42
1641373362726540000,87.8,1,87.6,31,87.8,10,1,2022-01-05 09:02:42
1641373362880763000,87.7,1,87.6,31,87.8,10,2,2022-01-05 09:02:42
1641373362882450000,87.8,1,87.6,31,87.8,9,1,2022-01-05 09:02:42
1641373363275136000,87.8,2,87.6,31,87.8,9,1,2022-01-05 09:02:43
1641373363593394000,87.7,2,87.6,31,87.8,10,2,2022-01-05 09:02:43
1641373363691514000,87.6,1,87.6,30,87.7,1,2,2022-01-05 09:02:43
1641373364349504000,87.6,8,87.6,22,87.7,7,2,2022-01-05 09:02:44
1641373364372467000,87.6,8,87.6,14,87.7,7,2,2022-01-05 09:02:44
1641373364372744000,87.6,14,87.5,48,87.7,7,2,2022-01-05 09:02:44
1641373365056358000,87.5,1,87.5,47,87.6,3,2,2022-01-05 09:02:45
1641373365332190000,87.6,1,87.5,47,87.6,2,1,2022-01-05 09:02:45
1641373365371249000,87.5,1,87.5,46,87.6,2,2,2022-01-05 09:02:45
1641373365486407000,87.5,1,87.5,45,87.6,7,2,2022-01-05 09:02:45
1641373365506047000,87.5,16,87.5,29,87.6,12,2,2022-01-05 09:02:45
1641373365515513000,87.5,2,87.5,27,87.6,12,2,2022-01-05 09:02:45
1641373365526628000,87.5,1,87.5,26,87.6,12,2,2022-01-05 09:02:45
1641373365527394000,87.5,2,87.5,24,87.6,12,2,2022-01-05 09:02:45
1641373365528087000,87.5,5,87.5,19,87.6,12,2,2022-01-05 09:02:45
1641373365531475000,87.5,1,87.5,18,87.6,12,2,2022-01-05 09:02:45
1641373365532449000,87.5,1,87.5,17,87.6,12,2,2022-01-05 09:02:45
1641373365562896000,87.5,1,87.5,16,87.6,12,2,2022-01-05 09:02:45
1641373365563802000,87.5,1,87.5,15,87.6,12,2,2022-01-05 09:02:45
1641373365596078000,87.5,10,87.5,5,87.6,15,2,2022-01-05 09:02:45
1641373365613170000,87.5,1,87.5,4,87.6,15,2,2022-01-05 09:02:45
1641373365618929000,87.6,1,87.5,4,87.6,14,1,2022-01-05 09:02:45
1641373365630773000,87.6,1,87.5,4,87.6,13,1,2022-01-05 09:02:45
1641373365863149000,87.5,4,87.4,94,87.5,1,2,2022-01-05 09:02:45
1641373365888918000,87.4,1,87.4,93,87.5,1,2,2022-01-05 09:02:45
1641373365941702000,87.5,1,87.4,93,87.5,3,1,2022-01-05 09:02:45
1641373365967605000,87.4,2,87.4,91,87.5,3,2,2022-01-05 09:02:45
1641373366169472000,87.4,5,87.4,86,87.5,8,2,2022-01-05 09:02:46
1641373366283334000,87.4,5,87.4,81,87.5,11,2,2022-01-05 09:02:46
1641373366299002000,87.4,2,87.4,79,87.5,11,2,2022-01-05 09:02:46
1641373366319487000,87.4,1,87.4,78,87.5,11,2,2022-01-05 09:02:46
1641373366327124000,87.4,1,87.4,77,87.5,11,2,2022-01-05 09:02:46
1641373366367822000,87.4,5,87.4,72,87.5,15,2,2022-01-05 09:02:46
1641373366408384000,87.4,2,87.4,70,87.5,15,2,2022-01-05 09:02:46
1641373366457749000,87.4,1,87.4,69,87.5,15,2,2022-01-05 09:02:46
1641373366544318000,87.5,2,87.4,69,87.5,13,1,2022-01-05 09:02:46
1641373366637228000,87.5,4,87.4,69,87.5,9,1,2022-01-05 09:02:46
1641373366676279000,87.4,5,87.4,64,87.5,9,2,2022-01-05 09:02:46
1641373366680535000,87.4,7,87.4,57,87.5,9,2,2022-01-05 09:02:46
1641373366710191000,87.4,3,87.4,54,87.5,9,2,2022-01-05 09:02:46
1641373366740247000,87.4,1,87.4,53,87.5,9,2,2022-01-05 09:02:46
1641373366792856000,87.4,1,87.4,52,87.5,9,2,2022-01-05 09:02:46
1641373366853726000,87.4,1,87.4,51,87.5,9,2,2022-01-05 09:02:46
1641373366856206000,87.4,1,87.4,50,87.5,9,2,2022-01-05 09:02:46
1641373366886668000,87.4,3,87.4,47,87.5,12,2,2022-01-05 09:02:46
1641373366887204000,87.4,1,87.4,46,87.5,12,2,2022-01-05 09:02:46
1641373366929709000,87.4,1,87.4,45,87.5,12,2,2022-01-05 09:02:46
1641373367010456000,87.5,10,87.4,45,87.5,4,1,2022-01-05 09:02:47
1641373367035007000,87.4,5,87.4,40,87.5,4,2,2022-01-05 09:02:47
1641373367154604000,87.5,1,87.4,40,87.5,3,1,2022-01-05 09:02:47
1641373367181229000,87.4,5,87.4,35,87.5,3,2,2022-01-05 09:02:47
1641373367215119000,87.4,10,87.4,25,87.5,3,2,2022-01-05 09:02:47
1641373367219709000,87.4,1,87.4,24,87.5,3,2,2022-01-05 09:02:47
1641373367264372000,87.4,20,87.4,4,87.5,3,2,2022-01-05 09:02:47
1641373367274891000,87.4,1,87.4,3,87.5,3,2,2022-01-05 09:02:47
1641373367298190000,87.4,1,87.4,2,87.5,3,2,2022-01-05 09:02:47
1641373367336729000,87.4,2,87.3,8,87.4,3,2,2022-01-05 09:02:47
1641373367715947000,87.3,5,87.3,3,87.4,9,2,2022-01-05 09:02:47
1641373367745145000,87.3,1,87.3,2,87.4,9,2,2022-01-05 09:02:47
1641373367782884000,87.3,2,87.2,28,87.4,9,2,2022-01-05 09:02:47
1641373367895878000,87.2,2,87.2,26,87.4,10,2,2022-01-05 09:02:47
1641373367998455000,87.2,1,87.2,25,87.4,10,2,2022-01-05 09:02:47
1641373368265753000,87.4,1,87.2,26,87.4,9,1,2022-01-05 09:02:48
1641373368281262000,87.2,2,87.2,24,87.3,2,2,2022-01-05 09:02:48
1641373368329863000,87.2,1,87.2,23,87.3,2,2,2022-01-05 09:02:48
1641373368434052000,87.2,2,87.2,21,87.3,2,2,2022-01-05 09:02:48
1641373368466741000,87.2,1,87.2,20,87.3,2,2,2022-01-05 09:02:48
1641373368579393000,87.2,1,87.2,19,87.3,4,2,2022-01-05 09:02:48
1641373368591471000,87.3,1,87.2,19,87.3,3,1,2022-01-05 09:02:48
1641373368617089000,87.2,2,87.2,17,87.3,3,2,2022-01-05 09:02:48
1641373368671373000,87.2,1,87.2,16,87.3,3,2,2022-01-05 09:02:48
1641373368826731000,87.3,1,87.2,16,87.3,2,1,2022-01-05 09:02:48
1641373368886951000,87.2,1,87.2,15,87.3,7,2,2022-01-05 09:02:48
1641373369210799000,87.2,1,87.2,14,87.3,13,2,2022-01-05 09:02:49
1641373369322012000,87.2,5,87.2,9,87.3,13,2,2022-01-05 09:02:49
1641373369547659000,87.2,1,87.2,8,87.3,13,2,2022-01-05 09:02:49
1641373369589480000,87.2,1,87.2,7,87.3,13,2,2022-01-05 09:02:49
1641373369619979000,87.2,1,87.2,6,87.3,13,2,2022-01-05 09:02:49
1641373369869592000,87.2,1,87.2,5,87.3,13,2,2022-01-05 09:02:49
1641373370077371000,87.3,1,87.2,5,87.3,12,1,2022-01-05 09:02:50
1641373370275736000,87.2,2,87.2,3,87.3,13,2,2022-01-05 09:02:50
1641373370312941000,87.3,11,87.2,3,87.3,2,1,2022-01-05 09:02:50
1641373370319368000,87.2,1,87.2,2,87.3,2,2,2022-01-05 09:02:50
1641373370339765000,87.2,1,87.2,1,87.3,2,2,2022-01-05 09:02:50
1641373370342174000,87.2,1,87.1,21,87.3,2,2,2022-01-05 09:02:50
1641373370468426000,87.1,1,87.1,20,87.3,2,2,2022-01-05 09:02:50
1641373370866416000,87.1,5,87.1,15,87.3,2,2,2022-01-05 09:02:50
1641373371025034000,87.1,1,87.1,14,87.2,2,2,2022-01-05 09:02:51
1641373371030821000,87.1,1,87.1,13,87.2,2,2,2022-01-05 09:02:51
1641373371114317000,87.2,1,87.1,13,87.2,1,1,2022-01-05 09:02:51
1641373371219486000,87.1,1,87.1,13,87.2,1,2,2022-01-05 09:02:51
1641373371253105000,87.1,1,87.1,12,87.2,1,2,2022-01-05 09:02:51
1641373371503427000,87.2,1,87.2,1,87.3,6,1,2022-01-05 09:02:51
1641373371710814000,87.2,1,87.1,16,87.3,6,2,2022-01-05 09:02:51
1641373371825057000,87.3,6,87.1,16,87.4,20,1,2022-01-05 09:02:51
1641373371825807000,87.1,1,87.1,15,87.4,20,2,2022-01-05 09:02:51
1641373371828608000,87.1,1,87.1,14,87.4,20,2,2022-01-05 09:02:51
1641373371847349000,87.4,1,87.1,14,87.4,19,1,2022-01-05 09:02:51
1641373371934802000,87.4,1,87.1,14,87.4,18,1,2022-01-05 09:02:51
1641373372023531000,87.1,1,87.1,13,87.4,18,2,2022-01-05 09:02:52
1641373372028689000,87.1,1,87.1,12,87.4,18,2,2022-01-05 09:02:52
1641373372029822000,87.1,12,87.0,28,87.4,18,2,2022-01-05 09:02:52
1641373372029822000,87.0,8,87.0,28,87.4,18,2,2022-01-05 09:02:52
1641373372076445000,87.4,1,87.0,28,87.4,17,1,2022-01-05 09:02:52
1641373372109115000,87.0,1,87.0,27,87.4,17,2,2022-01-05 09:02:52
1641373372119725000,87.0,1,87.0,26,87.1,20,2,2022-01-05 09:02:52
1641373372487520000,87.0,2,87.0,24,87.1,36,2,2022-01-05 09:02:52
1641373372535333000,87.1,13,87.0,24,87.1,23,1,2022-01-05 09:02:52
1641373372542843000,87.0,1,87.0,23,87.1,23,2,2022-01-05 09:02:52
1641373372570991000,87.0,1,87.0,22,87.1,23,2,2022-01-05 09:02:52
1641373372607306000,87.0,1,87.0,21,87.1,23,2,2022-01-05 09:02:52
1641373372759433000,87.1,1,87.0,21,87.1,22,1,2022-01-05 09:02:52
1641373372773384000,87.0,1,87.0,20,87.1,22,2,2022-01-05 09:02:52
1641373373002144000,87.0,2,87.0,18,87.1,22,2,2022-01-05 09:02:53
1641373373116469000,87.0,2,87.0,16,87.1,33,2,2022-01-05 09:02:53
1641373373194557000,87.0,13,87.0,3,87.1,33,2,2022-01-05 09:02:53
1641373373225920000,87.0,1,87.0,2,87.1,34,2,2022-01-05 09:02:53
1641373373353514000,87.0,1,87.0,1,87.1,34,2,2022-01-05 09:02:53
1641373373724404000,87.0,1,86.9,1,87.1,34,2,2022-01-05 09:02:53
1641373373724404000,86.9,2,86.9,1,87.1,34,2,2022-01-05 09:02:53
1641373373892465000,87.1,1,86.9,1,87.1,33,1,2022-01-05 09:02:53
1641373373991808000,86.9,1,86.8,8,87.1,33,2,2022-01-05 09:02:53
1641373374048679000,86.8,1,86.8,7,87.1,33,2,2022-01-05 09:02:54
1641373374183073000,87.1,1,86.8,7,87.1,33,1,2022-01-05 09:02:54
1641373374430469000,87.0,1,86.8,7,87.0,6,1,2022-01-05 09:02:54
1641373374445405000,86.8,5,86.8,2,87.0,6,2,2022-01-05 09:02:54
1641373374507880000,86.8,1,86.8,1,87.0,6,2,2022-01-05 09:02:54
1641373374536417000,87.0,1,86.8,1,87.0,5,1,2022-01-05 09:02:54
1641373374651585000,86.8,1,86.7,12,87.0,6,2,2022-01-05 09:02:54
1641373374876140000,86.9,1,86.9,9,87.0,7,2,2022-01-05 09:02:54
1641373374983431000,86.9,1,86.9,8,87.0,12,2,2022-01-05 09:02:54
1641373375074361000,86.9,1,86.9,7,87.0,12,2,2022-01-05 09:02:55
1641373375102654000,86.9,1,86.9,6,87.0,12,2,2022-01-05 09:02:55
1641373375232977000,86.9,1,86.9,5,87.0,16,2,2022-01-05 09:02:55
1641373375346665000,86.9,1,86.9,4,87.0,16,2,2022-01-05 09:02:55
1641373375571855000,86.9,1,86.9,3,87.0,17,2,2022-01-05 09:02:55
1641373375743790000,86.9,1,86.9,2,87.0,18,2,2022-01-05 09:02:55
1641373376190462000,86.9,2,86.8,6,86.9,3,2,2022-01-05 09:02:56
1641373376213957000,86.8,1,86.8,5,86.9,3,2,2022-01-05 09:02:56
1641373376218802000,86.8,1,86.8,4,86.9,3,2,2022-01-05 09:02:56
1641373376281502000,86.9,2,86.8,4,86.9,1,1,2022-01-05 09:02:56
1641373376479913000,86.9,1,86.8,4,87.0,26,1,2022-01-05 09:02:56
1641373376558823000,86.8,1,86.8,3,87.0,26,2,2022-01-05 09:02:56
1641373376643927000,86.8,2,86.8,1,87.0,26,2,2022-01-05 09:02:56
1641373376756815000,87.0,1,86.8,1,87.0,25,1,2022-01-05 09:02:56
1641373377062050000,87.0,1,86.8,1,87.0,27,1,2022-01-05 09:02:57
1641373377146033000,87.0,1,86.8,1,87.0,26,1,2022-01-05 09:02:57
1641373377149761000,86.8,1,86.7,2,87.0,26,2,2022-01-05 09:02:57
1641373377253948000,86.8,1,86.7,2,87.0,26,1,2022-01-05 09:02:57
1641373377410861000,87.0,1,86.8,1,87.0,22,1,2022-01-05 09:02:57
1641373377556264000,86.8,1,86.7,2,87.0,27,2,2022-01-05 09:02:57
1641373377699044000,86.7,2,86.6,9,86.7,3,2,2022-01-05 09:02:57
1641373377727522000,86.7,3,86.6,9,87.0,27,1,2022-01-05 09:02:57
1641373377735850000,86.6,1,86.6,8,87.0,27,2,2022-01-05 09:02:57
1641373377770727000,86.7,3,86.6,8,86.7,3,2,2022-01-05 09:02:57
1641373377806462000,86.7,3,86.6,8,87.0,27,1,2022-01-05 09:02:57
1641373378022765000,86.6,2,86.6,6,87.0,27,2,2022-01-05 09:02:58
1641373378043777000,87.0,1,86.6,6,87.0,26,1,2022-01-05 09:02:58
1641373378045928000,87.0,2,86.6,6,87.0,24,1,2022-01-05 09:02:58
1641373378301217000,86.6,1,86.6,5,86.7,1,2,2022-01-05 09:02:58
1641373378313000000,86.7,1,86.6,5,86.9,14,1,2022-01-05 09:02:58
1641373378862349000,86.6,2,86.6,3,86.9,14,2,2022-01-05 09:02:58
1641373378932079000,86.6,1,86.6,2,86.9,15,2,2022-01-05 09:02:58
1641373378980527000,86.6,2,86.5,6,86.9,15,2,2022-01-05 09:02:58
1641373379067269000,86.7,1,86.5,6,86.9,16,2,2022-01-05 09:02:59
1641373379225743000,86.5,5,86.5,1,86.9,16,2,2022-01-05 09:02:59
1641373379282275000,86.9,1,86.5,1,86.9,15,1,2022-01-05 09:02:59
1641373379352985000,86.5,1,86.4,4,86.9,15,2,2022-01-05 09:02:59
1641373379641512000,86.8,1,86.5,2,86.8,3,1,2022-01-05 09:02:59
1641373379780364000,86.8,3,86.5,2,86.8,1,1,2022-01-05 09:02:59
1641373379807122000,86.8,1,86.5,2,86.9,17,1,2022-01-05 09:02:59
1641373379933965000,86.9,1,86.5,2,86.9,16,1,2022-01-05 09:02:59
1641373380019054000,86.6,4,86.5,2,86.9,16,1,2022-01-05 09:03:00
1641373380741543000,86.6,4,86.4,5,86.5,2,2,2022-01-05 09:03:00
1641373380741543000,86.5,2,86.4,5,86.5,2,2,2022-01-05 09:03:00
1641373380778823000,86.5,2,86.4,5,86.8,6,1,2022-01-05 09:03:00
1641373380841527000,86.6,1,86.4,5,86.8,6,2,2022-01-05 09:03:00
1641373380931481000,86.4,2,86.4,3,86.6,5,2,2022-01-05 09:03:00
1641373380992971000,86.4,3,86.3,27,86.6,5,2,2022-01-05 09:03:00
1641373380992971000,86.3,17,86.3,27,86.6,5,2,2022-01-05 09:03:00
1641373381037336000,86.5,1,86.5,1,86.6,5,2,2022-01-05 09:03:01
1641373381043810000,86.5,1,86.3,27,86.6,5,2,2022-01-05 09:03:01
1641373381128854000,86.3,4,86.3,23,86.6,5,2,2022-01-05 09:03:01
1641373381128962000,86.3,1,86.3,22,86.6,5,2,2022-01-05 09:03:01
1641373382035534000,86.6,1,86.3,22,86.6,4,1,2022-01-05 09:03:02
1641373382059496000,86.6,1,86.3,22,86.6,3,1,2022-01-05 09:03:02
1641373382082323000,86.6,1,86.3,22,86.6,2,1,2022-01-05 09:03:02
1641373382099385000,86.6,1,86.3,22,86.6,1,1,2022-01-05 09:03:02
1641373382102099000,86.3,10,86.3,12,86.6,1,2,2022-01-05 09:03:02
1641373382134426000,86.6,1,86.4,1,86.7,3,1,2022-01-05 09:03:02
1641373382166896000,86.4,1,86.3,12,86.7,3,2,2022-01-05 09:03:02
1641373382430002000,86.3,10,86.3,2,86.6,2,2,2022-01-05 09:03:02
1641373382450651000,86.3,2,86.1,35,86.6,2,2,2022-01-05 09:03:02
1641373382450651000,86.2,21,86.1,35,86.6,2,2,2022-01-05 09:03:02
1641373382450651000,86.1,17,86.1,35,86.6,2,2,2022-01-05 09:03:02
1641373382490183000,86.2,1,86.2,1,86.5,2,2,2022-01-05 09:03:02
1641373382507562000,86.2,1,86.1,32,86.5,2,2,2022-01-05 09:03:02
1641373382507562000,86.1,3,86.1,32,86.5,2,2,2022-01-05 09:03:02
1641373382776614000,86.5,2,86.6,1,86.7,15,1,2022-01-05 09:03:02
1641373382776614000,86.6,2,86.6,1,86.7,15,1,2022-01-05 09:03:02
1641373383105071000,86.6,1,86.5,1,86.7,6,2,2022-01-05 09:03:03
1641373383534540000,86.6,1,86.5,1,86.6,3,1,2022-01-05 09:03:03
1641373383578341000,86.5,1,86.4,9,86.6,3,2,2022-01-05 09:03:03
1641373383578341000,86.4,1,86.4,9,86.6,3,2,2022-01-05 09:03:03
1641373384195585000,86.4,3,86.4,6,86.6,3,2,2022-01-05 09:03:04
1641373384244021000,86.4,1,86.4,5,86.6,3,2,2022-01-05 09:03:04
1641373384426260000,86.4,1,86.4,4,86.6,3,2,2022-01-05 09:03:04
1641373384712800000,86.4,2,86.4,2,86.6,3,2,2022-01-05 09:03:04
1641373384731262000,86.4,1,86.4,1,86.6,3,2,2022-01-05 09:03:04
1641373384739361000,86.4,1,86.2,22,86.6,3,2,2022-01-05 09:03:04
1641373385107733000,86.2,1,86.2,21,86.6,3,2,2022-01-05 09:03:05
1641373385205656000,86.2,5,86.2,17,86.6,3,2,2022-01-05 09:03:05
1641373385257000000,86.3,4,86.2,17,86.6,20,1,2022-01-05 09:03:05
1641373385471541000,86.5,6,86.4,30,86.6,8,1,2022-01-05 09:03:05
1641373385975280000,86.6,1,86.4,30,86.6,10,1,2022-01-05 09:03:05
1641373386074047000,86.4,2,86.4,29,86.6,10,2,2022-01-05 09:03:06
1641373386397089000,86.6,1,86.4,34,86.6,9,1,2022-01-05 09:03:06
1641373386416281000,86.6,5,86.4,34,86.6,4,1,2022-01-05 09:03:06
1641373386440810000,86.6,4,86.4,34,86.6,3,1,2022-01-05 09:03:06
1641373386441176000,86.6,3,86.4,34,86.7,6,1,2022-01-05 09:03:06
1641373386760032000,86.6,1,86.5,1,86.7,6,1,2022-01-05 09:03:06
1641373386999011000,86.5,1,86.4,36,86.7,6,2,2022-01-05 09:03:06
1641373387021960000,86.4,3,86.4,33,86.7,6,2,2022-01-05 09:03:07
1641373387064187000,86.6,1,86.4,33,86.7,6,1,2022-01-05 09:03:07
1641373387079594000,86.5,1,86.5,9,86.7,6,2,2022-01-05 09:03:07
1641373387196569000,86.5,11,86.4,14,86.7,6,2,2022-01-05 09:03:07
1641373387196569000,86.4,19,86.4,14,86.7,6,2,2022-01-05 09:03:07
1641373387264324000,86.7,5,86.4,16,86.7,1,1,2022-01-05 09:03:07
1641373387287618000,86.7,1,86.4,16,86.8,10,1,2022-01-05 09:03:07
1641373387305881000,86.4,2,86.4,14,86.8,10,2,2022-01-05 09:03:07
1641373387390596000,86.6,1,86.5,2,86.7,3,1,2022-01-05 09:03:07
1641373387697422000,86.6,1,86.5,9,86.7,3,1,2022-01-05 09:03:07
1641373387827067000,86.7,2,86.5,9,86.7,1,1,2022-01-05 09:03:07
1641373387898673000,86.7,1,86.5,10,86.8,10,1,2022-01-05 09:03:07
1641373388069745000,86.5,5,86.5,5,86.8,10,2,2022-01-05 09:03:08
1641373388114080000,86.8,1,86.5,6,86.8,9,1,2022-01-05 09:03:08
1641373388167214000,86.8,5,86.5,6,86.8,4,1,2022-01-05 09:03:08
1641373388424137000,86.5,4,86.5,3,86.8,4,2,2022-01-05 09:03:08
1641373388451367000,86.8,1,86.5,3,86.8,3,1,2022-01-05 09:03:08
1641373388575459000,86.5,2,86.4,14,86.8,3,2,2022-01-05 09:03:08
1641373388575459000,86.4,8,86.4,14,86.8,3,2,2022-01-05 09:03:08
1641373388627845000,86.5,1,86.4,13,86.8,15,2,2022-01-05 09:03:08
1641373388627845000,86.4,1,86.4,13,86.8,15,2,2022-01-05 09:03:08
1641373388694501000,86.4,2,86.4,10,86.5,1,2,2022-01-05 09:03:08
1641373388696195000,86.5,1,86.4,10,86.8,3,1,2022-01-05 09:03:08
1641373388701672000,86.4,1,86.4,9,86.8,3,2,2022-01-05 09:03:08
1641373388946869000,86.6,1,86.4,9,86.6,2,1,2022-01-05 09:03:08
1641373389042565000,86.6,1,86.5,1,86.6,1,1,2022-01-05 09:03:09
1641373389062638000,86.5,1,86.4,9,86.5,3,2,2022-01-05 09:03:09
1641373389094470000,86.5,3,86.4,9,86.6,1,1,2022-01-05 09:03:09
1641373389159696000,86.5,1,86.5,2,86.6,1,2,2022-01-05 09:03:09
1641373389255288000,86.5,1,86.5,8,86.6,1,2,2022-01-05 09:03:09
1641373389289894000,86.6,1,86.5,8,86.8,4,1,2022-01-05 09:03:09
1641373389713562000,86.6,1,86.5,8,86.6,1,2,2022-01-05 09:03:09
1641373389733237000,86.6,1,86.5,8,86.8,4,1,2022-01-05 09:03:09
1641373389789211000,86.5,1,86.5,7,86.8,4,2,2022-01-05 09:03:09
1641373389797018000,86.8,1,86.5,7,86.8,3,1,2022-01-05 09:03:09
1641373389836948000,86.5,7,86.4,9,86.5,3,2,2022-01-05 09:03:09
1641373389848127000,86.5,1,86.4,9,86.5,2,1,2022-01-05 09:03:09
1641373389856355000,86.5,2,86.4,8,86.8,3,1,2022-01-05 09:03:09
1641373389923906000,86.4,1,86.4,7,86.8,3,2,2022-01-05 09:03:09
1641373389934574000,86.4,3,86.4,4,86.8,3,2,2022-01-05 09:03:09
1641373389985854000,86.4,4,86.3,8,86.8,15,2,2022-01-05 09:03:09
1641373389985854000,86.3,3,86.3,8,86.8,15,2,2022-01-05 09:03:09
1641373390016995000,86.4,1,86.4,1,86.7,2,2,2022-01-05 09:03:10
1641373390115467000,86.5,1,86.4,1,86.7,2,1,2022-01-05 09:03:10
1641373390116855000,86.4,1,86.3,8,86.4,1,2,2022-01-05 09:03:10
1641373390149022000,86.4,1,86.3,8,86.7,2,1,2022-01-05 09:03:10
1641373390514749000,86.7,1,86.3,9,86.7,1,1,2022-01-05 09:03:10
1641373390546049000,86.3,1,86.3,8,86.7,1,2,2022-01-05 09:03:10
1641373390607828000,86.3,1,86.3,7,86.7,1,2,2022-01-05 09:03:10
1641373390701387000,86.6,1,86.3,7,86.7,1,2,2022-01-05 09:03:10
1641373390721512000,86.3,3,86.3,4,86.7,1,2,2022-01-05 09:03:10
1641373390732944000,86.3,3,86.3,18,86.7,13,2,2022-01-05 09:03:10
1641373390812430000,86.6,1,86.5,2,86.6,3,1,2022-01-05 09:03:10
1641373390825912000,86.5,1,86.5,1,86.6,3,2,2022-01-05 09:03:10
1641373391017199000,86.5,1,86.3,18,86.4,1,2,2022-01-05 09:03:11
1641373391042976000,86.4,1,86.3,18,86.6,6,1,2022-01-05 09:03:11
1641373391069094000,86.6,1,86.3,18,86.6,5,1,2022-01-05 09:03:11
1641373391292605000,86.6,1,86.4,1,86.6,4,1,2022-01-05 09:03:11
1641373391323077000,86.6,3,86.4,1,86.6,1,1,2022-01-05 09:03:11
1641373391354100000,86.6,1,86.4,1,86.7,2,1,2022-01-05 09:03:11
1641373391819657000,86.7,1,86.5,2,86.7,3,1,2022-01-05 09:03:11
1641373391820070000,86.7,3,86.5,2,86.8,6,1,2022-01-05 09:03:11
1641373392244411000,86.8,5,86.6,5,86.8,1,1,2022-01-05 09:03:12
1641373392310642000,86.6,1,86.6,4,86.8,1,2,2022-01-05 09:03:12
1641373393036446000,86.7,1,86.6,4,86.8,1,1,2022-01-05 09:03:13
1641373393235262000,86.8,1,86.8,2,86.9,27,1,2022-01-05 09:03:13
1641373393271373000,86.8,1,86.8,1,86.9,27,2,2022-01-05 09:03:13
1641373393326878000,86.8,1,86.6,15,86.9,27,2,2022-01-05 09:03:13
1641373393412043000,86.9,27,86.6,15,87.0,42,1,2022-01-05 09:03:13
1641373393528680000,86.6,3,86.6,12,87.0,42,2,2022-01-05 09:03:13
1641373393565142000,86.6,1,86.6,11,87.0,42,2,2022-01-05 09:03:13
1641373393909260000,86.7,1,86.6,11,86.8,1,2,2022-01-05 09:03:13
1641373393925818000,86.8,1,86.6,11,87.0,42,1,2022-01-05 09:03:13
1641373394173641000,86.6,1,86.6,10,87.0,42,2,2022-01-05 09:03:14
1641373394368842000,86.6,2,86.6,8,87.0,42,2,2022-01-05 09:03:14
1641373394424383000,87.0,1,86.6,8,87.0,41,1,2022-01-05 09:03:14
1641373394603449000,86.8,1,86.6,7,87.0,41,2,2022-01-05 09:03:14
1641373394603449000,86.6,1,86.6,7,87.0,41,2,2022-01-05 09:03:14
1641373394683087000,86.6,5,86.6,2,87.0,36,2,2022-01-05 09:03:14
1641373394749253000,86.7,1,86.7,1,87.0,37,2,2022-01-05 09:03:14
1641373395081565000,86.7,1,86.6,14,87.0,37,2,2022-01-05 09:03:15
1641373395105036000,86.6,1,86.6,13,87.0,37,2,2022-01-05 09:03:15
1641373395475902000,86.7,1,86.7,5,87.0,40,2,2022-01-05 09:03:15
1641373395556197000,86.7,1,86.7,6,87.0,40,2,2022-01-05 09:03:15
1641373395703102000,86.7,5,86.7,1,87.0,42,2,2022-01-05 09:03:15
1641373395863485000,86.7,1,86.6,18,87.0,42,2,2022-01-05 09:03:15
1641373396052633000,86.7,1,86.6,20,87.0,42,2,2022-01-05 09:03:16
1641373396137611000,86.8,1,86.6,20,87.0,42,2,2022-01-05 09:03:16
1641373396302508000,86.6,20,86.6,3,87.0,42,2,2022-01-05 09:03:16
1641373396716223000,86.6,1,86.6,2,86.9,1,2,2022-01-05 09:03:16
1641373396925190000,86.6,1,86.6,2,86.9,3,2,2022-01-05 09:03:16
1641373397149582000,86.6,1,86.6,1,86.9,3,2,2022-01-05 09:03:17
1641373397764782000,86.6,2,86.5,23,86.9,3,2,2022-01-05 09:03:17
1641373397826511000,86.9,1,86.6,2,86.9,14,1,2022-01-05 09:03:17
1641373397872077000,86.9,2,86.6,3,87.0,42,1,2022-01-05 09:03:17
1641373398147055000,86.6,5,86.5,23,86.7,11,2,2022-01-05 09:03:18
1641373398465356000,86.7,2,86.6,1,86.7,9,1,2022-01-05 09:03:18
1641373398493285000,86.7,9,86.6,1,86.9,4,1,2022-01-05 09:03:18
1641373398676876000,86.7,2,86.7,7,86.9,4,2,2022-01-05 09:03:18
1641373398930767000,86.7,5,86.7,2,86.9,4,2,2022-01-05 09:03:18
1641373399030563000,86.7,2,86.6,3,86.7,2,2,2022-01-05 09:03:19
1641373399058293000,86.7,1,86.6,3,86.7,1,1,2022-01-05 09:03:19
1641373399080868000,86.7,1,86.6,3,86.9,4,1,2022-01-05 09:03:19
1641373399521084000,86.8,1,86.8,1,86.9,8,2,2022-01-05 09:03:19
1641373399608283000,86.8,1,86.6,4,86.9,8,2,2022-01-05 09:03:19
1641373399744700000,86.6,3,86.6,1,86.9,18,2,2022-01-05 09:03:19
1641373399932122000,86.9,1,86.6,1,86.9,17,1,2022-01-05 09:03:19
1641373400084842000,86.6,1,86.5,25,86.9,17,2,2022-01-05 09:03:20
1641373400484644000,86.8,1,86.6,13,86.9,17,1,2022-01-05 09:03:20
1641373400689639000,86.6,1,86.6,13,86.9,17,2,2022-01-05 09:03:20
1641373400917213000,86.8,2,86.6,16,86.9,14,1,2022-01-05 09:03:20
1641373400917213000,86.9,3,86.6,16,86.9,14,1,2022-01-05 09:03:20
1641373401267680000,86.8,2,86.6,21,86.8,13,1,2022-01-05 09:03:21
1641373401305101000,86.8,13,86.6,21,86.9,17,1,2022-01-05 09:03:21
1641373401412880000,86.9,2,86.6,21,86.9,15,1,2022-01-05 09:03:21
1641373402217442000,86.8,1,86.7,1,86.9,15,1,2022-01-05 09:03:22
1641373402221399000,86.9,1,86.7,1,86.9,14,1,2022-01-05 09:03:22
1641373402523598000,86.9,14,86.7,1,87.0,45,1,2022-01-05 09:03:22
1641373402567478000,86.8,8,86.7,1,86.8,12,1,2022-01-05 09:03:22
1641373402567823000,86.8,8,86.7,1,86.8,4,1,2022-01-05 09:03:22
1641373402567991000,86.8,4,86.8,10,87.0,45,1,2022-01-05 09:03:22
1641373402743350000,87.0,1,86.8,16,87.0,44,1,2022-01-05 09:03:22
1641373402864421000,87.0,5,86.9,15,87.0,36,1,2022-01-05 09:03:22
1641373402995613000,87.0,16,86.9,15,87.0,20,1,2022-01-05 09:03:22
1641373403022070000,87.0,8,86.9,15,87.0,12,1,2022-01-05 09:03:23
1641373403052555000,87.0,11,86.9,15,87.0,1,1,2022-01-05 09:03:23
1641373403062938000,86.9,2,86.9,13,87.0,1,2,2022-01-05 09:03:23
1641373403072566000,87.0,1,86.9,13,87.1,32,1,2022-01-05 09:03:23
1641373403348699000,86.9,1,86.9,12,87.1,32,2,2022-01-05 09:03:23
1641373403401816000,86.9,2,86.9,10,87.1,32,2,2022-01-05 09:03:23
1641373403691219000,87.0,1,86.9,10,87.0,4,1,2022-01-05 09:03:23
1641373403921442000,87.0,1,86.9,10,87.0,3,1,2022-01-05 09:03:23
1641373404613889000,87.0,3,86.9,10,87.1,28,1,2022-01-05 09:03:24
1641373405081027000,87.0,2,87.0,5,87.1,13,2,2022-01-05 09:03:25
1641373405758784000,87.1,1,87.0,6,87.1,12,1,2022-01-05 09:03:25
1641373405826394000,87.1,11,87.0,6,87.1,1,1,2022-01-05 09:03:25
1641373405851455000,87.0,2,87.0,4,87.1,1,2,2022-01-05 09:03:25
1641373405857709000,87.1,1,87.0,4,87.2,11,1,2022-01-05 09:03:25
1641373405871471000,87.2,1,87.0,4,87.2,10,1,2022-01-05 09:03:25
1641373405995500000,87.2,4,87.0,24,87.2,6,1,2022-01-05 09:03:25
1641373406103853000,87.2,1,87.0,24,87.2,5,1,2022-01-05 09:03:26
1641373406126883000,87.0,1,87.0,23,87.2,5,2,2022-01-05 09:03:26
1641373406222651000,87.0,1,87.0,22,87.2,5,2,2022-01-05 09:03:26
1641373406594129000,87.2,1,87.0,27,87.2,4,1,2022-01-05 09:03:26
1641373406665045000,87.2,4,87.1,6,87.3,14,1,2022-01-05 09:03:26
1641373406737024000,87.1,1,87.1,5,87.3,14,2,2022-01-05 09:03:26
1641373406787352000,87.1,1,87.1,4,87.3,14,2,2022-01-05 09:03:26
1641373406953016000,87.3,10,87.1,4,87.3,4,1,2022-01-05 09:03:26
1641373406971645000,87.3,4,87.1,4,87.4,7,1,2022-01-05 09:03:26
1641373407361548000,87.4,7,87.1,4,87.5,18,1,2022-01-05 09:03:27
1641373407472491000,87.1,1,87.1,3,87.5,18,2,2022-01-05 09:03:27
1641373407558017000,87.5,10,87.1,3,87.5,8,1,2022-01-05 09:03:27
1641373407972940000,87.3,2,87.1,3,87.5,8,1,2022-01-05 09:03:27
1641373408085917000,87.1,1,87.1,2,87.5,8,2,2022-01-05 09:03:28
1641373408091954000,87.5,1,87.1,2,87.5,7,1,2022-01-05 09:03:28
1641373408658973000,87.1,3,87.0,24,87.5,7,2,2022-01-05 09:03:28
1641373408658973000,87.0,4,87.0,24,87.5,7,2,2022-01-05 09:03:28
1641373408715064000,87.4,2,87.1,2,87.5,7,1,2022-01-05 09:03:28
1641373409489792000,87.5,3,87.1,5,87.5,4,1,2022-01-05 09:03:29
1641373409747665000,87.1,5,87.0,30,87.5,4,2,2022-01-05 09:03:29
1641373409781111000,87.5,1,87.0,30,87.5,3,1,2022-01-05 09:03:29
1641373410016333000,87.5,2,87.2,4,87.5,1,1,2022-01-05 09:03:30
1641373410339143000,87.5,1,87.2,4,87.6,3,1,2022-01-05 09:03:30
1641373410866901000,87.6,3,87.2,4,87.8,6,1,2022-01-05 09:03:30
1641373410866901000,87.7,6,87.2,4,87.8,6,1,2022-01-05 09:03:30
1641373410866901000,87.8,1,87.2,4,87.8,6,1,2022-01-05 09:03:30
1641373411015958000,87.3,2,87.3,1,87.7,2,2,2022-01-05 09:03:31
1641373411181681000,87.5,1,87.3,1,87.5,2,1,2022-01-05 09:03:31
1641373411272769000,87.5,1,87.3,1,87.5,1,1,2022-01-05 09:03:31
1641373411941701000,87.5,1,87.2,4,87.6,1,1,2022-01-05 09:03:31
1641373412633977000,87.5,2,87.3,1,87.5,8,1,2022-01-05 09:03:32
1641373412702312000,87.5,5,87.3,1,87.5,3,1,2022-01-05 09:03:32
1641373412738774000,87.5,3,87.3,1,87.5,1,1,2022-01-05 09:03:32
1641373412776508000,87.5,1,87.3,1,87.8,7,1,2022-01-05 09:03:32
1641373412776508000,87.6,1,87.3,1,87.8,7,1,2022-01-05 09:03:32
1641373412776508000,87.7,3,87.3,1,87.8,7,1,2022-01-05 09:03:32
1641373412853302000,87.3,1,87.2,26,87.5,1,2,2022-01-05 09:03:32
1641373412853302000,87.2,1,87.2,26,87.5,1,2,2022-01-05 09:03:32
1641373413004697000,87.5,1,87.2,26,87.5,1,1,2022-01-05 09:03:33
1641373413165510000,87.5,1,87.2,26,87.8,7,1,2022-01-05 09:03:33
1641373414076856000,87.4,1,87.4,1,87.5,4,2,2022-01-05 09:03:34
1641373414096009000,87.4,1,87.3,3,87.5,4,2,2022-01-05 09:03:34
1641373414175709000,87.3,1,87.3,2,87.5,4,2,2022-01-05 09:03:34
1641373414244185000,87.5,1,87.3,2,87.5,3,1,2022-01-05 09:03:34
1641373414546803000,87.5,1,87.3,3,87.5,2,1,2022-01-05 09:03:34
1641373415491310000,87.3,1,87.3,4,87.5,18,2,2022-01-05 09:03:35
1641373415565547000,87.3,3,87.3,1,87.5,18,2,2022-01-05 09:03:35
1641373415590617000,87.3,1,87.2,26,87.5,18,2,2022-01-05 09:03:35
1641373415904125000,87.3,2,87.2,26,87.4,5,2,2022-01-05 09:03:35
1641373416052599000,87.3,1,87.2,26,87.3,1,1,2022-01-05 09:03:36
1641373416088900000,87.3,1,87.2,26,87.4,5,1,2022-01-05 09:03:36
1641373416401898000,87.3,1,87.2,26,87.4,5,2,2022-01-05 09:03:36
1641373416629842000,87.3,1,87.2,26,87.4,1,1,2022-01-05 09:03:36
1641373416629842000,87.4,4,87.2,26,87.4,1,1,2022-01-05 09:03:36
1641373416742517000,87.2,7,87.2,19,87.4,1,2,2022-01-05 09:03:36
1641373416939084000,87.2,3,87.2,16,87.3,3,2,2022-01-05 09:03:36
1641373416960178000,87.2,16,87.1,16,87.3,3,2,2022-01-05 09:03:36
1641373417438818000,87.3,3,87.1,17,87.4,14,1,2022-01-05 09:03:37
1641373417763363000,87.2,1,87.1,17,87.3,5,2,2022-01-05 09:03:37
1641373417851266000,87.2,1,87.1,17,87.3,4,1,2022-01-05 09:03:37
1641373417851266000,87.3,1,87.1,17,87.3,4,1,2022-01-05 09:03:37
1641373417933980000,87.3,1,87.1,17,87.3,3,1,2022-01-05 09:03:37
1641373418133555000,87.2,1,87.1,17,87.3,3,1,2022-01-05 09:03:38
1641373418461676000,87.2,1,87.1,17,87.3,3,2,2022-01-05 09:03:38
1641373418711400000,87.1,1,87.1,16,87.3,3,2,2022-01-05 09:03:38
1641373418904880000,87.1,3,87.1,13,87.2,1,2,2022-01-05 09:03:38
1641373418924224000,87.1,13,87.0,42,87.2,1,2,2022-01-05 09:03:38
1641373419002748000,87.0,1,87.0,41,87.2,1,2,2022-01-05 09:03:39
1641373419031054000,87.1,1,87.0,41,87.2,1,2,2022-01-05 09:03:39
1641373419131251000,87.0,1,87.0,40,87.2,1,2,2022-01-05 09:03:39
1641373419193481000,87.2,1,87.0,39,87.3,2,1,2022-01-05 09:03:39
1641373419193481000,87.3,1,87.0,39,87.3,2,1,2022-01-05 09:03:39
1641373419823499000,87.2,1,87.0,39,87.2,2,1,2022-01-05 09:03:39
1641373420235776000,87.2,1,87.0,39,87.2,1,1,2022-01-05 09:03:40
1641373420729238000,87.0,3,87.0,36,87.2,1,2,2022-01-05 09:03:40
1641373421020653000,87.2,1,87.0,36,87.3,7,1,2022-01-05 09:03:41
1641373421200920000,87.2,1,87.0,36,87.3,6,1,2022-01-05 09:03:41
1641373421200920000,87.3,4,87.0,36,87.3,6,1,2022-01-05 09:03:41
1641373421309536000,87.0,2,87.0,34,87.3,6,2,2022-01-05 09:03:41
1641373421468588000,87.0,1,87.0,33,87.3,6,2,2022-01-05 09:03:41
1641373421571799000,87.1,1,87.0,33,87.3,6,2,2022-01-05 09:03:41
1641373421718189000,87.0,2,87.0,35,87.3,6,2,2022-01-05 09:03:41
1641373422035629000,87.0,1,87.0,34,87.2,1,2,2022-01-05 09:03:42
1641373422116317000,87.0,1,87.0,33,87.2,2,2,2022-01-05 09:03:42
1641373422307317000,87.1,5,87.0,33,87.2,2,2,2022-01-05 09:03:42
1641373422445345000,87.0,30,87.0,4,87.2,2,2,2022-01-05 09:03:42
1641373422461751000,87.2,1,87.0,4,87.2,1,1,2022-01-05 09:03:42
1641373422473674000,87.0,4,86.9,11,87.2,1,2,2022-01-05 09:03:42
1641373422770811000,87.2,1,87.0,10,87.3,8,1,2022-01-05 09:03:42
1641373422874882000,87.2,1,87.0,10,87.3,8,2,2022-01-05 09:03:42
1641373423096334000,87.0,2,87.0,9,87.2,1,2,2022-01-05 09:03:43
1641373423132914000,87.2,1,87.0,9,87.3,9,1,2022-01-05 09:03:43
1641373423457036000,87.0,1,87.0,8,87.1,21,2,2022-01-05 09:03:43
1641373423676579000,87.0,3,87.0,5,87.1,21,2,2022-01-05 09:03:43
1641373423689614000,87.0,5,86.9,12,87.1,21,2,2022-01-05 09:03:43
1641373424071022000,86.9,3,86.9,9,87.1,21,2,2022-01-05 09:03:44
1641373424866006000,86.9,1,86.9,6,87.0,4,2,2022-01-05 09:03:44
1641373425067744000,87.0,1,86.9,6,87.0,3,1,2022-01-05 09:03:45
1641373425195327000,87.0,1,86.9,6,87.0,2,1,2022-01-05 09:03:45
1641373425424976000,86.9,1,86.9,5,87.0,2,2,2022-01-05 09:03:45
1641373425589494000,87.0,1,86.9,5,87.0,2,1,2022-01-05 09:03:45
1641373425712457000,87.0,1,86.9,5,87.0,2,1,2022-01-05 09:03:45
1641373425815020000,87.0,1,86.9,5,87.0,1,1,2022-01-05 09:03:45
1641373425864456000,86.9,1,86.9,4,87.0,1,2,2022-01-05 09:03:45
1641373425878743000,87.0,1,86.9,4,87.1,25,1,2022-01-05 09:03:45
1641373426066934000,87.1,10,86.9,4,87.1,15,1,2022-01-05 09:03:46
1641373426127593000,86.9,1,86.9,3,87.1,15,2,2022-01-05 09:03:46
1641373426571719000,87.1,1,86.9,3,87.1,14,1,2022-01-05 09:03:46
1641373426740521000,86.9,3,86.8,9,87.1,14,2,2022-01-05 09:03:46
1641373426740521000,86.8,2,86.8,9,87.1,14,2,2022-01-05 09:03:46
1641373427048961000,86.9,1,86.8,9,86.9,7,1,2022-01-05 09:03:47
1641373427219437000,86.9,1,86.8,9,86.9,6,1,2022-01-05 09:03:47
1641373427350595000,86.9,1,86.8,9,86.9,5,1,2022-01-05 09:03:47
1641373427673273000,86.9,1,86.8,9,86.9,4,1,2022-01-05 09:03:47
1641373429992946000,86.9,1,86.8,10,86.9,5,1,2022-01-05 09:03:49
1641373430271422000,86.8,10,86.7,24,86.9,5,2,2022-01-05 09:03:50
1641373431136356000,86.8,2,86.7,30,86.8,8,1,2022-01-05 09:03:51
1641373431168431000,86.8,8,86.7,30,86.9,6,1,2022-01-05 09:03:51
1641373431447764000,86.9,6,86.7,30,87.0,27,1,2022-01-05 09:03:51
1641373431704756000,86.9,1,86.7,30,87.0,29,1,2022-01-05 09:03:51
1641373432029574000,86.9,1,86.7,23,87.0,29,2,2022-01-05 09:03:52
1641373432029574000,86.7,7,86.7,23,87.0,29,2,2022-01-05 09:03:52
1641373432054387000,87.0,2,86.7,23,87.0,27,1,2022-01-05 09:03:52
1641373432515761000,86.9,1,86.8,5,87.0,29,1,2022-01-05 09:03:52
1641373432682416000,87.0,2,86.8,5,87.0,28,1,2022-01-05 09:03:52
1641373433356342000,86.8,1,86.8,4,87.0,28,2,2022-01-05 09:03:53
1641373433544021000,87.0,5,86.8,4,87.0,25,1,2022-01-05 09:03:53
1641373433722093000,86.8,1,86.8,3,87.0,25,2,2022-01-05 09:03:53
1641373433754382000,86.8,3,86.7,24,87.0,25,2,2022-01-05 09:03:53
1641373434299396000,86.9,1,86.7,23,87.0,25,2,2022-01-05 09:03:54
1641373434299396000,86.7,1,86.7,23,87.0,25,2,2022-01-05 09:03:54
1641373434555761000,86.7,23,86.6,30,87.0,27,2,2022-01-05 09:03:54
1641373434555761000,86.6,5,86.6,30,87.0,27,2,2022-01-05 09:03:54
1641373434858679000,87.0,2,86.8,2,87.0,25,1,2022-01-05 09:03:54
1641373435440329000,86.8,3,86.8,1,86.9,1,2,2022-01-05 09:03:55
1641373435465628000,86.8,1,86.6,30,86.9,1,2,2022-01-05 09:03:55
1641373435535120000,86.9,1,86.6,30,87.0,31,1,2022-01-05 09:03:55
1641373436013565000,86.9,1,86.6,30,86.9,9,1,2022-01-05 09:03:56
1641373436092134000,86.6,22,86.6,8,86.9,9,2,2022-01-05 09:03:56
1641373436119530000,86.6,8,86.5,46,86.9,9,2,2022-01-05 09:03:56
1641373436310774000,86.5,1,86.5,45,86.7,3,2,2022-01-05 09:03:56
1641373436532425000,86.5,2,86.5,43,86.7,3,2,2022-01-05 09:03:56
1641373436718367000,86.7,3,86.5,43,86.9,11,1,2022-01-05 09:03:56
1641373436897893000,86.8,1,86.5,43,86.9,11,2,2022-01-05 09:03:56
1641373437205117000,86.9,1,86.5,46,86.9,22,1,2022-01-05 09:03:57
1641373437773946000,86.5,2,86.5,45,86.9,20,2,2022-01-05 09:03:57
1641373438674567000,86.7,1,86.7,4,86.9,20,2,2022-01-05 09:03:58
1641373438978474000,86.9,3,86.7,4,86.9,18,1,2022-01-05 09:03:58
1641373439086681000,86.7,1,86.7,3,86.9,18,2,2022-01-05 09:03:59
1641373439467350000,86.9,1,86.8,1,86.9,17,1,2022-01-05 09:03:59
1641373439592167000,86.8,1,86.7,3,86.9,17,2,2022-01-05 09:03:59
1641373440823228000,86.7,1,86.7,4,86.9,30,2,2022-01-05 09:04:00
1641373440956308000,86.9,10,86.7,4,86.9,20,1,2022-01-05 09:04:00
1641373441048399000,86.7,2,86.7,2,86.9,20,2,2022-01-05 09:04:01
1641373441234099000,86.8,1,86.8,2,86.9,20,2,2022-01-05 09:04:01
1641373441416768000,86.8,1,86.8,1,86.9,21,2,2022-01-05 09:04:01
1641373441448278000,86.8,1,86.7,2,86.9,23,2,2022-01-05 09:04:01
1641373442087047000,86.7,5,86.7,1,86.9,24,2,2022-01-05 09:04:02
1641373442094696000,86.9,1,86.7,1,86.9,23,1,2022-01-05 09:04:02
1641373442095818000,86.7,1,86.6,12,86.9,23,2,2022-01-05 09:04:02
1641373442095818000,86.6,1,86.6,12,86.9,23,2,2022-01-05 09:04:02
1641373442157857000,86.8,2,86.6,12,86.9,23,2,2022-01-05 09:04:02
1641373442267697000,86.6,5,86.6,7,86.9,23,2,2022-01-05 09:04:02
1641373442329007000,86.9,10,86.6,7,86.9,13,1,2022-01-05 09:04:02
1641373442599376000,86.7,2,86.7,8,86.9,13,1,2022-01-05 09:04:02
1641373443007552000,86.7,1,86.7,7,86.9,13,2,2022-01-05 09:04:03
1641373443578163000,86.8,1,86.7,8,86.9,13,1,2022-01-05 09:04:03
1641373443636098000,86.8,2,86.7,8,86.9,13,1,2022-01-05 09:04:03
1641373444118145000,86.7,1,86.7,7,86.9,13,2,2022-01-05 09:04:04
1641373444244739000,86.9,5,86.7,11,86.9,8,1,2022-01-05 09:04:04
1641373444905976000,86.8,1,86.7,17,86.8,1,1,2022-01-05 09:04:04
1641373444987813000,86.8,2,86.7,17,86.9,7,1,2022-01-05 09:04:04
1641373444987813000,86.9,3,86.7,17,86.9,7,1,2022-01-05 09:04:04
1641373445066107000,86.9,1,86.7,17,86.9,6,1,2022-01-05 09:04:05
1641373445715784000,86.9,2,86.8,15,86.9,16,1,2022-01-05 09:04:05
1641373445957239000,86.9,1,86.8,15,86.9,15,1,2022-01-05 09:04:05
1641373446145215000,86.9,1,86.8,15,86.9,14,1,2022-01-05 09:04:06
1641373446468188000,86.8,1,86.8,14,86.9,14,2,2022-01-05 09:04:06
1641373446511052000,86.8,14,86.7,14,86.9,14,2,2022-01-05 09:04:06
1641373446511052000,86.7,6,86.7,14,86.9,14,2,2022-01-05 09:04:06
1641373448070639000,86.8,1,86.8,2,86.9,21,1,2022-01-05 09:04:08
1641373448211053000,86.8,2,86.8,1,86.9,22,2,2022-01-05 09:04:08
1641373448437249000,86.9,1,86.8,3,86.9,31,1,2022-01-05 09:04:08
1641373449175788000,86.8,1,86.8,2,86.9,33,2,2022-01-05 09:04:09
1641373449181095000,86.8,1,86.8,1,86.9,33,2,2022-01-05 09:04:09
1641373449208675000,86.8,1,86.7,14,86.9,33,2,2022-01-05 09:04:09
1641373449811479000,86.9,1,86.8,2,86.9,33,1,2022-01-05 09:04:09
1641373449840261000,86.8,1,86.8,1,86.9,33,2,2022-01-05 09:04:09
1641373449847915000,86.8,1,86.7,14,86.9,33,2,2022-01-05 09:04:09
1641373451124280000,86.9,1,86.8,3,86.9,52,1,2022-01-05 09:04:11
1641373451230721000,86.9,52,86.8,8,87.0,73,1,2022-01-05 09:04:11
1641373451376447000,87.0,43,86.9,2,87.0,30,1,2022-01-05 09:04:11
1641373451396744000,87.0,15,86.9,2,87.0,15,1,2022-01-05 09:04:11
1641373451397016000,87.0,11,86.9,2,87.0,4,1,2022-01-05 09:04:11
1641373451420000000,87.0,4,86.9,2,87.1,7,1,2022-01-05 09:04:11
1641373451614955000,86.9,2,86.8,8,87.1,7,2,2022-01-05 09:04:11
1641373451825944000,87.0,1,87.0,2,87.1,7,2,2022-01-05 09:04:11
1641373451861910000,87.0,2,86.8,11,86.9,1,2,2022-01-05 09:04:11
1641373451888155000,86.9,1,86.8,11,87.1,7,1,2022-01-05 09:04:11
1641373452052049000,86.8,2,86.8,9,87.1,7,2,2022-01-05 09:04:12
1641373452156822000,86.9,3,86.8,9,87.1,7,1,2022-01-05 09:04:12
1641373452666914000,86.9,1,86.8,14,87.1,8,1,2022-01-05 09:04:12
1641373452775164000,86.8,1,86.8,12,87.1,8,2,2022-01-05 09:04:12
1641373453586842000,86.9,1,86.8,10,87.0,1,2,2022-01-05 09:04:13
1641373453586842000,86.8,2,86.8,10,87.0,1,2,2022-01-05 09:04:13
1641373454945724000,86.9,1,86.9,1,87.0,1,2,2022-01-05 09:04:14
1641373455092958000,86.9,1,86.8,11,87.0,1,2,2022-01-05 09:04:15
1641373455518706000,86.8,1,86.8,10,87.0,1,2,2022-01-05 09:04:15
1641373455768320000,86.9,1,86.8,10,86.9,3,1,2022-01-05 09:04:15
1641373455768703000,86.9,1,86.8,10,86.9,2,1,2022-01-05 09:04:15
1641373456180578000,86.9,1,86.8,15,86.9,1,1,2022-01-05 09:04:16
1641373456214609000,86.9,1,86.8,15,87.0,1,1,2022-01-05 09:04:16
1641373457078575000,87.0,1,86.9,7,87.1,9,1,2022-01-05 09:04:17
1641373457947314000,86.9,1,86.9,11,87.1,9,2,2022-01-05 09:04:17
1641373459059677000,86.9,1,86.9,12,87.1,10,2,2022-01-05 09:04:19
1641373459306173000,87.0,1,86.9,12,87.0,2,2,2022-01-05 09:04:19
1641373460667479000,86.9,5,86.9,13,87.0,3,2,2022-01-05 09:04:20
1641373460870290000,86.9,1,86.9,12,87.0,5,2,2022-01-05 09:04:20
1641373461500043000,87.0,2,86.9,19,87.0,3,1,2022-01-05 09:04:21
1641373461826478000,87.0,1,86.9,19,87.0,6,1,2022-01-05 09:04:21
1641373462508588000,87.0,1,86.9,21,87.0,5,1,2022-01-05 09:04:22
1641373463451665000,87.0,1,86.9,21,87.0,6,1,2022-01-05 09:04:23
1641373463767310000,86.9,4,86.9,17,87.0,10,2,2022-01-05 09:04:23
1641373464085389000,87.0,10,86.9,20,87.1,9,1,2022-01-05 09:04:24
1641373464833985000,86.9,4,86.9,19,87.0,1,2,2022-01-05 09:04:24
1641373464946467000,86.9,10,86.9,9,87.0,1,2,2022-01-05 09:04:24
1641373465112263000,87.0,1,86.9,9,87.0,1,1,2022-01-05 09:04:25
1641373465513128000,87.0,2,87.0,8,87.1,12,1,2022-01-05 09:04:25
1641373466112761000,87.1,7,87.0,10,87.1,5,1,2022-01-05 09:04:26
1641373466326778000,87.0,1,87.0,9,87.1,5,2,2022-01-05 09:04:26
1641373466708540000,87.0,1,87.0,8,87.1,5,2,2022-01-05 09:04:26
1641373468369929000,87.0,3,87.0,7,87.1,5,2,2022-01-05 09:04:28
1641373468717387000,87.0,3,87.0,4,87.1,5,2,2022-01-05 09:04:28
1641373468872549000,87.0,1,87.0,3,87.1,5,2,2022-01-05 09:04:28
1641373469481441000,87.0,3,87.0,2,87.1,6,2,2022-01-05 09:04:29
1641373470038691000,87.0,2,87.0,3,87.1,6,2,2022-01-05 09:04:30
1641373470379453000,87.1,1,87.0,5,87.1,5,1,2022-01-05 09:04:30
1641373470946356000,87.0,1,87.0,4,87.1,5,2,2022-01-05 09:04:30
1641373471047766000,87.0,4,86.9,14,87.0,6,2,2022-01-05 09:04:31
1641373471443987000,87.0,1,86.9,14,87.0,5,1,2022-01-05 09:04:31
1641373471555816000,87.0,1,86.9,14,87.0,4,1,2022-01-05 09:04:31
1641373471592070000,87.0,1,86.9,14,87.0,3,1,2022-01-05 09:04:31
1641373471873202000,87.0,1,86.9,14,87.0,12,1,2022-01-05 09:04:31
1641373473186269000,86.9,2,86.9,14,87.0,18,2,2022-01-05 09:04:33
1641373473291393000,87.0,3,86.9,14,87.0,15,1,2022-01-05 09:04:33
1641373473308339000,87.0,2,86.9,14,87.0,13,1,2022-01-05 09:04:33
1641373473420898000,87.0,1,86.9,14,87.0,12,1,2022-01-05 09:04:33
1641373473442928000,86.9,5,86.9,9,87.0,12,2,2022-01-05 09:04:33
1641373473956766000,87.0,1,86.9,9,87.0,12,1,2022-01-05 09:04:33
1641373473970002000,87.0,1,86.9,9,87.0,11,1,2022-01-05 09:04:33
1641373474061336000,86.9,5,86.9,4,87.0,11,2,2022-01-05 09:04:34
1641373474104219000,86.9,1,86.9,3,87.0,11,2,2022-01-05 09:04:34
1641373474122060000,86.9,3,86.8,20,86.9,2,2,2022-01-05 09:04:34
1641373474481874000,86.8,1,86.8,19,86.9,7,2,2022-01-05 09:04:34
1641373474510521000,86.8,5,86.8,14,86.9,7,2,2022-01-05 09:04:34
1641373474543616000,86.8,14,86.7,33,86.9,7,2,2022-01-05 09:04:34
1641373475273245000,86.9,3,86.7,33,86.9,5,1,2022-01-05 09:04:35
1641373475706830000,86.9,1,86.7,33,86.9,4,1,2022-01-05 09:04:35
1641373475893088000,86.9,1,86.7,33,86.9,6,1,2022-01-05 09:04:35
1641373476399116000,86.8,1,86.7,33,86.9,6,2,2022-01-05 09:04:36
1641373476506716000,86.9,1,86.7,33,86.9,5,1,2022-01-05 09:04:36
1641373477245900000,86.7,12,86.7,21,86.9,10,2,2022-01-05 09:04:37
1641373477275592000,86.7,8,86.7,13,86.9,10,2,2022-01-05 09:04:37
1641373477277360000,86.7,13,86.6,24,86.9,10,2,2022-01-05 09:04:37
1641373478701082000,86.9,1,86.6,24,86.9,18,1,2022-01-05 09:04:38
1641373479210201000,86.8,1,86.8,9,86.9,29,2,2022-01-05 09:04:39
1641373479274334000,86.8,1,86.8,8,86.9,29,2,2022-01-05 09:04:39
1641373480238124000,86.8,4,86.8,6,86.9,28,2,2022-01-05 09:04:40
1641373480677344000,86.8,6,86.7,1,86.8,10,2,2022-01-05 09:04:40
1641373481375929000,86.9,1,86.7,1,86.9,27,1,2022-01-05 09:04:41
1641373481667235000,86.9,5,86.7,1,86.9,22,1,2022-01-05 09:04:41
1641373481789177000,86.9,1,86.7,1,86.9,21,1,2022-01-05 09:04:41
1641373482462501000,86.8,1,86.7,1,86.9,22,1,2022-01-05 09:04:42
1641373482875475000,86.7,2,86.6,27,86.9,23,2,2022-01-05 09:04:42
1641373483669001000,86.6,1,86.6,27,86.8,2,2,2022-01-05 09:04:43
1641373484356068000,86.7,1,86.6,26,86.8,7,2,2022-01-05 09:04:44
1641373484356068000,86.6,1,86.6,26,86.8,7,2,2022-01-05 09:04:44
1641373484567506000,86.8,1,86.6,25,86.8,6,1,2022-01-05 09:04:44
1641373486068157000,86.6,6,86.6,20,86.8,18,2,2022-01-05 09:04:46
1641373486884055000,86.6,3,86.6,17,86.8,18,2,2022-01-05 09:04:46
1641373487003348000,86.6,1,86.6,16,86.8,18,2,2022-01-05 09:04:47
1641373487385051000,86.8,1,86.6,16,86.8,17,1,2022-01-05 09:04:47
1641373487637585000,86.6,2,86.6,14,86.8,17,2,2022-01-05 09:04:47
1641373487881328000,86.8,1,86.6,14,86.8,16,1,2022-01-05 09:04:47
1641373488235849000,86.7,1,86.6,13,86.8,16,2,2022-01-05 09:04:48
1641373488235849000,86.6,1,86.6,13,86.8,16,2,2022-01-05 09:04:48
1641373488309160000,86.6,1,86.6,12,86.8,17,2,2022-01-05 09:04:48
1641373488318674000,86.8,1,86.6,12,86.8,16,1,2022-01-05 09:04:48
1641373488614355000,86.6,2,86.6,11,86.8,16,2,2022-01-05 09:04:48
1641373488775069000,86.8,10,86.6,11,86.8,6,1,2022-01-05 09:04:48
1641373488789831000,86.6,1,86.6,10,86.8,6,2,2022-01-05 09:04:48
1641373488815860000,86.8,6,86.6,10,86.9,23,1,2022-01-05 09:04:48
1641373489042330000,86.6,2,86.6,10,86.9,23,2,2022-01-05 09:04:49
1641373489285174000,86.8,1,86.6,10,86.9,23,1,2022-01-05 09:04:49
1641373489522504000,86.6,11,86.6,14,86.7,1,2,2022-01-05 09:04:49
1641373489528773000,86.6,2,86.6,12,86.7,1,2,2022-01-05 09:04:49
1641373489754894000,86.6,1,86.6,11,86.7,1,2,2022-01-05 09:04:49
1641373489789586000,86.6,11,86.5,101,86.6,4,2,2022-01-05 09:04:49
1641373489836818000,86.6,1,86.5,101,86.6,3,1,2022-01-05 09:04:49
1641373489974331000,86.6,2,86.5,101,86.6,1,1,2022-01-05 09:04:49
1641373490010454000,86.6,1,86.5,101,86.7,1,1,2022-01-05 09:04:50
1641373490024488000,86.5,2,86.5,99,86.7,1,2,2022-01-05 09:04:50
1641373490058907000,86.7,1,86.5,99,86.8,1,1,2022-01-05 09:04:50
1641373490296956000,86.8,4,86.5,99,86.9,22,1,2022-01-05 09:04:50
1641373490296956000,86.9,1,86.5,99,86.9,22,1,2022-01-05 09:04:50
1641373490754392000,86.8,1,86.7,4,86.8,1,1,2022-01-05 09:04:50
1641373491712489000,86.7,1,86.7,3,86.8,2,2,2022-01-05 09:04:51
1641373491737475000,86.8,2,86.7,3,86.9,22,1,2022-01-05 09:04:51
1641373491905857000,86.7,2,86.7,1,86.9,22,2,2022-01-05 09:04:51
1641373491931811000,86.7,1,86.6,3,86.9,22,2,2022-01-05 09:04:51
1641373492800159000,86.6,1,86.6,3,86.9,22,2,2022-01-05 09:04:52
1641373493031400000,86.6,2,86.6,1,86.8,8,2,2022-01-05 09:04:53
1641373494374417000,86.6,1,86.5,102,86.8,8,1,2022-01-05 09:04:54
1641373494374417000,86.8,4,86.5,102,86.8,8,1,2022-01-05 09:04:54
1641373494920389000,86.6,4,86.5,102,86.8,8,1,2022-01-05 09:04:54
1641373494939955000,86.8,5,86.5,102,86.8,3,1,2022-01-05 09:04:54
1641373495067053000,86.5,2,86.5,100,86.8,3,2,2022-01-05 09:04:55
1641373495178888000,86.8,1,86.5,100,86.8,2,1,2022-01-05 09:04:55
1641373495360014000,86.5,1,86.5,99,86.8,2,2,2022-01-05 09:04:55
1641373495512066000,86.5,3,86.5,97,86.8,5,2,2022-01-05 09:04:55
1641373496042543000,86.6,1,86.5,93,86.8,5,2,2022-01-05 09:04:56
1641373496042543000,86.5,4,86.5,93,86.8,5,2,2022-01-05 09:04:56
1641373496062179000,86.5,1,86.5,92,86.8,5,2,2022-01-05 09:04:56
1641373496411707000,86.6,2,86.5,86,86.8,5,2,2022-01-05 09:04:56
1641373496411707000,86.5,6,86.5,86,86.8,5,2,2022-01-05 09:04:56
1641373496582361000,86.8,2,86.5,86,86.8,3,1,2022-01-05 09:04:56
1641373496601680000,86.5,2,86.5,84,86.8,3,2,2022-01-05 09:04:56
1641373496870628000,86.8,1,86.5,84,86.8,2,1,2022-01-05 09:04:56
1641373497019092000,86.7,1,86.6,1,86.8,2,2,2022-01-05 09:04:57
1641373497019092000,86.6,4,86.6,1,86.8,2,2,2022-01-05 09:04:57
1641373497025151000,86.6,1,86.5,82,86.8,2,2,2022-01-05 09:04:57
1641373497025151000,86.5,2,86.5,82,86.8,2,2,2022-01-05 09:04:57
1641373497038804000,86.8,2,86.5,82,86.9,27,1,2022-01-05 09:04:57
1641373498262777000,86.6,4,86.5,83,86.8,11,2,2022-01-05 09:04:58
1641373498262777000,86.5,1,86.5,83,86.8,11,2,2022-01-05 09:04:58
1641373498273769000,86.5,1,86.5,82,86.8,11,2,2022-01-05 09:04:58
1641373498303603000,86.5,3,86.5,79,86.8,11,2,2022-01-05 09:04:58
1641373498363118000,86.5,1,86.5,78,86.8,11,2,2022-01-05 09:04:58
1641373498711693000,86.6,1,86.6,4,86.8,12,2,2022-01-05 09:04:58
1641373499027770000,86.6,1,86.6,4,86.7,1,2,2022-01-05 09:04:59
1641373499229885000,86.6,2,86.6,7,86.7,1,2,2022-01-05 09:04:59
1641373499391113000,86.6,11,86.5,65,86.7,1,2,2022-01-05 09:04:59
1641373499391113000,86.5,13,86.5,65,86.7,1,2,2022-01-05 09:04:59
1641373499575460000,86.5,1,86.5,64,86.6,1,2,2022-01-05 09:04:59
1641373500145281000,86.6,1,86.5,66,86.7,3,1,2022-01-05 09:05:00
1641373500377734000,86.5,1,86.5,65,86.7,3,2,2022-01-05 09:05:00
1641373500638253000,86.6,1,86.5,64,86.7,3,2,2022-01-05 09:05:00
1641373500638253000,86.5,1,86.5,64,86.7,3,2,2022-01-05 09:05:00
1641373500806915000,86.5,2,86.5,62,86.7,3,2,2022-01-05 09:05:00
1641373501097247000,86.6,1,86.5,62,86.6,1,2,2022-01-05 09:05:01
1641373501540239000,86.6,1,86.5,62,86.7,3,1,2022-01-05 09:05:01
1641373501647119000,86.6,1,86.5,62,86.7,3,1,2022-01-05 09:05:01
1641373502185475000,86.5,7,86.5,66,86.7,3,2,2022-01-05 09:05:02
1641373502239907000,86.5,6,86.5,60,86.7,3,2,2022-01-05 09:05:02
1641373502740339000,86.5,5,86.5,57,86.7,3,2,2022-01-05 09:05:02
1641373502753946000,86.5,1,86.5,56,86.7,8,2,2022-01-05 09:05:02
1641373503222988000,86.6,1,86.5,55,86.7,8,2,2022-01-05 09:05:03
1641373503222988000,86.5,1,86.5,55,86.7,8,2,2022-01-05 09:05:03
1641373503259700000,86.5,4,86.5,53,86.7,8,2,2022-01-05 09:05:03
1641373503489980000,86.5,7,86.5,46,86.7,8,2,2022-01-05 09:05:03
1641373503836249000,86.5,7,86.5,39,86.6,1,2,2022-01-05 09:05:03
1641373503844714000,86.6,1,86.5,39,86.7,9,1,2022-01-05 09:05:03
1641373503878491000,86.7,4,86.5,39,86.7,5,1,2022-01-05 09:05:03
1641373504013706000,86.6,1,86.5,39,86.6,11,1,2022-01-05 09:05:04
1641373504339269000,86.5,1,86.5,38,86.6,11,2,2022-01-05 09:05:04
1641373504591576000,86.5,2,86.5,38,86.6,11,2,2022-01-05 09:05:04
1641373504836831000,86.5,1,86.5,37,86.6,11,2,2022-01-05 09:05:04
1641373504876405000,86.5,37,86.4,12,86.6,11,2,2022-01-05 09:05:04
1641373504876405000,86.4,7,86.4,12,86.6,11,2,2022-01-05 09:05:04
1641373504979404000,86.4,1,86.4,11,86.6,11,2,2022-01-05 09:05:04
1641373505503478000,86.5,1,86.5,3,86.6,11,1,2022-01-05 09:05:05
1641373505588430000,86.5,3,86.4,11,86.5,1,2,2022-01-05 09:05:05
1641373506142264000,86.4,3,86.4,9,86.5,6,2,2022-01-05 09:05:06
1641373506273551000,86.4,4,86.4,5,86.5,6,2,2022-01-05 09:05:06
1641373506332428000,86.4,2,86.4,3,86.5,6,2,2022-01-05 09:05:06
1641373506977987000,86.5,1,86.4,3,86.5,2,1,2022-01-05 09:05:06
1641373507306819000,86.4,2,86.4,2,86.5,14,2,2022-01-05 09:05:07
1641373507325730000,86.4,1,86.4,1,86.5,14,2,2022-01-05 09:05:07
1641373507340372000,86.5,10,86.4,1,86.5,4,1,2022-01-05 09:05:07
1641373507376977000,86.5,2,86.4,1,86.5,2,1,2022-01-05 09:05:07
1641373507379820000,86.5,1,86.4,1,86.5,1,1,2022-01-05 09:05:07
1641373507381892000,86.4,1,86.3,44,86.5,1,2,2022-01-05 09:05:07
1641373507381892000,86.3,2,86.3,44,86.5,1,2,2022-01-05 09:05:07
1641373507410381000,86.5,1,86.5,1,86.6,26,1,2022-01-05 09:05:07
1641373507534284000,86.5,1,86.3,43,86.6,26,2,2022-01-05 09:05:07
1641373507534284000,86.3,1,86.3,43,86.6,26,2,2022-01-05 09:05:07
1641373507675927000,86.3,2,86.3,42,86.6,24,2,2022-01-05 09:05:07
1641373507706342000,86.6,1,86.3,42,86.6,23,1,2022-01-05 09:05:07
1641373507777593000,86.3,1,86.3,41,86.6,23,2,2022-01-05 09:05:07
1641373508145677000,86.3,2,86.3,39,86.6,23,2,2022-01-05 09:05:08
1641373508234142000,86.6,3,86.3,39,86.6,20,1,2022-01-05 09:05:08
1641373508524541000,86.5,1,86.3,39,86.6,31,1,2022-01-05 09:05:08
1641373508633486000,86.3,3,86.3,36,86.6,31,2,2022-01-05 09:05:08
1641373508762758000,86.5,1,86.5,4,86.6,31,2,2022-01-05 09:05:08
1641373508770610000,86.5,4,86.3,36,86.5,1,2,2022-01-05 09:05:08
1641373508862954000,86.3,10,86.3,26,86.5,1,2,2022-01-05 09:05:08
1641373509177410000,86.4,1,86.2,18,86.5,1,2,2022-01-05 09:05:09
1641373509177410000,86.3,26,86.2,18,86.5,1,2,2022-01-05 09:05:09
1641373509177410000,86.2,18,86.2,18,86.5,1,2,2022-01-05 09:05:09
1641373509282919000,86.2,2,86.2,16,86.5,1,2,2022-01-05 09:05:09
1641373509305809000,86.2,2,86.2,14,86.5,1,2,2022-01-05 09:05:09
1641373509425151000,86.2,1,86.2,13,86.5,1,2,2022-01-05 09:05:09
1641373509663798000,86.2,1,86.2,12,86.5,1,2,2022-01-05 09:05:09
1641373509684296000,86.2,1,86.2,11,86.5,1,2,2022-01-05 09:05:09
1641373509744002000,86.5,1,86.5,4,86.6,33,1,2022-01-05 09:05:09
1641373509783514000,86.5,4,86.2,11,86.6,33,2,2022-01-05 09:05:09
1641373510049544000,86.6,9,86.3,3,86.6,24,1,2022-01-05 09:05:10
1641373510396461000,86.5,3,86.3,3,86.6,44,2,2022-01-05 09:05:10
1641373510601456000,86.4,1,86.3,3,86.6,44,1,2022-01-05 09:05:10
1641373510618754000,86.3,3,86.1,52,86.6,44,2,2022-01-05 09:05:10
1641373510618754000,86.2,11,86.1,52,86.6,44,2,2022-01-05 09:05:10
1641373510618754000,86.1,1,86.1,52,86.6,44,2,2022-01-05 09:05:10
1641373510935957000,86.1,1,86.1,51,86.4,7,2,2022-01-05 09:05:10
1641373510970498000,86.1,3,86.1,48,86.4,7,2,2022-01-05 09:05:10
1641373511044862000,86.1,2,86.1,46,86.4,7,2,2022-01-05 09:05:11
1641373511467914000,86.1,2,86.1,44,86.4,7,2,2022-01-05 09:05:11
1641373511625261000,86.1,2,86.1,42,86.4,7,2,2022-01-05 09:05:11
1641373511709368000,86.1,2,86.1,40,86.4,7,2,2022-01-05 09:05:11
1641373511900069000,86.1,4,86.1,36,86.3,2,2,2022-01-05 09:05:11
1641373512404357000,86.1,2,86.1,34,86.3,2,2,2022-01-05 09:05:12
1641373512479057000,86.1,1,86.1,32,86.3,2,2,2022-01-05 09:05:12
1641373512604911000,86.2,1,86.1,30,86.3,2,2,2022-01-05 09:05:12
1641373512604911000,86.1,2,86.1,30,86.3,2,2,2022-01-05 09:05:12
1641373512921658000,86.1,1,86.1,31,86.3,2,2,2022-01-05 09:05:12
1641373513157683000,86.1,1,86.1,30,86.3,2,2,2022-01-05 09:05:13
1641373513159970000,86.3,1,86.1,30,86.3,1,1,2022-01-05 09:05:13
1641373513206502000,86.1,10,86.1,20,86.3,1,2,2022-01-05 09:05:13
1641373513297062000,86.1,2,86.1,18,86.2,1,2,2022-01-05 09:05:13
1641373513365185000,86.2,1,86.2,3,86.3,1,1,2022-01-05 09:05:13
1641373513590228000,86.2,2,86.2,4,86.3,1,2,2022-01-05 09:05:13
1641373513736966000,86.2,2,86.2,2,86.3,1,2,2022-01-05 09:05:13
1641373513909207000,86.2,1,86.2,1,86.3,1,2,2022-01-05 09:05:13
1641373513978447000,86.2,1,86.1,15,86.3,1,2,2022-01-05 09:05:13
1641373513978447000,86.1,3,86.1,15,86.3,1,2,2022-01-05 09:05:13
1641373514409223000,86.1,15,86.0,86,86.1,6,2,2022-01-05 09:05:14
1641373514446380000,86.1,3,86.0,86,86.1,3,1,2022-01-05 09:05:14
1641373514447272000,86.0,3,86.0,83,86.1,3,2,2022-01-05 09:05:14
1641373514496077000,86.0,3,86.0,80,86.1,3,2,2022-01-05 09:05:14
1641373514701856000,86.0,5,86.0,75,86.1,6,2,2022-01-05 09:05:14
1641373514947159000,86.0,25,86.0,50,86.1,7,2,2022-01-05 09:05:14
1641373514958652000,86.0,1,86.0,49,86.1,7,2,2022-01-05 09:05:14
1641373515123405000,86.0,22,86.0,27,86.1,7,2,2022-01-05 09:05:15
1641373515161001000,86.0,1,86.0,26,86.1,7,2,2022-01-05 09:05:15
1641373515161984000,86.0,26,85.9,1,86.0,1,2,2022-01-05 09:05:15
1641373515428332000,86.0,1,85.9,3,86.0,5,1,2022-01-05 09:05:15
1641373515459918000,85.9,4,85.6,81,86.0,10,2,2022-01-05 09:05:15
1641373515459918000,85.8,12,85.6,81,86.0,10,2,2022-01-05 09:05:15
1641373515459918000,85.7,16,85.6,81,86.0,10,2,2022-01-05 09:05:15
1641373515459918000,85.6,16,85.6,81,86.0,10,2,2022-01-05 09:05:15
1641373515469463000,85.6,3,85.6,78,86.0,10,2,2022-01-05 09:05:15
1641373515507125000,85.8,1,85.6,78,86.0,10,2,2022-01-05 09:05:15
1641373515550720000,85.6,1,85.6,77,86.0,10,2,2022-01-05 09:05:15
1641373515603724000,85.6,2,85.6,76,85.9,5,2,2022-01-05 09:05:15
1641373515907561000,85.6,10,85.6,66,85.9,5,2,2022-01-05 09:05:15
1641373515988113000,85.6,1,85.6,65,85.9,5,2,2022-01-05 09:05:15
1641373516131605000,85.6,2,85.6,63,86.0,5,2,2022-01-05 09:05:16
1641373516389438000,86.0,1,85.7,1,86.0,5,1,2022-01-05 09:05:16
1641373516438325000,85.7,1,85.6,63,85.7,4,2,2022-01-05 09:05:16
1641373516470674000,85.7,4,85.6,63,86.0,1,1,2022-01-05 09:05:16
1641373516649551000,85.6,1,85.6,62,85.9,5,2,2022-01-05 09:05:16
1641373516701184000,85.6,1,85.6,61,85.9,5,2,2022-01-05 09:05:16
1641373516724350000,85.6,1,85.6,60,85.9,5,2,2022-01-05 09:05:16
1641373517129430000,85.6,1,85.6,60,85.8,10,2,2022-01-05 09:05:17
1641373517283762000,85.6,3,85.6,57,85.8,20,2,2022-01-05 09:05:17
1641373517369268000,85.6,5,85.6,52,85.8,25,2,2022-01-05 09:05:17
1641373517437770000,85.8,3,85.6,52,85.8,22,1,2022-01-05 09:05:17
1641373517462071000,85.6,18,85.6,34,85.8,22,2,2022-01-05 09:05:17
1641373517641943000,85.6,34,85.5,16,85.8,17,2,2022-01-05 09:05:17
1641373517641943000,85.5,6,85.5,16,85.8,17,2,2022-01-05 09:05:17
1641373517768387000,85.5,3,85.5,13,85.8,17,2,2022-01-05 09:05:17
1641373518014185000,85.8,2,85.5,13,85.8,15,1,2022-01-05 09:05:18
1641373518177767000,85.7,3,85.5,13,85.8,18,2,2022-01-05 09:05:18
1641373518351337000,85.5,1,85.5,12,85.8,18,2,2022-01-05 09:05:18
1641373518664108000,85.5,2,85.5,10,85.8,18,2,2022-01-05 09:05:18
1641373518735546000,85.5,2,85.5,8,85.8,18,2,2022-01-05 09:05:18
1641373518903790000,85.5,1,85.5,7,85.8,18,2,2022-01-05 09:05:18
1641373519401439000,85.5,5,85.5,2,85.8,20,2,2022-01-05 09:05:19
1641373519424821000,85.5,2,85.4,3,85.8,20,2,2022-01-05 09:05:19
1641373519689462000,85.8,1,85.4,3,85.8,19,1,2022-01-05 09:05:19
1641373520179587000,85.6,1,85.6,3,85.8,16,2,2022-01-05 09:05:20
1641373520332991000,85.6,3,85.4,3,85.8,16,2,2022-01-05 09:05:20
1641373520384303000,85.4,1,85.4,2,85.8,16,2,2022-01-05 09:05:20
1641373521122122000,85.6,3,85.3,15,85.8,16,2,2022-01-05 09:05:21
1641373521122122000,85.4,2,85.3,15,85.8,16,2,2022-01-05 09:05:21
1641373521122122000,85.3,3,85.3,15,85.8,16,2,2022-01-05 09:05:21
1641373521150595000,85.3,5,85.3,10,85.7,6,2,2022-01-05 09:05:21
1641373521232900000,85.3,1,85.3,9,85.7,6,2,2022-01-05 09:05:21
1641373521377673000,85.7,1,85.3,9,85.7,5,1,2022-01-05 09:05:21
1641373521406433000,85.3,1,85.3,8,85.7,5,2,2022-01-05 09:05:21
1641373521443315000,85.7,1,85.4,1,85.7,4,1,2022-01-05 09:05:21
1641373521490938000,85.4,2,85.3,7,85.7,7,2,2022-01-05 09:05:21
1641373521490938000,85.3,1,85.3,7,85.7,7,2,2022-01-05 09:05:21
1641373521527851000,85.3,2,85.3,5,85.5,1,2,2022-01-05 09:05:21
1641373521553592000,85.5,1,85.3,5,85.7,7,1,2022-01-05 09:05:21
1641373521656218000,85.7,3,85.4,3,85.7,4,1,2022-01-05 09:05:21
1641373521690883000,85.6,1,85.4,6,85.7,3,1,2022-01-05 09:05:21
1641373521841553000,85.4,2,85.4,14,85.7,3,2,2022-01-05 09:05:21
1641373521879202000,85.7,3,85.4,14,85.8,16,1,2022-01-05 09:05:21
1641373521966179000,85.4,2,85.4,12,85.8,16,2,2022-01-05 09:05:21
1641373522112584000,85.4,1,85.4,11,85.8,18,2,2022-01-05 09:05:22
1641373522150251000,85.4,1,85.4,10,85.8,18,2,2022-01-05 09:05:22
1641373522196376000,85.4,1,85.4,9,85.8,18,2,2022-01-05 09:05:22
1641373522313103000,85.4,5,85.4,4,85.7,1,2,2022-01-05 09:05:22
1641373522318929000,85.4,3,85.4,1,85.7,1,2,2022-01-05 09:05:22
1641373522351039000,85.4,1,85.3,5,85.7,1,2,2022-01-05 09:05:22
1641373522398312000,85.7,5,85.3,5,85.7,2,1,2022-01-05 09:05:22
1641373522405999000,85.4,3,85.2,13,85.7,2,2,2022-01-05 09:05:22
1641373522405999000,85.3,5,85.2,13,85.7,2,2,2022-01-05 09:05:22
1641373522405999000,85.2,2,85.2,13,85.7,2,2,2022-01-05 09:05:22
1641373522874231000,85.3,2,85.3,2,85.6,5,2,2022-01-05 09:05:22
1641373523007900000,85.5,4,85.3,2,85.6,5,2,2022-01-05 09:05:23
1641373523502328000,85.5,2,85.3,4,85.5,1,2,2022-01-05 09:05:23
1641373523536908000,85.5,1,85.3,4,85.6,5,1,2022-01-05 09:05:23
1641373523690668000,85.6,5,85.3,4,85.8,17,1,2022-01-05 09:05:23
1641373523690668000,85.8,5,85.3,4,85.8,17,1,2022-01-05 09:05:23
1641373523697566000,85.3,3,85.3,1,85.8,17,2,2022-01-05 09:05:23
1641373523945306000,85.6,5,85.3,1,85.8,17,2,2022-01-05 09:05:23
1641373523945306000,85.5,1,85.3,1,85.8,17,2,2022-01-05 09:05:23
1641373524011596000,85.3,1,85.2,13,85.3,4,2,2022-01-05 09:05:24
1641373524047143000,85.3,4,85.2,13,85.7,6,1,2022-01-05 09:05:24
1641373524381883000,85.3,1,85.2,13,85.7,8,1,2022-01-05 09:05:24
1641373524437227000,85.4,5,85.2,13,85.6,10,1,2022-01-05 09:05:24
1641373524460102000,85.2,1,85.2,12,85.6,4,2,2022-01-05 09:05:24
1641373524756409000,85.4,1,85.4,2,85.6,4,2,2022-01-05 09:05:24
1641373524794355000,85.4,1,85.4,1,85.6,4,2,2022-01-05 09:05:24
1641373524997349000,85.4,1,85.0,46,85.6,4,2,2022-01-05 09:05:24
1641373524997349000,85.2,16,85.0,46,85.6,4,2,2022-01-05 09:05:24
1641373524997349000,85.1,7,85.0,46,85.6,4,2,2022-01-05 09:05:24
1641373524997349000,85.0,26,85.0,46,85.6,4,2,2022-01-05 09:05:24
1641373525192375000,85.5,1,85.0,46,85.6,10,1,2022-01-05 09:05:25
1641373525205069000,85.0,1,85.0,45,85.6,10,2,2022-01-05 09:05:25
1641373525318136000,85.4,2,85.0,49,85.6,5,2,2022-01-05 09:05:25
1641373525318136000,85.1,1,85.0,49,85.6,5,2,2022-01-05 09:05:25
1641373525318136000,85.0,6,85.0,49,85.6,5,2,2022-01-05 09:05:25
1641373525319018000,85.0,5,85.0,44,85.6,5,2,2022-01-05 09:05:25
1641373525367910000,85.0,5,85.0,39,85.6,5,2,2022-01-05 09:05:25
1641373525645233000,85.4,2,85.0,39,85.3,2,2,2022-01-05 09:05:25
1641373525668140000,85.3,2,85.0,39,85.6,7,1,2022-01-05 09:05:25
1641373525684313000,85.6,3,85.0,39,85.6,5,1,2022-01-05 09:05:25
1641373525736342000,85.0,1,85.0,38,85.4,1,2,2022-01-05 09:05:25
1641373526013303000,85.2,7,85.0,38,85.4,1,1,2022-01-05 09:05:26
1641373526198033000,85.2,2,85.2,5,85.4,1,2,2022-01-05 09:05:26
1641373526249003000,85.4,1,85.4,1,85.5,4,1,2022-01-05 09:05:26
1641373526341763000,85.4,1,85.2,5,85.5,4,2,2022-01-05 09:05:26
1641373526574302000,85.2,1,85.2,4,85.4,2,2,2022-01-05 09:05:26
1641373526866780000,85.2,3,85.2,1,85.4,2,2,2022-01-05 09:05:26
1641373526904623000,85.2,1,85.0,37,85.4,2,2,2022-01-05 09:05:26
1641373527259973000,85.3,2,85.2,2,85.4,5,1,2022-01-05 09:05:27
1641373527259973000,85.4,3,85.2,2,85.4,5,1,2022-01-05 09:05:27
1641373527485100000,85.2,1,85.2,1,85.3,5,2,2022-01-05 09:05:27
1641373527797407000,85.2,1,85.1,2,85.3,5,2,2022-01-05 09:05:27
1641373527797407000,85.1,4,85.1,2,85.3,5,2,2022-01-05 09:05:27
1641373527864479000,85.2,1,85.1,2,85.3,5,2,2022-01-05 09:05:27
1641373528026788000,85.1,2,85.0,29,85.3,5,2,2022-01-05 09:05:28
1641373528026788000,85.0,8,85.0,29,85.3,5,2,2022-01-05 09:05:28
1641373528108528000,85.0,3,85.0,26,85.3,5,2,2022-01-05 09:05:28
1641373528295368000,85.3,2,85.0,26,85.3,3,1,2022-01-05 09:05:28
1641373528442318000,85.3,3,85.3,1,85.4,6,1,2022-01-05 09:05:28
1641373528628185000,85.3,1,85.0,26,85.4,6,2,2022-01-05 09:05:28
1641373528628185000,85.1,1,85.0,26,85.4,6,2,2022-01-05 09:05:28
1641373528628185000,85.0,1,85.0,26,85.4,6,2,2022-01-05 09:05:28
1641373528772216000,85.0,4,85.0,22,85.2,1,2,2022-01-05 09:05:28
1641373528797438000,85.2,1,85.3,2,85.4,16,1,2022-01-05 09:05:28
1641373528812740000,85.3,2,85.0,24,85.2,4,2,2022-01-05 09:05:28
1641373528834189000,85.2,1,85.0,24,85.2,3,1,2022-01-05 09:05:28
1641373528921737000,85.2,3,85.0,44,85.4,17,1,2022-01-05 09:05:28
1641373529343558000,85.2,1,85.1,7,85.4,17,2,2022-01-05 09:05:29
1641373529343558000,85.1,4,85.1,7,85.4,17,2,2022-01-05 09:05:29
1641373529480281000,85.2,1,85.1,7,85.4,17,1,2022-01-05 09:05:29
1641373529614290000,85.2,2,85.1,7,85.3,2,1,2022-01-05 09:05:29
1641373529754447000,85.1,7,85.0,50,85.3,2,2,2022-01-05 09:05:29
1641373529754447000,85.0,6,85.0,50,85.3,2,2,2022-01-05 09:05:29
1641373529998116000,85.1,1,85.0,50,85.3,4,2,2022-01-05 09:05:29
1641373530001493000,85.3,4,85.0,50,85.4,1,1,2022-01-05 09:05:30
1641373530001493000,85.4,16,85.0,50,85.4,1,1,2022-01-05 09:05:30
1641373530315281000,85.2,1,85.1,3,85.4,2,1,2022-01-05 09:05:30
1641373530360378000,85.2,17,85.1,3,85.2,3,1,2022-01-05 09:05:30
1641373530380863000,85.2,3,85.1,3,85.4,4,1,2022-01-05 09:05:30
1641373530595948000,85.1,3,85.0,50,85.4,4,2,2022-01-05 09:05:30
1641373530609121000,85.0,1,85.0,49,85.4,4,2,2022-01-05 09:05:30
1641373530622195000,85.0,1,85.0,48,85.4,9,2,2022-01-05 09:05:30
1641373531144247000,85.2,1,85.2,5,85.4,4,2,2022-01-05 09:05:31
1641373531194637000,85.2,1,85.2,4,85.4,4,2,2022-01-05 09:05:31
1641373531217790000,85.2,1,85.2,3,85.4,4,2,2022-01-05 09:05:31
1641373531550892000,85.3,1,85.2,3,85.4,4,2,2022-01-05 09:05:31
1641373531801713000,85.2,3,85.1,21,85.4,4,2,2022-01-05 09:05:31
1641373531801713000,85.1,1,85.1,21,85.4,4,2,2022-01-05 09:05:31
1641373531895270000,85.1,1,85.1,23,85.4,4,2,2022-01-05 09:05:31
1641373531899094000,85.1,1,85.1,22,85.4,4,2,2022-01-05 09:05:31
1641373531901328000,85.4,4,85.1,22,86.0,17,1,2022-01-05 09:05:31
1641373531901328000,85.5,5,85.1,22,86.0,17,1,2022-01-05 09:05:31
1641373531901328000,85.6,6,85.1,22,86.0,17,1,2022-01-05 09:05:31
1641373531901328000,85.7,5,85.1,22,86.0,17,1,2022-01-05 09:05:31
1641373531901328000,85.8,29,85.1,22,86.0,17,1,2022-01-05 09:05:31
1641373531901328000,86.0,2,85.1,22,86.0,17,1,2022-01-05 09:05:31
1641373531993177000,85.2,2,85.1,4,85.9,2,2,2022-01-05 09:05:31
1641373531993177000,85.1,18,85.1,4,85.9,2,2,2022-01-05 09:05:31
1641373532036164000,85.1,1,85.1,15,85.8,1,2,2022-01-05 09:05:32
1641373532056595000,85.1,3,85.1,12,85.8,1,2,2022-01-05 09:05:32
1641373532231639000,85.1,2,85.1,10,85.5,2,2,2022-01-05 09:05:32
1641373532359491000,85.5,2,85.1,10,85.8,6,1,2022-01-05 09:05:32
1641373532379401000,85.1,8,85.1,3,85.8,6,2,2022-01-05 09:05:32
1641373532421255000,85.2,1,85.1,3,85.8,1,1,2022-01-05 09:05:32
1641373532781228000,85.4,4,85.0,68,85.8,1,2,2022-01-05 09:05:32
1641373532781228000,85.3,1,85.0,68,85.8,1,2,2022-01-05 09:05:32
1641373532781228000,85.2,6,85.0,68,85.8,1,2,2022-01-05 09:05:32
1641373532781228000,85.1,3,85.0,68,85.8,1,2,2022-01-05 09:05:32
1641373532781228000,85.0,6,85.0,68,85.8,1,2,2022-01-05 09:05:32
1641373532830858000,85.0,5,85.0,63,85.7,2,2,2022-01-05 09:05:32
1641373532911983000,85.1,1,85.1,1,85.7,2,2,2022-01-05 09:05:32
1641373533132890000,85.3,3,85.3,3,85.7,2,2,2022-01-05 09:05:33
1641373533159283000,85.1,1,85.1,6,85.7,2,2,2022-01-05 09:05:33
1641373533284959000,85.4,1,85.3,7,85.7,2,1,2022-01-05 09:05:33
1641373533568817000,85.4,4,85.3,7,85.7,7,1,2022-01-05 09:05:33
1641373533809756000,85.3,2,85.2,6,85.7,7,2,2022-01-05 09:05:33
1641373533928249000,85.2,1,85.2,7,85.6,5,2,2022-01-05 09:05:33
1641373534219542000,85.3,1,85.3,9,85.5,1,2,2022-01-05 09:05:34
1641373534249937000,85.3,2,85.3,7,85.5,1,2,2022-01-05 09:05:34
1641373534349209000,85.4,2,85.3,7,85.4,2,1,2022-01-05 09:05:34
1641373534367863000,85.4,2,85.3,7,85.5,1,1,2022-01-05 09:05:34
1641373534610522000,85.3,9,85.2,11,85.5,1,2,2022-01-05 09:05:34
1641373534610522000,85.2,4,85.2,11,85.5,1,2,2022-01-05 09:05:34
1641373534821443000,85.3,1,85.2,11,85.5,1,2,2022-01-05 09:05:34
1641373534832169000,85.2,5,85.2,6,85.5,1,2,2022-01-05 09:05:34
1641373534939651000,85.2,6,85.1,26,85.5,1,2,2022-01-05 09:05:34
1641373534939651000,85.1,9,85.1,26,85.5,1,2,2022-01-05 09:05:34
1641373535621677000,85.3,1,85.2,4,85.5,7,2,2022-01-05 09:05:35
1641373535664078000,85.2,4,85.1,23,85.5,7,2,2022-01-05 09:05:35
1641373535664078000,85.1,7,85.1,23,85.5,7,2,2022-01-05 09:05:35
1641373535989638000,85.1,1,85.1,22,85.3,2,2,2022-01-05 09:05:35
1641373535993802000,85.1,1,85.1,21,85.3,2,2,2022-01-05 09:05:35
1641373536600001000,85.1,5,85.1,16,85.3,3,2,2022-01-05 09:05:36
1641373536813345000,85.2,1,85.0,97,85.3,3,2,2022-01-05 09:05:36
1641373536813345000,85.1,8,85.0,97,85.3,3,2,2022-01-05 09:05:36
1641373536813345000,85.0,9,85.0,97,85.3,3,2,2022-01-05 09:05:36
1641373536978869000,85.2,1,85.0,97,85.3,3,2,2022-01-05 09:05:36
1641373537068478000,85.3,3,85.2,1,85.4,1,1,2022-01-05 09:05:37
1641373537080507000,85.2,1,85.0,97,85.2,8,2,2022-01-05 09:05:37
1641373537108638000,85.2,8,85.0,97,85.4,1,1,2022-01-05 09:05:37
1641373537569987000,85.2,1,85.1,4,85.3,1,2,2022-01-05 09:05:37
1641373537597926000,85.1,1,85.1,3,85.3,1,2,2022-01-05 09:05:37
1641373537887054000,85.1,3,85.1,1,85.3,1,2,2022-01-05 09:05:37
1641373538068851000,85.1,1,85.1,1,85.3,1,2,2022-01-05 09:05:38
1641373538168365000,85.1,1,85.0,124,85.3,2,2,2022-01-05 09:05:38
1641373538417914000,85.3,1,85.1,1,85.3,1,1,2022-01-05 09:05:38
1641373538439946000,85.3,1,85.1,1,85.4,1,1,2022-01-05 09:05:38
1641373538647321000,85.1,1,85.0,134,85.3,10,2,2022-01-05 09:05:38
1641373538732601000,85.2,1,85.1,1,85.3,10,1,2022-01-05 09:05:38
1641373538863165000,85.3,1,85.1,2,85.3,9,1,2022-01-05 09:05:38
1641373539000435000,85.1,2,85.0,135,85.3,9,2,2022-01-05 09:05:39
1641373539000435000,85.0,5,85.0,135,85.3,9,2,2022-01-05 09:05:39
1641373539057546000,85.0,40,85.0,95,85.3,9,2,2022-01-05 09:05:39
1641373539112670000,85.0,10,85.0,85,85.3,9,2,2022-01-05 09:05:39
1641373539142196000,85.0,1,85.0,84,85.3,11,2,2022-01-05 09:05:39
1641373539323569000,85.0,1,85.0,84,85.3,11,2,2022-01-05 09:05:39
1641373539395260000,85.0,1,85.0,83,85.3,11,2,2022-01-05 09:05:39
1641373539513520000,85.1,1,85.0,83,85.1,2,2,2022-01-05 09:05:39
1641373539583027000,85.0,11,85.0,72,85.1,2,2,2022-01-05 09:05:39
1641373539667337000,85.0,1,85.0,71,85.1,2,2,2022-01-05 09:05:39
1641373540028056000,85.1,4,85.0,88,85.2,2,1,2022-01-05 09:05:40
1641373540455803000,85.2,1,85.0,88,85.2,4,1,2022-01-05 09:05:40
1641373540525049000,85.0,7,85.0,81,85.2,6,2,2022-01-05 09:05:40
1641373540747073000,85.2,1,85.1,2,85.2,8,1,2022-01-05 09:05:40
1641373540866119000,85.1,1,85.1,2,85.2,8,2,2022-01-05 09:05:40
1641373541274901000,85.1,1,85.1,1,85.2,8,2,2022-01-05 09:05:41
1641373542206165000,85.1,6,85.0,90,85.2,13,2,2022-01-05 09:05:42
1641373542206165000,85.0,4,85.0,90,85.2,13,2,2022-01-05 09:05:42
1641373542537002000,85.1,3,85.1,2,85.2,14,2,2022-01-05 09:05:42
1641373542717318000,85.2,3,85.1,5,85.2,36,1,2022-01-05 09:05:42
1641373542788122000,85.1,1,85.1,4,85.2,36,2,2022-01-05 09:05:42
1641373543734524000,85.1,1,85.1,14,85.2,36,2,2022-01-05 09:05:43
1641373543778906000,85.1,8,85.1,6,85.2,36,2,2022-01-05 09:05:43
1641373543794394000,85.1,1,85.1,5,85.2,36,2,2022-01-05 09:05:43
1641373543808722000,85.1,1,85.1,4,85.2,36,2,2022-01-05 09:05:43
1641373543888416000,85.1,1,85.1,3,85.2,36,2,2022-01-05 09:05:43
1641373543950027000,85.2,1,85.1,3,85.2,35,1,2022-01-05 09:05:43
1641373544048967000,85.1,1,85.1,4,85.2,35,2,2022-01-05 09:05:44
1641373544386587000,85.2,1,85.1,14,85.2,34,1,2022-01-05 09:05:44
1641373544413458000,85.2,34,85.1,14,85.3,16,1,2022-01-05 09:05:44
1641373544593232000,85.1,5,85.1,12,85.3,16,2,2022-01-05 09:05:44
1641373544671756000,85.1,1,85.1,14,85.3,16,2,2022-01-05 09:05:44
1641373544728925000,85.2,4,85.1,14,85.3,16,1,2022-01-05 09:05:44
1641373544729302000,85.1,1,85.1,13,85.3,16,2,2022-01-05 09:05:44
1641373544935959000,85.1,1,85.1,12,85.3,16,2,2022-01-05 09:05:44
1641373545095815000,85.2,4,85.2,1,85.3,16,1,2022-01-05 09:05:45
1641373545155134000,85.2,1,85.2,2,85.3,16,2,2022-01-05 09:05:45
1641373545160922000,85.3,6,85.2,2,85.3,10,1,2022-01-05 09:05:45
1641373545201047000,85.3,10,85.2,2,85.4,3,1,2022-01-05 09:05:45
1641373545394837000,85.2,1,85.2,1,85.4,3,2,2022-01-05 09:05:45
1641373545539959000,85.4,1,85.2,1,85.4,2,1,2022-01-05 09:05:45
1641373545645915000,85.2,1,85.1,15,85.4,2,2,2022-01-05 09:05:45
1641373545645915000,85.1,3,85.1,15,85.4,2,2,2022-01-05 09:05:45
1641373545790121000,85.4,1,85.3,10,85.4,1,1,2022-01-05 09:05:45
1641373545813061000,85.4,1,85.3,10,85.5,48,1,2022-01-05 09:05:45
1641373545848604000,85.3,2,85.3,8,85.5,48,2,2022-01-05 09:05:45
1641373546296072000,85.3,2,85.3,6,85.5,48,2,2022-01-05 09:05:46
1641373546353508000,85.3,2,85.3,4,85.5,48,2,2022-01-05 09:05:46
1641373546394234000,85.3,3,85.3,1,85.5,48,2,2022-01-05 09:05:46
1641373546396866000,85.3,1,85.1,18,85.5,48,2,2022-01-05 09:05:46
1641373546396866000,85.2,14,85.1,18,85.5,48,2,2022-01-05 09:05:46
1641373546396866000,85.1,5,85.1,18,85.5,48,2,2022-01-05 09:05:46
1641373546481097000,85.2,1,85.1,20,85.5,48,2,2022-01-05 09:05:46
1641373546481097000,85.1,1,85.1,20,85.5,48,2,2022-01-05 09:05:46
1641373546588050000,85.2,1,85.1,20,85.5,48,2,2022-01-05 09:05:46
1641373546987838000,85.5,1,85.2,1,85.5,47,1,2022-01-05 09:05:46
1641373547074381000,85.2,1,85.1,21,85.5,47,2,2022-01-05 09:05:47
1641373547075275000,85.1,13,85.1,8,85.5,47,2,2022-01-05 09:05:47
1641373547218859000,85.1,5,85.1,5,85.4,2,2,2022-01-05 09:05:47
1641373547696328000,85.2,1,85.2,2,85.4,2,2,2022-01-05 09:05:47
1641373547725676000,85.2,1,85.2,3,85.4,2,2,2022-01-05 09:05:47
1641373547992295000,85.2,1,85.2,2,85.4,2,2,2022-01-05 09:05:47
1641373548861146000,85.2,1,85.2,4,85.4,7,2,2022-01-05 09:05:48
1641373549416903000,85.2,1,85.2,4,85.4,7,2,2022-01-05 09:05:49
1641373549692736000,85.4,1,85.2,9,85.4,6,1,2022-01-05 09:05:49
1641373550033535000,85.2,3,85.2,9,85.4,6,2,2022-01-05 09:05:50
1641373550766046000,85.3,1,85.2,10,85.4,7,1,2022-01-05 09:05:50
1641373551649684000,85.4,7,85.3,1,85.4,11,1,2022-01-05 09:05:51
1641373551858087000,85.3,1,85.2,14,85.3,9,2,2022-01-05 09:05:51
1641373551886991000,85.3,9,85.2,14,85.4,11,1,2022-01-05 09:05:51
1641373551902987000,85.2,1,85.2,13,85.4,11,2,2022-01-05 09:05:51
1641373552445400000,85.3,1,85.2,8,85.4,14,1,2022-01-05 09:05:52
1641373552445400000,85.4,1,85.2,8,85.4,14,1,2022-01-05 09:05:52
1641373552461606000,85.2,1,85.2,7,85.4,14,2,2022-01-05 09:05:52
1641373552517239000,85.2,5,85.2,2,85.4,14,2,2022-01-05 09:05:52
1641373552622332000,85.2,1,85.2,1,85.4,14,2,2022-01-05 09:05:52
1641373553336142000,85.2,1,85.2,23,85.4,14,2,2022-01-05 09:05:53
1641373553461048000,85.2,4,85.2,19,85.4,14,2,2022-01-05 09:05:53
1641373553695305000,85.2,1,85.2,18,85.3,1,2,2022-01-05 09:05:53
1641373554006771000,85.2,2,85.2,16,85.3,1,2,2022-01-05 09:05:54
1641373554551700000,85.2,2,85.2,15,85.3,1,2,2022-01-05 09:05:54
1641373554589287000,85.2,3,85.2,12,85.3,1,2,2022-01-05 09:05:54
1641373554694568000,85.3,1,85.2,12,85.4,16,1,2022-01-05 09:05:54
1641373555090411000,85.2,1,85.2,12,85.4,16,2,2022-01-05 09:05:55
1641373555403672000,85.4,1,85.3,1,85.4,15,1,2022-01-05 09:05:55
1641373555540071000,85.3,1,85.2,12,85.3,9,2,2022-01-05 09:05:55
1641373555635407000,85.3,1,85.2,12,85.3,8,1,2022-01-05 09:05:55
1641373555803880000,85.3,1,85.2,12,85.3,7,1,2022-01-05 09:05:55
1641373556004737000,85.2,6,85.2,11,85.3,9,2,2022-01-05 09:05:56
1641373556129551000,85.2,3,85.2,8,85.3,11,2,2022-01-05 09:05:56
1641373556396544000,85.2,3,85.2,5,85.3,13,2,2022-01-05 09:05:56
1641373556429173000,85.3,1,85.2,5,85.3,12,1,2022-01-05 09:05:56
1641373556607624000,85.3,1,85.2,8,85.3,11,1,2022-01-05 09:05:56
1641373556617812000,85.3,11,85.2,8,85.4,14,1,2022-01-05 09:05:56
1641373556617812000,85.4,1,85.2,8,85.4,14,1,2022-01-05 09:05:56
1641373557125064000,85.2,5,85.2,7,85.3,2,2,2022-01-05 09:05:57
1641373557137079000,85.2,7,85.1,36,85.3,2,2,2022-01-05 09:05:57
1641373557289684000,85.2,1,85.1,36,85.3,2,1,2022-01-05 09:05:57
1641373557591533000,85.2,1,85.1,36,85.3,3,1,2022-01-05 09:05:57
1641373557591533000,85.3,1,85.1,36,85.3,3,1,2022-01-05 09:05:57
1641373558033208000,85.1,2,85.1,34,85.3,3,2,2022-01-05 09:05:58
1641373558199591000,85.2,1,85.2,6,85.3,5,2,2022-01-05 09:05:58
1641373558294676000,85.2,6,85.1,19,85.3,5,2,2022-01-05 09:05:58
1641373558294676000,85.1,15,85.1,19,85.3,5,2,2022-01-05 09:05:58
1641373558299245000,85.1,19,85.0,123,85.3,6,2,2022-01-05 09:05:58
1641373558299245000,85.0,6,85.0,123,85.3,6,2,2022-01-05 09:05:58
1641373558851865000,85.2,3,85.2,5,85.3,12,2,2022-01-05 09:05:58
1641373558938417000,85.2,3,85.2,3,85.3,12,2,2022-01-05 09:05:58
1641373559051170000,85.2,1,85.2,2,85.3,15,2,2022-01-05 09:05:59
1641373559196435000,85.2,2,85.1,1,85.3,25,2,2022-01-05 09:05:59
1641373559463320000,85.1,1,85.0,117,85.3,28,2,2022-01-05 09:05:59
1641373559463320000,85.0,9,85.0,117,85.3,28,2,2022-01-05 09:05:59
1641373559569296000,85.0,1,85.0,116,85.3,29,2,2022-01-05 09:05:59
1641373559708753000,85.0,2,85.0,114,85.3,29,2,2022-01-05 09:05:59
1641373560399814000,85.1,1,85.0,113,85.1,19,1,2022-01-05 09:06:00
1641373560762801000,85.1,3,85.0,114,85.1,16,1,2022-01-05 09:06:00
1641373560787132000,85.1,16,85.0,114,85.2,22,1,2022-01-05 09:06:00
1641373560906962000,85.1,1,85.0,114,85.2,22,2,2022-01-05 09:06:00
1641373560951859000,85.2,1,85.0,114,85.2,21,1,2022-01-05 09:06:00
1641373561158320000,85.1,1,85.0,114,85.1,1,1,2022-01-05 09:06:01
1641373561170563000,85.0,2,85.0,112,85.1,1,2,2022-01-05 09:06:01
1641373561657294000,85.1,2,85.0,113,85.2,22,1,2022-01-05 09:06:01
1641373561716691000,85.0,4,85.0,109,85.2,22,2,2022-01-05 09:06:01
1641373561984057000,85.0,1,85.0,109,85.1,1,2,2022-01-05 09:06:01
1641373562023777000,85.1,1,85.1,1,85.2,16,1,2022-01-05 09:06:02
1641373562251640000,85.1,1,85.0,106,85.2,16,2,2022-01-05 09:06:02
1641373562251640000,85.0,3,85.0,106,85.2,16,2,2022-01-05 09:06:02
1641373562854704000,85.2,1,85.0,106,85.2,15,1,2022-01-05 09:06:02
1641373562953385000,85.1,1,85.0,103,85.2,17,2,2022-01-05 09:06:02
1641373562953385000,85.0,3,85.0,103,85.2,17,2,2022-01-05 09:06:02
1641373563246514000,85.0,1,85.0,103,85.2,17,2,2022-01-05 09:06:03
1641373563534852000,85.2,2,85.1,3,85.2,15,1,2022-01-05 09:06:03
1641373563567994000,85.2,4,85.1,3,85.2,11,1,2022-01-05 09:06:03
1641373563852283000,85.1,3,85.1,1,85.2,11,2,2022-01-05 09:06:03
1641373564011326000,85.1,1,85.0,109,85.2,11,2,2022-01-05 09:06:04
1641373564011326000,85.0,1,85.0,109,85.2,11,2,2022-01-05 09:06:04
1641373564120735000,85.0,2,85.0,119,85.2,11,2,2022-01-05 09:06:04
1641373564183823000,85.0,1,85.0,118,85.2,11,2,2022-01-05 09:06:04
1641373564447911000,85.0,1,85.0,118,85.2,13,2,2022-01-05 09:06:04
1641373564918715000,85.2,1,85.1,1,85.2,12,1,2022-01-05 09:06:04
1641373565227580000,85.2,1,85.1,7,85.2,12,1,2022-01-05 09:06:05
1641373565354963000,85.1,2,85.1,6,85.2,12,2,2022-01-05 09:06:05
1641373565710706000,85.1,1,85.1,25,85.2,20,2,2022-01-05 09:06:05
1641373565833369000,85.2,1,85.1,25,85.2,19,1,2022-01-05 09:06:05
1641373565890702000,85.1,3,85.1,22,85.2,21,2,2022-01-05 09:06:05
1641373566075718000,85.1,2,85.1,20,85.2,21,2,2022-01-05 09:06:06
1641373566347526000,85.1,10,85.1,10,85.2,21,2,2022-01-05 09:06:06
1641373566745879000,85.1,1,85.1,14,85.2,32,2,2022-01-05 09:06:06
1641373566877116000,85.1,1,85.1,13,85.2,32,2,2022-01-05 09:06:06
1641373567298779000,85.2,1,85.1,14,85.2,34,1,2022-01-05 09:06:07
1641373567318097000,85.2,1,85.1,14,85.2,33,1,2022-01-05 09:06:07
1641373567507624000,85.1,1,85.1,14,85.2,33,2,2022-01-05 09:06:07
1641373567747062000,85.1,10,85.1,6,85.2,33,2,2022-01-05 09:06:07
1641373567884243000,85.2,1,85.1,7,85.2,27,1,2022-01-05 09:06:07
1641373567975533000,85.1,7,85.0,125,85.1,7,2,2022-01-05 09:06:07
1641373568016436000,85.1,3,85.0,125,85.1,4,1,2022-01-05 09:06:08
1641373568073194000,85.1,4,85.1,1,85.2,27,1,2022-01-05 09:06:08
1641373568286545000,85.1,1,85.1,13,85.2,29,2,2022-01-05 09:06:08
1641373568494038000,85.1,2,85.1,11,85.2,29,2,2022-01-05 09:06:08
1641373568722792000,85.1,2,85.1,10,85.2,30,2,2022-01-05 09:06:08
1641373569056220000,85.1,2,85.1,10,85.2,31,2,2022-01-05 09:06:09
1641373569220027000,85.1,2,85.1,10,85.2,31,2,2022-01-05 09:06:09
1641373569246676000,85.1,3,85.1,7,85.2,31,2,2022-01-05 09:06:09
1641373569423902000,85.1,1,85.1,6,85.2,33,2,2022-01-05 09:06:09
1641373569459205000,85.2,1,85.1,6,85.2,32,1,2022-01-05 09:06:09
1641373569605220000,85.2,1,85.1,7,85.2,31,1,2022-01-05 09:06:09
1641373569852700000,85.2,1,85.1,7,85.2,30,1,2022-01-05 09:06:09
1641373569891846000,85.2,5,85.1,7,85.2,26,1,2022-01-05 09:06:09
1641373570274787000,85.2,2,85.1,9,85.2,29,1,2022-01-05 09:06:10
1641373570463175000,85.1,1,85.1,11,85.2,29,2,2022-01-05 09:06:10
1641373570722208000,85.1,2,85.1,9,85.2,30,2,2022-01-05 09:06:10
1641373570742247000,85.1,9,85.0,126,85.2,30,2,2022-01-05 09:06:10
1641373570742247000,85.0,1,85.0,126,85.2,30,2,2022-01-05 09:06:10
1641373571238460000,85.2,4,85.1,1,85.2,27,1,2022-01-05 09:06:11
1641373571398383000,85.2,1,85.1,3,85.2,26,1,2022-01-05 09:06:11
1641373571655478000,85.2,1,85.1,3,85.2,25,1,2022-01-05 09:06:11
1641373572055776000,85.1,2,85.1,2,85.2,25,2,2022-01-05 09:06:12
1641373572097688000,85.1,2,85.0,128,85.2,25,2,2022-01-05 09:06:12
1641373572558778000,85.1,1,85.1,11,85.2,25,2,2022-01-05 09:06:12
1641373572805529000,85.2,1,85.1,21,85.2,24,1,2022-01-05 09:06:12
1641373573166457000,85.1,5,85.1,16,85.2,24,2,2022-01-05 09:06:13
1641373573167735000,85.1,6,85.1,10,85.2,24,2,2022-01-05 09:06:13
1641373573357274000,85.2,5,85.1,10,85.2,19,1,2022-01-05 09:06:13
1641373573671334000,85.2,1,85.1,11,85.2,18,1,2022-01-05 09:06:13
1641373574188926000,85.2,2,85.1,13,85.2,18,1,2022-01-05 09:06:14
1641373574252814000,85.1,2,85.1,11,85.2,18,2,2022-01-05 09:06:14
1641373574681832000,85.2,2,85.1,13,85.2,28,1,2022-01-05 09:06:14
1641373574937226000,85.2,1,85.1,13,85.2,27,1,2022-01-05 09:06:14
1641373575028737000,85.2,3,85.1,13,85.2,24,1,2022-01-05 09:06:15
1641373575049896000,85.1,3,85.1,10,85.2,24,2,2022-01-05 09:06:15
1641373575581336000,85.2,1,85.1,12,85.2,24,1,2022-01-05 09:06:15
1641373575799122000,85.2,2,85.1,26,85.2,22,1,2022-01-05 09:06:15
1641373575834233000,85.2,4,85.1,26,85.2,18,1,2022-01-05 09:06:15
1641373576014744000,85.1,1,85.1,25,85.2,18,2,2022-01-05 09:06:16
1641373576057917000,85.1,10,85.1,15,85.2,19,2,2022-01-05 09:06:16
1641373576229722000,85.1,3,85.1,13,85.2,21,2,2022-01-05 09:06:16
1641373576264857000,85.1,6,85.1,7,85.2,21,2,2022-01-05 09:06:16
1641373576280465000,85.1,3,85.1,4,85.2,21,2,2022-01-05 09:06:16
1641373576464933000,85.1,4,85.0,137,85.1,10,2,2022-01-05 09:06:16
1641373576536616000,85.1,1,85.0,137,85.1,9,1,2022-01-05 09:06:16
1641373576712273000,85.1,1,85.0,137,85.1,8,1,2022-01-05 09:06:16
1641373576794017000,85.0,8,85.0,129,85.1,8,2,2022-01-05 09:06:16
1641373576830947000,85.1,3,85.0,129,85.1,5,1,2022-01-05 09:06:16
1641373577022055000,85.1,1,85.0,129,85.1,4,1,2022-01-05 09:06:17
1641373577152567000,85.1,1,85.0,129,85.1,3,1,2022-01-05 09:06:17
1641373577233305000,85.1,5,85.0,129,85.2,28,1,2022-01-05 09:06:17
1641373577233305000,85.2,5,85.0,129,85.2,28,1,2022-01-05 09:06:17
1641373577681937000,85.2,1,85.0,129,85.2,33,1,2022-01-05 09:06:17
1641373577810550000,85.0,1,85.0,128,85.2,33,2,2022-01-05 09:06:17
1641373578270189000,85.1,1,85.0,128,85.2,33,2,2022-01-05 09:06:18
1641373578560055000,85.1,1,85.0,128,85.1,10,2,2022-01-05 09:06:18
1641373578985953000,85.1,1,85.0,129,85.1,11,1,2022-01-05 09:06:18
1641373579181304000,85.0,10,85.0,119,85.1,11,2,2022-01-05 09:06:19
1641373579210798000,85.1,1,85.0,119,85.1,10,1,2022-01-05 09:06:19
1641373579333603000,85.1,1,85.0,119,85.1,9,1,2022-01-05 09:06:19
1641373579375938000,85.1,1,85.0,119,85.1,8,1,2022-01-05 09:06:19
1641373579898241000,85.0,1,85.0,117,85.1,8,2,2022-01-05 09:06:19
1641373580280697000,85.0,1,85.0,116,85.1,8,2,2022-01-05 09:06:20
1641373580289210000,85.0,1,85.0,115,85.1,8,2,2022-01-05 09:06:20
1641373580391387000,85.0,5,85.0,111,85.1,8,2,2022-01-05 09:06:20
1641373580424305000,85.0,1,85.0,110,85.1,8,2,2022-01-05 09:06:20
1641373580485423000,85.0,4,85.0,106,85.1,9,2,2022-01-05 09:06:20
1641373580727259000,85.0,22,85.0,84,85.1,9,2,2022-01-05 09:06:20
1641373580727332000,85.0,22,85.0,62,85.1,9,2,2022-01-05 09:06:20
1641373580727399000,85.0,22,85.0,40,85.1,9,2,2022-01-05 09:06:20
1641373580727444000,85.0,22,85.0,18,85.1,9,2,2022-01-05 09:06:20
1641373580727665000,85.0,18,84.9,51,85.0,4,2,2022-01-05 09:06:20
1641373580756497000,85.0,1,84.9,51,85.0,43,1,2022-01-05 09:06:20
1641373580767430000,84.9,51,84.8,12,85.0,43,2,2022-01-05 09:06:20
1641373580824703000,85.0,1,84.8,14,85.0,42,1,2022-01-05 09:06:20
1641373580971486000,85.0,2,84.8,14,85.0,40,1,2022-01-05 09:06:20
1641373581061680000,85.0,2,84.9,2,85.0,38,1,2022-01-05 09:06:21
1641373581421695000,84.9,2,84.8,14,84.9,4,2,2022-01-05 09:06:21
1641373581610963000,84.8,1,84.8,13,84.9,11,2,2022-01-05 09:06:21
1641373582011895000,84.8,2,84.8,12,84.9,12,2,2022-01-05 09:06:22
1641373582167653000,84.9,1,84.8,12,84.9,11,1,2022-01-05 09:06:22
1641373582313300000,84.8,6,84.8,6,84.9,11,2,2022-01-05 09:06:22
1641373582550883000,84.8,1,84.8,5,84.9,11,2,2022-01-05 09:06:22
1641373582553927000,84.9,1,84.8,5,84.9,10,1,2022-01-05 09:06:22
1641373582660643000,84.8,5,84.7,9,84.9,10,2,2022-01-05 09:06:22
1641373582779174000,84.8,1,84.7,9,84.9,9,1,2022-01-05 09:06:22
1641373582779174000,84.9,1,84.7,9,84.9,9,1,2022-01-05 09:06:22
1641373582876122000,84.7,9,84.6,19,84.8,10,2,2022-01-05 09:06:22
1641373583045123000,84.6,4,84.6,15,84.8,12,2,2022-01-05 09:06:23
1641373583155187000,84.8,2,84.6,15,84.8,10,1,2022-01-05 09:06:23
1641373583201723000,84.6,3,84.6,12,84.8,10,2,2022-01-05 09:06:23
1641373583239159000,84.8,1,84.6,12,84.8,15,1,2022-01-05 09:06:23
1641373583277188000,84.8,2,84.6,12,84.8,13,1,2022-01-05 09:06:23
1641373583667161000,84.7,1,84.6,12,84.7,1,1,2022-01-05 09:06:23
1641373583757409000,84.7,1,84.6,12,84.7,5,1,2022-01-05 09:06:23
1641373584093515000,84.6,4,84.6,8,84.7,11,2,2022-01-05 09:06:24
1641373584221272000,84.6,4,84.6,5,84.7,14,2,2022-01-05 09:06:24
1641373584724387000,84.6,5,84.5,42,84.6,1,2,2022-01-05 09:06:24
1641373584756183000,84.6,1,84.5,42,84.7,14,1,2022-01-05 09:06:24
1641373584774864000,84.5,7,84.5,35,84.7,14,2,2022-01-05 09:06:24
1641373584994747000,84.5,3,84.5,32,84.6,1,2,2022-01-05 09:06:24
1641373585168482000,84.5,1,84.5,31,84.6,1,2,2022-01-05 09:06:25
1641373585176534000,84.5,1,84.5,30,84.6,1,2,2022-01-05 09:06:25
1641373585464893000,84.6,1,84.5,30,84.7,10,1,2022-01-05 09:06:25
1641373585464893000,84.7,4,84.5,30,84.7,10,1,2022-01-05 09:06:25
1641373585480482000,84.5,1,84.5,29,84.7,10,2,2022-01-05 09:06:25
1641373585600461000,84.7,1,84.5,29,84.7,8,1,2022-01-05 09:06:25
1641373585911243000,84.7,1,84.6,1,84.7,8,1,2022-01-05 09:06:25
1641373585914773000,84.6,1,84.5,29,84.7,8,2,2022-01-05 09:06:25
1641373586512614000,84.6,1,84.5,29,84.6,2,1,2022-01-05 09:06:26
1641373586706641000,84.5,1,84.5,28,84.6,2,2,2022-01-05 09:06:26
1641373586847264000,84.5,1,84.5,27,84.6,2,2,2022-01-05 09:06:26
1641373587268434000,84.6,1,84.5,27,84.6,1,1,2022-01-05 09:06:27
1641373587288624000,84.5,5,84.5,22,84.6,1,2,2022-01-05 09:06:27
1641373587323522000,84.6,1,84.5,22,84.7,11,1,2022-01-05 09:06:27
1641373587803727000,84.5,2,84.5,20,84.7,11,2,2022-01-05 09:06:27
1641373587983633000,84.7,1,84.5,23,84.7,10,1,2022-01-05 09:06:27
1641373588014011000,84.6,1,84.5,22,84.7,10,2,2022-01-05 09:06:28
1641373588014011000,84.5,1,84.5,22,84.7,10,2,2022-01-05 09:06:28
1641373588271021000,84.6,1,84.5,22,84.7,10,2,2022-01-05 09:06:28
1641373588577577000,84.6,2,84.5,20,84.7,10,2,2022-01-05 09:06:28
1641373588577577000,84.5,2,84.5,20,84.7,10,2,2022-01-05 09:06:28
1641373588800753000,84.7,1,84.6,2,84.7,11,1,2022-01-05 09:06:28
1641373589135131000,84.6,1,84.6,1,84.7,11,2,2022-01-05 09:06:29
1641373589175191000,84.6,1,84.5,20,84.7,11,2,2022-01-05 09:06:29
1641373589259589000,84.7,1,84.5,20,84.7,10,1,2022-01-05 09:06:29
1641373589615889000,84.7,1,84.6,1,84.7,10,1,2022-01-05 09:06:29
1641373589921026000,84.6,1,84.6,4,84.7,12,2,2022-01-05 09:06:29
1641373590002498000,84.6,5,84.5,32,84.7,12,2,2022-01-05 09:06:30
1641373590002498000,84.5,5,84.5,32,84.7,12,2,2022-01-05 09:06:30
1641373590088988000,84.6,1,84.5,29,84.7,22,2,2022-01-05 09:06:30
1641373590088988000,84.5,4,84.5,29,84.7,22,2,2022-01-05 09:06:30
1641373590216512000,84.5,10,84.5,19,84.7,22,2,2022-01-05 09:06:30
1641373590566884000,84.6,1,84.5,19,84.7,23,2,2022-01-05 09:06:30
1641373590633045000,84.5,1,84.5,19,84.6,1,2,2022-01-05 09:06:30
1641373590694083000,84.5,2,84.5,17,84.6,1,2,2022-01-05 09:06:30
1641373590902579000,84.5,3,84.5,15,84.6,1,2,2022-01-05 09:06:30
1641373591082644000,84.5,2,84.5,14,84.6,1,2,2022-01-05 09:06:31
1641373591525443000,84.5,1,84.5,13,84.6,3,2,2022-01-05 09:06:31
1641373591646177000,84.6,1,84.5,13,84.6,2,1,2022-01-05 09:06:31
1641373591656678000,84.5,1,84.5,12,84.6,2,2,2022-01-05 09:06:31
1641373591750621000,84.5,1,84.5,11,84.6,2,2,2022-01-05 09:06:31
1641373591852834000,84.6,2,84.5,26,84.6,2,1,2022-01-05 09:06:31
1641373591953045000,84.6,2,84.5,27,84.7,36,1,2022-01-05 09:06:31
1641373592214398000,84.6,2,84.6,3,84.7,34,2,2022-01-05 09:06:32
1641373592275056000,84.7,23,84.6,6,84.7,11,1,2022-01-05 09:06:32
1641373592296576000,84.7,7,84.6,6,84.7,4,1,2022-01-05 09:06:32
1641373592364999000,84.6,1,84.6,5,84.7,4,2,2022-01-05 09:06:32
1641373592409728000,84.6,2,84.6,3,84.7,4,2,2022-01-05 09:06:32
1641373592492539000,84.6,1,84.6,2,84.7,4,2,2022-01-05 09:06:32
1641373592577793000,84.7,4,84.7,1,84.8,7,1,2022-01-05 09:06:32
1641373592608371000,84.7,1,84.5,30,84.8,7,2,2022-01-05 09:06:32
1641373592608371000,84.6,2,84.5,30,84.8,7,2,2022-01-05 09:06:32
1641373592608371000,84.5,2,84.5,30,84.8,7,2,2022-01-05 09:06:32
1641373593064190000,84.6,1,84.6,12,84.7,1,2,2022-01-05 09:06:33
1641373593225857000,84.7,1,84.7,9,84.8,7,1,2022-01-05 09:06:33
1641373593322557000,84.7,1,84.7,8,84.8,7,2,2022-01-05 09:06:33
1641373593357091000,84.7,3,84.7,5,84.8,7,2,2022-01-05 09:06:33
1641373593389180000,84.8,7,84.7,5,84.9,1,1,2022-01-05 09:06:33
1641373593415560000,84.7,2,84.7,6,84.9,1,2,2022-01-05 09:06:33
1641373593598418000,84.7,1,84.7,5,84.9,1,2,2022-01-05 09:06:33
1641373593782122000,84.7,1,84.7,5,84.8,1,2,2022-01-05 09:06:33
1641373593921619000,84.7,5,84.6,32,84.8,1,2,2022-01-05 09:06:33
1641373593951033000,84.8,1,84.6,32,84.9,1,1,2022-01-05 09:06:33
1641373593970152000,84.9,1,84.6,32,85.0,72,1,2022-01-05 09:06:33
1641373594104961000,84.8,1,84.7,6,85.0,66,2,2022-01-05 09:06:34
1641373594215564000,84.7,3,84.7,6,85.0,66,2,2022-01-05 09:06:34
1641373594307810000,85.0,10,84.8,10,85.0,56,1,2022-01-05 09:06:34
1641373594645581000,84.8,2,84.8,11,85.0,56,2,2022-01-05 09:06:34
1641373594760823000,84.8,1,84.8,10,85.0,56,2,2022-01-05 09:06:34
1641373595034057000,84.8,1,84.8,14,85.0,56,2,2022-01-05 09:06:35
1641373595036327000,85.0,8,84.8,14,85.0,48,1,2022-01-05 09:06:35
1641373595070599000,85.0,4,84.8,14,85.0,44,1,2022-01-05 09:06:35
1641373595202664000,85.0,4,84.9,2,85.0,40,1,2022-01-05 09:06:35
1641373595203542000,85.0,4,84.9,2,85.0,36,1,2022-01-05 09:06:35
1641373595225586000,85.0,17,84.9,5,85.0,19,1,2022-01-05 09:06:35
1641373595247384000,85.0,19,84.9,5,85.1,17,1,2022-01-05 09:06:35
1641373595497131000,84.9,1,84.9,6,85.1,17,2,2022-01-05 09:06:35
1641373595512574000,84.9,1,84.9,5,85.1,17,2,2022-01-05 09:06:35
1641373595564394000,85.1,1,84.9,5,85.1,16,1,2022-01-05 09:06:35
1641373595595485000,84.9,1,84.9,4,85.1,16,2,2022-01-05 09:06:35
1641373595791424000,84.9,1,84.9,8,85.1,16,2,2022-01-05 09:06:35
1641373595805295000,84.9,1,84.9,7,85.1,16,2,2022-01-05 09:06:35
1641373595987686000,85.0,2,85.0,3,85.1,16,1,2022-01-05 09:06:35
1641373595991204000,85.0,3,84.9,6,85.1,16,2,2022-01-05 09:06:35
1641373595991204000,84.9,1,84.9,6,85.1,16,2,2022-01-05 09:06:35
1641373596210663000,84.9,6,84.8,9,85.1,16,2,2022-01-05 09:06:36
1641373596210663000,84.8,8,84.8,9,85.1,16,2,2022-01-05 09:06:36
1641373596568226000,84.8,1,84.8,8,85.0,1,2,2022-01-05 09:06:36
1641373597762741000,84.9,1,84.8,6,85.0,4,2,2022-01-05 09:06:37
1641373597762741000,84.8,3,84.8,6,85.0,4,2,2022-01-05 09:06:37
1641373597941593000,84.8,1,84.8,5,85.0,4,2,2022-01-05 09:06:37
1641373597992423000,85.0,2,84.8,5,85.0,2,1,2022-01-05 09:06:37
1641373598021066000,84.8,2,84.8,3,85.0,2,2,2022-01-05 09:06:38
1641373598518678000,84.8,3,84.8,1,85.0,3,2,2022-01-05 09:06:38
1641373599491221000,84.9,1,84.9,4,85.0,7,2,2022-01-05 09:06:39
1641373599565260000,85.0,1,84.9,4,85.0,6,1,2022-01-05 09:06:39
1641373599865702000,85.0,1,84.9,4,85.0,6,1,2022-01-05 09:06:39
1641373600245581000,84.9,4,84.8,5,84.9,6,2,2022-01-05 09:06:40
1641373600296571000,84.9,1,84.8,5,84.9,5,1,2022-01-05 09:06:40
1641373600409587000,84.8,1,84.8,8,84.9,5,2,2022-01-05 09:06:40
1641373600474421000,84.8,1,84.8,7,84.9,5,2,2022-01-05 09:06:40
1641373600512848000,84.8,1,84.8,6,84.9,5,2,2022-01-05 09:06:40
1641373600535363000,84.9,3,84.8,6,84.9,2,1,2022-01-05 09:06:40
1641373600642706000,84.9,2,84.8,11,85.0,9,1,2022-01-05 09:06:40
1641373601082039000,84.9,2,84.9,1,85.0,12,1,2022-01-05 09:06:41
1641373601516055000,84.9,1,84.8,10,85.0,13,2,2022-01-05 09:06:41
1641373601516055000,84.8,2,84.8,10,85.0,13,2,2022-01-05 09:06:41
1641373601682234000,84.8,1,84.8,9,85.0,13,2,2022-01-05 09:06:41
1641373602558108000,85.0,1,84.9,2,85.0,13,1,2022-01-05 09:06:42
