ts,close,volume,bid_price,bid_volume,ask_price,ask_volume,tick_type,datetime
1641373210299642000,29.0,2151,28.95,1,29.0,135,1,2022-01-05 09:00:10
1641373210328053000,28.95,1,28.9,2,29.0,135,2,2022-01-05 09:00:10
1641373210338281000,28.9,2,28.8,1,29.0,136,2,2022-01-05 09:00:10
1641373210352627000,28.95,3,28.8,1,28.95,9,1,2022-01-05 09:00:10
1641373210458845000,28.8,1,28.7,2,28.95,9,2,2022-01-05 09:00:10
1641373211179678000,28.95,1,28.75,3,28.95,8,1,2022-01-05 09:00:11
1641373211331180000,28.75,1,28.75,3,28.95,8,2,2022-01-05 09:00:11
1641373211745151000,28.85,2,28.75,3,28.95,5,1,2022-01-05 09:00:11
1641373211745151000,28.95,3,28.75,3,28.95,5,1,2022-01-05 09:00:11
1641373212135861000,28.95,5,28.75,6,29.0,144,1,2022-01-05 09:00:12
1641373212135861000,29.0,1,28.75,6,29.0,144,1,2022-01-05 09:00:12
1641373212191239000,28.8,1,28.75,11,28.95,1,2,2022-01-05 09:00:12
1641373212575232000,28.9,1,28.75,11,28.95,1,1,2022-01-05 09:00:12
1641373213314811000,28.75,11,28.55,12,28.95,1,2,2022-01-05 09:00:13
1641373213314811000,28.7,2,28.55,12,28.95,1,2,2022-01-05 09:00:13
1641373213314811000,28.65,2,28.55,12,28.95,1,2,2022-01-05 09:00:13
1641373213314811000,28.6,1,28.55,12,28.95,1,2,2022-01-05 09:00:13
1641373213314811000,28.55,2,28.55,12,28.95,1,2,2022-01-05 09:00:13
1641373214319442000,28.55,1,28.55,11,28.65,5,2,2022-01-05 09:00:14
1641373214486508000,28.65,5,28.55,11,28.95,13,1,2022-01-05 09:00:14
1641373215208197000,28.8,1,28.55,11,28.95,13,1,2022-01-05 09:00:15
1641373215765031000,28.95,1,28.55,11,28.95,12,1,2022-01-05 09:00:15
1641373216110762000,28.95,1,28.55,11,28.95,11,1,2022-01-05 09:00:16
1641373216249245000,28.6,1,28.55,9,28.95,11,2,2022-01-05 09:00:16
1641373216249245000,28.55,2,28.55,9,28.95,11,2,2022-01-05 09:00:16
1641373216563744000,28.6,1,28.55,5,28.9,3,2,2022-01-05 09:00:16
1641373216563744000,28.55,4,28.55,5,28.9,3,2,2022-01-05 09:00:16
1641373217048646000,28.9,3,28.55,5,28.95,9,1,2022-01-05 09:00:17
1641373217048646000,28.95,2,28.55,5,28.95,9,1,2022-01-05 09:00:17
1641373217120776000,28.95,9,28.6,5,29.0,144,1,2022-01-05 09:00:17
1641373217120776000,29.0,1,28.6,5,29.0,144,1,2022-01-05 09:00:17
1641373217134817000,28.6,5,28.5,23,29.0,144,2,2022-01-05 09:00:17
1641373217134817000,28.55,5,28.5,23,29.0,144,2,2022-01-05 09:00:17
1641373217276316000,28.8,1,28.6,9,29.0,148,2,2022-01-05 09:00:17
1641373217536307000,28.6,2,28.6,7,29.0,148,2,2022-01-05 09:00:17
1641373217537674000,28.6,2,28.6,5,29.0,148,2,2022-01-05 09:00:17
1641373217539673000,28.6,2,28.6,3,29.0,148,2,2022-01-05 09:00:17
1641373217541466000,28.6,2,28.6,1,29.0,148,2,2022-01-05 09:00:17
1641373217809070000,28.6,1,28.5,22,29.0,148,2,2022-01-05 09:00:17
1641373217809070000,28.5,1,28.5,22,29.0,148,2,2022-01-05 09:00:17
1641373217903011000,28.8,3,28.8,7,28.95,15,2,2022-01-05 09:00:17
1641373217903335000,28.8,7,28.55,2,28.95,15,2,2022-01-05 09:00:17
1641373218339143000,28.9,1,28.55,2,28.95,5,2,2022-01-05 09:00:18
1641373218484045000,28.95,1,28.55,2,28.95,16,1,2022-01-05 09:00:18
1641373218877465000,28.6,1,28.6,5,28.95,16,2,2022-01-05 09:00:18
1641373219432337000,28.9,1,28.65,1,28.95,2,2,2022-01-05 09:00:19
1641373219750418000,28.95,8,28.65,1,28.95,6,1,2022-01-05 09:00:19
1641373220076182000,28.95,2,28.7,6,28.95,4,1,2022-01-05 09:00:20
1641373220165215000,28.95,1,28.7,8,28.95,3,1,2022-01-05 09:00:20
1641373220248145000,28.95,3,28.7,9,29.0,132,1,2022-01-05 09:00:20
1641373220248145000,29.0,2,28.7,9,29.0,132,1,2022-01-05 09:00:20
1641373220484197000,29.0,1,28.7,12,29.0,131,1,2022-01-05 09:00:20
1641373220900268000,28.9,5,28.7,12,28.9,264,1,2022-01-05 09:00:20
1641373220993787000,28.7,3,28.7,9,28.9,264,2,2022-01-05 09:00:20
1641373220999393000,28.7,1,28.7,8,28.9,264,2,2022-01-05 09:00:20
1641373221066759000,28.7,2,28.7,6,28.9,264,2,2022-01-05 09:00:21
1641373221228683000,28.9,1,28.7,6,28.9,263,1,2022-01-05 09:00:21
1641373221924830000,28.75,1,28.75,4,28.9,266,2,2022-01-05 09:00:21
1641373221988209000,28.8,1,28.75,4,28.9,266,2,2022-01-05 09:00:21
1641373222106958000,28.9,1,28.75,4,28.9,265,1,2022-01-05 09:00:22
1641373222246074000,28.75,2,28.75,2,28.9,265,2,2022-01-05 09:00:22
1641373222279353000,28.75,2,28.7,6,28.9,265,2,2022-01-05 09:00:22
1641373222376588000,28.7,3,28.7,3,28.9,265,2,2022-01-05 09:00:22
1641373222379018000,28.9,2,28.7,3,28.9,263,1,2022-01-05 09:00:22
1641373222412465000,28.7,3,28.6,5,28.9,263,2,2022-01-05 09:00:22
1641373222476181000,28.9,2,28.6,5,28.9,261,1,2022-01-05 09:00:22
1641373222923025000,28.6,1,28.6,4,28.85,5,2,2022-01-05 09:00:22
1641373223012820000,28.8,2,28.6,4,28.85,5,2,2022-01-05 09:00:23
1641373223181963000,28.6,1,28.6,3,28.85,17,2,2022-01-05 09:00:23
1641373223402515000,28.85,10,28.6,3,28.85,7,1,2022-01-05 09:00:23
1641373223753702000,28.85,6,28.65,5,28.85,11,1,2022-01-05 09:00:23
1641373224110211000,28.65,2,28.65,14,28.8,7,2,2022-01-05 09:00:24
1641373224601770000,28.65,2,28.65,12,28.8,7,2,2022-01-05 09:00:24
1641373224604184000,28.65,2,28.65,10,28.8,7,2,2022-01-05 09:00:24
1641373224632589000,28.65,8,28.65,2,28.7,2,2,2022-01-05 09:00:24
1641373224733996000,28.7,2,28.65,2,28.8,6,1,2022-01-05 09:00:24
1641373224733996000,28.75,2,28.65,2,28.8,6,1,2022-01-05 09:00:24
1641373224733996000,28.8,1,28.65,2,28.8,6,1,2022-01-05 09:00:24
1641373225034158000,28.8,1,28.6,3,28.8,5,1,2022-01-05 09:00:25
1641373225182954000,28.8,1,28.6,3,28.8,4,1,2022-01-05 09:00:25
1641373225319518000,28.8,10,28.7,2,28.8,3,1,2022-01-05 09:00:25
1641373225342634000,28.7,2,28.6,3,28.8,3,2,2022-01-05 09:00:25
1641373225343391000,28.8,3,28.6,3,28.85,54,1,2022-01-05 09:00:25
1641373225370234000,28.8,2,28.6,3,28.8,10,1,2022-01-05 09:00:25
1641373225505718000,28.8,5,28.65,3,28.8,5,1,2022-01-05 09:00:25
1641373225751058000,28.8,1,28.65,8,28.8,4,1,2022-01-05 09:00:25
1641373225768120000,28.65,5,28.65,3,28.8,4,2,2022-01-05 09:00:25
1641373226199107000,28.8,1,28.7,5,28.8,4,1,2022-01-05 09:00:26
1641373226584154000,28.8,4,28.7,5,28.85,58,1,2022-01-05 09:00:26
1641373226584154000,28.85,1,28.7,5,28.85,58,1,2022-01-05 09:00:26
1641373226608920000,28.7,5,28.65,4,28.85,58,2,2022-01-05 09:00:26
1641373226686058000,28.65,1,28.65,3,28.85,58,2,2022-01-05 09:00:26
1641373226772543000,28.65,1,28.65,2,28.85,58,2,2022-01-05 09:00:26
1641373227064149000,28.65,2,28.6,3,28.85,58,2,2022-01-05 09:00:27
1641373227064149000,28.6,3,28.6,3,28.85,58,2,2022-01-05 09:00:27
1641373227338667000,28.75,1,28.6,3,28.75,9,1,2022-01-05 09:00:27
1641373227726365000,28.7,1,28.6,8,28.75,9,1,2022-01-05 09:00:27
1641373227779129000,28.75,1,28.6,8,28.75,8,1,2022-01-05 09:00:27
1641373227817583000,28.75,1,28.6,8,28.75,7,1,2022-01-05 09:00:27
1641373227940456000,28.75,1,28.6,8,28.75,6,1,2022-01-05 09:00:27
1641373228146494000,28.75,3,28.6,9,28.75,3,1,2022-01-05 09:00:28
1641373228798201000,28.6,5,28.6,4,28.75,4,2,2022-01-05 09:00:28
1641373229095838000,28.75,4,28.65,1,28.8,9,1,2022-01-05 09:00:29
1641373229127068000,28.8,1,28.65,1,28.8,8,1,2022-01-05 09:00:29
1641373229198950000,28.8,1,28.7,10,28.8,7,1,2022-01-05 09:00:29
1641373229627529000,28.8,1,28.7,10,28.8,6,1,2022-01-05 09:00:29
1641373230025882000,28.8,4,28.7,10,28.8,4,1,2022-01-05 09:00:30
1641373230319377000,28.8,4,28.7,10,28.85,8,1,2022-01-05 09:00:30
1641373230319377000,28.85,6,28.7,10,28.85,8,1,2022-01-05 09:00:30
1641373230471536000,28.7,1,28.7,9,28.85,3,2,2022-01-05 09:00:30
1641373231164479000,28.8,2,28.75,1,28.85,3,2,2022-01-05 09:00:31
1641373231344960000,28.85,3,28.75,1,28.9,267,1,2022-01-05 09:00:31
1641373231476641000,28.75,1,28.7,8,28.9,267,2,2022-01-05 09:00:31
1641373231476641000,28.7,1,28.7,8,28.9,267,2,2022-01-05 09:00:31
1641373232256540000,28.7,1,28.7,7,28.75,1,2,2022-01-05 09:00:32
1641373232484141000,28.75,1,28.7,7,28.85,10,1,2022-01-05 09:00:32
1641373232484141000,28.85,2,28.7,7,28.85,10,1,2022-01-05 09:00:32
1641373232520436000,28.7,1,28.7,6,28.85,10,2,2022-01-05 09:00:32
1641373232618509000,28.85,1,28.75,2,28.85,9,1,2022-01-05 09:00:32
1641373233192629000,28.8,1,28.75,3,28.85,8,1,2022-01-05 09:00:33
1641373233192629000,28.85,1,28.75,3,28.85,8,1,2022-01-05 09:00:33
1641373233257609000,28.75,3,28.75,1,28.8,1,2,2022-01-05 09:00:33
1641373233292092000,28.75,1,28.7,6,28.8,1,2,2022-01-05 09:00:33
1641373233423385000,28.7,2,28.7,4,28.8,2,2,2022-01-05 09:00:33
1641373233426893000,28.7,2,28.7,2,28.75,2,2,2022-01-05 09:00:33
1641373233482994000,28.7,2,28.65,10,28.75,7,2,2022-01-05 09:00:33
1641373233576526000,28.7,1,28.7,1,28.75,7,1,2022-01-05 09:00:33
1641373233643877000,28.75,7,28.7,1,28.8,3,1,2022-01-05 09:00:33
1641373233643877000,28.8,3,28.7,1,28.8,3,1,2022-01-05 09:00:33
1641373233826686000,28.8,3,28.7,1,28.9,260,1,2022-01-05 09:00:33
1641373233826686000,28.9,7,28.7,1,28.9,260,1,2022-01-05 09:00:33
1641373233985893000,28.7,1,28.65,11,28.9,260,2,2022-01-05 09:00:33
1641373234713438000,28.8,10,28.7,1,28.85,12,1,2022-01-05 09:00:34
1641373235046802000,28.7,1,28.65,17,28.8,11,2,2022-01-05 09:00:35
1641373235106613000,28.8,11,28.65,17,28.85,3,1,2022-01-05 09:00:35
1641373235106613000,28.85,9,28.65,17,28.85,3,1,2022-01-05 09:00:35
1641373235306984000,28.8,1,28.7,9,28.85,3,2,2022-01-05 09:00:35
1641373235763986000,28.85,1,28.7,10,28.9,258,1,2022-01-05 09:00:35
1641373235763986000,28.9,2,28.7,10,28.9,258,1,2022-01-05 09:00:35
1641373236155573000,28.9,10,28.7,10,28.9,248,1,2022-01-05 09:00:36
1641373236209963000,28.7,10,28.65,12,28.9,248,2,2022-01-05 09:00:36
1641373236209963000,28.65,5,28.65,12,28.9,248,2,2022-01-05 09:00:36
1641373236802163000,28.7,1,28.65,14,28.85,1,1,2022-01-05 09:00:36
1641373236814154000,28.85,1,28.65,14,28.9,239,1,2022-01-05 09:00:36
1641373236814154000,28.9,9,28.65,14,28.9,239,1,2022-01-05 09:00:36
1641373236856839000,28.65,5,28.65,9,28.9,239,2,2022-01-05 09:00:36
1641373236948407000,28.85,1,28.7,1,28.85,11,1,2022-01-05 09:00:36
1641373237470044000,28.8,1,28.75,1,28.8,1,1,2022-01-05 09:00:37
1641373237481712000,28.75,1,28.7,1,28.8,1,2,2022-01-05 09:00:37
1641373237481712000,28.7,1,28.7,1,28.8,1,2,2022-01-05 09:00:37
1641373237490729000,28.8,1,28.7,1,28.85,9,1,2022-01-05 09:00:37
1641373237490729000,28.85,2,28.7,1,28.85,9,1,2022-01-05 09:00:37
1641373237507432000,28.85,2,28.7,1,28.85,7,1,2022-01-05 09:00:37
1641373237733898000,28.85,2,28.75,4,28.85,5,1,2022-01-05 09:00:37
1641373237770642000,28.85,5,28.75,4,28.9,239,1,2022-01-05 09:00:37
1641373237786843000,28.9,2,28.75,6,28.9,237,1,2022-01-05 09:00:37
1641373238004193000,28.75,2,28.75,9,28.9,237,2,2022-01-05 09:00:38
1641373238126011000,28.9,3,28.8,2,28.9,234,1,2022-01-05 09:00:38
1641373238193174000,28.9,1,28.8,2,28.9,233,1,2022-01-05 09:00:38
1641373238385528000,28.8,2,28.75,7,28.85,1,2,2022-01-05 09:00:38
1641373238385528000,28.75,2,28.75,7,28.85,1,2,2022-01-05 09:00:38
1641373239116793000,28.85,1,28.75,8,28.85,1,1,2022-01-05 09:00:39
1641373239126553000,28.75,5,28.75,3,28.85,1,2,2022-01-05 09:00:39
1641373239293202000,28.8,2,28.8,3,28.85,1,2,2022-01-05 09:00:39
1641373239324225000,28.8,3,28.75,3,28.85,1,2,2022-01-05 09:00:39
1641373239352445000,28.75,3,28.7,2,28.85,1,2,2022-01-05 09:00:39
1641373239416586000,28.85,1,28.7,2,28.9,232,1,2022-01-05 09:00:39
1641373239416586000,28.9,1,28.7,2,28.9,232,1,2022-01-05 09:00:39
1641373239501870000,28.7,2,28.65,10,28.9,232,2,2022-01-05 09:00:39
1641373239501870000,28.65,3,28.65,10,28.9,232,2,2022-01-05 09:00:39
1641373239536594000,28.65,10,28.55,1,28.85,15,2,2022-01-05 09:00:39
1641373239536594000,28.6,8,28.55,1,28.85,15,2,2022-01-05 09:00:39
1641373239536594000,28.55,12,28.55,1,28.85,15,2,2022-01-05 09:00:39
1641373239744427000,28.55,1,28.5,27,28.85,17,2,2022-01-05 09:00:39
1641373239744427000,28.5,4,28.5,27,28.85,17,2,2022-01-05 09:00:39
1641373239808037000,28.8,3,28.5,27,28.85,18,2,2022-01-05 09:00:39
1641373239872525000,28.8,1,28.5,27,28.8,11,1,2022-01-05 09:00:39
1641373240071045000,28.55,1,28.5,23,28.85,15,2,2022-01-05 09:00:40
1641373240071045000,28.5,4,28.5,23,28.85,15,2,2022-01-05 09:00:40
1641373240373444000,28.5,5,28.5,18,28.85,15,2,2022-01-05 09:00:40
1641373240490224000,28.7,1,28.5,18,28.85,15,2,2022-01-05 09:00:40
1641373240615918000,28.85,1,28.5,18,28.85,14,1,2022-01-05 09:00:40
1641373240712321000,28.55,1,28.5,14,28.8,15,2,2022-01-05 09:00:40
1641373240712321000,28.5,4,28.5,14,28.8,15,2,2022-01-05 09:00:40
1641373240783226000,28.75,1,28.5,14,28.75,10,1,2022-01-05 09:00:40
1641373240912243000,28.7,1,28.55,1,28.75,10,2,2022-01-05 09:00:40
1641373241060681000,28.55,1,28.5,10,28.8,15,2,2022-01-05 09:00:41
1641373241060681000,28.5,4,28.5,10,28.8,15,2,2022-01-05 09:00:41
1641373241118312000,28.75,1,28.5,10,28.75,2,1,2022-01-05 09:00:41
1641373241269860000,28.75,2,28.5,10,28.75,1,1,2022-01-05 09:00:41
1641373241357104000,28.55,3,28.5,8,28.75,1,2,2022-01-05 09:00:41
1641373241357104000,28.5,2,28.5,8,28.75,1,2,2022-01-05 09:00:41
1641373241736835000,28.6,1,28.5,7,28.75,13,2,2022-01-05 09:00:41
1641373241736835000,28.5,1,28.5,7,28.75,13,2,2022-01-05 09:00:41
1641373242035393000,28.7,1,28.55,1,28.7,2,1,2022-01-05 09:00:42
1641373242222131000,28.7,1,28.55,2,28.7,1,1,2022-01-05 09:00:42
1641373242569393000,28.7,1,28.55,2,28.7,16,1,2022-01-05 09:00:42
1641373242626888000,28.7,1,28.6,3,28.7,15,1,2022-01-05 09:00:42
1641373242753087000,28.7,1,28.6,3,28.7,2,1,2022-01-05 09:00:42
1641373242916046000,28.6,3,28.5,2,28.7,7,2,2022-01-05 09:00:42
1641373242916046000,28.55,2,28.5,2,28.7,7,2,2022-01-05 09:00:42
1641373242916046000,28.5,5,28.5,2,28.7,7,2,2022-01-05 09:00:42
1641373243367111000,28.7,2,28.5,2,28.7,18,1,2022-01-05 09:00:43
1641373243423277000,28.5,2,28.45,15,28.7,18,2,2022-01-05 09:00:43
1641373243912571000,28.65,1,28.45,15,28.65,19,1,2022-01-05 09:00:43
1641373244216502000,28.6,2,28.5,1,28.65,19,2,2022-01-05 09:00:44
1641373244244013000,28.65,7,28.5,1,28.75,3,1,2022-01-05 09:00:44
1641373244244013000,28.7,6,28.5,1,28.75,3,1,2022-01-05 09:00:44
1641373244244013000,28.75,5,28.5,1,28.75,3,1,2022-01-05 09:00:44
1641373244373384000,28.75,1,28.55,3,28.75,2,1,2022-01-05 09:00:44
1641373244545836000,28.55,2,28.55,1,28.75,2,2,2022-01-05 09:00:44
1641373244838174000,28.55,1,28.5,4,28.6,8,2,2022-01-05 09:00:44
1641373244878543000,28.55,1,28.5,4,28.55,2,1,2022-01-05 09:00:44
1641373244897361000,28.55,1,28.5,4,28.55,1,1,2022-01-05 09:00:44
1641373245244989000,28.55,1,28.55,1,28.6,8,1,2022-01-05 09:00:45
1641373245714618000,28.6,1,28.55,1,28.6,7,1,2022-01-05 09:00:45
1641373245805097000,28.55,3,28.5,9,28.6,7,2,2022-01-05 09:00:45
1641373245831482000,28.6,1,28.5,10,28.6,6,1,2022-01-05 09:00:45
1641373246027052000,28.6,1,28.5,10,28.6,5,1,2022-01-05 09:00:46
1641373246041828000,28.6,1,28.5,10,28.6,4,1,2022-01-05 09:00:46
1641373246156984000,28.5,5,28.5,5,28.6,4,2,2022-01-05 09:00:46
1641373247064417000,28.6,1,28.5,9,28.6,3,1,2022-01-05 09:00:47
1641373247292547000,28.5,1,28.5,9,28.6,3,2,2022-01-05 09:00:47
1641373247563427000,28.6,3,28.6,7,28.7,4,1,2022-01-05 09:00:47
1641373247643842000,28.7,4,28.6,7,28.75,8,1,2022-01-05 09:00:47
1641373247643842000,28.75,6,28.6,7,28.75,8,1,2022-01-05 09:00:47
1641373247856060000,28.65,2,28.65,52,28.8,26,2,2022-01-05 09:00:47
1641373248086985000,28.8,2,28.65,52,28.8,24,1,2022-01-05 09:00:48
1641373248343523000,28.65,2,28.65,50,28.8,24,2,2022-01-05 09:00:48
1641373248467968000,28.65,1,28.65,49,28.8,24,2,2022-01-05 09:00:48
1641373248517666000,28.65,1,28.65,48,28.8,24,2,2022-01-05 09:00:48
1641373248561247000,28.8,1,28.65,48,28.8,23,1,2022-01-05 09:00:48
1641373248835030000,28.7,1,28.65,47,28.8,23,2,2022-01-05 09:00:48
1641373248835030000,28.65,1,28.65,47,28.8,23,2,2022-01-05 09:00:48
1641373249082261000,28.8,2,28.7,1,28.8,21,1,2022-01-05 09:00:49
1641373249328762000,28.7,1,28.65,47,28.8,21,2,2022-01-05 09:00:49
1641373249419795000,28.65,2,28.65,45,28.8,21,2,2022-01-05 09:00:49
1641373249442729000,28.8,5,28.65,45,28.8,16,1,2022-01-05 09:00:49
1641373249544038000,28.7,4,28.65,45,28.7,1,1,2022-01-05 09:00:49
1641373249620389000,28.7,1,28.65,45,28.85,1,1,2022-01-05 09:00:49
1641373249620389000,28.8,11,28.65,45,28.85,1,1,2022-01-05 09:00:49
1641373249620389000,28.85,8,28.65,45,28.85,1,1,2022-01-05 09:00:49
1641373249676910000,28.85,1,28.65,45,28.9,240,1,2022-01-05 09:00:49
1641373249870498000,28.7,4,28.65,39,28.9,240,2,2022-01-05 09:00:49
1641373249870498000,28.65,6,28.65,39,28.9,240,2,2022-01-05 09:00:49
1641373249920008000,28.65,2,28.65,37,28.85,1,2,2022-01-05 09:00:49
1641373250013063000,28.85,1,28.65,37,28.9,238,1,2022-01-05 09:00:50
1641373250013063000,28.9,4,28.65,37,28.9,238,1,2022-01-05 09:00:50
1641373250026432000,28.65,2,28.65,35,28.9,238,2,2022-01-05 09:00:50
1641373250072941000,28.8,1,28.7,1,28.9,238,2,2022-01-05 09:00:50
1641373250154743000,28.9,10,28.7,6,28.9,228,1,2022-01-05 09:00:50
1641373250475135000,28.7,2,28.7,4,28.9,228,2,2022-01-05 09:00:50
1641373251080485000,28.7,2,28.7,2,28.75,1,2,2022-01-05 09:00:51
1641373251104837000,28.7,2,28.65,39,28.75,1,2,2022-01-05 09:00:51
1641373251398545000,28.65,1,28.65,38,28.75,1,2,2022-01-05 09:00:51
1641373251418466000,28.75,1,28.65,38,28.9,207,1,2022-01-05 09:00:51
1641373251418466000,28.9,19,28.65,38,28.9,207,1,2022-01-05 09:00:51
1641373251487204000,28.9,1,28.7,3,28.9,206,1,2022-01-05 09:00:51
1641373251648955000,28.7,2,28.7,1,28.9,206,2,2022-01-05 09:00:51
1641373252137145000,28.9,2,28.7,8,28.9,207,1,2022-01-05 09:00:52
1641373253127492000,28.7,2,28.7,9,28.85,10,2,2022-01-05 09:00:53
1641373253184037000,28.85,1,28.7,9,28.85,9,1,2022-01-05 09:00:53
1641373253869654000,28.8,3,28.75,4,28.85,13,2,2022-01-05 09:00:53
1641373254130788000,28.8,2,28.8,3,28.85,13,2,2022-01-05 09:00:54
1641373254173678000,28.8,3,28.75,4,28.85,14,2,2022-01-05 09:00:54
1641373254883161000,28.75,3,28.75,3,28.85,24,2,2022-01-05 09:00:54
1641373254883177000,28.75,2,28.75,1,28.85,24,2,2022-01-05 09:00:54
1641373254913079000,28.75,1,28.7,13,28.85,24,2,2022-01-05 09:00:54
1641373255002824000,28.85,2,28.7,13,28.85,22,1,2022-01-05 09:00:55
1641373255101766000,28.7,2,28.7,12,28.85,22,2,2022-01-05 09:00:55
1641373255491662000,28.7,1,28.7,11,28.85,22,2,2022-01-05 09:00:55
1641373255683331000,28.7,2,28.7,9,28.85,22,2,2022-01-05 09:00:55
1641373256158706000,28.7,2,28.7,7,28.75,1,2,2022-01-05 09:00:56
1641373256169093000,28.7,1,28.7,6,28.75,1,2,2022-01-05 09:00:56
1641373256328141000,28.75,1,28.7,6,28.8,2,1,2022-01-05 09:00:56
1641373256673853000,28.7,2,28.7,5,28.8,2,2,2022-01-05 09:00:56
1641373256867029000,28.7,1,28.7,4,28.8,4,2,2022-01-05 09:00:56
1641373256871768000,28.7,4,28.65,43,28.8,4,2,2022-01-05 09:00:56
1641373256904817000,28.7,1,28.65,43,28.8,4,1,2022-01-05 09:00:56
1641373256984790000,28.65,2,28.65,41,28.8,6,2,2022-01-05 09:00:56
1641373257005067000,28.8,1,28.65,41,28.8,5,1,2022-01-05 09:00:57
1641373257176083000,28.8,2,28.65,41,28.8,3,1,2022-01-05 09:00:57
1641373257310530000,28.65,2,28.65,39,28.8,5,2,2022-01-05 09:00:57
1641373257403043000,28.8,1,28.65,39,28.8,4,1,2022-01-05 09:00:57
1641373257894590000,28.7,2,28.65,39,28.8,12,2,2022-01-05 09:00:57
1641373257901237000,28.65,2,28.65,37,28.8,12,2,2022-01-05 09:00:57
1641373258045919000,28.7,1,28.65,37,28.8,14,2,2022-01-05 09:00:58
1641373258100178000,28.8,3,28.65,37,28.8,13,1,2022-01-05 09:00:58
1641373258232646000,28.65,1,28.65,36,28.8,14,2,2022-01-05 09:00:58
1641373258324248000,28.7,1,28.65,36,28.7,2,2,2022-01-05 09:00:58
1641373258397943000,28.7,2,28.7,1,28.8,20,1,2022-01-05 09:00:58
1641373258415844000,28.7,1,28.65,36,28.8,20,2,2022-01-05 09:00:58
1641373258563282000,28.65,5,28.65,27,28.8,22,2,2022-01-05 09:00:58
1641373258876861000,28.65,2,28.65,25,28.8,22,2,2022-01-05 09:00:58
1641373258913770000,28.65,2,28.65,23,28.8,22,2,2022-01-05 09:00:58
1641373259194169000,28.7,2,28.65,23,28.8,27,2,2022-01-05 09:00:59
1641373259229231000,28.65,1,28.65,22,28.7,1,2,2022-01-05 09:00:59
1641373259280008000,28.7,1,28.75,9,28.8,27,1,2022-01-05 09:00:59
1641373259313305000,28.75,5,28.75,4,28.8,27,2,2022-01-05 09:00:59
1641373259313897000,28.75,4,28.65,22,28.8,27,2,2022-01-05 09:00:59
1641373259584868000,28.7,2,28.7,3,28.8,27,2,2022-01-05 09:00:59
1641373259892614000,28.7,2,28.7,1,28.8,27,2,2022-01-05 09:00:59
1641373259951074000,28.8,1,28.7,1,28.8,26,1,2022-01-05 09:00:59
1641373260212024000,28.7,2,28.65,23,28.8,36,2,2022-01-05 09:01:00
1641373260359637000,28.65,3,28.65,18,28.8,36,2,2022-01-05 09:01:00
1641373260451102000,28.8,1,28.65,18,28.8,35,1,2022-01-05 09:01:00
1641373260561534000,28.65,1,28.65,17,28.8,35,2,2022-01-05 09:01:00
1641373260713745000,28.75,6,28.65,17,28.8,35,1,2022-01-05 09:01:00
1641373260758956000,28.65,1,28.65,16,28.8,35,2,2022-01-05 09:01:00
1641373260925311000,28.75,1,28.65,16,28.75,9,1,2022-01-05 09:01:00
1641373261015052000,28.65,2,28.65,14,28.75,9,2,2022-01-05 09:01:01
1641373261183454000,28.65,8,28.65,6,28.7,10,2,2022-01-05 09:01:01
1641373261222340000,28.65,6,28.6,17,28.7,10,2,2022-01-05 09:01:01
1641373261327925000,28.6,2,28.6,15,28.7,10,2,2022-01-05 09:01:01
1641373261956739000,28.6,2,28.6,18,28.7,10,2,2022-01-05 09:01:01
1641373262289524000,28.6,2,28.6,16,28.65,2,2,2022-01-05 09:01:02
1641373262556368000,28.65,4,28.6,16,28.7,8,1,2022-01-05 09:01:02
1641373262556368000,28.7,6,28.6,16,28.7,8,1,2022-01-05 09:01:02
1641373262683035000,28.6,2,28.6,14,28.7,8,2,2022-01-05 09:01:02
1641373262724423000,28.7,1,28.6,14,28.7,7,1,2022-01-05 09:01:02
1641373262865727000,28.65,1,28.6,14,28.65,3,1,2022-01-05 09:01:02
1641373263238898000,28.65,3,28.6,14,28.65,4,1,2022-01-05 09:01:03
1641373263313314000,28.6,2,28.6,12,28.65,4,2,2022-01-05 09:01:03
1641373263612738000,28.65,4,28.6,12,28.7,7,1,2022-01-05 09:01:03
1641373263612738000,28.7,1,28.6,12,28.7,7,1,2022-01-05 09:01:03
1641373263614635000,28.7,1,28.6,12,28.7,6,1,2022-01-05 09:01:03
1641373263646463000,28.6,2,28.6,10,28.7,6,2,2022-01-05 09:01:03
1641373263828480000,28.7,1,28.65,10,28.7,5,1,2022-01-05 09:01:03
1641373263914911000,28.7,5,28.75,1,28.8,28,1,2022-01-05 09:01:03
1641373263914911000,28.75,14,28.75,1,28.8,28,1,2022-01-05 09:01:03
1641373263942199000,28.8,1,28.75,1,28.8,27,1,2022-01-05 09:01:03
1641373263946419000,28.75,1,28.65,10,28.8,27,2,2022-01-05 09:01:03
1641373264122416000,28.65,2,28.65,8,28.8,29,2,2022-01-05 09:01:04
1641373264160511000,28.65,8,28.6,10,28.8,29,2,2022-01-05 09:01:04
1641373264673809000,28.75,5,28.65,1,28.8,23,2,2022-01-05 09:01:04
1641373265220162000,28.8,1,28.65,3,28.8,17,1,2022-01-05 09:01:05
1641373265643462000,28.65,1,28.65,2,28.8,17,2,2022-01-05 09:01:05
1641373265650721000,28.8,2,28.65,2,28.8,15,1,2022-01-05 09:01:05
1641373265755926000,28.65,1,28.65,1,28.8,15,2,2022-01-05 09:01:05
1641373265772693000,28.65,1,28.6,10,28.8,15,2,2022-01-05 09:01:05
1641373266462078000,28.7,2,28.65,34,28.8,15,2,2022-01-05 09:01:06
1641373267141118000,28.8,2,28.65,34,28.8,13,1,2022-01-05 09:01:07
1641373267312649000,28.8,3,28.7,2,28.8,10,1,2022-01-05 09:01:07
1641373267514873000,28.8,3,28.7,3,28.8,7,1,2022-01-05 09:01:07
1641373268375410000,28.7,3,28.65,33,28.8,7,2,2022-01-05 09:01:08
1641373268375410000,28.65,2,28.65,33,28.8,7,2,2022-01-05 09:01:08
1641373268867760000,28.65,1,28.65,32,28.8,19,2,2022-01-05 09:01:08
1641373269048648000,28.65,10,28.65,22,28.8,19,2,2022-01-05 09:01:09
1641373269553372000,28.65,1,28.65,21,28.8,21,2,2022-01-05 09:01:09
1641373270038857000,28.65,2,28.65,19,28.8,19,2,2022-01-05 09:01:10
1641373270083856000,28.8,5,28.65,19,28.8,14,1,2022-01-05 09:01:10
1641373270128557000,28.7,2,28.7,8,28.8,14,1,2022-01-05 09:01:10
1641373270159045000,28.7,1,28.7,7,28.8,14,2,2022-01-05 09:01:10
1641373270168251000,28.7,7,28.65,19,28.8,14,2,2022-01-05 09:01:10
1641373270181519000,28.8,1,28.65,19,28.8,13,1,2022-01-05 09:01:10
1641373271823463000,28.75,1,28.65,22,28.75,5,1,2022-01-05 09:01:11
1641373272131985000,28.75,2,28.65,22,28.75,3,1,2022-01-05 09:01:12
1641373272873994000,28.75,1,28.65,22,28.75,2,1,2022-01-05 09:01:12
1641373272889644000,28.65,22,28.6,19,28.75,2,2,2022-01-05 09:01:12
1641373272889644000,28.6,8,28.6,19,28.75,2,2,2022-01-05 09:01:12
1641373274015778000,28.75,1,28.7,5,28.75,1,1,2022-01-05 09:01:14
1641373274056406000,28.7,1,28.7,4,28.75,1,2,2022-01-05 09:01:14
1641373275854320000,28.75,2,28.7,4,28.75,5,1,2022-01-05 09:01:15
1641373275904227000,28.75,1,28.7,4,28.75,4,1,2022-01-05 09:01:15
1641373276434876000,28.75,5,28.7,8,28.8,31,1,2022-01-05 09:01:16
1641373276434876000,28.8,15,28.7,8,28.8,31,1,2022-01-05 09:01:16
1641373277467470000,28.8,4,28.75,4,28.8,27,1,2022-01-05 09:01:17
1641373277823029000,28.8,12,28.75,4,28.8,25,1,2022-01-05 09:01:17
1641373278004490000,28.8,2,28.75,4,28.8,23,1,2022-01-05 09:01:18
1641373278410791000,28.8,5,28.75,4,28.8,22,1,2022-01-05 09:01:18
1641373278780291000,28.75,5,28.75,7,28.8,22,2,2022-01-05 09:01:18
1641373279120400000,28.8,1,28.75,7,28.8,26,1,2022-01-05 09:01:19
1641373279148519000,28.75,7,28.7,40,28.8,26,2,2022-01-05 09:01:19
1641373279148519000,28.7,3,28.7,40,28.8,26,2,2022-01-05 09:01:19
1641373279282745000,28.8,2,28.7,40,28.8,24,1,2022-01-05 09:01:19
1641373280243256000,28.75,1,28.65,6,28.8,25,2,2022-01-05 09:01:20
1641373280243256000,28.7,46,28.65,6,28.8,25,2,2022-01-05 09:01:20
1641373280243256000,28.65,3,28.65,6,28.8,25,2,2022-01-05 09:01:20
1641373280775746000,28.75,1,28.65,6,28.75,1,1,2022-01-05 09:01:20
1641373280779769000,28.75,1,28.65,6,28.8,26,1,2022-01-05 09:01:20
1641373280922093000,28.65,4,28.65,2,28.8,26,2,2022-01-05 09:01:20
1641373281170542000,28.8,1,28.7,1,28.8,25,1,2022-01-05 09:01:21
1641373281227549000,28.75,6,28.7,1,28.8,25,2,2022-01-05 09:01:21
1641373282141513000,28.7,2,28.65,7,28.8,25,2,2022-01-05 09:01:22
1641373282948880000,28.8,2,28.65,12,28.8,23,1,2022-01-05 09:01:22
1641373284252852000,28.75,1,28.65,9,28.8,24,2,2022-01-05 09:01:24
1641373284252852000,28.7,1,28.65,9,28.8,24,2,2022-01-05 09:01:24
1641373284252852000,28.65,3,28.65,9,28.8,24,2,2022-01-05 09:01:24
1641373284644786000,28.8,2,28.65,9,28.8,22,1,2022-01-05 09:01:24
1641373284679530000,28.65,9,28.6,25,28.8,22,2,2022-01-05 09:01:24
1641373284679530000,28.6,1,28.6,25,28.8,22,2,2022-01-05 09:01:24
1641373284930499000,28.6,2,28.6,23,28.75,12,2,2022-01-05 09:01:24
1641373284995577000,28.75,1,28.6,23,28.75,11,1,2022-01-05 09:01:24
1641373285362529000,28.7,1,28.65,1,28.8,37,2,2022-01-05 09:01:25
1641373286280197000,28.8,10,28.7,2,28.8,34,1,2022-01-05 09:01:26
1641373286806482000,28.7,1,28.7,1,28.75,5,2,2022-01-05 09:01:26
1641373286835195000,28.7,1,28.65,1,28.75,5,2,2022-01-05 09:01:26
1641373287251524000,28.75,2,28.65,1,28.75,3,1,2022-01-05 09:01:27
1641373287397223000,28.75,1,28.65,1,28.75,2,1,2022-01-05 09:01:27
1641373287466513000,28.75,1,28.65,1,28.75,1,1,2022-01-05 09:01:27
1641373287702533000,28.75,1,28.65,1,28.8,35,1,2022-01-05 09:01:27
1641373287768242000,28.8,1,28.65,1,28.8,34,1,2022-01-05 09:01:27
1641373289083230000,28.8,2,28.7,1,28.8,32,1,2022-01-05 09:01:29
1641373290630193000,28.8,3,28.7,5,28.8,36,1,2022-01-05 09:01:30
1641373291439673000,28.75,1,28.7,6,28.75,2,2,2022-01-05 09:01:31
1641373291700251000,28.7,5,28.7,3,28.75,2,2,2022-01-05 09:01:31
1641373291992477000,28.7,3,28.65,27,28.75,2,2,2022-01-05 09:01:31
1641373292222152000,28.75,2,28.65,27,28.8,39,1,2022-01-05 09:01:32
1641373292363391000,28.8,1,28.65,27,28.8,38,1,2022-01-05 09:01:32
1641373292768003000,28.8,1,28.65,27,28.8,38,1,2022-01-05 09:01:32
1641373293087686000,28.8,5,28.65,27,28.8,36,1,2022-01-05 09:01:33
1641373293316144000,28.65,2,28.65,25,28.8,36,2,2022-01-05 09:01:33
1641373293548115000,28.7,2,28.65,33,28.7,2,1,2022-01-05 09:01:33
1641373293999407000,28.65,10,28.65,23,28.7,2,2,2022-01-05 09:01:33
1641373294015424000,28.7,1,28.65,24,28.7,1,1,2022-01-05 09:01:34
1641373294677884000,28.65,5,28.65,19,28.7,1,2,2022-01-05 09:01:34
1641373294761209000,28.7,1,28.65,19,28.8,38,1,2022-01-05 09:01:34
1641373295639365000,28.7,3,28.7,4,28.75,1,1,2022-01-05 09:01:35
1641373296156508000,28.75,1,28.7,20,28.8,32,1,2022-01-05 09:01:36
1641373296156508000,28.8,9,28.7,20,28.8,32,1,2022-01-05 09:01:36
1641373296335633000,28.7,20,28.65,15,28.8,32,2,2022-01-05 09:01:36
1641373296335633000,28.65,4,28.65,15,28.8,32,2,2022-01-05 09:01:36
1641373296551423000,28.8,1,28.65,15,28.8,31,1,2022-01-05 09:01:36
1641373296559253000,28.8,1,28.65,15,28.8,30,1,2022-01-05 09:01:36
1641373296728214000,28.7,1,28.7,1,28.8,30,1,2022-01-05 09:01:36
1641373298407609000,28.8,2,28.7,8,28.8,50,1,2022-01-05 09:01:38
1641373298710814000,28.7,10,28.65,20,28.8,50,2,2022-01-05 09:01:38
1641373298864738000,28.65,1,28.65,19,28.8,50,2,2022-01-05 09:01:38
1641373299156449000,28.75,1,28.65,19,28.8,48,1,2022-01-05 09:01:39
1641373299375101000,28.8,1,28.7,5,28.8,47,1,2022-01-05 09:01:39
1641373299950090000,28.8,20,28.7,10,28.8,47,1,2022-01-05 09:01:39
1641373300728097000,28.7,10,28.7,1,28.8,47,2,2022-01-05 09:01:40
1641373301051712000,28.8,3,28.7,1,28.8,44,1,2022-01-05 09:01:41
1641373301061193000,28.8,11,28.7,1,28.8,33,1,2022-01-05 09:01:41
1641373301897655000,28.75,1,28.7,1,28.75,3,1,2022-01-05 09:01:41
1641373302544028000,28.75,3,28.75,4,28.8,33,1,2022-01-05 09:01:42
1641373303166753000,28.75,1,28.75,3,28.8,33,2,2022-01-05 09:01:43
1641373303369920000,28.8,5,28.75,3,28.8,28,1,2022-01-05 09:01:43
1641373303537839000,28.75,3,28.6,42,28.65,11,2,2022-01-05 09:01:43
1641373303537839000,28.7,6,28.6,42,28.65,11,2,2022-01-05 09:01:43
1641373303537839000,28.65,30,28.6,42,28.65,11,2,2022-01-05 09:01:43
1641373303626107000,28.65,5,28.6,42,28.65,8,1,2022-01-05 09:01:43
1641373303638822000,28.65,1,28.6,42,28.65,7,1,2022-01-05 09:01:43
1641373304116632000,28.65,6,28.6,42,28.65,1,1,2022-01-05 09:01:44
1641373305026319000,28.6,3,28.6,39,28.65,1,2,2022-01-05 09:01:45
1641373305205438000,28.65,1,28.65,3,28.75,13,1,2022-01-05 09:01:45
1641373305385890000,28.75,1,28.65,3,28.8,28,1,2022-01-05 09:01:45
1641373305809834000,28.75,1,28.65,3,28.75,9,1,2022-01-05 09:01:45
1641373306540652000,28.75,1,28.65,6,28.75,8,1,2022-01-05 09:01:46
1641373307572845000,28.75,2,28.7,1,28.75,3,1,2022-01-05 09:01:47
1641373307850865000,28.75,3,28.7,1,28.8,34,1,2022-01-05 09:01:47
1641373307850865000,28.8,2,28.7,1,28.8,34,1,2022-01-05 09:01:47
1641373308009271000,28.8,1,28.7,1,28.8,33,1,2022-01-05 09:01:48
1641373308010849000,28.8,1,28.7,1,28.8,32,1,2022-01-05 09:01:48
1641373308463599000,28.7,2,28.65,19,28.8,33,2,2022-01-05 09:01:48
1641373308548855000,28.7,1,28.7,1,28.8,33,1,2022-01-05 09:01:48
1641373308684246000,28.7,1,28.65,19,28.75,3,2,2022-01-05 09:01:48
1641373309759521000,28.7,1,28.7,11,28.75,3,2,2022-01-05 09:01:49
1641373310410812000,28.7,1,28.7,11,28.75,5,2,2022-01-05 09:01:50
1641373311366167000,28.75,1,28.7,11,28.75,14,1,2022-01-05 09:01:51
1641373311734794000,28.7,2,28.7,9,28.75,14,2,2022-01-05 09:01:51
1641373312380538000,28.7,2,28.7,7,28.75,14,2,2022-01-05 09:01:52
1641373312521145000,28.75,1,28.7,7,28.75,13,1,2022-01-05 09:01:52
1641373313097913000,28.75,5,28.7,7,28.75,8,1,2022-01-05 09:01:53
1641373313323057000,28.7,1,28.7,6,28.75,8,2,2022-01-05 09:01:53
1641373313620288000,28.75,8,28.7,6,28.8,42,1,2022-01-05 09:01:53
1641373313620288000,28.8,2,28.7,6,28.8,42,1,2022-01-05 09:01:53
1641373313905987000,28.7,2,28.7,4,28.8,44,2,2022-01-05 09:01:53
1641373313969522000,28.75,1,28.7,4,28.75,14,1,2022-01-05 09:01:53
1641373315170407000,28.75,1,28.7,9,28.75,13,1,2022-01-05 09:01:55
1641373315484714000,28.7,2,28.7,7,28.75,13,2,2022-01-05 09:01:55
1641373316360038000,28.75,1,28.7,8,28.75,12,1,2022-01-05 09:01:56
1641373317106470000,28.7,7,28.7,2,28.75,12,2,2022-01-05 09:01:57
1641373317111045000,28.7,2,28.65,30,28.75,12,2,2022-01-05 09:01:57
1641373317111045000,28.65,1,28.65,30,28.75,12,2,2022-01-05 09:01:57
1641373317569601000,28.75,1,28.7,50,28.75,11,1,2022-01-05 09:01:57
1641373317834703000,28.7,8,28.7,43,28.75,12,2,2022-01-05 09:01:57
1641373318382009000,28.75,5,28.7,43,28.75,7,1,2022-01-05 09:01:58
1641373319613950000,28.7,10,28.7,36,28.75,9,2,2022-01-05 09:01:59
1641373319991879000,28.7,1,28.7,36,28.75,9,2,2022-01-05 09:01:59
1641373320123253000,28.75,1,28.7,36,28.75,8,1,2022-01-05 09:02:00
1641373320409224000,28.7,2,28.7,34,28.75,8,2,2022-01-05 09:02:00
1641373320616933000,28.7,7,28.7,29,28.75,8,2,2022-01-05 09:02:00
1641373320656524000,28.7,5,28.7,24,28.75,8,2,2022-01-05 09:02:00
1641373320872897000,28.7,2,28.7,22,28.75,8,2,2022-01-05 09:02:00
1641373320932764000,28.75,1,28.7,22,28.75,7,1,2022-01-05 09:02:00
1641373321120161000,28.75,1,28.7,22,28.75,6,1,2022-01-05 09:02:01
1641373321261449000,28.75,6,28.7,23,28.8,26,1,2022-01-05 09:02:01
1641373321261449000,28.8,24,28.7,23,28.8,26,1,2022-01-05 09:02:01
1641373321733427000,28.7,2,28.7,27,28.8,26,2,2022-01-05 09:02:01
1641373321909964000,28.75,1,28.7,27,28.8,26,2,2022-01-05 09:02:01
1641373322421611000,28.8,3,28.7,28,28.8,23,1,2022-01-05 09:02:02
1641373322941887000,28.75,1,28.75,3,28.8,23,2,2022-01-05 09:02:02
1641373323241257000,28.8,1,28.75,3,28.8,22,1,2022-01-05 09:02:03
1641373324003405000,28.75,4,28.7,28,28.8,22,2,2022-01-05 09:02:04
1641373324003405000,28.7,1,28.7,28,28.8,22,2,2022-01-05 09:02:04
1641373324637633000,28.75,5,28.7,31,28.8,54,2,2022-01-05 09:02:04
1641373325329476000,28.8,10,28.7,32,28.8,44,1,2022-01-05 09:02:05
1641373325847269000,28.8,10,28.75,1,28.8,36,1,2022-01-05 09:02:05
1641373325895363000,28.8,10,28.75,1,28.8,26,1,2022-01-05 09:02:05
1641373326034690000,28.75,1,28.7,37,28.8,29,2,2022-01-05 09:02:06
1641373326034690000,28.7,1,28.7,37,28.8,29,2,2022-01-05 09:02:06
1641373326235264000,28.8,1,28.7,37,28.8,28,1,2022-01-05 09:02:06
1641373326374793000,28.8,2,28.7,37,28.8,26,1,2022-01-05 09:02:06
1641373326862225000,28.75,10,28.75,10,28.8,26,2,2022-01-05 09:02:06
1641373326930408000,28.8,3,28.75,10,28.8,23,1,2022-01-05 09:02:06
1641373327560748000,28.8,23,28.75,12,28.85,40,1,2022-01-05 09:02:07
1641373327560748000,28.85,27,28.75,12,28.85,40,1,2022-01-05 09:02:07
1641373327595526000,28.85,1,28.75,12,28.85,39,1,2022-01-05 09:02:07
1641373327672114000,28.85,15,28.75,24,28.85,24,1,2022-01-05 09:02:07
1641373327702811000,28.85,15,28.75,24,28.85,9,1,2022-01-05 09:02:07
1641373328135725000,28.85,4,28.75,28,28.85,6,1,2022-01-05 09:02:08
1641373328294614000,28.85,4,28.75,28,28.85,2,1,2022-01-05 09:02:08
1641373328432199000,28.8,1,28.8,2,28.85,2,2,2022-01-05 09:02:08
1641373328473374000,28.85,2,28.8,2,28.9,158,1,2022-01-05 09:02:08
1641373328473374000,28.9,48,28.8,2,28.9,158,1,2022-01-05 09:02:08
1641373328570201000,28.8,1,28.8,1,28.9,158,2,2022-01-05 09:02:08
1641373328636579000,28.9,3,28.8,1,28.9,155,1,2022-01-05 09:02:08
1641373328781855000,28.9,3,28.8,1,28.9,152,1,2022-01-05 09:02:08
1641373328837541000,28.9,5,28.8,1,28.9,147,1,2022-01-05 09:02:08
1641373328955603000,28.9,3,28.8,1,28.9,144,1,2022-01-05 09:02:08
1641373328969636000,28.9,50,28.8,1,28.9,94,1,2022-01-05 09:02:08
1641373328996286000,28.9,1,28.8,1,28.9,93,1,2022-01-05 09:02:08
1641373328996302000,28.9,14,28.8,1,28.9,79,1,2022-01-05 09:02:08
1641373329158602000,28.9,12,28.85,3,28.9,67,1,2022-01-05 09:02:09
1641373329338867000,28.9,3,28.85,3,28.9,64,1,2022-01-05 09:02:09
1641373329683848000,28.9,1,28.85,3,28.9,63,1,2022-01-05 09:02:09
1641373329769261000,28.85,2,28.85,1,28.9,63,2,2022-01-05 09:02:09
1641373329853944000,28.9,3,28.85,1,28.9,60,1,2022-01-05 09:02:09
1641373330109989000,28.9,1,28.85,1,28.9,59,1,2022-01-05 09:02:10
1641373330120568000,28.9,3,28.85,1,28.9,56,1,2022-01-05 09:02:10
1641373330282071000,28.9,3,28.85,1,28.9,53,1,2022-01-05 09:02:10
1641373330372210000,28.85,1,28.8,6,28.9,53,2,2022-01-05 09:02:10
1641373330394932000,28.9,1,28.8,11,28.9,52,1,2022-01-05 09:02:10
1641373330460771000,28.8,2,28.8,9,28.9,52,2,2022-01-05 09:02:10
1641373330470160000,28.8,1,28.8,8,28.9,52,2,2022-01-05 09:02:10
1641373330760756000,28.9,1,28.85,1,28.9,51,1,2022-01-05 09:02:10
1641373331355583000,28.9,5,28.85,1,28.9,46,1,2022-01-05 09:02:11
1641373331707367000,28.9,5,28.85,1,28.9,41,1,2022-01-05 09:02:11
1641373331793768000,28.9,1,28.85,1,28.9,40,1,2022-01-05 09:02:11
1641373331807704000,28.9,1,28.85,1,28.9,39,1,2022-01-05 09:02:11
1641373332401169000,28.9,2,28.85,3,28.9,37,1,2022-01-05 09:02:12
1641373332529958000,28.9,3,28.85,4,28.9,34,1,2022-01-05 09:02:12
1641373332542514000,28.9,1,28.85,4,28.9,33,1,2022-01-05 09:02:12
1641373332579407000,28.9,3,28.85,4,28.9,30,1,2022-01-05 09:02:12
1641373333121186000,28.9,1,28.85,4,28.9,29,1,2022-01-05 09:02:13
1641373333524734000,28.85,4,28.85,10,28.9,29,2,2022-01-05 09:02:13
1641373333548522000,28.85,5,28.85,5,28.9,29,2,2022-01-05 09:02:13
1641373333567298000,28.9,2,28.85,5,28.9,27,1,2022-01-05 09:02:13
1641373333967917000,28.85,15,28.85,1,28.9,27,2,2022-01-05 09:02:13
1641373334006762000,28.85,1,28.8,13,28.9,27,2,2022-01-05 09:02:14
1641373334429938000,28.9,10,28.8,14,28.9,17,1,2022-01-05 09:02:14
1641373334702440000,28.8,2,28.8,12,28.9,17,2,2022-01-05 09:02:14
1641373335645165000,28.9,3,28.8,14,28.9,14,1,2022-01-05 09:02:15
1641373335692922000,28.9,1,28.8,14,28.9,13,1,2022-01-05 09:02:15
1641373336102846000,28.9,1,28.8,14,28.9,12,1,2022-01-05 09:02:16
1641373336323429000,28.9,6,28.8,16,28.9,6,1,2022-01-05 09:02:16
1641373336666843000,28.9,1,28.8,16,28.9,5,1,2022-01-05 09:02:16
1641373336761864000,28.9,1,28.8,16,28.9,4,1,2022-01-05 09:02:16
1641373337708211000,28.9,1,28.85,5,28.9,3,1,2022-01-05 09:02:17
1641373338880319000,28.85,5,28.85,4,28.9,3,2,2022-01-05 09:02:18
1641373338884329000,28.9,1,28.85,4,28.9,2,1,2022-01-05 09:02:18
1641373339490651000,28.9,1,28.85,4,28.9,1,1,2022-01-05 09:02:19
1641373339550343000,28.9,1,28.85,4,28.95,11,1,2022-01-05 09:02:19
1641373339602697000,28.85,1,28.85,3,28.95,11,2,2022-01-05 09:02:19
1641373339663812000,28.9,1,28.85,3,28.95,11,2,2022-01-05 09:02:19
1641373340196496000,28.9,1,28.85,3,28.95,26,1,2022-01-05 09:02:20
1641373341142890000,28.9,1,28.85,6,28.95,26,2,2022-01-05 09:02:21
1641373342392351000,28.9,3,28.85,6,28.9,3,1,2022-01-05 09:02:22
1641373342463316000,28.85,6,28.8,37,28.85,4,2,2022-01-05 09:02:22
1641373343669856000,28.85,1,28.8,37,28.85,3,1,2022-01-05 09:02:23
1641373343891835000,28.85,2,28.8,39,28.85,1,1,2022-01-05 09:02:23
1641373343979088000,28.85,1,28.8,38,28.9,2,1,2022-01-05 09:02:23
1641373343979088000,28.9,1,28.8,38,28.9,2,1,2022-01-05 09:02:23
1641373344294533000,28.9,1,28.8,38,28.9,1,1,2022-01-05 09:02:24
1641373344983803000,28.8,38,28.75,67,28.9,1,2,2022-01-05 09:02:24
1641373344983803000,28.75,12,28.75,67,28.9,1,2,2022-01-05 09:02:24
1641373345027007000,28.9,2,28.75,67,28.9,11,1,2022-01-05 09:02:25
1641373345314305000,28.9,5,28.8,1,28.9,6,1,2022-01-05 09:02:25
1641373345884664000,28.9,1,28.8,8,28.9,12,1,2022-01-05 09:02:25
1641373346375103000,28.9,1,28.8,9,28.9,11,1,2022-01-05 09:02:26
1641373346437539000,28.9,1,28.8,10,28.9,10,1,2022-01-05 09:02:26
1641373346888837000,28.85,3,28.8,11,28.9,7,2,2022-01-05 09:02:26
1641373347035101000,28.8,1,28.8,12,28.9,7,2,2022-01-05 09:02:27
1641373347081654000,28.85,4,28.8,12,28.9,7,2,2022-01-05 09:02:27
1641373347220041000,28.9,1,28.8,13,28.9,6,1,2022-01-05 09:02:27
1641373347320857000,28.9,5,28.8,13,28.9,1,1,2022-01-05 09:02:27
1641373348684210000,28.9,1,28.9,4,28.95,28,1,2022-01-05 09:02:28
1641373349409900000,28.95,5,28.9,9,28.95,23,1,2022-01-05 09:02:29
1641373349636770000,28.9,10,28.85,6,28.95,23,2,2022-01-05 09:02:29
1641373349636770000,28.85,8,28.85,6,28.95,23,2,2022-01-05 09:02:29
1641373350590414000,28.9,1,28.9,4,28.95,23,2,2022-01-05 09:02:30
1641373351310558000,28.9,5,28.85,6,28.95,39,2,2022-01-05 09:02:31
1641373351310558000,28.85,3,28.85,6,28.95,39,2,2022-01-05 09:02:31
1641373351557243000,28.85,5,28.85,1,28.95,39,2,2022-01-05 09:02:31
1641373352134098000,28.9,2,28.9,3,28.95,39,1,2022-01-05 09:02:32
1641373352312510000,28.9,2,28.9,11,28.95,39,2,2022-01-05 09:02:32
1641373352809349000,28.95,2,28.9,12,28.95,37,1,2022-01-05 09:02:32
1641373354822882000,28.9,10,28.9,2,28.95,37,2,2022-01-05 09:02:34
1641373355037101000,28.9,2,28.85,16,28.9,1,2,2022-01-05 09:02:35
1641373356673650000,28.85,17,28.8,25,28.85,33,2,2022-01-05 09:02:36
1641373357635843000,28.8,10,28.8,15,28.85,33,2,2022-01-05 09:02:37
1641373357668546000,28.8,15,28.75,12,28.85,33,2,2022-01-05 09:02:37
1641373358331725000,28.75,12,28.7,41,28.8,12,2,2022-01-05 09:02:38
1641373358640921000,28.8,2,28.7,41,28.8,15,1,2022-01-05 09:02:38
1641373358829919000,28.8,1,28.7,41,28.8,14,1,2022-01-05 09:02:38
1641373359669702000,28.75,1,28.7,41,28.75,7,1,2022-01-05 09:02:39
1641373360295886000,28.75,1,28.7,41,28.75,6,1,2022-01-05 09:02:40
1641373361460245000,28.75,3,28.7,41,28.75,3,1,2022-01-05 09:02:41
1641373362457434000,28.7,1,28.7,42,28.75,6,2,2022-01-05 09:02:42
1641373362776880000,28.75,5,28.7,42,28.75,1,1,2022-01-05 09:02:42
1641373362817745000,28.7,10,28.7,32,28.75,1,2,2022-01-05 09:02:42
1641373363277326000,28.75,1,28.7,31,28.8,42,1,2022-01-05 09:02:43
1641373363396903000,28.8,1,28.7,31,28.8,41,1,2022-01-05 09:02:43
1641373363464807000,28.7,31,28.65,39,28.7,19,2,2022-01-05 09:02:43
1641373363503574000,28.65,5,28.65,34,28.7,19,2,2022-01-05 09:02:43
1641373364060566000,28.7,1,28.65,34,28.7,18,1,2022-01-05 09:02:44
1641373364333731000,28.7,1,28.65,34,28.7,17,1,2022-01-05 09:02:44
1641373365171403000,28.7,1,28.65,34,28.7,16,1,2022-01-05 09:02:45
1641373365349929000,28.65,10,28.65,24,28.7,16,2,2022-01-05 09:02:45
1641373365383712000,28.65,18,28.65,6,28.7,16,2,2022-01-05 09:02:45
1641373365384654000,28.65,3,28.65,3,28.7,16,2,2022-01-05 09:02:45
1641373365415750000,28.65,3,28.6,72,28.7,16,2,2022-01-05 09:02:45
1641373365751768000,28.7,1,28.6,72,28.7,15,1,2022-01-05 09:02:45
1641373365836694000,28.7,1,28.6,72,28.7,14,1,2022-01-05 09:02:45
1641373366031944000,28.7,1,28.6,72,28.7,13,1,2022-01-05 09:02:46
1641373366338547000,28.6,72,28.55,31,28.65,12,2,2022-01-05 09:02:46
1641373367169486000,28.6,10,28.55,28,28.6,2,1,2022-01-05 09:02:47
1641373367206556000,28.55,4,28.55,24,28.6,2,2,2022-01-05 09:02:47
1641373367319706000,28.6,1,28.55,24,28.6,1,1,2022-01-05 09:02:47
1641373367343249000,28.55,4,28.55,20,28.6,1,2,2022-01-05 09:02:47
1641373367505484000,28.55,4,28.55,16,28.6,1,2,2022-01-05 09:02:47
1641373367668274000,28.55,1,28.55,15,28.6,1,2,2022-01-05 09:02:47
1641373367682122000,28.55,4,28.55,11,28.6,1,2,2022-01-05 09:02:47
1641373367956592000,28.6,1,28.55,11,28.65,16,1,2022-01-05 09:02:47
1641373368120485000,28.55,11,28.5,60,28.55,1,2,2022-01-05 09:02:48
1641373368142673000,28.5,3,28.5,57,28.55,1,2,2022-01-05 09:02:48
1641373368194963000,28.5,3,28.5,54,28.55,1,2,2022-01-05 09:02:48
1641373368491401000,28.55,1,28.5,54,28.6,6,1,2022-01-05 09:02:48
1641373368491401000,28.6,4,28.5,54,28.6,6,1,2022-01-05 09:02:48
1641373369342384000,28.6,1,28.55,1,28.6,5,1,2022-01-05 09:02:49
1641373369450993000,28.55,1,28.5,54,28.6,5,2,2022-01-05 09:02:49
1641373370357546000,28.6,5,28.5,54,28.6,1,1,2022-01-05 09:02:50
1641373370846185000,28.5,3,28.5,51,28.6,1,2,2022-01-05 09:02:50
1641373371019277000,28.55,2,28.5,45,28.6,1,2,2022-01-05 09:02:51
1641373371019277000,28.5,6,28.5,45,28.6,1,2,2022-01-05 09:02:51
1641373371235050000,28.5,1,28.5,44,28.6,1,2,2022-01-05 09:02:51
1641373372873450000,28.6,1,28.6,1,28.65,5,1,2022-01-05 09:02:52
1641373372911807000,28.6,1,28.55,1,28.65,5,2,2022-01-05 09:02:52
1641373373117022000,28.55,2,28.5,46,28.65,5,2,2022-01-05 09:02:53
1641373373209216000,28.5,1,28.5,45,28.65,17,2,2022-01-05 09:02:53
1641373373307022000,28.65,1,28.5,45,28.65,16,1,2022-01-05 09:02:53
1641373373428993000,28.5,2,28.5,43,28.65,16,2,2022-01-05 09:02:53
1641373374740563000,28.5,5,28.5,43,28.6,1,2,2022-01-05 09:02:54
1641373374833899000,28.6,1,28.5,43,28.65,8,1,2022-01-05 09:02:54
1641373374833899000,28.65,9,28.5,43,28.65,8,1,2022-01-05 09:02:54
1641373375002476000,28.55,2,28.55,3,28.65,8,2,2022-01-05 09:02:55
1641373375488576000,28.55,3,28.5,35,28.65,8,2,2022-01-05 09:02:55
1641373375488576000,28.5,9,28.5,35,28.65,8,2,2022-01-05 09:02:55
1641373375872769000,28.5,1,28.5,34,28.65,8,2,2022-01-05 09:02:55
1641373376361488000,28.5,10,28.5,28,28.55,2,2,2022-01-05 09:02:56
1641373376586903000,28.55,2,28.5,28,28.65,5,1,2022-01-05 09:02:56
1641373376586903000,28.65,3,28.5,28,28.65,5,1,2022-01-05 09:02:56
1641373376667230000,28.65,1,28.55,3,28.65,4,1,2022-01-05 09:02:56
1641373377067412000,28.55,2,28.55,2,28.65,4,2,2022-01-05 09:02:57
1641373377170963000,28.55,1,28.55,1,28.65,4,2,2022-01-05 09:02:57
1641373377437544000,28.55,1,28.5,21,28.65,4,2,2022-01-05 09:02:57
1641373377437544000,28.5,9,28.5,21,28.65,4,2,2022-01-05 09:02:57
1641373378339133000,28.5,28,28.45,4,28.5,22,2,2022-01-05 09:02:58
1641373378507439000,28.5,5,28.45,4,28.5,17,1,2022-01-05 09:02:58
1641373378559477000,28.5,3,28.45,4,28.5,14,1,2022-01-05 09:02:58
1641373379131874000,28.5,1,28.45,4,28.5,15,1,2022-01-05 09:02:59
1641373379447609000,28.45,4,28.45,2,28.5,15,2,2022-01-05 09:02:59
1641373379537481000,28.45,2,28.4,33,28.5,16,2,2022-01-05 09:02:59
1641373379598840000,28.45,1,28.4,33,28.45,3,1,2022-01-05 09:02:59
1641373379606778000,28.4,3,28.4,30,28.45,3,2,2022-01-05 09:02:59
1641373379690947000,28.45,1,28.4,30,28.45,2,1,2022-01-05 09:02:59
1641373380724510000,28.45,1,28.4,30,28.45,1,1,2022-01-05 09:03:00
1641373380739560000,28.4,10,28.4,20,28.45,1,2,2022-01-05 09:03:00
1641373381122398000,28.4,8,28.4,12,28.45,1,2,2022-01-05 09:03:01
1641373381412815000,28.45,1,28.4,12,28.5,16,1,2022-01-05 09:03:01
1641373381556295000,28.5,2,28.4,12,28.5,14,1,2022-01-05 09:03:01
1641373381613266000,28.5,2,28.4,12,28.5,12,1,2022-01-05 09:03:01
1641373381752573000,28.4,1,28.4,11,28.5,12,2,2022-01-05 09:03:01
1641373381760415000,28.4,1,28.4,10,28.5,12,2,2022-01-05 09:03:01
1641373381767552000,28.4,1,28.4,9,28.5,12,2,2022-01-05 09:03:01
1641373381919309000,28.5,1,28.4,9,28.5,13,1,2022-01-05 09:03:01
1641373382144368000,28.4,1,28.4,8,28.5,13,2,2022-01-05 09:03:02
1641373382658920000,28.5,4,28.4,8,28.5,9,1,2022-01-05 09:03:02
1641373382687485000,28.4,1,28.4,7,28.5,9,2,2022-01-05 09:03:02
1641373382843171000,28.4,1,28.4,6,28.5,9,2,2022-01-05 09:03:02
1641373383063965000,28.45,1,28.4,6,28.5,14,2,2022-01-05 09:03:03
1641373383205727000,28.4,1,28.4,5,28.5,14,2,2022-01-05 09:03:03
1641373384269798000,28.4,5,28.35,2,28.5,15,2,2022-01-05 09:03:04
1641373384978585000,28.4,1,28.35,2,28.5,15,2,2022-01-05 09:03:04
1641373384978585000,28.35,1,28.35,2,28.5,15,2,2022-01-05 09:03:04
1641373385587919000,28.4,1,28.35,2,28.4,2,2,2022-01-05 09:03:05
1641373386682788000,28.4,1,28.35,2,28.4,4,1,2022-01-05 09:03:06
1641373386854472000,28.35,1,28.35,2,28.4,4,2,2022-01-05 09:03:06
1641373386955993000,28.4,4,28.35,2,28.5,14,1,2022-01-05 09:03:06
1641373386955993000,28.5,6,28.35,2,28.5,14,1,2022-01-05 09:03:06
1641373387600365000,28.4,1,28.35,3,28.4,1,1,2022-01-05 09:03:07
1641373387689740000,28.4,1,28.35,3,28.5,14,1,2022-01-05 09:03:07
1641373387760935000,28.35,2,28.35,1,28.5,15,2,2022-01-05 09:03:07
1641373388046337000,28.45,1,28.45,9,28.5,15,2,2022-01-05 09:03:08
1641373388075537000,28.45,1,28.45,8,28.5,15,2,2022-01-05 09:03:08
1641373388439724000,28.45,1,28.45,7,28.5,15,2,2022-01-05 09:03:08
1641373389130153000,28.45,1,28.45,6,28.5,15,2,2022-01-05 09:03:09
1641373389253150000,28.45,4,28.45,2,28.5,15,2,2022-01-05 09:03:09
1641373389908240000,28.45,2,28.35,3,28.4,1,2,2022-01-05 09:03:09
1641373389976955000,28.35,3,28.3,7,28.4,1,2,2022-01-05 09:03:09
1641373389976955000,28.3,2,28.3,7,28.4,1,2,2022-01-05 09:03:09
1641373390097130000,28.3,7,28.25,1,28.4,4,2,2022-01-05 09:03:10
1641373390097130000,28.25,13,28.25,1,28.4,4,2,2022-01-05 09:03:10
1641373390287802000,28.4,1,28.35,1,28.4,3,1,2022-01-05 09:03:10
1641373391278557000,28.35,4,28.25,1,28.4,3,2,2022-01-05 09:03:11
1641373391291199000,28.25,1,28.2,78,28.4,3,2,2022-01-05 09:03:11
1641373392146799000,28.4,1,28.35,11,28.4,2,1,2022-01-05 09:03:12
1641373392925800000,28.4,1,28.35,11,28.4,1,1,2022-01-05 09:03:12
1641373392957976000,28.4,1,28.35,11,28.45,2,1,2022-01-05 09:03:12
1641373393019302000,28.45,2,28.35,11,28.5,9,1,2022-01-05 09:03:13
1641373393019302000,28.5,8,28.35,11,28.5,9,1,2022-01-05 09:03:13
1641373393695904000,28.35,1,28.35,13,28.5,9,2,2022-01-05 09:03:13
1641373394739000000,28.4,1,28.35,13,28.5,9,1,2022-01-05 09:03:14
1641373395424780000,28.4,1,28.35,12,28.5,10,2,2022-01-05 09:03:15
1641373395424780000,28.35,1,28.35,12,28.5,10,2,2022-01-05 09:03:15
1641373396178278000,28.45,2,28.35,12,28.5,10,2,2022-01-05 09:03:16
1641373396503317000,28.35,1,28.35,11,28.5,10,2,2022-01-05 09:03:16
1641373396722374000,28.35,2,28.35,9,28.5,10,2,2022-01-05 09:03:16
1641373397236185000,28.5,1,28.35,9,28.5,9,1,2022-01-05 09:03:17
1641373398024520000,28.35,1,28.35,8,28.5,12,2,2022-01-05 09:03:18
1641373398103151000,28.35,13,28.2,78,28.4,2,2,2022-01-05 09:03:18
1641373398103151000,28.3,8,28.2,78,28.4,2,2,2022-01-05 09:03:18
1641373398103151000,28.25,9,28.2,78,28.4,2,2,2022-01-05 09:03:18
1641373398115455000,28.4,2,28.2,78,28.5,12,1,2022-01-05 09:03:18
1641373398211323000,28.45,5,28.2,78,28.45,7,1,2022-01-05 09:03:18
1641373399382094000,28.3,2,28.25,5,28.45,8,2,2022-01-05 09:03:19
1641373401729458000,28.35,2,28.35,3,28.4,4,2,2022-01-05 09:03:21
1641373402249188000,28.35,1,28.35,2,28.4,4,2,2022-01-05 09:03:22
1641373402298223000,28.4,4,28.35,2,28.45,3,1,2022-01-05 09:03:22
1641373402298223000,28.45,1,28.35,2,28.45,3,1,2022-01-05 09:03:22
1641373404312221000,28.4,5,28.35,6,28.4,11,1,2022-01-05 09:03:24
1641373404325572000,28.4,10,28.35,6,28.4,1,1,2022-01-05 09:03:24
1641373404374874000,28.4,1,28.35,6,28.45,18,1,2022-01-05 09:03:24
1641373405636279000,28.4,1,28.35,7,28.45,18,2,2022-01-05 09:03:25
1641373405636279000,28.35,4,28.35,7,28.45,18,2,2022-01-05 09:03:25
1641373405709928000,28.45,10,28.35,7,28.45,8,1,2022-01-05 09:03:25
1641373406412132000,28.4,5,28.35,12,28.45,8,1,2022-01-05 09:03:26
1641373406678945000,28.45,5,28.35,12,28.45,3,1,2022-01-05 09:03:26
1641373406775675000,28.4,1,28.35,12,28.45,3,2,2022-01-05 09:03:26
1641373407491929000,28.4,7,28.35,33,28.45,3,1,2022-01-05 09:03:27
1641373407783373000,28.35,1,28.35,32,28.4,10,2,2022-01-05 09:03:27
1641373407957715000,28.4,1,28.35,32,28.4,15,1,2022-01-05 09:03:27
1641373408012099000,28.35,1,28.35,31,28.4,15,2,2022-01-05 09:03:28
1641373408167269000,28.4,1,28.35,31,28.4,14,1,2022-01-05 09:03:28
1641373408210636000,28.4,2,28.35,31,28.4,12,1,2022-01-05 09:03:28
1641373408294587000,28.4,1,28.35,31,28.4,11,1,2022-01-05 09:03:28
1641373408812558000,28.4,1,28.35,31,28.4,10,1,2022-01-05 09:03:28
1641373409731268000,28.4,8,28.35,34,28.4,2,1,2022-01-05 09:03:29
1641373409762682000,28.4,2,28.35,34,28.45,3,1,2022-01-05 09:03:29
1641373409950838000,28.45,3,28.5,6,28.6,11,1,2022-01-05 09:03:29
1641373409950838000,28.5,21,28.5,6,28.6,11,1,2022-01-05 09:03:29
1641373411120264000,28.5,1,28.5,5,28.6,11,2,2022-01-05 09:03:31
1641373411524618000,28.6,2,28.5,5,28.6,9,1,2022-01-05 09:03:31
1641373411700186000,28.6,1,28.5,5,28.6,8,1,2022-01-05 09:03:31
1641373413261287000,28.55,5,28.5,5,28.55,15,1,2022-01-05 09:03:33
1641373414063400000,28.5,2,28.5,3,28.55,18,2,2022-01-05 09:03:34
1641373414475031000,28.55,1,28.5,6,28.55,17,1,2022-01-05 09:03:34
1641373414952614000,28.55,5,28.5,6,28.55,12,1,2022-01-05 09:03:34
1641373416226036000,28.5,6,28.45,10,28.5,4,2,2022-01-05 09:03:36
1641373416382026000,28.5,1,28.45,10,28.5,3,1,2022-01-05 09:03:36
1641373416414815000,28.5,3,28.45,10,28.55,15,1,2022-01-05 09:03:36
1641373416726956000,28.55,1,28.45,10,28.55,14,1,2022-01-05 09:03:36
1641373417552026000,28.45,2,28.45,8,28.55,14,2,2022-01-05 09:03:37
1641373417835764000,28.45,1,28.45,7,28.5,2,2,2022-01-05 09:03:37
1641373418433652000,28.45,1,28.45,6,28.5,8,2,2022-01-05 09:03:38
1641373418704749000,28.5,5,28.45,6,28.5,3,1,2022-01-05 09:03:38
1641373418983810000,28.5,1,28.45,6,28.5,2,1,2022-01-05 09:03:38
1641373419504447000,28.5,1,28.45,6,28.5,1,1,2022-01-05 09:03:39
1641373419717348000,28.45,3,28.45,4,28.5,1,2,2022-01-05 09:03:39
1641373419965255000,28.5,1,28.45,4,28.55,10,1,2022-01-05 09:03:39
1641373419965255000,28.55,4,28.45,4,28.55,10,1,2022-01-05 09:03:39
1641373420613684000,28.55,1,28.45,4,28.55,9,1,2022-01-05 09:03:40
1641373420767187000,28.55,1,28.5,5,28.55,8,1,2022-01-05 09:03:40
1641373421128628000,28.5,5,28.45,5,28.5,5,2,2022-01-05 09:03:41
1641373422215523000,28.45,3,28.45,7,28.5,5,2,2022-01-05 09:03:42
1641373423041279000,28.5,1,28.45,7,28.5,4,1,2022-01-05 09:03:43
1641373423655894000,28.5,1,28.45,8,28.5,3,1,2022-01-05 09:03:43
1641373424090937000,28.5,1,28.45,9,28.5,2,1,2022-01-05 09:03:44
1641373424149513000,28.5,1,28.45,9,28.5,4,1,2022-01-05 09:03:44
1641373424355646000,28.45,5,28.45,5,28.5,4,2,2022-01-05 09:03:44
1641373426003210000,28.5,1,28.45,13,28.5,14,1,2022-01-05 09:03:46
1641373426135293000,28.5,5,28.45,13,28.5,9,1,2022-01-05 09:03:46
1641373426912520000,28.45,2,28.45,13,28.5,9,2,2022-01-05 09:03:46
1641373428108186000,28.5,1,28.45,14,28.5,8,1,2022-01-05 09:03:48
1641373428548977000,28.5,1,28.45,17,28.5,7,1,2022-01-05 09:03:48
1641373428918294000,28.5,1,28.45,17,28.5,6,1,2022-01-05 09:03:48
1641373428935906000,28.45,1,28.45,16,28.5,6,2,2022-01-05 09:03:48
1641373428942542000,28.5,6,28.45,16,28.55,34,1,2022-01-05 09:03:48
1641373429195211000,28.55,2,28.5,1,28.55,32,1,2022-01-05 09:03:49
1641373430390026000,28.55,3,28.5,1,28.55,29,1,2022-01-05 09:03:50
1641373432718603000,28.55,1,28.5,3,28.55,28,1,2022-01-05 09:03:52
1641373432893962000,28.5,1,28.5,2,28.55,28,2,2022-01-05 09:03:52
1641373433435597000,28.55,1,28.5,4,28.55,40,1,2022-01-05 09:03:53
1641373433646992000,28.55,1,28.5,4,28.55,39,1,2022-01-05 09:03:53
1641373434103780000,28.55,10,28.5,4,28.55,29,1,2022-01-05 09:03:54
1641373435005055000,28.55,1,28.5,6,28.55,28,1,2022-01-05 09:03:55
1641373435013986000,28.5,1,28.5,5,28.55,28,2,2022-01-05 09:03:55
1641373435048036000,28.5,2,28.5,4,28.55,28,2,2022-01-05 09:03:55
1641373436284203000,28.55,29,28.5,12,28.6,36,1,2022-01-05 09:03:56
1641373436745783000,28.5,12,28.45,23,28.5,8,2,2022-01-05 09:03:56
1641373437800838000,28.5,1,28.45,23,28.5,7,1,2022-01-05 09:03:57
1641373439152937000,28.5,4,28.45,23,28.5,5,1,2022-01-05 09:03:59
1641373439169008000,28.5,2,28.45,23,28.5,3,1,2022-01-05 09:03:59
1641373439490463000,28.5,1,28.45,24,28.5,2,1,2022-01-05 09:03:59
1641373439571562000,28.5,1,28.45,24,28.5,1,1,2022-01-05 09:03:59
1641373439747447000,28.5,1,28.45,24,28.6,35,1,2022-01-05 09:03:59
1641373440288970000,28.6,1,28.45,25,28.6,34,1,2022-01-05 09:04:00
1641373440474582000,28.6,3,28.5,1,28.6,31,1,2022-01-05 09:04:00
1641373441649563000,28.5,1,28.5,1,28.55,3,2,2022-01-05 09:04:01
1641373442106847000,28.55,3,28.5,1,28.6,29,1,2022-01-05 09:04:02
1641373442106847000,28.6,2,28.5,1,28.6,29,1,2022-01-05 09:04:02
1641373442512234000,28.55,2,28.5,2,28.6,29,1,2022-01-05 09:04:02
1641373445734572000,28.5,2,28.5,8,28.55,4,2,2022-01-05 09:04:05
1641373446257684000,28.55,1,28.5,10,28.55,3,1,2022-01-05 09:04:06
1641373447732106000,28.55,5,28.5,15,28.6,30,1,2022-01-05 09:04:07
1641373448068386000,28.5,2,28.5,13,28.6,30,2,2022-01-05 09:04:08
1641373449700137000,28.55,1,28.5,16,28.6,31,2,2022-01-05 09:04:09
1641373453177983000,28.5,2,28.5,27,28.55,10,2,2022-01-05 09:04:13
1641373454178350000,28.5,10,28.5,17,28.55,10,2,2022-01-05 09:04:14
1641373455749992000,28.55,1,28.5,18,28.55,9,1,2022-01-05 09:04:15
1641373455834107000,28.55,1,28.5,18,28.55,8,1,2022-01-05 09:04:15
1641373456796290000,28.55,1,28.5,20,28.55,7,1,2022-01-05 09:04:16
1641373457746947000,28.5,20,28.45,32,28.55,7,2,2022-01-05 09:04:17
1641373458516619000,28.5,1,28.5,4,28.55,9,2,2022-01-05 09:04:18
1641373460043839000,28.55,2,28.5,5,28.55,10,1,2022-01-05 09:04:20
1641373460064304000,28.55,1,28.5,5,28.55,9,1,2022-01-05 09:04:20
1641373461030034000,28.55,2,28.5,7,28.55,7,1,2022-01-05 09:04:21
1641373461682602000,28.55,1,28.5,7,28.55,6,1,2022-01-05 09:04:21
1641373462629370000,28.55,1,28.5,10,28.55,7,1,2022-01-05 09:04:22
1641373463600394000,28.55,1,28.5,13,28.55,11,1,2022-01-05 09:04:23
1641373463765785000,28.5,9,28.5,4,28.55,11,2,2022-01-05 09:04:23
1641373464588390000,28.55,1,28.5,16,28.55,10,1,2022-01-05 09:04:24
1641373464651385000,28.5,2,28.5,14,28.55,10,2,2022-01-05 09:04:24
1641373466233190000,28.55,1,28.5,14,28.55,10,1,2022-01-05 09:04:26
1641373467050110000,28.5,5,28.5,60,28.55,11,2,2022-01-05 09:04:27
1641373467139832000,28.5,2,28.5,58,28.55,11,2,2022-01-05 09:04:27
1641373467575395000,28.5,1,28.5,57,28.55,11,2,2022-01-05 09:04:27
1641373468997418000,28.5,1,28.5,58,28.55,12,2,2022-01-05 09:04:28
1641373469109521000,28.55,12,28.55,8,28.6,31,1,2022-01-05 09:04:29
1641373470304804000,28.55,2,28.55,6,28.6,31,2,2022-01-05 09:04:30
1641373472979362000,28.55,6,28.5,58,28.6,30,2,2022-01-05 09:04:32
1641373472979362000,28.5,4,28.5,58,28.6,30,2,2022-01-05 09:04:32
1641373477660497000,28.6,1,28.55,3,28.6,29,1,2022-01-05 09:04:37
1641373478464926000,28.55,2,28.55,1,28.6,29,2,2022-01-05 09:04:38
1641373480983194000,28.55,1,28.5,63,28.6,29,2,2022-01-05 09:04:40
1641373481341778000,28.55,1,28.55,3,28.6,28,2,2022-01-05 09:04:41
1641373482139505000,28.55,2,28.55,1,28.6,29,2,2022-01-05 09:04:42
1641373483468548000,28.55,1,28.55,2,28.6,29,2,2022-01-05 09:04:43
1641373484201319000,28.6,30,28.55,3,28.65,3,1,2022-01-05 09:04:44
1641373484221835000,28.55,1,28.55,2,28.65,3,2,2022-01-05 09:04:44
1641373485880805000,28.55,1,28.55,29,28.65,3,2,2022-01-05 09:04:45
1641373486527897000,28.55,1,28.55,29,28.65,3,2,2022-01-05 09:04:46
1641373487770706000,28.6,1,28.55,21,28.65,3,2,2022-01-05 09:04:47
1641373487770706000,28.55,9,28.55,21,28.65,3,2,2022-01-05 09:04:47
1641373491302488000,28.55,10,28.55,30,28.65,3,2,2022-01-05 09:04:51
1641373491509370000,28.55,2,28.55,28,28.65,3,2,2022-01-05 09:04:51
1641373493332241000,28.55,2,28.55,26,28.65,5,2,2022-01-05 09:04:53
1641373494244119000,28.65,1,28.55,28,28.65,4,1,2022-01-05 09:04:54
1641373494398446000,28.65,2,28.55,28,28.65,2,1,2022-01-05 09:04:54
1641373494548439000,28.65,2,28.55,29,28.7,12,1,2022-01-05 09:04:54
1641373494548439000,28.7,1,28.55,29,28.7,12,1,2022-01-05 09:04:54
1641373496888806000,28.6,1,28.55,34,28.6,19,2,2022-01-05 09:04:56
1641373498824780000,28.6,5,28.55,34,28.6,14,1,2022-01-05 09:04:58
1641373499813016000,28.6,1,28.55,34,28.6,13,1,2022-01-05 09:04:59
1641373499902695000,28.55,1,28.55,33,28.6,13,2,2022-01-05 09:04:59
1641373500083720000,28.55,10,28.55,23,28.6,13,2,2022-01-05 09:05:00
1641373500388778000,28.6,2,28.55,21,28.6,11,1,2022-01-05 09:05:00
1641373500435533000,28.55,10,28.55,11,28.6,11,2,2022-01-05 09:05:00
1641373500441670000,28.55,11,28.5,78,28.6,11,2,2022-01-05 09:05:00
1641373500441670000,28.5,11,28.5,78,28.6,11,2,2022-01-05 09:05:00
1641373500442044000,28.5,10,28.5,68,28.6,11,2,2022-01-05 09:05:00
1641373500491841000,28.5,10,28.5,58,28.6,11,2,2022-01-05 09:05:00
1641373500508517000,28.6,1,28.5,58,28.6,10,1,2022-01-05 09:05:00
1641373500955068000,28.55,1,28.5,58,28.6,10,2,2022-01-05 09:05:00
1641373501502491000,28.55,1,28.5,60,28.6,10,1,2022-01-05 09:05:01
1641373502593158000,28.6,1,28.55,1,28.6,9,1,2022-01-05 09:05:02
1641373503717963000,28.6,2,28.55,1,28.6,8,1,2022-01-05 09:05:03
1641373504352373000,28.55,1,28.5,52,28.6,8,2,2022-01-05 09:05:04
1641373504352373000,28.5,9,28.5,52,28.6,8,2,2022-01-05 09:05:04
1641373506705323000,28.6,8,28.55,8,28.7,25,1,2022-01-05 09:05:06
1641373506705323000,28.7,12,28.55,8,28.7,25,1,2022-01-05 09:05:06
1641373508140636000,28.6,1,28.55,12,28.6,1,1,2022-01-05 09:05:08
1641373508166464000,28.6,1,28.55,12,28.7,25,1,2022-01-05 09:05:08
1641373509095718000,28.6,1,28.6,1,28.7,25,2,2022-01-05 09:05:09
1641373509890826000,28.6,2,28.6,12,28.7,25,2,2022-01-05 09:05:09
1641373510852296000,28.6,3,28.6,9,28.7,25,2,2022-01-05 09:05:10
1641373511858887000,28.7,20,28.6,19,28.7,5,1,2022-01-05 09:05:11
1641373511905249000,28.7,5,28.6,19,28.75,34,1,2022-01-05 09:05:11
1641373512143438000,28.65,1,28.65,1,28.75,34,2,2022-01-05 09:05:12
1641373512763348000,28.65,2,28.65,4,28.75,34,2,2022-01-05 09:05:12
1641373513043901000,28.65,1,28.65,13,28.75,34,2,2022-01-05 09:05:13
1641373513102635000,28.65,13,28.6,11,28.75,34,2,2022-01-05 09:05:13
1641373513102635000,28.6,9,28.6,11,28.75,34,2,2022-01-05 09:05:13
1641373513321562000,28.75,5,28.6,11,28.75,29,1,2022-01-05 09:05:13
1641373515374402000,28.7,1,28.6,5,28.75,24,1,2022-01-05 09:05:15
1641373515374402000,28.75,6,28.6,5,28.75,24,1,2022-01-05 09:05:15
1641373518652158000,28.6,6,28.55,14,28.7,10,2,2022-01-05 09:05:18
1641373518652158000,28.55,4,28.55,14,28.7,10,2,2022-01-05 09:05:18
1641373518739054000,28.7,2,28.55,14,28.7,8,1,2022-01-05 09:05:18
1641373519253436000,28.7,1,28.55,16,28.7,7,1,2022-01-05 09:05:19
1641373519509873000,28.65,1,28.55,16,28.7,7,2,2022-01-05 09:05:19
1641373519985492000,28.6,1,28.6,9,28.7,7,2,2022-01-05 09:05:19
1641373520455464000,28.65,1,28.6,9,28.65,9,2,2022-01-05 09:05:20
1641373520827058000,28.65,1,28.6,9,28.65,8,1,2022-01-05 09:05:20
1641373522426791000,28.65,1,28.6,9,28.65,7,1,2022-01-05 09:05:22
1641373522553800000,28.65,1,28.6,9,28.65,6,1,2022-01-05 09:05:22
1641373523017574000,28.65,1,28.6,9,28.65,5,1,2022-01-05 09:05:23
1641373524232677000,28.65,3,28.6,9,28.65,2,1,2022-01-05 09:05:24
1641373524991586000,28.65,2,28.6,9,28.65,16,1,2022-01-05 09:05:24
1641373524994266000,28.65,10,28.6,9,28.65,6,1,2022-01-05 09:05:24
1641373527480826000,28.65,2,28.6,20,28.65,4,1,2022-01-05 09:05:27
1641373527790617000,28.65,4,28.65,2,28.7,7,1,2022-01-05 09:05:27
1641373528233067000,28.7,1,28.65,3,28.7,7,1,2022-01-05 09:05:28
1641373529090505000,28.7,7,28.65,24,28.75,24,1,2022-01-05 09:05:29
1641373529990166000,28.7,1,28.65,32,28.75,24,1,2022-01-05 09:05:29
1641373530368440000,28.75,2,28.65,32,28.75,22,1,2022-01-05 09:05:30
1641373530606817000,28.65,1,28.65,31,28.75,22,2,2022-01-05 09:05:30
1641373531423886000,28.7,5,28.7,10,28.75,23,2,2022-01-05 09:05:31
1641373531481655000,28.7,10,28.65,33,28.75,23,2,2022-01-05 09:05:31
1641373532573747000,28.7,1,28.7,1,28.75,6,1,2022-01-05 09:05:32
1641373532652917000,28.7,1,28.65,27,28.7,4,2,2022-01-05 09:05:32
1641373534197071000,28.7,1,28.65,29,28.7,3,1,2022-01-05 09:05:34
1641373534215392000,28.7,1,28.65,29,28.7,2,1,2022-01-05 09:05:34
1641373534868419000,28.7,2,28.65,29,28.75,19,1,2022-01-05 09:05:34
1641373534868419000,28.75,1,28.65,29,28.75,19,1,2022-01-05 09:05:34
1641373536117717000,28.75,1,28.7,7,28.75,18,1,2022-01-05 09:05:36
1641373536457172000,28.75,2,28.7,7,28.75,16,1,2022-01-05 09:05:36
1641373536626707000,28.75,10,28.7,17,28.75,6,1,2022-01-05 09:05:36
1641373536667514000,28.75,1,28.7,17,28.75,5,1,2022-01-05 09:05:36
1641373537403895000,28.7,1,28.7,18,28.75,1,2,2022-01-05 09:05:37
1641373537687011000,28.75,1,28.7,38,28.8,98,1,2022-01-05 09:05:37
1641373538949124000,28.75,4,28.7,38,28.75,16,1,2022-01-05 09:05:38
1641373539306307000,28.75,1,28.7,38,28.75,15,1,2022-01-05 09:05:39
1641373539947058000,28.75,1,28.7,40,28.75,14,1,2022-01-05 09:05:39
1641373540189497000,28.75,3,28.7,40,28.75,11,1,2022-01-05 09:05:40
1641373540912267000,28.75,2,28.7,40,28.75,9,1,2022-01-05 09:05:40
1641373542101602000,28.75,2,28.7,50,28.75,9,1,2022-01-05 09:05:42
1641373542125129000,28.75,3,28.7,50,28.75,6,1,2022-01-05 09:05:42
1641373542436873000,28.7,1,28.7,49,28.75,7,2,2022-01-05 09:05:42
1641373542866768000,28.75,7,28.75,1,28.8,100,1,2022-01-05 09:05:42
1641373543218454000,28.75,2,28.7,50,28.8,100,2,2022-01-05 09:05:43
1641373543512748000,28.75,1,28.75,9,28.8,100,2,2022-01-05 09:05:43
1641373543577838000,28.75,1,28.75,8,28.8,100,2,2022-01-05 09:05:43
1641373543636089000,28.8,1,28.75,8,28.8,99,1,2022-01-05 09:05:43
1641373543690598000,28.8,10,28.75,18,28.8,89,1,2022-01-05 09:05:43
1641373543795118000,28.8,1,28.75,18,28.8,88,1,2022-01-05 09:05:43
1641373543940331000,28.75,1,28.75,17,28.8,88,2,2022-01-05 09:05:43
1641373544001536000,28.75,17,28.7,56,28.8,88,2,2022-01-05 09:05:44
1641373544001536000,28.7,4,28.7,56,28.8,88,2,2022-01-05 09:05:44
1641373544153626000,28.8,1,28.7,56,28.8,87,1,2022-01-05 09:05:44
1641373544555136000,28.8,1,28.75,2,28.8,86,1,2022-01-05 09:05:44
1641373544998896000,28.8,1,28.75,3,28.8,85,1,2022-01-05 09:05:44
1641373545035342000,28.8,2,28.75,3,28.8,83,1,2022-01-05 09:05:45
1641373545115240000,28.8,1,28.75,3,28.8,82,1,2022-01-05 09:05:45
1641373545171049000,28.8,1,28.75,3,28.8,81,1,2022-01-05 09:05:45
1641373545470372000,28.8,2,28.75,3,28.8,79,1,2022-01-05 09:05:45
1641373545665525000,28.8,9,28.75,3,28.8,75,1,2022-01-05 09:05:45
1641373545943703000,28.75,1,28.75,2,28.8,75,2,2022-01-05 09:05:45
1641373546241850000,28.8,2,28.75,3,28.8,73,1,2022-01-05 09:05:46
1641373546399600000,28.8,15,28.75,3,28.8,58,1,2022-01-05 09:05:46
1641373546661040000,28.8,2,28.75,3,28.8,56,1,2022-01-05 09:05:46
1641373546829573000,28.75,2,28.75,2,28.8,56,2,2022-01-05 09:05:46
1641373546904091000,28.75,1,28.75,1,28.8,56,2,2022-01-05 09:05:46
1641373547079591000,28.8,5,28.75,1,28.8,51,1,2022-01-05 09:05:47
1641373547702309000,28.75,1,28.7,57,28.8,51,2,2022-01-05 09:05:47
1641373547702309000,28.7,1,28.7,57,28.8,51,2,2022-01-05 09:05:47
1641373547758271000,28.8,1,28.75,1,28.8,50,1,2022-01-05 09:05:47
1641373547874348000,28.8,2,28.75,1,28.8,48,1,2022-01-05 09:05:47
1641373548645800000,28.8,4,28.75,2,28.8,43,1,2022-01-05 09:05:48
1641373548928532000,28.8,5,28.75,3,28.8,38,1,2022-01-05 09:05:48
1641373549019005000,28.8,1,28.75,3,28.8,37,1,2022-01-05 09:05:49
1641373549311664000,28.8,2,28.75,3,28.8,35,1,2022-01-05 09:05:49
1641373549554194000,28.8,8,28.75,4,28.8,28,1,2022-01-05 09:05:49
1641373549695635000,28.8,1,28.75,4,28.8,27,1,2022-01-05 09:05:49
1641373549747603000,28.8,1,28.75,4,28.8,26,1,2022-01-05 09:05:49
1641373549864486000,28.8,26,29.0,5,29.05,20,1,2022-01-05 09:05:49
1641373549864486000,28.85,6,29.0,5,29.05,20,1,2022-01-05 09:05:49
1641373549864486000,28.9,26,29.0,5,29.05,20,1,2022-01-05 09:05:49
1641373549864486000,28.95,38,29.0,5,29.05,20,1,2022-01-05 09:05:49
1641373549864486000,29.0,99,29.0,5,29.05,20,1,2022-01-05 09:05:49
1641373549894660000,29.0,5,28.75,4,29.05,20,2,2022-01-05 09:05:49
1641373550033833000,29.05,1,28.75,4,29.05,19,1,2022-01-05 09:05:50
1641373550114797000,29.05,1,28.75,10,29.05,18,1,2022-01-05 09:05:50
1641373550166578000,29.05,1,28.8,10,29.05,17,1,2022-01-05 09:05:50
1641373550224215000,29.05,4,28.8,10,29.05,13,1,2022-01-05 09:05:50
1641373550360417000,29.05,10,28.8,10,29.05,3,1,2022-01-05 09:05:50
1641373550372517000,29.05,3,28.8,10,29.1,39,1,2022-01-05 09:05:50
1641373550372517000,29.1,17,28.8,10,29.1,39,1,2022-01-05 09:05:50
1641373550375121000,29.1,8,28.8,10,29.1,31,1,2022-01-05 09:05:50
1641373550376181000,29.1,7,28.8,10,29.1,24,1,2022-01-05 09:05:50
1641373550378763000,29.1,22,28.8,10,29.1,2,1,2022-01-05 09:05:50
1641373550474231000,29.1,1,28.85,9,29.1,1,1,2022-01-05 09:05:50
1641373550490900000,29.1,1,28.85,9,29.15,29,1,2022-01-05 09:05:50
1641373550498565000,28.85,3,28.85,6,29.15,29,2,2022-01-05 09:05:50
1641373550622630000,29.1,1,29.05,2,29.1,2,1,2022-01-05 09:05:50
1641373550629555000,29.05,2,28.85,6,29.1,2,2,2022-01-05 09:05:50
1641373550755278000,28.9,2,28.8,14,29.1,2,2,2022-01-05 09:05:50
1641373550755278000,28.85,6,28.8,14,29.1,2,2,2022-01-05 09:05:50
1641373550755278000,28.8,2,28.8,14,29.1,2,2,2022-01-05 09:05:50
1641373551060307000,29.05,9,28.85,2,29.15,10,1,2022-01-05 09:05:51
1641373551060307000,29.1,2,28.85,2,29.15,10,1,2022-01-05 09:05:51
1641373551060307000,29.15,19,28.85,2,29.15,10,1,2022-01-05 09:05:51
1641373551106661000,29.15,10,28.9,3,29.2,224,1,2022-01-05 09:05:51
1641373551106661000,29.2,3,28.9,3,29.2,224,1,2022-01-05 09:05:51
1641373551152139000,29.2,2,28.9,3,29.2,222,1,2022-01-05 09:05:51
1641373551157272000,29.2,1,28.9,3,29.2,221,1,2022-01-05 09:05:51
1641373551164136000,29.2,1,28.9,3,29.2,220,1,2022-01-05 09:05:51
1641373551187175000,29.2,3,28.9,3,29.2,217,1,2022-01-05 09:05:51
1641373551214445000,29.2,4,28.9,3,29.2,213,1,2022-01-05 09:05:51
1641373551234977000,29.2,35,28.9,3,29.2,178,1,2022-01-05 09:05:51
1641373551236716000,29.2,35,28.9,3,29.2,143,1,2022-01-05 09:05:51
1641373551237273000,29.2,8,28.9,3,29.2,135,1,2022-01-05 09:05:51
1641373551241420000,29.2,4,28.9,3,29.2,131,1,2022-01-05 09:05:51
1641373551248393000,29.2,30,28.9,3,29.2,101,1,2022-01-05 09:05:51
1641373551350445000,29.15,2,28.9,5,29.2,98,1,2022-01-05 09:05:51
1641373551350445000,29.2,3,28.9,5,29.2,98,1,2022-01-05 09:05:51
1641373551509878000,29.2,1,28.95,8,29.2,99,1,2022-01-05 09:05:51
1641373551688703000,29.2,10,28.95,9,29.2,89,1,2022-01-05 09:05:51
1641373551750525000,29.2,6,28.95,9,29.2,83,1,2022-01-05 09:05:51
1641373552007496000,29.2,10,29.0,20,29.2,71,1,2022-01-05 09:05:52
1641373552271304000,29.1,1,29.05,2,29.2,70,1,2022-01-05 09:05:52
1641373552271304000,29.2,1,29.05,2,29.2,70,1,2022-01-05 09:05:52
1641373552303837000,29.05,1,29.05,7,29.2,70,2,2022-01-05 09:05:52
1641373552567716000,29.05,1,29.05,6,29.2,70,2,2022-01-05 09:05:52
1641373553043734000,29.1,3,29.05,6,29.2,70,2,2022-01-05 09:05:53
1641373553056487000,29.2,10,29.05,6,29.2,60,1,2022-01-05 09:05:53
1641373553223041000,29.05,1,29.05,5,29.2,60,2,2022-01-05 09:05:53
1641373553621705000,29.15,1,29.05,9,29.2,60,1,2022-01-05 09:05:53
1641373553817193000,29.05,5,29.05,6,29.2,61,2,2022-01-05 09:05:53
1641373554354445000,29.15,5,29.1,3,29.2,56,1,2022-01-05 09:05:54
1641373554354445000,29.2,5,29.1,3,29.2,56,1,2022-01-05 09:05:54
1641373554382781000,29.2,20,29.1,3,29.2,36,1,2022-01-05 09:05:54
1641373554654790000,29.15,3,29.05,7,29.2,38,2,2022-01-05 09:05:54
1641373555321775000,29.05,1,29.05,2,29.15,14,2,2022-01-05 09:05:55
1641373555507145000,29.15,1,29.0,20,29.15,13,1,2022-01-05 09:05:55
1641373555883101000,28.95,1,28.95,2,29.15,15,2,2022-01-05 09:05:55
1641373555895029000,28.95,1,28.95,1,29.15,15,2,2022-01-05 09:05:55
1641373556208274000,28.95,1,28.85,6,29.1,4,2,2022-01-05 09:05:56
1641373556208274000,28.9,2,28.85,6,29.1,4,2,2022-01-05 09:05:56
1641373556208274000,28.85,2,28.85,6,29.1,4,2,2022-01-05 09:05:56
1641373556348240000,29.05,1,28.85,11,29.1,3,1,2022-01-05 09:05:56
1641373556348240000,29.1,1,28.85,11,29.1,3,1,2022-01-05 09:05:56
1641373556461655000,28.9,7,28.85,8,29.1,3,2,2022-01-05 09:05:56
1641373556461655000,28.85,3,28.85,8,29.1,3,2,2022-01-05 09:05:56
1641373556517320000,29.05,1,28.85,8,29.05,5,1,2022-01-05 09:05:56
1641373557216629000,29.05,1,28.85,10,29.05,4,1,2022-01-05 09:05:57
1641373557349525000,29.05,1,28.85,10,29.05,3,1,2022-01-05 09:05:57
1641373557384162000,29.05,1,28.85,10,29.05,2,1,2022-01-05 09:05:57
1641373557809576000,29.05,2,28.85,10,29.05,4,1,2022-01-05 09:05:57
1641373558035188000,28.85,5,28.85,5,29.05,4,2,2022-01-05 09:05:58
1641373558107940000,28.85,3,28.85,2,29.05,4,2,2022-01-05 09:05:58
1641373558386158000,29.05,1,28.8,23,29.05,5,1,2022-01-05 09:05:58
1641373558461949000,29.05,5,28.85,6,29.15,82,1,2022-01-05 09:05:58
1641373558461949000,29.1,3,28.85,6,29.15,82,1,2022-01-05 09:05:58
1641373558461949000,29.15,2,28.85,6,29.15,82,1,2022-01-05 09:05:58
1641373558570947000,29.15,1,28.9,1,29.15,81,1,2022-01-05 09:05:58
1641373558693291000,29.15,2,28.95,1,29.15,79,1,2022-01-05 09:05:58
1641373558813139000,29.05,3,28.95,1,29.05,1,1,2022-01-05 09:05:58
1641373558895433000,29.05,1,28.95,1,29.1,2,1,2022-01-05 09:05:58
1641373559162309000,29.05,1,28.95,1,29.1,5,2,2022-01-05 09:05:59
1641373559233397000,28.95,1,28.85,1,29.1,5,2,2022-01-05 09:05:59
1641373559233397000,28.9,3,28.85,1,29.1,5,2,2022-01-05 09:05:59
1641373559233397000,28.85,6,28.85,1,29.1,5,2,2022-01-05 09:05:59
1641373559897148000,29.05,5,28.85,5,29.05,4,1,2022-01-05 09:05:59
1641373560761550000,29.05,1,28.85,15,29.05,1,1,2022-01-05 09:06:00
1641373561528456000,29.05,1,28.9,2,29.05,1,1,2022-01-05 09:06:01
1641373562479471000,28.9,3,28.9,11,29.05,3,2,2022-01-05 09:06:02
1641373562719389000,29.0,1,28.9,9,29.05,2,1,2022-01-05 09:06:02
1641373562719389000,29.05,2,28.9,9,29.05,2,1,2022-01-05 09:06:02
1641373563628033000,28.9,3,28.9,6,29.05,3,2,2022-01-05 09:06:03
1641373563832456000,29.0,1,28.95,4,29.0,2,1,2022-01-05 09:06:03
1641373564161439000,29.0,2,28.95,4,29.05,8,1,2022-01-05 09:06:04
1641373564161439000,29.05,2,28.95,4,29.05,8,1,2022-01-05 09:06:04
1641373564358261000,29.05,5,28.95,4,29.05,3,1,2022-01-05 09:06:04
1641373564668468000,29.05,1,28.9,10,29.05,5,1,2022-01-05 09:06:04
1641373565265350000,29.05,10,29.05,20,29.1,9,1,2022-01-05 09:06:05
1641373565288032000,29.05,5,29.05,15,29.1,9,2,2022-01-05 09:06:05
1641373565288250000,29.05,15,28.9,4,29.1,9,2,2022-01-05 09:06:05
1641373565370382000,29.05,5,28.9,4,29.05,4,1,2022-01-05 09:06:05
1641373566050322000,29.05,1,28.95,4,29.05,8,1,2022-01-05 09:06:06
1641373566701837000,28.9,3,28.9,1,29.05,19,2,2022-01-05 09:06:06
1641373566736657000,28.9,1,28.85,24,29.05,19,2,2022-01-05 09:06:06
1641373566790506000,28.95,4,28.85,24,29.05,19,2,2022-01-05 09:06:06
1641373566906194000,29.05,1,28.85,24,29.05,18,1,2022-01-05 09:06:06
1641373566932819000,29.05,2,28.85,24,29.05,16,1,2022-01-05 09:06:06
1641373567098297000,29.0,1,28.85,24,29.0,1,1,2022-01-05 09:06:07
1641373567458116000,29.05,2,28.95,5,29.05,14,1,2022-01-05 09:06:07
1641373567547426000,29.05,3,28.95,5,29.05,12,1,2022-01-05 09:06:07
1641373567577972000,29.05,5,28.95,5,29.05,7,1,2022-01-05 09:06:07
1641373568168350000,29.05,1,28.95,5,29.05,16,1,2022-01-05 09:06:08
1641373569042640000,29.0,1,28.95,5,29.05,17,2,2022-01-05 09:06:09
1641373569160477000,29.05,1,28.95,5,29.05,16,1,2022-01-05 09:06:09
1641373569324000000,29.05,3,28.95,5,29.05,13,1,2022-01-05 09:06:09
1641373570263339000,29.0,2,28.95,5,29.05,5,1,2022-01-05 09:06:10
1641373570263339000,29.05,8,28.95,5,29.05,5,1,2022-01-05 09:06:10
1641373570676265000,29.05,1,28.95,5,29.05,10,1,2022-01-05 09:06:10
1641373570749924000,29.05,5,28.95,5,29.05,5,1,2022-01-05 09:06:10
1641373571463610000,29.0,1,28.95,5,29.0,2,1,2022-01-05 09:06:11
1641373571927294000,29.0,1,28.95,5,29.0,1,1,2022-01-05 09:06:11
1641373572101710000,29.0,1,28.95,5,29.05,17,1,2022-01-05 09:06:12
1641373572101710000,29.05,3,28.95,5,29.05,17,1,2022-01-05 09:06:12
1641373572375464000,29.05,2,28.95,5,29.05,15,1,2022-01-05 09:06:12
1641373572702752000,29.0,1,28.95,5,29.05,15,2,2022-01-05 09:06:12
1641373572926630000,29.05,1,28.95,5,29.05,16,1,2022-01-05 09:06:12
1641373573099217000,29.05,1,28.95,5,29.05,15,1,2022-01-05 09:06:13
1641373573237436000,28.95,6,28.85,25,29.0,2,2,2022-01-05 09:06:13
1641373573237436000,28.9,4,28.85,25,29.0,2,2,2022-01-05 09:06:13
1641373573448811000,29.0,2,29.0,18,29.05,13,1,2022-01-05 09:06:13
1641373573471799000,29.0,18,28.9,2,29.05,13,2,2022-01-05 09:06:13
1641373573831324000,29.0,1,28.9,2,29.05,18,2,2022-01-05 09:06:13
1641373574581789000,29.0,5,28.9,2,29.05,14,1,2022-01-05 09:06:14
1641373574581789000,29.05,5,28.9,2,29.05,14,1,2022-01-05 09:06:14
1641373575155448000,28.9,1,28.9,1,29.0,20,2,2022-01-05 09:06:15
1641373575229196000,28.9,1,28.85,16,29.0,20,2,2022-01-05 09:06:15
1641373575229196000,28.85,9,28.85,16,29.0,20,2,2022-01-05 09:06:15
1641373575413501000,29.0,1,28.85,16,29.0,19,1,2022-01-05 09:06:15
1641373575848864000,28.95,1,28.85,16,29.0,19,1,2022-01-05 09:06:15
1641373575875047000,29.0,10,28.95,10,29.0,9,1,2022-01-05 09:06:15
1641373575943403000,29.0,1,28.95,10,29.0,13,1,2022-01-05 09:06:15
1641373576328636000,29.0,2,28.95,10,29.0,11,1,2022-01-05 09:06:16
1641373576352537000,28.95,10,28.85,16,29.0,11,2,2022-01-05 09:06:16
1641373576681839000,28.9,1,28.85,16,29.0,13,1,2022-01-05 09:06:16
1641373576961283000,28.95,2,28.85,16,29.0,13,1,2022-01-05 09:06:16
1641373577379880000,28.95,3,28.9,1,28.95,9,1,2022-01-05 09:06:17
1641373577924951000,28.95,1,28.9,1,28.95,8,1,2022-01-05 09:06:17
1641373578051462000,28.95,1,28.9,1,28.95,7,1,2022-01-05 09:06:18
1641373578541070000,28.95,2,28.9,1,28.95,5,1,2022-01-05 09:06:18
1641373579185511000,28.95,2,28.9,1,28.95,3,1,2022-01-05 09:06:19
1641373579350446000,28.95,1,28.9,1,28.95,2,1,2022-01-05 09:06:19
1641373579414716000,28.95,2,28.9,1,29.0,35,1,2022-01-05 09:06:19
1641373579880140000,28.95,2,28.9,1,28.95,1,1,2022-01-05 09:06:19
1641373580425244000,28.9,1,28.85,16,28.95,2,2,2022-01-05 09:06:20
1641373581608184000,28.95,1,28.85,17,28.95,1,1,2022-01-05 09:06:21
1641373583378444000,28.95,6,28.9,2,29.0,31,1,2022-01-05 09:06:23
1641373583378444000,29.0,4,28.9,2,29.0,31,1,2022-01-05 09:06:23
1641373583431832000,28.95,1,28.9,2,28.95,4,1,2022-01-05 09:06:23
1641373584255956000,28.95,5,28.9,3,28.95,8,1,2022-01-05 09:06:24
1641373584672984000,28.9,2,28.9,1,28.95,8,2,2022-01-05 09:06:24
1641373585820307000,28.95,3,28.9,21,28.95,5,1,2022-01-05 09:06:25
1641373586319909000,28.95,5,28.9,22,29.0,32,1,2022-01-05 09:06:26
1641373586614745000,28.95,1,28.9,23,29.0,32,2,2022-01-05 09:06:26
1641373587345657000,29.0,1,28.9,23,29.0,31,1,2022-01-05 09:06:27
1641373587939436000,28.9,10,28.9,13,29.0,31,2,2022-01-05 09:06:27
1641373588238737000,28.95,2,28.9,14,29.0,31,1,2022-01-05 09:06:28
1641373588841874000,28.95,1,28.9,17,29.0,30,1,2022-01-05 09:06:28
1641373590570600000,28.95,5,28.9,18,28.95,6,1,2022-01-05 09:06:30
1641373591522694000,28.9,1,28.9,17,28.95,16,2,2022-01-05 09:06:31
1641373591560979000,28.9,17,28.85,28,28.95,16,2,2022-01-05 09:06:31
1641373592512257000,28.9,1,28.85,28,28.9,19,1,2022-01-05 09:06:32
1641373592532041000,28.9,1,28.85,28,28.9,18,1,2022-01-05 09:06:32
1641373592537473000,28.9,1,28.85,28,28.9,17,1,2022-01-05 09:06:32
1641373592544149000,28.85,18,28.85,10,28.9,17,2,2022-01-05 09:06:32
1641373592660425000,28.9,3,28.85,10,28.9,15,1,2022-01-05 09:06:32
1641373592792997000,28.9,1,28.85,10,28.9,14,1,2022-01-05 09:06:32
1641373592870411000,28.85,10,28.8,26,28.85,10,2,2022-01-05 09:06:32
1641373593930776000,28.85,4,28.8,27,28.85,6,1,2022-01-05 09:06:33
1641373594013067000,28.8,10,28.8,17,28.85,6,2,2022-01-05 09:06:34
1641373594048468000,28.8,12,28.8,5,28.85,6,2,2022-01-05 09:06:34
1641373594135219000,28.85,3,28.8,5,28.85,3,1,2022-01-05 09:06:34
1641373595248788000,28.85,2,28.8,5,28.85,3,1,2022-01-05 09:06:35
1641373595451070000,28.8,3,28.8,2,28.85,1,2,2022-01-05 09:06:35
1641373595928740000,28.8,2,28.75,15,28.85,1,2,2022-01-05 09:06:35
1641373595928740000,28.75,10,28.75,15,28.85,1,2,2022-01-05 09:06:35
1641373596002983000,28.85,1,28.75,15,28.9,13,1,2022-01-05 09:06:36
1641373596002983000,28.9,1,28.75,15,28.9,13,1,2022-01-05 09:06:36
1641373596131953000,28.75,1,28.75,14,28.9,13,2,2022-01-05 09:06:36
1641373596149618000,28.75,12,28.75,2,28.9,13,2,2022-01-05 09:06:36
1641373597063442000,28.85,1,28.75,2,28.85,1,1,2022-01-05 09:06:37
1641373597268068000,28.85,1,28.8,1,28.9,11,1,2022-01-05 09:06:37
1641373597268068000,28.9,2,28.8,1,28.9,11,1,2022-01-05 09:06:37
1641373597921803000,28.85,1,28.8,4,28.9,6,1,2022-01-05 09:06:37
1641373597921803000,28.9,5,28.8,4,28.9,6,1,2022-01-05 09:06:37
1641373600290891000,28.9,3,28.8,4,28.9,3,1,2022-01-05 09:06:40
1641373601086034000,28.9,1,28.8,4,28.9,4,1,2022-01-05 09:06:41
1641373601207992000,28.8,2,28.8,2,28.9,4,2,2022-01-05 09:06:41
1641373602441617000,28.9,2,28.8,4,28.9,4,1,2022-01-05 09:06:42
1641373602542038000,28.9,1,28.8,4,28.9,3,1,2022-01-05 09:06:42
1641373604673741000,28.8,4,28.75,8,28.8,6,2,2022-01-05 09:06:44
1641373604858691000,28.8,1,28.75,8,28.8,5,1,2022-01-05 09:06:44
1641373605004706000,28.75,2,28.75,6,28.8,5,2,2022-01-05 09:06:45
1641373605140207000,28.8,1,28.75,6,28.8,4,1,2022-01-05 09:06:45
1641373606714195000,28.8,2,28.75,7,28.8,2,1,2022-01-05 09:06:46
1641373607066533000,28.8,1,28.75,7,28.8,1,1,2022-01-05 09:06:47
1641373607755606000,28.8,2,28.8,3,28.9,13,1,2022-01-05 09:06:47
1641373608645989000,28.9,1,28.8,3,28.9,12,1,2022-01-05 09:06:48
1641373608875563000,28.85,1,28.8,3,28.9,12,2,2022-01-05 09:06:48
1641373610290391000,28.85,2,28.8,6,28.85,1,1,2022-01-05 09:06:50
1641373611577024000,28.85,1,28.8,9,28.85,5,1,2022-01-05 09:06:51
1641373613250975000,28.85,1,28.8,10,28.85,4,1,2022-01-05 09:06:53
1641373613793397000,28.85,2,28.8,10,28.85,2,1,2022-01-05 09:06:53
1641373614846575000,28.85,2,28.8,11,28.85,1,1,2022-01-05 09:06:54
1641373614871648000,28.85,1,28.8,11,28.9,12,1,2022-01-05 09:06:54
1641373617527040000,28.8,3,28.8,9,28.85,1,2,2022-01-05 09:06:57
1641373617922372000,28.8,9,28.75,15,28.8,1,2,2022-01-05 09:06:57
1641373617927406000,28.75,1,28.75,14,28.8,1,2,2022-01-05 09:06:57
1641373618654446000,28.75,10,28.75,4,28.8,4,2,2022-01-05 09:06:58
1641373618857511000,28.8,1,28.75,4,28.8,3,1,2022-01-05 09:06:58
1641373618929038000,28.8,3,28.8,3,28.85,1,1,2022-01-05 09:06:58
1641373619055963000,28.85,1,28.85,11,28.9,13,1,2022-01-05 09:06:59
1641373619092957000,28.85,11,28.8,3,28.9,13,2,2022-01-05 09:06:59
1641373619433202000,28.85,1,28.8,3,28.9,13,2,2022-01-05 09:06:59
1641373620619781000,28.8,1,28.8,3,28.85,5,2,2022-01-05 09:07:00
1641373620656308000,28.8,3,28.75,4,28.85,5,2,2022-01-05 09:07:00
1641373621026109000,28.8,10,28.75,4,28.85,7,2,2022-01-05 09:07:01
1641373621301370000,28.75,4,28.7,51,28.8,30,2,2022-01-05 09:07:01
1641373622665276000,28.7,1,28.7,50,28.75,5,2,2022-01-05 09:07:02
1641373622674823000,28.75,3,28.7,50,28.75,2,1,2022-01-05 09:07:02
1641373622889866000,28.7,1,28.7,49,28.75,2,2,2022-01-05 09:07:02
1641373622890288000,28.75,1,28.7,49,28.75,1,1,2022-01-05 09:07:02
1641373623148670000,28.7,2,28.7,48,28.75,1,2,2022-01-05 09:07:03
1641373623341854000,28.75,1,28.75,1,28.8,30,1,2022-01-05 09:07:03
1641373623354256000,28.8,1,28.75,1,28.8,29,1,2022-01-05 09:07:03
1641373623568055000,28.75,1,28.7,48,28.8,29,2,2022-01-05 09:07:03
1641373624057695000,28.7,1,28.7,42,28.8,29,2,2022-01-05 09:07:04
1641373626547547000,28.7,1,28.7,41,28.8,29,2,2022-01-05 09:07:06
1641373627055885000,28.75,1,28.7,41,28.8,29,2,2022-01-05 09:07:07
1641373627441461000,28.75,1,28.7,41,28.8,29,2,2022-01-05 09:07:07
1641373628112262000,28.7,1,28.7,40,28.8,29,2,2022-01-05 09:07:08
1641373630031227000,28.75,1,28.7,42,28.8,29,2,2022-01-05 09:07:10
1641373631381704000,28.75,1,28.7,44,28.75,6,1,2022-01-05 09:07:11
1641373631918647000,28.75,2,28.7,48,28.75,8,1,2022-01-05 09:07:11
1641373631957167000,28.75,1,28.7,48,28.75,7,1,2022-01-05 09:07:11
1641373634338704000,28.7,2,28.7,46,28.75,7,2,2022-01-05 09:07:14
1641373635627559000,28.75,1,28.7,49,28.75,6,1,2022-01-05 09:07:15
1641373636054195000,28.75,2,28.7,49,28.75,4,1,2022-01-05 09:07:16
1641373636090378000,28.75,4,28.7,49,28.8,31,1,2022-01-05 09:07:16
1641373640477664000,28.75,1,28.7,51,28.75,2,1,2022-01-05 09:07:20
1641373640834174000,28.75,1,28.7,51,28.75,1,1,2022-01-05 09:07:20
1641373640917221000,28.75,1,28.7,51,28.8,31,1,2022-01-05 09:07:20
1641373649145093000,28.75,5,28.7,49,28.8,31,2,2022-01-05 09:07:29
1641373649145093000,28.7,5,28.7,49,28.8,31,2,2022-01-05 09:07:29
1641373649203366000,28.75,2,28.7,49,28.8,31,2,2022-01-05 09:07:29
1641373649471822000,28.8,7,28.7,49,28.8,24,1,2022-01-05 09:07:29
1641373649613961000,28.8,2,28.7,49,28.8,22,1,2022-01-05 09:07:29
1641373649840954000,28.7,10,28.7,39,28.8,22,2,2022-01-05 09:07:29
1641373650847151000,28.75,3,28.75,2,28.8,22,1,2022-01-05 09:07:30
1641373651627046000,28.75,2,28.7,39,28.75,3,2,2022-01-05 09:07:31
1641373652052285000,28.75,3,28.75,7,28.8,22,1,2022-01-05 09:07:32
1641373652210946000,28.8,1,28.75,7,28.8,21,1,2022-01-05 09:07:32
1641373652357511000,28.8,4,28.75,17,28.8,17,1,2022-01-05 09:07:32
1641373655175251000,28.8,2,28.75,19,28.8,16,1,2022-01-05 09:07:35
1641373656845726000,28.8,1,28.75,30,28.8,15,1,2022-01-05 09:07:36
1641373657410004000,28.8,1,28.75,30,28.8,14,1,2022-01-05 09:07:37
1641373657943058000,28.75,2,28.75,28,28.8,14,2,2022-01-05 09:07:37
1641373658094042000,28.8,1,28.75,28,28.8,13,1,2022-01-05 09:07:38
1641373658388593000,28.8,3,28.75,28,28.8,11,1,2022-01-05 09:07:38
1641373658994756000,28.8,1,28.75,29,28.8,21,1,2022-01-05 09:07:38
1641373659849625000,28.8,1,28.75,33,28.8,20,1,2022-01-05 09:07:39
1641373659958241000,28.8,3,28.75,33,28.8,17,1,2022-01-05 09:07:39
1641373660114480000,28.8,1,28.75,33,28.8,16,1,2022-01-05 09:07:40
1641373660417868000,28.8,1,28.75,33,28.8,15,1,2022-01-05 09:07:40
1641373660740062000,28.8,1,28.75,33,28.8,14,1,2022-01-05 09:07:40
1641373662054971000,28.8,2,28.75,34,28.8,12,1,2022-01-05 09:07:42
1641373662159220000,28.8,1,28.75,34,28.8,11,1,2022-01-05 09:07:42
1641373662187575000,28.8,11,28.75,34,28.85,1,1,2022-01-05 09:07:42
1641373664848909000,28.8,1,28.75,35,28.8,9,1,2022-01-05 09:07:44
1641373665380525000,28.8,1,28.75,35,28.8,8,1,2022-01-05 09:07:45
1641373665437836000,28.75,10,28.75,25,28.8,8,2,2022-01-05 09:07:45
1641373667345249000,28.75,10,28.75,15,28.8,8,2,2022-01-05 09:07:47
1641373668148412000,28.8,3,28.75,15,28.8,5,1,2022-01-05 09:07:48
1641373669832850000,28.8,1,28.75,19,28.8,4,1,2022-01-05 09:07:49
1641373670447608000,28.75,4,28.75,15,28.8,4,2,2022-01-05 09:07:50
1641373670792089000,28.8,1,28.75,15,28.8,3,1,2022-01-05 09:07:50
1641373671227655000,28.8,1,28.75,15,28.8,2,1,2022-01-05 09:07:51
1641373671529013000,28.8,2,28.75,15,28.85,7,1,2022-01-05 09:07:51
1641373671682544000,28.75,10,28.75,5,28.85,7,2,2022-01-05 09:07:51
1641373672231734000,28.85,1,28.75,5,28.85,6,1,2022-01-05 09:07:52
1641373673373181000,28.75,1,28.75,7,28.85,6,2,2022-01-05 09:07:53
1641373674318865000,28.8,5,28.75,8,28.85,7,1,2022-01-05 09:07:54
1641373674984116000,28.75,1,28.75,7,28.85,7,2,2022-01-05 09:07:54
1641373677701869000,28.75,7,28.75,5,28.85,17,2,2022-01-05 09:07:57
1641373680068047000,28.8,1,28.75,5,28.85,20,1,2022-01-05 09:08:00
1641373683830140000,28.8,3,28.75,9,28.8,1,1,2022-01-05 09:08:03
1641373685551803000,28.8,1,28.75,9,28.8,1,1,2022-01-05 09:08:05
1641373687024348000,28.75,9,28.7,54,28.8,2,2,2022-01-05 09:08:07
1641373688744708000,28.75,3,28.7,54,28.75,3,2,2022-01-05 09:08:08
1641373689178173000,28.75,3,28.7,54,28.8,11,1,2022-01-05 09:08:09
1641373689201566000,28.8,1,28.7,54,28.8,10,1,2022-01-05 09:08:09
1641373689202822000,28.7,10,28.7,44,28.8,10,2,2022-01-05 09:08:09
1641373689389541000,28.8,2,28.7,44,28.8,8,1,2022-01-05 09:08:09
1641373689427922000,28.8,1,28.7,44,28.8,5,1,2022-01-05 09:08:09
1641373691087195000,28.75,1,28.7,44,28.75,9,1,2022-01-05 09:08:11
1641373691708517000,28.75,9,28.75,1,28.8,12,1,2022-01-05 09:08:11
1641373692816642000,28.75,1,28.7,46,28.75,5,2,2022-01-05 09:08:12
1641373692940301000,28.75,5,28.7,46,28.8,12,1,2022-01-05 09:08:12
1641373694902949000,28.8,1,28.75,2,28.8,13,1,2022-01-05 09:08:14
1641373697188174000,28.75,3,28.7,28,28.8,13,2,2022-01-05 09:08:17
1641373697188174000,28.7,17,28.7,28,28.8,13,2,2022-01-05 09:08:17
1641373697220175000,28.7,4,28.7,24,28.8,13,2,2022-01-05 09:08:17
1641373697778033000,28.75,2,28.7,24,28.8,3,1,2022-01-05 09:08:17
1641373697778033000,28.8,8,28.7,24,28.8,3,1,2022-01-05 09:08:17
1641373697812833000,28.7,4,28.7,20,28.8,3,2,2022-01-05 09:08:17
1641373700418839000,28.75,2,28.7,20,28.8,17,2,2022-01-05 09:08:20
1641373700501666000,28.7,1,28.7,19,28.8,17,2,2022-01-05 09:08:20
1641373702819317000,28.7,2,28.7,17,28.75,5,2,2022-01-05 09:08:22
1641373703139808000,28.7,19,28.65,37,28.7,1,2,2022-01-05 09:08:23
1641373703425802000,28.65,1,28.65,36,28.7,1,2,2022-01-05 09:08:23
1641373703498089000,28.65,4,28.65,32,28.7,1,2,2022-01-05 09:08:23
1641373703934093000,28.7,1,28.65,32,28.75,5,1,2022-01-05 09:08:23
1641373706373530000,28.7,1,28.65,31,28.75,3,1,2022-01-05 09:08:26
1641373706373530000,28.75,4,28.65,31,28.75,3,1,2022-01-05 09:08:26
1641373707317535000,28.75,1,28.65,31,28.75,2,1,2022-01-05 09:08:27
1641373711681540000,28.75,1,28.65,32,28.75,6,1,2022-01-05 09:08:31
1641373718307411000,28.7,2,28.65,25,28.75,6,2,2022-01-05 09:08:38
1641373718307411000,28.65,8,28.65,25,28.75,6,2,2022-01-05 09:08:38
1641373718881817000,28.75,1,28.65,25,28.75,5,1,2022-01-05 09:08:38
1641373719972726000,28.7,1,28.65,25,28.75,5,1,2022-01-05 09:08:39
1641373721102079000,28.75,1,28.65,25,28.75,10,1,2022-01-05 09:08:41
1641373723156396000,28.7,2,28.65,25,28.7,1,2,2022-01-05 09:08:43
1641373723747255000,28.7,1,28.65,25,28.75,20,1,2022-01-05 09:08:43
1641373727063415000,28.65,1,28.65,24,28.7,2,2,2022-01-05 09:08:47
1641373727328206000,28.7,1,28.65,24,28.7,1,1,2022-01-05 09:08:47
1641373728956922000,28.65,1,28.65,20,28.7,1,2,2022-01-05 09:08:48
1641373729690381000,28.7,1,28.65,20,28.75,30,1,2022-01-05 09:08:49
1641373729690381000,28.75,1,28.65,20,28.75,30,1,2022-01-05 09:08:49
1641373730510125000,28.7,2,28.65,20,28.7,4,1,2022-01-05 09:08:50
1641373732259000000,28.65,1,28.65,20,28.7,4,2,2022-01-05 09:08:52
1641373732278965000,28.65,10,28.65,10,28.7,4,2,2022-01-05 09:08:52
1641373732309790000,28.65,3,28.65,7,28.7,4,2,2022-01-05 09:08:52
1641373732341221000,28.65,3,28.65,4,28.7,4,2,2022-01-05 09:08:52
1641373732343849000,28.65,4,28.6,122,28.7,4,2,2022-01-05 09:08:52
1641373732806574000,28.7,1,28.6,122,28.7,3,1,2022-01-05 09:08:52
1641373733305973000,28.7,2,28.6,122,28.7,1,1,2022-01-05 09:08:53
1641373733578097000,28.6,7,28.6,115,28.7,1,2,2022-01-05 09:08:53
1641373733663524000,28.6,4,28.6,111,28.7,1,2,2022-01-05 09:08:53
1641373733824397000,28.6,10,28.6,101,28.7,1,2,2022-01-05 09:08:53
1641373735507610000,28.65,1,28.6,95,28.7,1,2,2022-01-05 09:08:55
1641373735507610000,28.6,6,28.6,95,28.7,1,2,2022-01-05 09:08:55
1641373735600368000,28.6,1,28.6,94,28.7,1,2,2022-01-05 09:08:55
1641373735890009000,28.6,10,28.6,84,28.7,1,2,2022-01-05 09:08:55
1641373737827407000,28.65,5,28.6,82,28.7,4,2,2022-01-05 09:08:57
1641373738009989000,28.6,1,28.6,82,28.7,4,2,2022-01-05 09:08:58
1641373740093097000,28.6,49,28.6,33,28.7,5,2,2022-01-05 09:09:00
1641373740118973000,28.6,29,28.6,4,28.7,5,2,2022-01-05 09:09:00
1641373740531656000,28.6,4,28.55,24,28.7,6,2,2022-01-05 09:09:00
1641373742213191000,28.6,3,28.6,6,28.7,6,2,2022-01-05 09:09:02
1641373742835646000,28.7,1,28.6,7,28.7,5,1,2022-01-05 09:09:02
1641373742883509000,28.6,2,28.6,5,28.7,5,2,2022-01-05 09:09:02
1641373743844937000,28.6,1,28.6,4,28.7,5,2,2022-01-05 09:09:03
1641373744163252000,28.6,4,28.55,22,28.7,5,2,2022-01-05 09:09:04
1641373744163252000,28.55,2,28.55,22,28.7,5,2,2022-01-05 09:09:04
1641373744655407000,28.55,5,28.55,17,28.7,5,2,2022-01-05 09:09:04
1641373745391539000,28.7,6,28.55,17,28.8,8,1,2022-01-05 09:09:05
1641373745391539000,28.75,33,28.55,17,28.8,8,1,2022-01-05 09:09:05
1641373745391539000,28.8,11,28.55,17,28.8,8,1,2022-01-05 09:09:05
1641373746038771000,28.6,1,28.55,17,28.8,8,2,2022-01-05 09:09:06
1641373749177825000,28.55,1,28.55,14,28.6,1,2,2022-01-05 09:09:09
1641373749429632000,28.6,1,28.6,1,28.75,3,1,2022-01-05 09:09:09
1641373750687659000,28.7,1,28.55,14,28.75,10,2,2022-01-05 09:09:10
1641373750687659000,28.6,3,28.55,14,28.75,10,2,2022-01-05 09:09:10
1641373750687659000,28.55,1,28.55,14,28.75,10,2,2022-01-05 09:09:10
1641373752375064000,28.6,1,28.6,9,28.75,10,2,2022-01-05 09:09:12
1641373753536675000,28.6,1,28.6,8,28.7,2,2,2022-01-05 09:09:13
1641373754067669000,28.7,1,28.6,8,28.7,1,1,2022-01-05 09:09:14
1641373754885062000,28.6,2,28.6,7,28.7,1,2,2022-01-05 09:09:14
1641373754954019000,28.7,1,28.6,7,28.75,10,1,2022-01-05 09:09:14
1641373756857316000,28.65,2,28.6,9,28.7,3,1,2022-01-05 09:09:16
1641373758643870000,28.7,1,28.6,11,28.7,2,1,2022-01-05 09:09:18
1641373760631123000,28.6,5,28.6,6,28.7,6,2,2022-01-05 09:09:20
1641373765391541000,28.6,5,28.6,11,28.7,11,2,2022-01-05 09:09:25
1641373766283360000,28.6,5,28.6,8,28.7,13,2,2022-01-05 09:09:26
1641373766298340000,28.6,1,28.6,7,28.7,11,2,2022-01-05 09:09:26
1641373767883325000,28.6,1,28.6,9,28.65,4,2,2022-01-05 09:09:27
1641373769771501000,28.6,1,28.6,14,28.65,2,2,2022-01-05 09:09:29
1641373770452067000,28.65,2,28.65,8,28.7,13,1,2022-01-05 09:09:30
1641373770631517000,28.65,1,28.65,7,28.7,13,2,2022-01-05 09:09:30
1641373770692844000,28.65,7,28.55,9,28.7,11,2,2022-01-05 09:09:30
1641373770692844000,28.6,14,28.55,9,28.7,11,2,2022-01-05 09:09:30
1641373770692844000,28.55,29,28.55,9,28.7,11,2,2022-01-05 09:09:30
1641373771694436000,28.65,2,28.65,3,28.7,11,1,2022-01-05 09:09:31
1641373772200692000,28.65,3,28.55,12,28.7,11,2,2022-01-05 09:09:32
1641373776104866000,28.65,10,28.65,10,28.7,13,2,2022-01-05 09:09:36
1641373776163366000,28.65,1,28.65,9,28.7,13,2,2022-01-05 09:09:36
1641373776165710000,28.65,9,28.6,4,28.7,13,2,2022-01-05 09:09:36
1641373778009043000,28.7,1,28.6,11,28.7,12,1,2022-01-05 09:09:38
1641373779001756000,28.6,1,28.6,10,28.7,12,2,2022-01-05 09:09:39
1641373780641001000,28.7,5,28.6,12,28.7,9,1,2022-01-05 09:09:40
1641373781617045000,28.6,2,28.6,11,28.7,9,2,2022-01-05 09:09:41
1641373781676839000,28.6,2,28.6,9,28.7,9,2,2022-01-05 09:09:41
1641373783498881000,28.65,1,28.6,9,28.7,9,2,2022-01-05 09:09:43
1641373784412627000,28.6,1,28.6,9,28.7,9,2,2022-01-05 09:09:44
1641373792652737000,28.65,2,28.6,35,28.7,11,1,2022-01-05 09:09:52
1641373792652737000,28.7,3,28.6,35,28.7,11,1,2022-01-05 09:09:52
1641373792758272000,28.6,35,28.55,52,28.6,18,2,2022-01-05 09:09:52
1641373792788405000,28.6,11,28.55,52,28.6,7,1,2022-01-05 09:09:52
1641373792860203000,28.6,7,28.55,52,28.65,6,1,2022-01-05 09:09:52
1641373795398202000,28.6,1,28.6,1,28.65,6,2,2022-01-05 09:09:55
1641373796177070000,28.65,2,28.6,1,28.65,4,1,2022-01-05 09:09:56
1641373799091835000,28.65,1,28.6,1,28.65,3,1,2022-01-05 09:09:59
1641373799118073000,28.65,2,28.6,1,28.65,1,1,2022-01-05 09:09:59
1641373799347957000,28.6,1,28.55,53,28.6,9,2,2022-01-05 09:09:59
1641373799439938000,28.6,1,28.55,53,28.6,8,1,2022-01-05 09:09:59
1641373799462374000,28.6,1,28.55,53,28.6,7,1,2022-01-05 09:09:59
1641373802585835000,28.6,5,28.55,53,28.6,18,1,2022-01-05 09:10:02
1641373802776076000,28.55,2,28.55,51,28.6,18,2,2022-01-05 09:10:02
1641373804079049000,28.6,1,28.55,51,28.6,17,1,2022-01-05 09:10:04
1641373808691621000,28.6,1,28.55,52,28.6,16,1,2022-01-05 09:10:08
1641373810223308000,28.55,10,28.55,42,28.6,16,2,2022-01-05 09:10:10
1641373810229697000,28.6,3,28.55,42,28.6,13,1,2022-01-05 09:10:10
1641373811464065000,28.6,1,28.55,43,28.6,12,1,2022-01-05 09:10:11
1641373812957992000,28.55,43,28.5,133,28.55,16,2,2022-01-05 09:10:12
1641373812996497000,28.55,1,28.5,133,28.55,15,1,2022-01-05 09:10:12
1641373813733667000,28.55,2,28.5,138,28.55,13,1,2022-01-05 09:10:13
1641373813766003000,28.55,5,28.5,138,28.55,8,1,2022-01-05 09:10:13
1641373814975962000,28.55,3,28.5,138,28.55,5,1,2022-01-05 09:10:14
1641373815011677000,28.55,5,28.5,138,28.65,2,1,2022-01-05 09:10:15
1641373815235354000,28.6,1,28.6,9,28.65,2,2,2022-01-05 09:10:15
1641373815236581000,28.6,8,28.6,1,28.65,2,2,2022-01-05 09:10:15
1641373815304922000,28.6,1,28.5,138,28.6,9,2,2022-01-05 09:10:15
1641373818645455000,28.55,2,28.55,8,28.6,9,2,2022-01-05 09:10:18
1641373820358729000,28.55,3,28.55,7,28.6,10,2,2022-01-05 09:10:20
1641373823395297000,28.55,2,28.55,11,28.6,11,2,2022-01-05 09:10:23
1641373824191168000,28.6,11,28.6,4,28.65,2,1,2022-01-05 09:10:24
1641373825462901000,28.6,1,28.6,3,28.65,2,2,2022-01-05 09:10:25
1641373826646462000,28.6,1,28.6,12,28.65,12,2,2022-01-05 09:10:26
1641373827475068000,28.6,1,28.6,11,28.65,12,2,2022-01-05 09:10:27
1641373829756350000,28.6,3,28.6,8,28.65,13,2,2022-01-05 09:10:29
1641373829831181000,28.6,8,28.55,33,28.65,13,2,2022-01-05 09:10:29
1641373829831181000,28.55,2,28.55,33,28.65,13,2,2022-01-05 09:10:29
1641373831740799000,28.6,2,28.55,33,28.65,14,2,2022-01-05 09:10:31
1641373839555068000,28.6,2,28.55,40,28.6,3,1,2022-01-05 09:10:39
1641373839809382000,28.6,1,28.55,39,28.6,2,1,2022-01-05 09:10:39
1641373841744213000,28.6,2,28.55,40,28.65,14,1,2022-01-05 09:10:41
1641373848613096000,28.6,2,28.6,26,28.65,14,2,2022-01-05 09:10:48
1641373849165359000,28.6,1,28.6,30,28.65,14,2,2022-01-05 09:10:49
1641373849376484000,28.65,5,28.6,30,28.65,9,1,2022-01-05 09:10:49
1641373850151224000,28.65,1,28.6,25,28.65,8,1,2022-01-05 09:10:50
1641373854280854000,28.65,1,28.6,27,28.65,7,1,2022-01-05 09:10:54
1641373858064262000,28.65,2,28.6,47,28.65,7,1,2022-01-05 09:10:58
1641373858693468000,28.6,5,28.6,42,28.65,7,2,2022-01-05 09:10:58
1641373858717084000,28.65,3,28.6,42,28.65,4,1,2022-01-05 09:10:58
1641373859516724000,28.65,1,28.6,42,28.65,3,1,2022-01-05 09:10:59
1641373859910466000,28.65,1,28.6,42,28.65,2,1,2022-01-05 09:10:59
1641373862087650000,28.65,1,28.6,43,28.65,1,1,2022-01-05 09:11:02
1641373862168549000,28.65,1,28.6,43,28.7,10,1,2022-01-05 09:11:02
1641373864077121000,28.65,1,28.6,44,28.65,2,1,2022-01-05 09:11:04
1641373864954719000,28.6,1,28.6,43,28.65,2,2,2022-01-05 09:11:04
1641373867067229000,28.65,2,28.65,3,28.7,8,1,2022-01-05 09:11:07
1641373869727109000,28.7,2,28.65,8,28.7,6,1,2022-01-05 09:11:09
1641373870693662000,28.65,2,28.65,6,28.7,4,2,2022-01-05 09:11:10
1641373873675692000,28.65,1,28.65,5,28.7,4,2,2022-01-05 09:11:13
1641373873744457000,28.7,3,28.65,5,28.7,1,1,2022-01-05 09:11:13
1641373874243062000,28.7,1,28.7,1,28.75,32,1,2022-01-05 09:11:14
1641373874310088000,28.7,1,28.65,5,28.75,32,2,2022-01-05 09:11:14
1641373881282962000,28.7,2,28.65,28,28.75,32,2,2022-01-05 09:11:21
1641373884771190000,28.7,2,28.65,30,28.7,5,2,2022-01-05 09:11:24
1641373884978760000,28.7,1,28.65,30,28.7,4,1,2022-01-05 09:11:24
1641373886370842000,28.65,5,28.65,25,28.7,4,2,2022-01-05 09:11:26
1641373889004044000,28.7,1,28.65,25,28.7,3,1,2022-01-05 09:11:29
1641373892021030000,28.7,1,28.65,25,28.7,2,1,2022-01-05 09:11:32
1641373893477250000,28.7,1,28.65,25,28.7,6,1,2022-01-05 09:11:33
1641373893725261000,28.7,6,28.7,14,28.75,32,1,2022-01-05 09:11:33
1641373897212273000,28.75,5,28.7,14,28.75,28,1,2022-01-05 09:11:37
1641373898947354000,28.75,5,28.7,15,28.75,23,1,2022-01-05 09:11:38
1641373899540523000,28.75,2,28.7,15,28.75,21,1,2022-01-05 09:11:39
1641373908337125000,28.75,2,28.7,15,28.75,19,1,2022-01-05 09:11:48
1641373908827961000,28.75,1,28.7,15,28.75,18,1,2022-01-05 09:11:48
1641373909989941000,28.75,10,28.7,15,28.75,8,1,2022-01-05 09:11:49
1641373911128135000,28.75,8,28.7,15,28.8,31,1,2022-01-05 09:11:51
1641373912577247000,28.8,1,28.75,6,28.8,30,1,2022-01-05 09:11:52
1641373913326192000,28.75,1,28.75,5,28.8,30,2,2022-01-05 09:11:53
1641373914668869000,28.8,1,28.75,6,28.8,29,1,2022-01-05 09:11:54
1641373914760405000,28.75,5,28.75,1,28.8,29,2,2022-01-05 09:11:54
1641373915955019000,28.8,1,28.75,1,28.8,28,1,2022-01-05 09:11:55
1641373916180188000,28.75,1,28.7,15,28.8,28,2,2022-01-05 09:11:56
1641373916390387000,28.8,20,28.7,15,28.8,8,1,2022-01-05 09:11:56
1641373917458589000,28.75,1,28.7,15,28.75,2,1,2022-01-05 09:11:57
1641373917884796000,28.75,1,28.7,15,28.75,1,1,2022-01-05 09:11:57
1641373918160869000,28.75,1,28.8,4,28.85,20,1,2022-01-05 09:11:58
1641373918160869000,28.8,9,28.8,4,28.85,20,1,2022-01-05 09:11:58
1641373918592576000,28.8,1,28.8,3,28.85,20,2,2022-01-05 09:11:58
1641373918617157000,28.85,1,28.8,3,28.85,19,1,2022-01-05 09:11:58
1641373919643006000,28.8,2,28.8,1,28.85,19,2,2022-01-05 09:11:59
1641373919976605000,28.8,1,28.6,24,28.85,19,2,2022-01-05 09:11:59
1641373919976605000,28.75,1,28.6,24,28.85,19,2,2022-01-05 09:11:59
1641373919976605000,28.7,1,28.6,24,28.85,19,2,2022-01-05 09:11:59
1641373919976605000,28.65,12,28.6,24,28.85,19,2,2022-01-05 09:11:59
1641373919976605000,28.6,15,28.6,24,28.85,19,2,2022-01-05 09:11:59
1641373920331503000,28.8,1,28.6,24,28.8,2,1,2022-01-05 09:12:00
1641373921274425000,28.8,1,28.75,2,28.8,2,1,2022-01-05 09:12:01
1641373921728696000,28.8,1,28.75,2,28.8,2,1,2022-01-05 09:12:01
1641373924614460000,28.8,1,28.75,3,28.8,9,2,2022-01-05 09:12:04
1641373926560116000,28.8,1,28.75,4,28.8,9,1,2022-01-05 09:12:06
1641373927967565000,28.8,1,28.75,4,28.8,8,1,2022-01-05 09:12:07
1641373932637907000,28.8,1,28.75,4,28.8,10,1,2022-01-05 09:12:12
1641373933147799000,28.8,1,28.75,4,28.8,11,1,2022-01-05 09:12:13
1641373937355734000,28.75,1,28.75,5,28.8,11,2,2022-01-05 09:12:17
1641373938164285000,28.75,5,28.7,2,28.8,11,2,2022-01-05 09:12:18
1641373947969946000,28.75,1,28.7,3,28.75,2,1,2022-01-05 09:12:27
1641373957916169000,28.75,1,28.7,4,28.75,1,1,2022-01-05 09:12:37
1641373962785747000,28.75,1,28.7,6,28.8,23,1,2022-01-05 09:12:42
1641373968143610000,28.7,2,28.7,2,28.75,5,2,2022-01-05 09:12:48
1641373971946648000,28.75,5,28.7,2,28.8,19,1,2022-01-05 09:12:51
1641373971946648000,28.8,5,28.7,2,28.8,19,1,2022-01-05 09:12:51
1641373977055530000,28.8,1,28.7,7,28.8,31,1,2022-01-05 09:12:57
1641373984718709000,28.7,9,28.65,9,28.7,4,2,2022-01-05 09:13:04
1641373985011122000,28.7,1,28.65,9,28.7,3,1,2022-01-05 09:13:05
1641373993939029000,28.7,1,28.65,11,28.7,4,1,2022-01-05 09:13:13
1641373996977064000,28.7,1,28.65,16,28.7,4,1,2022-01-05 09:13:16
1641373998364560000,28.7,4,28.7,1,28.75,17,1,2022-01-05 09:13:18
1641374000741210000,28.75,1,28.7,1,28.75,17,1,2022-01-05 09:13:20
1641374003144808000,28.7,2,28.65,26,28.7,4,2,2022-01-05 09:13:23
1641374006950409000,28.7,1,28.65,28,28.7,4,1,2022-01-05 09:13:26
1641374008324212000,28.7,4,28.65,29,28.75,17,1,2022-01-05 09:13:28
1641374009819374000,28.7,1,28.7,2,28.75,17,1,2022-01-05 09:13:29
1641374010985942000,28.7,2,28.65,28,28.75,17,2,2022-01-05 09:13:30
1641374010985942000,28.65,1,28.65,28,28.75,17,2,2022-01-05 09:13:30
1641374021713943000,28.7,1,28.65,33,28.7,8,1,2022-01-05 09:13:41
1641374023584714000,28.7,3,28.65,34,28.7,5,1,2022-01-05 09:13:43
1641374029596235000,28.7,1,28.65,34,28.7,4,1,2022-01-05 09:13:49
1641374031452761000,28.65,2,28.65,32,28.7,5,2,2022-01-05 09:13:51
1641374035852586000,28.7,1,28.65,34,28.7,7,1,2022-01-05 09:13:55
