ts,close,volume,bid_price,bid_volume,ask_price,ask_volume,tick_type,datetime
1641373323810133000,80.7,870,80.7,13,80.8,4,0,2022-01-05 09:02:03
1641373323874836000,80.7,1,80.7,12,80.8,4,2,2022-01-05 09:02:03
1641373323900909000,80.7,6,80.7,6,80.8,4,2,2022-01-05 09:02:03
1641373324023032000,80.7,1,80.7,6,80.8,4,2,2022-01-05 09:02:04
1641373324026762000,80.7,3,80.7,3,80.8,4,2,2022-01-05 09:02:04
1641373324078134000,80.7,1,80.7,2,80.8,4,2,2022-01-05 09:02:04
1641373324350330000,80.8,4,80.9,87,81.0,25,1,2022-01-05 09:02:04
1641373324350330000,80.9,9,80.9,87,81.0,25,1,2022-01-05 09:02:04
1641373324357268000,80.9,1,80.9,86,81.0,25,2,2022-01-05 09:02:04
1641373324362223000,80.9,6,80.9,80,81.0,25,2,2022-01-05 09:02:04
1641373325188841000,81.0,10,80.9,80,81.0,15,1,2022-01-05 09:02:05
1641373325215544000,81.0,15,80.9,80,81.5,2,1,2022-01-05 09:02:05
1641373325258774000,81.0,9,80.9,65,81.5,2,2,2022-01-05 09:02:05
1641373325258774000,80.9,15,80.9,65,81.5,2,2,2022-01-05 09:02:05
1641373325261603000,80.9,12,80.9,53,81.5,2,2,2022-01-05 09:02:05
1641373325271424000,80.9,53,80.6,1,81.5,2,2,2022-01-05 09:02:05
1641373325271424000,80.7,2,80.6,1,81.5,2,2,2022-01-05 09:02:05
1641373325271424000,80.6,7,80.6,1,81.5,2,2,2022-01-05 09:02:05
1641373325277410000,80.6,1,80.5,7,81.5,2,2,2022-01-05 09:02:05
1641373325409415000,80.6,1,80.6,6,81.4,9,2,2022-01-05 09:02:05
1641373326310864000,80.7,1,80.7,1,81.3,3,2,2022-01-05 09:02:06
1641373326371445000,80.7,1,80.3,6,80.4,22,2,2022-01-05 09:02:06
1641373326371445000,80.6,6,80.3,6,80.4,22,2,2022-01-05 09:02:06
1641373326371445000,80.5,7,80.3,6,80.4,22,2,2022-01-05 09:02:06
1641373326371445000,80.4,1,80.3,6,80.4,22,2,2022-01-05 09:02:06
1641373326410120000,80.4,22,80.3,6,81.3,3,1,2022-01-05 09:02:06
1641373326454415000,80.3,1,80.3,3,81.3,3,2,2022-01-05 09:02:06
1641373326481241000,80.3,1,80.3,2,81.2,1,2,2022-01-05 09:02:06
1641373326485804000,80.3,1,80.3,1,81.2,1,2,2022-01-05 09:02:06
1641373326512589000,80.3,1,80.2,1,81.2,3,2,2022-01-05 09:02:06
1641373327027860000,80.7,5,80.2,3,81.1,10,2,2022-01-05 09:02:07
1641373330259210000,80.6,2,80.2,1,80.6,2,1,2022-01-05 09:02:10
1641373331758948000,80.6,1,80.2,1,80.6,3,1,2022-01-05 09:02:11
1641373332028518000,80.2,1,80.1,6,80.6,3,2,2022-01-05 09:02:12
1641373332609639000,80.1,2,80.1,3,80.5,2,2,2022-01-05 09:02:12
1641373332718127000,80.5,1,80.1,3,80.5,1,1,2022-01-05 09:02:12
1641373332907355000,80.1,1,80.1,2,80.5,1,2,2022-01-05 09:02:12
1641373333430709000,80.1,2,80.0,24,80.5,1,2,2022-01-05 09:02:13
1641373333430709000,80.0,1,80.0,24,80.5,1,2,2022-01-05 09:02:13
1641373333499035000,80.0,1,80.0,23,80.5,1,2,2022-01-05 09:02:13
1641373333602311000,80.0,1,80.0,22,80.5,1,2,2022-01-05 09:02:13
1641373334341785000,80.0,5,80.0,17,80.4,10,2,2022-01-05 09:02:14
1641373334461872000,80.0,17,79.9,8,80.4,16,2,2022-01-05 09:02:14
1641373334492750000,79.9,8,79.7,5,80.4,16,2,2022-01-05 09:02:14
1641373334492750000,79.8,3,79.7,5,80.4,16,2,2022-01-05 09:02:14
1641373334529934000,79.7,1,79.7,4,80.3,2,2,2022-01-05 09:02:14
1641373334535926000,79.7,1,79.7,3,80.3,3,2,2022-01-05 09:02:14
1641373334568455000,80.1,3,80.1,5,80.3,3,2,2022-01-05 09:02:14
1641373334580260000,80.1,5,79.7,3,80.3,3,2,2022-01-05 09:02:14
1641373334905438000,79.7,1,79.7,2,80.3,3,2,2022-01-05 09:02:14
1641373334960753000,79.7,1,79.7,1,80.3,3,2,2022-01-05 09:02:14
1641373335217319000,79.7,1,79.5,5,80.1,15,2,2022-01-05 09:02:15
1641373335472949000,80.0,1,79.3,3,80.1,15,2,2022-01-05 09:02:15
1641373335472949000,79.5,5,79.3,3,80.1,15,2,2022-01-05 09:02:15
1641373336974605000,79.4,1,79.3,3,79.5,6,2,2022-01-05 09:02:16
1641373336976925000,79.3,2,79.3,1,79.5,6,2,2022-01-05 09:02:16
1641373336997646000,79.3,1,79.1,10,79.5,6,2,2022-01-05 09:02:16
1641373337124922000,79.1,5,79.1,5,79.4,1,2,2022-01-05 09:02:17
1641373337309343000,79.1,5,79.0,4,79.4,1,2,2022-01-05 09:02:17
1641373337351528000,79.0,1,79.0,3,79.4,7,2,2022-01-05 09:02:17
1641373337390742000,79.0,2,79.0,2,79.4,7,2,2022-01-05 09:02:17
1641373337391783000,79.0,1,79.0,1,79.4,7,2,2022-01-05 09:02:17
1641373337392633000,79.0,1,78.9,3,79.4,7,2,2022-01-05 09:02:17
1641373337392633000,78.9,1,78.9,3,79.4,7,2,2022-01-05 09:02:17
1641373337434613000,79.4,1,79.2,4,79.4,6,1,2022-01-05 09:02:17
1641373337929391000,79.2,1,79.2,3,79.4,6,2,2022-01-05 09:02:17
1641373338010046000,79.2,2,79.2,1,79.3,1,2,2022-01-05 09:02:18
1641373338107475000,79.2,1,78.9,3,79.2,1,2,2022-01-05 09:02:18
1641373338623263000,78.9,2,78.9,4,79.2,1,2,2022-01-05 09:02:18
1641373339071374000,79.1,1,79.0,4,79.1,4,1,2022-01-05 09:02:19
1641373339074101000,79.0,4,78.9,3,79.1,4,2,2022-01-05 09:02:19
1641373339074101000,78.9,1,78.9,3,79.1,4,2,2022-01-05 09:02:19
1641373339107876000,79.1,4,78.9,3,79.2,1,1,2022-01-05 09:02:19
1641373339649264000,79.0,1,78.9,3,79.1,1,1,2022-01-05 09:02:19
1641373339908778000,79.1,1,78.9,3,79.2,8,1,2022-01-05 09:02:19
1641373339908778000,79.2,1,78.9,3,79.2,8,1,2022-01-05 09:02:19
1641373340070908000,79.0,1,78.8,3,79.1,1,2,2022-01-05 09:02:20
1641373340070908000,78.9,3,78.8,3,79.1,1,2,2022-01-05 09:02:20
1641373340070908000,78.8,1,78.8,3,79.1,1,2,2022-01-05 09:02:20
1641373340153455000,78.8,3,78.7,2,78.9,1,2,2022-01-05 09:02:20
1641373340153455000,78.7,6,78.7,2,78.9,1,2,2022-01-05 09:02:20
1641373340295172000,78.7,2,78.6,3,78.8,2,2,2022-01-05 09:02:20
1641373340370035000,78.8,2,78.6,3,79.1,8,1,2022-01-05 09:02:20
1641373340370035000,78.9,1,78.6,3,79.1,8,1,2022-01-05 09:02:20
1641373340370035000,79.1,2,78.6,3,79.1,8,1,2022-01-05 09:02:20
1641373340424729000,78.7,1,78.7,1,79.0,2,2,2022-01-05 09:02:20
1641373340674766000,78.7,1,78.6,3,79.0,3,2,2022-01-05 09:02:20
1641373340895365000,78.6,2,78.6,1,79.0,3,2,2022-01-05 09:02:20
1641373341364708000,78.6,1,78.5,5,79.0,3,2,2022-01-05 09:02:21
1641373341364708000,78.5,2,78.5,5,79.0,3,2,2022-01-05 09:02:21
1641373341846695000,78.6,5,78.6,4,78.9,1,2,2022-01-05 09:02:21
1641373342944275000,78.6,2,78.6,2,78.9,1,2,2022-01-05 09:02:22
1641373343218805000,78.8,1,78.6,2,78.9,1,1,2022-01-05 09:02:23
1641373343402985000,78.6,1,78.6,1,78.9,1,2,2022-01-05 09:02:23
1641373343447573000,78.6,1,78.5,6,78.9,1,2,2022-01-05 09:02:23
1641373343455814000,78.5,1,78.5,5,78.9,1,2,2022-01-05 09:02:23
1641373343663118000,78.5,2,78.5,3,78.9,1,2,2022-01-05 09:02:23
1641373344168584000,78.7,1,78.7,4,78.8,1,2,2022-01-05 09:02:24
1641373344282594000,78.7,1,78.7,3,78.8,1,2,2022-01-05 09:02:24
1641373344464799000,78.8,1,78.7,3,78.9,11,1,2022-01-05 09:02:24
1641373344506490000,78.7,3,78.5,3,78.9,11,2,2022-01-05 09:02:24
1641373344886499000,78.6,1,78.5,3,78.6,1,2,2022-01-05 09:02:24
1641373344916901000,78.6,1,78.5,3,78.9,11,1,2022-01-05 09:02:24
1641373345846510000,78.7,1,78.6,3,78.9,11,2,2022-01-05 09:02:25
1641373346397404000,78.9,5,78.6,3,78.9,6,1,2022-01-05 09:02:26
1641373346475058000,78.6,1,78.6,4,78.9,6,2,2022-01-05 09:02:26
1641373346532734000,78.7,1,78.6,4,78.9,6,1,2022-01-05 09:02:26
1641373346862274000,78.8,1,78.6,4,78.9,5,1,2022-01-05 09:02:26
1641373346862274000,78.9,1,78.6,4,78.9,5,1,2022-01-05 09:02:26
1641373347053611000,78.9,1,78.6,4,78.9,4,1,2022-01-05 09:02:27
1641373347828804000,78.7,1,78.7,2,78.9,4,2,2022-01-05 09:02:27
1641373349160171000,78.9,3,78.8,4,78.9,4,1,2022-01-05 09:02:29
1641373349162145000,78.9,4,78.8,4,79.0,5,1,2022-01-05 09:02:29
1641373349183344000,78.8,3,78.8,1,79.0,5,2,2022-01-05 09:02:29
1641373349232974000,78.9,1,78.8,1,79.0,5,1,2022-01-05 09:02:29
1641373349235303000,78.8,1,78.7,18,79.0,5,2,2022-01-05 09:02:29
1641373350197451000,79.0,1,78.8,2,79.0,4,1,2022-01-05 09:02:30
1641373350316116000,79.0,4,78.8,3,79.2,5,1,2022-01-05 09:02:30
1641373351162174000,79.2,1,79.1,1,79.3,1,1,2022-01-05 09:02:31
1641373351524059000,79.1,1,78.9,2,79.3,1,2,2022-01-05 09:02:31
1641373351524059000,79.0,1,78.9,2,79.3,1,2,2022-01-05 09:02:31
1641373352311736000,79.3,1,79.2,1,79.4,2,1,2022-01-05 09:02:32
1641373352454787000,79.2,1,79.0,1,79.4,2,2,2022-01-05 09:02:32
1641373352719615000,79.2,1,79.0,1,79.4,2,2,2022-01-05 09:02:32
1641373352777046000,79.4,2,79.0,1,79.9,2,1,2022-01-05 09:02:32
1641373352777046000,79.5,1,79.0,1,79.9,2,1,2022-01-05 09:02:32
1641373352777046000,79.9,7,79.0,1,79.9,2,1,2022-01-05 09:02:32
1641373353564950000,79.2,1,79.1,10,79.8,3,2,2022-01-05 09:02:33
1641373354044272000,79.4,1,79.3,1,79.7,1,2,2022-01-05 09:02:34
1641373355912183000,79.6,1,79.5,2,79.7,1,1,2022-01-05 09:02:35
1641373356546456000,79.6,1,79.5,2,79.7,1,2,2022-01-05 09:02:36
1641373356771008000,79.7,1,79.5,2,80.0,17,1,2022-01-05 09:02:36
1641373356771008000,79.9,2,79.5,2,80.0,17,1,2022-01-05 09:02:36
1641373356771008000,80.0,2,79.5,2,80.0,17,1,2022-01-05 09:02:36
1641373356858353000,79.6,1,79.5,2,79.9,1,2,2022-01-05 09:02:36
1641373357275718000,79.7,1,79.5,2,79.9,1,2,2022-01-05 09:02:37
1641373357493630000,79.5,1,79.5,1,79.7,1,2,2022-01-05 09:02:37
1641373357881190000,79.6,1,79.6,1,79.7,1,2,2022-01-05 09:02:37
1641373357890530000,79.7,1,79.6,1,79.8,1,1,2022-01-05 09:02:37
1641373358020448000,79.6,1,79.4,5,79.8,1,2,2022-01-05 09:02:38
1641373358020448000,79.5,1,79.4,5,79.8,1,2,2022-01-05 09:02:38
1641373358456456000,79.7,1,79.4,5,79.8,1,2,2022-01-05 09:02:38
1641373360611918000,79.8,1,79.5,6,79.8,1,1,2022-01-05 09:02:40
1641373361912410000,79.6,1,79.5,1,79.8,1,2,2022-01-05 09:02:41
1641373361912410000,79.5,5,79.5,1,79.8,1,2,2022-01-05 09:02:41
1641373362429641000,79.5,1,79.5,1,79.6,3,2,2022-01-05 09:02:42
1641373362950200000,79.5,1,79.4,5,79.6,3,2,2022-01-05 09:02:42
1641373362950200000,79.4,1,79.4,5,79.6,3,2,2022-01-05 09:02:42
1641373363587760000,79.6,1,79.4,5,79.6,2,1,2022-01-05 09:02:43
1641373363617868000,79.6,2,79.4,5,79.8,2,1,2022-01-05 09:02:43
1641373364022081000,79.6,1,79.5,5,79.8,2,1,2022-01-05 09:02:44
1641373364598120000,79.8,1,79.5,6,79.8,4,1,2022-01-05 09:02:44
1641373365181416000,79.5,4,79.5,2,79.7,4,2,2022-01-05 09:02:45
1641373365593352000,79.7,1,79.6,2,79.7,3,1,2022-01-05 09:02:45
1641373365600594000,79.7,1,79.6,2,79.7,2,1,2022-01-05 09:02:45
1641373365629279000,79.7,2,79.6,2,79.7,1,1,2022-01-05 09:02:45
1641373365848449000,79.6,2,79.3,138,79.7,1,2,2022-01-05 09:02:45
1641373365848449000,79.5,2,79.3,138,79.7,1,2,2022-01-05 09:02:45
1641373365848449000,79.4,6,79.3,138,79.7,1,2,2022-01-05 09:02:45
1641373365848449000,79.3,15,79.3,138,79.7,1,2,2022-01-05 09:02:45
1641373365980482000,79.3,1,79.2,7,79.3,49,1,2022-01-05 09:02:45
1641373366043478000,79.2,1,79.2,6,79.3,49,2,2022-01-05 09:02:46
1641373366044397000,79.2,3,79.2,3,79.3,49,2,2022-01-05 09:02:46
1641373366089109000,79.2,1,79.2,2,79.3,49,2,2022-01-05 09:02:46
1641373366104434000,79.3,1,79.2,2,79.3,48,1,2022-01-05 09:02:46
1641373366133280000,79.3,1,79.2,2,79.3,47,1,2022-01-05 09:02:46
1641373366297640000,79.3,1,79.2,2,79.3,46,1,2022-01-05 09:02:46
1641373366300587000,79.3,2,79.2,2,79.3,44,1,2022-01-05 09:02:46
1641373366360572000,79.3,2,79.2,2,79.3,42,1,2022-01-05 09:02:46
1641373366362799000,79.3,1,79.2,2,79.3,41,1,2022-01-05 09:02:46
1641373366409032000,79.3,1,79.2,2,79.3,40,1,2022-01-05 09:02:46
1641373366471191000,79.3,5,79.2,2,79.3,35,1,2022-01-05 09:02:46
1641373366595902000,79.3,1,79.2,2,79.3,34,1,2022-01-05 09:02:46
1641373366651208000,79.2,2,79.1,9,79.3,34,2,2022-01-05 09:02:46
1641373366949134000,79.3,1,79.1,9,79.3,33,1,2022-01-05 09:02:46
1641373367243075000,79.2,1,79.2,6,79.3,33,1,2022-01-05 09:02:47
1641373367274047000,79.3,6,79.1,2,79.3,27,1,2022-01-05 09:02:47
1641373367380734000,79.3,1,79.1,2,79.3,26,1,2022-01-05 09:02:47
1641373367761159000,79.1,1,79.1,1,79.2,2,2,2022-01-05 09:02:47
1641373368096686000,79.1,1,79.0,4,79.2,2,2,2022-01-05 09:02:48
1641373368740918000,79.1,1,79.0,4,79.2,3,2,2022-01-05 09:02:48
1641373369313778000,79.1,1,79.0,4,79.2,3,1,2022-01-05 09:02:49
1641373369755207000,79.0,4,78.9,1,79.2,3,2,2022-01-05 09:02:49
1641373369755207000,78.9,6,78.9,1,79.2,3,2,2022-01-05 09:02:49
1641373370348664000,79.1,1,78.9,1,79.2,2,1,2022-01-05 09:02:50
1641373370384037000,79.2,2,79.2,3,79.3,26,1,2022-01-05 09:02:50
1641373370504103000,79.2,3,78.9,1,79.2,1,2,2022-01-05 09:02:50
1641373370796072000,79.0,1,78.9,1,79.0,5,1,2022-01-05 09:02:50
1641373371033490000,79.0,1,78.9,2,79.0,4,1,2022-01-05 09:02:51
1641373371127134000,79.0,1,78.9,2,79.0,3,1,2022-01-05 09:02:51
1641373371862789000,79.0,1,78.9,2,79.0,2,1,2022-01-05 09:02:51
1641373372347430000,79.0,1,78.9,2,79.0,1,1,2022-01-05 09:02:52
1641373372855903000,78.9,1,78.9,2,79.0,6,2,2022-01-05 09:02:52
1641373373632133000,78.9,2,78.8,2,78.9,3,2,2022-01-05 09:02:53
1641373373802221000,78.9,1,78.8,2,78.9,2,1,2022-01-05 09:02:53
1641373373856593000,78.9,1,78.8,2,78.9,1,1,2022-01-05 09:02:53
1641373373934429000,78.8,1,78.8,1,78.9,1,2,2022-01-05 09:02:53
1641373374263920000,78.9,1,78.8,1,79.0,6,1,2022-01-05 09:02:54
1641373375402105000,78.9,1,78.8,1,78.9,5,2,2022-01-05 09:02:55
1641373375504577000,78.8,1,78.7,5,78.9,5,2,2022-01-05 09:02:55
1641373376101043000,78.9,1,78.7,6,78.9,4,1,2022-01-05 09:02:56
1641373376250757000,78.7,3,78.7,3,78.9,4,2,2022-01-05 09:02:56
1641373377097520000,78.7,2,78.7,1,78.9,9,2,2022-01-05 09:02:57
1641373377194348000,78.9,1,78.6,3,78.9,8,1,2022-01-05 09:02:57
1641373377948261000,78.7,3,78.6,1,78.8,5,2,2022-01-05 09:02:57
1641373377948261000,78.6,3,78.6,1,78.8,5,2,2022-01-05 09:02:57
1641373378093608000,78.6,1,78.5,10,78.8,5,2,2022-01-05 09:02:58
1641373378310167000,78.8,1,78.5,10,78.8,4,1,2022-01-05 09:02:58
1641373380259038000,78.7,1,78.6,3,78.8,5,1,2022-01-05 09:03:00
1641373380446211000,78.7,1,78.6,5,78.7,5,1,2022-01-05 09:03:00
1641373380724067000,78.6,5,78.5,11,78.6,3,2,2022-01-05 09:03:00
1641373380800772000,78.5,1,78.5,10,78.6,3,2,2022-01-05 09:03:00
1641373380801617000,78.6,3,78.5,10,78.7,5,1,2022-01-05 09:03:00
1641373381059374000,78.6,1,78.5,10,78.7,6,1,2022-01-05 09:03:01
1641373381267585000,78.6,1,78.5,10,78.6,1,2,2022-01-05 09:03:01
1641373381354001000,78.6,1,78.6,1,78.7,6,1,2022-01-05 09:03:01
1641373381753816000,78.7,6,78.6,1,78.8,3,1,2022-01-05 09:03:01
1641373381753816000,78.8,4,78.6,1,78.8,3,1,2022-01-05 09:03:01
1641373381848854000,78.6,1,78.5,11,78.7,1,2,2022-01-05 09:03:01
1641373381947780000,78.7,1,78.5,11,78.9,15,1,2022-01-05 09:03:01
1641373381947780000,78.8,3,78.5,11,78.9,15,1,2022-01-05 09:03:01
1641373381947780000,78.9,1,78.5,11,78.9,15,1,2022-01-05 09:03:01
1641373382365220000,78.6,1,78.5,11,78.9,15,2,2022-01-05 09:03:02
1641373383204670000,78.8,1,78.6,2,78.8,9,1,2022-01-05 09:03:03
1641373383225737000,78.6,1,78.6,1,78.8,9,2,2022-01-05 09:03:03
1641373383388250000,78.6,1,78.5,11,78.7,1,2,2022-01-05 09:03:03
1641373383896338000,78.5,3,78.5,8,78.7,2,2,2022-01-05 09:03:03
1641373385190625000,78.6,5,78.6,7,78.7,2,2,2022-01-05 09:03:05
1641373387643159000,78.6,2,78.6,14,78.7,2,2,2022-01-05 09:03:07
1641373387681528000,78.6,1,78.6,13,78.7,2,2,2022-01-05 09:03:07
1641373388223083000,78.7,2,78.6,13,78.8,1,1,2022-01-05 09:03:08
1641373388413913000,78.6,5,78.6,8,78.8,1,2,2022-01-05 09:03:08
1641373388462986000,78.6,1,78.6,7,78.8,11,2,2022-01-05 09:03:08
1641373388732062000,78.6,1,78.6,6,78.8,12,2,2022-01-05 09:03:08
1641373389534159000,78.8,1,78.7,26,78.8,11,1,2022-01-05 09:03:09
1641373389561995000,78.8,8,78.7,26,78.8,3,1,2022-01-05 09:03:09
1641373389568294000,78.7,1,78.7,25,78.8,3,2,2022-01-05 09:03:09
1641373389754032000,78.7,2,78.7,23,78.8,3,2,2022-01-05 09:03:09
1641373389755886000,78.8,3,78.7,23,78.9,16,1,2022-01-05 09:03:09
1641373390195703000,78.8,1,78.7,21,78.9,15,2,2022-01-05 09:03:10
1641373390195703000,78.7,2,78.7,21,78.9,15,2,2022-01-05 09:03:10
1641373390349774000,78.9,1,78.7,21,78.9,14,1,2022-01-05 09:03:10
1641373390470770000,78.8,1,78.8,1,78.9,14,2,2022-01-05 09:03:10
1641373390836243000,78.9,1,78.8,1,78.9,13,1,2022-01-05 09:03:10
1641373392006646000,78.8,1,78.8,5,78.9,13,2,2022-01-05 09:03:12
1641373392346317000,78.9,3,78.8,5,78.9,10,1,2022-01-05 09:03:12
1641373392382251000,78.9,3,78.8,5,78.9,7,1,2022-01-05 09:03:12
1641373392414376000,78.9,6,78.8,5,78.9,1,1,2022-01-05 09:03:12
1641373392449587000,78.9,1,78.8,5,79.0,41,1,2022-01-05 09:03:12
1641373392956540000,78.9,1,78.8,6,79.0,41,1,2022-01-05 09:03:12
1641373393062405000,78.8,1,78.8,5,79.0,41,2,2022-01-05 09:03:13
1641373393106880000,78.8,1,78.8,4,79.0,41,2,2022-01-05 09:03:13
1641373393861304000,78.9,1,78.9,1,79.0,41,2,2022-01-05 09:03:13
1641373394335869000,78.9,1,78.9,1,79.0,41,2,2022-01-05 09:03:14
1641373394669605000,78.9,1,78.8,6,79.0,41,2,2022-01-05 09:03:14
1641373394669605000,78.8,1,78.8,6,79.0,41,2,2022-01-05 09:03:14
1641373394956925000,78.8,1,78.8,5,79.0,47,2,2022-01-05 09:03:14
1641373395013234000,79.0,1,78.8,5,79.0,46,1,2022-01-05 09:03:15
1641373395580640000,78.9,1,78.8,6,79.0,46,1,2022-01-05 09:03:15
1641373395859357000,78.8,1,78.8,6,79.0,46,2,2022-01-05 09:03:15
1641373395915086000,79.0,1,78.8,6,79.0,45,1,2022-01-05 09:03:15
1641373397030024000,78.9,1,78.8,8,79.0,44,1,2022-01-05 09:03:17
1641373398851050000,79.0,3,78.9,3,79.0,42,1,2022-01-05 09:03:18
1641373399891128000,78.9,2,78.9,1,79.0,42,2,2022-01-05 09:03:19
1641373400295066000,78.9,1,78.9,2,79.0,42,2,2022-01-05 09:03:20
1641373401443146000,78.9,2,78.9,1,79.0,42,2,2022-01-05 09:03:21
1641373401475702000,78.9,1,78.8,11,79.0,42,2,2022-01-05 09:03:21
1641373402550798000,78.8,13,78.8,5,79.0,42,2,2022-01-05 09:03:22
1641373402895880000,78.8,5,78.7,6,78.8,3,2,2022-01-05 09:03:22
1641373403229513000,78.8,2,78.7,6,78.8,2,1,2022-01-05 09:03:23
1641373404061874000,78.8,10,78.7,7,78.8,42,1,2022-01-05 09:03:24
1641373404383430000,78.7,6,78.7,1,78.8,42,2,2022-01-05 09:03:24
1641373404471639000,78.7,1,78.6,19,78.9,10,2,2022-01-05 09:03:24
1641373404471639000,78.6,2,78.6,19,78.9,10,2,2022-01-05 09:03:24
1641373404636219000,78.9,1,78.6,19,78.9,9,1,2022-01-05 09:03:24
1641373406549139000,78.9,1,78.8,1,78.9,8,1,2022-01-05 09:03:26
1641373406782657000,78.8,1,78.5,22,78.9,8,2,2022-01-05 09:03:26
1641373406782657000,78.6,19,78.5,22,78.9,8,2,2022-01-05 09:03:26
1641373407292941000,78.5,3,78.5,20,78.8,2,2,2022-01-05 09:03:27
1641373407618584000,78.7,1,78.5,20,78.6,2,2,2022-01-05 09:03:27
1641373407952020000,78.5,20,78.4,4,78.6,2,2,2022-01-05 09:03:27
1641373407985946000,78.6,2,78.4,4,78.8,2,1,2022-01-05 09:03:27
1641373407985946000,78.8,1,78.4,4,78.8,2,1,2022-01-05 09:03:27
1641373408270899000,78.4,1,78.4,3,78.5,4,2,2022-01-05 09:03:28
1641373408600830000,78.5,10,78.4,3,78.5,8,1,2022-01-05 09:03:28
1641373408694539000,78.5,1,78.4,3,78.5,7,1,2022-01-05 09:03:28
1641373409622398000,78.5,1,78.4,3,78.5,6,1,2022-01-05 09:03:29
1641373411628829000,78.5,5,78.4,4,78.5,1,1,2022-01-05 09:03:31
1641373412477907000,78.4,1,78.4,3,78.5,7,2,2022-01-05 09:03:32
1641373412665801000,78.4,1,78.4,2,78.5,7,2,2022-01-05 09:03:32
1641373412893268000,78.5,1,78.4,2,78.5,6,1,2022-01-05 09:03:32
1641373413292418000,78.4,1,78.4,1,78.5,6,2,2022-01-05 09:03:33
1641373413418627000,78.4,1,78.3,8,78.5,6,2,2022-01-05 09:03:33
1641373414386196000,78.4,1,78.3,9,78.5,8,2,2022-01-05 09:03:34
1641373415450041000,78.5,2,78.3,9,78.5,17,1,2022-01-05 09:03:35
1641373415610074000,78.4,1,78.3,9,78.5,17,2,2022-01-05 09:03:35
1641373415725059000,78.3,1,78.3,8,78.5,17,2,2022-01-05 09:03:35
1641373415992342000,78.4,1,78.3,8,78.5,18,2,2022-01-05 09:03:35
1641373417363022000,78.5,16,78.3,9,78.5,3,1,2022-01-05 09:03:37
1641373417390045000,78.5,3,78.3,9,78.6,1,1,2022-01-05 09:03:37
1641373419803769000,78.5,1,78.4,10,78.6,1,2,2022-01-05 09:03:39
1641373419803769000,78.4,1,78.4,10,78.6,1,2,2022-01-05 09:03:39
1641373420615150000,78.4,10,78.4,2,78.6,1,2,2022-01-05 09:03:40
1641373420877041000,78.5,1,78.4,2,78.5,1,1,2022-01-05 09:03:40
1641373421659806000,78.5,1,78.4,2,78.5,1,1,2022-01-05 09:03:41
1641373421799377000,78.5,1,78.4,2,78.6,1,1,2022-01-05 09:03:41
1641373422131461000,78.4,2,78.3,10,78.6,1,2,2022-01-05 09:03:42
1641373422131461000,78.3,1,78.3,10,78.6,1,2,2022-01-05 09:03:42
1641373422424424000,78.5,1,78.5,1,78.6,2,1,2022-01-05 09:03:42
1641373423043997000,78.5,1,78.4,1,78.6,2,2,2022-01-05 09:03:43
1641373424036579000,78.4,1,78.4,8,78.6,3,2,2022-01-05 09:03:44
1641373425662574000,78.4,2,78.4,7,78.6,3,2,2022-01-05 09:03:45
1641373427081014000,78.5,1,78.4,11,78.7,2,1,2022-01-05 09:03:47
1641373427081014000,78.6,3,78.4,11,78.7,2,1,2022-01-05 09:03:47
1641373427081014000,78.7,1,78.4,11,78.7,2,1,2022-01-05 09:03:47
1641373428115134000,78.5,1,78.5,4,78.6,4,2,2022-01-05 09:03:48
1641373428474164000,78.5,1,78.5,4,78.6,4,2,2022-01-05 09:03:48
1641373429189386000,78.5,1,78.5,3,78.6,4,2,2022-01-05 09:03:49
1641373429931971000,78.6,1,78.5,4,78.6,5,1,2022-01-05 09:03:49
1641373429963836000,78.6,5,78.5,4,78.7,2,1,2022-01-05 09:03:49
1641373430471419000,78.5,3,78.5,1,78.7,2,2,2022-01-05 09:03:50
1641373430845348000,78.7,2,78.6,2,78.8,21,1,2022-01-05 09:03:50
1641373430872690000,78.8,1,78.6,2,78.8,20,1,2022-01-05 09:03:50
1641373432043606000,78.6,1,78.6,1,78.8,20,2,2022-01-05 09:03:52
1641373432353438000,78.6,4,78.6,8,78.8,20,2,2022-01-05 09:03:52
1641373433295427000,78.6,1,78.6,7,78.8,20,2,2022-01-05 09:03:53
1641373433494231000,78.6,1,78.6,6,78.8,20,2,2022-01-05 09:03:53
1641373433527244000,78.6,3,78.6,3,78.8,20,2,2022-01-05 09:03:53
1641373433796037000,78.6,1,78.6,3,78.8,20,2,2022-01-05 09:03:53
1641373436782626000,78.7,1,78.6,7,78.8,20,1,2022-01-05 09:03:56
1641373441557585000,78.6,1,78.6,11,78.8,20,2,2022-01-05 09:04:01
1641373441595805000,78.8,8,78.7,21,78.8,12,1,2022-01-05 09:04:01
1641373441629245000,78.8,12,78.7,21,78.9,10,1,2022-01-05 09:04:01
1641373441663660000,78.9,10,78.7,21,79.0,27,1,2022-01-05 09:04:01
1641373441831088000,78.7,2,78.7,40,79.0,27,2,2022-01-05 09:04:01
1641373442066106000,78.8,1,78.7,80,79.0,27,1,2022-01-05 09:04:02
1641373442870865000,78.7,1,78.6,11,79.0,27,2,2022-01-05 09:04:02
1641373443970955000,78.8,1,78.7,2,79.0,47,1,2022-01-05 09:04:03
1641373444005262000,79.0,10,78.7,2,79.0,37,1,2022-01-05 09:04:04
1641373444634935000,78.8,1,78.7,2,79.0,37,2,2022-01-05 09:04:04
1641373445771743000,79.0,2,78.8,1,79.0,35,1,2022-01-05 09:04:05
1641373445804142000,78.8,1,78.7,2,79.0,35,2,2022-01-05 09:04:05
1641373446940311000,78.9,2,78.9,38,79.0,35,2,2022-01-05 09:04:06
1641373446974177000,78.9,4,78.9,54,79.0,35,2,2022-01-05 09:04:06
1641373448073061000,79.0,2,78.9,134,79.0,34,1,2022-01-05 09:04:08
1641373448127875000,79.0,34,78.9,154,79.1,43,1,2022-01-05 09:04:08
1641373449236229000,79.1,5,79.0,2,79.1,38,1,2022-01-05 09:04:09
1641373450608065000,79.1,1,79.0,5,79.1,37,1,2022-01-05 09:04:10
1641373450992267000,79.0,3,78.7,4,79.0,2,2,2022-01-05 09:04:10
1641373451870785000,79.0,1,78.8,2,79.0,1,1,2022-01-05 09:04:11
1641373451887465000,79.0,1,78.8,2,79.1,37,1,2022-01-05 09:04:11
1641373452701434000,79.0,1,78.8,4,79.0,9,1,2022-01-05 09:04:12
1641373453558668000,79.0,1,78.8,4,79.0,8,1,2022-01-05 09:04:13
1641373453751281000,79.0,1,78.8,4,79.0,7,1,2022-01-05 09:04:13
1641373453946353000,79.0,1,78.8,4,79.0,6,1,2022-01-05 09:04:13
1641373454446574000,79.0,1,78.8,4,79.0,5,1,2022-01-05 09:04:14
1641373454780428000,79.0,1,78.8,4,79.0,4,1,2022-01-05 09:04:14
1641373454786529000,79.0,1,78.8,4,79.0,3,1,2022-01-05 09:04:14
1641373455089332000,79.0,1,78.8,4,79.0,2,1,2022-01-05 09:04:15
1641373455290026000,79.0,1,78.8,4,79.0,1,1,2022-01-05 09:04:15
1641373455323634000,79.0,1,78.8,4,79.1,37,1,2022-01-05 09:04:15
1641373456109044000,79.0,1,78.8,4,79.0,20,1,2022-01-05 09:04:16
1641373456430473000,79.0,1,78.9,4,79.0,19,1,2022-01-05 09:04:16
1641373456699995000,79.0,1,78.9,4,79.0,18,1,2022-01-05 09:04:16
1641373456724396000,79.0,1,78.9,4,79.0,17,1,2022-01-05 09:04:16
1641373457561158000,79.0,1,78.9,4,79.0,24,1,2022-01-05 09:04:17
1641373459703474000,79.0,1,78.9,5,79.0,49,1,2022-01-05 09:04:19
1641373460336860000,79.0,5,78.9,5,79.0,44,1,2022-01-05 09:04:20
1641373460423709000,79.0,1,78.9,6,79.0,43,1,2022-01-05 09:04:20
1641373460448761000,79.0,5,78.9,6,79.0,38,1,2022-01-05 09:04:20
1641373460497330000,78.9,2,78.9,4,79.0,38,2,2022-01-05 09:04:20
1641373460569832000,79.0,2,78.9,4,79.0,36,1,2022-01-05 09:04:20
1641373460927916000,79.0,1,78.9,4,79.0,35,1,2022-01-05 09:04:20
1641373461058839000,79.0,1,78.9,4,79.0,34,1,2022-01-05 09:04:21
1641373461236318000,79.0,1,78.9,4,79.0,33,1,2022-01-05 09:04:21
1641373461269025000,79.0,2,78.9,4,79.0,31,1,2022-01-05 09:04:21
1641373461635290000,78.9,4,78.8,18,79.0,31,2,2022-01-05 09:04:21
1641373461635290000,78.8,1,78.8,18,79.0,31,2,2022-01-05 09:04:21
1641373462920861000,79.0,3,78.9,4,79.0,28,1,2022-01-05 09:04:22
1641373463060463000,79.0,1,78.9,4,79.0,27,1,2022-01-05 09:04:23
1641373463330041000,79.0,2,78.9,4,79.0,25,1,2022-01-05 09:04:23
1641373465454973000,79.0,1,78.9,4,79.0,25,1,2022-01-05 09:04:25
1641373466337687000,79.0,1,78.9,4,79.0,25,1,2022-01-05 09:04:26
1641373466409138000,79.0,20,78.9,4,79.0,5,1,2022-01-05 09:04:26
1641373467600689000,79.0,5,78.9,12,79.1,32,1,2022-01-05 09:04:27
1641373467600689000,79.1,5,78.9,12,79.1,32,1,2022-01-05 09:04:27
1641373468297185000,79.1,1,78.9,13,79.1,33,1,2022-01-05 09:04:28
1641373469269317000,79.0,4,78.9,14,79.1,33,2,2022-01-05 09:04:29
1641373470085317000,79.0,1,79.0,9,79.1,33,2,2022-01-05 09:04:30
1641373470089816000,79.1,1,79.0,9,79.1,32,1,2022-01-05 09:04:30
1641373471774586000,79.1,2,79.0,10,79.1,30,1,2022-01-05 09:04:31
1641373472475898000,79.1,2,79.0,13,79.1,28,1,2022-01-05 09:04:32
1641373473082206000,79.1,1,79.0,13,79.1,27,1,2022-01-05 09:04:33
1641373473369576000,79.1,2,79.0,14,79.1,25,1,2022-01-05 09:04:33
1641373473674724000,79.1,5,79.0,14,79.1,20,1,2022-01-05 09:04:33
1641373474234944000,79.1,1,79.0,22,79.1,19,1,2022-01-05 09:04:34
1641373474434749000,79.1,2,79.0,22,79.1,17,1,2022-01-05 09:04:34
1641373474458800000,79.1,3,79.0,22,79.1,14,1,2022-01-05 09:04:34
1641373474956165000,79.1,1,79.0,22,79.1,13,1,2022-01-05 09:04:34
1641373474993351000,79.1,7,79.0,22,79.1,6,1,2022-01-05 09:04:34
1641373475024733000,79.1,6,79.0,22,79.2,4,1,2022-01-05 09:04:35
1641373475111989000,79.2,1,79.0,22,79.2,3,1,2022-01-05 09:04:35
1641373475319139000,79.0,1,79.0,21,79.2,3,2,2022-01-05 09:04:35
1641373476448124000,79.2,1,79.1,1,79.2,2,1,2022-01-05 09:04:36
1641373477054941000,79.1,1,79.1,1,79.2,2,2,2022-01-05 09:04:37
1641373477701851000,79.1,1,79.0,21,79.2,2,2,2022-01-05 09:04:37
1641373479595475000,79.1,1,79.1,1,79.2,2,2,2022-01-05 09:04:39
1641373479629557000,79.2,2,79.1,1,79.3,24,1,2022-01-05 09:04:39
1641373479629557000,79.3,3,79.1,1,79.3,24,1,2022-01-05 09:04:39
1641373481563774000,79.2,1,79.2,1,79.3,24,2,2022-01-05 09:04:41
1641373481671237000,79.2,2,79.1,2,79.3,24,2,2022-01-05 09:04:41
1641373483444629000,79.1,5,79.0,29,79.2,2,2,2022-01-05 09:04:43
1641373484436850000,79.1,3,79.1,1,79.2,8,2,2022-01-05 09:04:44
1641373484436879000,79.1,1,79.0,30,79.2,8,2,2022-01-05 09:04:44
1641373485343810000,79.1,1,79.0,30,79.2,9,2,2022-01-05 09:04:45
1641373485646628000,79.2,1,79.0,30,79.2,8,1,2022-01-05 09:04:45
1641373485683777000,79.2,2,79.0,28,79.2,6,1,2022-01-05 09:04:45
1641373486046255000,79.1,1,79.0,28,79.1,2,1,2022-01-05 09:04:46
1641373487647480000,79.1,2,79.0,29,79.2,5,1,2022-01-05 09:04:47
1641373487647480000,79.2,1,79.0,29,79.2,5,1,2022-01-05 09:04:47
1641373487783302000,79.0,1,79.0,28,79.2,5,2,2022-01-05 09:04:47
1641373487858935000,79.1,1,79.0,28,79.2,5,2,2022-01-05 09:04:47
1641373488792097000,79.1,1,79.0,30,79.2,5,2,2022-01-05 09:04:48
1641373488826151000,79.0,6,79.0,24,79.2,5,2,2022-01-05 09:04:48
1641373488859401000,79.0,8,79.0,16,79.2,5,2,2022-01-05 09:04:48
1641373490745973000,79.0,2,79.0,27,79.1,3,2,2022-01-05 09:04:50
1641373490782513000,79.1,1,79.0,27,79.1,2,1,2022-01-05 09:04:50
1641373490822243000,79.1,1,79.0,27,79.1,1,1,2022-01-05 09:04:50
1641373492966517000,79.1,2,79.0,27,79.3,23,1,2022-01-05 09:04:52
1641373492966517000,79.2,2,79.0,27,79.3,23,1,2022-01-05 09:04:52
1641373492966517000,79.3,6,79.0,27,79.3,23,1,2022-01-05 09:04:52
1641373493349644000,79.1,1,79.0,27,79.1,4,1,2022-01-05 09:04:53
1641373493385878000,79.0,1,79.0,26,79.1,4,2,2022-01-05 09:04:53
1641373493530948000,79.0,1,79.0,25,79.1,4,2,2022-01-05 09:04:53
1641373493879660000,79.0,20,79.0,5,79.1,4,2,2022-01-05 09:04:53
1641373493899715000,79.0,5,78.9,12,79.1,4,2,2022-01-05 09:04:53
1641373494294669000,79.0,1,78.9,11,79.1,4,1,2022-01-05 09:04:54
1641373494747395000,79.1,1,79.0,15,79.1,3,1,2022-01-05 09:04:54
1641373495863685000,79.1,5,79.0,16,79.1,2,1,2022-01-05 09:04:55
1641373496135460000,79.1,1,79.0,16,79.1,1,1,2022-01-05 09:04:56
1641373496340676000,79.1,1,79.1,1,79.2,3,1,2022-01-05 09:04:56
1641373496726685000,79.1,1,79.0,17,79.2,3,2,2022-01-05 09:04:56
1641373500238547000,79.1,3,79.1,1,79.2,3,2,2022-01-05 09:05:00
1641373500288063000,79.1,1,79.0,15,79.2,3,2,2022-01-05 09:05:00
1641373500288063000,79.0,2,79.0,15,79.2,3,2,2022-01-05 09:05:00
1641373500381656000,79.0,3,79.0,12,79.1,5,2,2022-01-05 09:05:00
1641373500565602000,79.1,1,79.0,12,79.1,4,1,2022-01-05 09:05:00
1641373501104594000,79.0,3,79.0,9,79.1,24,2,2022-01-05 09:05:01
1641373501109977000,79.0,2,79.0,7,79.1,24,2,2022-01-05 09:05:01
1641373501573134000,79.0,3,79.0,4,79.1,30,2,2022-01-05 09:05:01
1641373501608959000,79.0,4,78.9,11,79.1,30,2,2022-01-05 09:05:01
1641373501987112000,79.0,10,78.9,12,79.0,10,1,2022-01-05 09:05:01
1641373501998508000,79.0,1,78.9,12,79.0,9,1,2022-01-05 09:05:01
1641373502396680000,78.9,1,78.9,11,79.0,9,2,2022-01-05 09:05:02
1641373502444011000,79.0,5,78.9,11,79.0,4,1,2022-01-05 09:05:02
1641373502487922000,78.9,1,78.9,10,79.0,4,2,2022-01-05 09:05:02
1641373502511757000,79.0,1,78.9,10,79.0,3,1,2022-01-05 09:05:02
1641373502726539000,78.9,5,78.9,5,79.0,3,2,2022-01-05 09:05:02
1641373503859576000,79.0,2,78.9,4,79.0,9,1,2022-01-05 09:05:03
1641373504719079000,78.9,4,78.8,27,78.9,1,2,2022-01-05 09:05:04
1641373505842196000,78.9,1,78.8,27,79.0,7,1,2022-01-05 09:05:05
1641373506742528000,78.8,2,78.8,25,79.0,18,2,2022-01-05 09:05:06
1641373512560261000,78.8,10,78.8,13,78.9,5,2,2022-01-05 09:05:12
1641373512586758000,78.8,13,78.7,11,78.9,5,2,2022-01-05 09:05:12
1641373513065655000,78.8,1,78.7,10,78.8,9,1,2022-01-05 09:05:13
1641373513566393000,78.8,2,78.7,11,78.8,7,1,2022-01-05 09:05:13
1641373513963168000,78.8,1,78.7,11,78.8,6,1,2022-01-05 09:05:13
1641373514361512000,78.7,1,78.7,10,78.8,6,2,2022-01-05 09:05:14
1641373515280022000,78.8,1,78.7,10,78.8,6,1,2022-01-05 09:05:15
1641373519348922000,78.7,1,78.7,12,78.8,11,2,2022-01-05 09:05:19
1641373519904467000,78.7,5,78.7,6,78.8,6,2,2022-01-05 09:05:19
1641373520830595000,78.8,1,78.7,6,78.8,7,1,2022-01-05 09:05:20
1641373520931990000,78.8,3,78.7,6,78.8,2,1,2022-01-05 09:05:20
1641373520995152000,78.7,1,78.7,5,78.8,4,2,2022-01-05 09:05:20
1641373521141424000,78.7,1,78.7,4,78.8,6,2,2022-01-05 09:05:21
1641373522028106000,78.8,1,78.7,4,78.8,6,1,2022-01-05 09:05:22
1641373523432380000,78.7,1,78.7,3,78.8,4,2,2022-01-05 09:05:23
1641373523876782000,78.7,1,78.7,2,78.8,4,2,2022-01-05 09:05:23
1641373525057670000,78.7,3,78.6,16,78.8,4,2,2022-01-05 09:05:25
1641373525549104000,78.6,3,78.6,14,78.8,6,2,2022-01-05 09:05:25
1641373525724031000,78.8,2,78.6,14,78.8,4,1,2022-01-05 09:05:25
1641373530282514000,78.6,6,78.5,36,78.6,4,2,2022-01-05 09:05:30
1641373530288079000,78.6,1,78.5,36,78.6,3,1,2022-01-05 09:05:30
1641373532067790000,78.5,1,78.5,35,78.6,11,2,2022-01-05 09:05:32
1641373532371011000,78.6,1,78.5,35,78.6,10,1,2022-01-05 09:05:32
1641373532608630000,78.5,10,78.5,25,78.6,10,2,2022-01-05 09:05:32
1641373533877628000,78.6,1,78.5,25,78.6,11,1,2022-01-05 09:05:33
1641373533942311000,78.5,5,78.5,20,78.6,4,2,2022-01-05 09:05:33
1641373534394999000,78.5,19,78.5,1,78.6,4,2,2022-01-05 09:05:34
1641373534421157000,78.5,1,78.4,91,78.6,3,2,2022-01-05 09:05:34
1641373534730523000,78.4,1,78.4,90,78.6,5,2,2022-01-05 09:05:34
1641373534767263000,78.4,10,78.3,18,78.4,10,2,2022-01-05 09:05:34
1641373534856002000,78.3,18,78.2,5,78.4,12,2,2022-01-05 09:05:34
1641373534968999000,78.2,5,78.1,8,78.3,3,2,2022-01-05 09:05:34
1641373535017013000,78.3,1,78.1,8,78.3,2,1,2022-01-05 09:05:35
1641373536627445000,78.1,1,78.1,7,78.2,1,2,2022-01-05 09:05:36
1641373536649513000,78.1,7,78.0,40,78.2,1,2,2022-01-05 09:05:36
1641373537204070000,78.0,16,78.0,24,78.2,3,2,2022-01-05 09:05:37
1641373537233232000,78.0,21,78.0,3,78.2,3,2,2022-01-05 09:05:37
1641373537234944000,78.0,3,77.9,4,78.0,17,2,2022-01-05 09:05:37
1641373538710990000,78.0,1,77.9,4,78.0,16,1,2022-01-05 09:05:38
1641373538801777000,77.9,3,77.9,1,78.0,36,2,2022-01-05 09:05:38
1641373539461275000,78.0,5,77.9,1,78.0,31,1,2022-01-05 09:05:39
1641373539465279000,77.9,1,77.8,3,78.0,31,2,2022-01-05 09:05:39
1641373540068307000,78.0,2,77.8,3,78.0,29,1,2022-01-05 09:05:40
1641373540758031000,78.0,2,77.8,4,78.0,27,1,2022-01-05 09:05:40
1641373541243141000,78.0,27,77.9,5,78.2,3,1,2022-01-05 09:05:41
1641373541353532000,77.9,1,77.9,4,78.1,1,2,2022-01-05 09:05:41
1641373541928176000,78.0,1,77.9,5,78.1,1,1,2022-01-05 09:05:41
1641373542099649000,77.9,5,77.8,4,78.1,1,2,2022-01-05 09:05:42
1641373543264603000,78.0,2,77.9,1,78.1,1,1,2022-01-05 09:05:43
1641373543309501000,78.1,1,77.9,1,78.2,1,1,2022-01-05 09:05:43
1641373543558552000,77.9,1,77.8,14,78.2,1,2,2022-01-05 09:05:43
1641373544353524000,78.0,1,77.9,2,78.0,1,1,2022-01-05 09:05:44
1641373544355932000,78.0,1,77.9,2,78.2,1,1,2022-01-05 09:05:44
1641373544748716000,77.9,2,77.8,14,78.0,1,2,2022-01-05 09:05:44
1641373545015919000,77.9,0,0.0,0,0.0,0,2,2022-01-05 09:05:45
1641373665334618000,78.1,91,78.1,35,78.2,7,1,2022-01-05 09:07:45
1641373666829129000,78.1,1,78.1,34,78.2,7,2,2022-01-05 09:07:46
1641373666900977000,78.1,1,78.1,33,78.2,7,2,2022-01-05 09:07:46
1641373667804097000,78.2,1,78.1,33,78.2,6,1,2022-01-05 09:07:47
1641373667828191000,78.1,10,78.1,23,78.2,6,2,2022-01-05 09:07:47
1641373670355387000,78.1,1,78.1,24,78.2,6,2,2022-01-05 09:07:50
1641373670418435000,78.2,5,78.1,24,78.2,1,1,2022-01-05 09:07:50
1641373670455496000,78.2,1,78.1,24,78.3,16,1,2022-01-05 09:07:50
1641373674620143000,78.3,1,78.2,11,78.3,15,1,2022-01-05 09:07:54
1641373674647044000,78.3,2,78.2,11,78.3,13,1,2022-01-05 09:07:54
1641373674762457000,78.3,2,78.2,12,78.3,11,1,2022-01-05 09:07:54
1641373675260569000,78.3,11,78.2,12,78.4,13,1,2022-01-05 09:07:55
1641373677748577000,78.4,10,78.3,7,78.4,6,1,2022-01-05 09:07:57
1641373677780844000,78.4,6,78.3,7,78.5,6,1,2022-01-05 09:07:57
1641373679484603000,78.5,2,78.3,11,78.5,3,1,2022-01-05 09:07:59
1641373679510319000,78.5,3,78.3,11,78.6,17,1,2022-01-05 09:07:59
1641373681167388000,78.5,1,78.3,13,78.5,1,1,2022-01-05 09:08:01
1641373681774787000,78.5,1,78.3,16,78.6,17,1,2022-01-05 09:08:01
1641373683112348000,78.6,1,78.5,1,78.6,16,1,2022-01-05 09:08:03
1641373684284739000,78.6,5,78.5,2,78.6,11,1,2022-01-05 09:08:04
1641373685215227000,78.6,1,78.5,2,78.6,10,1,2022-01-05 09:08:05
1641373686262546000,78.5,1,78.5,7,78.6,15,2,2022-01-05 09:08:06
1641373686303024000,78.5,7,78.4,4,78.6,15,2,2022-01-05 09:08:06
1641373688024758000,78.6,3,78.5,4,78.6,12,1,2022-01-05 09:08:08
1641373689095072000,78.5,1,78.5,8,78.6,12,2,2022-01-05 09:08:09
1641373689650362000,78.6,1,78.5,8,78.6,11,1,2022-01-05 09:08:09
1641373690562682000,78.6,1,78.5,9,78.6,10,1,2022-01-05 09:08:10
1641373690567763000,78.6,1,78.5,9,78.6,9,1,2022-01-05 09:08:10
1641373690579660000,78.5,1,78.5,8,78.6,9,2,2022-01-05 09:08:10
1641373692404652000,78.6,1,78.5,12,78.6,8,1,2022-01-05 09:08:12
1641373692408768000,78.6,1,78.5,12,78.6,7,1,2022-01-05 09:08:12
1641373692434154000,78.5,1,78.5,11,78.6,7,2,2022-01-05 09:08:12
1641373692889128000,78.6,1,78.5,11,78.6,6,1,2022-01-05 09:08:12
1641373693142464000,78.5,1,78.5,11,78.6,6,2,2022-01-05 09:08:13
1641373693590144000,78.6,2,78.5,11,78.6,4,1,2022-01-05 09:08:13
1641373695872187000,78.6,4,78.5,19,78.7,7,1,2022-01-05 09:08:15
1641373696643604000,78.7,1,78.6,2,78.7,6,1,2022-01-05 09:08:16
1641373696698090000,78.7,6,78.6,2,78.9,3,1,2022-01-05 09:08:16
1641373697028043000,78.6,1,78.6,2,78.9,4,2,2022-01-05 09:08:17
1641373697178456000,78.6,2,78.5,24,78.6,3,2,2022-01-05 09:08:17
1641373697227441000,78.6,3,78.5,21,78.9,4,1,2022-01-05 09:08:17
1641373698695904000,78.6,2,78.5,6,78.9,4,2,2022-01-05 09:08:18
1641373698695904000,78.5,18,78.5,6,78.9,4,2,2022-01-05 09:08:18
1641373699249184000,78.5,6,78.4,6,78.8,5,2,2022-01-05 09:08:19
1641373700613880000,78.4,3,78.3,8,78.4,2,2,2022-01-05 09:08:20
1641373700943581000,78.4,2,78.3,6,78.4,1,1,2022-01-05 09:08:20
1641373700952435000,78.4,1,78.3,6,78.5,20,1,2022-01-05 09:08:20
1641373701152735000,78.5,1,78.3,6,78.5,19,1,2022-01-05 09:08:21
1641373701436383000,78.5,1,78.3,6,78.5,18,1,2022-01-05 09:08:21
1641373701763393000,78.3,4,78.3,2,78.5,18,2,2022-01-05 09:08:21
1641373702082875000,78.3,2,78.2,9,78.4,11,2,2022-01-05 09:08:22
1641373702096386000,78.4,1,78.2,9,78.4,10,1,2022-01-05 09:08:22
1641373702572853000,78.4,1,78.2,9,78.4,9,1,2022-01-05 09:08:22
1641373703443447000,78.2,1,78.2,8,78.4,9,2,2022-01-05 09:08:23
1641373703988260000,78.4,1,78.2,8,78.4,8,1,2022-01-05 09:08:23
1641373705426689000,78.2,8,78.1,23,78.3,2,2,2022-01-05 09:08:25
1641373706574138000,78.1,20,78.1,3,78.2,1,2,2022-01-05 09:08:26
1641373706580450000,78.2,1,78.1,3,78.3,2,1,2022-01-05 09:08:26
1641373706605280000,78.1,3,78.0,45,78.3,2,2,2022-01-05 09:08:26
1641373707592612000,78.0,5,78.0,41,78.1,1,2,2022-01-05 09:08:27
1641373708707367000,78.0,3,78.0,38,78.1,2,2,2022-01-05 09:08:28
1641373710176704000,78.0,3,78.0,35,78.1,2,2,2022-01-05 09:08:30
1641373710379074000,78.0,3,78.0,32,78.1,2,2,2022-01-05 09:08:30
1641373710584877000,78.0,3,78.0,29,78.1,12,2,2022-01-05 09:08:30
1641373710622154000,78.0,1,78.0,28,78.1,12,2,2022-01-05 09:08:30
1641373710967941000,78.1,1,78.0,28,78.1,10,1,2022-01-05 09:08:30
1641373711011511000,78.0,10,78.0,18,78.1,10,2,2022-01-05 09:08:31
1641373711063365000,78.1,1,78.0,18,78.1,9,1,2022-01-05 09:08:31
1641373711136877000,78.0,1,78.0,17,78.1,9,2,2022-01-05 09:08:31
1641373711428263000,78.0,1,78.0,17,78.1,9,2,2022-01-05 09:08:31
1641373711603337000,78.0,1,78.0,16,78.1,9,2,2022-01-05 09:08:31
1641373712405930000,78.0,5,78.0,11,78.1,9,2,2022-01-05 09:08:32
1641373712685186000,78.0,1,78.0,11,78.1,9,2,2022-01-05 09:08:32
1641373713051531000,78.1,1,78.0,11,78.1,8,1,2022-01-05 09:08:33
1641373713569762000,78.0,1,78.0,10,78.1,8,2,2022-01-05 09:08:33
1641373714116989000,78.1,1,78.0,10,78.1,7,1,2022-01-05 09:08:34
1641373714267439000,78.0,2,78.0,8,78.1,7,2,2022-01-05 09:08:34
1641373714465339000,78.1,1,78.0,8,78.1,6,1,2022-01-05 09:08:34
1641373714471737000,78.0,1,78.0,7,78.1,6,2,2022-01-05 09:08:34
1641373714805439000,78.0,7,77.9,47,78.1,6,2,2022-01-05 09:08:34
1641373714805439000,77.9,3,77.9,47,78.1,6,2,2022-01-05 09:08:34
1641373714839617000,77.9,20,77.9,27,78.1,6,2,2022-01-05 09:08:34
1641373714841254000,77.9,20,77.9,7,78.1,6,2,2022-01-05 09:08:34
1641373714842614000,77.9,7,77.8,15,77.9,13,2,2022-01-05 09:08:34
1641373714863207000,77.8,5,77.8,10,77.9,13,2,2022-01-05 09:08:34
1641373714869055000,77.8,1,77.8,9,77.9,13,2,2022-01-05 09:08:34
1641373714869958000,77.8,1,77.8,8,77.9,13,2,2022-01-05 09:08:34
1641373714939602000,77.8,8,77.7,22,77.9,13,2,2022-01-05 09:08:34
1641373715875406000,77.7,5,77.7,17,77.9,14,2,2022-01-05 09:08:35
1641373715902758000,77.7,14,77.7,3,77.9,14,2,2022-01-05 09:08:35
1641373717848693000,77.7,1,77.7,2,77.8,2,2,2022-01-05 09:08:37
1641373718475184000,77.8,1,77.7,2,77.8,1,1,2022-01-05 09:08:38
1641373718714118000,77.7,1,77.7,1,77.8,1,2,2022-01-05 09:08:38
1641373718743795000,77.7,1,77.6,17,77.8,1,2,2022-01-05 09:08:38
1641373719365219000,77.8,1,77.7,1,77.9,14,1,2022-01-05 09:08:39
1641373719853088000,77.9,1,77.7,1,77.9,13,1,2022-01-05 09:08:39
1641373720575503000,77.8,1,77.8,2,77.9,13,2,2022-01-05 09:08:40
1641373721262097000,77.8,2,77.7,2,77.8,2,2,2022-01-05 09:08:41
1641373721830534000,77.7,1,77.7,1,77.8,3,2,2022-01-05 09:08:41
1641373722975193000,77.7,1,77.6,17,77.8,5,2,2022-01-05 09:08:42
1641373723896041000,77.7,1,77.7,3,77.8,6,2,2022-01-05 09:08:43
1641373725702851000,77.7,7,77.6,9,77.8,17,2,2022-01-05 09:08:45
1641373725702851000,77.6,8,77.6,9,77.8,17,2,2022-01-05 09:08:45
1641373726547982000,77.7,1,77.6,8,77.7,1,1,2022-01-05 09:08:46
1641373727256608000,77.6,8,77.5,5,77.7,2,2,2022-01-05 09:08:47
1641373727256608000,77.5,21,77.5,5,77.7,2,2,2022-01-05 09:08:47
1641373727746021000,77.6,1,77.5,5,77.6,10,1,2022-01-05 09:08:47
1641373728008590000,77.6,1,77.5,5,77.6,11,1,2022-01-05 09:08:48
1641373728106663000,77.6,1,77.5,5,77.6,10,1,2022-01-05 09:08:48
1641373728167660000,77.6,1,77.5,5,77.6,9,1,2022-01-05 09:08:48
1641373728463117000,77.6,1,77.5,5,77.6,8,1,2022-01-05 09:08:48
1641373728569751000,77.5,1,77.5,4,77.6,8,2,2022-01-05 09:08:48
1641373728929506000,77.6,1,77.5,4,77.6,7,1,2022-01-05 09:08:48
1641373728956703000,77.5,1,77.5,3,77.6,7,2,2022-01-05 09:08:48
1641373729971528000,77.6,1,77.5,3,77.6,16,1,2022-01-05 09:08:49
1641373730286007000,77.6,1,77.5,3,77.6,15,1,2022-01-05 09:08:50
1641373730476870000,77.5,3,77.4,6,77.5,3,2,2022-01-05 09:08:50
1641373730647364000,77.4,5,77.4,1,77.5,3,2,2022-01-05 09:08:50
1641373730728172000,77.4,1,77.3,19,77.5,3,2,2022-01-05 09:08:50
1641373731737410000,77.3,1,77.3,18,77.4,2,2,2022-01-05 09:08:51
1641373732966890000,77.4,1,77.3,18,77.4,1,1,2022-01-05 09:08:52
1641373732995992000,77.4,1,77.3,18,77.5,3,1,2022-01-05 09:08:52
1641373734353147000,77.3,2,77.3,17,77.4,2,2,2022-01-05 09:08:54
1641373734509975000,77.3,1,77.3,15,77.4,2,2,2022-01-05 09:08:54
1641373735224909000,77.4,1,77.3,15,77.4,1,1,2022-01-05 09:08:55
1641373735772312000,77.3,1,77.3,14,77.4,1,2,2022-01-05 09:08:55
1641373736461383000,77.4,1,77.3,14,77.5,11,1,2022-01-05 09:08:56
1641373737137407000,77.4,1,77.3,16,77.4,9,2,2022-01-05 09:08:57
1641373737176032000,77.4,9,77.3,16,77.5,11,1,2022-01-05 09:08:57
1641373737726605000,77.5,3,77.4,13,77.5,8,1,2022-01-05 09:08:57
1641373737756029000,77.5,8,77.4,13,77.6,2,1,2022-01-05 09:08:57
1641373738895418000,77.4,1,77.4,12,77.6,2,2,2022-01-05 09:08:58
1641373738925043000,77.6,2,77.6,1,77.7,3,1,2022-01-05 09:08:58
1641373739406517000,77.6,1,77.4,11,77.5,4,2,2022-01-05 09:08:59
1641373739427185000,77.5,2,77.4,12,77.5,2,1,2022-01-05 09:08:59
1641373739786340000,77.4,2,77.4,10,77.5,2,2,2022-01-05 09:08:59
1641373740408508000,77.4,1,77.4,9,77.5,2,2,2022-01-05 09:09:00
1641373742045488000,77.5,1,77.4,14,77.5,3,1,2022-01-05 09:09:02
1641373742119432000,77.5,1,77.4,14,77.5,2,1,2022-01-05 09:09:02
1641373742155086000,77.5,2,77.4,14,77.7,8,1,2022-01-05 09:09:02
1641373742898010000,77.5,3,77.4,18,77.5,2,2,2022-01-05 09:09:02
1641373742932438000,77.5,2,77.4,18,77.7,8,1,2022-01-05 09:09:02
1641373744116522000,77.6,1,77.5,2,77.6,1,1,2022-01-05 09:09:04
1641373744435282000,77.6,1,77.5,2,77.7,8,1,2022-01-05 09:09:04
1641373744859140000,77.6,1,77.5,2,77.7,8,2,2022-01-05 09:09:04
1641373745294105000,77.5,1,77.5,5,77.7,8,2,2022-01-05 09:09:05
1641373745477093000,77.5,1,77.5,5,77.7,8,2,2022-01-05 09:09:05
1641373745771879000,77.6,1,77.4,16,77.7,8,2,2022-01-05 09:09:05
1641373745771879000,77.5,5,77.4,16,77.7,8,2,2022-01-05 09:09:05
1641373745771879000,77.4,4,77.4,16,77.7,8,2,2022-01-05 09:09:05
1641373745899650000,77.5,1,77.4,14,77.7,8,1,2022-01-05 09:09:05
1641373746069312000,77.4,1,77.4,12,77.7,8,2,2022-01-05 09:09:06
1641373748300818000,77.7,1,77.5,2,77.7,7,1,2022-01-05 09:09:08
1641373748482353000,77.5,2,77.4,11,77.5,3,2,2022-01-05 09:09:08
1641373749231477000,77.5,1,77.4,11,77.5,3,1,2022-01-05 09:09:09
1641373749488164000,77.4,2,77.4,9,77.5,3,2,2022-01-05 09:09:09
1641373749675576000,77.5,1,77.4,9,77.5,2,1,2022-01-05 09:09:09
1641373751368064000,77.4,1,77.4,8,77.5,2,2,2022-01-05 09:09:11
1641373751828609000,77.4,1,77.4,8,77.5,2,2,2022-01-05 09:09:11
1641373752397058000,77.5,1,77.4,8,77.5,1,1,2022-01-05 09:09:12
1641373752878343000,77.4,14,77.3,10,77.5,1,2,2022-01-05 09:09:12
1641373752878343000,77.3,6,77.3,10,77.5,1,2,2022-01-05 09:09:12
1641373753689700000,77.5,1,77.3,12,77.6,2,1,2022-01-05 09:09:13
1641373753850215000,77.5,1,77.3,12,77.6,2,2,2022-01-05 09:09:13
1641373754529218000,77.4,1,77.3,12,77.5,5,2,2022-01-05 09:09:14
1641373755850155000,77.3,2,77.3,11,77.5,5,2,2022-01-05 09:09:15
1641373756760244000,77.3,5,77.3,4,77.5,5,2,2022-01-05 09:09:16
1641373756787167000,77.3,4,77.2,7,77.5,5,2,2022-01-05 09:09:16
1641373757304315000,77.4,1,77.2,6,77.5,5,2,2022-01-05 09:09:17
1641373757304315000,77.2,1,77.2,6,77.5,5,2,2022-01-05 09:09:17
1641373759430357000,77.4,1,77.4,4,77.5,8,1,2022-01-05 09:09:19
1641373760663247000,77.4,1,77.4,4,77.5,9,2,2022-01-05 09:09:20
1641373761740972000,77.4,1,77.4,3,77.5,10,2,2022-01-05 09:09:21
1641373761802599000,77.4,1,77.4,2,77.5,10,2,2022-01-05 09:09:21
1641373762832806000,77.4,1,77.4,3,77.5,10,2,2022-01-05 09:09:22
1641373764835767000,77.4,1,77.4,1,77.5,10,2,2022-01-05 09:09:24
1641373765135330000,77.4,2,77.3,13,77.5,10,2,2022-01-05 09:09:25
1641373766130315000,77.4,1,77.4,1,77.5,10,1,2022-01-05 09:09:26
1641373766290321000,77.5,1,77.4,1,77.5,9,1,2022-01-05 09:09:26
1641373767730417000,77.4,1,77.4,1,77.5,15,2,2022-01-05 09:09:27
1641373770712913000,77.4,5,77.3,15,77.4,5,2,2022-01-05 09:09:30
1641373771066132000,77.4,1,77.3,15,77.4,4,1,2022-01-05 09:09:31
1641373771089543000,77.4,4,77.3,15,77.5,15,1,2022-01-05 09:09:31
1641373771171524000,77.5,1,77.3,15,77.5,14,1,2022-01-05 09:09:31
1641373771751421000,77.4,2,77.3,15,77.5,14,2,2022-01-05 09:09:31
1641373771907280000,77.3,1,77.3,15,77.5,14,2,2022-01-05 09:09:31
1641373772578878000,77.4,1,77.3,15,77.5,14,2,2022-01-05 09:09:32
1641373772646168000,77.5,10,77.3,15,77.5,4,1,2022-01-05 09:09:32
1641373772677071000,77.5,4,77.3,15,77.6,5,1,2022-01-05 09:09:32
1641373772848121000,77.4,1,77.4,1,77.6,5,2,2022-01-05 09:09:32
1641373772859289000,77.4,1,77.3,16,77.4,4,2,2022-01-05 09:09:32
1641373772890686000,77.4,4,77.3,16,77.6,5,1,2022-01-05 09:09:32
1641373773217006000,77.4,2,77.3,16,77.6,5,2,2022-01-05 09:09:33
1641373774048395000,77.6,5,77.4,4,77.7,8,1,2022-01-05 09:09:34
1641373774373896000,77.4,1,77.4,3,77.7,8,2,2022-01-05 09:09:34
1641373775358498000,77.5,3,77.4,1,77.7,8,2,2022-01-05 09:09:35
1641373775358498000,77.4,7,77.4,1,77.7,8,2,2022-01-05 09:09:35
1641373775739499000,77.5,2,77.5,1,77.7,8,2,2022-01-05 09:09:35
1641373776079552000,77.5,2,77.5,4,77.7,8,2,2022-01-05 09:09:36
1641373776117159000,77.5,1,77.5,3,77.7,8,2,2022-01-05 09:09:36
1641373776989219000,77.7,1,77.5,3,77.7,7,1,2022-01-05 09:09:36
1641373777259995000,77.5,1,77.5,4,77.7,7,2,2022-01-05 09:09:37
1641373780217792000,77.7,1,77.6,2,77.7,6,1,2022-01-05 09:09:40
1641373781144063000,77.7,6,77.6,4,77.8,9,1,2022-01-05 09:09:41
1641373781927046000,77.8,1,77.6,4,77.8,8,1,2022-01-05 09:09:41
1641373781967301000,77.8,1,77.6,4,77.8,7,1,2022-01-05 09:09:41
1641373782000219000,77.8,6,77.6,4,77.8,1,1,2022-01-05 09:09:42
1641373782033124000,77.8,1,77.6,4,77.9,15,1,2022-01-05 09:09:42
1641373782458109000,77.7,1,77.7,1,77.9,15,2,2022-01-05 09:09:42
1641373783574482000,77.9,1,77.7,2,77.9,14,1,2022-01-05 09:09:43
1641373784630946000,77.8,1,77.6,6,77.9,14,2,2022-01-05 09:09:44
1641373784630946000,77.7,3,77.6,6,77.9,14,2,2022-01-05 09:09:44
1641373784630946000,77.6,1,77.6,6,77.9,14,2,2022-01-05 09:09:44
1641373790826976000,77.8,1,77.7,3,77.8,1,1,2022-01-05 09:09:50
1641373791062349000,77.8,1,77.7,4,77.8,1,1,2022-01-05 09:09:51
1641373791820264000,77.8,1,77.7,4,77.9,16,1,2022-01-05 09:09:51
1641373794258916000,77.7,2,77.7,4,77.8,1,2,2022-01-05 09:09:54
1641373796131007000,77.8,1,77.8,4,77.9,16,1,2022-01-05 09:09:56
1641373796665008000,77.8,4,77.7,4,77.9,16,2,2022-01-05 09:09:56
1641373796665008000,77.7,1,77.7,4,77.9,16,2,2022-01-05 09:09:56
1641373797398830000,77.7,1,77.7,4,77.9,16,2,2022-01-05 09:09:57
1641373797750645000,77.7,4,77.6,7,77.8,20,2,2022-01-05 09:09:57
1641373798565125000,77.7,2,77.6,1,77.8,21,2,2022-01-05 09:09:58
1641373798565125000,77.6,5,77.6,1,77.8,21,2,2022-01-05 09:09:58
1641373799060636000,77.8,1,77.6,1,77.8,20,1,2022-01-05 09:09:59
1641373801042999000,77.6,1,77.5,15,77.7,2,2,2022-01-05 09:10:01
1641373802755920000,77.7,1,77.6,2,77.7,1,1,2022-01-05 09:10:02
1641373807507673000,77.7,1,77.6,5,77.8,32,1,2022-01-05 09:10:07
1641373808837147000,77.6,1,77.6,4,77.8,32,2,2022-01-05 09:10:08
1641373813004327000,77.6,2,77.6,9,77.8,45,2,2022-01-05 09:10:13
1641373815094755000,77.7,1,77.6,10,77.8,45,2,2022-01-05 09:10:15
1641373815351760000,77.6,3,77.6,7,77.8,45,2,2022-01-05 09:10:15
1641373816861589000,77.8,1,77.6,11,77.8,44,1,2022-01-05 09:10:16
1641373817111751000,77.7,1,77.6,11,77.7,5,1,2022-01-05 09:10:17
1641373817210842000,77.7,1,77.6,11,77.7,4,1,2022-01-05 09:10:17
1641373818523950000,77.7,1,77.6,14,77.7,3,1,2022-01-05 09:10:18
1641373825019094000,77.7,8,77.7,2,77.8,45,1,2022-01-05 09:10:25
1641373825088730000,77.7,1,77.7,1,77.8,45,2,2022-01-05 09:10:25
1641373825523406000,77.8,1,77.7,1,77.8,44,1,2022-01-05 09:10:25
1641373826394061000,77.7,1,77.7,11,77.8,44,2,2022-01-05 09:10:26
1641373828236990000,77.8,1,77.7,12,77.8,44,1,2022-01-05 09:10:28
1641373829134967000,77.7,1,77.7,16,77.8,44,2,2022-01-05 09:10:29
1641373830327498000,77.8,1,77.7,18,77.8,43,1,2022-01-05 09:10:30
1641373833008245000,77.8,3,77.7,21,77.8,40,1,2022-01-05 09:10:33
1641373833041993000,77.8,8,77.7,21,77.8,32,1,2022-01-05 09:10:33
1641373833698840000,77.8,1,77.7,21,77.8,31,1,2022-01-05 09:10:33
1641373833721630000,77.8,20,77.7,21,77.8,11,1,2022-01-05 09:10:33
1641373833744766000,77.8,11,77.7,21,78.0,8,1,2022-01-05 09:10:33
1641373833744766000,77.9,15,77.7,21,78.0,8,1,2022-01-05 09:10:33
1641373836084721000,78.0,1,77.9,8,78.0,7,1,2022-01-05 09:10:36
1641373836114160000,78.0,7,77.9,8,78.1,2,1,2022-01-05 09:10:36
1641373837337186000,78.0,1,78.0,1,78.1,2,1,2022-01-05 09:10:37
1641373840439844000,78.0,1,77.9,14,78.1,2,2,2022-01-05 09:10:40
1641373840795073000,78.1,1,77.9,14,78.1,1,1,2022-01-05 09:10:40
1641373841507483000,78.1,1,78.0,1,78.2,10,2,2022-01-05 09:10:41
1641373844669904000,78.1,1,78.0,11,78.1,1,1,2022-01-05 09:10:44
1641373844746217000,78.1,1,78.1,1,78.2,10,1,2022-01-05 09:10:44
1641373846321622000,78.2,2,78.1,1,78.2,7,1,2022-01-05 09:10:46
1641373847370112000,78.1,1,78.0,12,78.2,7,2,2022-01-05 09:10:47
1641373847678666000,78.2,7,78.2,3,78.3,5,1,2022-01-05 09:10:47
1641373849052769000,78.2,1,78.2,2,78.3,4,2,2022-01-05 09:10:49
1641373849547441000,78.2,1,78.2,1,78.3,4,2,2022-01-05 09:10:49
1641373850006210000,78.2,1,78.1,1,78.3,4,2,2022-01-05 09:10:50
1641373850038892000,78.3,2,78.2,5,78.3,2,1,2022-01-05 09:10:50
1641373850061637000,78.3,2,78.2,5,78.4,1,1,2022-01-05 09:10:50
1641373850061637000,78.4,4,78.2,5,78.4,1,1,2022-01-05 09:10:50
1641373853061672000,78.4,1,78.3,1,78.5,32,1,2022-01-05 09:10:53
1641373853061672000,78.5,2,78.3,1,78.5,32,1,2022-01-05 09:10:53
1641373853528000000,78.4,1,78.3,1,78.5,32,2,2022-01-05 09:10:53
1641373854455554000,78.4,1,78.3,1,78.4,1,1,2022-01-05 09:10:54
1641373854823786000,78.4,1,78.3,1,78.5,34,1,2022-01-05 09:10:54
1641373855062431000,78.4,1,78.3,1,78.5,34,2,2022-01-05 09:10:55
1641373855233469000,78.5,1,78.3,1,78.5,33,1,2022-01-05 09:10:55
1641373856937601000,78.3,6,78.2,3,78.4,1,2,2022-01-05 09:10:56
1641373857080465000,78.4,1,78.2,3,78.5,31,1,2022-01-05 09:10:57
1641373857606727000,78.3,1,78.2,3,78.5,32,2,2022-01-05 09:10:57
1641373858571230000,78.4,3,78.2,3,78.5,30,1,2022-01-05 09:10:58
1641373858571230000,78.5,2,78.2,3,78.5,30,1,2022-01-05 09:10:58
1641373860202806000,78.4,1,78.2,3,78.5,34,1,2022-01-05 09:11:00
1641373860434026000,78.5,1,78.2,3,78.5,33,1,2022-01-05 09:11:00
1641373864087828000,78.2,1,78.2,6,78.5,35,2,2022-01-05 09:11:04
1641373866411571000,78.4,2,78.2,7,78.4,1,1,2022-01-05 09:11:06
1641373866805735000,78.2,7,78.1,3,78.4,1,2,2022-01-05 09:11:06
1641373868876036000,78.1,3,78.0,28,78.3,3,2,2022-01-05 09:11:08
1641373872608624000,78.0,29,77.9,11,78.2,2,2,2022-01-05 09:11:12
1641373872643342000,77.9,1,77.9,10,78.2,2,2,2022-01-05 09:11:12
1641373872907951000,77.9,10,77.8,4,78.0,20,2,2022-01-05 09:11:12
1641373873623812000,78.0,1,77.8,4,78.0,19,1,2022-01-05 09:11:13
1641373873645487000,77.8,4,77.7,11,78.0,19,2,2022-01-05 09:11:13
1641373875674314000,77.7,3,77.7,7,77.8,11,2,2022-01-05 09:11:15
1641373875701149000,77.7,7,77.6,14,77.8,11,2,2022-01-05 09:11:15
1641373876931270000,77.6,3,77.6,31,77.8,11,2,2022-01-05 09:11:16
1641373878506528000,77.6,1,77.6,10,77.8,11,2,2022-01-05 09:11:18
1641373879056935000,77.8,1,77.6,10,77.8,9,1,2022-01-05 09:11:19
1641373879350900000,77.6,1,77.6,9,77.8,9,2,2022-01-05 09:11:19
1641373882939802000,77.6,1,77.6,8,77.8,11,2,2022-01-05 09:11:22
1641373884860250000,77.6,1,77.6,7,77.8,10,2,2022-01-05 09:11:24
1641373886618858000,77.6,1,77.6,3,77.8,10,2,2022-01-05 09:11:26
1641373889759106000,77.6,1,77.6,6,77.8,10,2,2022-01-05 09:11:29
1641373890655322000,77.6,1,77.6,5,77.8,10,2,2022-01-05 09:11:30
1641373891049358000,77.8,1,77.6,6,77.9,1,1,2022-01-05 09:11:31
1641373891049358000,77.9,2,77.6,6,77.9,1,1,2022-01-05 09:11:31
1641373891760237000,77.9,1,77.6,7,77.9,1,1,2022-01-05 09:11:31
1641373892279554000,77.9,1,77.8,1,78.0,17,1,2022-01-05 09:11:32
1641373892279554000,78.0,4,77.8,1,78.0,17,1,2022-01-05 09:11:32
1641373898110682000,77.9,4,77.7,3,78.0,4,1,2022-01-05 09:11:38
1641373898110682000,78.0,16,77.7,3,78.0,4,1,2022-01-05 09:11:38
1641373898292425000,77.7,1,77.7,2,77.9,1,2,2022-01-05 09:11:38
1641373898292870000,77.9,1,77.7,2,78.3,12,1,2022-01-05 09:11:38
1641373898292870000,78.0,5,77.7,2,78.3,12,1,2022-01-05 09:11:38
1641373898292870000,78.2,3,77.7,2,78.3,12,1,2022-01-05 09:11:38
1641373898292870000,78.3,11,77.7,2,78.3,12,1,2022-01-05 09:11:38
1641373899139179000,78.2,1,77.8,2,78.2,1,1,2022-01-05 09:11:39
1641373901373357000,78.2,1,78.2,19,78.3,12,1,2022-01-05 09:11:41
1641373901396675000,78.2,6,78.2,13,78.3,12,2,2022-01-05 09:11:41
1641373903128596000,78.2,4,78.2,209,78.3,12,2,2022-01-05 09:11:43
1641373904763196000,78.3,1,78.0,2,78.3,12,1,2022-01-05 09:11:44
1641373907468511000,78.3,1,78.0,7,78.3,12,1,2022-01-05 09:11:47
1641373910059493000,78.2,1,78.1,2,78.3,12,1,2022-01-05 09:11:50
1641373910180370000,78.3,1,78.1,2,78.3,11,1,2022-01-05 09:11:50
1641373912911026000,78.2,1,78.1,3,78.3,11,1,2022-01-05 09:11:52
1641373913884338000,78.1,2,78.1,1,78.2,2,2,2022-01-05 09:11:53
1641373913912869000,78.1,1,78.0,8,78.2,2,2,2022-01-05 09:11:53
1641373924867966000,78.0,3,78.0,9,78.1,2,2,2022-01-05 09:12:04
1641373928674289000,78.0,1,78.0,9,78.1,7,2,2022-01-05 09:12:08
1641373930328526000,78.0,9,77.9,2,78.0,11,2,2022-01-05 09:12:10
1641373936974378000,77.9,1,77.9,2,78.0,14,2,2022-01-05 09:12:16
1641373946170365000,77.9,2,77.9,20,78.0,15,2,2022-01-05 09:12:26
1641373949920216000,77.9,1,77.9,21,78.0,15,2,2022-01-05 09:12:29
1641373952401842000,77.9,5,77.9,17,78.0,15,2,2022-01-05 09:12:32
1641373953916516000,78.0,1,77.9,17,78.0,14,1,2022-01-05 09:12:33
1641373960492608000,78.0,1,77.9,24,78.0,17,1,2022-01-05 09:12:40
1641373961370211000,78.0,1,77.9,25,78.0,16,1,2022-01-05 09:12:41
1641373961883382000,78.0,1,77.9,25,78.0,15,1,2022-01-05 09:12:41
1641373966019890000,78.0,6,77.9,25,78.0,9,1,2022-01-05 09:12:46
1641373966919694000,78.0,1,77.9,25,78.0,8,1,2022-01-05 09:12:46
1641373968236837000,78.0,1,77.9,25,78.0,7,1,2022-01-05 09:12:48
1641373968463755000,78.0,1,77.9,25,78.0,6,1,2022-01-05 09:12:48
1641373969449355000,78.0,2,77.9,26,78.0,4,1,2022-01-05 09:12:49
1641373969842275000,78.0,1,77.9,26,78.0,3,1,2022-01-05 09:12:49
1641373969956470000,78.0,1,77.9,26,78.0,2,1,2022-01-05 09:12:49
1641373971440277000,78.0,1,77.9,26,78.0,1,1,2022-01-05 09:12:51
1641373973122659000,78.0,1,77.9,26,78.1,8,1,2022-01-05 09:12:53
1641373974339302000,78.1,1,78.0,4,78.1,6,1,2022-01-05 09:12:54
1641373984307916000,78.1,1,78.0,9,78.1,6,1,2022-01-05 09:13:04
1641373988980469000,78.1,1,78.0,10,78.1,5,1,2022-01-05 09:13:08
1641373991265009000,78.1,1,78.0,11,78.1,4,1,2022-01-05 09:13:11
1641373992001158000,78.1,1,78.0,11,78.1,3,1,2022-01-05 09:13:12
1641373994077549000,78.1,1,78.0,10,78.1,2,1,2022-01-05 09:13:14
1641373996681301000,78.1,1,78.0,12,78.1,1,1,2022-01-05 09:13:16
1641373998893175000,78.1,1,78.0,13,78.2,17,1,2022-01-05 09:13:18
1641373999967294000,78.2,17,78.2,3,78.3,17,1,2022-01-05 09:13:19
1641374000249033000,78.2,1,78.2,2,78.3,16,2,2022-01-05 09:13:20
1641374004879657000,78.2,1,78.2,1,78.3,18,2,2022-01-05 09:13:24
1641374007397731000,78.3,1,78.2,1,78.3,17,1,2022-01-05 09:13:27
1641374009239032000,78.3,17,78.3,3,78.4,12,1,2022-01-05 09:13:29
1641374009491095000,78.3,3,78.1,2,78.4,12,2,2022-01-05 09:13:29
1641374009491095000,78.2,1,78.1,2,78.4,12,2,2022-01-05 09:13:29
1641374011257231000,78.2,1,78.1,6,78.4,10,1,2022-01-05 09:13:31
1641374013930696000,78.4,3,78.3,1,78.4,7,1,2022-01-05 09:13:33
1641374015972544000,78.3,1,78.2,2,78.4,7,2,2022-01-05 09:13:35
1641374017150173000,78.3,1,78.2,2,78.3,2,1,2022-01-05 09:13:37
1641374017779346000,78.3,1,78.2,2,78.3,1,1,2022-01-05 09:13:37
1641374018373557000,78.3,1,78.2,2,78.3,1,1,2022-01-05 09:13:38
1641374020430199000,78.3,1,78.2,5,78.3,2,1,2022-01-05 09:13:40
1641374020647570000,78.3,1,78.2,5,78.3,1,1,2022-01-05 09:13:40
1641374023748396000,78.3,1,78.2,5,78.3,4,1,2022-01-05 09:13:43
1641374024575775000,78.3,4,78.2,6,78.4,7,1,2022-01-05 09:13:44
1641374024575775000,78.4,1,78.2,6,78.4,7,1,2022-01-05 09:13:44
1641374028448649000,78.3,1,78.2,6,78.4,7,2,2022-01-05 09:13:48
1641374031436421000,78.4,1,78.2,6,78.4,8,1,2022-01-05 09:13:51
1641374034870757000,78.2,1,78.2,6,78.4,12,2,2022-01-05 09:13:54
1641374034900909000,78.2,6,78.1,5,78.4,12,2,2022-01-05 09:13:54
1641374039519027000,78.4,10,78.3,4,78.4,2,1,2022-01-05 09:13:59
1641374039843670000,78.3,1,78.3,3,78.4,2,2,2022-01-05 09:13:59
1641374040053958000,78.3,1,78.3,2,78.4,2,2,2022-01-05 09:14:00
1641374040619643000,78.3,1,78.3,2,78.4,2,2,2022-01-05 09:14:00
1641374041313553000,78.4,2,78.3,2,78.5,22,1,2022-01-05 09:14:01
1641374041313553000,78.5,9,78.3,2,78.5,22,1,2022-01-05 09:14:01
1641374041612946000,78.5,11,78.3,2,78.5,11,1,2022-01-05 09:14:01
1641374042127793000,78.5,11,78.3,2,78.6,328,1,2022-01-05 09:14:02
1641374042296649000,78.6,11,78.3,2,78.6,317,1,2022-01-05 09:14:02
1641374042456914000,78.6,11,78.3,2,78.6,306,1,2022-01-05 09:14:02
1641374042613057000,78.6,11,78.3,2,78.6,295,1,2022-01-05 09:14:02
1641374042768967000,78.6,11,78.3,2,78.6,284,1,2022-01-05 09:14:02
1641374042951174000,78.6,11,78.3,2,78.6,273,1,2022-01-05 09:14:02
1641374043529260000,78.6,1,78.3,2,78.6,272,1,2022-01-05 09:14:03
1641374044996255000,78.6,2,78.5,88,78.6,270,1,2022-01-05 09:14:04
1641374045939221000,78.6,11,78.5,143,78.6,259,1,2022-01-05 09:14:05
1641374046160698000,78.6,11,78.5,143,78.6,248,1,2022-01-05 09:14:06
1641374046319152000,78.6,11,78.5,143,78.6,237,1,2022-01-05 09:14:06
1641374046351336000,78.6,4,78.5,143,78.6,233,1,2022-01-05 09:14:06
1641374047731694000,78.6,5,78.3,2,78.6,229,1,2022-01-05 09:14:07
1641374049844665000,78.6,1,78.4,1,78.6,228,1,2022-01-05 09:14:09
1641374056420160000,78.4,1,78.3,2,78.5,7,2,2022-01-05 09:14:16
1641374056876873000,78.5,10,78.4,1,78.5,8,1,2022-01-05 09:14:16
1641374057053563000,78.4,1,78.3,2,78.5,8,2,2022-01-05 09:14:17
1641374057065451000,78.5,8,78.3,2,78.6,216,1,2022-01-05 09:14:17
1641374057065451000,78.6,14,78.3,2,78.6,216,1,2022-01-05 09:14:17
1641374057240492000,78.6,22,78.3,2,78.6,195,1,2022-01-05 09:14:17
1641374057387572000,78.6,22,78.3,2,78.6,174,1,2022-01-05 09:14:17
1641374060721688000,78.6,1,78.5,287,78.6,175,1,2022-01-05 09:14:20
1641374061216565000,78.6,2,78.5,1,78.6,173,1,2022-01-05 09:14:21
1641374061759934000,78.5,1,78.4,2,78.6,172,2,2022-01-05 09:14:21
1641374061824750000,78.6,1,78.4,2,78.6,171,1,2022-01-05 09:14:21
1641374062073946000,78.5,1,78.4,2,78.6,169,1,2022-01-05 09:14:22
1641374062073946000,78.6,2,78.4,2,78.6,169,1,2022-01-05 09:14:22
1641374062172982000,78.6,2,78.4,2,78.6,167,1,2022-01-05 09:14:22
1641374062844413000,78.6,1,78.5,1,78.6,168,1,2022-01-05 09:14:22
1641374063091597000,78.6,1,78.5,1,78.6,167,1,2022-01-05 09:14:23
1641374063303596000,78.6,10,78.5,1,78.6,157,1,2022-01-05 09:14:23
1641374063468297000,78.6,1,78.5,1,78.6,156,1,2022-01-05 09:14:23
1641374063581513000,78.5,1,78.4,2,78.6,156,2,2022-01-05 09:14:23
1641374063986832000,78.6,1,78.4,2,78.6,156,1,2022-01-05 09:14:23
1641374065004701000,78.5,1,78.4,4,78.6,158,1,2022-01-05 09:14:25
1641374066799632000,78.5,3,78.5,7,78.6,158,1,2022-01-05 09:14:26
1641374068028849000,78.5,5,78.5,2,78.6,158,2,2022-01-05 09:14:28
1641374069488164000,78.5,1,78.5,1,78.6,159,2,2022-01-05 09:14:29
1641374069750508000,78.6,1,78.5,1,78.6,158,1,2022-01-05 09:14:29
1641374071101349000,78.5,1,78.5,11,78.6,158,2,2022-01-05 09:14:31
1641374071816667000,78.5,1,78.5,10,78.6,158,2,2022-01-05 09:14:31
1641374072996994000,78.6,1,78.5,13,78.6,157,1,2022-01-05 09:14:32
1641374073487403000,78.5,2,78.5,11,78.6,157,2,2022-01-05 09:14:33
1641374076437476000,78.5,1,78.5,12,78.6,157,2,2022-01-05 09:14:36
1641374078144062000,78.5,2,78.5,5,78.6,162,2,2022-01-05 09:14:38
1641374078705564000,78.5,1,78.5,5,78.6,162,2,2022-01-05 09:14:38
1641374080601055000,78.5,2,78.5,3,78.6,166,2,2022-01-05 09:14:40
1641374081496448000,78.5,1,78.5,2,78.6,167,2,2022-01-05 09:14:41
1641374081696994000,78.5,2,78.4,153,78.5,2,2,2022-01-05 09:14:41
1641374081965541000,78.5,2,78.4,153,78.6,149,1,2022-01-05 09:14:41
1641374081965541000,78.6,18,78.4,153,78.6,149,1,2022-01-05 09:14:41
1641374083436964000,78.5,4,78.4,154,78.6,132,1,2022-01-05 09:14:43
1641374083436964000,78.6,16,78.4,154,78.6,132,1,2022-01-05 09:14:43
1641374083587721000,78.5,6,78.4,154,78.6,118,1,2022-01-05 09:14:43
1641374083587721000,78.6,14,78.4,154,78.6,118,1,2022-01-05 09:14:43
1641374084426244000,78.6,1,78.5,1,78.6,117,1,2022-01-05 09:14:44
1641374085065150000,78.5,2,78.5,10,78.6,117,2,2022-01-05 09:14:45
1641374086745675000,78.5,1,78.5,10,78.6,117,2,2022-01-05 09:14:46
1641374086989607000,78.5,1,78.5,9,78.6,117,2,2022-01-05 09:14:46
1641374089120664000,78.5,1,78.5,9,78.6,117,2,2022-01-05 09:14:49
1641374089311929000,78.5,9,78.4,152,78.5,1,2,2022-01-05 09:14:49
1641374090470805000,78.5,3,78.4,151,78.5,3,1,2022-01-05 09:14:50
1641374091478389000,78.5,1,78.4,151,78.5,5,1,2022-01-05 09:14:51
1641374091650657000,78.5,1,78.4,151,78.5,4,1,2022-01-05 09:14:51
1641374096301248000,78.4,10,78.4,141,78.5,6,2,2022-01-05 09:14:56
1641374096366663000,78.4,2,78.3,5,78.4,18,2,2022-01-05 09:14:56
1641374096462493000,78.3,5,78.2,5,78.4,20,2,2022-01-05 09:14:56
1641374096560408000,78.2,5,78.1,11,78.3,2,2,2022-01-05 09:14:56
1641374096658037000,78.3,1,78.1,11,78.3,1,1,2022-01-05 09:14:56
1641374096718309000,78.3,1,78.1,11,78.4,20,1,2022-01-05 09:14:56
1641374096738825000,78.1,11,78.0,15,78.4,20,2,2022-01-05 09:14:56
1641374096861092000,78.0,3,78.0,12,78.3,2,2,2022-01-05 09:14:56
1641374096877464000,78.0,12,76.7,4,78.3,2,2,2022-01-05 09:14:56
1641374096877464000,77.9,18,76.7,4,78.3,2,2,2022-01-05 09:14:56
1641374096877464000,77.8,21,76.7,4,78.3,2,2,2022-01-05 09:14:56
1641374096877464000,77.7,14,76.7,4,78.3,2,2,2022-01-05 09:14:56
1641374096877464000,77.6,17,76.7,4,78.3,2,2,2022-01-05 09:14:56
1641374096877464000,77.5,33,76.7,4,78.3,2,2,2022-01-05 09:14:56
1641374096877464000,77.4,20,76.7,4,78.3,2,2,2022-01-05 09:14:56
1641374096877464000,77.3,24,76.7,4,78.3,2,2,2022-01-05 09:14:56
1641374096877464000,77.2,14,76.7,4,78.3,2,2,2022-01-05 09:14:56
1641374096877464000,77.1,25,76.7,4,78.3,2,2,2022-01-05 09:14:56
1641374096877464000,77.0,66,76.7,4,78.3,2,2,2022-01-05 09:14:56
1641374096877464000,76.9,4,76.7,4,78.3,2,2,2022-01-05 09:14:56
1641374096877464000,76.8,10,76.7,4,78.3,2,2,2022-01-05 09:14:56
1641374096998661000,76.9,2,76.7,8,77.4,2,2,2022-01-05 09:14:56
1641374097114336000,76.7,1,76.7,5,77.3,3,2,2022-01-05 09:14:57
1641374097120567000,76.7,1,76.7,4,77.3,3,2,2022-01-05 09:14:57
1641374097571554000,77.2,1,76.7,4,77.4,2,1,2022-01-05 09:14:57
1641374099216215000,77.4,1,76.8,1,77.4,3,1,2022-01-05 09:14:59
1641374099408642000,76.8,1,76.7,4,77.4,4,2,2022-01-05 09:14:59
1641374100898132000,77.3,1,76.9,1,77.4,4,1,2022-01-05 09:15:00
1641374107043823000,77.4,2,77.1,1,77.4,1,1,2022-01-05 09:15:07
1641374108453484000,77.1,1,77.0,4,77.3,1,2,2022-01-05 09:15:08
1641374109590883000,77.3,1,77.1,4,77.4,4,1,2022-01-05 09:15:09
1641374109590883000,77.4,2,77.1,4,77.4,4,1,2022-01-05 09:15:09
1641374112178314000,77.4,2,77.2,3,77.4,2,1,2022-01-05 09:15:12
1641374113564549000,77.4,2,77.2,3,77.5,19,1,2022-01-05 09:15:13
1641374113564549000,77.5,1,77.2,3,77.5,19,1,2022-01-05 09:15:13
1641374119959298000,77.5,1,77.4,1,77.5,18,1,2022-01-05 09:15:19
1641374120766875000,77.4,1,77.4,1,77.5,18,2,2022-01-05 09:15:20
1641374122281672000,77.5,2,77.4,11,77.5,16,1,2022-01-05 09:15:22
1641374122312133000,77.5,16,77.4,11,77.6,1,1,2022-01-05 09:15:22
1641374122342839000,77.6,1,77.4,11,77.7,20,1,2022-01-05 09:15:22
1641374122932220000,77.4,1,77.4,12,77.7,22,2,2022-01-05 09:15:22
1641374124573747000,77.7,2,77.5,1,77.7,20,1,2022-01-05 09:15:24
1641374125797935000,77.7,8,77.5,2,77.7,10,1,2022-01-05 09:15:25
1641374125832736000,77.7,10,77.5,7,78.2,5,1,2022-01-05 09:15:25
1641374126990731000,77.8,1,77.7,1,78.1,1,2,2022-01-05 09:15:26
1641374127098430000,77.7,1,77.5,3,78.1,1,2,2022-01-05 09:15:27
1641374127098430000,77.6,1,77.5,3,78.1,1,2,2022-01-05 09:15:27
1641374127098430000,77.5,8,77.5,3,78.1,1,2,2022-01-05 09:15:27
1641374130368350000,77.9,1,77.5,9,78.0,1,1,2022-01-05 09:15:30
1641374131392254000,77.5,4,77.5,5,77.9,2,2,2022-01-05 09:15:31
1641374135615317000,77.5,8,77.4,21,77.9,4,2,2022-01-05 09:15:35
1641374135615317000,77.4,2,77.4,21,77.9,4,2,2022-01-05 09:15:35
1641374139122723000,77.8,2,77.5,4,77.9,5,1,2022-01-05 09:15:39
1641374151847874000,77.8,1,77.7,1,77.8,8,1,2022-01-05 09:15:51
1641374151942201000,77.8,1,77.7,1,77.8,5,1,2022-01-05 09:15:51
1641374153260035000,77.8,1,77.7,1,77.8,4,1,2022-01-05 09:15:53
1641374154990581000,77.8,1,77.7,4,77.8,3,1,2022-01-05 09:15:54
1641374157789451000,77.8,2,77.7,4,77.8,1,1,2022-01-05 09:15:57
1641374157907420000,77.8,1,77.7,4,77.9,28,1,2022-01-05 09:15:57
1641374160795686000,77.7,1,77.7,3,77.9,26,2,2022-01-05 09:16:00
1641374171234571000,77.8,1,77.9,3,78.0,2,1,2022-01-05 09:16:11
1641374171234571000,77.9,26,77.9,3,78.0,2,1,2022-01-05 09:16:11
1641374171248048000,77.9,3,77.7,8,78.0,2,2,2022-01-05 09:16:11
1641374174370254000,77.7,1,77.7,8,77.8,5,2,2022-01-05 09:16:14
1641374175061828000,77.8,5,77.7,8,78.0,4,1,2022-01-05 09:16:15
1641374182392155000,77.8,1,77.7,7,77.9,9,2,2022-01-05 09:16:22
1641374185203791000,77.7,3,77.7,4,77.9,9,2,2022-01-05 09:16:25
1641374185486958000,77.8,1,77.6,9,77.9,9,2,2022-01-05 09:16:25
1641374185486958000,77.7,4,77.6,9,77.9,9,2,2022-01-05 09:16:25
1641374189201862000,77.9,1,77.7,2,77.9,8,1,2022-01-05 09:16:29
1641374189352506000,77.7,1,77.7,1,77.9,8,2,2022-01-05 09:16:29
1641374200778244000,77.8,1,77.7,2,77.9,6,1,2022-01-05 09:16:40
1641374205410186000,77.8,1,77.6,9,77.9,6,2,2022-01-05 09:16:45
1641374205410186000,77.7,2,77.6,9,77.9,6,2,2022-01-05 09:16:45
1641374205954731000,77.6,3,77.6,6,77.9,6,2,2022-01-05 09:16:45
1641374207451631000,77.6,2,77.6,4,77.8,2,2,2022-01-05 09:16:47
1641374209551371000,77.6,4,77.5,10,77.8,6,2,2022-01-05 09:16:49
1641374212481080000,77.8,1,77.6,1,77.8,5,1,2022-01-05 09:16:52
1641374212583487000,77.6,1,77.5,8,77.8,5,2,2022-01-05 09:16:52
1641374219827999000,77.6,1,77.6,1,77.8,11,2,2022-01-05 09:16:59
1641374220644009000,77.6,1,77.5,10,77.8,11,2,2022-01-05 09:17:00
1641374225778973000,77.7,1,77.6,3,77.7,1,2,2022-01-05 09:17:05
1641374225813990000,77.6,3,77.5,11,77.7,1,2,2022-01-05 09:17:05
1641374234151430000,77.7,1,77.5,11,77.7,4,1,2022-01-05 09:17:14
1641374244802836000,77.7,1,77.6,7,77.7,2,1,2022-01-05 09:17:24
1641374245056973000,77.7,1,77.6,7,77.7,2,1,2022-01-05 09:17:25
1641374246665598000,77.7,1,77.6,7,77.7,2,1,2022-01-05 09:17:26
1641374248805031000,77.7,1,77.6,7,77.7,1,1,2022-01-05 09:17:28
1641374250995800000,77.7,1,77.6,6,77.8,11,1,2022-01-05 09:17:30
1641374251463834000,77.6,1,77.6,5,77.8,11,2,2022-01-05 09:17:31
1641374256296832000,77.7,1,77.7,3,77.8,10,2,2022-01-05 09:17:36
1641374269564243000,77.7,1,77.7,7,77.8,10,2,2022-01-05 09:17:49
1641374278941432000,77.7,3,77.7,16,77.8,8,2,2022-01-05 09:17:58
1641374279860871000,77.8,1,77.7,16,77.8,7,1,2022-01-05 09:17:59
1641374280249029000,77.7,1,77.7,15,77.8,7,2,2022-01-05 09:18:00
1641374283371354000,77.8,1,77.7,15,77.8,6,1,2022-01-05 09:18:03
1641374287795702000,77.8,4,77.8,1,77.9,9,1,2022-01-05 09:18:07
1641374291349813000,77.8,1,77.8,1,77.9,9,2,2022-01-05 09:18:11
1641374292418909000,77.9,1,77.8,1,77.9,8,1,2022-01-05 09:18:12
1641374304238330000,77.8,3,77.7,10,77.9,8,2,2022-01-05 09:18:24
1641374304238330000,77.7,7,77.7,10,77.9,8,2,2022-01-05 09:18:24
1641374307518189000,77.8,4,77.8,1,77.9,7,1,2022-01-05 09:18:27
1641374319768275000,77.9,1,77.8,8,77.9,7,1,2022-01-05 09:18:39
1641374319920138000,77.9,1,77.8,8,77.9,6,1,2022-01-05 09:18:39
1641374320986596000,77.9,1,77.8,8,77.9,5,1,2022-01-05 09:18:40
1641374321130661000,77.8,2,77.8,6,77.9,5,2,2022-01-05 09:18:41
1641374321177911000,77.9,1,77.8,6,77.9,4,1,2022-01-05 09:18:41
1641374321335993000,77.9,1,77.8,6,77.9,3,1,2022-01-05 09:18:41
1641374323491361000,77.9,1,77.8,7,77.9,2,1,2022-01-05 09:18:43
1641374323658242000,77.9,1,77.8,7,77.9,1,1,2022-01-05 09:18:43
1641374323919101000,77.9,1,77.9,1,78.0,43,1,2022-01-05 09:18:43
1641374325146832000,78.0,1,77.9,1,78.0,42,1,2022-01-05 09:18:45
1641374325297624000,78.0,1,77.9,1,78.0,41,1,2022-01-05 09:18:45
1641374325504561000,78.0,1,77.9,1,78.0,40,1,2022-01-05 09:18:45
1641374326395597000,77.9,1,77.8,8,78.0,40,2,2022-01-05 09:18:46
1641374326609280000,78.0,1,77.8,8,78.0,39,1,2022-01-05 09:18:46
1641374326807843000,78.0,1,77.8,8,78.0,38,1,2022-01-05 09:18:46
1641374326999853000,78.0,1,77.8,8,78.0,37,1,2022-01-05 09:18:46
1641374328108884000,78.0,1,77.8,8,78.0,36,1,2022-01-05 09:18:48
1641374329207504000,78.0,1,77.8,8,78.0,35,1,2022-01-05 09:18:49
1641374330236232000,78.0,1,77.9,1,78.0,34,1,2022-01-05 09:18:50
1641374330414868000,78.0,1,77.9,1,78.0,33,1,2022-01-05 09:18:50
1641374330597865000,78.0,1,77.9,1,78.0,32,1,2022-01-05 09:18:50
1641374331545240000,78.0,1,77.9,1,78.0,31,1,2022-01-05 09:18:51
1641374331820536000,78.0,1,77.9,1,78.0,30,1,2022-01-05 09:18:51
1641374331981986000,78.0,1,77.9,1,78.0,29,1,2022-01-05 09:18:51
1641374333044446000,78.0,1,77.9,1,78.0,28,1,2022-01-05 09:18:53
1641374333215746000,78.0,1,77.9,1,78.0,27,1,2022-01-05 09:18:53
1641374333375764000,78.0,1,77.9,1,78.0,26,1,2022-01-05 09:18:53
1641374334475022000,78.0,1,77.9,1,78.0,25,1,2022-01-05 09:18:54
1641374335492852000,78.0,1,77.9,1,78.0,24,1,2022-01-05 09:18:55
1641374339500237000,78.0,10,77.9,5,78.0,14,1,2022-01-05 09:18:59
1641374339516110000,78.0,14,77.9,5,78.1,2,1,2022-01-05 09:18:59
1641374345272789000,78.0,6,77.9,1,78.0,14,2,2022-01-05 09:19:05
1641374345365517000,78.0,1,77.9,1,78.0,13,1,2022-01-05 09:19:05
1641374348095408000,78.0,3,77.9,2,78.0,12,1,2022-01-05 09:19:08
1641374349280668000,78.0,1,77.9,2,78.0,11,1,2022-01-05 09:19:09
1641374363741800000,78.0,1,77.9,11,78.0,12,1,2022-01-05 09:19:23
1641374368449507000,77.9,10,77.8,8,78.0,15,2,2022-01-05 09:19:28
1641374368471446000,77.8,4,77.8,4,78.0,15,2,2022-01-05 09:19:28
1641374380722891000,77.8,1,77.8,4,77.9,3,2,2022-01-05 09:19:40
1641374383778373000,77.8,3,77.8,2,77.9,5,2,2022-01-05 09:19:43
1641374383801440000,77.8,2,77.7,12,77.9,5,2,2022-01-05 09:19:43
1641374385689842000,77.7,1,77.7,11,77.9,7,2,2022-01-05 09:19:45
1641374391730832000,77.7,1,77.7,11,77.9,11,2,2022-01-05 09:19:51
1641374395105822000,77.7,3,77.7,9,77.9,11,2,2022-01-05 09:19:55
1641374397901319000,77.7,1,77.7,8,77.8,1,2,2022-01-05 09:19:57
1641374398738864000,77.7,1,77.7,7,77.8,1,2,2022-01-05 09:19:58
1641374399283759000,77.7,1,77.7,6,77.8,1,2,2022-01-05 09:19:59
1641374401548497000,77.8,1,77.7,5,77.8,2,1,2022-01-05 09:20:01
1641374404295771000,77.7,1,77.7,5,77.9,11,2,2022-01-05 09:20:04
1641374406077351000,77.7,1,77.7,4,77.9,11,2,2022-01-05 09:20:06
1641374411961151000,77.9,1,77.7,4,77.9,10,1,2022-01-05 09:20:11
1641374415957727000,77.7,1,77.7,4,77.8,1,2,2022-01-05 09:20:15
1641374417039709000,77.8,1,77.7,4,77.9,9,1,2022-01-05 09:20:17
1641374425295922000,77.8,1,77.7,4,77.9,7,2,2022-01-05 09:20:25
1641374430207081000,77.7,5,77.6,5,77.9,7,2,2022-01-05 09:20:30
1641374430207081000,77.6,5,77.6,5,77.9,7,2,2022-01-05 09:20:30
1641374441489454000,77.6,1,77.6,5,77.8,3,2,2022-01-05 09:20:41
1641374448705391000,77.7,1,77.6,7,77.8,5,1,2022-01-05 09:20:48
1641374467764504000,77.7,1,77.6,9,77.7,4,1,2022-01-05 09:21:07
1641374471144644000,77.6,1,77.6,8,77.7,4,2,2022-01-05 09:21:11
1641374479373037000,77.6,1,77.6,8,77.7,12,2,2022-01-05 09:21:19
1641374482733343000,77.6,1,77.6,8,77.7,13,2,2022-01-05 09:21:22
1641374484380329000,77.6,1,77.6,7,77.7,13,2,2022-01-05 09:21:24
1641374485225740000,77.7,7,77.6,7,77.7,3,1,2022-01-05 09:21:25
1641374485846864000,77.7,1,77.6,7,77.7,2,1,2022-01-05 09:21:25
1641374490553411000,77.7,2,77.6,9,77.8,3,1,2022-01-05 09:21:30
1641374495689779000,77.7,1,77.6,10,77.8,4,2,2022-01-05 09:21:35
1641374502256570000,77.7,1,77.6,10,77.7,4,1,2022-01-05 09:21:42
1641374502431576000,77.7,1,77.6,10,77.7,3,1,2022-01-05 09:21:42
1641374503206339000,77.7,1,77.6,10,77.7,2,1,2022-01-05 09:21:43
1641374503364920000,77.7,1,77.6,10,77.7,1,1,2022-01-05 09:21:43
1641374504244825000,77.7,1,77.6,10,77.8,4,1,2022-01-05 09:21:44
1641374504938104000,77.8,1,77.7,1,77.8,3,1,2022-01-05 09:21:44
1641374505113308000,77.8,1,77.7,1,77.8,2,1,2022-01-05 09:21:45
1641374506350875000,77.8,1,77.7,1,77.8,1,1,2022-01-05 09:21:46
1641374506522611000,77.8,1,77.7,1,77.9,56,1,2022-01-05 09:21:46
1641374508182783000,77.9,1,77.7,2,77.9,55,1,2022-01-05 09:21:48
1641374508349628000,77.9,1,77.7,2,77.9,54,1,2022-01-05 09:21:48
1641374508496922000,77.9,1,77.7,2,77.9,53,1,2022-01-05 09:21:48
1641374508525641000,77.9,1,77.7,2,77.9,52,1,2022-01-05 09:21:48
1641374509372961000,77.9,1,77.7,2,77.9,51,1,2022-01-05 09:21:49
1641374509549979000,77.9,1,77.7,2,77.9,50,1,2022-01-05 09:21:49
1641374509731467000,77.9,1,77.7,2,77.9,49,1,2022-01-05 09:21:49
1641374510758943000,77.9,1,77.7,2,77.9,48,1,2022-01-05 09:21:50
1641374510909972000,77.9,1,77.7,2,77.9,47,1,2022-01-05 09:21:50
1641374511085162000,77.9,1,77.7,5,77.9,46,1,2022-01-05 09:21:51
1641374511263080000,77.8,1,77.7,5,77.9,46,1,2022-01-05 09:21:51
1641374513286096000,77.9,6,77.8,4,77.9,40,1,2022-01-05 09:21:53
1641374513317104000,77.9,40,77.8,4,78.0,22,1,2022-01-05 09:21:53
1641374526909268000,78.0,10,77.8,7,78.0,11,1,2022-01-05 09:22:06
1641374530373614000,78.0,1,77.8,5,78.0,60,1,2022-01-05 09:22:10
1641374530560933000,78.0,1,77.8,5,78.0,59,1,2022-01-05 09:22:10
1641374531158166000,78.0,1,77.9,1,78.0,58,1,2022-01-05 09:22:11
1641374531330212000,78.0,1,77.9,1,78.0,57,1,2022-01-05 09:22:11
1641374532693241000,78.0,1,77.9,1,78.0,56,1,2022-01-05 09:22:12
1641374532713187000,78.0,1,77.9,1,78.0,55,1,2022-01-05 09:22:12
1641374532880083000,78.0,1,77.9,1,78.0,54,1,2022-01-05 09:22:12
1641374532994738000,78.0,1,77.9,1,78.0,53,1,2022-01-05 09:22:12
1641374533057305000,78.0,1,77.9,1,78.0,52,1,2022-01-05 09:22:13
1641374533224263000,78.0,1,77.9,1,78.0,51,1,2022-01-05 09:22:13
1641374533300540000,78.0,1,77.9,1,78.0,50,1,2022-01-05 09:22:13
1641374534710297000,78.0,10,77.9,5,78.0,40,1,2022-01-05 09:22:14
1641374535033751000,78.0,10,77.9,7,78.0,30,1,2022-01-05 09:22:15
1641374535065106000,78.0,16,77.9,7,78.0,14,1,2022-01-05 09:22:15
1641374535093283000,78.0,8,77.9,7,78.0,6,1,2022-01-05 09:22:15
1641374535117862000,78.0,2,77.9,7,78.0,4,1,2022-01-05 09:22:15
1641374535124743000,78.0,4,77.9,7,78.1,3,1,2022-01-05 09:22:15
1641374536879753000,77.9,1,77.8,5,78.1,3,2,2022-01-05 09:22:16
1641374541433026000,77.9,1,77.8,8,78.1,4,2,2022-01-05 09:22:21
1641374557788376000,77.9,1,77.8,10,78.0,5,1,2022-01-05 09:22:37
1641374559874594000,77.8,1,77.8,9,78.0,5,2,2022-01-05 09:22:39
1641374563202082000,77.9,1,77.8,9,78.0,6,1,2022-01-05 09:22:43
1641374565955501000,78.0,1,77.8,9,78.0,14,1,2022-01-05 09:22:45
1641374566087534000,77.8,1,77.8,8,78.0,14,2,2022-01-05 09:22:46
1641374576142875000,77.9,1,77.9,1,78.0,13,1,2022-01-05 09:22:56
1641374576175787000,77.9,1,77.8,8,78.0,13,2,2022-01-05 09:22:56
1641374576508203000,77.8,1,77.8,7,78.0,13,2,2022-01-05 09:22:56
1641374576811471000,77.8,7,77.7,5,78.0,13,2,2022-01-05 09:22:56
1641374578416035000,77.9,5,77.7,3,78.0,15,1,2022-01-05 09:22:58
1641374589394102000,77.7,2,77.7,2,77.9,9,2,2022-01-05 09:23:09
1641374589419195000,77.7,2,77.6,18,77.9,9,2,2022-01-05 09:23:09
1641374591605218000,77.7,1,77.6,18,77.9,9,2,2022-01-05 09:23:11
1641374597147332000,77.7,1,77.6,18,77.7,9,2,2022-01-05 09:23:17
1641374597208589000,77.6,10,77.6,8,77.7,9,2,2022-01-05 09:23:17
1641374597237123000,77.6,8,77.5,108,77.7,11,2,2022-01-05 09:23:17
1641374604313267000,77.5,10,77.5,21,77.6,1,2,2022-01-05 09:23:24
1641374604350555000,77.5,21,77.4,91,77.6,3,2,2022-01-05 09:23:24
1641374604394697000,77.4,9,77.3,12,77.5,20,2,2022-01-05 09:23:24
1641374604461119000,77.3,12,77.2,30,77.4,20,2,2022-01-05 09:23:24
1641374604584529000,77.2,19,77.2,11,77.4,22,2,2022-01-05 09:23:24
1641374604616966000,77.2,9,77.2,2,77.3,2,2,2022-01-05 09:23:24
1641374604641430000,77.2,2,77.1,4,77.3,2,2,2022-01-05 09:23:24
1641374605178182000,77.1,1,77.1,3,77.3,2,2,2022-01-05 09:23:25
1641374605211010000,77.1,3,77.0,58,77.3,2,2,2022-01-05 09:23:25
1641374605385865000,77.0,1,77.0,57,77.3,2,2,2022-01-05 09:23:25
1641374607444978000,77.0,2,77.0,55,77.2,3,2,2022-01-05 09:23:27
1641374607471821000,77.0,12,77.0,43,77.2,3,2,2022-01-05 09:23:27
1641374607518017000,77.0,10,77.0,33,77.2,3,2,2022-01-05 09:23:27
1641374607549483000,77.0,8,77.0,25,77.2,3,2,2022-01-05 09:23:27
1641374607605948000,77.0,10,77.0,15,77.2,3,2,2022-01-05 09:23:27
1641374607631142000,77.0,10,77.0,5,77.2,3,2,2022-01-05 09:23:27
1641374608513376000,77.0,1,77.0,4,77.2,3,2,2022-01-05 09:23:28
1641374613614254000,77.1,1,77.1,1,77.2,5,1,2022-01-05 09:23:33
1641374613649334000,77.1,1,77.0,10,77.2,5,2,2022-01-05 09:23:33
1641374614056568000,77.0,1,77.0,9,77.2,5,2,2022-01-05 09:23:34
1641374627550904000,77.2,2,77.2,15,77.3,2,2,2022-01-05 09:23:47
1641374628962195000,77.2,5,77.2,12,77.3,1,2,2022-01-05 09:23:48
1641374629442099000,77.3,1,77.2,13,77.4,21,1,2022-01-05 09:23:49
1641374630200447000,77.2,2,77.2,11,77.4,21,2,2022-01-05 09:23:50
1641374632046609000,77.4,8,77.2,11,77.4,14,1,2022-01-05 09:23:52
1641374632082040000,77.4,9,77.2,11,77.4,5,1,2022-01-05 09:23:52
1641374632143313000,77.4,4,77.2,11,77.5,20,1,2022-01-05 09:23:52
1641374632249891000,77.5,8,77.2,12,77.5,12,1,2022-01-05 09:23:52
1641374632291539000,77.5,2,77.2,12,77.5,10,1,2022-01-05 09:23:52
1641374635692911000,77.5,5,77.4,1,77.5,5,1,2022-01-05 09:23:55
1641374635723576000,77.5,5,77.4,1,77.6,1,1,2022-01-05 09:23:55
1641374645201887000,77.5,1,77.4,2,77.5,2,1,2022-01-05 09:24:05
1641374646122632000,77.5,1,77.4,2,77.5,1,1,2022-01-05 09:24:06
1641374646146057000,77.5,1,77.4,2,77.6,3,1,2022-01-05 09:24:06
1641374647985829000,77.6,2,77.4,3,77.6,1,1,2022-01-05 09:24:07
1641374650674158000,77.6,1,77.5,3,77.7,11,1,2022-01-05 09:24:10
1641374650935103000,77.7,1,77.5,3,77.7,10,1,2022-01-05 09:24:10
1641374654783581000,77.7,1,77.6,1,77.7,9,1,2022-01-05 09:24:14
1641374655229463000,77.6,1,77.5,4,77.7,9,2,2022-01-05 09:24:15
1641374656262550000,77.7,1,77.5,4,77.7,8,1,2022-01-05 09:24:16
1641374661848839000,77.7,1,77.5,4,77.7,7,1,2022-01-05 09:24:21
1641374663428076000,77.7,7,77.7,1,77.9,4,1,2022-01-05 09:24:23
1641374665748835000,77.7,1,77.7,1,77.9,5,2,2022-01-05 09:24:25
1641374666189540000,77.7,1,77.5,4,77.9,5,2,2022-01-05 09:24:26
1641374671620018000,77.7,1,77.6,2,77.8,3,1,2022-01-05 09:24:31
1641374675113718000,77.7,1,77.6,3,77.8,4,2,2022-01-05 09:24:35
1641374689262454000,77.7,1,77.6,3,77.8,5,1,2022-01-05 09:24:49
1641374690662039000,77.6,3,77.5,7,77.7,1,2,2022-01-05 09:24:50
1641374692604781000,77.5,2,77.5,4,77.7,2,2,2022-01-05 09:24:52
1641374692633836000,77.5,1,77.5,3,77.7,2,2,2022-01-05 09:24:52
1641374693215437000,77.7,1,77.5,3,77.7,2,1,2022-01-05 09:24:53
1641374693967298000,77.7,1,77.6,1,77.7,1,1,2022-01-05 09:24:53
1641374696263356000,77.7,1,77.6,1,77.7,1,1,2022-01-05 09:24:56
1641374697201107000,77.7,1,77.6,1,77.8,6,1,2022-01-05 09:24:57
1641374708037574000,77.7,1,77.6,2,77.8,5,2,2022-01-05 09:25:08
1641374713657484000,77.8,1,77.6,3,77.8,4,1,2022-01-05 09:25:13
1641374738943654000,77.7,2,77.6,2,77.8,6,2,2022-01-05 09:25:38
1641374745528935000,77.8,6,77.8,4,77.9,8,1,2022-01-05 09:25:45
1641374745568182000,77.8,4,77.6,3,77.9,8,2,2022-01-05 09:25:45
1641374768999692000,77.6,2,77.6,4,77.7,1,2,2022-01-05 09:26:08
1641374780172898000,77.6,1,77.6,6,77.7,1,2,2022-01-05 09:26:20
1641374785150650000,77.6,1,77.6,5,77.7,1,2,2022-01-05 09:26:25
1641374785192420000,77.6,5,77.5,7,77.7,1,2,2022-01-05 09:26:25
1641374786771101000,77.6,1,77.5,7,77.7,2,2,2022-01-05 09:26:26
1641374787459569000,77.6,1,77.5,7,77.7,2,1,2022-01-05 09:26:27
1641374790478530000,77.7,1,77.5,7,77.7,1,1,2022-01-05 09:26:30
1641374790711063000,77.7,1,77.5,7,77.8,1,1,2022-01-05 09:26:30
1641374791577329000,77.8,1,77.5,7,77.9,9,1,2022-01-05 09:26:31
1641374792529729000,77.9,1,77.5,7,77.9,8,1,2022-01-05 09:26:32
1641374792714620000,77.9,1,77.5,7,77.9,7,1,2022-01-05 09:26:32
1641374793611495000,77.9,1,77.5,7,77.9,6,1,2022-01-05 09:26:33
1641374793785242000,77.9,1,77.5,7,77.9,5,1,2022-01-05 09:26:33
1641374793951167000,77.9,1,77.5,8,77.9,4,1,2022-01-05 09:26:33
1641374794519956000,77.9,1,77.5,8,77.9,3,1,2022-01-05 09:26:34
1641374794700740000,77.9,1,77.5,8,77.9,2,1,2022-01-05 09:26:34
1641374795210612000,77.9,1,77.5,8,77.9,1,1,2022-01-05 09:26:35
1641374795397638000,77.9,1,77.5,8,78.0,133,1,2022-01-05 09:26:35
1641374796157064000,78.0,1,77.6,2,78.0,132,1,2022-01-05 09:26:36
1641374796331256000,78.0,1,77.6,2,78.0,131,1,2022-01-05 09:26:36
1641374796494918000,78.0,1,77.6,2,78.0,130,1,2022-01-05 09:26:36
1641374797422869000,78.0,1,77.6,2,78.0,129,1,2022-01-05 09:26:37
1641374797582371000,78.0,1,77.6,4,78.0,128,1,2022-01-05 09:26:37
1641374797764428000,78.0,1,77.6,4,78.0,127,1,2022-01-05 09:26:37
1641374799428378000,78.0,1,77.6,3,78.0,126,1,2022-01-05 09:26:39
1641374799597655000,78.0,1,77.6,4,78.0,125,1,2022-01-05 09:26:39
1641374800201330000,78.0,1,77.6,4,78.0,124,1,2022-01-05 09:26:40
1641374800353145000,78.0,1,77.6,4,78.0,123,1,2022-01-05 09:26:40
1641374804332720000,78.0,1,77.9,19,78.0,122,1,2022-01-05 09:26:44
1641374804539669000,78.0,1,77.9,19,78.0,121,1,2022-01-05 09:26:44
1641374804685230000,78.0,1,77.9,19,78.0,120,1,2022-01-05 09:26:44
1641374804854882000,78.0,1,77.9,19,78.0,119,1,2022-01-05 09:26:44
1641374804911139000,78.0,10,77.9,19,78.0,109,1,2022-01-05 09:26:44
1641374804938332000,78.0,6,77.9,19,78.0,103,1,2022-01-05 09:26:44
1641374804958816000,78.0,6,77.9,19,78.0,97,1,2022-01-05 09:26:44
1641374804959054000,78.0,4,77.9,19,78.0,93,1,2022-01-05 09:26:44
1641374804979577000,78.0,6,77.9,19,78.0,87,1,2022-01-05 09:26:44
1641374804983652000,78.0,10,77.9,19,78.0,77,1,2022-01-05 09:26:44
1641374805009964000,78.0,36,77.9,19,78.0,41,1,2022-01-05 09:26:45
1641374805010461000,78.0,4,77.9,19,78.0,37,1,2022-01-05 09:26:45
1641374805025595000,77.9,1,77.9,18,78.0,37,2,2022-01-05 09:26:45
1641374805063881000,78.0,10,77.9,18,78.0,27,1,2022-01-05 09:26:45
1641374805085381000,78.0,27,77.9,18,78.1,6,1,2022-01-05 09:26:45
1641374805289556000,78.0,1,77.9,18,78.1,6,1,2022-01-05 09:26:45
1641374806567412000,78.1,6,78.0,1,78.2,24,1,2022-01-05 09:26:46
1641374807663884000,78.1,1,77.6,4,78.2,24,2,2022-01-05 09:26:47
1641374816294815000,78.1,5,78.1,5,78.2,24,1,2022-01-05 09:26:56
1641374816324959000,78.1,5,77.9,1,78.2,24,2,2022-01-05 09:26:56
1641374818664558000,77.9,1,77.9,1,78.1,1,2,2022-01-05 09:26:58
1641374818796393000,78.1,1,77.9,1,78.2,26,1,2022-01-05 09:26:58
1641374825522238000,77.9,2,77.8,2,78.1,21,2,2022-01-05 09:27:05
1641374829325409000,77.9,1,77.7,2,78.1,24,2,2022-01-05 09:27:09
1641374829325409000,77.8,2,77.7,2,78.1,24,2,2022-01-05 09:27:09
1641374834590551000,77.7,1,77.7,1,77.8,1,2,2022-01-05 09:27:14
1641374834879888000,77.7,1,77.6,12,77.8,1,2,2022-01-05 09:27:14
1641374835163065000,77.8,1,77.6,11,78.0,21,1,2022-01-05 09:27:15
1641374869368074000,77.8,1,77.7,6,77.9,6,2,2022-01-05 09:27:49
1641374875369259000,77.7,5,77.7,1,77.8,2,2,2022-01-05 09:27:55
1641374875394454000,77.7,1,77.6,10,77.8,2,2,2022-01-05 09:27:55
1641374879407637000,77.6,1,77.6,9,77.7,8,2,2022-01-05 09:27:59
1641374879414452000,77.6,1,77.6,8,77.7,8,2,2022-01-05 09:27:59
1641374879476233000,77.6,8,77.5,9,77.7,8,2,2022-01-05 09:27:59
1641374879849492000,77.5,1,77.5,7,77.7,8,2,2022-01-05 09:27:59
1641374880075993000,77.7,2,77.5,7,77.7,6,1,2022-01-05 09:28:00
1641374884884608000,77.5,2,77.5,5,77.7,9,2,2022-01-05 09:28:04
1641374887969110000,77.7,1,77.5,5,77.7,8,1,2022-01-05 09:28:07
1641374891336066000,77.5,1,77.5,9,77.7,8,2,2022-01-05 09:28:11
1641374897768014000,77.5,3,77.5,6,77.7,7,2,2022-01-05 09:28:17
1641374898950792000,77.7,1,77.5,6,77.7,6,1,2022-01-05 09:28:18
1641374900495712000,77.7,3,77.5,6,77.7,1,1,2022-01-05 09:28:20
1641374910421008000,77.6,2,77.5,6,77.8,10,2,2022-01-05 09:28:30
1641374911251453000,77.5,6,77.4,5,77.7,3,2,2022-01-05 09:28:31
1641374915846529000,77.7,1,77.4,6,77.7,3,1,2022-01-05 09:28:35
1641374916529396000,77.7,1,77.4,6,77.7,2,1,2022-01-05 09:28:36
1641374916683455000,77.7,1,77.4,6,77.7,3,1,2022-01-05 09:28:36
1641374917948913000,77.6,1,77.4,6,77.6,2,1,2022-01-05 09:28:37
1641374918132634000,77.7,1,77.4,6,77.7,2,1,2022-01-05 09:28:38
1641374919826530000,77.7,1,77.4,7,77.7,1,1,2022-01-05 09:28:39
1641374919991438000,77.7,1,77.4,7,77.8,12,1,2022-01-05 09:28:39
1641374920159759000,77.8,1,77.4,7,77.8,11,1,2022-01-05 09:28:40
1641374921122576000,77.8,1,77.4,7,77.8,10,1,2022-01-05 09:28:41
1641374921284329000,77.8,1,77.4,7,77.8,9,1,2022-01-05 09:28:41
1641374922292476000,77.7,1,77.4,8,77.7,2,1,2022-01-05 09:28:42
1641374922465176000,77.8,1,77.4,8,77.8,8,1,2022-01-05 09:28:42
1641374922647785000,77.8,1,77.4,8,77.8,7,1,2022-01-05 09:28:42
1641374925303905000,77.7,1,77.4,8,77.7,4,1,2022-01-05 09:28:45
1641374931705209000,77.5,1,77.4,9,77.6,1,2,2022-01-05 09:28:51
1641374935863579000,77.6,1,77.4,11,77.6,2,1,2022-01-05 09:28:55
1641374936927201000,77.7,6,77.4,11,78.0,114,1,2022-01-05 09:28:56
1641374936927201000,77.8,10,77.4,11,78.0,114,1,2022-01-05 09:28:56
1641374936927201000,77.9,7,77.4,11,78.0,114,1,2022-01-05 09:28:56
1641374936927201000,78.0,87,77.4,11,78.0,114,1,2022-01-05 09:28:56
1641374939848855000,78.0,12,77.6,1,78.0,102,1,2022-01-05 09:28:59
1641374940539800000,77.6,1,77.5,2,78.0,102,2,2022-01-05 09:29:00
1641374940890039000,77.9,1,77.6,1,78.0,102,1,2022-01-05 09:29:00
1641374940914442000,78.0,12,77.6,1,78.0,90,1,2022-01-05 09:29:00
1641374941041200000,77.6,1,77.5,2,78.0,90,2,2022-01-05 09:29:01
1641374941071292000,78.0,1,77.5,2,78.0,89,1,2022-01-05 09:29:01
1641374941783287000,77.9,1,77.5,4,78.0,89,1,2022-01-05 09:29:01
1641374941927890000,77.9,1,77.6,1,78.0,89,1,2022-01-05 09:29:01
1641374942100067000,77.9,1,77.6,1,78.0,89,2,2022-01-05 09:29:02
1641374942233278000,77.9,1,77.6,2,78.0,89,2,2022-01-05 09:29:02
1641374942378681000,77.9,1,77.6,2,78.0,89,2,2022-01-05 09:29:02
1641374942510477000,77.9,1,77.6,2,78.0,89,2,2022-01-05 09:29:02
1641374942657028000,77.9,1,77.6,2,78.0,89,2,2022-01-05 09:29:02
1641374942810791000,77.9,1,77.7,1,78.0,89,2,2022-01-05 09:29:02
1641374942936489000,77.9,1,77.7,1,78.0,89,2,2022-01-05 09:29:02
1641374943084074000,77.9,1,77.7,1,78.0,89,2,2022-01-05 09:29:03
1641374943223132000,77.9,1,77.7,1,78.0,89,2,2022-01-05 09:29:03
1641374943314210000,78.0,21,77.7,1,78.0,68,1,2022-01-05 09:29:03
1641374944340085000,78.0,1,77.9,3,78.0,67,1,2022-01-05 09:29:04
1641374944517790000,78.0,1,77.9,3,78.0,66,1,2022-01-05 09:29:04
1641374944646154000,78.0,1,77.9,3,78.0,65,1,2022-01-05 09:29:04
1641374946910687000,78.0,1,77.9,15,78.0,65,1,2022-01-05 09:29:06
1641374946946838000,78.0,2,77.9,15,78.0,63,1,2022-01-05 09:29:06
1641374947072496000,78.0,10,77.9,16,78.0,53,1,2022-01-05 09:29:07
1641374947090777000,77.9,16,77.7,1,77.9,4,2,2022-01-05 09:29:07
1641374947156868000,77.9,1,77.7,1,77.9,3,1,2022-01-05 09:29:07
1641374947317971000,77.9,1,77.7,1,77.9,2,1,2022-01-05 09:29:07
1641374947466405000,77.9,1,77.7,1,77.9,1,1,2022-01-05 09:29:07
1641374947490916000,77.9,1,77.7,1,78.0,53,1,2022-01-05 09:29:07
1641374949162588000,78.0,1,77.9,1,78.0,52,1,2022-01-05 09:29:09
1641374950009320000,77.9,1,77.7,3,77.9,19,2,2022-01-05 09:29:10
1641374950076803000,77.9,1,77.7,3,77.9,18,1,2022-01-05 09:29:10
1641374950255063000,77.9,1,77.7,1,77.9,17,1,2022-01-05 09:29:10
1641374950406781000,77.9,1,77.7,1,77.9,16,1,2022-01-05 09:29:10
1641374950576963000,77.9,1,77.7,1,77.9,15,1,2022-01-05 09:29:10
1641374951909639000,77.9,1,77.6,6,77.9,14,1,2022-01-05 09:29:11
1641374954293248000,77.9,1,77.6,6,77.9,13,1,2022-01-05 09:29:14
1641374957802232000,77.6,8,77.5,2,77.9,14,2,2022-01-05 09:29:17
1641374957802232000,77.5,2,77.5,2,77.9,14,2,2022-01-05 09:29:17
1641374958534247000,77.6,1,77.5,2,77.6,9,1,2022-01-05 09:29:18
1641374959789386000,77.5,1,77.5,1,77.6,19,2,2022-01-05 09:29:19
1641374959820301000,77.5,1,77.4,12,77.6,19,2,2022-01-05 09:29:19
1641374961164116000,77.6,1,77.4,11,77.6,18,1,2022-01-05 09:29:21
1641374964342308000,77.4,11,77.3,12,77.4,9,2,2022-01-05 09:29:24
1641374966014552000,77.3,1,77.3,11,77.4,9,2,2022-01-05 09:29:26
1641374970480464000,77.4,5,77.3,13,77.4,4,1,2022-01-05 09:29:30
1641374974942593000,77.4,1,77.3,15,77.4,3,1,2022-01-05 09:29:34
1641374975919044000,77.4,1,77.3,15,77.4,2,1,2022-01-05 09:29:35
1641374976303403000,77.4,1,77.3,15,77.4,1,1,2022-01-05 09:29:36
1641374979412929000,77.3,1,77.3,15,77.4,1,2,2022-01-05 09:29:39
1641374979910636000,77.4,1,77.4,2,77.5,2,1,2022-01-05 09:29:39
1641374981817646000,77.4,2,77.3,15,77.5,4,2,2022-01-05 09:29:41
1641374989503402000,77.4,1,77.4,2,77.5,4,2,2022-01-05 09:29:49
1641374990381375000,77.4,1,77.4,3,77.5,4,2,2022-01-05 09:29:50
1641374993959365000,77.4,1,77.4,2,77.5,5,2,2022-01-05 09:29:53
1641374994236949000,77.4,2,77.3,16,77.5,5,2,2022-01-05 09:29:54
1641374995754329000,77.4,1,77.3,16,77.5,7,2,2022-01-05 09:29:55
1641374998548972000,77.4,1,77.2,27,77.5,7,2,2022-01-05 09:29:58
1641374998548972000,77.3,15,77.2,27,77.5,7,2,2022-01-05 09:29:58
1641375001448520000,77.4,1,77.2,27,77.4,3,1,2022-01-05 09:30:01
1641375011313300000,77.4,2,77.3,2,77.4,3,1,2022-01-05 09:30:11
1641375014633992000,77.4,1,77.3,2,77.4,2,1,2022-01-05 09:30:14
1641375015899150000,77.4,1,77.3,2,77.4,1,1,2022-01-05 09:30:15
1641375016459819000,77.4,1,77.4,2,77.5,6,1,2022-01-05 09:30:16
1641375017270977000,77.4,1,77.4,1,77.5,3,2,2022-01-05 09:30:17
1641375018317182000,77.5,1,77.4,1,77.5,2,1,2022-01-05 09:30:18
1641375018455350000,77.4,1,77.3,2,77.4,5,2,2022-01-05 09:30:18
1641375018802653000,77.4,1,77.3,2,77.4,4,1,2022-01-05 09:30:18
1641375021084247000,77.3,1,77.3,2,77.4,4,2,2022-01-05 09:30:21
1641375022032459000,77.3,1,77.3,1,77.4,4,2,2022-01-05 09:30:22
1641375022158442000,77.4,4,77.4,1,77.5,2,1,2022-01-05 09:30:22
1641375022318113000,77.5,1,77.4,1,77.5,1,1,2022-01-05 09:30:22
1641375024519400000,77.4,1,77.3,2,77.5,1,2,2022-01-05 09:30:24
1641375031313902000,77.4,1,77.3,13,77.5,1,1,2022-01-05 09:30:31
1641375032542900000,77.3,4,77.3,9,77.5,1,2,2022-01-05 09:30:32
1641375039177726000,77.3,3,77.3,8,77.5,1,2,2022-01-05 09:30:39
1641375052132558000,77.5,1,77.3,10,77.8,1,1,2022-01-05 09:30:52
1641375070955170000,77.7,2,77.4,12,77.7,2,1,2022-01-05 09:31:10
1641375076950348000,77.8,1,77.4,12,77.8,3,1,2022-01-05 09:31:16
1641375081679180000,77.5,1,77.4,12,77.8,3,1,2022-01-05 09:31:21
1641375085609129000,77.4,1,77.4,11,77.7,1,2,2022-01-05 09:31:25
1641375100912911000,77.5,1,77.4,11,77.7,1,2,2022-01-05 09:31:40
1641375110508591000,77.5,1,77.5,2,77.7,2,2,2022-01-05 09:31:50
1641375115504414000,77.5,1,77.5,1,77.7,2,2,2022-01-05 09:31:55
1641375115541593000,77.5,1,77.4,12,77.7,2,2,2022-01-05 09:31:55
1641375128851440000,77.4,1,77.4,11,77.5,1,2,2022-01-05 09:32:08
1641375129809295000,77.5,1,77.4,11,77.7,2,1,2022-01-05 09:32:09
1641375140663090000,77.4,1,77.4,12,77.7,4,2,2022-01-05 09:32:20
1641375144161047000,77.4,1,77.4,11,77.6,1,2,2022-01-05 09:32:24
1641375173918341000,77.4,1,77.4,12,77.5,2,2,2022-01-05 09:32:53
1641375175353338000,77.4,1,77.4,11,77.5,2,2,2022-01-05 09:32:55
1641375176021097000,77.4,1,77.4,10,77.5,2,2,2022-01-05 09:32:56
1641375181350734000,77.4,1,77.4,11,77.5,2,2,2022-01-05 09:33:01
1641375183222909000,77.5,1,77.4,11,77.5,1,1,2022-01-05 09:33:03
1641375184745256000,77.4,1,77.4,10,77.5,1,2,2022-01-05 09:33:04
1641375197388490000,77.5,1,77.4,11,77.6,3,1,2022-01-05 09:33:17
1641375204066748000,77.4,1,77.4,11,77.6,3,2,2022-01-05 09:33:24
1641375211175627000,77.5,1,77.4,11,77.5,4,1,2022-01-05 09:33:31
1641375228125026000,77.5,1,77.4,17,77.5,4,1,2022-01-05 09:33:48
1641375257133481000,77.5,1,77.4,20,77.5,7,1,2022-01-05 09:34:17
1641375259332919000,77.5,3,77.4,21,77.5,3,1,2022-01-05 09:34:19
1641375264450376000,77.5,1,77.4,21,77.5,2,1,2022-01-05 09:34:24
1641375270949817000,77.5,1,77.4,22,77.5,1,1,2022-01-05 09:34:30
1641375277585873000,77.5,1,77.4,22,77.5,4,1,2022-01-05 09:34:37
1641375277710596000,77.5,1,77.4,21,77.5,3,1,2022-01-05 09:34:37
1641375277952235000,77.5,1,77.4,21,77.5,2,1,2022-01-05 09:34:37
1641375281854786000,77.5,1,77.4,21,77.5,1,1,2022-01-05 09:34:41
1641375282468996000,77.5,1,77.5,4,77.6,3,1,2022-01-05 09:34:42
1641375282495533000,77.5,4,77.4,20,77.6,3,2,2022-01-05 09:34:42
1641375282516509000,77.4,10,77.4,10,77.6,3,2,2022-01-05 09:34:42
1641375282538929000,77.4,10,77.3,17,77.6,3,2,2022-01-05 09:34:42
1641375285702689000,77.3,1,77.3,16,77.5,4,2,2022-01-05 09:34:45
1641375292460810000,77.3,10,77.3,7,77.4,1,2,2022-01-05 09:34:52
1641375292515339000,77.3,7,77.2,42,77.4,1,2,2022-01-05 09:34:52
1641375300059878000,77.3,1,77.3,4,77.4,9,2,2022-01-05 09:35:00
1641375303544211000,77.3,2,77.3,2,77.4,9,2,2022-01-05 09:35:03
1641375303575792000,77.3,2,77.2,44,77.4,9,2,2022-01-05 09:35:03
1641375309559852000,77.2,1,77.2,43,77.3,13,2,2022-01-05 09:35:09
1641375309607666000,77.2,20,77.2,23,77.3,13,2,2022-01-05 09:35:09
1641375309609352000,77.2,20,77.2,3,77.3,13,2,2022-01-05 09:35:09
1641375309616789000,77.2,3,77.1,30,77.3,13,2,2022-01-05 09:35:09
1641375309692609000,77.1,23,77.1,7,77.2,2,2,2022-01-05 09:35:09
1641375309715049000,77.1,7,77.0,60,77.1,13,2,2022-01-05 09:35:09
1641375310410745000,77.0,60,76.7,9,77.1,15,2,2022-01-05 09:35:10
1641375310410745000,76.9,15,76.7,9,77.1,15,2,2022-01-05 09:35:10
1641375310410745000,76.8,16,76.7,9,77.1,15,2,2022-01-05 09:35:10
1641375310410745000,76.7,9,76.7,9,77.1,15,2,2022-01-05 09:35:10
1641375310474196000,76.7,1,76.7,8,77.0,62,2,2022-01-05 09:35:10
1641375310537530000,76.7,8,76.6,19,77.0,62,2,2022-01-05 09:35:10
1641375312176327000,76.7,1,76.6,19,76.7,10,1,2022-01-05 09:35:12
1641375312288887000,76.6,1,76.6,18,76.7,10,2,2022-01-05 09:35:12
1641375312332517000,76.6,1,76.6,17,76.7,10,2,2022-01-05 09:35:12
1641375312356011000,76.6,1,76.6,16,76.7,10,2,2022-01-05 09:35:12
1641375314335095000,76.6,3,76.6,13,76.7,23,2,2022-01-05 09:35:14
1641375315287729000,76.6,1,76.6,12,76.7,23,2,2022-01-05 09:35:15
1641375315499798000,76.7,1,76.6,12,76.7,22,1,2022-01-05 09:35:15
1641375317327057000,76.7,1,76.6,12,76.7,22,1,2022-01-05 09:35:17
1641375317859821000,76.7,1,76.6,12,76.7,22,1,2022-01-05 09:35:17
1641375317960876000,76.6,1,76.6,11,76.7,22,2,2022-01-05 09:35:17
1641375320089686000,76.7,1,76.6,16,76.7,21,1,2022-01-05 09:35:20
1641375320531876000,76.6,5,76.6,11,76.7,21,2,2022-01-05 09:35:20
1641375320722452000,76.6,5,76.6,6,76.7,21,2,2022-01-05 09:35:20
1641375321036506000,76.6,1,76.6,5,76.7,21,2,2022-01-05 09:35:21
1641375322181454000,76.6,1,76.6,8,76.7,21,2,2022-01-05 09:35:22
1641375322987755000,76.6,1,76.6,10,76.7,21,2,2022-01-05 09:35:22
1641375323398759000,76.6,6,76.6,4,76.7,21,2,2022-01-05 09:35:23
1641375324811754000,76.6,1,76.6,8,76.7,24,2,2022-01-05 09:35:24
1641375325628480000,76.6,2,76.6,6,76.7,24,2,2022-01-05 09:35:25
1641375326484816000,76.6,3,76.6,4,76.7,26,2,2022-01-05 09:35:26
1641375326768774000,76.6,1,76.6,3,76.7,26,2,2022-01-05 09:35:26
1641375326808308000,76.6,1,76.6,2,76.7,26,2,2022-01-05 09:35:26
1641375331433527000,76.6,1,76.6,4,76.7,28,2,2022-01-05 09:35:31
1641375333512059000,76.6,1,76.6,6,76.7,27,2,2022-01-05 09:35:33
1641375333902607000,76.6,1,76.6,5,76.7,27,2,2022-01-05 09:35:33
1641375335781234000,76.6,5,76.6,2,76.7,27,2,2022-01-05 09:35:35
1641375336002253000,76.7,5,76.6,3,76.7,22,1,2022-01-05 09:35:36
1641375337455814000,76.7,6,76.6,9,76.7,14,1,2022-01-05 09:35:37
1641375337476409000,76.7,14,76.6,9,77.1,15,1,2022-01-05 09:35:37
1641375337526898000,76.7,2,76.7,1,77.0,2,2,2022-01-05 09:35:37
1641375338415453000,76.8,1,76.7,1,77.0,2,2,2022-01-05 09:35:38
1641375338415453000,76.7,1,76.7,1,77.0,2,2,2022-01-05 09:35:38
1641375343084249000,76.7,2,76.7,9,77.0,2,2,2022-01-05 09:35:43
1641375343166339000,77.0,1,76.7,9,77.0,1,1,2022-01-05 09:35:43
1641375346237022000,76.7,4,76.7,18,77.0,1,2,2022-01-05 09:35:46
1641375347974693000,76.8,2,76.8,6,77.0,1,2,2022-01-05 09:35:47
1641375353794180000,76.8,1,76.8,10,77.0,12,2,2022-01-05 09:35:53
1641375357102693000,76.9,1,76.8,14,77.0,15,2,2022-01-05 09:35:57
1641375359396436000,76.9,1,76.8,10,77.0,15,2,2022-01-05 09:35:59
1641375359396436000,76.8,4,76.8,10,77.0,15,2,2022-01-05 09:35:59
1641375360791226000,76.9,1,76.8,10,76.9,10,2,2022-01-05 09:36:00
1641375367175108000,76.8,1,76.8,16,76.9,24,2,2022-01-05 09:36:07
1641375367357907000,76.8,1,76.8,15,76.9,24,2,2022-01-05 09:36:07
1641375368873559000,76.9,1,76.8,15,76.9,23,1,2022-01-05 09:36:08
1641375373526653000,76.8,2,76.8,14,76.9,26,2,2022-01-05 09:36:13
1641375375437152000,76.8,2,76.8,13,76.9,26,2,2022-01-05 09:36:15
1641375378427036000,76.9,1,76.8,12,76.9,27,1,2022-01-05 09:36:18
1641375383663598000,76.8,1,76.8,14,76.9,27,2,2022-01-05 09:36:23
1641375383882428000,76.8,1,76.8,14,76.9,27,2,2022-01-05 09:36:23
1641375385265478000,76.8,1,76.8,16,76.9,27,2,2022-01-05 09:36:25
1641375391427365000,76.8,1,76.8,16,76.9,30,2,2022-01-05 09:36:31
1641375392154416000,76.8,1,76.8,15,76.9,30,2,2022-01-05 09:36:32
1641375393810747000,76.8,1,76.8,16,76.9,30,2,2022-01-05 09:36:33
1641375397769888000,76.8,1,76.8,15,76.9,30,2,2022-01-05 09:36:37
1641375399652556000,76.8,7,76.8,8,76.9,30,2,2022-01-05 09:36:39
1641375400130331000,76.8,1,76.8,7,76.9,30,2,2022-01-05 09:36:40
1641375400308910000,76.8,1,76.8,6,76.9,30,2,2022-01-05 09:36:40
1641375401657197000,76.8,5,76.8,1,76.9,30,2,2022-01-05 09:36:41
1641375402556053000,76.8,1,76.7,20,76.9,30,2,2022-01-05 09:36:42
1641375407265585000,76.8,5,76.8,1,76.9,29,2,2022-01-05 09:36:47
1641375408420740000,76.8,1,76.7,20,76.8,9,2,2022-01-05 09:36:48
1641375419377458000,76.8,20,76.7,21,76.9,22,1,2022-01-05 09:36:59
1641375421129051000,76.7,1,76.7,20,76.9,22,2,2022-01-05 09:37:01
1641375421390537000,76.8,1,76.7,11,76.9,22,2,2022-01-05 09:37:01
1641375421390537000,76.7,9,76.7,11,76.9,22,2,2022-01-05 09:37:01
1641375427762584000,76.8,2,76.7,11,76.9,23,2,2022-01-05 09:37:07
1641375433273062000,76.7,2,76.7,11,76.9,23,2,2022-01-05 09:37:13
1641375436269008000,76.7,3,76.7,9,76.9,23,2,2022-01-05 09:37:16
1641375450107378000,76.8,1,76.7,13,76.8,9,1,2022-01-05 09:37:30
1641375453444527000,76.7,2,76.7,12,76.8,9,2,2022-01-05 09:37:33
1641375454069514000,76.7,1,76.7,11,76.8,9,2,2022-01-05 09:37:34
1641375454177531000,76.8,1,76.7,11,76.8,8,1,2022-01-05 09:37:34
1641375455403339000,76.8,5,76.7,11,76.8,3,1,2022-01-05 09:37:35
1641375459223257000,76.8,1,76.7,12,76.8,2,1,2022-01-05 09:37:39
1641375459511611000,76.7,10,76.7,2,76.8,2,2,2022-01-05 09:37:39
1641375467313263000,76.8,1,76.7,2,76.8,4,1,2022-01-05 09:37:47
1641375469753338000,76.8,1,76.7,2,76.8,3,1,2022-01-05 09:37:49
1641375471426704000,76.8,1,76.7,2,76.8,2,1,2022-01-05 09:37:51
1641375476503090000,76.8,1,76.7,3,76.8,3,1,2022-01-05 09:37:56
1641375477856363000,76.7,1,76.7,2,76.8,3,2,2022-01-05 09:37:57
1641375481118568000,76.7,2,76.7,1,76.8,4,2,2022-01-05 09:38:01
1641375481643678000,76.8,1,76.7,1,76.8,3,1,2022-01-05 09:38:01
1641375482655690000,76.7,1,76.7,2,76.8,3,2,2022-01-05 09:38:02
1641375483562552000,76.8,1,76.7,2,76.8,2,1,2022-01-05 09:38:03
1641375489645559000,76.8,1,76.7,15,76.8,12,1,2022-01-05 09:38:09
1641375489739753000,76.8,1,76.7,15,76.8,11,1,2022-01-05 09:38:09
1641375492518509000,76.8,1,76.7,25,76.8,10,1,2022-01-05 09:38:12
1641375493232392000,76.8,2,76.7,25,76.8,10,1,2022-01-05 09:38:13
1641375494638670000,76.8,2,76.7,25,76.8,9,1,2022-01-05 09:38:14
1641375496745347000,76.8,1,76.7,25,76.8,9,1,2022-01-05 09:38:16
1641375497395893000,76.8,9,76.8,3,76.9,21,1,2022-01-05 09:38:17
1641375514945991000,76.9,12,76.8,14,76.9,10,1,2022-01-05 09:38:34
1641375514974136000,76.9,10,76.8,14,77.0,17,1,2022-01-05 09:38:34
1641375523216683000,76.9,1,76.8,14,77.0,18,2,2022-01-05 09:38:43
1641375536381861000,76.9,1,76.9,8,77.0,19,2,2022-01-05 09:38:56
