ts,close,volume,bid_price,bid_volume,ask_price,ask_volume,tick_type,datetime
1641373334252123000,20.35,1998,20.3,49,20.35,14,1,2022-01-05 09:02:14
1641373334295634000,20.3,4,20.3,45,20.35,14,2,2022-01-05 09:02:14
1641373334296992000,20.3,4,20.3,41,20.35,14,2,2022-01-05 09:02:14
1641373334304526000,20.35,4,20.3,41,20.35,10,1,2022-01-05 09:02:14
1641373334309916000,20.35,5,20.3,41,20.35,5,1,2022-01-05 09:02:14
1641373334326002000,20.35,5,20.3,41,20.4,29,1,2022-01-05 09:02:14
1641373334510706000,20.3,2,20.3,39,20.4,29,2,2022-01-05 09:02:14
1641373334548296000,20.4,1,20.3,39,20.4,28,1,2022-01-05 09:02:14
1641373334998476000,20.3,16,20.3,23,20.4,28,2,2022-01-05 09:02:14
1641373335029268000,20.4,1,20.3,23,20.4,27,1,2022-01-05 09:02:15
1641373335144418000,20.3,11,20.3,12,20.4,27,2,2022-01-05 09:02:15
1641373335159769000,20.3,2,20.3,10,20.4,27,2,2022-01-05 09:02:15
1641373335207079000,20.3,10,20.25,11,20.4,28,2,2022-01-05 09:02:15
1641373335273406000,20.35,1,20.25,11,20.4,28,2,2022-01-05 09:02:15
1641373335707766000,20.35,1,20.25,11,20.4,28,2,2022-01-05 09:02:15
1641373337148886000,20.3,1,20.25,5,20.4,28,2,2022-01-05 09:02:17
1641373337148886000,20.25,6,20.25,5,20.4,28,2,2022-01-05 09:02:17
1641373337158628000,20.4,2,20.25,5,20.4,26,1,2022-01-05 09:02:17
1641373337393230000,20.4,2,20.35,1,20.4,24,1,2022-01-05 09:02:17
1641373337998344000,20.35,1,20.25,5,20.4,25,2,2022-01-05 09:02:17
1641373339321219000,20.35,3,20.3,1,20.4,45,2,2022-01-05 09:02:19
1641373339499378000,20.35,1,20.3,1,20.35,19,1,2022-01-05 09:02:19
1641373340134525000,20.35,2,20.3,1,20.35,17,1,2022-01-05 09:02:20
1641373340895278000,20.3,1,20.25,4,20.35,17,2,2022-01-05 09:02:20
1641373340895278000,20.25,1,20.25,4,20.35,17,2,2022-01-05 09:02:20
1641373340948715000,20.25,3,20.25,1,20.35,18,2,2022-01-05 09:02:20
1641373341702560000,20.35,1,20.25,1,20.35,17,1,2022-01-05 09:02:21
1641373341740067000,20.25,1,20.2,20,20.35,17,2,2022-01-05 09:02:21
1641373342050346000,20.35,2,20.2,20,20.35,15,1,2022-01-05 09:02:22
1641373342388567000,20.2,1,20.2,19,20.25,6,2,2022-01-05 09:02:22
1641373343194559000,20.25,1,20.2,20,20.25,15,1,2022-01-05 09:02:23
1641373343220315000,20.25,15,20.2,20,20.35,15,1,2022-01-05 09:02:23
1641373343313792000,20.2,10,20.2,10,20.25,1,2,2022-01-05 09:02:23
1641373343384755000,20.25,1,20.2,10,20.35,13,1,2022-01-05 09:02:23
1641373343384755000,20.35,2,20.2,10,20.35,13,1,2022-01-05 09:02:23
1641373343485769000,20.35,3,20.2,10,20.35,10,1,2022-01-05 09:02:23
1641373344072704000,20.2,1,20.2,9,20.35,10,2,2022-01-05 09:02:24
1641373344163412000,20.2,6,20.2,3,20.35,10,2,2022-01-05 09:02:24
1641373344184552000,20.35,1,20.2,3,20.35,9,1,2022-01-05 09:02:24
1641373344218752000,20.2,1,20.2,2,20.35,9,2,2022-01-05 09:02:24
1641373344309494000,20.35,2,20.2,2,20.35,7,1,2022-01-05 09:02:24
1641373344674602000,20.35,3,20.25,1,20.35,5,1,2022-01-05 09:02:24
1641373344743814000,20.25,1,20.15,3,20.35,13,2,2022-01-05 09:02:24
1641373344743814000,20.2,2,20.15,3,20.35,13,2,2022-01-05 09:02:24
1641373344743814000,20.15,7,20.15,3,20.35,13,2,2022-01-05 09:02:24
1641373346304138000,20.3,3,20.15,3,20.3,10,1,2022-01-05 09:02:26
1641373346370648000,20.3,5,20.2,3,20.3,5,1,2022-01-05 09:02:26
1641373347327460000,20.2,1,20.2,7,20.25,1,2,2022-01-05 09:02:27
1641373347398179000,20.25,1,20.2,7,20.3,5,1,2022-01-05 09:02:27
1641373347419066000,20.2,1,20.2,6,20.3,5,2,2022-01-05 09:02:27
1641373347446928000,20.3,1,20.2,6,20.3,4,1,2022-01-05 09:02:27
1641373347489821000,20.2,1,20.2,5,20.3,4,2,2022-01-05 09:02:27
1641373348174619000,20.2,1,20.2,5,20.3,21,2,2022-01-05 09:02:28
1641373348784712000,20.2,1,20.2,14,20.3,21,2,2022-01-05 09:02:28
1641373348958754000,20.2,1,20.2,13,20.3,21,2,2022-01-05 09:02:28
1641373349083936000,20.2,2,20.2,11,20.3,21,2,2022-01-05 09:02:29
1641373349544361000,20.2,10,20.2,3,20.3,21,2,2022-01-05 09:02:29
1641373351017468000,20.2,1,20.2,5,20.25,10,2,2022-01-05 09:02:31
1641373351320879000,20.25,1,20.2,9,20.25,14,1,2022-01-05 09:02:31
1641373351536057000,20.2,5,20.2,5,20.25,14,2,2022-01-05 09:02:31
1641373351791436000,20.2,1,20.2,5,20.25,14,2,2022-01-05 09:02:31
1641373352812104000,20.2,2,20.2,5,20.25,14,2,2022-01-05 09:02:32
1641373353013642000,20.2,3,20.2,2,20.25,14,2,2022-01-05 09:02:33
1641373353173210000,20.2,2,20.15,7,20.25,14,2,2022-01-05 09:02:33
1641373353774444000,20.2,1,20.15,7,20.25,4,1,2022-01-05 09:02:33
1641373353774444000,20.25,2,20.15,7,20.25,4,1,2022-01-05 09:02:33
1641373354297452000,20.25,1,20.2,3,20.25,3,1,2022-01-05 09:02:34
1641373354586296000,20.2,3,20.15,7,20.2,17,2,2022-01-05 09:02:34
1641373354733365000,20.2,1,20.15,7,20.2,16,1,2022-01-05 09:02:34
1641373355206166000,20.15,2,20.15,6,20.2,16,2,2022-01-05 09:02:35
1641373355419750000,20.15,2,20.15,4,20.2,16,2,2022-01-05 09:02:35
1641373355507637000,20.2,1,20.15,4,20.2,15,1,2022-01-05 09:02:35
1641373355529119000,20.2,3,20.15,4,20.2,12,1,2022-01-05 09:02:35
1641373356073796000,20.15,4,20.1,22,20.15,3,2,2022-01-05 09:02:36
1641373356155788000,20.15,3,20.1,22,20.2,14,1,2022-01-05 09:02:36
1641373356250436000,20.2,1,20.1,22,20.2,13,1,2022-01-05 09:02:36
1641373356301926000,20.15,5,20.1,22,20.2,13,1,2022-01-05 09:02:36
1641373356518671000,20.2,1,20.1,22,20.2,16,1,2022-01-05 09:02:36
1641373356910732000,20.2,3,20.1,22,20.2,21,1,2022-01-05 09:02:36
1641373357007555000,20.2,1,20.1,22,20.2,20,1,2022-01-05 09:02:37
1641373357121554000,20.1,1,20.1,21,20.2,20,2,2022-01-05 09:02:37
1641373357276698000,20.1,10,20.1,11,20.2,20,2,2022-01-05 09:02:37
1641373357606681000,20.1,1,20.1,10,20.15,2,2,2022-01-05 09:02:37
1641373357629994000,20.15,2,20.1,10,20.2,20,1,2022-01-05 09:02:37
1641373358051407000,20.2,1,20.1,10,20.2,19,1,2022-01-05 09:02:38
1641373358059630000,20.2,1,20.1,10,20.2,18,1,2022-01-05 09:02:38
1641373358100476000,20.2,1,20.1,10,20.2,17,1,2022-01-05 09:02:38
1641373358229248000,20.1,1,20.1,9,20.2,17,2,2022-01-05 09:02:38
1641373359187112000,20.1,1,20.1,8,20.2,18,2,2022-01-05 09:02:39
1641373359211334000,20.2,1,20.1,8,20.2,17,1,2022-01-05 09:02:39
1641373360294409000,20.1,24,20.1,15,20.2,18,2,2022-01-05 09:02:40
1641373360529702000,20.2,3,20.1,15,20.2,15,1,2022-01-05 09:02:40
1641373361013560000,20.1,1,20.1,14,20.2,20,2,2022-01-05 09:02:41
1641373361581730000,20.15,1,20.15,1,20.2,20,1,2022-01-05 09:02:41
1641373361708047000,20.2,2,20.15,1,20.2,18,1,2022-01-05 09:02:41
1641373361829922000,20.15,1,20.1,14,20.2,18,2,2022-01-05 09:02:41
1641373361961585000,20.1,9,20.1,5,20.2,18,2,2022-01-05 09:02:41
1641373362623061000,20.1,1,20.1,5,20.15,3,2,2022-01-05 09:02:42
1641373362914006000,20.1,5,20.0,11,20.15,9,2,2022-01-05 09:02:42
1641373362914006000,20.05,12,20.0,11,20.15,9,2,2022-01-05 09:02:42
1641373362914006000,20.0,183,20.0,11,20.15,9,2,2022-01-05 09:02:42
1641373363178233000,20.0,3,20.0,8,20.15,21,2,2022-01-05 09:02:43
1641373363178279000,20.0,2,20.0,6,20.15,21,2,2022-01-05 09:02:43
1641373363206556000,20.1,1,19.95,5,20.15,21,2,2022-01-05 09:02:43
1641373363206556000,20.0,6,19.95,5,20.15,21,2,2022-01-05 09:02:43
1641373363252513000,20.15,9,19.95,5,20.2,20,1,2022-01-05 09:02:43
1641373363252513000,20.2,1,19.95,5,20.2,20,1,2022-01-05 09:02:43
1641373363809756000,20.1,1,20.0,1,20.15,8,2,2022-01-05 09:02:43
1641373363895646000,20.15,1,20.0,1,20.15,34,1,2022-01-05 09:02:43
1641373363915535000,20.15,1,20.0,1,20.15,33,1,2022-01-05 09:02:43
1641373364465742000,20.0,1,19.95,1,20.15,37,2,2022-01-05 09:02:44
1641373364465742000,19.95,4,19.95,1,20.15,37,2,2022-01-05 09:02:44
1641373364488978000,20.15,2,19.95,1,20.15,35,1,2022-01-05 09:02:44
1641373364711145000,20.0,1,19.95,1,20.1,13,2,2022-01-05 09:02:44
1641373364866686000,19.95,1,19.9,5,20.1,1,2,2022-01-05 09:02:44
1641373364870357000,19.9,1,19.9,4,20.1,1,2,2022-01-05 09:02:44
1641373365288476000,19.9,4,19.85,1,20.1,13,2,2022-01-05 09:02:45
1641373365419768000,20.1,1,19.85,1,20.1,12,1,2022-01-05 09:02:45
1641373365510832000,19.85,1,19.8,22,20.1,12,2,2022-01-05 09:02:45
1641373365684911000,20.05,1,19.8,22,20.15,35,2,2022-01-05 09:02:45
1641373366543665000,20.15,1,20.0,1,20.15,42,1,2022-01-05 09:02:46
1641373367138128000,20.15,5,20.0,7,20.15,37,1,2022-01-05 09:02:47
1641373367283622000,20.15,2,20.1,5,20.15,35,1,2022-01-05 09:02:47
1641373367307459000,20.1,3,20.1,2,20.15,35,2,2022-01-05 09:02:47
1641373367335195000,20.1,2,20.0,7,20.15,35,2,2022-01-05 09:02:47
1641373367359388000,20.0,1,20.0,6,20.15,35,2,2022-01-05 09:02:47
1641373367853553000,20.05,2,20.0,6,20.05,18,1,2022-01-05 09:02:47
1641373368678692000,20.0,2,20.0,6,20.05,18,2,2022-01-05 09:02:48
1641373369260183000,20.0,6,19.8,21,20.05,24,2,2022-01-05 09:02:49
1641373369293123000,20.0,1,19.8,19,20.0,11,1,2022-01-05 09:02:49
1641373369299974000,20.0,2,19.8,19,20.0,9,1,2022-01-05 09:02:49
1641373369837878000,19.85,1,19.85,2,20.0,9,2,2022-01-05 09:02:49
1641373369867431000,20.0,1,19.85,2,20.0,8,1,2022-01-05 09:02:49
1641373370326802000,20.0,5,19.85,3,20.0,5,1,2022-01-05 09:02:50
1641373370337453000,20.0,1,19.85,3,20.0,4,1,2022-01-05 09:02:50
1641373370549868000,19.95,1,19.85,9,20.0,4,1,2022-01-05 09:02:50
1641373370672733000,19.9,1,19.85,9,20.0,10,1,2022-01-05 09:02:50
1641373370676215000,20.0,1,19.85,9,20.0,9,1,2022-01-05 09:02:50
1641373370954927000,20.0,1,19.85,10,20.0,8,1,2022-01-05 09:02:50
1641373372008549000,19.95,1,19.9,10,20.0,17,1,2022-01-05 09:02:52
1641373372336779000,19.9,3,19.9,7,20.0,17,2,2022-01-05 09:02:52
1641373372439859000,20.0,1,19.9,7,20.0,16,1,2022-01-05 09:02:52
1641373372547155000,20.0,1,19.9,7,20.0,15,1,2022-01-05 09:02:52
1641373372575328000,20.0,1,19.9,7,20.0,14,1,2022-01-05 09:02:52
1641373372682264000,20.0,1,19.9,7,20.0,13,1,2022-01-05 09:02:52
1641373372892324000,20.0,10,19.95,1,20.0,3,1,2022-01-05 09:02:52
1641373372927027000,20.0,3,19.95,1,20.05,24,1,2022-01-05 09:02:52
1641373373272373000,20.0,2,19.95,1,20.0,18,2,2022-01-05 09:02:53
1641373373311258000,20.0,18,19.95,1,20.05,24,1,2022-01-05 09:02:53
1641373373457060000,20.0,1,19.95,1,20.05,24,1,2022-01-05 09:02:53
1641373373628187000,20.0,1,19.95,1,20.0,19,1,2022-01-05 09:02:53
1641373373900749000,19.95,1,19.9,8,20.0,19,2,2022-01-05 09:02:53
1641373373900749000,19.9,4,19.9,8,20.0,19,2,2022-01-05 09:02:53
1641373373924918000,20.0,1,19.9,8,20.0,22,1,2022-01-05 09:02:53
1641373374607415000,20.0,30,19.95,1,20.0,8,1,2022-01-05 09:02:54
1641373374612432000,19.95,1,19.9,11,19.95,5,2,2022-01-05 09:02:54
1641373374664366000,19.95,3,19.9,11,19.95,2,1,2022-01-05 09:02:54
1641373374742910000,19.95,1,19.9,11,19.95,1,1,2022-01-05 09:02:54
1641373375696650000,19.95,1,19.9,12,20.0,19,1,2022-01-05 09:02:55
1641373375834638000,19.95,1,19.9,12,19.95,5,1,2022-01-05 09:02:55
1641373376042720000,19.95,5,19.9,12,20.0,21,1,2022-01-05 09:02:56
1641373376284563000,19.9,4,19.9,8,20.0,21,2,2022-01-05 09:02:56
1641373376641165000,19.9,1,19.9,7,19.95,7,2,2022-01-05 09:02:56
1641373376858892000,19.9,9,19.65,6,19.95,13,2,2022-01-05 09:02:56
1641373376858892000,19.85,15,19.65,6,19.95,13,2,2022-01-05 09:02:56
1641373376858892000,19.8,34,19.65,6,19.95,13,2,2022-01-05 09:02:56
1641373376858892000,19.75,5,19.65,6,19.95,13,2,2022-01-05 09:02:56
1641373376858892000,19.7,22,19.65,6,19.95,13,2,2022-01-05 09:02:56
1641373376858892000,19.65,15,19.65,6,19.95,13,2,2022-01-05 09:02:56
1641373377447211000,19.9,1,19.8,1,19.9,1,1,2022-01-05 09:02:57
1641373377995851000,19.9,1,19.8,1,19.9,20,1,2022-01-05 09:02:57
1641373378799747000,19.8,1,0.0,0,0.0,0,2,2022-01-05 09:02:58
1641373378799747000,19.65,6,0.0,0,0.0,0,2,2022-01-05 09:02:58
1641373378799747000,19.65,0,0.0,0,0.0,0,2,2022-01-05 09:02:58
1641373499899493000,19.7,261,19.7,105,19.75,10,1,2022-01-05 09:04:59
1641373499920869000,19.75,8,19.7,105,19.75,2,1,2022-01-05 09:04:59
1641373499920885000,19.75,2,19.7,105,19.8,16,1,2022-01-05 09:04:59
1641373499965502000,19.8,2,19.7,105,19.8,14,1,2022-01-05 09:04:59
1641373500260322000,19.7,13,19.7,92,19.8,14,2,2022-01-05 09:05:00
1641373500487137000,19.75,1,19.7,92,19.75,31,2,2022-01-05 09:05:00
1641373500492631000,19.7,15,19.7,77,19.75,31,2,2022-01-05 09:05:00
1641373500689621000,19.7,8,19.7,69,19.75,46,2,2022-01-05 09:05:00
1641373503248474000,19.75,49,19.7,62,19.8,14,1,2022-01-05 09:05:03
1641373503961970000,19.75,1,19.7,62,19.8,14,2,2022-01-05 09:05:03
1641373504765589000,19.7,50,19.7,15,19.8,14,2,2022-01-05 09:05:04
1641373504869684000,19.7,2,19.7,13,19.75,3,2,2022-01-05 09:05:04
1641373505576672000,19.7,1,19.7,13,19.75,3,2,2022-01-05 09:05:05
1641373505970423000,19.7,11,19.7,5,19.75,18,2,2022-01-05 09:05:05
1641373506004103000,19.7,5,19.65,323,19.75,18,2,2022-01-05 09:05:06
1641373506243404000,19.65,11,19.65,312,19.75,18,2,2022-01-05 09:05:06
1641373506771585000,19.75,1,19.7,6,19.75,17,1,2022-01-05 09:05:06
1641373506808836000,19.75,1,19.7,6,19.75,16,1,2022-01-05 09:05:06
1641373506994553000,19.7,3,19.7,4,19.75,17,2,2022-01-05 09:05:06
1641373507068142000,19.7,2,19.7,2,19.75,22,2,2022-01-05 09:05:07
1641373507101429000,19.7,2,19.65,312,19.75,22,2,2022-01-05 09:05:07
1641373507234426000,19.7,3,19.7,7,19.75,22,2,2022-01-05 09:05:07
1641373507444685000,19.7,3,19.7,4,19.75,22,2,2022-01-05 09:05:07
1641373507640080000,19.7,3,19.7,1,19.75,22,2,2022-01-05 09:05:07
1641373507669275000,19.7,1,19.65,312,19.75,22,2,2022-01-05 09:05:07
1641373508458731000,19.7,2,19.65,313,19.75,22,2,2022-01-05 09:05:08
1641373509037439000,19.75,1,19.7,2,19.75,21,1,2022-01-05 09:05:09
1641373509361324000,19.75,1,19.7,2,19.75,20,1,2022-01-05 09:05:09
1641373509546683000,19.75,10,19.7,2,19.75,10,1,2022-01-05 09:05:09
1641373510854033000,19.75,1,19.7,4,19.75,9,1,2022-01-05 09:05:10
1641373511547435000,19.75,1,19.7,10,19.75,8,1,2022-01-05 09:05:11
1641373512156127000,19.75,1,19.7,17,19.75,7,1,2022-01-05 09:05:12
1641373512354259000,19.7,1,19.7,16,19.75,7,2,2022-01-05 09:05:12
1641373512805146000,19.75,2,19.75,3,19.8,34,1,2022-01-05 09:05:12
1641373512885591000,19.75,3,19.7,26,19.8,34,2,2022-01-05 09:05:12
1641373513384241000,19.8,34,19.7,26,19.85,25,1,2022-01-05 09:05:13
1641373514289322000,19.85,5,19.75,5,19.85,20,1,2022-01-05 09:05:14
1641373516255715000,19.8,2,19.8,8,19.85,20,2,2022-01-05 09:05:16
1641373516376821000,19.85,3,19.8,8,19.85,17,1,2022-01-05 09:05:16
1641373516621740000,19.8,1,19.8,7,19.85,22,2,2022-01-05 09:05:16
1641373517475898000,19.85,1,19.8,7,19.85,21,1,2022-01-05 09:05:17
1641373517562827000,19.85,1,19.8,7,19.85,20,1,2022-01-05 09:05:17
1641373517690714000,19.85,2,19.8,7,19.85,18,1,2022-01-05 09:05:17
1641373518217675000,19.85,2,19.8,7,19.85,16,1,2022-01-05 09:05:18
1641373518468462000,19.8,1,19.8,6,19.85,16,2,2022-01-05 09:05:18
1641373518476060000,19.8,6,19.75,20,19.8,4,2,2022-01-05 09:05:18
1641373518891217000,19.8,4,19.8,1,19.85,16,1,2022-01-05 09:05:18
1641373519879161000,19.85,1,19.8,2,19.85,20,1,2022-01-05 09:05:19
1641373520095608000,19.85,2,19.8,2,19.85,28,1,2022-01-05 09:05:20
1641373520597790000,19.85,2,19.8,5,19.85,26,1,2022-01-05 09:05:20
1641373520622127000,19.85,2,19.8,5,19.85,24,1,2022-01-05 09:05:20
1641373520639984000,19.8,5,19.75,25,19.8,2,2,2022-01-05 09:05:20
1641373520765313000,19.8,5,19.75,25,19.8,7,1,2022-01-05 09:05:20
1641373520810776000,19.8,1,19.75,25,19.8,6,1,2022-01-05 09:05:20
1641373520846499000,19.8,1,19.75,25,19.8,5,1,2022-01-05 09:05:20
1641373520973061000,19.8,2,19.75,25,19.8,3,1,2022-01-05 09:05:20
1641373521590275000,19.8,3,19.75,22,19.8,6,1,2022-01-05 09:05:21
1641373521852555000,19.8,1,19.75,22,19.8,5,1,2022-01-05 09:05:21
1641373522066293000,19.8,1,19.75,22,19.8,4,1,2022-01-05 09:05:22
1641373522204105000,19.8,4,19.8,16,19.85,24,1,2022-01-05 09:05:22
1641373522266548000,19.85,2,19.8,16,19.85,17,1,2022-01-05 09:05:22
1641373522985098000,19.8,15,19.8,3,19.85,17,2,2022-01-05 09:05:22
1641373523012960000,19.85,3,19.8,3,19.85,14,1,2022-01-05 09:05:23
1641373523192383000,19.8,3,19.75,22,19.8,12,2,2022-01-05 09:05:23
1641373523223668000,19.8,12,19.75,22,19.85,14,1,2022-01-05 09:05:23
1641373523278617000,19.85,2,19.75,22,19.85,12,1,2022-01-05 09:05:23
1641373524081541000,19.8,2,19.8,2,19.85,12,2,2022-01-05 09:05:24
1641373524304085000,19.85,2,19.8,4,19.85,10,1,2022-01-05 09:05:24
1641373524366275000,19.8,2,19.8,2,19.85,10,2,2022-01-05 09:05:24
1641373525084401000,19.85,7,19.8,3,19.85,3,1,2022-01-05 09:05:25
1641373525792647000,19.85,1,19.8,4,19.85,2,1,2022-01-05 09:05:25
1641373525831932000,19.85,1,19.8,4,19.85,11,1,2022-01-05 09:05:25
1641373526463272000,19.85,2,19.8,4,19.85,9,1,2022-01-05 09:05:26
1641373526667273000,19.8,1,19.8,3,19.85,9,2,2022-01-05 09:05:26
1641373527034930000,19.85,1,19.8,6,19.85,8,1,2022-01-05 09:05:27
1641373527061687000,19.85,1,19.8,6,19.85,7,1,2022-01-05 09:05:27
1641373527176717000,19.85,1,19.8,6,19.85,6,1,2022-01-05 09:05:27
1641373527902423000,19.8,1,19.8,24,19.85,21,2,2022-01-05 09:05:27
1641373528150337000,19.85,2,19.8,26,19.85,19,1,2022-01-05 09:05:28
1641373528326662000,19.85,1,19.8,26,19.85,18,1,2022-01-05 09:05:28
1641373528329802000,19.85,1,19.8,26,19.85,17,1,2022-01-05 09:05:28
1641373528856745000,19.8,2,19.8,25,19.85,18,2,2022-01-05 09:05:28
1641373529038581000,19.85,1,19.8,25,19.85,17,1,2022-01-05 09:05:29
1641373529591257000,19.85,4,19.8,26,19.85,13,1,2022-01-05 09:05:29
1641373529987745000,19.8,1,19.8,27,19.85,13,2,2022-01-05 09:05:29
1641373530500667000,19.85,2,19.8,28,19.85,11,1,2022-01-05 09:05:30
1641373531057267000,19.85,1,19.8,38,19.85,11,1,2022-01-05 09:05:31
1641373531560375000,19.85,2,19.8,42,19.85,9,1,2022-01-05 09:05:31
1641373532050057000,19.85,3,19.8,42,19.85,27,1,2022-01-05 09:05:32
1641373532063396000,19.85,5,19.8,42,19.85,22,1,2022-01-05 09:05:32
1641373532103968000,19.85,2,19.8,43,19.85,20,1,2022-01-05 09:05:32
1641373532134707000,19.85,1,19.8,43,19.85,19,1,2022-01-05 09:05:32
1641373532442925000,19.85,1,19.8,43,19.85,18,1,2022-01-05 09:05:32
1641373532673652000,19.85,2,19.8,44,19.85,16,1,2022-01-05 09:05:32
1641373533027371000,19.85,1,19.8,44,19.85,16,1,2022-01-05 09:05:33
1641373533218112000,19.85,1,19.8,44,19.85,15,1,2022-01-05 09:05:33
1641373533240610000,19.85,15,19.8,44,19.9,43,1,2022-01-05 09:05:33
1641373533310218000,19.9,1,19.8,44,19.9,42,1,2022-01-05 09:05:33
1641373533395933000,19.85,3,19.8,47,19.9,42,2,2022-01-05 09:05:33
1641373533395933000,19.8,3,19.8,47,19.9,42,2,2022-01-05 09:05:33
1641373533489958000,19.9,4,19.8,47,19.9,38,1,2022-01-05 09:05:33
1641373533586163000,19.8,1,19.8,46,19.85,15,2,2022-01-05 09:05:33
1641373533829025000,19.85,5,19.8,52,19.85,11,1,2022-01-05 09:05:33
1641373533920535000,19.85,2,19.8,52,19.85,10,1,2022-01-05 09:05:33
1641373533946993000,19.85,2,19.8,53,19.85,8,1,2022-01-05 09:05:33
1641373534028643000,19.85,5,19.8,53,19.85,3,1,2022-01-05 09:05:34
1641373534460725000,19.85,1,19.8,67,19.85,2,1,2022-01-05 09:05:34
1641373534604085000,19.85,1,19.8,67,19.85,21,1,2022-01-05 09:05:34
1641373534648719000,19.85,5,19.8,67,19.85,16,1,2022-01-05 09:05:34
1641373534925747000,19.85,1,19.8,67,19.85,15,1,2022-01-05 09:05:34
1641373535379864000,19.85,4,19.8,69,19.85,11,1,2022-01-05 09:05:35
1641373535585314000,19.85,3,19.8,69,19.85,8,1,2022-01-05 09:05:35
1641373535750806000,19.85,1,19.8,69,19.85,7,1,2022-01-05 09:05:35
1641373537094337000,19.85,1,19.8,98,19.85,6,1,2022-01-05 09:05:37
1641373537362249000,19.85,5,19.8,98,19.85,21,1,2022-01-05 09:05:37
1641373537698131000,19.85,5,19.8,99,19.85,16,1,2022-01-05 09:05:37
1641373537737739000,19.85,1,19.8,99,19.85,15,1,2022-01-05 09:05:37
1641373538100804000,19.85,2,19.8,100,19.85,13,1,2022-01-05 09:05:38
1641373538232967000,19.85,10,19.8,100,19.85,3,1,2022-01-05 09:05:38
1641373538285872000,19.85,1,19.8,100,19.85,2,1,2022-01-05 09:05:38
1641373538452853000,19.85,2,19.8,100,19.9,39,1,2022-01-05 09:05:38
1641373538554871000,19.8,5,19.8,95,19.9,39,2,2022-01-05 09:05:38
1641373538773239000,19.85,1,19.8,95,19.85,19,2,2022-01-05 09:05:38
1641373538968613000,19.85,1,19.8,95,19.85,18,1,2022-01-05 09:05:38
1641373539368397000,19.85,2,19.8,97,19.85,17,1,2022-01-05 09:05:39
1641373539492096000,19.85,17,19.8,99,19.9,31,1,2022-01-05 09:05:39
1641373539492096000,19.9,8,19.8,99,19.9,31,1,2022-01-05 09:05:39
1641373541466482000,19.85,4,19.85,5,19.9,31,2,2022-01-05 09:05:41
1641373542010516000,19.85,8,19.8,105,19.85,2,2,2022-01-05 09:05:42
1641373542375163000,19.85,3,19.8,105,19.9,28,1,2022-01-05 09:05:42
1641373542375163000,19.9,2,19.8,105,19.9,28,1,2022-01-05 09:05:42
1641373543240506000,19.85,2,19.8,105,19.85,18,2,2022-01-05 09:05:43
1641373543371337000,19.85,1,19.8,105,19.85,17,1,2022-01-05 09:05:43
1641373543605957000,19.85,2,19.8,105,19.85,15,1,2022-01-05 09:05:43
1641373544346446000,19.85,4,19.8,105,19.85,11,1,2022-01-05 09:05:44
1641373544357460000,19.85,1,19.8,105,19.85,10,1,2022-01-05 09:05:44
1641373544536749000,19.85,10,19.8,105,19.9,28,1,2022-01-05 09:05:44
1641373544674136000,19.9,1,19.85,1,19.9,27,1,2022-01-05 09:05:44
1641373545950175000,19.9,1,19.85,19,19.9,37,1,2022-01-05 09:05:45
1641373545952284000,19.85,1,19.85,18,19.9,37,2,2022-01-05 09:05:45
1641373546080175000,19.9,5,19.85,18,19.9,32,1,2022-01-05 09:05:46
1641373546113996000,19.9,1,19.85,18,19.9,31,1,2022-01-05 09:05:46
1641373546135707000,19.85,1,19.85,17,19.9,31,2,2022-01-05 09:05:46
1641373546518729000,19.9,1,19.85,19,19.9,30,1,2022-01-05 09:05:46
1641373547182584000,19.9,1,19.85,21,19.9,29,1,2022-01-05 09:05:47
1641373547548799000,19.9,1,19.85,21,19.9,28,1,2022-01-05 09:05:47
1641373547616464000,19.9,1,19.85,21,19.9,27,1,2022-01-05 09:05:47
1641373548090916000,19.9,1,19.85,22,19.9,26,1,2022-01-05 09:05:48
1641373549012466000,19.9,1,19.85,25,19.9,26,1,2022-01-05 09:05:49
1641373549504801000,19.85,2,19.85,35,19.9,26,2,2022-01-05 09:05:49
1641373550619569000,19.9,1,19.85,37,19.9,25,1,2022-01-05 09:05:50
1641373550670798000,19.9,3,19.85,37,19.9,22,1,2022-01-05 09:05:50
1641373551159371000,19.9,4,19.85,80,19.9,18,1,2022-01-05 09:05:51
1641373551450058000,19.9,1,19.85,81,19.9,17,1,2022-01-05 09:05:51
1641373551858808000,19.9,1,19.85,84,19.9,16,1,2022-01-05 09:05:51
1641373552220209000,19.9,5,19.85,104,19.9,11,1,2022-01-05 09:05:52
1641373552668046000,19.9,1,19.85,105,19.9,10,1,2022-01-05 09:05:52
1641373553026698000,19.9,2,19.85,105,19.9,10,1,2022-01-05 09:05:53
1641373553499299000,19.9,10,19.85,108,19.9,10,1,2022-01-05 09:05:53
1641373553529063000,19.9,2,19.85,108,19.9,8,1,2022-01-05 09:05:53
1641373553810947000,19.9,2,19.85,110,19.9,6,1,2022-01-05 09:05:53
1641373553815047000,19.9,1,19.85,110,19.9,5,1,2022-01-05 09:05:53
1641373553868940000,19.9,5,19.85,110,19.95,69,1,2022-01-05 09:05:53
1641373553868940000,19.95,5,19.85,110,19.95,69,1,2022-01-05 09:05:53
1641373555382228000,19.95,8,19.9,10,19.95,61,1,2022-01-05 09:05:55
1641373556332535000,19.9,1,19.9,9,19.95,61,2,2022-01-05 09:05:56
1641373557336895000,19.95,3,19.9,20,19.95,38,1,2022-01-05 09:05:57
1641373557652252000,19.95,3,19.9,21,19.95,35,1,2022-01-05 09:05:57
1641373557753510000,19.95,5,19.9,21,19.95,30,1,2022-01-05 09:05:57
1641373557855903000,19.9,7,19.9,14,19.95,30,2,2022-01-05 09:05:57
1641373560155368000,19.95,1,19.9,43,19.95,29,1,2022-01-05 09:06:00
1641373560495671000,19.95,2,19.9,43,19.95,27,1,2022-01-05 09:06:00
1641373560535430000,19.95,1,19.9,43,19.95,26,1,2022-01-05 09:06:00
1641373560628056000,19.95,10,19.9,43,19.95,16,1,2022-01-05 09:06:00
1641373561052673000,19.95,1,19.9,44,19.95,15,1,2022-01-05 09:06:01
1641373561327156000,19.9,2,19.9,43,19.95,15,2,2022-01-05 09:06:01
1641373561446028000,19.95,10,19.9,43,19.95,5,1,2022-01-05 09:06:01
1641373562391302000,19.95,1,19.9,45,19.95,4,1,2022-01-05 09:06:02
1641373563626238000,19.95,2,19.9,47,19.95,2,1,2022-01-05 09:06:03
1641373563660975000,19.95,1,19.9,48,19.95,1,1,2022-01-05 09:06:03
1641373563673931000,19.95,1,19.9,48,20.0,50,1,2022-01-05 09:06:03
1641373563795779000,20.0,5,19.95,2,20.0,45,1,2022-01-05 09:06:03
1641373563896407000,19.95,3,19.9,32,20.0,45,2,2022-01-05 09:06:03
1641373563896407000,19.9,17,19.9,32,20.0,45,2,2022-01-05 09:06:03
1641373564282239000,19.95,15,19.95,5,20.0,40,2,2022-01-05 09:06:04
1641373564315356000,19.95,3,19.95,2,20.0,40,2,2022-01-05 09:06:04
1641373564344593000,19.95,2,19.9,32,20.0,40,2,2022-01-05 09:06:04
1641373564743649000,19.95,1,19.9,32,20.0,40,1,2022-01-05 09:06:04
1641373565378252000,19.95,5,19.9,36,19.95,6,1,2022-01-05 09:06:05
1641373565630027000,19.9,5,19.9,31,19.95,11,2,2022-01-05 09:06:05
1641373565675432000,19.95,2,19.9,31,19.95,9,1,2022-01-05 09:06:05
1641373565768861000,19.95,2,19.9,41,19.95,7,1,2022-01-05 09:06:05
1641373566252223000,19.95,2,19.9,42,19.95,5,1,2022-01-05 09:06:06
1641373566531255000,19.95,1,19.9,43,19.95,4,1,2022-01-05 09:06:06
1641373566703791000,19.95,1,19.9,43,19.95,8,1,2022-01-05 09:06:06
1641373566829276000,19.95,1,19.9,43,19.95,7,1,2022-01-05 09:06:06
1641373566909078000,19.95,7,19.9,43,20.05,46,1,2022-01-05 09:06:06
1641373566909078000,20.0,40,19.9,43,20.05,46,1,2022-01-05 09:06:06
1641373566909078000,20.05,3,19.9,43,20.05,46,1,2022-01-05 09:06:06
1641373567372751000,20.0,1,19.95,6,20.05,46,2,2022-01-05 09:06:07
1641373567384183000,20.05,5,19.95,6,20.05,41,1,2022-01-05 09:06:07
1641373567549589000,20.05,2,19.95,6,20.05,39,1,2022-01-05 09:06:07
1641373567597556000,19.95,7,19.9,54,19.95,3,2,2022-01-05 09:06:07
1641373567833033000,19.95,1,19.9,50,19.95,2,1,2022-01-05 09:06:07
1641373568290056000,19.95,2,19.9,60,20.0,5,1,2022-01-05 09:06:08
1641373568969398000,20.0,3,19.95,6,20.0,2,1,2022-01-05 09:06:08
1641373570186329000,20.0,1,19.95,7,20.0,31,1,2022-01-05 09:06:10
1641373570313903000,20.0,4,19.95,7,20.0,27,1,2022-01-05 09:06:10
1641373570434131000,20.0,1,19.95,7,20.0,26,1,2022-01-05 09:06:10
1641373571145947000,20.0,5,19.95,8,20.0,36,1,2022-01-05 09:06:11
1641373571438553000,20.0,1,19.95,8,20.0,35,1,2022-01-05 09:06:11
1641373571943583000,20.0,2,19.95,15,20.0,33,1,2022-01-05 09:06:11
1641373572243591000,20.0,1,19.95,16,20.0,39,1,2022-01-05 09:06:12
1641373573168811000,20.0,1,19.95,20,20.0,43,1,2022-01-05 09:06:13
1641373574119689000,20.0,1,19.95,21,20.0,42,1,2022-01-05 09:06:14
1641373574364511000,20.0,2,19.95,22,20.0,45,1,2022-01-05 09:06:14
1641373574857014000,20.0,1,19.95,22,20.0,44,1,2022-01-05 09:06:14
1641373574879776000,20.0,2,19.95,23,20.0,42,1,2022-01-05 09:06:14
1641373575421064000,20.0,6,19.95,24,20.0,41,1,2022-01-05 09:06:15
1641373575641970000,20.0,1,19.95,24,20.0,40,1,2022-01-05 09:06:15
1641373576007639000,20.0,1,19.95,24,20.0,39,1,2022-01-05 09:06:16
1641373576125863000,20.0,2,19.95,24,20.0,42,1,2022-01-05 09:06:16
1641373577815213000,20.0,30,19.95,31,20.0,19,1,2022-01-05 09:06:17
1641373577858882000,20.0,1,19.95,31,20.0,18,1,2022-01-05 09:06:17
1641373577944825000,20.0,1,19.95,31,20.0,17,1,2022-01-05 09:06:17
1641373578295929000,20.0,1,19.95,31,20.0,16,1,2022-01-05 09:06:18
1641373578435906000,20.0,2,19.95,31,20.0,19,1,2022-01-05 09:06:18
1641373578600997000,20.0,1,19.95,31,20.0,18,1,2022-01-05 09:06:18
1641373578903111000,20.0,3,19.95,32,20.0,15,1,2022-01-05 09:06:18
1641373579296804000,20.0,1,19.95,32,20.0,14,1,2022-01-05 09:06:19
1641373579613835000,20.0,5,19.95,32,20.0,10,1,2022-01-05 09:06:19
1641373579955530000,20.0,1,19.95,43,20.0,9,1,2022-01-05 09:06:19
1641373580003953000,20.0,5,19.95,38,20.0,4,1,2022-01-05 09:06:20
1641373580354109000,20.0,4,19.95,58,20.05,33,1,2022-01-05 09:06:20
1641373580354109000,20.05,6,19.95,58,20.05,33,1,2022-01-05 09:06:20
1641373580796080000,20.0,5,20.0,1,20.05,33,2,2022-01-05 09:06:20
1641373581278797000,20.05,1,20.0,13,20.05,32,1,2022-01-05 09:06:21
1641373581434610000,20.05,2,20.0,113,20.05,30,1,2022-01-05 09:06:21
1641373582462657000,20.0,1,20.0,121,20.05,30,2,2022-01-05 09:06:22
1641373582576430000,20.0,11,20.0,110,20.05,30,2,2022-01-05 09:06:22
1641373584178782000,20.05,1,20.0,112,20.05,29,1,2022-01-05 09:06:24
1641373584261882000,20.0,7,20.0,105,20.05,29,2,2022-01-05 09:06:24
1641373584481199000,20.05,13,20.0,106,20.05,16,1,2022-01-05 09:06:24
1641373584564717000,20.0,11,20.0,96,20.05,16,2,2022-01-05 09:06:24
1641373584574548000,20.05,1,20.0,96,20.05,15,1,2022-01-05 09:06:24
1641373585472330000,20.05,1,20.0,123,20.05,14,1,2022-01-05 09:06:25
1641373586739211000,20.05,1,20.0,124,20.05,13,1,2022-01-05 09:06:26
1641373586937451000,20.05,1,20.0,124,20.05,12,1,2022-01-05 09:06:26
1641373587102276000,20.05,1,20.0,127,20.05,11,1,2022-01-05 09:06:27
1641373587270829000,20.05,1,20.0,128,20.05,10,1,2022-01-05 09:06:27
1641373587292738000,20.05,1,20.0,128,20.05,9,1,2022-01-05 09:06:27
1641373587787515000,20.05,9,20.0,130,20.1,27,1,2022-01-05 09:06:27
1641373587787515000,20.1,7,20.0,130,20.1,27,1,2022-01-05 09:06:27
1641373587958820000,20.05,2,20.05,1,20.1,27,2,2022-01-05 09:06:27
1641373587962949000,20.05,1,20.0,132,20.1,27,2,2022-01-05 09:06:27
1641373588769057000,20.05,5,20.05,27,20.1,27,2,2022-01-05 09:06:28
1641373588986559000,20.05,14,20.05,13,20.1,27,2,2022-01-05 09:06:28
1641373589250951000,20.1,1,20.05,14,20.1,26,1,2022-01-05 09:06:29
1641373589480059000,20.1,26,20.1,44,20.15,37,1,2022-01-05 09:06:29
1641373589970356000,20.1,5,20.1,39,20.15,37,2,2022-01-05 09:06:29
1641373590015063000,20.1,13,20.1,26,20.15,37,2,2022-01-05 09:06:30
1641373590319855000,20.15,2,20.1,26,20.15,35,1,2022-01-05 09:06:30
1641373590811914000,20.1,5,20.1,21,20.15,35,2,2022-01-05 09:06:30
1641373590865483000,20.1,21,20.05,26,20.1,13,2,2022-01-05 09:06:30
1641373591153387000,20.1,5,20.05,26,20.1,8,1,2022-01-05 09:06:31
1641373591586672000,20.1,3,20.05,32,20.1,5,1,2022-01-05 09:06:31
1641373592255752000,20.05,12,20.05,32,20.1,12,2,2022-01-05 09:06:32
1641373592673976000,20.1,2,20.05,32,20.1,10,1,2022-01-05 09:06:32
1641373593229675000,20.05,1,20.05,31,20.1,10,2,2022-01-05 09:06:33
1641373593393491000,20.1,1,20.05,31,20.1,29,1,2022-01-05 09:06:33
1641373594185619000,20.1,1,20.05,37,20.1,28,1,2022-01-05 09:06:34
1641373594591988000,20.1,1,20.05,37,20.1,27,1,2022-01-05 09:06:34
1641373595060652000,20.1,1,20.05,39,20.1,26,1,2022-01-05 09:06:35
1641373595191036000,20.1,3,20.05,39,20.1,23,1,2022-01-05 09:06:35
1641373595457418000,20.1,5,20.05,39,20.1,19,1,2022-01-05 09:06:35
1641373596184163000,20.1,1,20.05,39,20.1,19,1,2022-01-05 09:06:36
1641373596203073000,20.1,1,20.05,39,20.1,18,1,2022-01-05 09:06:36
1641373596635182000,20.1,5,20.05,39,20.1,13,1,2022-01-05 09:06:36
1641373596800470000,20.1,3,20.05,39,20.1,10,1,2022-01-05 09:06:36
1641373596997066000,20.1,1,20.05,39,20.1,9,1,2022-01-05 09:06:36
1641373597277863000,20.1,9,20.1,1,20.15,37,1,2022-01-05 09:06:37
1641373597307112000,20.1,1,20.05,39,20.15,37,2,2022-01-05 09:06:37
1641373597681675000,20.1,2,20.05,39,20.15,37,2,2022-01-05 09:06:37
1641373597917832000,20.1,1,20.05,41,20.15,37,2,2022-01-05 09:06:37
1641373598504291000,20.1,1,20.05,41,20.15,38,2,2022-01-05 09:06:38
1641373598745999000,20.1,1,20.05,41,20.15,38,2,2022-01-05 09:06:38
1641373598905961000,20.15,1,20.1,1,20.15,37,1,2022-01-05 09:06:38
1641373598921982000,20.1,1,20.05,41,20.15,37,2,2022-01-05 09:06:38
1641373598932232000,20.15,10,20.05,41,20.15,27,1,2022-01-05 09:06:38
1641373599489535000,20.15,25,20.1,5,20.15,2,1,2022-01-05 09:06:39
1641373599632958000,20.1,1,20.1,4,20.15,2,2,2022-01-05 09:06:39
1641373599705074000,20.1,1,20.1,3,20.15,2,2,2022-01-05 09:06:39
1641373599705277000,20.1,1,20.1,2,20.15,2,2,2022-01-05 09:06:39
1641373599794772000,20.15,2,20.1,7,20.2,43,1,2022-01-05 09:06:39
1641373600494416000,20.1,1,20.1,7,20.2,43,2,2022-01-05 09:06:40
1641373600591992000,20.15,2,20.15,8,20.2,43,2,2022-01-05 09:06:40
1641373600621258000,20.15,1,20.15,7,20.2,43,2,2022-01-05 09:06:40
1641373600633223000,20.15,3,20.15,4,20.2,43,2,2022-01-05 09:06:40
1641373600881002000,20.2,10,20.15,4,20.2,33,1,2022-01-05 09:06:40
1641373600957665000,20.2,1,20.15,4,20.2,32,1,2022-01-05 09:06:40
1641373601011930000,20.2,10,20.15,4,20.2,22,1,2022-01-05 09:06:41
1641373601387783000,20.2,1,20.15,4,20.2,21,1,2022-01-05 09:06:41
1641373601820245000,20.15,1,20.15,5,20.2,20,2,2022-01-05 09:06:41
1641373602036178000,20.2,1,20.15,5,20.2,19,1,2022-01-05 09:06:42
1641373602240958000,20.15,1,20.15,2,20.2,19,2,2022-01-05 09:06:42
1641373602638905000,20.2,1,20.15,3,20.2,18,1,2022-01-05 09:06:42
1641373603407246000,20.2,1,20.15,4,20.2,17,1,2022-01-05 09:06:43
1641373603766710000,20.2,10,20.15,6,20.2,7,1,2022-01-05 09:06:43
1641373603875265000,20.2,1,20.15,6,20.2,6,1,2022-01-05 09:06:43
1641373603979413000,20.2,2,20.15,6,20.2,4,1,2022-01-05 09:06:43
1641373604099339000,20.2,4,20.15,6,20.25,42,1,2022-01-05 09:06:44
1641373604720423000,20.2,3,20.15,6,20.2,17,2,2022-01-05 09:06:44
1641373605088424000,20.2,17,20.15,6,20.25,39,1,2022-01-05 09:06:45
1641373605088424000,20.25,3,20.15,6,20.25,39,1,2022-01-05 09:06:45
1641373605093173000,20.15,1,20.15,5,20.25,39,2,2022-01-05 09:06:45
1641373605096614000,20.15,1,20.15,4,20.25,39,2,2022-01-05 09:06:45
1641373605151759000,20.2,1,20.15,4,20.25,39,2,2022-01-05 09:06:45
1641373605522104000,20.25,1,20.15,4,20.25,38,1,2022-01-05 09:06:45
1641373606287069000,20.2,2,20.15,5,20.2,18,2,2022-01-05 09:06:46
1641373606763250000,20.2,10,20.15,5,20.2,8,1,2022-01-05 09:06:46
1641373606994329000,20.2,1,20.15,6,20.2,7,1,2022-01-05 09:06:46
1641373607005427000,20.2,2,20.15,6,20.2,5,1,2022-01-05 09:06:47
1641373607038526000,20.2,2,20.15,6,20.2,3,1,2022-01-05 09:06:47
1641373607608631000,20.2,1,20.15,8,20.2,12,1,2022-01-05 09:06:47
1641373607621883000,20.2,1,20.15,8,20.2,11,1,2022-01-05 09:06:47
1641373608554362000,20.2,1,20.15,14,20.2,32,1,2022-01-05 09:06:48
1641373609081612000,20.15,14,20.1,27,20.15,6,2,2022-01-05 09:06:49
1641373609100477000,20.15,2,20.1,27,20.15,4,1,2022-01-05 09:06:49
1641373609453509000,20.1,6,20.1,22,20.15,4,2,2022-01-05 09:06:49
1641373609462329000,20.15,1,20.1,22,20.15,3,1,2022-01-05 09:06:49
1641373609839958000,20.15,2,20.1,22,20.15,1,1,2022-01-05 09:06:49
1641373610082078000,20.15,1,20.1,22,20.2,5,1,2022-01-05 09:06:50
1641373610082078000,20.2,29,20.1,22,20.2,5,1,2022-01-05 09:06:50
1641373610098575000,20.2,1,20.1,22,20.2,4,1,2022-01-05 09:06:50
1641373610306564000,20.15,7,20.1,22,20.15,13,2,2022-01-05 09:06:50
1641373610495466000,20.1,1,20.1,21,20.15,13,2,2022-01-05 09:06:50
1641373610582558000,20.15,1,20.1,21,20.15,12,1,2022-01-05 09:06:50
1641373610592060000,20.15,1,20.1,21,20.15,11,1,2022-01-05 09:06:50
1641373610634307000,20.15,1,20.1,21,20.15,10,1,2022-01-05 09:06:50
1641373610920028000,20.15,4,20.1,21,20.15,6,1,2022-01-05 09:06:50
1641373611561592000,20.15,5,20.1,22,20.15,1,1,2022-01-05 09:06:51
1641373612477955000,20.15,5,20.1,23,20.2,44,1,2022-01-05 09:06:52
1641373612591840000,20.2,5,20.1,23,20.2,39,1,2022-01-05 09:06:52
1641373613924698000,20.15,1,20.1,23,20.2,40,2,2022-01-05 09:06:53
1641373614078815000,20.2,3,20.1,23,20.2,37,1,2022-01-05 09:06:54
1641373614117608000,20.2,5,20.1,24,20.2,32,1,2022-01-05 09:06:54
1641373614227473000,20.1,24,20.05,39,20.15,10,2,2022-01-05 09:06:54
1641373614227473000,20.05,6,20.05,39,20.15,10,2,2022-01-05 09:06:54
1641373614377702000,20.05,17,20.05,22,20.15,10,2,2022-01-05 09:06:54
1641373614444052000,20.15,2,20.05,22,20.15,8,1,2022-01-05 09:06:54
1641373614627778000,20.15,8,20.15,2,20.2,32,1,2022-01-05 09:06:54
1641373614651242000,20.15,2,20.05,22,20.15,18,2,2022-01-05 09:06:54
1641373614926991000,20.1,1,20.05,22,20.15,18,1,2022-01-05 09:06:54
1641373615406125000,20.15,1,20.05,22,20.15,17,1,2022-01-05 09:06:55
1641373615892623000,20.15,1,20.1,3,20.15,16,1,2022-01-05 09:06:55
1641373615915418000,20.15,5,20.1,3,20.15,11,1,2022-01-05 09:06:55
1641373616267244000,20.15,1,20.1,4,20.15,10,1,2022-01-05 09:06:56
1641373616323405000,20.1,1,20.1,3,20.15,10,2,2022-01-05 09:06:56
1641373617582099000,20.1,8,20.05,22,20.1,12,2,2022-01-05 09:06:57
1641373618098339000,20.05,1,20.05,22,20.1,12,2,2022-01-05 09:06:58
1641373618218804000,20.1,12,20.05,22,20.15,10,1,2022-01-05 09:06:58
1641373618218804000,20.15,12,20.05,22,20.15,10,1,2022-01-05 09:06:58
1641373618663528000,20.15,1,20.1,11,20.15,9,1,2022-01-05 09:06:58
1641373618921256000,20.1,5,20.1,6,20.15,9,2,2022-01-05 09:06:58
1641373620258744000,20.15,1,20.1,7,20.15,9,1,2022-01-05 09:07:00
1641373620282934000,20.1,7,20.05,18,20.15,9,2,2022-01-05 09:07:00
1641373620282934000,20.05,3,20.05,18,20.15,9,2,2022-01-05 09:07:00
1641373621513002000,20.1,5,20.1,11,20.15,23,2,2022-01-05 09:07:01
1641373622426997000,20.15,1,20.1,12,20.15,22,1,2022-01-05 09:07:02
1641373622820947000,20.15,1,20.1,14,20.15,31,1,2022-01-05 09:07:02
1641373623163865000,20.1,15,20.05,22,20.15,31,2,2022-01-05 09:07:03
1641373623246282000,20.05,3,20.05,19,20.15,31,2,2022-01-05 09:07:03
1641373625137885000,20.1,1,20.05,22,20.1,21,1,2022-01-05 09:07:05
1641373625641638000,20.1,10,20.05,22,20.1,13,1,2022-01-05 09:07:05
1641373627027382000,20.1,3,20.05,22,20.1,12,1,2022-01-05 09:07:07
1641373627396430000,20.05,2,20.05,20,20.1,12,2,2022-01-05 09:07:07
1641373628310230000,20.1,10,20.05,20,20.1,4,1,2022-01-05 09:07:08
1641373629607364000,20.1,1,20.05,21,20.1,6,1,2022-01-05 09:07:09
1641373629731805000,20.1,1,20.05,21,20.1,5,1,2022-01-05 09:07:09
1641373629892394000,20.1,1,20.05,21,20.1,9,1,2022-01-05 09:07:09
1641373630462631000,20.1,1,20.05,21,20.1,8,1,2022-01-05 09:07:10
1641373630822282000,20.05,1,20.05,20,20.1,8,2,2022-01-05 09:07:10
1641373632374569000,20.1,1,20.05,23,20.1,29,1,2022-01-05 09:07:12
1641373632577541000,20.1,1,20.05,23,20.1,28,1,2022-01-05 09:07:12
1641373633534192000,20.05,24,20.0,101,20.1,30,2,2022-01-05 09:07:13
1641373633901313000,20.0,2,20.0,99,20.1,30,2,2022-01-05 09:07:13
1641373634897534000,20.05,2,20.0,99,20.05,8,2,2022-01-05 09:07:14
1641373635125671000,20.05,1,20.0,99,20.05,32,1,2022-01-05 09:07:15
1641373635762993000,20.05,2,20.0,100,20.05,36,1,2022-01-05 09:07:15
1641373636018988000,20.05,1,20.0,100,20.05,35,1,2022-01-05 09:07:16
1641373636346251000,20.0,5,20.0,95,20.05,35,2,2022-01-05 09:07:16
1641373636697773000,20.0,2,20.0,93,20.05,35,2,2022-01-05 09:07:16
1641373637204666000,20.05,1,20.0,93,20.05,34,1,2022-01-05 09:07:17
1641373637246832000,20.0,5,20.0,88,20.05,34,2,2022-01-05 09:07:17
1641373637413402000,20.0,88,19.95,22,20.0,74,2,2022-01-05 09:07:17
1641373638165658000,20.0,3,19.95,22,20.0,71,1,2022-01-05 09:07:18
1641373638262684000,20.0,2,19.95,22,20.0,69,1,2022-01-05 09:07:18
1641373638372272000,20.0,3,19.95,22,20.0,66,1,2022-01-05 09:07:18
1641373639075814000,20.0,1,19.95,22,20.0,66,1,2022-01-05 09:07:19
1641373639420958000,20.0,8,19.95,22,20.0,58,1,2022-01-05 09:07:19
1641373639471256000,19.95,8,19.95,14,20.0,58,2,2022-01-05 09:07:19
1641373639729178000,20.0,2,19.95,14,20.0,56,1,2022-01-05 09:07:19
1641373640196857000,19.95,14,19.9,74,19.95,11,2,2022-01-05 09:07:20
1641373640842032000,19.95,10,19.9,74,19.95,1,1,2022-01-05 09:07:20
1641373640922757000,19.95,1,19.9,74,20.0,58,1,2022-01-05 09:07:20
1641373641484648000,20.0,3,19.9,74,20.0,60,1,2022-01-05 09:07:21
1641373641505281000,19.9,2,19.9,72,20.0,60,2,2022-01-05 09:07:21
1641373641506443000,20.0,1,19.9,72,20.0,59,1,2022-01-05 09:07:21
1641373642170053000,19.9,1,19.9,71,19.95,21,2,2022-01-05 09:07:22
1641373642208169000,19.95,2,19.9,71,19.95,19,1,2022-01-05 09:07:22
1641373642387716000,19.95,1,19.9,71,19.95,18,1,2022-01-05 09:07:22
1641373642713511000,19.9,4,19.9,67,19.95,18,2,2022-01-05 09:07:22
1641373643287725000,19.95,1,19.9,67,19.95,17,1,2022-01-05 09:07:23
1641373644231943000,19.95,1,19.9,59,19.95,16,1,2022-01-05 09:07:24
1641373644280876000,19.95,1,19.9,59,19.95,15,1,2022-01-05 09:07:24
1641373644596485000,19.9,30,19.9,29,19.95,15,2,2022-01-05 09:07:24
1641373644640776000,19.9,29,19.85,84,19.95,15,2,2022-01-05 09:07:24
1641373644753727000,19.95,10,19.85,81,19.95,5,1,2022-01-05 09:07:24
1641373644879864000,19.95,1,19.85,81,19.95,4,1,2022-01-05 09:07:24
1641373645467213000,19.95,1,19.9,1,19.95,9,1,2022-01-05 09:07:25
1641373645730326000,19.95,2,19.9,1,19.95,7,1,2022-01-05 09:07:25
1641373645757605000,19.9,1,19.85,81,19.95,7,2,2022-01-05 09:07:25
1641373646716659000,19.95,1,19.85,81,19.95,7,1,2022-01-05 09:07:26
1641373647682846000,19.9,1,19.85,80,19.95,7,2,2022-01-05 09:07:27
1641373647939870000,19.9,1,19.85,80,19.9,3,1,2022-01-05 09:07:27
1641373648571271000,19.85,11,19.85,78,19.9,3,2,2022-01-05 09:07:28
1641373648738348000,19.9,1,19.85,78,19.9,2,1,2022-01-05 09:07:28
1641373649851617000,19.9,1,19.85,68,19.9,1,1,2022-01-05 09:07:29
1641373650573161000,19.85,11,19.85,57,19.9,1,2,2022-01-05 09:07:30
1641373650616961000,19.85,1,19.85,56,19.9,51,2,2022-01-05 09:07:30
1641373652548202000,19.9,1,19.85,51,19.9,61,1,2022-01-05 09:07:32
1641373652575582000,19.85,11,19.85,40,19.9,61,2,2022-01-05 09:07:32
1641373652614733000,19.85,36,19.85,4,19.9,61,2,2022-01-05 09:07:32
1641373653830076000,19.85,4,19.8,123,19.9,61,2,2022-01-05 09:07:33
1641373654151819000,19.9,1,19.8,123,19.9,60,1,2022-01-05 09:07:34
1641373654345446000,19.8,5,19.8,118,19.9,64,2,2022-01-05 09:07:34
1641373654390103000,19.8,1,19.8,117,19.9,64,2,2022-01-05 09:07:34
1641373654544706000,19.9,1,19.8,117,19.9,63,1,2022-01-05 09:07:34
1641373654575638000,19.8,11,19.8,106,19.9,63,2,2022-01-05 09:07:34
1641373654775198000,19.85,1,19.8,106,19.85,3,1,2022-01-05 09:07:34
1641373655177829000,19.85,3,19.85,2,19.9,63,1,2022-01-05 09:07:35
1641373655468383000,19.9,1,19.85,2,19.9,62,1,2022-01-05 09:07:35
1641373655689735000,19.85,1,19.85,1,19.9,62,2,2022-01-05 09:07:35
1641373655751298000,19.85,1,19.8,111,19.9,62,2,2022-01-05 09:07:35
1641373656458492000,19.85,1,19.8,111,19.9,62,2,2022-01-05 09:07:36
1641373656576940000,19.8,12,19.8,99,19.9,62,2,2022-01-05 09:07:36
1641373657272051000,19.9,10,19.85,1,19.9,52,1,2022-01-05 09:07:37
1641373657321633000,19.85,1,19.8,96,19.9,52,2,2022-01-05 09:07:37
1641373657321633000,19.8,3,19.8,96,19.9,52,2,2022-01-05 09:07:37
1641373657718528000,19.8,3,19.8,93,19.85,1,2,2022-01-05 09:07:37
1641373657812674000,19.85,1,19.8,93,19.9,52,1,2022-01-05 09:07:37
1641373658675537000,19.85,1,19.8,83,19.85,9,1,2022-01-05 09:07:38
1641373658777678000,19.85,9,19.8,83,19.9,47,1,2022-01-05 09:07:38
1641373658777678000,19.9,1,19.8,83,19.9,47,1,2022-01-05 09:07:38
1641373659411517000,19.85,1,19.8,84,19.85,9,2,2022-01-05 09:07:39
1641373660334617000,19.85,1,19.8,84,19.85,8,1,2022-01-05 09:07:40
1641373660485509000,19.8,1,19.8,83,19.85,11,2,2022-01-05 09:07:40
1641373661542012000,19.8,8,19.8,75,19.85,21,2,2022-01-05 09:07:41
1641373662409608000,19.8,9,19.8,66,19.85,21,2,2022-01-05 09:07:42
1641373662926892000,19.85,3,19.8,76,19.85,18,1,2022-01-05 09:07:42
1641373664117390000,19.8,1,19.8,67,19.85,18,2,2022-01-05 09:07:44
1641373664998440000,19.85,2,19.8,69,19.85,16,1,2022-01-05 09:07:44
1641373665214618000,19.8,10,19.8,63,19.85,16,2,2022-01-05 09:07:45
1641373665316184000,19.8,10,19.8,53,19.85,16,2,2022-01-05 09:07:45
1641373666795454000,19.8,5,19.8,45,19.85,16,2,2022-01-05 09:07:46
1641373667840798000,19.8,10,19.8,36,19.85,16,2,2022-01-05 09:07:47
1641373668837963000,19.8,1,19.8,28,19.85,18,2,2022-01-05 09:07:48
1641373669732900000,19.8,5,19.8,23,19.85,19,2,2022-01-05 09:07:49
1641373670717354000,19.8,1,19.8,23,19.85,20,2,2022-01-05 09:07:50
1641373670761791000,19.8,24,19.75,36,19.8,26,2,2022-01-05 09:07:50
1641373670833084000,19.8,2,19.75,36,19.8,24,1,2022-01-05 09:07:50
1641373670872044000,19.8,1,19.75,36,19.8,23,1,2022-01-05 09:07:50
1641373672585693000,19.75,7,19.75,29,19.8,39,2,2022-01-05 09:07:52
1641373674071457000,19.75,4,19.75,25,19.8,49,2,2022-01-05 09:07:54
1641373674105976000,19.75,25,19.7,45,19.8,49,2,2022-01-05 09:07:54
1641373674122689000,19.8,1,19.7,45,19.8,48,1,2022-01-05 09:07:54
1641373674586748000,19.7,7,19.7,38,19.8,48,2,2022-01-05 09:07:54
1641373675138726000,19.8,1,19.7,37,19.8,47,1,2022-01-05 09:07:55
1641373675215515000,19.7,10,19.7,27,19.8,47,2,2022-01-05 09:07:55
1641373675666508000,19.75,1,19.7,27,19.75,2,2,2022-01-05 09:07:55
1641373675700502000,19.75,1,19.7,27,19.75,1,1,2022-01-05 09:07:55
1641373675797659000,19.75,1,19.7,27,19.8,47,1,2022-01-05 09:07:55
1641373676588882000,19.75,1,19.7,27,19.75,7,2,2022-01-05 09:07:56
1641373678398238000,19.7,1,19.7,29,19.75,19,2,2022-01-05 09:07:58
1641373678879400000,19.7,1,19.7,28,19.75,20,2,2022-01-05 09:07:58
1641373679768167000,19.7,1,19.7,27,19.75,20,2,2022-01-05 09:07:59
1641373679804061000,19.75,1,19.7,27,19.75,19,1,2022-01-05 09:07:59
1641373681236912000,19.7,5,19.7,29,19.75,22,2,2022-01-05 09:08:01
1641373685815636000,19.7,3,19.7,34,19.75,26,2,2022-01-05 09:08:05
1641373686224460000,19.7,2,19.7,32,19.75,26,2,2022-01-05 09:08:06
1641373686809087000,19.7,6,19.7,26,19.75,26,2,2022-01-05 09:08:06
1641373688234669000,19.7,1,19.7,19,19.75,26,2,2022-01-05 09:08:08
1641373688619332000,19.7,10,19.7,9,19.75,16,2,2022-01-05 09:08:08
1641373688713268000,19.7,1,19.7,8,19.75,16,2,2022-01-05 09:08:08
1641373688728200000,19.7,1,19.7,7,19.75,16,2,2022-01-05 09:08:08
1641373689267283000,19.7,5,19.7,2,19.75,16,2,2022-01-05 09:08:09
1641373689399658000,19.7,4,19.65,171,19.75,16,2,2022-01-05 09:08:09
1641373689399658000,19.65,6,19.65,171,19.75,16,2,2022-01-05 09:08:09
1641373689632873000,19.65,3,19.65,168,19.75,13,2,2022-01-05 09:08:09
1641373689868852000,19.7,1,19.65,168,19.75,12,1,2022-01-05 09:08:09
1641373690438330000,19.65,1,19.65,167,19.7,1,2,2022-01-05 09:08:10
1641373691174381000,19.65,11,19.65,156,19.7,1,2,2022-01-05 09:08:11
1641373691407122000,19.7,3,19.65,156,19.7,4,1,2022-01-05 09:08:11
1641373691414338000,19.7,4,19.7,21,19.75,12,1,2022-01-05 09:08:11
1641373691654738000,19.7,11,19.7,10,19.75,12,2,2022-01-05 09:08:11
1641373693956564000,19.7,4,19.7,11,19.75,12,2,2022-01-05 09:08:13
1641373695591033000,19.7,7,19.7,4,19.75,12,2,2022-01-05 09:08:15
1641373695770254000,19.7,1,19.7,3,19.75,12,2,2022-01-05 09:08:15
1641373697835438000,19.7,3,19.7,2,19.75,5,2,2022-01-05 09:08:17
1641373698231253000,19.7,2,19.7,5,19.75,5,2,2022-01-05 09:08:18
1641373699072213000,19.7,4,19.7,1,19.75,5,2,2022-01-05 09:08:19
1641373699506257000,19.7,1,19.65,157,19.75,5,2,2022-01-05 09:08:19
1641373699763440000,19.65,5,19.65,152,19.75,5,2,2022-01-05 09:08:19
1641373700149074000,19.7,1,19.7,1,19.75,5,2,2022-01-05 09:08:20
1641373701326422000,19.7,1,19.65,149,19.7,2,2,2022-01-05 09:08:21
1641373701352488000,19.7,2,19.65,149,19.75,5,1,2022-01-05 09:08:21
1641373702590733000,19.7,1,19.65,143,19.75,14,2,2022-01-05 09:08:22
1641373702590733000,19.65,6,19.65,143,19.75,14,2,2022-01-05 09:08:22
1641373704592828000,19.65,8,19.65,136,19.75,13,2,2022-01-05 09:08:24
1641373704637728000,19.75,2,19.65,136,19.75,11,1,2022-01-05 09:08:24
1641373704966424000,19.65,5,19.65,134,19.75,13,2,2022-01-05 09:08:24
1641373706595339000,19.7,7,19.7,5,19.75,13,2,2022-01-05 09:08:26
1641373706706480000,19.7,2,19.7,3,19.75,13,2,2022-01-05 09:08:26
1641373708178256000,19.7,1,19.7,2,19.75,13,2,2022-01-05 09:08:28
1641373708597005000,19.7,2,19.65,131,19.75,13,2,2022-01-05 09:08:28
1641373708597005000,19.65,6,19.65,131,19.75,13,2,2022-01-05 09:08:28
1641373708756633000,19.7,1,19.65,131,19.75,13,1,2022-01-05 09:08:28
1641373710193391000,19.7,1,19.65,132,19.75,26,2,2022-01-05 09:08:30
1641373710525082000,19.65,1,19.65,131,19.7,1,2,2022-01-05 09:08:30
1641373710598311000,19.65,7,19.65,124,19.7,1,2,2022-01-05 09:08:30
1641373713946311000,19.7,1,19.65,119,19.7,3,1,2022-01-05 09:08:33
1641373715916749000,19.7,1,19.65,119,19.7,2,1,2022-01-05 09:08:35
1641373716333731000,19.7,1,19.65,126,19.7,1,1,2022-01-05 09:08:36
1641373716390374000,19.7,1,19.7,2,19.75,26,1,2022-01-05 09:08:36
1641373716975789000,19.7,5,19.65,101,19.75,26,2,2022-01-05 09:08:36
1641373716975789000,19.65,25,19.65,101,19.75,26,2,2022-01-05 09:08:36
1641373718323836000,19.7,2,19.65,97,19.75,28,2,2022-01-05 09:08:38
1641373718323836000,19.65,4,19.65,97,19.75,28,2,2022-01-05 09:08:38
1641373718922229000,19.65,1,19.65,97,19.75,28,2,2022-01-05 09:08:38
1641373719922944000,19.7,1,19.65,97,19.75,28,1,2022-01-05 09:08:39
1641373720395934000,19.65,20,19.65,77,19.75,28,2,2022-01-05 09:08:40
1641373720601513000,19.65,8,19.65,69,19.75,28,2,2022-01-05 09:08:40
1641373721040044000,19.7,2,19.65,67,19.75,28,1,2022-01-05 09:08:41
1641373722053971000,19.7,1,19.65,67,19.7,2,2,2022-01-05 09:08:42
1641373722140722000,19.7,2,19.65,67,19.75,10,1,2022-01-05 09:08:42
1641373722140722000,19.75,18,19.65,67,19.75,10,1,2022-01-05 09:08:42
1641373722376362000,19.65,2,19.65,66,19.75,20,2,2022-01-05 09:08:42
1641373722602107000,19.65,7,19.65,59,19.7,2,2,2022-01-05 09:08:42
1641373723262459000,19.65,7,19.65,52,19.7,2,2,2022-01-05 09:08:43
1641373724603197000,19.65,8,19.65,46,19.7,3,2,2022-01-05 09:08:44
1641373725635537000,19.7,1,19.65,45,19.7,3,1,2022-01-05 09:08:45
1641373726490089000,19.7,1,19.65,45,19.7,3,1,2022-01-05 09:08:46
1641373726604984000,19.65,7,19.65,38,19.7,3,2,2022-01-05 09:08:46
1641373729632011000,19.65,10,19.65,47,19.7,5,2,2022-01-05 09:08:49
1641373729871798000,19.7,3,19.65,47,19.7,2,1,2022-01-05 09:08:49
1641373730359468000,19.65,1,19.65,62,19.7,2,2,2022-01-05 09:08:50
1641373730992257000,19.65,1,19.65,61,19.7,2,2,2022-01-05 09:08:50
1641373731288956000,19.7,1,19.65,61,19.7,2,1,2022-01-05 09:08:51
1641373732015509000,19.7,2,19.65,65,19.75,21,1,2022-01-05 09:08:52
1641373733178316000,19.7,1,19.7,6,19.75,21,2,2022-01-05 09:08:53
1641373733912255000,19.7,2,19.7,4,19.75,21,2,2022-01-05 09:08:53
1641373734839972000,19.75,20,19.7,6,19.75,2,1,2022-01-05 09:08:54
1641373735096216000,19.75,2,19.7,16,19.8,39,1,2022-01-05 09:08:55
1641373735708552000,19.7,1,19.7,16,19.8,39,2,2022-01-05 09:08:55
1641373736179905000,19.7,6,19.7,10,19.8,39,2,2022-01-05 09:08:56
1641373736432037000,19.7,1,19.7,9,19.8,39,2,2022-01-05 09:08:56
1641373737554972000,19.7,2,19.7,7,19.8,39,2,2022-01-05 09:08:57
1641373739124107000,19.7,1,19.7,14,19.8,39,2,2022-01-05 09:08:59
1641373742986457000,19.75,1,19.7,18,19.8,39,1,2022-01-05 09:09:02
1641373743368212000,19.75,1,19.7,8,19.8,39,2,2022-01-05 09:09:03
1641373743368212000,19.7,10,19.7,8,19.8,39,2,2022-01-05 09:09:03
1641373748174688000,19.7,1,19.7,10,19.8,39,2,2022-01-05 09:09:08
1641373749790491000,19.8,1,19.7,19,19.8,37,1,2022-01-05 09:09:09
1641373750403569000,19.7,6,19.7,13,19.8,37,2,2022-01-05 09:09:10
1641373753590494000,19.75,1,19.7,19,19.8,37,2,2022-01-05 09:09:13
1641373753590494000,19.7,1,19.7,19,19.8,37,2,2022-01-05 09:09:13
1641373757949189000,19.7,1,19.7,33,19.8,39,2,2022-01-05 09:09:17
1641373758085980000,19.7,2,19.7,31,19.8,39,2,2022-01-05 09:09:18
1641373759834137000,19.7,2,19.7,45,19.8,39,2,2022-01-05 09:09:19
1641373761749642000,19.75,1,19.75,1,19.8,39,2,2022-01-05 09:09:21
1641373762365735000,19.8,2,19.75,2,19.8,37,1,2022-01-05 09:09:22
1641373770053559000,19.8,1,19.75,3,19.8,36,1,2022-01-05 09:09:30
1641373770606185000,19.8,1,19.75,3,19.8,35,1,2022-01-05 09:09:30
1641373770718216000,19.8,1,19.75,3,19.8,34,1,2022-01-05 09:09:30
1641373772322951000,19.8,5,19.75,3,19.8,29,1,2022-01-05 09:09:32
1641373774039807000,19.75,3,19.7,34,19.8,29,2,2022-01-05 09:09:34
1641373774039807000,19.7,12,19.7,34,19.8,29,2,2022-01-05 09:09:34
1641373776225855000,19.8,2,19.75,3,19.8,27,1,2022-01-05 09:09:36
1641373777668364000,19.75,3,19.7,8,19.8,27,2,2022-01-05 09:09:37
1641373777668364000,19.7,12,19.7,8,19.8,27,2,2022-01-05 09:09:37
1641373778979629000,19.7,8,19.6,126,19.65,67,2,2022-01-05 09:09:38
1641373778979629000,19.65,75,19.6,126,19.65,67,2,2022-01-05 09:09:38
1641373779005500000,19.65,6,19.6,126,19.65,61,1,2022-01-05 09:09:39
1641373779557321000,19.65,10,19.6,125,19.65,51,1,2022-01-05 09:09:39
1641373779586766000,19.65,6,19.6,125,19.65,45,1,2022-01-05 09:09:39
1641373781148217000,19.65,1,19.6,125,19.65,44,1,2022-01-05 09:09:41
1641373781171056000,19.65,2,19.6,125,19.65,42,1,2022-01-05 09:09:41
1641373781174867000,19.65,2,19.6,125,19.65,40,1,2022-01-05 09:09:41
1641373781449806000,19.6,2,19.6,123,19.65,40,2,2022-01-05 09:09:41
1641373781855628000,19.65,1,19.6,123,19.65,39,1,2022-01-05 09:09:41
1641373781870917000,19.6,5,19.6,118,19.65,39,2,2022-01-05 09:09:41
1641373781944199000,19.65,3,19.6,118,19.65,36,1,2022-01-05 09:09:41
1641373782703161000,19.65,1,19.6,118,19.65,35,1,2022-01-05 09:09:42
1641373782907210000,19.65,1,19.6,118,19.65,34,1,2022-01-05 09:09:42
1641373786135664000,19.65,1,19.6,118,19.65,33,1,2022-01-05 09:09:46
1641373786422502000,19.65,15,19.6,118,19.65,18,1,2022-01-05 09:09:46
1641373786451167000,19.65,3,19.6,118,19.65,15,1,2022-01-05 09:09:46
1641373786911659000,19.6,2,19.6,116,19.65,15,2,2022-01-05 09:09:46
1641373788058040000,19.65,1,19.6,121,19.65,14,1,2022-01-05 09:09:48
1641373788097747000,19.65,2,19.6,121,19.65,12,1,2022-01-05 09:09:48
1641373790515504000,19.65,12,19.6,149,19.7,7,1,2022-01-05 09:09:50
1641373798253323000,19.7,2,19.65,31,19.7,7,1,2022-01-05 09:09:58
1641373799061243000,19.65,1,19.65,31,19.7,7,2,2022-01-05 09:09:59
1641373800332319000,19.7,1,19.65,31,19.7,6,1,2022-01-05 09:10:00
1641373800503332000,19.7,6,19.7,1,19.75,5,1,2022-01-05 09:10:00
1641373801338719000,19.7,1,19.65,27,19.75,5,2,2022-01-05 09:10:01
1641373801338719000,19.65,4,19.65,27,19.75,5,2,2022-01-05 09:10:01
1641373801931962000,19.75,5,19.65,28,19.8,28,1,2022-01-05 09:10:01
1641373802044372000,19.65,2,19.65,30,19.8,28,2,2022-01-05 09:10:02
1641373805311494000,19.65,4,19.65,31,19.8,28,2,2022-01-05 09:10:05
1641373806984621000,19.65,1,19.65,35,19.8,28,2,2022-01-05 09:10:06
1641373807247340000,19.65,5,19.65,31,19.8,28,2,2022-01-05 09:10:07
1641373811029623000,19.7,10,19.6,138,19.75,4,2,2022-01-05 09:10:11
1641373811029623000,19.65,30,19.6,138,19.75,4,2,2022-01-05 09:10:11
1641373811029623000,19.6,11,19.6,138,19.75,4,2,2022-01-05 09:10:11
1641373813130816000,19.7,4,19.65,1,19.75,4,2,2022-01-05 09:10:13
1641373814031312000,19.65,1,19.65,3,19.75,6,2,2022-01-05 09:10:14
1641373816396378000,19.65,4,19.65,6,19.7,1,2,2022-01-05 09:10:16
1641373817312543000,19.65,1,19.65,18,19.7,2,2,2022-01-05 09:10:17
1641373821851833000,19.65,2,19.65,19,19.7,8,2,2022-01-05 09:10:21
1641373823395029000,19.65,14,19.65,5,19.7,9,2,2022-01-05 09:10:23
1641373823430152000,19.65,5,19.6,156,19.7,9,2,2022-01-05 09:10:23
1641373824199718000,19.65,1,19.6,156,19.65,19,1,2022-01-05 09:10:24
1641373824547792000,19.65,5,19.6,152,19.65,14,1,2022-01-05 09:10:24
1641373828779861000,19.65,1,19.6,153,19.65,13,1,2022-01-05 09:10:28
1641373828861754000,19.65,10,19.6,143,19.65,3,1,2022-01-05 09:10:28
1641373831060888000,19.65,1,19.6,144,19.65,2,1,2022-01-05 09:10:31
1641373831274390000,19.65,2,19.6,145,19.7,29,1,2022-01-05 09:10:31
1641373832683848000,19.65,2,19.6,145,19.7,29,2,2022-01-05 09:10:32
1641373832744516000,19.7,1,19.6,145,19.7,28,1,2022-01-05 09:10:32
1641373833260029000,19.65,2,19.65,8,19.7,28,1,2022-01-05 09:10:33
1641373834172062000,19.65,5,19.65,5,19.7,28,2,2022-01-05 09:10:34
1641373834212191000,19.65,2,19.65,3,19.7,28,2,2022-01-05 09:10:34
1641373835712326000,19.7,5,19.65,3,19.7,23,1,2022-01-05 09:10:35
1641373841669169000,19.7,1,19.65,11,19.7,23,1,2022-01-05 09:10:41
1641373844825752000,19.65,1,19.65,10,19.7,22,2,2022-01-05 09:10:44
1641373846034632000,19.65,1,19.65,17,19.7,22,2,2022-01-05 09:10:46
1641373846725859000,19.7,1,19.65,17,19.7,21,1,2022-01-05 09:10:46
1641373850511071000,19.7,5,19.65,21,19.7,16,1,2022-01-05 09:10:50
1641373854105864000,19.7,3,19.65,23,19.7,14,1,2022-01-05 09:10:54
1641373854406372000,19.7,1,19.65,23,19.7,13,1,2022-01-05 09:10:54
1641373854615250000,19.7,2,19.65,23,19.7,11,1,2022-01-05 09:10:54
1641373856772403000,19.7,5,19.65,27,19.7,6,1,2022-01-05 09:10:56
1641373857764893000,19.7,1,19.65,27,19.7,5,1,2022-01-05 09:10:57
1641373858022869000,19.65,15,19.65,12,19.7,10,2,2022-01-05 09:10:58
1641373859614548000,19.7,2,19.65,13,19.7,8,1,2022-01-05 09:10:59
1641373861426992000,19.7,1,19.65,14,19.7,7,1,2022-01-05 09:11:01
1641373863940370000,19.65,1,19.65,38,19.7,7,2,2022-01-05 09:11:03
1641373865493580000,19.7,1,19.65,37,19.7,10,1,2022-01-05 09:11:05
1641373865977637000,19.7,3,19.65,37,19.7,7,1,2022-01-05 09:11:05
1641373866177921000,19.65,1,19.65,36,19.7,7,2,2022-01-05 09:11:06
1641373868191868000,19.65,1,19.65,35,19.7,15,2,2022-01-05 09:11:08
1641373868395867000,19.7,2,19.65,35,19.7,13,1,2022-01-05 09:11:08
1641373868894492000,19.7,6,19.65,35,19.7,7,1,2022-01-05 09:11:08
1641373872095644000,19.7,2,19.65,37,19.7,5,1,2022-01-05 09:11:12
1641373872183224000,19.7,5,19.65,37,19.75,36,1,2022-01-05 09:11:12
1641373872661439000,19.7,2,19.7,6,19.75,36,1,2022-01-05 09:11:12
1641373874690005000,19.7,2,19.7,4,19.75,36,2,2022-01-05 09:11:14
1641373876039902000,19.7,1,19.7,4,19.75,36,2,2022-01-05 09:11:16
1641373876407514000,19.7,4,19.65,51,19.7,1,2,2022-01-05 09:11:16
1641373881538979000,19.7,7,19.7,13,19.75,37,1,2022-01-05 09:11:21
1641373881565317000,19.7,13,19.65,56,19.75,37,2,2022-01-05 09:11:21
1641373885713077000,19.75,1,19.7,3,19.75,36,1,2022-01-05 09:11:25
1641373886103253000,19.7,1,19.7,2,19.75,36,2,2022-01-05 09:11:26
1641373891932448000,19.7,2,19.7,1,19.75,36,2,2022-01-05 09:11:31
1641373896267379000,19.7,1,19.7,5,19.75,36,2,2022-01-05 09:11:36
1641373902507790000,19.7,2,19.7,26,19.75,41,2,2022-01-05 09:11:42
1641373903398552000,19.75,10,19.7,26,19.75,31,1,2022-01-05 09:11:43
1641373906506284000,19.75,22,19.7,8,19.75,10,1,2022-01-05 09:11:46
1641373906545649000,19.75,3,19.7,8,19.75,7,1,2022-01-05 09:11:46
1641373909529508000,19.75,1,19.7,29,19.75,6,1,2022-01-05 09:11:49
1641373909572880000,19.75,6,19.7,29,19.8,27,1,2022-01-05 09:11:49
1641373910698723000,19.75,2,19.7,29,19.75,1,1,2022-01-05 09:11:50
1641373911127673000,19.7,5,19.7,24,19.75,1,2,2022-01-05 09:11:51
1641373912349199000,19.75,1,19.7,24,19.75,1,1,2022-01-05 09:11:52
1641373914215411000,19.7,5,19.7,20,19.75,1,2,2022-01-05 09:11:54
1641373914277338000,19.7,20,19.65,50,19.7,130,2,2022-01-05 09:11:54
1641373914317452000,19.65,44,19.65,6,19.7,130,2,2022-01-05 09:11:54
1641373914731735000,19.7,1,19.65,6,19.7,129,1,2022-01-05 09:11:54
1641373914955567000,19.65,1,19.65,5,19.7,129,2,2022-01-05 09:11:54
1641373915624186000,19.7,10,19.65,5,19.7,119,1,2022-01-05 09:11:55
1641373917112417000,19.65,5,19.6,140,19.7,119,2,2022-01-05 09:11:57
1641373921355648000,19.6,1,19.6,139,19.65,7,2,2022-01-05 09:12:01
1641373921738735000,19.65,3,19.6,139,19.65,4,1,2022-01-05 09:12:01
1641373922940082000,19.6,1,19.6,138,19.65,4,2,2022-01-05 09:12:02
1641373922991626000,19.65,1,19.6,138,19.65,3,1,2022-01-05 09:12:02
1641373923759991000,19.6,1,19.6,137,19.65,3,2,2022-01-05 09:12:03
1641373924726903000,19.65,2,19.6,137,19.65,6,1,2022-01-05 09:12:04
1641373924874351000,19.6,1,19.6,136,19.65,6,2,2022-01-05 09:12:04
1641373926897752000,19.6,2,19.6,135,19.65,6,2,2022-01-05 09:12:06
1641373928847568000,19.65,6,19.65,4,19.7,120,1,2022-01-05 09:12:08
1641373929376052000,19.65,2,19.65,22,19.7,121,2,2022-01-05 09:12:09
1641373934715049000,19.65,1,19.65,23,19.7,121,2,2022-01-05 09:12:14
1641373935281671000,19.7,1,19.65,24,19.7,120,1,2022-01-05 09:12:15
1641373936205576000,19.65,1,19.65,23,19.7,120,2,2022-01-05 09:12:16
1641373942780369000,19.65,1,19.65,27,19.7,120,2,2022-01-05 09:12:22
1641373943360573000,19.7,1,19.65,27,19.7,119,1,2022-01-05 09:12:23
1641373948685148000,19.65,1,19.65,29,19.7,119,2,2022-01-05 09:12:28
1641373951009254000,19.65,1,19.65,33,19.7,121,2,2022-01-05 09:12:31
1641373951178720000,19.65,5,19.65,28,19.7,121,2,2022-01-05 09:12:31
1641373951469389000,19.7,1,19.65,28,19.7,120,1,2022-01-05 09:12:31
1641373951707975000,19.65,2,19.65,26,19.7,120,2,2022-01-05 09:12:31
1641373952019243000,19.65,2,19.65,24,19.7,120,2,2022-01-05 09:12:32
1641373954521089000,19.7,1,19.65,24,19.7,121,1,2022-01-05 09:12:34
1641373956553042000,19.65,10,19.65,14,19.7,122,2,2022-01-05 09:12:36
1641373958500428000,19.65,5,19.65,10,19.7,123,2,2022-01-05 09:12:38
1641373959033706000,19.65,1,19.65,9,19.7,123,2,2022-01-05 09:12:39
1641373960080068000,19.65,1,19.65,8,19.7,123,2,2022-01-05 09:12:40
1641373960836916000,19.65,10,19.65,2,19.7,128,2,2022-01-05 09:12:40
1641373960922339000,19.65,1,19.65,1,19.7,128,2,2022-01-05 09:12:40
1641373960936283000,19.7,10,19.65,1,19.7,118,1,2022-01-05 09:12:40
1641373963440674000,19.65,1,19.6,125,19.7,118,2,2022-01-05 09:12:43
1641373963440674000,19.6,14,19.6,125,19.7,118,2,2022-01-05 09:12:43
1641373963784499000,19.7,1,19.6,125,19.7,117,1,2022-01-05 09:12:43
1641373964011750000,19.65,1,19.6,125,19.7,117,1,2022-01-05 09:12:44
1641373965879212000,19.7,2,19.6,126,19.7,115,1,2022-01-05 09:12:45
1641373967108158000,19.7,10,19.6,128,19.7,105,1,2022-01-05 09:12:47
1641373972722363000,19.7,1,19.65,2,19.7,104,1,2022-01-05 09:12:52
1641373974149575000,19.7,1,19.65,7,19.7,103,1,2022-01-05 09:12:54
1641373979065448000,19.65,7,19.65,4,19.7,114,2,2022-01-05 09:12:59
1641373980514715000,19.7,1,19.65,9,19.7,113,1,2022-01-05 09:13:00
1641373984438194000,19.65,5,19.65,16,19.7,113,2,2022-01-05 09:13:04
1641373989039366000,19.65,5,19.65,13,19.7,118,2,2022-01-05 09:13:09
1641373989590766000,19.7,5,19.65,23,19.7,113,1,2022-01-05 09:13:09
1641374009447180000,19.7,10,19.65,30,19.7,101,1,2022-01-05 09:13:29
1641374009687136000,19.65,10,19.65,20,19.7,101,2,2022-01-05 09:13:29
1641374010605290000,19.7,1,19.65,23,19.7,100,1,2022-01-05 09:13:30
1641374015746472000,19.7,1,19.65,31,19.7,104,1,2022-01-05 09:13:35
1641374018483375000,19.65,5,19.65,29,19.7,104,2,2022-01-05 09:13:38
1641374018920596000,19.65,6,19.65,23,19.7,104,2,2022-01-05 09:13:38
1641374019758641000,19.7,1,19.65,25,19.7,103,1,2022-01-05 09:13:39
1641374026747317000,19.65,1,19.65,31,19.7,105,2,2022-01-05 09:13:46
1641374030674934000,19.65,1,19.65,30,19.7,125,2,2022-01-05 09:13:50
1641374031299538000,19.7,3,19.65,30,19.7,122,1,2022-01-05 09:13:51
1641374032566045000,19.7,1,19.65,30,19.7,121,1,2022-01-05 09:13:52
1641374033901630000,19.7,5,19.65,30,19.7,116,1,2022-01-05 09:13:53
1641374036958380000,19.65,1,19.65,29,19.7,117,2,2022-01-05 09:13:56
1641374039064875000,19.65,4,19.65,26,19.7,120,2,2022-01-05 09:13:59
1641374040738995000,19.65,1,19.65,26,19.7,120,2,2022-01-05 09:14:00
1641374041884155000,19.65,1,19.65,25,19.7,120,2,2022-01-05 09:14:01
1641374047888100000,19.65,15,19.65,10,19.7,120,2,2022-01-05 09:14:07
1641374048226186000,19.65,1,19.65,9,19.7,120,2,2022-01-05 09:14:08
1641374050455802000,19.7,3,19.65,16,19.7,117,1,2022-01-05 09:14:10
1641374051215977000,19.65,4,19.65,12,19.7,117,2,2022-01-05 09:14:11
1641374053541141000,19.65,10,19.65,3,19.7,117,2,2022-01-05 09:14:13
1641374055981084000,19.7,5,19.65,3,19.7,113,1,2022-01-05 09:14:15
1641374065542698000,19.65,1,19.65,11,19.7,115,2,2022-01-05 09:14:25
1641374071255096000,19.7,1,19.65,11,19.7,114,1,2022-01-05 09:14:31
1641374073762099000,19.65,1,19.65,20,19.7,114,2,2022-01-05 09:14:33
1641374080245269000,19.65,2,19.65,22,19.7,114,2,2022-01-05 09:14:40
1641374081448502000,19.65,2,19.65,20,19.7,114,2,2022-01-05 09:14:41
1641374081648285000,19.7,3,19.65,20,19.7,111,1,2022-01-05 09:14:41
1641374082982507000,19.65,10,19.65,10,19.7,111,2,2022-01-05 09:14:42
1641374083147128000,19.65,10,19.6,155,19.7,111,2,2022-01-05 09:14:43
1641374089944839000,19.65,1,19.6,157,19.65,13,1,2022-01-05 09:14:49
1641374090533048000,19.65,2,19.6,157,19.65,11,1,2022-01-05 09:14:50
1641374090659697000,19.65,1,19.6,157,19.65,10,1,2022-01-05 09:14:50
1641374094814847000,19.65,5,19.6,158,19.65,5,1,2022-01-05 09:14:54
1641374098864330000,19.65,5,19.6,158,19.65,1,1,2022-01-05 09:14:58
1641374101519188000,19.6,22,19.6,136,19.65,1,2,2022-01-05 09:15:01
1641374101816983000,19.6,15,19.6,121,19.65,4,2,2022-01-05 09:15:01
1641374102019060000,19.6,16,19.6,105,19.65,4,2,2022-01-05 09:15:02
1641374103093213000,19.6,105,19.55,37,19.65,4,2,2022-01-05 09:15:03
1641374103093213000,19.55,289,19.55,37,19.65,4,2,2022-01-05 09:15:03
1641374103145914000,19.55,3,19.55,34,19.65,4,2,2022-01-05 09:15:03
1641374103150742000,19.55,5,19.55,29,19.65,4,2,2022-01-05 09:15:03
1641374103151005000,19.55,2,19.55,27,19.65,4,2,2022-01-05 09:15:03
1641374103161964000,19.55,2,19.55,25,19.65,4,2,2022-01-05 09:15:03
1641374103181764000,19.55,25,19.5,194,19.65,4,2,2022-01-05 09:15:03
1641374103187281000,19.5,2,19.5,192,19.65,4,2,2022-01-05 09:15:03
1641374103240415000,19.5,8,19.5,184,19.65,4,2,2022-01-05 09:15:03
1641374103258135000,19.5,5,19.5,179,19.65,4,2,2022-01-05 09:15:03
1641374103293520000,19.6,3,19.6,7,19.65,4,2,2022-01-05 09:15:03
1641374103294334000,19.6,6,19.6,1,19.65,4,2,2022-01-05 09:15:03
1641374103326916000,19.6,1,19.5,179,19.65,4,2,2022-01-05 09:15:03
1641374103359195000,19.5,2,19.5,177,19.65,4,2,2022-01-05 09:15:03
1641374103389124000,19.5,5,19.5,172,19.65,4,2,2022-01-05 09:15:03
1641374103397661000,19.5,25,19.5,147,19.65,4,2,2022-01-05 09:15:03
1641374103428182000,19.5,8,19.5,139,19.65,4,2,2022-01-05 09:15:03
1641374103455937000,19.5,1,19.5,138,19.65,4,2,2022-01-05 09:15:03
1641374103472960000,19.5,1,19.5,137,19.65,4,2,2022-01-05 09:15:03
1641374104030294000,19.5,3,19.5,134,19.6,9,2,2022-01-05 09:15:04
1641374104853577000,19.5,3,19.5,131,19.6,9,2,2022-01-05 09:15:04
1641374106078804000,19.5,3,19.5,128,19.55,5,2,2022-01-05 09:15:06
1641374106153920000,19.55,1,19.5,128,19.55,4,1,2022-01-05 09:15:06
1641374107509567000,19.5,3,19.5,124,19.55,4,2,2022-01-05 09:15:07
1641374108063548000,19.5,10,19.5,114,19.55,4,2,2022-01-05 09:15:08
1641374108640285000,19.5,2,19.5,112,19.55,4,2,2022-01-05 09:15:08
1641374108676414000,19.5,2,19.5,110,19.55,4,2,2022-01-05 09:15:08
1641374108804715000,19.5,30,19.5,80,19.55,4,2,2022-01-05 09:15:08
1641374108845380000,19.5,13,19.5,67,19.55,4,2,2022-01-05 09:15:08
1641374109820635000,19.5,1,19.5,66,19.55,4,2,2022-01-05 09:15:09
1641374111293217000,19.5,4,19.5,59,19.55,4,2,2022-01-05 09:15:11
1641374111862552000,19.5,6,19.5,53,19.55,4,2,2022-01-05 09:15:11
1641374112157535000,19.5,8,19.5,46,19.55,4,2,2022-01-05 09:15:12
1641374112662422000,19.5,3,19.5,43,19.55,4,2,2022-01-05 09:15:12
1641374112758429000,19.5,3,19.5,40,19.55,4,2,2022-01-05 09:15:12
1641374113097869000,19.55,1,19.5,40,19.55,3,1,2022-01-05 09:15:13
1641374113204108000,19.5,8,19.5,32,19.55,3,2,2022-01-05 09:15:13
1641374115234826000,19.5,10,19.5,24,19.55,5,2,2022-01-05 09:15:15
1641374115654833000,19.5,5,19.5,18,19.55,5,2,2022-01-05 09:15:15
1641374115675766000,19.5,4,19.5,14,19.55,5,2,2022-01-05 09:15:15
1641374116280451000,19.5,2,19.5,12,19.55,5,2,2022-01-05 09:15:16
1641374116290294000,19.5,1,19.5,11,19.55,5,2,2022-01-05 09:15:16
1641374116309006000,19.5,5,19.5,6,19.55,5,2,2022-01-05 09:15:16
1641374116376022000,19.5,5,19.5,1,19.55,5,2,2022-01-05 09:15:16
1641374116410748000,19.5,1,19.45,35,19.55,5,2,2022-01-05 09:15:16
1641374117679310000,19.5,10,19.45,35,19.5,2,1,2022-01-05 09:15:17
1641374117907686000,19.45,5,19.45,30,19.5,8,2,2022-01-05 09:15:17
1641374117973385000,19.45,4,19.45,26,19.5,8,2,2022-01-05 09:15:17
1641374118010147000,19.45,15,19.45,11,19.5,8,2,2022-01-05 09:15:18
1641374118124403000,19.45,5,19.45,6,19.5,8,2,2022-01-05 09:15:18
1641374118635631000,19.5,2,19.45,6,19.5,7,1,2022-01-05 09:15:18
1641374119765384000,19.45,1,19.45,5,19.5,7,2,2022-01-05 09:15:19
1641374120511988000,19.45,4,19.45,1,19.5,10,2,2022-01-05 09:15:20
1641374120575067000,19.45,1,19.4,13,19.5,10,2,2022-01-05 09:15:20
1641374120706679000,19.45,1,19.4,13,19.45,19,1,2022-01-05 09:15:20
1641374122782951000,19.45,4,19.4,28,19.45,18,1,2022-01-05 09:15:22
1641374122786609000,19.4,1,19.4,27,19.45,18,2,2022-01-05 09:15:22
1641374123134415000,19.4,27,19.35,30,19.45,18,2,2022-01-05 09:15:23
1641374123134415000,19.35,13,19.35,30,19.45,18,2,2022-01-05 09:15:23
1641374123855064000,19.35,1,19.35,26,19.4,1,2,2022-01-05 09:15:23
1641374124485348000,19.4,1,19.35,26,19.45,18,1,2022-01-05 09:15:24
1641374125122918000,19.45,5,19.35,26,19.45,13,1,2022-01-05 09:15:25
1641374126720115000,19.45,1,19.35,26,19.45,12,1,2022-01-05 09:15:26
1641374127109160000,19.35,1,19.35,25,19.45,12,2,2022-01-05 09:15:27
1641374127479923000,19.35,25,19.3,12,19.45,12,2,2022-01-05 09:15:27
1641374127479923000,19.3,33,19.3,12,19.45,12,2,2022-01-05 09:15:27
1641374129085266000,19.35,1,19.3,12,19.35,1,1,2022-01-05 09:15:29
1641374129146585000,19.3,1,19.3,11,19.35,1,2,2022-01-05 09:15:29
1641374129253630000,19.3,3,19.3,8,19.35,1,2,2022-01-05 09:15:29
1641374130093252000,19.35,1,19.3,8,19.4,2,1,2022-01-05 09:15:30
1641374130231478000,19.3,6,19.3,2,19.4,2,2,2022-01-05 09:15:30
1641374131653477000,19.35,2,19.35,1,19.4,3,2,2022-01-05 09:15:31
1641374132405518000,19.35,1,19.3,2,19.4,3,2,2022-01-05 09:15:32
1641374133467220000,19.3,2,19.3,1,19.35,1,2,2022-01-05 09:15:33
1641374135395207000,19.3,1,19.25,26,19.3,9,2,2022-01-05 09:15:35
1641374135608876000,19.25,22,19.25,4,19.3,9,2,2022-01-05 09:15:35
1641374135757572000,19.3,1,19.25,4,19.3,9,1,2022-01-05 09:15:35
1641374135965882000,19.3,1,19.25,4,19.3,8,1,2022-01-05 09:15:35
1641374136167469000,19.25,4,19.2,25,19.3,8,2,2022-01-05 09:15:36
1641374136167469000,19.2,2,19.2,25,19.3,8,2,2022-01-05 09:15:36
1641374136295160000,19.2,1,19.2,24,19.3,8,2,2022-01-05 09:15:36
1641374138489340000,19.2,10,19.2,13,19.3,10,2,2022-01-05 09:15:38
1641374138494497000,19.3,2,19.2,13,19.3,8,1,2022-01-05 09:15:38
1641374139149766000,19.2,1,19.2,12,19.3,11,2,2022-01-05 09:15:39
1641374140608288000,19.2,2,19.2,8,19.25,3,2,2022-01-05 09:15:40
1641374141549685000,19.2,1,19.2,7,19.25,5,2,2022-01-05 09:15:41
1641374141897817000,19.2,1,19.2,6,19.25,5,2,2022-01-05 09:15:41
1641374142052851000,19.2,2,19.2,4,19.25,5,2,2022-01-05 09:15:42
1641374142337154000,19.2,4,19.2,1,19.25,6,2,2022-01-05 09:15:42
1641374142352522000,19.25,5,19.2,1,19.25,1,1,2022-01-05 09:15:42
1641374142632516000,19.2,1,19.15,11,19.2,7,2,2022-01-05 09:15:42
1641374142752209000,19.15,2,19.15,9,19.2,7,2,2022-01-05 09:15:42
1641374143073971000,19.15,4,19.15,15,19.2,10,2,2022-01-05 09:15:43
1641374144607919000,19.15,2,19.15,15,19.2,20,2,2022-01-05 09:15:44
1641374144831792000,19.2,1,19.15,15,19.2,19,1,2022-01-05 09:15:44
1641374145182725000,19.15,1,19.15,15,19.2,19,2,2022-01-05 09:15:45
1641374146038552000,19.2,19,19.15,15,19.25,1,1,2022-01-05 09:15:46
1641374147095644000,19.2,1,19.15,16,19.2,4,2,2022-01-05 09:15:47
1641374147119733000,19.2,2,19.15,16,19.2,2,1,2022-01-05 09:15:47
1641374147138802000,19.2,2,19.15,16,19.25,1,1,2022-01-05 09:15:47
1641374147721523000,19.2,1,19.15,16,19.25,1,2,2022-01-05 09:15:47
1641374148053692000,19.15,1,19.15,15,19.25,1,2,2022-01-05 09:15:48
1641374149304294000,19.2,1,19.15,14,19.25,1,2,2022-01-05 09:15:49
1641374149351244000,19.15,3,19.15,11,19.25,1,2,2022-01-05 09:15:49
1641374150304987000,19.25,1,19.25,3,19.3,13,1,2022-01-05 09:15:50
1641374150645881000,19.25,1,19.25,2,19.3,8,2,2022-01-05 09:15:50
1641374150956922000,19.25,1,19.25,1,19.3,8,2,2022-01-05 09:15:50
1641374151034016000,19.25,1,19.2,6,19.3,8,2,2022-01-05 09:15:51
1641374151034016000,19.2,1,19.2,6,19.3,8,2,2022-01-05 09:15:51
1641374151270574000,19.2,2,19.2,24,19.3,8,2,2022-01-05 09:15:51
1641374151913518000,19.2,1,19.2,24,19.3,8,2,2022-01-05 09:15:51
1641374152460051000,19.25,1,19.2,24,19.25,1,1,2022-01-05 09:15:52
1641374152493574000,19.25,1,19.2,24,19.3,8,1,2022-01-05 09:15:52
1641374153144183000,19.3,8,19.25,1,19.35,1,1,2022-01-05 09:15:53
1641374153264605000,19.25,1,19.2,21,19.35,1,2,2022-01-05 09:15:53
1641374153264605000,19.2,7,19.2,21,19.35,1,2,2022-01-05 09:15:53
1641374155556256000,19.25,4,19.25,1,19.35,1,2,2022-01-05 09:15:55
1641374157339700000,19.3,2,19.25,6,19.3,3,1,2022-01-05 09:15:57
1641374158552251000,19.25,4,19.25,6,19.3,3,2,2022-01-05 09:15:58
1641374160473866000,19.25,1,19.25,10,19.3,3,2,2022-01-05 09:16:00
1641374161240977000,19.25,1,19.25,9,19.3,4,2,2022-01-05 09:16:01
1641374161401151000,19.3,2,19.25,9,19.3,2,1,2022-01-05 09:16:01
1641374163333149000,19.3,2,19.25,11,19.35,8,1,2022-01-05 09:16:03
1641374163969291000,19.25,2,19.25,9,19.35,8,2,2022-01-05 09:16:03
1641374164035454000,19.25,2,19.25,7,19.35,8,2,2022-01-05 09:16:04
1641374166695067000,19.3,4,19.25,11,19.35,8,2,2022-01-05 09:16:06
1641374167848435000,19.3,1,19.25,11,19.35,8,2,2022-01-05 09:16:07
1641374168399981000,19.25,11,19.2,25,19.35,8,2,2022-01-05 09:16:08
1641374168399981000,19.2,4,19.2,25,19.35,8,2,2022-01-05 09:16:08
1641374169762696000,19.25,1,19.2,25,19.3,8,2,2022-01-05 09:16:09
1641374170804944000,19.3,2,19.25,11,19.3,7,1,2022-01-05 09:16:10
1641374171176571000,19.25,5,19.25,6,19.3,7,2,2022-01-05 09:16:11
1641374171498002000,19.3,2,19.25,6,19.3,5,1,2022-01-05 09:16:11
1641374172544810000,19.25,1,19.25,5,19.3,5,2,2022-01-05 09:16:12
1641374173385179000,19.25,1,19.25,4,19.3,5,2,2022-01-05 09:16:13
1641374173417199000,19.3,5,19.25,4,19.35,5,1,2022-01-05 09:16:13
1641374174354176000,19.35,5,19.25,6,19.4,42,1,2022-01-05 09:16:14
1641374180773337000,19.35,1,19.3,8,19.35,9,2,2022-01-05 09:16:20
1641374181077360000,19.3,1,19.3,7,19.35,9,2,2022-01-05 09:16:21
1641374181245376000,19.3,2,19.3,5,19.35,9,2,2022-01-05 09:16:21
1641374183337445000,19.35,1,19.3,5,19.35,9,1,2022-01-05 09:16:23
1641374183597845000,19.3,2,19.3,3,19.35,9,2,2022-01-05 09:16:23
1641374183847260000,19.35,1,19.3,3,19.35,8,1,2022-01-05 09:16:23
1641374183941387000,19.3,1,19.3,2,19.35,8,2,2022-01-05 09:16:23
1641374184959522000,19.3,1,19.3,2,19.35,8,2,2022-01-05 09:16:24
1641374185132161000,19.35,5,19.3,2,19.35,3,1,2022-01-05 09:16:25
1641374185360957000,19.3,1,19.3,1,19.35,3,2,2022-01-05 09:16:25
1641374185986809000,19.35,2,19.3,1,19.35,1,1,2022-01-05 09:16:25
1641374186328494000,19.35,2,19.3,3,19.4,46,1,2022-01-05 09:16:26
1641374187657852000,19.3,6,19.25,11,19.4,46,2,2022-01-05 09:16:27
1641374187657852000,19.25,2,19.25,11,19.4,46,2,2022-01-05 09:16:27
1641374188661639000,19.3,1,19.25,11,19.35,1,1,2022-01-05 09:16:28
1641374192843924000,19.3,1,19.3,2,19.35,9,2,2022-01-05 09:16:32
1641374193445978000,19.35,9,19.3,2,19.4,46,1,2022-01-05 09:16:33
1641374193791945000,19.3,1,19.3,1,19.4,45,2,2022-01-05 09:16:33
1641374194057179000,19.3,1,19.25,25,19.4,45,2,2022-01-05 09:16:34
1641374194729467000,19.4,1,19.25,25,19.4,44,1,2022-01-05 09:16:34
1641374201054770000,19.35,3,19.3,9,19.4,45,1,2022-01-05 09:16:41
1641374201751366000,19.3,1,19.3,9,19.35,1,2,2022-01-05 09:16:41
1641374202818198000,19.35,1,19.3,17,19.35,19,1,2022-01-05 09:16:42
1641374203207647000,19.35,3,19.3,16,19.35,16,1,2022-01-05 09:16:43
1641374203882673000,19.35,1,19.3,16,19.35,18,1,2022-01-05 09:16:43
1641374205470228000,19.35,1,19.3,16,19.35,17,1,2022-01-05 09:16:45
1641374210097177000,19.35,1,19.3,23,19.35,16,1,2022-01-05 09:16:50
1641374210341731000,19.35,1,19.3,23,19.35,15,1,2022-01-05 09:16:50
1641374210376268000,19.35,15,19.3,23,19.4,29,1,2022-01-05 09:16:50
1641374216574061000,19.4,5,19.35,12,19.4,24,1,2022-01-05 09:16:56
1641374220707511000,19.35,2,19.35,10,19.4,24,2,2022-01-05 09:17:00
1641374222282182000,19.4,1,19.35,12,19.4,28,1,2022-01-05 09:17:02
1641374222293822000,19.4,1,19.35,12,19.4,27,1,2022-01-05 09:17:02
1641374222720706000,19.35,3,19.35,9,19.4,27,2,2022-01-05 09:17:02
1641374223376195000,19.4,2,19.35,9,19.4,25,1,2022-01-05 09:17:03
1641374223483525000,19.4,5,19.35,9,19.4,20,1,2022-01-05 09:17:03
1641374225835213000,19.4,1,19.35,10,19.4,19,1,2022-01-05 09:17:05
1641374227917432000,19.4,1,19.35,11,19.4,18,1,2022-01-05 09:17:07
1641374227946979000,19.4,18,19.35,14,19.45,1,1,2022-01-05 09:17:07
1641374230821352000,19.4,1,19.35,14,19.45,1,2,2022-01-05 09:17:10
1641374233711746000,19.4,1,19.35,17,19.4,4,2,2022-01-05 09:17:13
1641374233746638000,19.4,3,19.35,17,19.4,1,1,2022-01-05 09:17:13
1641374239405470000,19.4,4,19.35,25,19.5,4,1,2022-01-05 09:17:19
1641374239405470000,19.45,3,19.35,25,19.5,4,1,2022-01-05 09:17:19
1641374239405470000,19.5,13,19.35,25,19.5,4,1,2022-01-05 09:17:19
1641374246150160000,19.4,1,19.4,17,19.5,94,2,2022-01-05 09:17:26
1641374248368475000,19.45,1,19.4,18,19.5,94,1,2022-01-05 09:17:28
1641374249586717000,19.5,1,19.4,26,19.5,93,1,2022-01-05 09:17:29
1641374255883308000,19.5,2,19.45,2,19.5,94,1,2022-01-05 09:17:35
1641374255888619000,19.45,1,19.45,1,19.5,94,2,2022-01-05 09:17:35
1641374255909314000,19.5,1,19.45,1,19.5,93,1,2022-01-05 09:17:35
1641374256610899000,19.5,30,19.45,1,19.5,63,1,2022-01-05 09:17:36
1641374258192462000,19.5,10,19.45,2,19.5,53,1,2022-01-05 09:17:38
1641374259088675000,19.5,1,19.45,2,19.5,52,1,2022-01-05 09:17:39
1641374259165152000,19.5,10,19.45,2,19.5,42,1,2022-01-05 09:17:39
1641374259804748000,19.5,5,19.45,2,19.5,37,1,2022-01-05 09:17:39
1641374259962547000,19.45,1,19.45,3,19.5,37,2,2022-01-05 09:17:39
1641374260347828000,19.5,1,19.45,3,19.5,36,1,2022-01-05 09:17:40
1641374260420069000,19.5,4,19.45,3,19.5,32,1,2022-01-05 09:17:40
1641374261006416000,19.5,2,19.45,3,19.5,30,1,2022-01-05 09:17:41
1641374262983445000,19.5,1,19.45,5,19.5,50,1,2022-01-05 09:17:42
1641374263743809000,19.5,1,19.45,5,19.5,50,1,2022-01-05 09:17:43
1641374265536556000,19.5,1,19.45,18,19.5,49,1,2022-01-05 09:17:45
1641374266353641000,19.5,2,19.45,19,19.5,47,1,2022-01-05 09:17:46
1641374266692522000,19.5,1,19.45,19,19.5,46,1,2022-01-05 09:17:46
1641374266726112000,19.5,10,19.45,19,19.5,36,1,2022-01-05 09:17:46
1641374267040627000,19.5,5,19.45,19,19.5,31,1,2022-01-05 09:17:47
1641374267081090000,19.5,9,19.45,19,19.5,22,1,2022-01-05 09:17:47
1641374267332744000,19.5,2,19.45,19,19.5,20,1,2022-01-05 09:17:47
1641374267366651000,19.5,7,19.45,19,19.5,13,1,2022-01-05 09:17:47
1641374267574337000,19.5,10,19.45,19,19.5,3,1,2022-01-05 09:17:47
1641374267608307000,19.5,3,19.45,19,19.55,2,1,2022-01-05 09:17:47
1641374268232922000,19.5,1,19.45,20,19.5,1,1,2022-01-05 09:17:48
1641374268489795000,19.5,1,19.5,9,19.55,2,1,2022-01-05 09:17:48
1641374269156370000,19.55,1,19.5,10,19.55,1,1,2022-01-05 09:17:49
1641374269589200000,19.55,1,19.5,12,19.6,25,1,2022-01-05 09:17:49
1641374269589200000,19.6,4,19.5,12,19.6,25,1,2022-01-05 09:17:49
1641374275682900000,19.6,1,19.55,1,19.6,24,1,2022-01-05 09:17:55
1641374278963996000,19.6,3,19.55,2,19.6,22,1,2022-01-05 09:17:58
1641374280193355000,19.6,1,19.55,3,19.6,21,1,2022-01-05 09:18:00
1641374284593155000,19.6,1,19.55,5,19.6,18,1,2022-01-05 09:18:04
1641374284850096000,19.6,2,19.55,6,19.6,16,1,2022-01-05 09:18:04
1641374285322502000,19.55,6,19.5,20,19.55,1,2,2022-01-05 09:18:05
1641374287440038000,19.55,1,19.5,20,19.6,8,1,2022-01-05 09:18:07
1641374287440038000,19.6,9,19.5,20,19.6,8,1,2022-01-05 09:18:07
1641374289268112000,19.55,1,19.5,25,19.6,7,1,2022-01-05 09:18:09
1641374289268112000,19.6,1,19.5,25,19.6,7,1,2022-01-05 09:18:09
1641374290256600000,19.55,1,19.5,24,19.6,8,2,2022-01-05 09:18:10
1641374291163827000,19.55,1,19.55,1,19.6,8,1,2022-01-05 09:18:11
1641374292017115000,19.55,1,19.5,24,19.55,9,2,2022-01-05 09:18:12
1641374293057075000,19.5,15,19.5,11,19.55,9,2,2022-01-05 09:18:13
1641374293074461000,19.55,1,19.5,11,19.55,8,1,2022-01-05 09:18:13
1641374293333990000,19.55,1,19.5,11,19.55,7,1,2022-01-05 09:18:13
1641374294669491000,19.55,1,19.5,11,19.55,6,1,2022-01-05 09:18:14
1641374295310905000,19.5,1,19.5,10,19.55,6,2,2022-01-05 09:18:15
1641374296266314000,19.5,5,19.5,5,19.55,6,2,2022-01-05 09:18:16
1641374300082790000,19.5,5,19.5,1,19.55,7,2,2022-01-05 09:18:20
1641374301748315000,19.5,1,19.5,4,19.55,7,2,2022-01-05 09:18:21
1641374301834968000,19.5,4,19.45,18,19.55,7,2,2022-01-05 09:18:21
1641374303715486000,19.5,3,19.45,18,19.55,19,2,2022-01-05 09:18:23
1641374307453471000,19.5,1,19.45,18,19.5,10,1,2022-01-05 09:18:27
1641374307608142000,19.5,2,19.45,18,19.5,8,1,2022-01-05 09:18:27
1641374308422254000,19.5,1,19.45,18,19.5,8,1,2022-01-05 09:18:28
1641374310534310000,19.45,17,19.4,29,19.45,10,2,2022-01-05 09:18:30
1641374311579758000,19.45,2,19.4,29,19.45,8,1,2022-01-05 09:18:31
1641374322677820000,19.4,25,19.4,7,19.45,34,2,2022-01-05 09:18:42
1641374322709642000,19.4,7,19.35,29,19.45,34,2,2022-01-05 09:18:42
1641374324636430000,19.45,3,19.4,10,19.45,31,1,2022-01-05 09:18:44
1641374324993718000,19.4,1,19.4,9,19.45,31,2,2022-01-05 09:18:44
1641374325697290000,19.4,1,19.4,13,19.45,31,2,2022-01-05 09:18:45
1641374326239266000,19.4,1,19.4,12,19.45,31,2,2022-01-05 09:18:46
1641374327219958000,19.4,5,19.4,7,19.45,31,2,2022-01-05 09:18:47
1641374327540860000,19.4,7,19.35,29,19.4,3,2,2022-01-05 09:18:47
1641374328435744000,19.4,3,19.4,2,19.45,31,1,2022-01-05 09:18:48
1641374336241724000,19.4,1,19.4,6,19.45,32,2,2022-01-05 09:18:56
1641374336631854000,19.4,6,19.35,28,19.4,1,2,2022-01-05 09:18:56
1641374337920422000,19.4,1,19.35,28,19.4,2,1,2022-01-05 09:18:57
1641374339724364000,19.4,5,19.35,28,19.4,38,1,2022-01-05 09:18:59
1641374359079413000,19.4,1,19.35,28,19.4,45,1,2022-01-05 09:19:19
1641374362225603000,19.35,20,19.35,8,19.4,45,2,2022-01-05 09:19:22
1641374362259096000,19.35,8,19.3,33,19.4,45,2,2022-01-05 09:19:22
1641374362490786000,19.4,2,19.35,1,19.4,43,1,2022-01-05 09:19:22
1641374364493785000,19.35,1,19.3,33,19.35,1,2,2022-01-05 09:19:24
1641374364856999000,19.3,4,19.3,29,19.35,1,2,2022-01-05 09:19:24
1641374366886011000,19.35,3,19.35,2,19.4,43,1,2022-01-05 09:19:26
1641374367306498000,19.35,2,19.3,39,19.35,1,2,2022-01-05 09:19:27
1641374368024677000,19.35,1,19.3,39,19.4,43,1,2022-01-05 09:19:28
1641374368628176000,19.4,10,19.3,39,19.4,33,1,2022-01-05 09:19:28
1641374373204769000,19.35,1,19.3,30,19.35,13,1,2022-01-05 09:19:33
1641374373777201000,19.35,5,19.3,33,19.35,8,1,2022-01-05 09:19:33
1641374374791344000,19.35,5,19.3,30,19.35,4,1,2022-01-05 09:19:34
1641374375187713000,19.35,1,19.3,30,19.35,3,1,2022-01-05 09:19:35
1641374376548803000,19.35,1,19.3,30,19.35,2,1,2022-01-05 09:19:36
1641374377291105000,19.35,2,19.3,30,19.35,1,1,2022-01-05 09:19:37
1641374379458906000,19.35,1,19.3,37,19.35,1,1,2022-01-05 09:19:39
1641374380157964000,19.35,3,19.3,37,19.35,35,1,2022-01-05 09:19:40
1641374380238807000,19.3,1,19.3,36,19.35,35,2,2022-01-05 09:19:40
1641374381630259000,19.35,10,19.3,36,19.35,25,1,2022-01-05 09:19:41
1641374382626353000,19.35,1,19.3,36,19.35,24,1,2022-01-05 09:19:42
1641374388048137000,19.3,39,19.25,37,19.3,1,2,2022-01-05 09:19:48
1641374396308955000,19.3,4,19.3,1,19.35,26,1,2022-01-05 09:19:56
1641374397119631000,19.3,1,19.25,37,19.35,26,2,2022-01-05 09:19:57
1641374399451278000,19.3,1,19.25,37,19.3,50,1,2022-01-05 09:19:59
1641374400870529000,19.25,22,19.25,16,19.3,50,2,2022-01-05 09:20:00
1641374400893761000,19.25,16,19.2,86,19.3,50,2,2022-01-05 09:20:00
1641374401259617000,19.2,15,19.2,71,19.3,50,2,2022-01-05 09:20:01
1641374402191824000,19.3,2,19.2,72,19.3,48,1,2022-01-05 09:20:02
1641374402621361000,19.3,1,19.2,72,19.3,48,1,2022-01-05 09:20:02
1641374413139709000,19.25,1,19.2,67,19.25,30,1,2022-01-05 09:20:13
1641374414741282000,19.25,1,19.2,67,19.25,29,1,2022-01-05 09:20:14
1641374415128180000,19.25,1,19.2,66,19.25,28,1,2022-01-05 09:20:15
1641374415563775000,19.2,8,19.2,58,19.25,20,2,2022-01-05 09:20:15
1641374415685341000,19.2,8,19.2,50,19.25,12,2,2022-01-05 09:20:15
1641374416385187000,19.25,8,19.2,50,19.25,4,1,2022-01-05 09:20:16
1641374421116694000,19.2,1,19.2,48,19.25,7,2,2022-01-05 09:20:21
1641374422718107000,19.25,1,19.2,49,19.25,6,1,2022-01-05 09:20:22
1641374438148245000,19.2,1,19.2,55,19.25,40,2,2022-01-05 09:20:38
1641374439852454000,19.2,5,19.2,51,19.25,40,2,2022-01-05 09:20:39
1641374440202148000,19.2,3,19.2,49,19.25,40,2,2022-01-05 09:20:40
1641374440289194000,19.2,24,19.2,25,19.25,16,2,2022-01-05 09:20:40
1641374440935843000,19.25,1,19.2,25,19.25,15,1,2022-01-05 09:20:40
1641374444463561000,19.2,1,19.2,26,19.25,14,2,2022-01-05 09:20:44
1641374445804651000,19.25,2,19.2,26,19.25,12,1,2022-01-05 09:20:45
1641374445980164000,19.25,12,19.2,27,19.3,50,1,2022-01-05 09:20:45
1641374451286828000,19.25,1,19.25,2,19.3,60,2,2022-01-05 09:20:51
1641374454484890000,19.25,2,19.25,1,19.3,60,2,2022-01-05 09:20:54
1641374456356607000,19.25,2,19.25,5,19.3,60,2,2022-01-05 09:20:56
1641374465916902000,19.3,1,19.25,9,19.3,59,1,2022-01-05 09:21:05
1641374466060676000,19.25,5,19.25,4,19.3,59,2,2022-01-05 09:21:06
1641374469521752000,19.25,2,19.25,4,19.3,60,2,2022-01-05 09:21:09
1641374472391928000,19.25,2,19.25,13,19.3,60,2,2022-01-05 09:21:12
1641374473660246000,19.25,1,19.25,12,19.3,60,2,2022-01-05 09:21:13
1641374475391297000,19.25,2,19.25,16,19.3,60,2,2022-01-05 09:21:15
1641374485797450000,19.3,10,19.25,22,19.3,50,1,2022-01-05 09:21:25
1641374485829149000,19.3,50,19.25,22,19.35,25,1,2022-01-05 09:21:25
1641374490275359000,19.3,6,19.2,36,19.25,11,2,2022-01-05 09:21:30
1641374490275359000,19.25,23,19.2,36,19.25,11,2,2022-01-05 09:21:30
1641374490819778000,19.25,1,19.2,35,19.25,10,1,2022-01-05 09:21:30
1641374495097370000,19.25,1,19.2,34,19.25,9,1,2022-01-05 09:21:35
1641374495657180000,19.25,1,19.2,35,19.25,8,1,2022-01-05 09:21:35
1641374498752784000,19.25,2,19.2,35,19.25,6,1,2022-01-05 09:21:38
1641374501127477000,19.25,1,19.2,35,19.25,5,1,2022-01-05 09:21:41
1641374502794614000,19.25,3,19.2,35,19.25,2,1,2022-01-05 09:21:42
1641374502819305000,19.25,2,19.2,35,19.3,3,1,2022-01-05 09:21:42
1641374508370194000,19.3,2,19.25,1,19.3,2,1,2022-01-05 09:21:48
1641374510685259000,19.25,1,19.2,32,19.3,2,2,2022-01-05 09:21:50
1641374510685259000,19.2,4,19.2,32,19.3,2,2,2022-01-05 09:21:50
1641374512000072000,19.25,3,19.2,32,19.25,7,1,2022-01-05 09:21:52
1641374515354284000,19.25,5,19.2,32,19.25,2,1,2022-01-05 09:21:55
1641374517159765000,19.25,1,19.2,32,19.25,1,1,2022-01-05 09:21:57
1641374517391947000,19.25,1,19.25,1,19.3,2,1,2022-01-05 09:21:57
1641374522815157000,19.3,1,19.25,6,19.3,6,1,2022-01-05 09:22:02
1641374527471044000,19.25,10,19.25,2,19.3,6,2,2022-01-05 09:22:07
1641374527499029000,19.25,2,19.2,34,19.3,6,2,2022-01-05 09:22:07
1641374531762006000,19.3,3,19.25,1,19.3,5,1,2022-01-05 09:22:11
1641374531872668000,19.25,1,19.2,39,19.25,1,2,2022-01-05 09:22:11
1641374532790627000,19.25,1,19.2,41,19.3,7,1,2022-01-05 09:22:12
1641374533005196000,19.3,1,19.2,41,19.3,6,1,2022-01-05 09:22:13
1641374537820634000,19.3,5,19.25,1,19.3,1,1,2022-01-05 09:22:17
1641374539075018000,19.3,1,19.3,1,19.35,25,1,2022-01-05 09:22:19
1641374539326805000,19.3,1,19.25,1,19.35,25,2,2022-01-05 09:22:19
1641374540204410000,19.25,1,19.25,3,19.3,10,2,2022-01-05 09:22:20
1641374544397038000,19.25,5,19.25,1,19.3,10,2,2022-01-05 09:22:24
1641374562074907000,19.25,1,19.25,16,19.3,25,2,2022-01-05 09:22:42
1641374570193236000,19.25,1,19.25,10,19.3,26,2,2022-01-05 09:22:50
1641374577417029000,19.25,10,19.25,3,19.3,26,2,2022-01-05 09:22:57
1641374577466564000,19.3,1,19.25,3,19.3,25,1,2022-01-05 09:22:57
1641374587020891000,19.3,1,19.25,5,19.3,26,1,2022-01-05 09:23:07
1641374587953504000,19.3,2,19.25,5,19.3,25,1,2022-01-05 09:23:07
1641374588164013000,19.25,5,19.2,56,19.25,10,2,2022-01-05 09:23:08
1641374591494648000,19.25,3,19.2,56,19.25,7,1,2022-01-05 09:23:11
1641374591622887000,19.25,1,19.2,56,19.25,6,1,2022-01-05 09:23:11
1641374610539003000,19.25,1,19.2,64,19.25,52,1,2022-01-05 09:23:30
1641374614751007000,19.25,1,19.2,66,19.25,51,1,2022-01-05 09:23:34
1641374617109334000,19.2,1,19.2,65,19.25,51,2,2022-01-05 09:23:37
1641374623667526000,19.25,1,19.2,67,19.25,50,1,2022-01-05 09:23:43
1641374628512672000,19.2,1,19.2,66,19.25,51,2,2022-01-05 09:23:48
1641374629053701000,19.2,20,19.2,46,19.25,51,2,2022-01-05 09:23:49
1641374631179086000,19.2,1,19.2,45,19.25,51,2,2022-01-05 09:23:51
1641374634445738000,19.2,10,19.2,35,19.25,51,2,2022-01-05 09:23:54
1641374637416628000,19.2,1,19.2,34,19.25,51,2,2022-01-05 09:23:57
1641374637571153000,19.2,1,19.2,33,19.25,51,2,2022-01-05 09:23:57
1641374637848806000,19.2,20,19.2,13,19.25,51,2,2022-01-05 09:23:57
1641374637888659000,19.2,13,19.15,40,19.25,51,2,2022-01-05 09:23:57
1641374638809634000,19.2,1,19.15,40,19.2,16,1,2022-01-05 09:23:58
1641374646797530000,19.15,10,19.15,32,19.2,40,2,2022-01-05 09:24:06
1641374646946916000,19.15,2,19.15,30,19.2,40,2,2022-01-05 09:24:06
1641374650239950000,19.15,2,19.15,27,19.2,41,2,2022-01-05 09:24:10
1641374650823526000,19.2,3,19.15,27,19.2,38,1,2022-01-05 09:24:10
1641374655216593000,19.15,1,19.15,28,19.2,39,2,2022-01-05 09:24:15
1641374655407923000,19.15,2,19.15,26,19.2,39,2,2022-01-05 09:24:15
1641374657555354000,19.2,1,19.15,25,19.2,38,1,2022-01-05 09:24:17
1641374665003803000,19.15,15,19.15,16,19.2,47,2,2022-01-05 09:24:25
1641374665018760000,19.15,4,19.15,12,19.2,47,2,2022-01-05 09:24:25
1641374666079496000,19.15,2,19.15,10,19.2,48,2,2022-01-05 09:24:26
1641374666115328000,19.15,4,19.15,6,19.2,48,2,2022-01-05 09:24:26
1641374668154927000,19.15,1,19.15,5,19.2,48,2,2022-01-05 09:24:28
1641374668181471000,19.15,4,19.15,1,19.2,48,2,2022-01-05 09:24:28
1641374668287880000,19.15,1,19.1,45,19.2,48,2,2022-01-05 09:24:28
1641374668287880000,19.1,1,19.1,45,19.2,48,2,2022-01-05 09:24:28
1641374668357720000,19.1,4,19.1,41,19.2,48,2,2022-01-05 09:24:28
1641374668505355000,19.1,1,19.1,40,19.2,48,2,2022-01-05 09:24:28
1641374668797343000,19.1,15,19.1,25,19.2,48,2,2022-01-05 09:24:28
1641374674337741000,19.1,15,19.1,10,19.15,17,2,2022-01-05 09:24:34
1641374674369341000,19.1,6,19.1,4,19.15,17,2,2022-01-05 09:24:34
1641374674695402000,19.1,4,19.05,20,19.15,19,2,2022-01-05 09:24:34
1641374674695402000,19.05,18,19.05,20,19.15,19,2,2022-01-05 09:24:34
1641374676415527000,19.05,1,19.05,19,19.15,19,2,2022-01-05 09:24:36
1641374676494702000,19.05,2,19.05,17,19.1,10,2,2022-01-05 09:24:36
1641374676834781000,19.05,15,19.05,2,19.1,11,2,2022-01-05 09:24:36
1641374676874706000,19.05,2,19.0,134,19.1,11,2,2022-01-05 09:24:36
1641374678139632000,19.1,1,19.0,134,19.1,21,1,2022-01-05 09:24:38
1641374679396669000,19.0,4,19.0,129,19.1,21,2,2022-01-05 09:24:39
1641374679859576000,19.0,4,19.0,126,19.1,21,2,2022-01-05 09:24:39
1641374684944813000,19.0,2,19.0,124,19.05,3,2,2022-01-05 09:24:44
1641374688046382000,19.05,1,19.0,125,19.05,4,1,2022-01-05 09:24:48
1641374688502162000,19.0,8,19.0,117,19.05,3,2,2022-01-05 09:24:48
1641374689276428000,19.0,3,19.0,114,19.05,3,2,2022-01-05 09:24:49
1641374689476225000,19.0,5,19.0,109,19.05,3,2,2022-01-05 09:24:49
1641374690368281000,19.0,15,19.0,97,19.05,3,2,2022-01-05 09:24:50
1641374691201581000,19.05,1,19.0,96,19.05,2,1,2022-01-05 09:24:51
1641374691733712000,19.0,22,19.0,74,19.05,2,2,2022-01-05 09:24:51
1641374692790511000,19.05,2,19.0,84,19.1,16,1,2022-01-05 09:24:52
1641374693023882000,19.0,1,19.0,83,19.1,16,2,2022-01-05 09:24:53
1641374693034234000,19.0,4,19.0,79,19.1,16,2,2022-01-05 09:24:53
1641374693082742000,19.0,1,19.0,78,19.1,16,2,2022-01-05 09:24:53
1641374694180641000,19.0,2,19.0,76,19.1,16,2,2022-01-05 09:24:54
1641374694519873000,19.0,1,19.0,75,19.1,16,2,2022-01-05 09:24:54
1641374694846841000,19.05,1,19.0,75,19.1,16,1,2022-01-05 09:24:54
1641374695003375000,19.0,10,19.0,65,19.05,1,2,2022-01-05 09:24:55
1641374695606150000,19.0,37,19.0,29,19.05,1,2,2022-01-05 09:24:55
1641374695702428000,19.0,10,19.0,19,19.05,1,2,2022-01-05 09:24:55
1641374696115303000,19.0,2,19.0,17,19.05,1,2,2022-01-05 09:24:56
1641374696137798000,19.0,2,19.0,15,19.05,1,2,2022-01-05 09:24:56
1641374696303147000,19.0,5,19.0,10,19.05,1,2,2022-01-05 09:24:56
1641374696338972000,19.0,9,19.0,1,19.05,1,2,2022-01-05 09:24:56
1641374696604764000,19.0,1,18.95,8,19.05,1,2,2022-01-05 09:24:56
1641374698659294000,19.0,11,18.9,33,19.05,1,2,2022-01-05 09:24:58
1641374698659294000,18.95,9,18.9,33,19.05,1,2,2022-01-05 09:24:58
1641374699394201000,18.9,7,18.9,26,19.0,8,2,2022-01-05 09:24:59
1641374699815734000,19.0,1,18.9,26,19.0,14,1,2022-01-05 09:24:59
1641374699816621000,18.9,1,18.9,25,19.0,14,2,2022-01-05 09:24:59
1641374700100868000,19.0,7,18.95,2,19.0,8,1,2022-01-05 09:25:00
1641374700303903000,18.95,2,18.9,12,19.0,8,2,2022-01-05 09:25:00
1641374700303903000,18.9,13,18.9,12,19.0,8,2,2022-01-05 09:25:00
1641374702585317000,18.9,10,18.9,2,19.0,18,2,2022-01-05 09:25:02
1641374704540246000,18.95,1,18.9,2,18.95,23,2,2022-01-05 09:25:04
1641374705391275000,18.9,2,18.8,28,18.95,23,2,2022-01-05 09:25:05
1641374705391275000,18.85,7,18.8,28,18.95,23,2,2022-01-05 09:25:05
1641374705391275000,18.8,6,18.8,28,18.95,23,2,2022-01-05 09:25:05
1641374707540453000,18.95,2,18.8,28,18.95,23,1,2022-01-05 09:25:07
1641374709205743000,18.95,23,18.9,1,19.0,20,1,2022-01-05 09:25:09
1641374709254731000,18.9,1,18.85,3,19.0,20,2,2022-01-05 09:25:09
1641374712984918000,18.95,1,18.95,1,19.0,20,1,2022-01-05 09:25:12
1641374713366039000,19.0,20,18.95,1,19.05,2,1,2022-01-05 09:25:13
1641374714551091000,19.05,2,18.95,2,19.1,6,1,2022-01-05 09:25:14
1641374715679336000,19.0,1,18.95,5,19.1,8,2,2022-01-05 09:25:15
1641374715679336000,18.95,4,18.95,5,19.1,8,2,2022-01-05 09:25:15
1641374716887830000,18.95,3,18.95,3,19.1,8,2,2022-01-05 09:25:16
1641374721798213000,19.05,2,19.0,1,19.05,4,1,2022-01-05 09:25:21
1641374723227030000,19.05,4,19.0,2,19.1,6,1,2022-01-05 09:25:23
1641374723589366000,19.0,1,19.0,1,19.1,7,2,2022-01-05 09:25:23
1641374724174741000,19.05,1,19.0,1,19.05,5,1,2022-01-05 09:25:24
1641374724317147000,19.0,1,18.9,13,19.05,5,2,2022-01-05 09:25:24
1641374724317147000,18.95,21,18.9,13,19.05,5,2,2022-01-05 09:25:24
1641374724317147000,18.9,3,18.9,13,19.05,5,2,2022-01-05 09:25:24
1641374725924320000,19.0,1,19.0,1,19.05,5,2,2022-01-05 09:25:25
1641374726349641000,19.0,1,18.95,1,19.05,5,2,2022-01-05 09:25:26
1641374730639264000,19.0,5,18.95,1,19.0,6,1,2022-01-05 09:25:30
1641374731681597000,19.0,3,18.95,1,19.0,3,1,2022-01-05 09:25:31
1641374731691963000,19.0,3,19.0,2,19.05,8,1,2022-01-05 09:25:31
1641374732060255000,19.0,1,19.0,1,19.05,8,2,2022-01-05 09:25:32
1641374732724348000,19.0,1,18.95,1,19.05,8,2,2022-01-05 09:25:32
1641374735094197000,19.0,1,18.95,2,19.05,8,2,2022-01-05 09:25:35
1641374735660853000,18.95,2,18.9,20,19.05,8,2,2022-01-05 09:25:35
1641374736667071000,19.0,1,18.9,20,19.05,8,2,2022-01-05 09:25:36
1641374736966880000,18.9,3,18.9,17,19.05,8,2,2022-01-05 09:25:36
1641374740109113000,19.0,1,18.95,4,19.05,9,1,2022-01-05 09:25:40
1641374743474214000,19.0,1,18.95,5,19.0,2,1,2022-01-05 09:25:43
1641374743504789000,19.0,2,18.95,6,19.05,9,1,2022-01-05 09:25:43
1641374744296548000,18.95,7,18.9,10,19.05,9,2,2022-01-05 09:25:44
1641374744296548000,18.9,8,18.9,10,19.05,9,2,2022-01-05 09:25:44
1641374745160489000,18.9,1,18.9,9,19.0,1,2,2022-01-05 09:25:45
1641374749135203000,18.9,5,18.9,5,19.0,5,2,2022-01-05 09:25:49
1641374751520626000,19.0,2,18.95,3,19.0,6,1,2022-01-05 09:25:51
1641374753197361000,18.95,2,18.95,2,19.0,6,2,2022-01-05 09:25:53
1641374754638487000,19.0,1,18.95,2,19.0,6,1,2022-01-05 09:25:54
1641374756698665000,19.0,6,18.95,4,19.05,18,1,2022-01-05 09:25:56
1641374758201968000,18.95,1,18.95,4,19.05,18,2,2022-01-05 09:25:58
1641374758583775000,19.0,3,19.0,3,19.05,18,1,2022-01-05 09:25:58
1641374758691130000,19.05,1,19.0,3,19.05,17,1,2022-01-05 09:25:58
1641374762761072000,19.0,3,18.95,7,19.05,17,2,2022-01-05 09:26:02
1641374762857387000,19.05,5,18.95,7,19.05,12,1,2022-01-05 09:26:02
1641374766966419000,19.0,1,19.0,5,19.05,15,2,2022-01-05 09:26:06
1641374767462088000,19.0,1,19.0,4,19.05,15,2,2022-01-05 09:26:07
1641374768038929000,19.05,4,19.0,4,19.05,11,1,2022-01-05 09:26:08
1641374772493254000,19.0,5,18.95,8,19.05,13,2,2022-01-05 09:26:12
1641374772493254000,18.95,5,18.95,8,19.05,13,2,2022-01-05 09:26:12
1641374777859165000,19.0,1,19.0,1,19.05,13,2,2022-01-05 09:26:17
1641374779318992000,19.0,2,18.95,9,19.0,3,2,2022-01-05 09:26:19
1641374779346955000,19.0,3,18.95,9,19.05,13,1,2022-01-05 09:26:19
1641374782765498000,18.95,5,18.95,5,19.05,13,2,2022-01-05 09:26:22
1641374786223258000,19.0,3,18.95,2,19.05,13,2,2022-01-05 09:26:26
1641374786223258000,18.95,7,18.95,2,19.05,13,2,2022-01-05 09:26:26
1641374786846149000,18.95,1,18.95,1,19.05,13,2,2022-01-05 09:26:26
1641374791047357000,19.0,1,18.95,3,19.0,5,1,2022-01-05 09:26:31
1641374791268119000,19.0,4,18.95,5,19.0,1,1,2022-01-05 09:26:31
1641374791298307000,19.0,1,18.95,5,19.05,13,1,2022-01-05 09:26:31
1641374793674086000,19.0,1,19.0,1,19.05,13,2,2022-01-05 09:26:33
1641374794492005000,19.0,1,18.95,6,19.0,5,2,2022-01-05 09:26:34
1641374802363624000,18.95,3,18.95,8,19.0,47,2,2022-01-05 09:26:42
1641374803496624000,18.95,1,18.95,7,19.0,48,2,2022-01-05 09:26:43
1641374805608268000,18.95,1,18.95,6,19.0,50,2,2022-01-05 09:26:45
1641374806096988000,18.95,5,18.95,1,19.0,51,2,2022-01-05 09:26:46
1641374809897399000,19.0,2,18.95,2,19.0,50,1,2022-01-05 09:26:49
1641374810227301000,18.95,2,18.9,41,18.95,5,2,2022-01-05 09:26:50
1641374810562255000,18.95,1,18.9,41,18.95,4,1,2022-01-05 09:26:50
1641374810958541000,18.95,1,18.9,41,18.95,3,1,2022-01-05 09:26:50
1641374812814516000,18.95,2,18.9,41,18.95,1,1,2022-01-05 09:26:52
1641374812892677000,18.95,1,18.9,41,19.0,53,1,2022-01-05 09:26:52
1641374813268923000,18.95,2,18.9,41,18.95,13,2,2022-01-05 09:26:53
1641374813409697000,18.95,3,18.9,41,18.95,10,1,2022-01-05 09:26:53
1641374815184201000,18.95,1,18.9,41,18.95,9,1,2022-01-05 09:26:55
1641374816715678000,18.95,7,18.9,34,18.95,2,1,2022-01-05 09:26:56
1641374818160973000,18.95,1,18.9,34,18.95,4,1,2022-01-05 09:26:58
1641374819015462000,18.95,3,18.9,35,18.95,2,1,2022-01-05 09:26:59
1641374819973981000,18.9,1,18.9,34,18.95,2,2,2022-01-05 09:26:59
1641374819996176000,18.95,2,18.95,4,19.0,53,1,2022-01-05 09:26:59
1641374837234170000,18.95,3,18.95,14,19.0,61,2,2022-01-05 09:27:17
1641374839165716000,18.95,1,18.95,13,19.0,61,2,2022-01-05 09:27:19
1641374839663853000,18.95,7,18.95,6,19.0,61,2,2022-01-05 09:27:19
1641374839850685000,19.0,1,18.95,6,19.0,60,1,2022-01-05 09:27:19
1641374840145720000,18.95,1,18.95,5,19.0,60,2,2022-01-05 09:27:20
1641374840549830000,18.95,1,18.95,4,19.0,60,2,2022-01-05 09:27:20
1641374840894262000,19.0,3,18.95,4,19.0,57,1,2022-01-05 09:27:20
1641374841827491000,18.95,1,18.95,3,19.0,57,2,2022-01-05 09:27:21
1641374846758893000,18.95,1,18.95,5,19.0,57,2,2022-01-05 09:27:26
1641374849260994000,18.95,2,18.95,9,19.0,57,2,2022-01-05 09:27:29
1641374852212211000,18.95,2,18.95,8,19.0,62,2,2022-01-05 09:27:32
1641374853222090000,18.95,1,18.95,7,19.0,62,2,2022-01-05 09:27:33
1641374856028779000,19.0,60,18.95,7,19.0,3,1,2022-01-05 09:27:36
1641374856057673000,19.0,3,18.95,7,19.05,9,1,2022-01-05 09:27:36
1641374862210031000,19.0,5,19.0,25,19.05,9,2,2022-01-05 09:27:42
1641374868692486000,19.05,1,19.0,26,19.05,8,1,2022-01-05 09:27:48
1641374869942853000,19.05,2,19.0,26,19.05,8,1,2022-01-05 09:27:49
1641374871316897000,19.0,24,19.0,3,19.05,8,2,2022-01-05 09:27:51
1641374872597117000,19.0,3,18.95,37,19.0,2,2,2022-01-05 09:27:52
1641374873707610000,19.0,1,18.95,37,19.0,4,1,2022-01-05 09:27:53
1641374873877840000,19.0,1,18.95,37,19.0,3,1,2022-01-05 09:27:53
1641374879265279000,19.0,2,18.95,45,19.0,1,1,2022-01-05 09:27:59
1641374879296647000,19.0,1,18.95,45,19.05,8,1,2022-01-05 09:27:59
1641374879346532000,19.05,2,18.95,45,19.05,6,1,2022-01-05 09:27:59
1641374880297445000,19.0,1,18.95,44,19.0,1,1,2022-01-05 09:28:00
1641374880796434000,19.0,1,18.95,44,19.05,6,1,2022-01-05 09:28:00
1641374880809514000,19.05,1,18.95,44,19.05,5,1,2022-01-05 09:28:00
1641374893958617000,19.05,5,19.0,37,19.05,2,1,2022-01-05 09:28:13
1641374893972474000,19.05,2,19.0,37,19.1,32,1,2022-01-05 09:28:13
1641374896865954000,19.05,1,18.95,41,19.0,2,2,2022-01-05 09:28:16
1641374896865954000,19.0,37,18.95,41,19.0,2,2,2022-01-05 09:28:16
1641374902932530000,19.0,1,18.95,43,19.0,1,1,2022-01-05 09:28:22
1641374902965142000,19.0,1,18.95,43,19.1,32,1,2022-01-05 09:28:22
1641374912424197000,19.0,1,19.0,9,19.05,6,2,2022-01-05 09:28:32
1641374914922078000,19.0,5,19.0,4,19.05,6,2,2022-01-05 09:28:34
1641374922556307000,19.0,1,19.0,14,19.05,6,2,2022-01-05 09:28:42
1641374925693831000,19.0,1,19.0,14,19.05,6,2,2022-01-05 09:28:45
1641374926923263000,19.0,5,19.0,9,19.05,11,2,2022-01-05 09:28:46
1641374928347650000,19.0,1,19.0,8,19.05,11,2,2022-01-05 09:28:48
1641374928733609000,19.0,4,19.0,4,19.05,11,2,2022-01-05 09:28:48
1641374928747640000,19.05,1,19.0,4,19.05,10,1,2022-01-05 09:28:48
1641374933867634000,19.0,4,18.95,39,19.0,2,2,2022-01-05 09:28:53
1641374935197820000,19.0,2,19.0,3,19.05,10,1,2022-01-05 09:28:55
1641374940106036000,19.0,5,18.95,39,19.0,16,2,2022-01-05 09:29:00
1641374943239118000,18.95,2,18.95,37,19.0,16,2,2022-01-05 09:29:03
1641374943250331000,19.0,1,18.95,37,19.0,15,1,2022-01-05 09:29:03
1641374945345589000,18.95,5,18.95,33,19.0,16,2,2022-01-05 09:29:05
1641374953004873000,18.95,1,18.95,34,19.0,18,2,2022-01-05 09:29:13
1641374954528096000,18.95,2,18.95,32,19.0,18,2,2022-01-05 09:29:14
1641374958537996000,18.95,32,18.9,48,19.0,61,2,2022-01-05 09:29:18
1641374960225495000,18.95,1,18.9,48,19.0,61,1,2022-01-05 09:29:20
1641374965662911000,18.95,2,18.9,49,18.95,12,1,2022-01-05 09:29:25
1641374967348170000,18.95,1,18.9,49,18.95,19,1,2022-01-05 09:29:27
1641374969518354000,18.95,2,18.9,49,18.95,17,1,2022-01-05 09:29:29
1641374974479417000,18.95,1,18.9,54,18.95,16,1,2022-01-05 09:29:34
1641374975731063000,18.95,1,18.9,54,18.95,15,1,2022-01-05 09:29:35
1641374980674086000,18.9,30,18.9,22,18.95,19,2,2022-01-05 09:29:40
1641374982966268000,18.95,1,18.9,23,18.95,18,1,2022-01-05 09:29:42
1641374983059276000,18.95,3,18.9,23,18.95,15,1,2022-01-05 09:29:43
1641374983256317000,18.9,1,18.9,22,18.95,15,2,2022-01-05 09:29:43
1641374983864124000,18.95,5,18.9,22,18.95,10,1,2022-01-05 09:29:43
1641374985516932000,18.9,5,18.9,17,18.95,10,2,2022-01-05 09:29:45
