ts,close,volume,bid_price,bid_volume,ask_price,ask_volume,tick_type,datetime
1641373325123344000,96.5,460,96.5,7,96.6,20,1,2022-01-05 09:02:05
1641373325158071000,96.6,4,96.5,7,96.6,16,1,2022-01-05 09:02:05
1641373325178174000,96.5,1,96.5,6,96.6,16,2,2022-01-05 09:02:05
1641373325180398000,96.6,16,96.5,6,96.7,1,1,2022-01-05 09:02:05
1641373325270441000,96.5,2,96.5,4,96.7,1,2,2022-01-05 09:02:05
1641373325299266000,96.7,1,96.5,4,96.8,1,1,2022-01-05 09:02:05
1641373325511302000,96.5,1,96.5,3,96.8,1,2,2022-01-05 09:02:05
1641373325696425000,96.5,3,96.4,27,96.8,1,2,2022-01-05 09:02:05
1641373325696425000,96.4,2,96.4,27,96.8,1,2,2022-01-05 09:02:05
1641373326272401000,96.7,1,96.5,1,96.7,1,1,2022-01-05 09:02:06
1641373326278042000,96.5,1,96.4,7,96.7,1,2,2022-01-05 09:02:06
1641373326278042000,96.4,20,96.4,7,96.7,1,2,2022-01-05 09:02:06
1641373326279886000,96.4,7,96.3,24,96.7,1,2,2022-01-05 09:02:06
1641373326279886000,96.3,45,96.3,24,96.7,1,2,2022-01-05 09:02:06
1641373326289349000,96.3,10,96.3,14,96.7,1,2,2022-01-05 09:02:06
1641373326298291000,96.7,1,96.3,14,96.8,1,1,2022-01-05 09:02:06
1641373326832125000,96.6,1,96.3,16,96.6,5,1,2022-01-05 09:02:06
1641373327296462000,96.3,16,96.1,13,96.2,5,2,2022-01-05 09:02:07
1641373327296462000,96.2,10,96.1,13,96.2,5,2,2022-01-05 09:02:07
1641373327359040000,96.1,1,96.1,12,96.2,5,2,2022-01-05 09:02:07
1641373327397800000,96.1,1,96.1,11,96.2,5,2,2022-01-05 09:02:07
1641373327851860000,96.2,1,96.1,11,96.2,4,1,2022-01-05 09:02:07
1641373328557870000,96.2,3,96.1,11,96.2,1,1,2022-01-05 09:02:08
1641373328591727000,96.2,1,96.1,11,96.6,5,1,2022-01-05 09:02:08
1641373329036616000,96.5,1,96.2,1,96.6,5,1,2022-01-05 09:02:09
1641373329068740000,96.6,5,96.2,1,96.8,1,1,2022-01-05 09:02:09
1641373329068740000,96.7,3,96.2,1,96.8,1,1,2022-01-05 09:02:09
1641373329178654000,96.6,1,96.3,1,96.8,1,2,2022-01-05 09:02:09
1641373329479611000,96.4,1,96.3,1,96.4,19,1,2022-01-05 09:02:09
1641373329943762000,96.4,3,96.3,1,96.4,16,1,2022-01-05 09:02:09
1641373330344756000,96.3,1,96.2,2,96.4,16,2,2022-01-05 09:02:10
1641373330396123000,96.2,2,96.1,14,96.3,1,2,2022-01-05 09:02:10
1641373331005879000,96.1,14,96.0,33,96.3,4,2,2022-01-05 09:02:11
1641373331837395000,96.2,1,96.0,33,96.3,6,1,2022-01-05 09:02:11
1641373332311559000,96.3,1,96.0,33,96.3,5,1,2022-01-05 09:02:12
1641373332362793000,96.3,3,96.0,33,96.3,2,1,2022-01-05 09:02:12
1641373333467640000,96.2,1,96.0,32,96.3,2,1,2022-01-05 09:02:13
1641373333469735000,96.0,2,96.0,30,96.3,2,2,2022-01-05 09:02:13
1641373333530411000,96.3,1,96.0,30,96.3,1,1,2022-01-05 09:02:13
1641373333599855000,96.0,2,96.0,28,96.3,1,2,2022-01-05 09:02:13
1641373334230856000,96.2,1,96.1,1,96.4,18,1,2022-01-05 09:02:14
1641373334230856000,96.3,1,96.1,1,96.4,18,1,2022-01-05 09:02:14
1641373334230856000,96.4,1,96.1,1,96.4,18,1,2022-01-05 09:02:14
1641373334343686000,96.1,1,96.0,27,96.3,11,2,2022-01-05 09:02:14
1641373334343686000,96.0,1,96.0,27,96.3,11,2,2022-01-05 09:02:14
1641373334452210000,96.0,1,96.0,26,96.2,1,2,2022-01-05 09:02:14
1641373334790079000,96.2,1,96.0,26,96.3,11,1,2022-01-05 09:02:14
1641373335301057000,96.0,2,96.0,24,96.3,11,2,2022-01-05 09:02:15
1641373335637101000,96.2,1,96.0,24,96.2,1,1,2022-01-05 09:02:15
1641373335937847000,96.0,5,96.0,19,96.2,1,2,2022-01-05 09:02:15
1641373335971523000,96.0,3,96.0,16,96.2,1,2,2022-01-05 09:02:15
1641373335972387000,96.0,3,96.0,13,96.2,1,2,2022-01-05 09:02:15
1641373336002277000,96.0,2,96.0,11,96.1,1,2,2022-01-05 09:02:16
1641373336034132000,96.0,11,95.9,1,96.1,3,2,2022-01-05 09:02:16
1641373336101799000,95.9,1,95.8,3,96.1,3,2,2022-01-05 09:02:16
1641373336262808000,96.1,1,95.8,4,96.1,3,1,2022-01-05 09:02:16
1641373337003972000,95.8,4,95.6,2,96.0,13,2,2022-01-05 09:02:17
1641373337003972000,95.7,1,95.6,2,96.0,13,2,2022-01-05 09:02:17
1641373337003972000,95.6,1,95.6,2,96.0,13,2,2022-01-05 09:02:17
1641373337446262000,95.9,1,95.6,2,96.0,13,1,2022-01-05 09:02:17
1641373337536035000,96.0,1,95.6,2,96.0,12,1,2022-01-05 09:02:17
1641373337632054000,95.8,1,95.6,2,95.8,9,1,2022-01-05 09:02:17
1641373337660315000,95.8,6,95.6,2,95.8,3,1,2022-01-05 09:02:17
1641373337694966000,95.8,3,95.6,2,96.0,12,1,2022-01-05 09:02:17
1641373337911681000,95.7,1,95.6,2,96.0,11,1,2022-01-05 09:02:17
1641373337911681000,96.0,1,95.6,2,96.0,11,1,2022-01-05 09:02:17
1641373338026547000,96.0,1,95.6,2,96.0,10,1,2022-01-05 09:02:18
1641373338085262000,95.6,2,95.5,25,95.6,8,2,2022-01-05 09:02:18
1641373338517947000,95.6,1,95.5,25,95.6,7,1,2022-01-05 09:02:18
1641373338544640000,95.6,3,95.5,25,95.6,4,1,2022-01-05 09:02:18
1641373338549257000,95.5,1,95.5,24,95.6,4,2,2022-01-05 09:02:18
1641373338577003000,95.6,3,95.5,24,95.6,1,1,2022-01-05 09:02:18
1641373338577021000,95.6,1,95.5,24,95.7,1,1,2022-01-05 09:02:18
1641373338852173000,95.5,2,95.5,22,95.7,1,2,2022-01-05 09:02:18
1641373338936911000,95.7,1,95.5,22,95.9,10,1,2022-01-05 09:02:18
1641373339030324000,95.5,1,95.5,21,95.9,10,2,2022-01-05 09:02:19
1641373339087275000,95.5,2,95.5,19,95.9,10,2,2022-01-05 09:02:19
1641373339167536000,95.5,1,95.5,18,95.9,10,2,2022-01-05 09:02:19
1641373339384441000,95.9,1,95.5,18,95.9,9,1,2022-01-05 09:02:19
1641373340150523000,95.9,8,95.5,18,95.9,1,1,2022-01-05 09:02:20
1641373340299531000,95.9,1,95.5,18,96.0,9,1,2022-01-05 09:02:20
1641373340299531000,96.0,1,95.5,18,96.0,9,1,2022-01-05 09:02:20
1641373340381198000,95.6,1,95.5,18,95.9,1,2,2022-01-05 09:02:20
1641373340724095000,95.9,6,95.5,18,96.0,7,1,2022-01-05 09:02:20
1641373340724095000,96.0,2,95.5,18,96.0,7,1,2022-01-05 09:02:20
1641373340809082000,96.0,1,95.6,5,96.0,6,1,2022-01-05 09:02:20
1641373340840403000,95.6,2,95.6,3,96.0,6,2,2022-01-05 09:02:20
1641373340859712000,95.6,1,95.6,2,96.0,6,2,2022-01-05 09:02:20
1641373340864604000,95.6,2,95.5,5,96.0,6,2,2022-01-05 09:02:20
1641373340864604000,95.5,3,95.5,5,96.0,6,2,2022-01-05 09:02:20
1641373342566810000,95.8,1,95.6,1,95.8,4,1,2022-01-05 09:02:22
1641373342863251000,95.6,1,95.5,5,95.8,4,2,2022-01-05 09:02:22
1641373344037778000,95.5,1,95.5,6,95.7,5,2,2022-01-05 09:02:24
1641373344149675000,95.7,1,95.5,6,95.7,4,1,2022-01-05 09:02:24
1641373344195895000,95.5,1,95.5,5,95.6,1,2,2022-01-05 09:02:24
1641373344211568000,95.6,1,95.5,4,95.7,4,1,2022-01-05 09:02:24
1641373344249777000,95.5,1,95.5,3,95.7,4,2,2022-01-05 09:02:24
1641373344439450000,95.7,2,95.5,3,95.7,2,1,2022-01-05 09:02:24
1641373344660406000,95.5,1,95.5,3,95.7,2,2,2022-01-05 09:02:24
1641373344866576000,95.6,1,95.5,3,95.7,2,1,2022-01-05 09:02:24
1641373344894385000,95.7,1,95.5,3,95.7,1,1,2022-01-05 09:02:24
1641373345043501000,95.7,1,95.5,3,95.8,2,1,2022-01-05 09:02:25
1641373345043501000,95.8,2,95.5,3,95.8,2,1,2022-01-05 09:02:25
1641373345667780000,95.7,1,95.6,1,95.8,3,2,2022-01-05 09:02:25
1641373347544217000,95.6,1,95.6,1,95.8,9,2,2022-01-05 09:02:27
1641373348566786000,95.6,1,95.5,27,95.6,3,2,2022-01-05 09:02:28
1641373349352167000,95.6,1,95.5,27,95.6,2,1,2022-01-05 09:02:29
1641373349384067000,95.6,1,95.5,28,95.6,1,1,2022-01-05 09:02:29
1641373349422619000,95.5,1,95.5,27,95.6,1,2,2022-01-05 09:02:29
1641373349445546000,95.6,1,95.6,3,95.8,15,1,2022-01-05 09:02:29
1641373351392928000,95.7,1,95.6,11,95.7,1,1,2022-01-05 09:02:31
1641373351723619000,95.7,1,95.6,11,95.8,17,1,2022-01-05 09:02:31
1641373352258260000,95.6,1,95.6,11,95.8,17,2,2022-01-05 09:02:32
1641373352288093000,95.8,17,95.6,11,95.9,4,1,2022-01-05 09:02:32
1641373352288093000,95.9,3,95.6,11,95.9,4,1,2022-01-05 09:02:32
1641373352317788000,95.7,1,95.6,12,95.9,4,1,2022-01-05 09:02:32
1641373352617357000,95.7,1,95.7,2,95.8,3,2,2022-01-05 09:02:32
1641373352620465000,95.7,2,95.6,12,95.8,3,2,2022-01-05 09:02:32
1641373352770674000,95.6,1,95.6,11,95.7,1,2,2022-01-05 09:02:32
1641373352961663000,95.6,1,95.6,10,95.7,1,2,2022-01-05 09:02:32
1641373353398811000,95.7,1,95.6,11,95.9,3,1,2022-01-05 09:02:33
1641373353398811000,95.8,3,95.6,11,95.9,3,1,2022-01-05 09:02:33
1641373353398811000,95.9,1,95.6,11,95.9,3,1,2022-01-05 09:02:33
1641373353876210000,95.7,1,95.6,11,95.8,1,1,2022-01-05 09:02:33
1641373355191343000,95.8,1,95.7,4,95.9,4,1,2022-01-05 09:02:35
1641373355506401000,95.8,1,95.7,4,95.9,4,1,2022-01-05 09:02:35
1641373355561626000,95.7,1,95.7,3,95.9,4,2,2022-01-05 09:02:35
1641373355706796000,95.7,3,95.6,18,95.9,4,2,2022-01-05 09:02:35
1641373355706796000,95.6,2,95.6,18,95.9,4,2,2022-01-05 09:02:35
1641373356354462000,95.7,1,95.6,19,95.7,1,1,2022-01-05 09:02:36
1641373356386708000,95.7,1,95.6,19,95.9,6,1,2022-01-05 09:02:36
1641373356780037000,95.7,2,95.7,8,95.9,6,2,2022-01-05 09:02:36
1641373358132601000,95.7,5,95.7,3,95.9,17,2,2022-01-05 09:02:38
1641373358228667000,95.8,1,95.7,3,95.9,17,2,2022-01-05 09:02:38
1641373359836714000,95.7,5,95.6,18,95.8,2,2,2022-01-05 09:02:39
1641373359836714000,95.6,5,95.6,18,95.8,2,2,2022-01-05 09:02:39
1641373361028929000,95.8,1,95.7,5,95.9,18,2,2022-01-05 09:02:41
1641373361082085000,95.7,1,95.7,4,95.9,18,2,2022-01-05 09:02:41
1641373361362927000,95.9,1,95.7,4,95.9,17,1,2022-01-05 09:02:41
1641373361574620000,95.8,2,95.7,5,95.9,13,1,2022-01-05 09:02:41
1641373361574620000,95.9,4,95.7,5,95.9,13,1,2022-01-05 09:02:41
1641373362373814000,95.7,1,95.7,4,95.8,1,2,2022-01-05 09:02:42
1641373362416549000,95.7,4,95.6,2,95.8,1,2,2022-01-05 09:02:42
1641373362416549000,95.6,16,95.6,2,95.8,1,2,2022-01-05 09:02:42
1641373362610320000,95.8,1,95.6,4,95.8,10,1,2022-01-05 09:02:42
1641373362738917000,95.7,1,95.6,4,95.8,10,1,2022-01-05 09:02:42
1641373362875678000,95.6,1,95.6,3,95.8,10,2,2022-01-05 09:02:42
1641373363717898000,95.7,1,95.6,3,95.7,9,1,2022-01-05 09:02:43
1641373363744580000,95.7,1,95.6,3,95.7,8,1,2022-01-05 09:02:43
1641373363763431000,95.6,2,95.5,34,95.7,8,2,2022-01-05 09:02:43
1641373363763431000,95.5,8,95.5,34,95.7,8,2,2022-01-05 09:02:43
1641373364266547000,95.7,1,95.5,34,95.7,7,1,2022-01-05 09:02:44
1641373364566714000,95.7,1,95.5,34,95.7,6,1,2022-01-05 09:02:44
1641373364707807000,95.5,4,95.5,30,95.6,2,2,2022-01-05 09:02:44
1641373364763234000,95.5,10,95.5,20,95.6,2,2,2022-01-05 09:02:44
1641373364796869000,95.5,1,95.5,19,95.6,2,2,2022-01-05 09:02:44
1641373364802299000,95.5,1,95.5,18,95.6,2,2,2022-01-05 09:02:44
1641373365126419000,95.5,2,95.5,17,95.6,2,2,2022-01-05 09:02:45
1641373365171287000,95.5,10,95.5,7,95.6,2,2,2022-01-05 09:02:45
1641373365204293000,95.5,1,95.5,6,95.6,2,2,2022-01-05 09:02:45
1641373365691671000,95.5,1,95.5,5,95.6,2,2,2022-01-05 09:02:45
1641373365737435000,95.6,1,95.5,5,95.6,1,1,2022-01-05 09:02:45
1641373365918292000,95.5,7,95.4,6,95.5,3,2,2022-01-05 09:02:45
1641373365946357000,95.5,3,95.4,6,95.6,1,1,2022-01-05 09:02:45
1641373365992487000,95.6,1,95.4,6,95.7,2,1,2022-01-05 09:02:45
1641373365992487000,95.7,4,95.4,6,95.7,2,1,2022-01-05 09:02:45
1641373366184982000,95.5,1,95.4,6,95.5,1,1,2022-01-05 09:02:46
1641373366222483000,95.5,1,95.4,6,95.7,2,1,2022-01-05 09:02:46
1641373366349754000,95.4,3,95.4,3,95.7,2,2,2022-01-05 09:02:46
1641373366528571000,95.7,2,95.4,3,95.8,11,1,2022-01-05 09:02:46
1641373366944067000,95.4,1,95.4,2,95.5,3,2,2022-01-05 09:02:46
1641373367098937000,95.5,1,95.4,2,95.5,2,1,2022-01-05 09:02:47
1641373367290249000,95.5,2,95.7,3,95.8,11,1,2022-01-05 09:02:47
1641373367353376000,95.7,1,95.7,2,95.8,11,2,2022-01-05 09:02:47
1641373367513419000,95.7,2,95.3,13,95.8,16,2,2022-01-05 09:02:47
1641373368355785000,95.6,1,95.5,2,95.6,1,1,2022-01-05 09:02:48
1641373368662300000,95.5,2,95.3,9,95.6,1,2,2022-01-05 09:02:48
1641373368662300000,95.3,4,95.3,9,95.6,1,2,2022-01-05 09:02:48
1641373368731805000,95.3,1,95.3,8,95.5,2,2,2022-01-05 09:02:48
1641373368733053000,95.3,2,95.3,6,95.5,2,2,2022-01-05 09:02:48
1641373369323432000,95.5,1,95.3,7,95.5,1,1,2022-01-05 09:02:49
1641373369366319000,95.5,1,95.3,7,95.6,12,1,2022-01-05 09:02:49
1641373371152594000,95.4,1,95.3,7,95.5,4,2,2022-01-05 09:02:51
1641373371468598000,95.5,3,95.3,7,95.5,1,1,2022-01-05 09:02:51
1641373371501737000,95.5,1,95.3,7,95.6,11,1,2022-01-05 09:02:51
1641373372435319000,95.5,1,95.4,1,95.6,7,1,2022-01-05 09:02:52
1641373372435319000,95.6,4,95.4,1,95.6,7,1,2022-01-05 09:02:52
1641373372790459000,95.5,1,95.5,29,95.6,7,1,2022-01-05 09:02:52
1641373372885063000,95.6,1,95.5,29,95.6,6,1,2022-01-05 09:02:52
1641373373201249000,95.5,1,95.5,29,95.6,7,2,2022-01-05 09:02:53
1641373374409762000,95.5,1,95.5,28,95.6,7,2,2022-01-05 09:02:54
1641373374686549000,95.5,5,95.5,23,95.6,7,2,2022-01-05 09:02:54
1641373374794655000,95.5,5,95.5,18,95.6,7,2,2022-01-05 09:02:54
1641373374802041000,95.6,1,95.5,18,95.6,6,1,2022-01-05 09:02:54
1641373375268011000,95.6,5,95.5,19,95.6,1,1,2022-01-05 09:02:55
1641373375295201000,95.6,1,95.5,19,95.7,6,1,2022-01-05 09:02:55
1641373376886576000,95.6,1,95.5,20,95.7,6,2,2022-01-05 09:02:56
1641373377153961000,95.5,3,95.5,17,95.6,1,2,2022-01-05 09:02:57
1641373377223523000,95.5,1,95.5,16,95.6,1,2,2022-01-05 09:02:57
1641373377671932000,95.6,1,95.5,15,95.7,6,1,2022-01-05 09:02:57
1641373377781024000,95.7,1,95.5,15,95.7,5,1,2022-01-05 09:02:57
1641373378638865000,95.6,1,95.5,14,95.7,15,2,2022-01-05 09:02:58
1641373378638865000,95.5,1,95.5,14,95.7,15,2,2022-01-05 09:02:58
1641373379582323000,95.5,1,95.5,13,95.7,15,2,2022-01-05 09:02:59
1641373380316543000,95.6,2,95.5,13,95.7,16,1,2022-01-05 09:03:00
1641373380379813000,95.7,3,95.6,2,95.7,13,1,2022-01-05 09:03:00
1641373380675429000,95.7,1,95.6,2,95.7,15,1,2022-01-05 09:03:00
1641373380798434000,95.6,2,95.5,7,95.7,15,2,2022-01-05 09:03:00
1641373380798434000,95.5,6,95.5,7,95.7,15,2,2022-01-05 09:03:00
1641373380832628000,95.5,3,95.5,5,95.7,15,2,2022-01-05 09:03:00
1641373381027104000,95.5,2,95.5,3,95.7,15,2,2022-01-05 09:03:01
1641373381059600000,95.5,2,95.5,1,95.7,15,2,2022-01-05 09:03:01
1641373381171632000,95.5,1,95.2,15,95.7,15,2,2022-01-05 09:03:01
1641373381171632000,95.4,7,95.2,15,95.7,15,2,2022-01-05 09:03:01
1641373381171632000,95.3,12,95.2,15,95.7,15,2,2022-01-05 09:03:01
1641373381199160000,95.3,1,95.2,15,95.7,15,1,2022-01-05 09:03:01
1641373381385418000,95.5,1,95.3,1,95.6,3,2,2022-01-05 09:03:01
1641373381476264000,95.3,1,95.2,15,95.6,4,2,2022-01-05 09:03:01
1641373381589839000,95.5,1,95.2,15,95.6,4,2,2022-01-05 09:03:01
1641373382002030000,95.2,1,95.2,14,95.6,9,2,2022-01-05 09:03:02
1641373382088308000,95.5,5,95.2,14,95.5,3,1,2022-01-05 09:03:02
1641373382867120000,95.3,1,95.2,14,95.5,3,1,2022-01-05 09:03:02
1641373383447476000,95.4,1,95.2,14,95.5,5,2,2022-01-05 09:03:03
1641373383520935000,95.2,2,95.2,12,95.5,5,2,2022-01-05 09:03:03
1641373384079949000,95.2,1,95.2,11,95.5,5,2,2022-01-05 09:03:04
1641373384624126000,95.2,10,95.2,1,95.5,6,2,2022-01-05 09:03:04
1641373384657962000,95.2,1,95.1,110,95.5,6,2,2022-01-05 09:03:04
1641373384848918000,95.5,1,95.1,110,95.5,5,1,2022-01-05 09:03:04
1641373384965700000,95.1,1,95.1,109,95.5,6,2,2022-01-05 09:03:04
1641373385026718000,95.1,2,95.1,107,95.5,6,2,2022-01-05 09:03:05
1641373385040290000,95.1,1,95.1,106,95.5,6,2,2022-01-05 09:03:05
1641373385160225000,95.5,6,95.1,106,95.6,13,1,2022-01-05 09:03:05
1641373385160225000,95.6,4,95.1,106,95.6,13,1,2022-01-05 09:03:05
1641373385383051000,95.1,6,95.1,100,95.6,13,2,2022-01-05 09:03:05
1641373385485704000,95.2,1,95.1,100,95.5,1,2,2022-01-05 09:03:05
1641373385816009000,95.5,5,95.1,100,95.5,1,1,2022-01-05 09:03:05
1641373385892100000,95.2,1,95.2,3,95.5,1,2,2022-01-05 09:03:05
1641373386248128000,95.2,3,95.1,103,95.2,2,2,2022-01-05 09:03:06
1641373386254250000,95.2,2,95.2,8,95.5,8,1,2022-01-05 09:03:06
1641373386275866000,95.2,1,95.2,8,95.5,8,2,2022-01-05 09:03:06
1641373386424720000,95.4,1,95.2,9,95.4,9,2,2022-01-05 09:03:06
1641373386644353000,95.2,2,95.2,7,95.4,9,2,2022-01-05 09:03:06
1641373386723842000,95.2,1,95.2,6,95.4,9,2,2022-01-05 09:03:06
1641373386913085000,95.3,3,95.3,7,95.4,10,2,2022-01-05 09:03:06
1641373387954202000,95.3,1,95.3,7,95.4,11,2,2022-01-05 09:03:07
1641373388256831000,95.3,2,95.3,5,95.4,11,2,2022-01-05 09:03:08
1641373389124263000,95.3,5,95.2,7,95.4,11,2,2022-01-05 09:03:09
1641373389151488000,95.2,1,95.2,6,95.4,11,2,2022-01-05 09:03:09
1641373389374997000,95.3,1,95.2,6,95.4,11,2,2022-01-05 09:03:09
1641373389562907000,95.2,1,95.2,5,95.4,11,2,2022-01-05 09:03:09
1641373390995500000,95.2,1,95.2,7,95.4,11,2,2022-01-05 09:03:10
1641373391106166000,95.2,5,95.2,2,95.4,11,2,2022-01-05 09:03:11
1641373391961412000,95.2,3,95.1,104,95.4,16,2,2022-01-05 09:03:11
1641373391961412000,95.1,2,95.1,104,95.4,16,2,2022-01-05 09:03:11
1641373392059377000,95.4,3,95.1,104,95.4,13,1,2022-01-05 09:03:12
1641373392122346000,95.4,1,95.1,104,95.4,12,1,2022-01-05 09:03:12
1641373392320962000,95.1,1,95.1,103,95.4,11,2,2022-01-05 09:03:12
1641373393199445000,95.1,1,95.1,103,95.3,1,2,2022-01-05 09:03:13
1641373393514926000,95.1,1,95.1,102,95.3,1,2,2022-01-05 09:03:13
1641373393545905000,95.3,1,95.1,102,95.4,11,1,2022-01-05 09:03:13
1641373394490509000,95.1,3,95.1,100,95.2,1,2,2022-01-05 09:03:14
1641373395410577000,95.1,1,95.1,99,95.2,2,2,2022-01-05 09:03:15
1641373396076139000,95.1,1,95.1,99,95.2,2,2,2022-01-05 09:03:16
1641373396925424000,95.1,1,95.1,99,95.2,3,2,2022-01-05 09:03:16
1641373396997764000,95.1,1,95.1,98,95.2,3,2,2022-01-05 09:03:16
1641373397180611000,95.1,10,95.1,88,95.2,3,2,2022-01-05 09:03:17
1641373397215072000,95.1,2,95.1,86,95.2,3,2,2022-01-05 09:03:17
1641373397252930000,95.1,32,95.1,54,95.2,3,2,2022-01-05 09:03:17
1641373397290879000,95.1,1,95.1,53,95.2,3,2,2022-01-05 09:03:17
1641373397386284000,95.1,1,95.1,52,95.2,3,2,2022-01-05 09:03:17
1641373397567265000,95.2,2,95.1,52,95.2,1,1,2022-01-05 09:03:17
1641373397698178000,95.1,1,95.1,51,95.2,1,2,2022-01-05 09:03:17
1641373397789733000,95.1,1,95.1,50,95.2,1,2,2022-01-05 09:03:17
1641373397857466000,95.1,2,95.1,48,95.2,1,2,2022-01-05 09:03:17
1641373398047437000,95.1,1,95.1,47,95.2,1,2,2022-01-05 09:03:18
1641373398084830000,95.1,2,95.1,45,95.2,1,2,2022-01-05 09:03:18
1641373398249340000,95.1,1,95.1,44,95.2,1,2,2022-01-05 09:03:18
1641373398294573000,95.1,1,95.1,43,95.2,1,2,2022-01-05 09:03:18
1641373398295703000,95.1,1,95.1,42,95.2,1,2,2022-01-05 09:03:18
1641373398445662000,95.1,5,95.1,37,95.2,1,2,2022-01-05 09:03:18
1641373398708443000,95.1,1,95.1,36,95.2,3,2,2022-01-05 09:03:18
1641373398732263000,95.1,1,95.1,35,95.2,3,2,2022-01-05 09:03:18
1641373398739568000,95.1,30,95.1,5,95.2,3,2,2022-01-05 09:03:18
1641373398770556000,95.1,5,95.1,1,95.2,3,2,2022-01-05 09:03:18
1641373398770805000,95.1,1,95.0,13,95.2,3,2,2022-01-05 09:03:18
1641373399815534000,95.0,2,95.0,11,95.1,55,2,2022-01-05 09:03:19
1641373399912180000,95.0,1,95.0,10,95.1,22,2,2022-01-05 09:03:19
1641373399952314000,95.0,10,94.9,2,95.1,22,2,2022-01-05 09:03:19
1641373399968322000,94.9,2,94.8,3,95.1,22,2,2022-01-05 09:03:19
1641373400003285000,95.1,1,94.9,1,95.1,21,1,2022-01-05 09:03:20
1641373400087719000,94.9,1,94.8,3,95.1,21,2,2022-01-05 09:03:20
1641373400172190000,94.8,2,94.8,1,95.1,21,2,2022-01-05 09:03:20
1641373400183780000,94.8,1,94.7,9,95.1,21,2,2022-01-05 09:03:20
1641373400183780000,94.7,1,94.7,9,95.1,21,2,2022-01-05 09:03:20
1641373400211668000,95.1,6,94.7,9,95.1,15,1,2022-01-05 09:03:20
1641373400249623000,94.9,1,94.7,9,95.1,15,1,2022-01-05 09:03:20
1641373400699745000,94.7,1,94.7,8,95.0,50,2,2022-01-05 09:03:20
1641373401057884000,95.0,1,94.7,8,95.1,46,1,2022-01-05 09:03:21
1641373401321901000,95.1,1,94.7,8,95.1,45,1,2022-01-05 09:03:21
1641373401784050000,94.7,1,94.7,7,95.1,45,2,2022-01-05 09:03:21
1641373402843299000,94.7,1,94.7,16,95.1,45,2,2022-01-05 09:03:22
1641373404674101000,94.7,1,94.7,15,95.0,11,2,2022-01-05 09:03:24
1641373404850721000,94.7,1,94.7,14,94.9,1,2,2022-01-05 09:03:24
1641373405278080000,94.9,1,94.8,10,95.0,2,1,2022-01-05 09:03:25
1641373405278080000,95.0,9,94.8,10,95.0,2,1,2022-01-05 09:03:25
1641373405324958000,95.0,2,94.8,11,95.1,45,1,2022-01-05 09:03:25
1641373406240149000,95.0,1,94.8,19,95.1,46,1,2022-01-05 09:03:26
1641373407228881000,94.8,1,94.8,18,95.0,3,2,2022-01-05 09:03:27
1641373407378760000,94.8,1,94.8,17,95.0,6,2,2022-01-05 09:03:27
1641373408090848000,94.8,2,94.8,15,95.0,6,2,2022-01-05 09:03:28
1641373408354582000,94.8,2,94.8,13,95.0,6,2,2022-01-05 09:03:28
1641373409376881000,94.8,2,94.8,10,94.9,2,2,2022-01-05 09:03:29
1641373409537437000,94.8,8,94.8,2,94.9,2,2,2022-01-05 09:03:29
1641373409575895000,94.8,2,94.7,18,94.9,2,2,2022-01-05 09:03:29
1641373411069149000,94.8,1,94.7,18,94.9,2,2,2022-01-05 09:03:31
1641373411439704000,94.8,1,94.7,17,94.9,2,2,2022-01-05 09:03:31
1641373411439704000,94.7,1,94.7,17,94.9,2,2,2022-01-05 09:03:31
1641373412714089000,94.8,1,94.7,17,94.8,9,2,2022-01-05 09:03:32
1641373413403998000,94.7,5,94.7,12,94.8,9,2,2022-01-05 09:03:33
1641373413457357000,94.7,1,94.7,11,94.8,9,2,2022-01-05 09:03:33
1641373413975259000,94.7,11,94.6,18,94.7,3,2,2022-01-05 09:03:33
1641373414300112000,94.6,2,94.6,16,94.7,3,2,2022-01-05 09:03:34
1641373415758283000,94.7,1,94.6,16,94.7,3,1,2022-01-05 09:03:35
1641373416175433000,94.6,1,94.6,15,94.7,3,2,2022-01-05 09:03:36
1641373416229832000,94.7,1,94.6,15,94.7,2,1,2022-01-05 09:03:36
1641373417011769000,94.6,2,94.6,13,94.7,3,2,2022-01-05 09:03:37
1641373417045031000,94.6,4,94.6,9,94.7,3,2,2022-01-05 09:03:37
1641373417241330000,94.6,1,94.6,8,94.7,3,2,2022-01-05 09:03:37
1641373417272637000,94.6,8,94.5,6,94.7,3,2,2022-01-05 09:03:37
1641373418542571000,94.5,1,94.5,6,94.7,4,2,2022-01-05 09:03:38
1641373418582903000,94.5,1,94.5,5,94.7,4,2,2022-01-05 09:03:38
1641373418584228000,94.5,4,94.5,1,94.7,4,2,2022-01-05 09:03:38
1641373420090962000,94.6,2,94.6,3,94.7,5,1,2022-01-05 09:03:40
1641373420226971000,94.6,1,94.6,2,94.7,5,2,2022-01-05 09:03:40
1641373420351696000,94.6,1,94.6,1,94.7,5,2,2022-01-05 09:03:40
1641373420408034000,94.6,1,94.2,2,94.7,5,2,2022-01-05 09:03:40
1641373420408034000,94.4,2,94.2,2,94.7,5,2,2022-01-05 09:03:40
1641373420730493000,94.3,1,94.3,1,94.6,2,2,2022-01-05 09:03:40
1641373423591780000,94.3,1,94.2,3,94.5,1,2,2022-01-05 09:03:43
1641373424511071000,94.2,1,94.2,3,94.3,1,2,2022-01-05 09:03:44
1641373425594138000,94.2,2,94.2,1,94.3,3,2,2022-01-05 09:03:45
1641373426651188000,94.1,4,94.0,11,94.3,3,2,2022-01-05 09:03:46
1641373426651188000,94.0,6,94.0,11,94.3,3,2,2022-01-05 09:03:46
1641373426772266000,94.0,1,94.0,10,94.3,3,2,2022-01-05 09:03:46
1641373426831466000,94.3,1,94.0,10,94.3,2,1,2022-01-05 09:03:46
1641373427282411000,94.0,2,94.0,8,94.3,7,2,2022-01-05 09:03:47
1641373427302527000,94.3,1,94.0,8,94.3,6,1,2022-01-05 09:03:47
1641373427645119000,94.0,1,94.0,7,94.3,6,2,2022-01-05 09:03:47
1641373427780401000,94.0,1,94.0,6,94.3,6,2,2022-01-05 09:03:47
1641373428625686000,94.0,2,94.0,4,94.3,8,2,2022-01-05 09:03:48
1641373429299377000,94.0,1,94.0,3,94.3,8,2,2022-01-05 09:03:49
1641373429433386000,94.0,1,94.0,2,94.3,8,2,2022-01-05 09:03:49
1641373429547315000,94.0,2,93.8,7,94.3,8,2,2022-01-05 09:03:49
1641373430333949000,93.8,1,93.8,6,94.2,5,2,2022-01-05 09:03:50
1641373430780019000,94.0,1,93.8,7,94.0,2,1,2022-01-05 09:03:50
1641373431036724000,94.0,1,93.8,7,94.0,2,1,2022-01-05 09:03:51
1641373431056130000,93.8,1,93.8,6,94.0,2,2,2022-01-05 09:03:51
1641373431820681000,93.8,5,93.8,1,94.0,13,2,2022-01-05 09:03:51
1641373433376957000,93.6,2,93.6,3,94.0,13,2,2022-01-05 09:03:53
1641373435101450000,93.6,1,93.6,2,93.8,4,2,2022-01-05 09:03:55
1641373435219748000,93.6,1,93.6,1,93.8,4,2,2022-01-05 09:03:55
1641373435246847000,93.6,1,93.5,1,93.8,4,2,2022-01-05 09:03:55
1641373437434421000,93.6,1,93.5,1,93.8,16,1,2022-01-05 09:03:57
1641373437434421000,93.7,1,93.5,1,93.8,16,1,2022-01-05 09:03:57
1641373437813302000,93.5,1,93.5,1,93.8,16,2,2022-01-05 09:03:57
1641373438520530000,93.8,5,93.6,1,93.8,11,1,2022-01-05 09:03:58
1641373438650487000,93.6,1,93.5,1,93.8,11,2,2022-01-05 09:03:58
1641373438864805000,93.4,1,93.1,2,93.8,11,2,2022-01-05 09:03:58
1641373438864805000,93.3,2,93.1,2,93.8,11,2,2022-01-05 09:03:58
1641373438864805000,93.2,2,93.1,2,93.8,11,2,2022-01-05 09:03:58
1641373439844120000,93.8,3,93.6,2,93.8,8,1,2022-01-05 09:03:59
1641373439867608000,93.8,8,93.6,2,94.0,16,1,2022-01-05 09:03:59
1641373440714179000,93.9,1,93.6,7,94.0,16,1,2022-01-05 09:04:00
1641373441914025000,93.8,1,93.6,7,94.0,17,1,2022-01-05 09:04:01
1641373442401929000,93.8,1,93.7,1,94.0,17,2,2022-01-05 09:04:02
1641373442754889000,93.9,1,93.7,3,94.0,17,1,2022-01-05 09:04:02
1641373443814285000,94.0,1,93.7,3,94.0,16,1,2022-01-05 09:04:03
1641373443842988000,94.0,3,93.7,3,94.0,13,1,2022-01-05 09:04:03
1641373443874735000,94.0,11,93.7,3,94.0,2,1,2022-01-05 09:04:03
1641373443908451000,94.0,1,93.7,3,94.0,1,1,2022-01-05 09:04:03
1641373443942468000,94.0,1,93.7,3,94.2,25,1,2022-01-05 09:04:03
1641373444630773000,94.0,1,93.8,3,94.2,25,1,2022-01-05 09:04:04
1641373444776905000,93.8,2,93.8,1,94.2,25,2,2022-01-05 09:04:04
1641373444897518000,93.8,1,93.8,1,94.2,25,2,2022-01-05 09:04:04
1641373444925549000,93.8,1,93.7,3,94.2,25,2,2022-01-05 09:04:04
1641373447323279000,93.9,1,93.7,3,93.9,5,1,2022-01-05 09:04:07
1641373448224399000,93.9,1,93.8,1,93.9,4,1,2022-01-05 09:04:08
1641373448265295000,93.9,4,93.8,1,94.0,12,1,2022-01-05 09:04:08
1641373448829414000,93.9,1,93.8,3,94.0,12,1,2022-01-05 09:04:08
1641373449392835000,93.8,2,93.8,1,94.0,12,2,2022-01-05 09:04:09
1641373450329587000,93.9,2,93.7,5,93.8,3,2,2022-01-05 09:04:10
1641373450329587000,93.8,1,93.7,5,93.8,3,2,2022-01-05 09:04:10
1641373450360989000,93.8,3,93.7,5,94.0,12,1,2022-01-05 09:04:10
1641373450429760000,93.7,1,93.7,4,94.0,12,2,2022-01-05 09:04:10
1641373451424419000,93.7,1,93.7,1,94.0,12,2,2022-01-05 09:04:11
1641373452361065000,93.9,1,93.7,1,93.8,2,2,2022-01-05 09:04:12
1641373453379373000,93.8,2,93.7,1,94.0,2,1,2022-01-05 09:04:13
1641373453379373000,94.0,11,93.7,1,94.0,2,1,2022-01-05 09:04:13
1641373453489309000,93.7,1,93.6,5,94.0,3,2,2022-01-05 09:04:13
1641373453863624000,94.0,3,93.8,5,94.2,25,1,2022-01-05 09:04:13
1641373457010373000,94.1,1,93.9,5,94.2,24,1,2022-01-05 09:04:17
1641373457010373000,94.2,1,93.9,5,94.2,24,1,2022-01-05 09:04:17
1641373457249506000,94.0,1,93.9,5,94.2,24,1,2022-01-05 09:04:17
1641373457337259000,93.9,1,93.9,4,94.2,24,2,2022-01-05 09:04:17
1641373457612980000,93.9,1,93.9,3,94.2,24,2,2022-01-05 09:04:17
1641373458061895000,93.9,1,93.9,2,94.0,2,2,2022-01-05 09:04:18
1641373458582360000,94.0,1,93.9,2,94.0,1,1,2022-01-05 09:04:18
1641373459223533000,94.0,1,93.9,2,94.2,24,1,2022-01-05 09:04:19
1641373463649163000,94.1,1,94.0,1,94.2,24,2,2022-01-05 09:04:23
1641373464250332000,94.2,1,94.0,2,94.2,23,1,2022-01-05 09:04:24
1641373464617688000,94.0,1,94.0,2,94.1,4,2,2022-01-05 09:04:24
1641373465321881000,94.1,1,94.0,3,94.1,4,1,2022-01-05 09:04:25
1641373465402471000,94.0,2,93.9,6,94.1,4,2,2022-01-05 09:04:25
1641373466113577000,93.9,1,93.9,5,94.0,1,2,2022-01-05 09:04:26
1641373466582944000,94.0,1,93.9,5,94.0,1,1,2022-01-05 09:04:26
1641373466805617000,94.0,1,93.9,5,94.1,4,1,2022-01-05 09:04:26
1641373469064884000,94.1,1,94.0,1,94.1,3,1,2022-01-05 09:04:29
1641373469093277000,94.1,3,94.0,1,94.2,3,1,2022-01-05 09:04:29
1641373469242672000,94.0,1,93.9,10,94.2,3,2,2022-01-05 09:04:29
1641373469474652000,94.1,1,93.9,10,94.1,19,1,2022-01-05 09:04:29
1641373469809723000,94.1,1,93.9,5,94.1,18,1,2022-01-05 09:04:29
1641373471497222000,94.0,1,93.9,5,94.0,3,1,2022-01-05 09:04:31
1641373471826264000,94.0,3,93.9,5,94.1,16,1,2022-01-05 09:04:31
1641373471826264000,94.1,2,93.9,5,94.1,16,1,2022-01-05 09:04:31
1641373471888083000,94.0,1,93.9,5,94.1,16,1,2022-01-05 09:04:31
1641373473084504000,94.0,1,93.9,5,94.0,1,1,2022-01-05 09:04:33
1641373473149416000,94.0,1,93.9,5,94.1,16,1,2022-01-05 09:04:33
1641373473840164000,93.9,1,93.9,4,94.1,16,2,2022-01-05 09:04:33
1641373474780909000,94.0,1,93.9,4,94.1,16,2,2022-01-05 09:04:34
1641373476666253000,94.1,2,94.0,1,94.1,14,1,2022-01-05 09:04:36
1641373477676502000,94.1,1,94.0,1,94.1,13,1,2022-01-05 09:04:37
1641373477697091000,94.1,1,94.0,1,94.1,12,1,2022-01-05 09:04:37
1641373478689971000,94.0,1,93.9,3,94.1,12,2,2022-01-05 09:04:38
1641373478689971000,93.9,1,93.9,3,94.1,12,2,2022-01-05 09:04:38
1641373479471103000,94.0,2,93.9,3,94.1,6,1,2022-01-05 09:04:39
1641373479471103000,94.1,6,93.9,3,94.1,6,1,2022-01-05 09:04:39
1641373482117535000,94.0,1,94.0,3,94.1,6,2,2022-01-05 09:04:42
1641373482374551000,94.0,1,94.0,2,94.1,6,2,2022-01-05 09:04:42
1641373482835643000,94.0,1,94.0,1,94.1,6,2,2022-01-05 09:04:42
1641373482869491000,94.0,1,93.9,9,94.0,7,2,2022-01-05 09:04:42
1641373482906440000,94.0,1,93.9,9,94.0,6,1,2022-01-05 09:04:42
1641373482938013000,94.0,1,93.9,9,94.0,5,1,2022-01-05 09:04:42
1641373482945358000,94.0,1,93.9,9,94.0,4,1,2022-01-05 09:04:42
1641373482967488000,94.0,4,93.9,9,94.1,6,1,2022-01-05 09:04:42
1641373483428384000,94.1,2,93.9,9,94.1,5,1,2022-01-05 09:04:43
1641373484826208000,94.1,1,94.0,1,94.1,6,1,2022-01-05 09:04:44
1641373486192237000,94.1,1,94.0,1,94.1,5,1,2022-01-05 09:04:46
1641373486326790000,94.0,1,93.9,9,94.0,1,2,2022-01-05 09:04:46
1641373486851506000,94.0,1,93.9,9,94.1,8,1,2022-01-05 09:04:46
1641373487784005000,94.0,1,93.9,10,94.1,10,2,2022-01-05 09:04:47
1641373487824650000,94.1,1,93.9,10,94.1,9,1,2022-01-05 09:04:47
1641373488514555000,94.0,1,93.9,11,94.1,10,2,2022-01-05 09:04:48
1641373488988412000,93.9,1,93.9,10,94.1,10,2,2022-01-05 09:04:48
1641373489297304000,94.1,1,93.9,10,94.1,9,1,2022-01-05 09:04:49
1641373489867897000,94.0,1,94.0,4,94.1,9,2,2022-01-05 09:04:49
1641373490739394000,94.1,1,94.0,16,94.1,8,1,2022-01-05 09:04:50
1641373491249278000,94.1,4,94.0,16,94.1,4,1,2022-01-05 09:04:51
1641373491368772000,94.1,1,94.0,16,94.1,3,1,2022-01-05 09:04:51
1641373491400638000,94.1,3,94.0,16,94.2,7,1,2022-01-05 09:04:51
1641373491972784000,94.1,2,94.0,16,94.1,3,2,2022-01-05 09:04:51
1641373493214484000,94.0,1,94.0,21,94.1,3,2,2022-01-05 09:04:53
1641373494112910000,94.1,1,94.0,21,94.1,2,1,2022-01-05 09:04:54
1641373494150076000,94.1,2,94.0,21,94.2,7,1,2022-01-05 09:04:54
1641373500209626000,94.1,3,94.0,29,94.2,7,2,2022-01-05 09:05:00
1641373500902296000,94.2,1,94.1,8,94.2,6,1,2022-01-05 09:05:00
1641373501475137000,94.2,5,94.1,8,94.2,1,1,2022-01-05 09:05:01
1641373501954243000,94.2,1,94.1,15,94.3,3,1,2022-01-05 09:05:01
1641373502488427000,94.2,2,94.1,16,94.2,8,2,2022-01-05 09:05:02
1641373503801084000,94.1,5,94.1,11,94.2,8,2,2022-01-05 09:05:03
1641373503832150000,94.1,5,94.1,6,94.2,13,2,2022-01-05 09:05:03
1641373503866784000,94.1,5,94.1,1,94.2,13,2,2022-01-05 09:05:03
1641373503866977000,94.1,1,94.0,28,94.2,13,2,2022-01-05 09:05:03
1641373504752714000,94.1,1,94.0,28,94.1,19,2,2022-01-05 09:05:04
1641373504791083000,94.0,12,94.0,16,94.1,19,2,2022-01-05 09:05:04
1641373504796594000,94.0,1,94.0,15,94.1,19,2,2022-01-05 09:05:04
1641373504955344000,94.1,1,94.0,15,94.1,18,1,2022-01-05 09:05:04
1641373505187490000,94.1,1,94.0,15,94.1,17,1,2022-01-05 09:05:05
1641373505590037000,94.0,5,94.0,10,94.1,17,2,2022-01-05 09:05:05
1641373506211792000,94.0,2,94.0,8,94.1,17,2,2022-01-05 09:05:06
1641373506225194000,94.0,8,93.9,7,94.0,2,2,2022-01-05 09:05:06
1641373507191278000,93.9,6,93.8,9,94.0,2,2,2022-01-05 09:05:07
1641373507215967000,93.8,7,93.8,2,94.0,2,2,2022-01-05 09:05:07
1641373507248747000,93.8,2,93.7,7,94.0,2,2,2022-01-05 09:05:07
1641373507412460000,94.0,2,94.0,2,94.1,17,1,2022-01-05 09:05:07
1641373507451339000,94.0,1,94.0,1,94.1,17,2,2022-01-05 09:05:07
1641373507532867000,94.1,1,94.0,1,94.1,16,1,2022-01-05 09:05:07
1641373508040021000,94.1,1,94.0,1,94.1,15,1,2022-01-05 09:05:08
1641373508662837000,94.0,1,93.7,7,94.0,4,2,2022-01-05 09:05:08
1641373509505983000,94.0,2,93.7,7,94.0,12,1,2022-01-05 09:05:09
1641373510688593000,93.7,2,93.7,5,94.0,10,2,2022-01-05 09:05:10
1641373512117515000,94.0,1,93.7,5,94.0,10,1,2022-01-05 09:05:12
1641373513189648000,93.7,5,93.7,1,94.0,36,2,2022-01-05 09:05:13
1641373513228351000,93.7,1,93.6,6,94.0,36,2,2022-01-05 09:05:13
1641373516544382000,93.9,1,93.6,6,94.0,37,1,2022-01-05 09:05:16
1641373516796217000,94.0,1,93.7,10,94.0,36,1,2022-01-05 09:05:16
1641373517363598000,93.7,1,93.7,9,94.0,36,2,2022-01-05 09:05:17
1641373517849747000,93.7,1,93.7,8,94.0,36,2,2022-01-05 09:05:17
1641373522122085000,93.8,3,93.7,9,93.9,7,2,2022-01-05 09:05:22
1641373523033546000,93.7,1,93.7,10,93.9,7,2,2022-01-05 09:05:23
1641373523905425000,93.7,5,93.7,5,93.9,7,2,2022-01-05 09:05:23
1641373523931605000,93.7,5,93.6,8,93.9,7,2,2022-01-05 09:05:23
1641373524191914000,93.6,2,93.6,6,93.7,5,2,2022-01-05 09:05:24
1641373524224950000,93.6,6,93.5,17,93.7,5,2,2022-01-05 09:05:24
1641373526476123000,93.5,5,93.5,16,93.6,1,2,2022-01-05 09:05:26
1641373526857350000,93.5,5,93.5,10,93.6,1,2,2022-01-05 09:05:26
1641373527287926000,93.5,5,93.5,5,93.6,1,2,2022-01-05 09:05:27
1641373527451144000,93.5,5,93.4,2,93.6,1,2,2022-01-05 09:05:27
1641373529123536000,93.4,2,93.3,11,93.5,1,2,2022-01-05 09:05:29
1641373529180860000,93.3,2,93.3,9,93.5,1,2,2022-01-05 09:05:29
1641373530094643000,93.3,9,93.2,4,93.5,2,2,2022-01-05 09:05:30
1641373531296849000,93.2,1,93.2,4,93.4,1,2,2022-01-05 09:05:31
1641373531351161000,93.4,1,93.2,4,93.5,1,1,2022-01-05 09:05:31
1641373531459025000,93.2,1,93.2,3,93.5,1,2,2022-01-05 09:05:31
1641373531463386000,93.5,1,93.2,3,93.6,1,1,2022-01-05 09:05:31
1641373532569683000,93.2,1,93.2,2,93.4,15,2,2022-01-05 09:05:32
1641373534691332000,93.2,1,93.1,7,93.3,3,2,2022-01-05 09:05:34
1641373536485728000,93.2,0,0.0,0,0.0,0,1,2022-01-05 09:05:36
1641373657048274000,93.1,84,93.1,86,93.2,13,2,2022-01-05 09:07:37
1641373657081377000,93.2,10,93.1,86,93.2,3,1,2022-01-05 09:07:37
1641373657112422000,93.2,3,93.1,86,93.3,3,1,2022-01-05 09:07:37
1641373657138255000,93.1,1,93.1,85,93.3,3,2,2022-01-05 09:07:37
1641373659908021000,93.2,1,93.1,85,93.3,3,1,2022-01-05 09:07:39
1641373660437877000,93.1,1,93.1,84,93.3,3,2,2022-01-05 09:07:40
1641373660594721000,93.1,1,93.1,83,93.3,3,2,2022-01-05 09:07:40
1641373661665916000,93.1,1,93.1,82,93.3,3,2,2022-01-05 09:07:41
1641373663657905000,93.2,2,93.1,82,93.3,3,2,2022-01-05 09:07:43
1641373663866401000,93.3,2,93.1,82,93.3,1,1,2022-01-05 09:07:43
1641373665539193000,93.3,1,93.1,82,93.3,9,1,2022-01-05 09:07:45
1641373666931266000,93.3,5,93.2,6,93.3,4,1,2022-01-05 09:07:46
1641373666964093000,93.3,4,93.2,6,93.4,1,1,2022-01-05 09:07:46
1641373666994794000,93.4,1,93.2,6,93.5,1,1,2022-01-05 09:07:46
1641373670840640000,93.5,2,93.5,1,93.6,3,1,2022-01-05 09:07:50
1641373670881534000,93.5,1,93.3,1,93.6,3,2,2022-01-05 09:07:50
1641373671241481000,93.6,3,93.3,1,93.8,10,1,2022-01-05 09:07:51
1641373673364153000,93.7,1,93.4,1,93.8,9,1,2022-01-05 09:07:53
1641373673364153000,93.8,1,93.4,1,93.8,9,1,2022-01-05 09:07:53
1641373674266963000,93.8,1,93.4,1,93.8,8,1,2022-01-05 09:07:54
1641373677310534000,93.7,4,93.4,8,93.8,2,1,2022-01-05 09:07:57
1641373677310534000,93.8,6,93.4,8,93.8,2,1,2022-01-05 09:07:57
1641373677767050000,93.6,1,93.5,5,93.8,3,1,2022-01-05 09:07:57
1641373678155664000,93.8,1,93.5,5,93.8,2,1,2022-01-05 09:07:58
1641373678925925000,93.6,1,93.5,5,93.8,2,1,2022-01-05 09:07:58
1641373682983204000,93.5,2,93.4,6,93.7,11,2,2022-01-05 09:08:02
1641373684805925000,93.5,1,93.4,6,93.7,11,1,2022-01-05 09:08:04
1641373684805925000,93.6,1,93.4,6,93.7,11,1,2022-01-05 09:08:04
1641373685909583000,93.7,1,93.4,6,93.7,10,1,2022-01-05 09:08:05
1641373687158119000,93.5,1,93.4,6,93.6,2,1,2022-01-05 09:08:07
1641373687643156000,93.4,6,93.3,16,93.6,2,2,2022-01-05 09:08:07
1641373687677955000,93.3,15,93.3,1,93.6,3,2,2022-01-05 09:08:07
1641373687710208000,93.3,1,93.2,11,93.6,3,2,2022-01-05 09:08:07
1641373688376513000,93.5,1,93.2,11,93.6,3,1,2022-01-05 09:08:08
1641373688646906000,93.2,1,93.2,10,93.6,3,2,2022-01-05 09:08:08
1641373688671276000,93.2,7,93.2,3,93.6,3,2,2022-01-05 09:08:08
1641373688849598000,93.2,3,93.1,78,93.3,10,2,2022-01-05 09:08:08
1641373689588134000,93.3,1,93.1,78,93.3,9,1,2022-01-05 09:08:09
1641373692916207000,93.2,1,93.1,79,93.2,1,1,2022-01-05 09:08:12
1641373697974362000,93.1,15,93.1,64,93.2,1,2,2022-01-05 09:08:17
1641373698010993000,93.1,5,93.1,59,93.2,1,2,2022-01-05 09:08:18
1641373698011049000,93.1,1,93.1,58,93.2,1,2,2022-01-05 09:08:18
1641373698015137000,93.1,1,93.1,57,93.2,1,2,2022-01-05 09:08:18
1641373698036511000,93.2,1,93.1,57,93.3,5,1,2022-01-05 09:08:18
1641373698036511000,93.3,4,93.1,57,93.3,5,1,2022-01-05 09:08:18
1641373698043823000,93.1,5,93.1,52,93.3,5,2,2022-01-05 09:08:18
1641373699375884000,93.2,1,93.1,52,93.3,7,1,2022-01-05 09:08:19
1641373699425565000,93.3,3,93.1,57,93.3,4,1,2022-01-05 09:08:19
1641373701644632000,93.1,5,93.1,52,93.3,4,2,2022-01-05 09:08:21
1641373705399143000,93.2,2,93.1,53,93.3,4,1,2022-01-05 09:08:25
1641373708228637000,93.2,1,93.1,55,93.3,4,1,2022-01-05 09:08:28
1641373709944559000,93.2,2,93.1,56,93.3,4,2,2022-01-05 09:08:29
1641373711254220000,93.3,1,93.2,2,93.3,3,1,2022-01-05 09:08:31
1641373712029647000,93.2,2,93.2,1,93.3,3,2,2022-01-05 09:08:32
1641373712076176000,93.2,1,93.1,56,93.2,2,2,2022-01-05 09:08:32
1641373715095918000,93.2,1,93.1,56,93.2,23,1,2022-01-05 09:08:35
1641373715483642000,93.1,2,93.1,54,93.2,23,2,2022-01-05 09:08:35
1641373715912843000,93.2,1,93.1,54,93.2,22,1,2022-01-05 09:08:35
1641373715921453000,93.2,1,93.1,54,93.2,21,1,2022-01-05 09:08:35
1641373716726454000,93.2,1,93.1,59,93.2,20,1,2022-01-05 09:08:36
1641373717296922000,93.1,1,93.1,58,93.2,20,2,2022-01-05 09:08:37
1641373717652512000,93.1,1,93.1,57,93.2,20,2,2022-01-05 09:08:37
1641373717995913000,93.1,1,93.1,56,93.2,20,2,2022-01-05 09:08:37
1641373719634140000,93.1,1,93.1,55,93.2,21,2,2022-01-05 09:08:39
1641373720553619000,93.2,1,93.1,55,93.2,20,1,2022-01-05 09:08:40
1641373720573302000,93.2,1,93.1,55,93.2,19,1,2022-01-05 09:08:40
1641373721831515000,93.1,6,93.1,50,93.2,19,2,2022-01-05 09:08:41
1641373722556211000,93.1,1,93.1,50,93.2,19,2,2022-01-05 09:08:42
1641373723948870000,93.1,2,93.1,49,93.2,22,2,2022-01-05 09:08:43
1641373724136807000,93.1,2,93.1,47,93.2,20,2,2022-01-05 09:08:44
1641373724574846000,93.1,2,93.1,45,93.2,20,2,2022-01-05 09:08:44
1641373724801278000,93.1,1,93.1,44,93.2,20,2,2022-01-05 09:08:44
1641373725021795000,93.1,10,93.1,34,93.2,20,2,2022-01-05 09:08:45
1641373725290889000,93.1,3,93.1,31,93.2,21,2,2022-01-05 09:08:45
1641373725313776000,93.1,8,93.1,23,93.2,21,2,2022-01-05 09:08:45
1641373725314241000,93.1,18,93.1,5,93.2,21,2,2022-01-05 09:08:45
1641373725324289000,93.1,3,93.1,2,93.2,21,2,2022-01-05 09:08:45
1641373725344508000,93.1,1,93.1,2,93.2,21,2,2022-01-05 09:08:45
1641373725344887000,93.1,1,93.1,1,93.2,21,2,2022-01-05 09:08:45
1641373725344914000,93.1,1,93.0,38,93.2,21,2,2022-01-05 09:08:45
1641373725369551000,93.0,2,93.0,35,93.2,23,2,2022-01-05 09:08:45
1641373725427529000,93.0,6,93.0,29,93.1,1,2,2022-01-05 09:08:45
1641373725457437000,93.0,11,93.0,18,93.1,1,2,2022-01-05 09:08:45
1641373725457456000,93.0,1,93.0,17,93.1,1,2,2022-01-05 09:08:45
1641373725483479000,93.0,1,93.0,16,93.1,1,2,2022-01-05 09:08:45
1641373725488282000,93.0,2,93.0,14,93.1,1,2,2022-01-05 09:08:45
1641373725542467000,93.1,1,93.0,14,93.2,22,1,2022-01-05 09:08:45
1641373725542467000,93.2,1,93.0,14,93.2,22,1,2022-01-05 09:08:45
1641373725921069000,93.0,2,93.0,12,93.1,1,2,2022-01-05 09:08:45
1641373726311140000,93.1,1,93.0,12,93.2,22,1,2022-01-05 09:08:46
1641373726514366000,93.0,5,93.0,7,93.1,1,2,2022-01-05 09:08:46
1641373726555360000,93.0,1,93.0,6,93.1,1,2,2022-01-05 09:08:46
1641373726560765000,93.0,1,93.0,5,93.1,1,2,2022-01-05 09:08:46
1641373726563021000,93.0,1,93.0,4,93.1,1,2,2022-01-05 09:08:46
1641373726752452000,93.0,4,92.9,1,93.1,2,2,2022-01-05 09:08:46
1641373726888356000,92.9,1,92.8,6,93.1,3,2,2022-01-05 09:08:46
1641373727482207000,92.8,2,92.8,4,93.0,4,2,2022-01-05 09:08:47
1641373728505248000,92.8,1,92.8,3,92.9,1,2,2022-01-05 09:08:48
1641373728591955000,92.9,1,92.8,3,93.0,4,1,2022-01-05 09:08:48
1641373729235499000,93.0,1,92.8,3,93.0,5,1,2022-01-05 09:08:49
1641373729375281000,92.8,1,92.8,2,93.0,7,2,2022-01-05 09:08:49
1641373729609346000,92.8,2,92.7,12,93.0,7,2,2022-01-05 09:08:49
1641373731756959000,92.7,1,92.7,13,92.8,2,2,2022-01-05 09:08:51
1641373732281119000,92.6,1,92.6,3,92.8,2,2,2022-01-05 09:08:52
1641373733655788000,92.7,1,92.6,3,92.7,2,1,2022-01-05 09:08:53
1641373735915899000,92.6,1,92.6,2,92.7,2,2,2022-01-05 09:08:55
1641373736529888000,92.6,2,92.5,18,92.6,1,2,2022-01-05 09:08:56
1641373738863660000,92.5,1,92.5,16,92.6,5,2,2022-01-05 09:08:58
1641373739249964000,92.5,5,92.5,11,92.6,5,2,2022-01-05 09:08:59
1641373740327788000,92.5,1,92.5,10,92.6,5,2,2022-01-05 09:09:00
1641373740501537000,92.5,1,92.5,9,92.6,5,2,2022-01-05 09:09:00
1641373740841929000,92.5,2,92.5,7,92.6,5,2,2022-01-05 09:09:00
1641373741149049000,92.6,1,92.5,7,92.6,4,1,2022-01-05 09:09:01
1641373741387912000,92.5,1,92.5,6,92.6,4,2,2022-01-05 09:09:01
1641373741934739000,92.5,5,92.5,1,92.6,4,2,2022-01-05 09:09:01
1641373742301694000,92.5,1,92.3,3,92.5,1,2,2022-01-05 09:09:02
1641373742326046000,92.3,2,92.3,1,92.5,1,2,2022-01-05 09:09:02
1641373743087985000,92.3,2,92.3,1,92.5,8,2,2022-01-05 09:09:03
1641373743239068000,92.5,1,92.3,1,92.5,8,1,2022-01-05 09:09:03
1641373743473988000,92.2,1,92.2,7,92.5,15,2,2022-01-05 09:09:03
1641373743749131000,92.2,1,92.2,6,92.5,17,2,2022-01-05 09:09:03
1641373744363385000,92.4,1,92.2,4,92.4,3,1,2022-01-05 09:09:04
1641373744585418000,92.4,1,92.2,4,92.4,2,1,2022-01-05 09:09:04
1641373744872003000,92.2,1,92.2,3,92.5,18,2,2022-01-05 09:09:04
1641373745695791000,92.5,1,92.3,1,92.5,17,1,2022-01-05 09:09:05
1641373746092764000,92.4,1,92.3,1,92.5,8,1,2022-01-05 09:09:06
1641373746092764000,92.5,9,92.3,1,92.5,8,1,2022-01-05 09:09:06
1641373746680075000,92.3,1,92.2,2,92.5,8,2,2022-01-05 09:09:06
1641373746766444000,92.2,1,92.2,1,92.5,8,2,2022-01-05 09:09:06
1641373748061942000,92.1,1,92.1,1,92.2,9,2,2022-01-05 09:09:08
1641373748813827000,92.1,1,92.0,2,92.2,9,2,2022-01-05 09:09:08
1641373748827361000,92.2,1,92.0,2,92.2,8,1,2022-01-05 09:09:08
1641373748884402000,92.2,5,92.0,4,92.2,3,1,2022-01-05 09:09:08
1641373748925621000,92.2,3,92.0,4,92.5,9,1,2022-01-05 09:09:08
1641373748966359000,92.1,1,92.0,4,92.5,9,1,2022-01-05 09:09:08
1641373749243478000,92.1,1,91.9,3,92.4,1,2,2022-01-05 09:09:09
1641373749243478000,92.0,4,91.9,3,92.4,1,2,2022-01-05 09:09:09
1641373750423028000,92.1,1,91.9,1,92.3,1,2,2022-01-05 09:09:10
1641373751134678000,91.9,1,91.8,1,92.1,1,2,2022-01-05 09:09:11
1641373751559633000,91.9,1,91.8,1,92.1,1,1,2022-01-05 09:09:11
1641373752582936000,92.0,1,91.8,1,92.1,1,2,2022-01-05 09:09:12
1641373752967313000,91.8,1,91.5,5,92.1,1,2,2022-01-05 09:09:12
1641373752967313000,91.7,4,91.5,5,92.1,1,2,2022-01-05 09:09:12
1641373752967313000,91.6,1,91.5,5,92.1,1,2,2022-01-05 09:09:12
1641373754680032000,91.9,1,91.5,5,92.0,1,1,2022-01-05 09:09:14
1641373755263736000,91.9,3,91.6,1,92.1,1,1,2022-01-05 09:09:15
1641373755718588000,91.6,1,91.5,7,92.1,1,2,2022-01-05 09:09:15
1641373756253571000,91.5,7,91.0,8,91.9,5,2,2022-01-05 09:09:16
1641373756253571000,91.4,3,91.0,8,91.9,5,2,2022-01-05 09:09:16
1641373756253571000,91.3,4,91.0,8,91.9,5,2,2022-01-05 09:09:16
1641373756253571000,91.2,3,91.0,8,91.9,5,2,2022-01-05 09:09:16
1641373756253571000,91.1,2,91.0,8,91.9,5,2,2022-01-05 09:09:16
1641373756253571000,91.0,2,91.0,8,91.9,5,2,2022-01-05 09:09:16
1641373756296178000,91.0,1,91.0,7,91.8,1,2,2022-01-05 09:09:16
1641373756297879000,91.0,5,91.0,2,91.8,1,2,2022-01-05 09:09:16
1641373756725136000,91.6,1,91.1,4,91.8,1,2,2022-01-05 09:09:16
1641373757388419000,91.8,1,91.0,6,91.9,4,1,2022-01-05 09:09:17
1641373757388419000,91.9,2,91.0,6,91.9,4,1,2022-01-05 09:09:17
1641373758258981000,91.9,1,91.3,5,91.9,3,1,2022-01-05 09:09:18
1641373758807642000,91.3,1,91.3,4,91.9,3,2,2022-01-05 09:09:18
1641373758998881000,91.8,1,91.4,1,91.9,3,1,2022-01-05 09:09:18
1641373760346553000,91.5,1,91.4,1,91.9,3,2,2022-01-05 09:09:20
1641373760672750000,91.6,1,91.4,5,91.9,3,2,2022-01-05 09:09:20
1641373760717700000,91.4,2,91.4,3,91.8,1,2,2022-01-05 09:09:20
1641373761137168000,91.6,3,91.3,2,91.8,1,1,2022-01-05 09:09:21
1641373762747144000,91.5,1,91.4,4,91.8,2,2,2022-01-05 09:09:22
1641373763907655000,91.5,1,91.5,5,91.8,2,2,2022-01-05 09:09:23
1641373764083013000,91.5,1,91.5,5,91.8,2,2,2022-01-05 09:09:24
1641373764109298000,91.8,2,91.5,5,91.9,9,1,2022-01-05 09:09:24
1641373764152641000,91.7,2,91.5,2,91.9,9,1,2022-01-05 09:09:24
1641373764383982000,91.5,1,91.5,5,91.9,9,2,2022-01-05 09:09:24
1641373765605073000,91.9,1,91.6,5,91.9,8,1,2022-01-05 09:09:25
1641373766742652000,91.6,4,91.6,1,91.9,8,2,2022-01-05 09:09:26
1641373766774834000,91.6,3,91.5,1,91.6,7,2,2022-01-05 09:09:26
1641373766807891000,91.6,7,91.5,1,91.9,8,1,2022-01-05 09:09:26
1641373767920531000,91.8,1,91.5,7,91.9,8,1,2022-01-05 09:09:27
1641373768219396000,91.5,2,91.5,5,91.9,8,2,2022-01-05 09:09:28
1641373769845386000,91.5,5,91.5,4,91.9,7,2,2022-01-05 09:09:29
1641373769877616000,91.5,1,91.5,3,91.9,7,2,2022-01-05 09:09:29
1641373769945998000,91.5,1,91.5,2,91.9,7,2,2022-01-05 09:09:29
1641373769960284000,91.9,1,91.5,2,91.9,6,1,2022-01-05 09:09:29
1641373770388241000,91.5,1,91.4,11,91.9,6,2,2022-01-05 09:09:30
1641373771170767000,91.5,1,91.4,11,91.6,2,1,2022-01-05 09:09:31
1641373772076157000,91.5,1,91.5,4,91.6,2,2,2022-01-05 09:09:32
1641373772139282000,91.5,1,91.5,5,91.6,2,2,2022-01-05 09:09:32
1641373772375419000,91.5,2,91.5,4,91.6,2,2,2022-01-05 09:09:32
1641373772594417000,91.4,1,91.4,6,91.6,2,2,2022-01-05 09:09:32
1641373775257961000,91.5,1,91.4,6,91.5,8,1,2022-01-05 09:09:35
1641373776443691000,91.5,13,91.4,7,91.6,2,1,2022-01-05 09:09:36
1641373776481558000,91.6,1,91.4,7,91.6,1,1,2022-01-05 09:09:36
1641373776800809000,91.4,1,91.4,10,91.6,1,2,2022-01-05 09:09:36
1641373776989051000,91.4,3,91.4,7,91.6,1,2,2022-01-05 09:09:36
1641373777047294000,91.4,2,91.4,5,91.6,1,2,2022-01-05 09:09:37
1641373777349380000,91.5,1,91.4,1,91.5,9,2,2022-01-05 09:09:37
1641373777490129000,91.4,1,91.3,1,91.5,9,2,2022-01-05 09:09:37
1641373777524583000,91.5,9,91.3,1,91.6,1,1,2022-01-05 09:09:37
1641373777559271000,91.3,1,91.2,4,91.6,1,2,2022-01-05 09:09:37
1641373779232276000,91.6,2,91.5,12,91.7,2,1,2022-01-05 09:09:39
1641373779293109000,91.7,2,91.5,12,91.9,7,1,2022-01-05 09:09:39
1641373779653445000,91.8,4,91.6,4,91.9,7,1,2022-01-05 09:09:39
1641373780362433000,91.6,1,91.6,3,91.9,5,2,2022-01-05 09:09:40
1641373781481570000,91.7,1,91.5,17,91.9,5,2,2022-01-05 09:09:41
1641373781730207000,91.9,1,91.7,5,91.9,3,1,2022-01-05 09:09:41
1641373781730697000,91.9,1,91.7,5,91.9,2,1,2022-01-05 09:09:41
1641373781968205000,91.9,2,91.7,9,92.0,12,1,2022-01-05 09:09:41
1641373782202427000,92.0,12,91.7,9,92.3,2,1,2022-01-05 09:09:42
1641373783201848000,91.8,1,91.7,10,92.2,1,2,2022-01-05 09:09:43
1641373783450056000,91.7,1,91.7,9,92.1,1,2,2022-01-05 09:09:43
1641373783926122000,91.8,1,91.7,5,92.2,1,1,2022-01-05 09:09:43
1641373784302860000,91.5,2,91.5,16,92.2,1,2,2022-01-05 09:09:44
1641373789702308000,91.8,3,91.6,4,92.0,10,1,2022-01-05 09:09:49
1641373790502290000,91.6,1,91.6,12,91.8,2,2,2022-01-05 09:09:50
1641373792681419000,91.6,3,91.6,12,91.8,2,2,2022-01-05 09:09:52
1641373793546778000,91.8,2,91.7,5,92.0,10,1,2022-01-05 09:09:53
1641373793661474000,91.7,5,91.5,3,92.0,10,2,2022-01-05 09:09:53
1641373793661474000,91.6,12,91.5,3,92.0,10,2,2022-01-05 09:09:53
1641373793661474000,91.5,19,91.5,3,92.0,10,2,2022-01-05 09:09:53
1641373794564648000,92.0,2,91.7,5,92.0,8,1,2022-01-05 09:09:54
1641373795065735000,91.7,1,91.7,8,92.0,8,2,2022-01-05 09:09:55
1641373797455912000,91.7,1,91.7,3,92.0,9,2,2022-01-05 09:09:57
1641373797550157000,91.7,3,91.5,3,91.7,11,2,2022-01-05 09:09:57
1641373797682968000,91.7,5,91.5,3,91.7,6,1,2022-01-05 09:09:57
1641373798538044000,91.7,6,91.5,9,92.0,14,1,2022-01-05 09:09:58
1641373798635377000,91.5,1,91.5,8,92.0,14,2,2022-01-05 09:09:58
1641373800755941000,91.8,1,91.8,2,92.0,17,2,2022-01-05 09:10:00
1641373800860828000,91.8,2,91.6,2,92.0,17,2,2022-01-05 09:10:00
1641373801013444000,92.0,1,91.6,2,92.0,16,1,2022-01-05 09:10:01
1641373802289289000,91.6,1,91.6,1,91.9,1,2,2022-01-05 09:10:02
1641373802338656000,91.6,1,91.5,14,91.9,1,2,2022-01-05 09:10:02
1641373802525427000,91.5,1,91.5,13,91.9,1,2,2022-01-05 09:10:02
1641373806397324000,91.7,1,91.6,13,91.9,1,1,2022-01-05 09:10:06
1641373807423356000,91.7,1,91.5,6,91.9,1,2,2022-01-05 09:10:07
1641373807423356000,91.6,16,91.5,6,91.9,1,2,2022-01-05 09:10:07
1641373807423356000,91.5,3,91.5,6,91.9,1,2,2022-01-05 09:10:07
1641373808130043000,91.6,1,91.5,6,91.6,1,2,2022-01-05 09:10:08
1641373808163768000,91.6,1,91.5,6,91.9,1,1,2022-01-05 09:10:08
1641373810608890000,91.8,1,91.7,2,91.9,7,2,2022-01-05 09:10:10
1641373810783419000,91.7,1,91.7,1,91.9,7,2,2022-01-05 09:10:10
1641373814258712000,91.9,1,91.7,1,91.9,6,1,2022-01-05 09:10:14
1641373816160634000,91.9,6,91.9,4,92.0,18,1,2022-01-05 09:10:16
1641373816396554000,92.0,4,91.9,4,92.0,24,1,2022-01-05 09:10:16
1641373819141929000,92.0,4,91.9,4,92.0,20,1,2022-01-05 09:10:19
1641373819324714000,91.9,1,91.9,3,92.0,20,2,2022-01-05 09:10:19
1641373820544456000,91.9,3,91.7,4,91.9,12,2,2022-01-05 09:10:20
1641373821625647000,91.9,3,91.7,10,91.9,9,1,2022-01-05 09:10:21
1641373821846967000,91.9,9,91.7,10,92.0,23,1,2022-01-05 09:10:21
1641373821917620000,92.0,10,91.7,10,92.0,13,1,2022-01-05 09:10:21
1641373822070302000,91.9,1,91.8,3,92.0,13,1,2022-01-05 09:10:22
1641373827080709000,91.9,1,91.9,1,92.0,14,1,2022-01-05 09:10:27
1641373828632227000,92.0,1,91.9,1,92.0,13,1,2022-01-05 09:10:28
1641373829766500000,92.0,1,91.9,1,92.0,12,1,2022-01-05 09:10:29
1641373829784097000,92.0,1,91.9,1,92.0,11,1,2022-01-05 09:10:29
1641373830014640000,92.0,4,91.9,6,92.0,7,1,2022-01-05 09:10:30
1641373830042708000,92.0,7,91.9,6,92.2,5,1,2022-01-05 09:10:30
1641373833677403000,92.0,1,91.9,11,92.2,2,1,2022-01-05 09:10:33
1641373834516288000,92.1,1,91.9,7,92.2,2,2,2022-01-05 09:10:34
1641373834516288000,91.9,4,91.9,7,92.2,2,2,2022-01-05 09:10:34
1641373836335777000,92.1,1,92.0,6,92.2,2,1,2022-01-05 09:10:36
1641373839226894000,92.0,6,91.9,13,92.0,12,2,2022-01-05 09:10:39
1641373839704825000,92.0,2,91.9,9,92.0,10,1,2022-01-05 09:10:39
1641373839927805000,92.0,4,91.9,9,92.0,6,1,2022-01-05 09:10:39
1641373842838690000,92.0,1,91.9,10,92.0,6,1,2022-01-05 09:10:42
1641373843319399000,92.0,1,91.9,10,92.0,5,1,2022-01-05 09:10:43
1641373844730257000,92.0,1,91.9,12,92.0,4,1,2022-01-05 09:10:44
1641373844745624000,92.0,4,91.9,12,92.4,6,1,2022-01-05 09:10:44
1641373844745624000,92.1,1,91.9,12,92.4,6,1,2022-01-05 09:10:44
1641373844745624000,92.2,7,91.9,12,92.4,6,1,2022-01-05 09:10:44
1641373844745624000,92.4,1,91.9,12,92.4,6,1,2022-01-05 09:10:44
1641373849049527000,92.0,2,92.0,4,92.3,1,2,2022-01-05 09:10:49
1641373849952760000,92.0,4,91.9,13,92.0,1,2,2022-01-05 09:10:49
1641373851175575000,92.0,1,91.9,13,92.3,1,1,2022-01-05 09:10:51
1641373851776648000,92.3,1,92.0,2,92.4,6,1,2022-01-05 09:10:51
1641373855080791000,92.0,2,92.0,8,92.4,6,2,2022-01-05 09:10:55
1641373857738699000,92.3,1,92.0,9,92.4,6,2,2022-01-05 09:10:57
1641373860168672000,92.0,2,92.0,12,92.4,6,2,2022-01-05 09:11:00
1641373861947963000,92.0,3,92.0,15,92.4,6,2,2022-01-05 09:11:01
1641373865674954000,92.3,1,92.0,16,92.4,7,1,2022-01-05 09:11:05
1641373869802600000,92.0,1,92.0,16,92.3,1,2,2022-01-05 09:11:09
1641373873430797000,92.3,1,92.1,6,92.3,1,1,2022-01-05 09:11:13
1641373875958847000,92.3,1,92.2,5,92.3,4,1,2022-01-05 09:11:15
1641373885626826000,92.2,1,92.1,5,92.2,1,1,2022-01-05 09:11:25
1641373886811918000,92.1,1,92.1,4,92.2,1,2,2022-01-05 09:11:26
1641373887035251000,92.1,3,92.1,1,92.2,1,2,2022-01-05 09:11:27
1641373887077352000,92.1,1,92.0,33,92.2,1,2,2022-01-05 09:11:27
1641373887947211000,92.2,1,92.0,32,92.3,16,1,2022-01-05 09:11:27
1641373888802351000,92.3,1,92.0,31,92.3,15,1,2022-01-05 09:11:28
1641373890884822000,92.0,32,91.9,19,92.0,3,2,2022-01-05 09:11:30
1641373891157396000,92.0,1,91.9,18,92.0,2,1,2022-01-05 09:11:31
1641373893134465000,92.0,1,91.9,18,92.0,1,1,2022-01-05 09:11:33
1641373894483969000,91.9,1,91.9,17,92.0,1,2,2022-01-05 09:11:34
1641373894516527000,91.9,5,91.9,12,92.0,1,2,2022-01-05 09:11:34
1641373894546915000,91.9,5,91.9,7,92.0,1,2,2022-01-05 09:11:34
1641373894577394000,91.9,7,91.8,5,92.0,1,2,2022-01-05 09:11:34
1641373897681010000,91.9,1,91.8,5,92.2,1,1,2022-01-05 09:11:37
1641373897681010000,92.0,1,91.8,5,92.2,1,1,2022-01-05 09:11:37
1641373898797201000,92.0,1,91.8,5,92.2,2,2,2022-01-05 09:11:38
1641373901575336000,91.8,1,91.8,4,92.2,8,2,2022-01-05 09:11:41
1641373901840575000,91.8,4,91.7,11,92.0,1,2,2022-01-05 09:11:41
1641373921428679000,91.8,2,91.8,14,92.0,9,2,2022-01-05 09:12:01
1641373923100870000,91.8,1,91.8,13,91.9,2,2,2022-01-05 09:12:03
1641373923467537000,91.9,1,91.8,14,91.9,1,1,2022-01-05 09:12:03
1641373927045562000,91.9,1,91.9,1,92.0,8,1,2022-01-05 09:12:07
1641373931946094000,92.0,1,91.9,3,92.0,12,1,2022-01-05 09:12:11
1641373934225705000,92.0,2,91.9,3,92.0,10,1,2022-01-05 09:12:14
1641373937173954000,92.0,10,91.9,4,92.2,5,1,2022-01-05 09:12:17
1641373951691478000,92.2,1,92.1,1,92.2,3,1,2022-01-05 09:12:31
1641373953613276000,92.2,1,92.1,3,92.2,2,1,2022-01-05 09:12:33
1641373953653727000,92.2,1,92.1,3,92.2,1,1,2022-01-05 09:12:33
1641373953821492000,92.2,1,92.1,3,92.3,12,1,2022-01-05 09:12:33
1641373956611522000,92.2,1,92.1,2,92.3,12,2,2022-01-05 09:12:36
1641373956611522000,92.1,1,92.1,2,92.3,12,2,2022-01-05 09:12:36
1641373956794879000,92.3,1,92.1,2,92.3,11,1,2022-01-05 09:12:36
1641373959971878000,92.3,1,92.2,1,92.3,10,1,2022-01-05 09:12:39
1641373960695433000,92.3,3,92.2,1,92.3,7,1,2022-01-05 09:12:40
1641373964816280000,92.3,1,92.2,3,92.3,7,1,2022-01-05 09:12:44
1641373965423126000,92.3,1,92.2,3,92.3,6,1,2022-01-05 09:12:45
1641373966015989000,92.3,1,92.2,3,92.3,5,1,2022-01-05 09:12:46
1641373966664986000,92.3,2,92.2,4,92.3,3,1,2022-01-05 09:12:46
1641373966701162000,92.3,3,92.2,4,92.4,10,1,2022-01-05 09:12:46
1641373971029238000,92.4,1,92.3,3,92.4,9,1,2022-01-05 09:12:51
1641373971864094000,92.4,2,92.3,3,92.4,7,1,2022-01-05 09:12:51
1641373971897452000,92.4,1,92.3,3,92.4,6,1,2022-01-05 09:12:51
1641373972537552000,92.4,2,92.3,3,92.4,4,1,2022-01-05 09:12:52
1641373972570873000,92.4,4,92.3,3,92.5,9,1,2022-01-05 09:12:52
1641373974879536000,92.3,1,92.3,3,92.5,9,2,2022-01-05 09:12:54
1641373974979038000,92.5,1,92.3,3,92.5,8,1,2022-01-05 09:12:54
1641373975021335000,92.3,1,92.3,2,92.5,8,2,2022-01-05 09:12:55
1641373975208988000,92.5,1,92.3,2,92.5,6,1,2022-01-05 09:12:55
1641373976628433000,92.5,1,92.3,2,92.5,5,1,2022-01-05 09:12:56
1641373978123553000,92.3,2,92.2,5,92.5,9,2,2022-01-05 09:12:58
1641373978212495000,92.4,5,92.2,5,92.5,9,2,2022-01-05 09:12:58
1641373983482375000,92.4,1,92.4,1,92.5,10,2,2022-01-05 09:13:03
1641373987445049000,92.5,1,92.4,1,92.5,9,1,2022-01-05 09:13:07
1641373987478373000,92.4,1,92.2,6,92.5,9,2,2022-01-05 09:13:07
1641373988270948000,92.4,2,92.2,5,92.5,1,1,2022-01-05 09:13:08
1641373988270948000,92.5,8,92.2,5,92.5,1,1,2022-01-05 09:13:08
1641373991300716000,92.4,1,92.2,4,92.4,4,1,2022-01-05 09:13:11
1641373991911786000,92.4,1,92.2,4,92.4,3,1,2022-01-05 09:13:11
1641373994416306000,92.4,3,92.2,5,92.6,30,1,2022-01-05 09:13:14
1641373994416306000,92.5,2,92.2,5,92.6,30,1,2022-01-05 09:13:14
1641373994641895000,92.5,1,92.2,7,92.6,30,2,2022-01-05 09:13:14
1641373994752336000,92.2,1,92.2,6,92.6,30,2,2022-01-05 09:13:14
1641373995872595000,92.3,1,92.2,6,92.3,4,1,2022-01-05 09:13:15
1641373997748080000,92.3,1,92.2,5,92.3,3,1,2022-01-05 09:13:17
1641373998682684000,92.2,2,92.2,3,92.3,3,2,2022-01-05 09:13:18
1641374002293931000,92.3,1,92.2,3,92.3,2,1,2022-01-05 09:13:22
1641374009126700000,92.3,1,92.2,6,92.3,1,1,2022-01-05 09:13:29
1641374009158409000,92.2,6,92.1,8,92.3,1,2,2022-01-05 09:13:29
1641374009158608000,92.3,1,92.1,8,92.5,16,1,2022-01-05 09:13:29
1641374010400138000,92.1,3,92.1,6,92.2,2,2,2022-01-05 09:13:30
1641374015438952000,92.1,2,92.1,3,92.2,2,2,2022-01-05 09:13:35
1641374017082315000,92.1,2,92.1,1,92.2,2,2,2022-01-05 09:13:37
1641374018404703000,92.1,1,92.0,64,92.1,1,2,2022-01-05 09:13:38
1641374019126173000,92.1,1,92.0,64,92.2,2,1,2022-01-05 09:13:39
1641374024878396000,92.1,2,92.0,64,92.2,2,1,2022-01-05 09:13:44
1641374028807788000,92.1,13,92.0,64,92.1,2,2,2022-01-05 09:13:48
1641374029058048000,92.1,1,92.0,64,92.1,1,1,2022-01-05 09:13:49
1641374029528616000,92.1,1,92.0,64,92.2,2,1,2022-01-05 09:13:49
1641374030552831000,92.2,1,92.1,2,92.2,1,1,2022-01-05 09:13:50
1641374030577852000,92.2,1,92.1,2,92.3,6,1,2022-01-05 09:13:50
1641374031267286000,92.1,2,92.0,64,92.2,5,2,2022-01-05 09:13:51
1641374032636098000,92.0,7,92.0,57,92.2,5,2,2022-01-05 09:13:52
1641374032719718000,92.0,2,92.0,55,92.2,5,2,2022-01-05 09:13:52
1641374032954499000,92.0,12,92.0,43,92.2,5,2,2022-01-05 09:13:52
1641374032979710000,92.0,17,92.0,26,92.2,5,2,2022-01-05 09:13:52
1641374032979730000,92.0,4,92.0,22,92.2,5,2,2022-01-05 09:13:52
1641374033010412000,92.0,3,92.0,19,92.2,5,2,2022-01-05 09:13:53
1641374033010858000,92.0,10,92.0,9,92.2,5,2,2022-01-05 09:13:53
1641374033362572000,92.0,9,91.9,8,92.1,1,2,2022-01-05 09:13:53
1641374033373118000,92.1,1,92.1,2,92.2,5,1,2022-01-05 09:13:53
1641374033405155000,92.1,1,92.1,1,92.2,5,2,2022-01-05 09:13:53
1641374033405380000,92.1,1,91.9,4,92.2,5,2,2022-01-05 09:13:53
1641374037189502000,92.0,1,91.9,4,92.0,6,1,2022-01-05 09:13:57
1641374037452236000,91.9,1,91.9,3,92.0,6,2,2022-01-05 09:13:57
1641374037672816000,91.9,2,91.9,1,92.0,6,2,2022-01-05 09:13:57
1641374039463971000,92.0,1,91.9,1,92.0,7,1,2022-01-05 09:13:59
1641374039979342000,92.0,1,91.9,1,92.0,6,1,2022-01-05 09:13:59
1641374040208445000,91.9,1,91.8,11,92.0,6,2,2022-01-05 09:14:00
1641374040277134000,92.0,1,91.8,11,92.0,5,1,2022-01-05 09:14:00
1641374041166334000,92.0,3,91.8,11,92.0,2,1,2022-01-05 09:14:01
1641374041369278000,92.0,1,91.8,11,92.0,1,1,2022-01-05 09:14:01
1641374052263880000,92.0,1,92.0,9,92.2,5,1,2022-01-05 09:14:12
1641374056508065000,92.0,1,92.0,8,92.2,5,2,2022-01-05 09:14:16
1641374057810504000,92.0,8,91.9,3,92.0,8,2,2022-01-05 09:14:17
1641374059965084000,92.0,1,91.9,10,92.0,8,1,2022-01-05 09:14:19
1641374065700744000,91.9,1,91.9,9,92.0,13,2,2022-01-05 09:14:25
1641374069239227000,92.0,13,91.9,9,92.0,1,1,2022-01-05 09:14:29
1641374069271807000,92.0,1,91.9,9,92.1,1,1,2022-01-05 09:14:29
1641374070184281000,91.9,4,91.9,5,92.1,1,2,2022-01-05 09:14:30
1641374072422145000,92.0,1,91.9,5,92.1,2,2,2022-01-05 09:14:32
1641374072422145000,91.9,3,91.9,5,92.1,2,2,2022-01-05 09:14:32
1641374077053574000,92.0,1,92.0,1,92.1,2,1,2022-01-05 09:14:37
1641374077866281000,92.0,1,91.9,5,92.1,2,2,2022-01-05 09:14:37
1641374081613173000,91.9,1,91.9,5,92.0,4,2,2022-01-05 09:14:41
1641374083517076000,91.9,1,91.9,4,92.0,5,2,2022-01-05 09:14:43
1641374084358005000,92.0,1,91.9,4,92.0,4,1,2022-01-05 09:14:44
1641374093644616000,92.0,1,91.9,12,92.0,4,1,2022-01-05 09:14:53
1641374094288113000,92.0,4,91.9,16,92.1,5,1,2022-01-05 09:14:54
1641374095452807000,92.1,5,92.0,6,92.2,5,1,2022-01-05 09:14:55
1641374095483647000,92.2,5,92.0,6,92.3,1,1,2022-01-05 09:14:55
1641374116420471000,92.2,5,92.1,6,92.3,6,1,2022-01-05 09:15:16
1641374116480701000,92.2,1,92.1,6,92.3,6,2,2022-01-05 09:15:16
1641374116493123000,92.1,1,92.1,5,92.3,6,2,2022-01-05 09:15:16
1641374116496148000,92.1,1,92.1,4,92.3,6,2,2022-01-05 09:15:16
1641374120945266000,92.3,1,92.1,5,92.3,5,1,2022-01-05 09:15:20
1641374124834266000,92.2,1,92.1,5,92.2,1,1,2022-01-05 09:15:24
1641374128501621000,92.1,4,92.1,2,92.2,3,2,2022-01-05 09:15:28
1641374128536004000,92.1,2,92.0,11,92.2,3,2,2022-01-05 09:15:28
1641374143341849000,92.1,2,92.0,11,92.1,3,2,2022-01-05 09:15:43
1641374145842827000,92.0,8,92.0,3,92.1,3,2,2022-01-05 09:15:45
1641374145868208000,92.0,1,92.0,2,92.1,3,2,2022-01-05 09:15:45
1641374145868231000,92.0,2,91.9,16,92.1,3,2,2022-01-05 09:15:45
1641374153033096000,91.9,12,91.9,4,92.0,5,2,2022-01-05 09:15:53
1641374153065621000,91.9,4,91.8,16,92.0,5,2,2022-01-05 09:15:53
1641374156864213000,91.8,4,91.8,12,91.9,5,2,2022-01-05 09:15:56
1641374156891392000,91.8,5,91.8,7,91.9,5,2,2022-01-05 09:15:56
1641374156891484000,91.8,3,91.8,4,91.9,5,2,2022-01-05 09:15:56
1641374156921997000,91.8,4,91.7,13,91.9,5,2,2022-01-05 09:15:56
1641374157367780000,91.8,1,91.7,13,91.8,3,1,2022-01-05 09:15:57
1641374159278027000,91.7,1,91.7,12,91.9,5,2,2022-01-05 09:15:59
1641374165344706000,91.7,2,91.7,10,91.9,6,2,2022-01-05 09:16:05
1641374165579589000,91.9,1,91.7,10,91.9,5,1,2022-01-05 09:16:05
1641374166468390000,91.7,1,91.7,9,91.8,1,2,2022-01-05 09:16:06
1641374173277056000,91.7,3,91.7,8,91.8,1,2,2022-01-05 09:16:13
1641374174779278000,91.7,2,91.7,6,91.8,1,2,2022-01-05 09:16:14
1641374176201529000,91.8,1,91.7,6,91.9,3,1,2022-01-05 09:16:16
1641374178179041000,91.8,2,91.7,7,91.9,3,1,2022-01-05 09:16:18
1641374178835697000,91.8,1,91.7,7,91.9,3,2,2022-01-05 09:16:18
1641374181766247000,91.7,7,91.6,10,91.7,1,2,2022-01-05 09:16:21
1641374181791205000,91.7,1,91.6,10,91.9,3,1,2022-01-05 09:16:21
1641374183810284000,91.8,1,91.8,1,91.9,2,2,2022-01-05 09:16:23
1641374184344576000,91.8,1,91.7,1,91.9,2,2,2022-01-05 09:16:24
1641374184706736000,91.7,1,91.6,10,91.9,2,2,2022-01-05 09:16:24
1641374187791105000,91.8,1,91.7,1,91.9,4,1,2022-01-05 09:16:27
1641374194488888000,91.7,1,91.6,9,91.8,8,2,2022-01-05 09:16:34
1641374201853653000,91.6,3,91.6,7,91.8,8,2,2022-01-05 09:16:41
1641374202475192000,91.6,1,91.6,6,91.8,8,2,2022-01-05 09:16:42
1641374204683853000,91.7,1,91.7,1,91.8,9,2,2022-01-05 09:16:44
1641374205471448000,91.7,1,91.6,8,91.8,9,2,2022-01-05 09:16:45
1641374208560129000,91.8,7,91.6,8,91.8,3,1,2022-01-05 09:16:48
1641374208599913000,91.8,3,91.6,8,91.9,2,1,2022-01-05 09:16:48
1641374208620364000,91.9,2,91.6,8,92.0,1,1,2022-01-05 09:16:48
1641374208640879000,92.0,1,91.6,9,92.2,1,1,2022-01-05 09:16:48
1641374208692819000,91.8,1,91.7,1,92.1,1,1,2022-01-05 09:16:48
1641374209490826000,91.8,1,91.8,9,92.2,2,2,2022-01-05 09:16:49
1641374210314464000,91.8,3,91.8,6,92.2,2,2,2022-01-05 09:16:50
1641374211470945000,92.0,1,91.8,6,92.2,2,2,2022-01-05 09:16:51
1641374212681359000,91.8,2,91.8,4,92.2,2,2,2022-01-05 09:16:52
1641374223021229000,91.8,1,91.8,3,92.1,6,2,2022-01-05 09:17:03
1641374232663721000,91.9,2,91.8,5,92.0,1,1,2022-01-05 09:17:12
1641374232760271000,91.8,1,91.8,4,92.0,1,2,2022-01-05 09:17:12
1641374251170173000,91.9,1,91.9,1,92.0,2,2,2022-01-05 09:17:31
1641374251969615000,91.9,1,91.7,9,91.8,1,2,2022-01-05 09:17:31
1641374251969615000,91.8,7,91.7,9,91.8,1,2,2022-01-05 09:17:31
1641374257639847000,91.8,1,91.9,8,92.0,2,1,2022-01-05 09:17:37
1641374264298822000,91.9,1,91.9,7,92.0,1,2,2022-01-05 09:17:44
1641374271291344000,91.9,1,91.9,6,92.0,1,2,2022-01-05 09:17:51
1641374284229091000,91.9,1,91.9,7,92.0,2,2,2022-01-05 09:18:04
1641374284253790000,91.9,7,91.8,5,92.0,2,2,2022-01-05 09:18:04
1641374284879811000,92.0,1,91.8,5,92.0,1,1,2022-01-05 09:18:04
1641374303145002000,92.1,5,91.9,1,92.2,2,1,2022-01-05 09:18:23
1641374315318046000,92.2,1,92.1,1,92.2,1,1,2022-01-05 09:18:35
1641374325601404000,92.3,5,92.2,3,92.4,8,1,2022-01-05 09:18:45
1641374342510909000,92.2,1,92.2,6,92.3,5,2,2022-01-05 09:19:02
1641374353667471000,92.2,1,92.2,5,92.3,5,2,2022-01-05 09:19:13
1641374354779453000,92.3,5,92.2,5,92.4,6,1,2022-01-05 09:19:14
1641374368445939000,92.2,1,92.2,4,92.3,10,2,2022-01-05 09:19:28
1641374371127228000,92.3,1,92.2,4,92.3,9,1,2022-01-05 09:19:31
1641374372829156000,92.3,9,92.3,1,92.4,6,1,2022-01-05 09:19:32
1641374373659084000,92.3,1,92.2,5,92.4,6,2,2022-01-05 09:19:33
1641374376527835000,92.3,1,92.3,2,92.4,6,2,2022-01-05 09:19:36
1641374386339096000,92.3,3,92.2,6,92.4,6,2,2022-01-05 09:19:46
1641374388404509000,92.2,6,92.1,2,92.2,7,2,2022-01-05 09:19:48
1641374391319735000,92.2,5,92.1,2,92.2,2,1,2022-01-05 09:19:51
1641374391342395000,92.2,2,92.1,2,92.4,6,1,2022-01-05 09:19:51
1641374392087529000,92.1,1,92.1,1,92.4,6,2,2022-01-05 09:19:52
1641374400533687000,92.1,1,92.0,5,92.3,10,2,2022-01-05 09:20:00
1641374404379325000,92.1,1,92.1,4,92.3,10,2,2022-01-05 09:20:04
1641374408505392000,92.3,1,92.1,4,92.3,9,1,2022-01-05 09:20:08
1641374411362557000,92.1,4,92.0,5,92.3,9,2,2022-01-05 09:20:11
1641374421355958000,92.0,7,91.9,12,92.3,10,2,2022-01-05 09:20:21
1641374428358559000,91.9,12,91.8,12,92.2,5,2,2022-01-05 09:20:28
1641374444496284000,92.0,1,91.8,14,92.1,16,2,2022-01-05 09:20:44
1641374452428986000,91.9,1,91.8,14,92.1,15,2,2022-01-05 09:20:52
1641374457150521000,91.9,1,91.9,2,92.1,10,2,2022-01-05 09:20:57
1641374476219285000,91.9,1,91.9,2,92.0,3,2,2022-01-05 09:21:16
1641374487389348000,91.9,2,91.9,1,92.0,3,2,2022-01-05 09:21:27
1641374490261646000,91.9,1,91.8,14,92.0,4,2,2022-01-05 09:21:30
1641374504724541000,91.9,1,91.9,9,92.0,4,1,2022-01-05 09:21:44
1641374508515664000,92.0,1,91.9,9,92.1,5,1,2022-01-05 09:21:48
1641374521324777000,92.0,1,92.0,1,92.1,6,2,2022-01-05 09:22:01
1641374528206244000,92.0,1,91.9,9,92.1,6,2,2022-01-05 09:22:08
1641374533572631000,92.0,2,91.9,8,92.1,6,2,2022-01-05 09:22:13
1641374533572631000,91.9,1,91.9,8,92.1,6,2,2022-01-05 09:22:13
1641374547219746000,92.0,1,91.9,8,92.1,6,2,2022-01-05 09:22:27
1641374548097021000,91.9,1,91.9,7,92.1,6,2,2022-01-05 09:22:28
1641374575817132000,91.9,2,91.9,8,92.0,4,2,2022-01-05 09:22:55
1641374582574139000,91.9,1,91.9,7,92.0,4,2,2022-01-05 09:23:02
1641374587261152000,91.9,4,91.9,3,92.0,4,2,2022-01-05 09:23:07
1641374592424516000,91.9,2,91.9,2,92.0,4,2,2022-01-05 09:23:12
1641374593547893000,91.9,1,91.9,1,92.0,4,2,2022-01-05 09:23:13
1641374601854355000,91.9,1,91.9,1,92.0,4,2,2022-01-05 09:23:21
1641374607159552000,91.9,1,91.8,25,92.0,4,2,2022-01-05 09:23:27
1641374614710255000,91.9,1,91.8,25,92.0,4,2,2022-01-05 09:23:34
1641374616729714000,92.0,1,91.8,25,92.0,4,1,2022-01-05 09:23:36
1641374618818871000,91.8,1,91.8,24,91.9,1,2,2022-01-05 09:23:38
1641374619045998000,91.8,12,91.8,12,91.9,1,2,2022-01-05 09:23:39
1641374624902644000,91.9,1,92.0,5,92.1,5,1,2022-01-05 09:23:44
1641374624902644000,92.0,4,92.0,5,92.1,5,1,2022-01-05 09:23:44
1641374630919270000,92.0,2,92.0,3,92.1,5,2,2022-01-05 09:23:50
1641374632222996000,92.0,3,91.8,12,92.1,5,2,2022-01-05 09:23:52
1641374654062983000,92.1,5,91.9,5,92.2,3,1,2022-01-05 09:24:14
1641374662587054000,92.0,1,92.0,1,92.2,2,2,2022-01-05 09:24:22
1641374684680894000,92.2,1,92.0,1,92.2,1,1,2022-01-05 09:24:44
1641374688192385000,92.2,1,92.2,2,92.3,6,1,2022-01-05 09:24:48
1641374691994377000,92.2,2,92.0,3,92.2,3,2,2022-01-05 09:24:51
1641374697386375000,92.2,3,92.0,4,92.3,5,1,2022-01-05 09:24:57
1641374706232954000,92.2,1,92.0,5,92.2,7,2,2022-01-05 09:25:06
1641374706452804000,92.2,1,92.0,5,92.2,6,1,2022-01-05 09:25:06
1641374708812188000,92.2,1,92.0,5,92.2,6,1,2022-01-05 09:25:08
1641374719468198000,92.1,1,92.1,1,92.2,10,1,2022-01-05 09:25:19
1641374723130383000,92.1,1,92.0,7,92.2,10,2,2022-01-05 09:25:23
1641374729020841000,92.1,1,92.0,7,92.2,10,2,2022-01-05 09:25:29
1641374730315618000,92.1,1,92.0,7,92.2,10,2,2022-01-05 09:25:30
1641374735485269000,92.2,1,92.0,7,92.2,9,1,2022-01-05 09:25:35
1641374752087996000,92.1,2,92.0,7,92.2,7,2,2022-01-05 09:25:52
1641374759480565000,92.0,2,92.0,5,92.2,7,2,2022-01-05 09:25:59
1641374762696504000,92.2,1,92.0,5,92.2,2,1,2022-01-05 09:26:02
1641374774105475000,92.1,1,92.0,5,92.2,2,2,2022-01-05 09:26:14
1641374779399558000,92.2,2,92.0,6,92.3,2,1,2022-01-05 09:26:19
1641374792666221000,92.2,1,92.0,8,92.3,2,1,2022-01-05 09:26:32
1641374806209698000,92.2,1,92.1,7,92.2,4,1,2022-01-05 09:26:46
1641374813252298000,92.2,4,92.2,1,92.3,3,1,2022-01-05 09:26:53
1641374813863659000,92.2,1,92.1,8,92.2,8,2,2022-01-05 09:26:53
1641374820316180000,92.1,1,92.1,7,92.2,8,2,2022-01-05 09:27:00
1641374834141121000,92.1,10,92.0,7,92.1,2,2,2022-01-05 09:27:14
1641374835569407000,92.0,1,92.0,5,92.1,2,2,2022-01-05 09:27:15
1641374835893070000,92.0,5,91.9,5,92.0,5,2,2022-01-05 09:27:15
1641374863252275000,92.0,5,92.0,5,92.1,2,1,2022-01-05 09:27:43
1641374889883659000,92.0,6,91.9,6,92.0,6,2,2022-01-05 09:28:09
1641374897438877000,92.0,1,91.9,6,92.0,5,1,2022-01-05 09:28:17
1641374899730265000,92.0,5,91.9,6,92.0,4,1,2022-01-05 09:28:19
1641374917353159000,91.9,6,91.8,15,92.0,7,2,2022-01-05 09:28:37
1641374917686016000,92.0,1,91.8,15,92.0,6,1,2022-01-05 09:28:37
1641374919888403000,92.0,1,91.8,15,92.0,5,1,2022-01-05 09:28:39
1641374922381581000,92.0,1,91.8,15,92.0,4,1,2022-01-05 09:28:42
1641374935033799000,91.9,1,91.8,15,91.9,1,1,2022-01-05 09:28:55
1641374942739535000,91.8,10,91.8,5,91.9,2,2,2022-01-05 09:29:02
1641374942772638000,91.8,5,91.7,19,91.9,2,2,2022-01-05 09:29:02
1641374944220950000,91.7,1,91.7,18,91.9,2,2,2022-01-05 09:29:04
1641374945058430000,91.7,1,91.7,17,91.9,2,2,2022-01-05 09:29:05
1641374946834991000,91.7,5,91.7,12,91.9,3,2,2022-01-05 09:29:06
1641374946916096000,91.7,1,91.7,11,91.9,3,2,2022-01-05 09:29:06
1641374946950045000,91.7,3,91.7,8,91.9,3,2,2022-01-05 09:29:06
1641374947015076000,91.7,5,91.7,3,91.9,4,2,2022-01-05 09:29:07
1641374947942227000,91.7,1,91.7,2,91.8,1,2,2022-01-05 09:29:07
1641374948180215000,91.7,2,91.6,16,91.7,3,2,2022-01-05 09:29:08
1641374952834867000,91.6,2,91.6,13,91.7,3,2,2022-01-05 09:29:12
1641374955338792000,91.6,1,91.6,12,91.7,4,2,2022-01-05 09:29:15
1641374956143481000,91.6,3,91.6,9,91.7,4,2,2022-01-05 09:29:16
1641374956877782000,91.6,1,91.6,8,91.7,4,2,2022-01-05 09:29:16
1641374956907110000,91.6,3,91.6,5,91.7,4,2,2022-01-05 09:29:16
1641374958059305000,91.6,5,91.5,57,91.7,4,2,2022-01-05 09:29:18
1641374960740630000,91.5,1,91.5,56,91.6,7,2,2022-01-05 09:29:20
1641374965347083000,91.5,1,91.5,54,91.6,8,2,2022-01-05 09:29:25
1641374965407081000,91.5,1,91.5,53,91.6,8,2,2022-01-05 09:29:25
1641374966778359000,91.5,4,91.5,49,91.6,8,2,2022-01-05 09:29:26
1641374966816958000,91.5,3,91.5,46,91.6,8,2,2022-01-05 09:29:26
1641374967827039000,91.6,1,91.5,46,91.6,7,1,2022-01-05 09:29:27
1641374969160885000,91.5,1,91.5,45,91.6,7,2,2022-01-05 09:29:29
1641374969993369000,91.5,1,91.5,44,91.6,7,2,2022-01-05 09:29:29
1641374970468835000,91.5,1,91.5,43,91.6,7,2,2022-01-05 09:29:30
1641374972110910000,91.5,1,91.5,42,91.6,6,2,2022-01-05 09:29:32
1641374972194880000,91.5,20,91.5,22,91.6,6,2,2022-01-05 09:29:32
1641374972299594000,91.5,1,91.5,21,91.6,6,2,2022-01-05 09:29:32
1641374973066172000,91.5,2,91.5,19,91.6,7,2,2022-01-05 09:29:33
1641374974611380000,91.5,1,91.5,18,91.6,7,2,2022-01-05 09:29:34
1641374974653753000,91.5,1,91.5,17,91.6,7,2,2022-01-05 09:29:34
1641374974759472000,91.5,1,91.5,16,91.6,7,2,2022-01-05 09:29:34
1641374974955576000,91.5,1,91.5,15,91.6,7,2,2022-01-05 09:29:34
1641374975269589000,91.5,1,91.5,14,91.6,7,2,2022-01-05 09:29:35
1641374976223955000,91.5,1,91.5,13,91.6,7,2,2022-01-05 09:29:36
1641374976510915000,91.5,3,91.5,10,91.6,7,2,2022-01-05 09:29:36
1641374977320030000,91.5,10,91.4,5,91.5,10,2,2022-01-05 09:29:37
1641374978349394000,91.4,1,91.4,4,91.5,11,2,2022-01-05 09:29:38
1641374981005634000,91.4,1,91.4,3,91.5,12,2,2022-01-05 09:29:41
1641374982527602000,91.4,1,91.4,2,91.5,12,2,2022-01-05 09:29:42
1641374983197229000,91.4,2,91.3,7,91.5,12,2,2022-01-05 09:29:43
1641374983197229000,91.3,1,91.3,7,91.5,12,2,2022-01-05 09:29:43
1641374985550689000,91.3,1,91.3,6,91.4,6,2,2022-01-05 09:29:45
1641374987694882000,91.4,12,91.4,8,91.5,11,1,2022-01-05 09:29:47
1641374989369803000,91.4,3,91.4,5,91.5,12,2,2022-01-05 09:29:49
1641374991643603000,91.4,2,91.4,3,91.5,12,2,2022-01-05 09:29:51
1641374991941625000,91.4,1,91.4,2,91.5,12,2,2022-01-05 09:29:51
1641374992829273000,91.4,2,91.3,6,91.5,12,2,2022-01-05 09:29:52
1641374999164738000,91.4,1,91.4,1,91.5,11,2,2022-01-05 09:29:59
1641375007054484000,91.4,2,91.3,8,91.4,3,2,2022-01-05 09:30:07
1641375007338771000,91.3,1,91.3,7,91.4,4,2,2022-01-05 09:30:07
1641375007352704000,91.3,3,91.3,4,91.4,4,2,2022-01-05 09:30:07
1641375010745985000,91.3,4,91.0,38,91.4,4,2,2022-01-05 09:30:10
1641375010745985000,91.2,11,91.0,38,91.4,4,2,2022-01-05 09:30:10
1641375010745985000,91.1,13,91.0,38,91.4,4,2,2022-01-05 09:30:10
1641375010745985000,91.0,22,91.0,38,91.4,4,2,2022-01-05 09:30:10
1641375012937045000,91.0,3,91.0,35,91.4,7,2,2022-01-05 09:30:12
1641375015225945000,91.0,20,91.0,15,91.3,1,2,2022-01-05 09:30:15
1641375016530710000,91.0,5,91.0,11,91.3,2,2,2022-01-05 09:30:16
1641375018375542000,91.0,1,91.0,10,91.3,3,2,2022-01-05 09:30:18
1641375018838221000,91.0,2,91.0,8,91.3,3,2,2022-01-05 09:30:18
1641375019911650000,91.3,1,91.0,8,91.3,2,1,2022-01-05 09:30:19
1641375019962462000,91.0,1,91.0,7,91.3,2,2,2022-01-05 09:30:19
1641375020313420000,91.0,1,91.0,6,91.3,2,2,2022-01-05 09:30:20
1641375020596303000,91.0,1,91.0,5,91.3,2,2,2022-01-05 09:30:20
1641375020730629000,91.0,1,91.0,4,91.3,2,2,2022-01-05 09:30:20
1641375020915593000,91.0,2,91.0,2,91.3,2,2,2022-01-05 09:30:20
1641375021114651000,91.0,1,91.0,1,91.3,2,2,2022-01-05 09:30:21
1641375021668176000,91.0,1,90.8,6,91.3,2,2,2022-01-05 09:30:21
1641375021668176000,90.9,1,90.8,6,91.3,2,2,2022-01-05 09:30:21
1641375023719176000,90.9,1,90.8,6,90.9,1,2,2022-01-05 09:30:23
1641375025282367000,90.9,1,90.8,6,90.9,1,1,2022-01-05 09:30:25
1641375025807626000,90.8,6,90.5,11,90.9,1,2,2022-01-05 09:30:25
1641375025807626000,90.7,2,90.5,11,90.9,1,2,2022-01-05 09:30:25
1641375025807626000,90.6,4,90.5,11,90.9,1,2,2022-01-05 09:30:25
1641375025807626000,90.5,6,90.5,11,90.9,1,2,2022-01-05 09:30:25
1641375026203398000,90.5,1,90.5,10,90.9,1,2,2022-01-05 09:30:26
1641375030134699000,90.8,1,90.6,7,90.8,1,1,2022-01-05 09:30:30
1641375033560085000,90.6,2,90.6,6,90.8,3,2,2022-01-05 09:30:33
1641375035063779000,90.7,2,90.6,4,90.8,3,2,2022-01-05 09:30:35
1641375035063779000,90.6,2,90.6,4,90.8,3,2,2022-01-05 09:30:35
1641375037305360000,90.8,1,90.6,4,90.8,3,1,2022-01-05 09:30:37
1641375040189201000,90.6,1,90.6,6,90.8,3,2,2022-01-05 09:30:40
1641375040222503000,90.6,2,90.6,4,90.8,3,2,2022-01-05 09:30:40
1641375041089849000,90.7,1,90.6,4,90.8,3,2,2022-01-05 09:30:41
1641375043602106000,90.6,1,90.6,4,90.8,6,2,2022-01-05 09:30:43
1641375046793234000,90.7,5,90.6,5,90.8,6,1,2022-01-05 09:30:46
1641375046812094000,90.6,5,90.5,12,90.6,5,2,2022-01-05 09:30:46
1641375046846488000,90.6,5,90.5,12,90.8,6,1,2022-01-05 09:30:46
1641375047649096000,90.6,1,90.5,13,90.6,1,1,2022-01-05 09:30:47
1641375047676355000,90.6,1,90.5,13,90.8,6,1,2022-01-05 09:30:47
1641375049317005000,90.6,3,90.5,8,90.8,6,2,2022-01-05 09:30:49
1641375049317005000,90.5,5,90.5,8,90.8,6,2,2022-01-05 09:30:49
1641375049648817000,90.8,1,90.5,8,90.8,5,1,2022-01-05 09:30:49
1641375050227838000,90.5,1,90.5,7,90.8,5,2,2022-01-05 09:30:50
1641375050919791000,90.6,1,90.6,1,90.8,5,2,2022-01-05 09:30:50
1641375056440012000,90.6,2,90.6,5,90.7,1,2,2022-01-05 09:30:56
1641375058883169000,90.6,5,90.5,2,90.7,2,2,2022-01-05 09:30:58
1641375058883169000,90.5,5,90.5,2,90.7,2,2,2022-01-05 09:30:58
1641375060017777000,90.5,2,90.4,3,90.5,8,2,2022-01-05 09:31:00
1641375060986519000,90.5,1,90.4,3,90.5,17,1,2022-01-05 09:31:00
1641375063588764000,90.4,2,90.4,1,90.5,19,2,2022-01-05 09:31:03
1641375063885944000,90.5,1,90.4,1,90.5,18,1,2022-01-05 09:31:03
1641375068378872000,90.5,1,90.4,2,90.5,21,1,2022-01-05 09:31:08
1641375070391262000,90.4,2,90.3,1,90.5,21,2,2022-01-05 09:31:10
1641375070857483000,90.5,1,90.3,2,90.5,20,1,2022-01-05 09:31:10
1641375073423153000,90.3,2,90.2,8,90.3,1,2,2022-01-05 09:31:13
1641375073446112000,90.3,1,90.2,8,90.5,18,1,2022-01-05 09:31:13
1641375073620448000,90.2,3,90.2,5,90.4,3,2,2022-01-05 09:31:13
1641375073986812000,90.4,1,90.2,5,90.4,2,1,2022-01-05 09:31:13
1641375076998284000,90.2,6,90.1,22,90.4,2,2,2022-01-05 09:31:16
1641375078206654000,90.3,1,90.1,22,90.4,7,2,2022-01-05 09:31:18
1641375078685097000,90.3,1,90.3,4,90.4,7,2,2022-01-05 09:31:18
1641375083591716000,90.3,2,90.3,2,90.4,7,2,2022-01-05 09:31:23
1641375083668206000,90.3,2,90.2,1,90.4,7,2,2022-01-05 09:31:23
1641375087800266000,90.3,10,90.2,1,90.4,7,1,2022-01-05 09:31:27
1641375088024931000,90.4,6,90.2,3,90.4,1,1,2022-01-05 09:31:28
1641375088045637000,90.4,1,90.2,3,90.5,17,1,2022-01-05 09:31:28
1641375088299295000,90.5,5,90.2,3,90.5,12,1,2022-01-05 09:31:28
1641375088333508000,90.5,10,90.2,3,90.5,2,1,2022-01-05 09:31:28
1641375088363489000,90.5,2,90.2,3,90.8,2,1,2022-01-05 09:31:28
1641375088462205000,90.3,1,90.2,3,90.7,1,2,2022-01-05 09:31:28
1641375090272494000,90.3,1,90.2,14,90.3,4,2,2022-01-05 09:31:30
1641375090306483000,90.3,3,90.2,14,90.3,1,1,2022-01-05 09:31:30
1641375090306499000,90.3,1,90.2,14,90.7,1,1,2022-01-05 09:31:30
1641375091566652000,90.3,2,90.2,13,90.7,1,1,2022-01-05 09:31:31
1641375093836629000,90.3,1,90.3,14,90.5,5,2,2022-01-05 09:31:33
1641375096570998000,90.5,1,90.3,15,90.5,4,1,2022-01-05 09:31:36
1641375096865562000,90.5,1,90.3,15,90.5,3,1,2022-01-05 09:31:36
1641375096898085000,90.5,3,90.3,15,90.7,1,1,2022-01-05 09:31:36
1641375098425305000,90.5,1,90.3,15,90.5,1,1,2022-01-05 09:31:38
1641375099977374000,90.5,2,90.4,3,90.7,1,1,2022-01-05 09:31:39
1641375103910887000,90.4,5,90.3,13,90.6,5,2,2022-01-05 09:31:43
1641375103910887000,90.3,5,90.3,13,90.6,5,2,2022-01-05 09:31:43
1641375109316996000,90.5,1,90.5,1,90.6,5,2,2022-01-05 09:31:49
1641375110603930000,90.5,1,90.4,3,90.6,5,2,2022-01-05 09:31:50
1641375110603930000,90.4,1,90.4,3,90.6,5,2,2022-01-05 09:31:50
1641375111756586000,90.4,2,90.4,1,90.6,5,2,2022-01-05 09:31:51
1641375113133656000,90.4,1,90.3,15,90.6,10,2,2022-01-05 09:31:53
1641375115167575000,90.5,1,90.4,1,90.5,4,1,2022-01-05 09:31:55
1641375115188962000,90.5,4,90.4,1,90.6,10,1,2022-01-05 09:31:55
1641375115219635000,90.6,1,90.4,1,90.6,9,1,2022-01-05 09:31:55
1641375116751951000,90.4,1,90.3,15,90.5,1,2,2022-01-05 09:31:56
1641375116751951000,90.3,4,90.3,15,90.5,1,2,2022-01-05 09:31:56
1641375117794116000,90.5,1,90.4,1,90.5,1,1,2022-01-05 09:31:57
1641375120174332000,90.4,5,90.4,1,90.5,2,2,2022-01-05 09:32:00
1641375120205745000,90.4,1,90.3,15,90.5,2,2,2022-01-05 09:32:00
1641375125195889000,90.4,1,90.3,12,90.5,3,2,2022-01-05 09:32:05
1641375125195889000,90.3,4,90.3,12,90.5,3,2,2022-01-05 09:32:05
1641375125934932000,90.3,12,90.2,20,90.3,8,2,2022-01-05 09:32:05
1641375126839014000,90.3,2,90.2,19,90.3,6,1,2022-01-05 09:32:06
1641375127709555000,90.3,2,90.2,19,90.3,4,1,2022-01-05 09:32:07
1641375131035194000,90.2,1,90.2,18,90.3,4,2,2022-01-05 09:32:11
1641375134292338000,90.2,1,90.2,17,90.3,5,2,2022-01-05 09:32:14
1641375134335150000,90.2,2,90.2,15,90.3,5,2,2022-01-05 09:32:14
1641375137269343000,90.3,6,90.3,14,90.5,3,1,2022-01-05 09:32:17
1641375143618859000,90.3,1,90.3,14,90.4,20,2,2022-01-05 09:32:23
1641375146489160000,90.4,1,90.3,14,90.4,19,1,2022-01-05 09:32:26
1641375149621720000,90.4,3,90.3,18,90.4,16,1,2022-01-05 09:32:29
1641375150625922000,90.3,15,90.3,4,90.4,16,2,2022-01-05 09:32:30
1641375152464926000,90.3,4,90.2,17,90.4,16,2,2022-01-05 09:32:32
1641375154178552000,90.3,2,90.2,17,90.4,16,1,2022-01-05 09:32:34
1641375155951137000,90.3,1,90.2,17,90.3,9,1,2022-01-05 09:32:35
1641375163830125000,90.3,1,90.2,17,90.3,10,1,2022-01-05 09:32:43
1641375164789381000,90.3,1,90.2,17,90.3,9,1,2022-01-05 09:32:44
1641375166074918000,90.3,5,90.2,12,90.3,4,1,2022-01-05 09:32:46
1641375166086946000,90.3,4,90.3,1,90.4,16,1,2022-01-05 09:32:46
1641375166582173000,90.3,1,90.2,12,90.3,2,2,2022-01-05 09:32:46
1641375169027516000,90.3,1,90.2,12,90.3,3,1,2022-01-05 09:32:49
1641375169047016000,90.3,3,90.3,7,90.4,16,1,2022-01-05 09:32:49
1641375170017590000,90.3,5,90.3,2,90.4,16,2,2022-01-05 09:32:50
1641375170059211000,90.3,2,90.2,12,90.4,16,2,2022-01-05 09:32:50
1641375170284530000,90.2,1,90.2,11,90.4,16,2,2022-01-05 09:32:50
1641375174175726000,90.3,1,90.3,6,90.4,10,2,2022-01-05 09:32:54
1641375175237605000,90.3,6,90.3,1,90.4,10,2,2022-01-05 09:32:55
1641375176228699000,90.3,1,90.2,12,90.3,2,2,2022-01-05 09:32:56
1641375178488406000,90.3,1,90.2,12,90.3,3,1,2022-01-05 09:32:58
1641375180484198000,90.2,3,90.2,9,90.3,23,2,2022-01-05 09:33:00
1641375182043515000,90.2,1,90.2,8,90.3,23,2,2022-01-05 09:33:02
1641375182343352000,90.2,1,90.2,7,90.3,23,2,2022-01-05 09:33:02
1641375182558388000,90.2,2,90.2,5,90.3,23,2,2022-01-05 09:33:02
1641375182584670000,90.2,5,90.1,24,90.3,23,2,2022-01-05 09:33:02
1641375184111565000,90.1,1,90.1,23,90.3,23,2,2022-01-05 09:33:04
1641375184550322000,90.1,1,90.1,22,90.3,23,2,2022-01-05 09:33:04
1641375186785270000,90.1,1,90.1,21,90.2,1,2,2022-01-05 09:33:06
1641375188024543000,90.1,7,90.1,14,90.2,2,2,2022-01-05 09:33:08
1641375188057868000,90.1,3,90.1,11,90.2,2,2,2022-01-05 09:33:08
1641375188058110000,90.1,2,90.1,9,90.2,2,2,2022-01-05 09:33:08
1641375189003941000,90.2,1,90.1,9,90.3,24,1,2022-01-05 09:33:09
1641375189374844000,90.2,2,90.1,9,90.3,24,2,2022-01-05 09:33:09
1641375191682300000,90.1,2,90.1,7,90.3,24,2,2022-01-05 09:33:11
1641375191793772000,90.1,2,90.1,5,90.3,24,2,2022-01-05 09:33:11
1641375195008395000,90.2,2,90.1,5,90.2,2,1,2022-01-05 09:33:15
1641375195353016000,90.1,5,90.0,38,90.2,2,2,2022-01-05 09:33:15
1641375199975236000,90.1,3,90.0,20,90.2,2,2,2022-01-05 09:33:19
1641375199975236000,90.0,18,90.0,20,90.2,2,2,2022-01-05 09:33:19
1641375200897593000,90.1,1,90.0,20,90.2,2,2,2022-01-05 09:33:20
1641375202422974000,90.0,1,90.0,19,90.1,5,2,2022-01-05 09:33:22
1641375205075435000,90.1,1,90.0,19,90.1,4,1,2022-01-05 09:33:25
1641375205457567000,90.0,1,90.0,28,90.1,4,2,2022-01-05 09:33:25
1641375206365481000,90.0,2,90.0,26,90.1,4,2,2022-01-05 09:33:26
1641375206381839000,90.1,1,90.0,26,90.1,3,1,2022-01-05 09:33:26
1641375206710899000,90.0,1,90.0,25,90.1,3,2,2022-01-05 09:33:26
1641375207104387000,90.0,1,90.0,24,90.1,3,2,2022-01-05 09:33:27
1641375207107511000,90.0,17,90.0,7,90.1,3,2,2022-01-05 09:33:27
1641375207196817000,90.1,1,90.0,7,90.1,2,1,2022-01-05 09:33:27
1641375209337317000,90.0,1,90.0,13,90.1,5,2,2022-01-05 09:33:29
1641375209620460000,90.0,4,90.0,9,90.1,5,2,2022-01-05 09:33:29
1641375210628632000,90.0,1,90.0,8,90.1,5,2,2022-01-05 09:33:30
1641375210979805000,90.1,5,90.0,58,90.2,3,1,2022-01-05 09:33:30
1641375211127323000,90.0,1,90.0,57,90.2,3,2,2022-01-05 09:33:31
1641375211168148000,90.2,1,90.0,107,90.2,2,1,2022-01-05 09:33:31
1641375211197637000,90.2,2,90.0,107,90.3,14,1,2022-01-05 09:33:31
1641375211337335000,90.0,1,90.0,106,90.3,14,2,2022-01-05 09:33:31
1641375211656846000,90.0,1,90.0,105,90.3,14,2,2022-01-05 09:33:31
1641375211898903000,90.1,1,90.0,155,90.3,13,1,2022-01-05 09:33:31
1641375212178383000,90.1,1,90.0,155,90.3,13,2,2022-01-05 09:33:32
1641375215022688000,90.1,1,90.1,1,90.2,5,2,2022-01-05 09:33:35
1641375216478025000,90.1,1,90.0,5,90.2,5,2,2022-01-05 09:33:36
1641375217333380000,90.1,1,90.0,6,90.2,5,2,2022-01-05 09:33:37
1641375222864939000,90.0,1,90.0,6,90.1,1,2,2022-01-05 09:33:42
1641375225152394000,90.0,1,90.0,10,90.1,1,2,2022-01-05 09:33:45
1641375226621659000,90.0,10,90.0,4,90.1,2,2,2022-01-05 09:33:46
1641375226655717000,90.0,2,90.0,2,90.1,2,2,2022-01-05 09:33:46
1641375226753837000,90.0,1,90.0,1,90.1,2,2,2022-01-05 09:33:46
1641375230932506000,90.1,4,90.1,7,90.2,5,1,2022-01-05 09:33:50
1641375232140688000,90.1,2,90.1,5,90.2,5,2,2022-01-05 09:33:52
1641375232537954000,90.1,1,90.1,4,90.2,5,2,2022-01-05 09:33:52
1641375233413053000,90.1,4,90.1,1,90.2,5,2,2022-01-05 09:33:53
1641375233441788000,90.2,2,90.1,1,90.2,3,1,2022-01-05 09:33:53
1641375236347439000,90.1,1,90.0,2,90.2,3,2,2022-01-05 09:33:56
1641375240370312000,90.1,1,90.0,10,90.2,8,2,2022-01-05 09:34:00
1641375247236584000,90.1,1,90.1,3,90.2,9,2,2022-01-05 09:34:07
1641375248141950000,90.1,3,90.0,10,90.2,9,2,2022-01-05 09:34:08
1641375248141950000,90.0,2,90.0,10,90.2,9,2,2022-01-05 09:34:08
1641375248607658000,90.2,9,90.0,10,90.3,10,1,2022-01-05 09:34:08
1641375248607658000,90.3,3,90.0,10,90.3,10,1,2022-01-05 09:34:08
1641375249685885000,90.3,4,90.1,6,90.3,6,1,2022-01-05 09:34:09
1641375249707451000,90.3,6,90.1,6,90.4,1,1,2022-01-05 09:34:09
1641375250007482000,90.2,2,90.1,6,90.4,1,1,2022-01-05 09:34:10
1641375257853746000,90.3,1,90.2,2,90.4,1,1,2022-01-05 09:34:17
1641375258588571000,90.4,1,90.3,1,90.5,2,1,2022-01-05 09:34:18
1641375268404844000,90.3,3,90.2,3,90.4,1,2,2022-01-05 09:34:28
1641375275971569000,90.2,1,90.2,2,90.3,5,2,2022-01-05 09:34:35
1641375283188703000,90.3,3,90.2,4,90.3,2,1,2022-01-05 09:34:43
1641375289606264000,90.3,2,90.2,8,90.4,3,1,2022-01-05 09:34:49
1641375293200569000,90.2,1,90.2,9,90.4,3,2,2022-01-05 09:34:53
1641375294070278000,90.2,1,90.2,8,90.4,3,2,2022-01-05 09:34:54
1641375302845875000,90.4,1,90.3,2,90.4,2,1,2022-01-05 09:35:02
1641375302877201000,90.4,2,90.3,2,90.5,4,1,2022-01-05 09:35:02
1641375307484480000,90.4,1,90.3,2,90.4,4,1,2022-01-05 09:35:07
1641375311787046000,90.4,2,90.3,1,90.4,4,1,2022-01-05 09:35:11
1641375314570725000,90.3,1,90.2,9,90.4,4,2,2022-01-05 09:35:14
1641375321085311000,90.3,1,90.2,13,90.3,5,1,2022-01-05 09:35:21
1641375324924899000,90.3,1,90.2,13,90.3,4,1,2022-01-05 09:35:24
1641375326083735000,90.3,4,90.3,6,90.4,5,1,2022-01-05 09:35:26
1641375328382213000,90.3,2,90.3,4,90.4,5,2,2022-01-05 09:35:28
1641375328416200000,90.3,1,90.3,3,90.4,5,2,2022-01-05 09:35:28
1641375328448594000,90.3,3,90.2,13,90.4,5,2,2022-01-05 09:35:28
1641375335331613000,90.3,1,90.2,13,90.3,3,1,2022-01-05 09:35:35
1641375337695514000,90.3,2,90.2,13,90.3,1,1,2022-01-05 09:35:37
1641375348651933000,90.2,5,90.2,8,90.3,2,2,2022-01-05 09:35:48
1641375348670166000,90.2,5,90.2,3,90.3,2,2,2022-01-05 09:35:48
1641375348683042000,90.3,1,90.2,3,90.3,1,1,2022-01-05 09:35:48
1641375348690812000,90.2,3,90.1,15,90.3,1,2,2022-01-05 09:35:48
1641375349044204000,90.3,1,90.1,15,90.4,5,1,2022-01-05 09:35:49
1641375350686010000,90.1,9,90.1,6,90.2,2,2,2022-01-05 09:35:50
1641375350717550000,90.1,6,90.0,25,90.2,2,2,2022-01-05 09:35:50
1641375357719918000,90.1,1,90.0,23,90.2,7,2,2022-01-05 09:35:57
1641375360794653000,90.1,1,90.0,23,90.2,8,2,2022-01-05 09:36:00
1641375360904645000,90.2,1,90.0,23,90.2,7,1,2022-01-05 09:36:00
1641375368678797000,90.2,1,90.0,24,90.2,6,1,2022-01-05 09:36:08
1641375368881633000,90.0,2,90.0,22,90.2,6,2,2022-01-05 09:36:08
1641375374571018000,90.1,3,90.1,2,90.2,3,2,2022-01-05 09:36:14
1641375376977213000,90.1,2,90.0,23,90.2,2,2,2022-01-05 09:36:16
1641375381291236000,90.1,1,90.0,23,90.2,3,1,2022-01-05 09:36:21
1641375392004731000,90.1,2,90.0,26,90.2,2,2,2022-01-05 09:36:32
1641375397957468000,90.0,10,90.0,16,90.1,7,2,2022-01-05 09:36:37
1641375398225797000,90.1,1,90.0,16,90.1,6,1,2022-01-05 09:36:38
1641375399073115000,90.0,1,90.0,15,90.1,6,2,2022-01-05 09:36:39
1641375401733809000,90.0,1,90.0,14,90.1,6,2,2022-01-05 09:36:41
1641375401868273000,90.0,1,90.0,13,90.1,6,2,2022-01-05 09:36:41
1641375403429178000,90.0,2,90.0,11,90.1,6,2,2022-01-05 09:36:43
1641375404638341000,90.1,1,90.0,11,90.1,5,1,2022-01-05 09:36:44
1641375406751596000,90.0,1,90.0,10,90.1,5,2,2022-01-05 09:36:46
1641375410576807000,90.0,1,90.0,10,90.1,5,2,2022-01-05 09:36:50
1641375411721169000,90.0,1,90.0,10,90.1,5,2,2022-01-05 09:36:51
1641375416234694000,90.0,1,90.0,9,90.1,5,2,2022-01-05 09:36:56
1641375417706745000,90.0,1,90.0,8,90.1,5,2,2022-01-05 09:36:57
1641375420048320000,90.0,1,90.0,7,90.1,5,2,2022-01-05 09:37:00
1641375422857325000,90.0,1,90.0,6,90.1,6,2,2022-01-05 09:37:02
1641375423136326000,90.0,1,90.0,5,90.1,6,2,2022-01-05 09:37:03
1641375424411252000,90.0,4,90.0,1,90.1,6,2,2022-01-05 09:37:04
1641375424897738000,90.0,1,90.0,1,90.1,6,2,2022-01-05 09:37:04
1641375426512642000,90.0,1,89.9,19,90.1,6,2,2022-01-05 09:37:06
1641375426728036000,89.9,2,89.9,17,90.1,6,2,2022-01-05 09:37:06
1641375433002745000,89.9,5,89.9,12,90.0,7,2,2022-01-05 09:37:13
1641375433366685000,90.0,2,89.9,12,90.0,5,1,2022-01-05 09:37:13
1641375438032059000,89.9,1,89.9,11,90.0,5,2,2022-01-05 09:37:18
1641375441251485000,89.9,11,89.8,19,90.0,5,2,2022-01-05 09:37:21
1641375444301837000,89.8,1,89.8,18,89.9,2,2,2022-01-05 09:37:24
1641375444699223000,89.8,5,89.8,13,89.9,2,2,2022-01-05 09:37:24
1641375446194910000,89.8,1,89.8,12,89.9,2,2,2022-01-05 09:37:26
1641375446320612000,89.8,1,89.8,11,89.9,2,2,2022-01-05 09:37:26
1641375446868899000,89.8,1,89.8,10,89.9,2,2,2022-01-05 09:37:26
1641375446870834000,89.8,1,89.8,9,89.9,2,2,2022-01-05 09:37:26
1641375446873399000,89.8,1,89.8,8,89.9,2,2,2022-01-05 09:37:26
1641375447255206000,89.8,1,89.8,7,89.9,3,2,2022-01-05 09:37:27
1641375447669829000,89.8,1,89.8,6,89.9,2,2,2022-01-05 09:37:27
1641375447702448000,89.8,1,89.8,5,89.9,2,2,2022-01-05 09:37:27
1641375448487566000,89.8,1,89.8,4,89.9,2,2,2022-01-05 09:37:28
1641375448731426000,89.8,1,89.8,3,89.9,2,2,2022-01-05 09:37:28
1641375449517727000,89.8,2,89.8,1,89.9,2,2,2022-01-05 09:37:29
1641375451225700000,89.8,1,89.7,2,89.9,1,2,2022-01-05 09:37:31
1641375451862865000,89.7,2,89.6,5,89.8,1,2,2022-01-05 09:37:31
1641375452081358000,89.8,1,89.6,5,89.8,1,1,2022-01-05 09:37:32
1641375458941951000,89.7,1,89.6,5,89.8,2,2,2022-01-05 09:37:38
1641375461872893000,89.6,5,89.5,9,89.8,2,2,2022-01-05 09:37:41
1641375462177010000,89.5,9,89.4,1,89.8,2,2,2022-01-05 09:37:42
1641375462177010000,89.4,1,89.4,1,89.8,2,2,2022-01-05 09:37:42
1641375462354428000,89.7,2,89.4,2,89.8,3,2,2022-01-05 09:37:42
1641375465318048000,89.4,1,89.4,1,89.8,3,2,2022-01-05 09:37:45
1641375466579820000,89.4,2,89.3,1,89.8,3,1,2022-01-05 09:37:46
1641375468203163000,89.3,1,89.1,2,89.7,30,2,2022-01-05 09:37:48
1641375468203163000,89.2,1,89.1,2,89.7,30,2,2022-01-05 09:37:48
1641375468203163000,89.1,1,89.1,2,89.7,30,2,2022-01-05 09:37:48
1641375469641173000,89.4,1,89.3,2,89.7,32,1,2022-01-05 09:37:49
1641375470096728000,89.3,1,89.3,1,89.7,32,2,2022-01-05 09:37:50
1641375472475945000,89.4,1,89.3,1,89.7,31,2,2022-01-05 09:37:52
1641375475704459000,89.3,1,89.3,1,89.4,1,2,2022-01-05 09:37:55
1641375476352200000,89.4,1,89.1,5,89.7,32,1,2022-01-05 09:37:56
1641375477828574000,89.4,2,89.2,2,89.7,32,1,2022-01-05 09:37:57
1641375479119704000,89.2,1,89.2,1,89.4,1,2,2022-01-05 09:37:59
1641375480003387000,89.4,1,89.2,3,89.6,3,1,2022-01-05 09:38:00
1641375481539277000,89.4,5,89.2,5,89.6,3,1,2022-01-05 09:38:01
1641375481847117000,89.2,1,89.2,4,89.6,3,2,2022-01-05 09:38:01
1641375484298917000,89.2,4,89.1,3,89.2,16,2,2022-01-05 09:38:04
1641375484332271000,89.2,11,89.1,3,89.2,5,1,2022-01-05 09:38:04
1641375484363483000,89.2,3,89.1,3,89.2,2,1,2022-01-05 09:38:04
1641375484363800000,89.2,2,89.1,3,89.6,3,1,2022-01-05 09:38:04
1641375487602696000,89.3,1,89.2,1,89.3,1,2,2022-01-05 09:38:07
1641375487619992000,89.3,1,89.2,1,89.4,30,1,2022-01-05 09:38:07
1641375491219222000,89.4,30,89.2,5,89.5,3,1,2022-01-05 09:38:11
1641375492130312000,89.3,2,89.2,6,89.5,3,1,2022-01-05 09:38:12
1641375492691549000,89.3,1,89.2,5,89.4,5,2,2022-01-05 09:38:12
1641375492691549000,89.2,1,89.2,5,89.4,5,2,2022-01-05 09:38:12
1641375493232715000,89.4,5,89.3,1,89.5,3,1,2022-01-05 09:38:13
1641375495397074000,89.3,2,89.2,5,89.4,5,2,2022-01-05 09:38:15
1641375496381869000,89.4,1,89.3,1,89.4,4,1,2022-01-05 09:38:16
1641375496637260000,89.3,1,89.3,1,89.4,4,2,2022-01-05 09:38:16
1641375496762039000,89.3,1,89.2,6,89.4,4,2,2022-01-05 09:38:16
1641375498408223000,89.4,5,89.3,51,89.4,5,1,2022-01-05 09:38:18
1641375498408380000,89.4,5,89.3,51,89.5,53,1,2022-01-05 09:38:18
1641375499978748000,89.5,2,89.4,5,89.5,51,1,2022-01-05 09:38:19
1641375499996240000,89.5,5,89.4,5,89.5,46,1,2022-01-05 09:38:19
1641375499996307000,89.5,16,89.4,5,89.5,30,1,2022-01-05 09:38:19
1641375500248423000,89.5,13,89.4,105,89.5,17,1,2022-01-05 09:38:20
1641375500278802000,89.5,17,89.4,105,89.6,3,1,2022-01-05 09:38:20
1641375502055561000,89.6,3,89.4,5,89.8,2,1,2022-01-05 09:38:22
1641375502055561000,89.7,1,89.4,5,89.8,2,1,2022-01-05 09:38:22
1641375502666567000,89.4,1,89.4,6,89.8,1,2,2022-01-05 09:38:22
1641375508801541000,89.7,5,89.5,2,90.0,34,1,2022-01-05 09:38:28
1641375508801541000,89.8,2,89.5,2,90.0,34,1,2022-01-05 09:38:28
1641375508801541000,89.9,1,89.5,2,90.0,34,1,2022-01-05 09:38:28
1641375508801541000,90.0,2,89.5,2,90.0,34,1,2022-01-05 09:38:28
1641375513305754000,89.6,1,89.5,3,89.7,5,2,2022-01-05 09:38:33
1641375513305754000,89.5,1,89.5,3,89.7,5,2,2022-01-05 09:38:33
1641375522461718000,89.7,1,89.6,1,89.7,4,1,2022-01-05 09:38:42
1641375528286465000,89.6,1,89.5,5,89.7,4,2,2022-01-05 09:38:48
1641375530241139000,89.7,1,89.5,5,89.7,3,1,2022-01-05 09:38:50
1641375537954273000,89.6,1,89.5,11,89.6,2,1,2022-01-05 09:38:57
1641375539126801000,89.5,5,89.5,6,89.6,2,2,2022-01-05 09:38:59
1641375539182503000,89.5,1,89.5,5,89.6,2,2,2022-01-05 09:38:59
1641375542467920000,89.6,3,89.5,5,89.7,3,1,2022-01-05 09:39:02
1641375543109094000,89.5,5,89.4,10,89.5,5,2,2022-01-05 09:39:03
1641375544671256000,89.4,9,89.3,6,89.4,11,2,2022-01-05 09:39:04
1641375547041883000,89.4,1,89.3,6,89.4,10,1,2022-01-05 09:39:07
1641375550121607000,89.4,5,89.3,6,89.4,5,1,2022-01-05 09:39:10
1641375554363767000,89.4,7,89.4,3,89.5,10,1,2022-01-05 09:39:14
1641375558400049000,89.5,10,90.0,1,90.1,2,1,2022-01-05 09:39:18
1641375558400049000,89.6,2,90.0,1,90.1,2,1,2022-01-05 09:39:18
1641375558400049000,89.9,4,90.0,1,90.1,2,1,2022-01-05 09:39:18
1641375558400049000,90.0,33,90.0,1,90.1,2,1,2022-01-05 09:39:18
1641375558427781000,90.0,1,89.4,5,90.1,2,2,2022-01-05 09:39:18
1641375559902171000,90.0,1,89.5,1,90.1,1,1,2022-01-05 09:39:19
1641375559902171000,90.1,1,89.5,1,90.1,1,1,2022-01-05 09:39:19
1641375562306699000,89.6,2,89.4,6,90.0,20,2,2022-01-05 09:39:22
1641375562306699000,89.5,2,89.4,6,90.0,20,2,2022-01-05 09:39:22
1641375562306699000,89.4,1,89.4,6,90.0,20,2,2022-01-05 09:39:22
1641375563011281000,90.0,1,89.6,1,90.0,19,1,2022-01-05 09:39:23
1641375563915630000,90.0,2,89.6,1,90.0,17,1,2022-01-05 09:39:23
1641375565069362000,90.0,1,89.6,2,90.0,16,1,2022-01-05 09:39:25
1641375567089971000,90.0,1,89.6,2,90.0,15,1,2022-01-05 09:39:27
1641375569735352000,90.0,1,89.7,1,90.0,14,1,2022-01-05 09:39:29
1641375570186343000,90.0,2,89.7,2,90.0,12,1,2022-01-05 09:39:30
1641375574483204000,90.0,1,89.7,2,90.0,16,1,2022-01-05 09:39:34
1641375577342215000,89.7,2,89.7,2,90.0,16,2,2022-01-05 09:39:37
1641375588616743000,89.7,7,89.6,7,90.0,17,2,2022-01-05 09:39:48
1641375604970439000,89.8,1,89.7,8,89.8,2,2,2022-01-05 09:40:04
1641375608430608000,89.8,2,89.8,8,90.0,12,1,2022-01-05 09:40:08
1641375613459006000,90.0,5,89.8,11,90.0,7,1,2022-01-05 09:40:13
1641375619697591000,90.0,2,89.8,15,90.0,6,1,2022-01-05 09:40:19
1641375623658298000,90.0,1,89.9,3,90.0,7,1,2022-01-05 09:40:23
1641375623808256000,90.0,2,89.9,3,90.0,5,1,2022-01-05 09:40:23
1641375629971016000,89.9,3,89.8,15,90.0,5,2,2022-01-05 09:40:29
1641375634185287000,90.0,1,89.8,13,90.0,4,1,2022-01-05 09:40:34
1641375640900489000,89.8,13,89.7,13,89.8,4,2,2022-01-05 09:40:40
1641375644404964000,89.7,2,89.7,11,89.8,4,2,2022-01-05 09:40:44
1641375644434248000,89.7,11,89.6,16,89.8,4,2,2022-01-05 09:40:44
1641375653274949000,89.7,1,89.6,15,89.8,4,1,2022-01-05 09:40:53
1641375656188736000,89.6,3,89.6,12,89.8,4,2,2022-01-05 09:40:56
1641375656216524000,89.6,12,89.5,13,89.8,4,2,2022-01-05 09:40:56
1641375664225179000,89.7,1,89.5,12,89.8,5,2,2022-01-05 09:41:04
1641375673898494000,89.7,1,89.5,12,89.8,4,2,2022-01-05 09:41:13
1641375689248800000,89.5,13,89.3,6,89.4,1,2,2022-01-05 09:41:29
1641375689248800000,89.4,6,89.3,6,89.4,1,2,2022-01-05 09:41:29
1641375695483421000,89.4,1,89.3,6,89.7,1,1,2022-01-05 09:41:35
1641375701273380000,89.3,7,89.2,7,89.7,5,2,2022-01-05 09:41:41
1641375701273380000,89.2,2,89.2,7,89.7,5,2,2022-01-05 09:41:41
1641375702301322000,89.4,1,89.2,6,89.6,1,2,2022-01-05 09:41:42
1641375709672582000,89.4,1,89.3,1,89.7,6,2,2022-01-05 09:41:49
1641375715476246000,89.3,1,89.3,2,89.4,2,2,2022-01-05 09:41:55
1641375720275375000,89.4,2,89.3,2,89.4,1,1,2022-01-05 09:42:00
1641375733911941000,89.3,2,89.3,1,89.4,6,2,2022-01-05 09:42:13
1641375737732733000,89.3,1,89.3,1,89.4,6,2,2022-01-05 09:42:17
1641375742580918000,89.3,1,89.3,2,89.4,5,2,2022-01-05 09:42:22
1641375742615636000,89.3,2,89.2,13,89.3,3,2,2022-01-05 09:42:22
1641375744303575000,89.3,1,89.2,12,89.3,3,1,2022-01-05 09:42:24
1641375744735394000,89.3,1,89.2,12,89.3,2,1,2022-01-05 09:42:24
1641375750475915000,89.3,1,89.2,12,89.3,1,1,2022-01-05 09:42:30
1641375751699962000,89.2,8,89.2,4,89.3,1,2,2022-01-05 09:42:31
1641375752320090000,89.3,1,89.2,4,89.4,5,1,2022-01-05 09:42:32
1641375771206033000,89.3,2,89.2,8,89.3,1,1,2022-01-05 09:42:51
1641375771237676000,89.3,1,89.2,8,89.4,5,1,2022-01-05 09:42:51
1641375776516959000,89.3,1,89.2,9,89.4,5,2,2022-01-05 09:42:56
1641375792081206000,89.3,3,89.2,10,89.3,2,2,2022-01-05 09:43:12
1641375793688962000,89.3,1,89.2,10,89.3,1,1,2022-01-05 09:43:13
1641375793721679000,89.3,1,89.2,10,89.4,5,1,2022-01-05 09:43:13
1641375800292634000,89.3,1,89.3,4,89.4,5,1,2022-01-05 09:43:20
1641375806201517000,89.3,1,89.3,3,89.4,5,2,2022-01-05 09:43:26
1641375815850207000,89.4,3,89.3,6,89.4,2,1,2022-01-05 09:43:35
1641375815877495000,89.4,2,89.3,6,89.7,10,1,2022-01-05 09:43:35
1641375817033560000,89.4,2,89.3,7,89.4,11,2,2022-01-05 09:43:37
1641375824058313000,89.4,1,89.3,17,89.4,10,1,2022-01-05 09:43:44
1641375824083411000,89.4,1,89.3,17,89.4,9,1,2022-01-05 09:43:44
1641375824658604000,89.4,1,89.3,18,89.4,8,1,2022-01-05 09:43:44
1641375826442621000,89.4,2,89.3,18,89.4,6,1,2022-01-05 09:43:46
1641375827758082000,89.4,6,89.4,4,89.6,5,1,2022-01-05 09:43:47
1641375839829577000,89.5,1,89.4,5,89.5,1,1,2022-01-05 09:43:59
1641375847394305000,89.5,1,89.4,6,89.6,6,1,2022-01-05 09:44:07
1641375874648051000,89.5,2,89.5,3,89.6,6,2,2022-01-05 09:44:34
1641375880135952000,89.6,1,89.5,3,89.6,5,1,2022-01-05 09:44:40
1641375880786475000,89.6,1,89.5,3,89.6,4,1,2022-01-05 09:44:40
1641375888179828000,89.6,1,89.5,8,89.6,3,1,2022-01-05 09:44:48
1641375888205866000,89.6,1,89.5,8,89.6,2,1,2022-01-05 09:44:48
1641375888217913000,89.6,1,89.5,8,89.6,1,1,2022-01-05 09:44:48
1641375891555503000,89.5,8,89.4,9,89.5,2,2,2022-01-05 09:44:51
1641375904709555000,89.5,1,89.4,9,89.5,2,1,2022-01-05 09:45:04
1641375909597857000,89.5,1,89.4,9,89.5,1,1,2022-01-05 09:45:09
1641375913512228000,89.5,1,89.4,9,89.6,3,1,2022-01-05 09:45:13
1641375918345518000,89.4,1,89.4,9,89.6,3,2,2022-01-05 09:45:18
1641375921607387000,89.5,1,89.4,9,89.6,3,1,2022-01-05 09:45:21
1641375929744289000,89.6,1,89.5,1,89.6,2,1,2022-01-05 09:45:29
1641375930032534000,89.5,1,89.4,8,89.6,2,2,2022-01-05 09:45:30
1641375932947194000,89.5,1,89.4,4,89.6,2,2,2022-01-05 09:45:32
1641375956310005000,89.5,3,89.5,7,89.6,2,1,2022-01-05 09:45:56
1641375959815481000,89.5,7,89.4,4,89.6,3,2,2022-01-05 09:45:59
1641375961118349000,89.5,1,89.4,4,89.6,3,2,2022-01-05 09:46:01
1641375962784454000,89.4,1,89.4,3,89.6,3,2,2022-01-05 09:46:02
1641375976395937000,89.4,3,89.3,13,89.4,6,2,2022-01-05 09:46:16
1641375977944400000,89.4,1,89.3,13,89.4,5,1,2022-01-05 09:46:17
1641376000980622000,89.4,1,89.3,13,89.4,7,1,2022-01-05 09:46:40
1641376001015051000,89.3,3,89.3,10,89.4,7,2,2022-01-05 09:46:41
1641376005317744000,89.3,2,89.3,8,89.4,7,2,2022-01-05 09:46:45
1641376005415258000,89.3,2,89.3,6,89.4,7,2,2022-01-05 09:46:45
1641376005438970000,89.3,6,89.2,14,89.4,7,2,2022-01-05 09:46:45
1641376009792983000,89.2,3,89.2,11,89.3,1,2,2022-01-05 09:46:49
1641376013738588000,89.2,5,89.2,5,89.3,1,2,2022-01-05 09:46:53
1641376013769329000,89.2,4,89.2,1,89.3,1,2,2022-01-05 09:46:53
1641376013800293000,89.2,1,89.1,10,89.3,1,2,2022-01-05 09:46:53
1641376024380928000,89.2,1,89.1,10,89.2,1,1,2022-01-05 09:47:04
1641376024951614000,89.1,1,89.1,9,89.2,1,2,2022-01-05 09:47:04
1641376027519482000,89.1,7,89.1,2,89.2,1,2,2022-01-05 09:47:07
1641376027551007000,89.1,2,89.0,27,89.2,1,2,2022-01-05 09:47:07
1641376027977970000,89.2,1,89.2,2,89.3,1,1,2022-01-05 09:47:07
1641376030268579000,89.2,1,89.2,1,89.3,1,2,2022-01-05 09:47:10
1641376030298320000,89.2,1,89.0,27,89.3,1,2,2022-01-05 09:47:10
1641376032091856000,89.1,1,89.1,1,89.2,6,2,2022-01-05 09:47:12
1641376035442784000,89.1,1,89.0,27,89.2,7,2,2022-01-05 09:47:15
1641376046160197000,89.1,2,89.1,10,89.2,6,2,2022-01-05 09:47:26
1641376047467459000,89.1,2,89.1,9,89.2,6,2,2022-01-05 09:47:27
1641376051252845000,89.2,6,89.2,4,89.4,3,1,2022-01-05 09:47:31
1641376051562244000,89.2,2,89.2,2,89.4,3,2,2022-01-05 09:47:31
1641376061637004000,89.2,2,89.1,12,89.2,2,2,2022-01-05 09:47:41
1641376061729181000,89.2,1,89.1,12,89.2,1,1,2022-01-05 09:47:41
1641376061763541000,89.2,1,89.1,12,89.3,5,1,2022-01-05 09:47:41
1641376062674432000,89.2,1,89.1,12,89.3,5,1,2022-01-05 09:47:42
1641376062705144000,89.3,5,89.1,12,89.4,3,1,2022-01-05 09:47:42
1641376062735872000,89.4,3,89.1,12,89.7,8,1,2022-01-05 09:47:42
1641376065752913000,89.2,3,89.2,2,89.5,5,2,2022-01-05 09:47:45
1641376070337836000,89.2,1,89.2,4,89.5,5,2,2022-01-05 09:47:50
1641376083205359000,89.3,1,89.3,7,89.4,3,2,2022-01-05 09:48:03
1641376083579531000,89.3,2,89.3,5,89.4,3,2,2022-01-05 09:48:03
1641376085959865000,89.4,2,89.3,5,89.4,1,1,2022-01-05 09:48:05
1641376096356175000,89.4,1,89.4,4,89.5,5,1,2022-01-05 09:48:16
