ts,close,volume,bid_price,bid_volume,ask_price,ask_volume,tick_type,datetime
1640768539774794000,32.35,1219,32.35,17,32.4,76,1,2021-12-29 09:02:19
1640768539824996000,32.4,5,32.35,17,32.4,71,1,2021-12-29 09:02:19
1640768539839784000,32.35,1,32.35,14,32.4,71,2,2021-12-29 09:02:19
1640768539839808000,32.35,1,32.35,14,32.4,71,2,2021-12-29 09:02:19
1640768539839868000,32.35,1,32.35,14,32.4,71,2,2021-12-29 09:02:19
1640768539890205000,32.4,1,32.35,14,32.4,72,1,2021-12-29 09:02:19
1640768539905574000,32.4,5,32.35,14,32.4,67,1,2021-12-29 09:02:19
1640768539983904000,32.4,3,32.35,14,32.4,64,1,2021-12-29 09:02:19
1640768540100143000,32.35,6,32.35,8,32.4,64,2,2021-12-29 09:02:20
1640768540455948000,32.35,8,32.3,40,32.4,64,2,2021-12-29 09:02:20
1640768540455948000,32.3,5,32.3,40,32.4,64,2,2021-12-29 09:02:20
1640768540490002000,32.4,1,32.3,40,32.4,63,1,2021-12-29 09:02:20
1640768540497414000,32.3,1,32.35,3,32.4,2,2,2021-12-29 09:02:20
1640768540498031000,32.35,3,32.3,34,32.4,2,2,2021-12-29 09:02:20
1640768540498031000,32.3,1,32.3,34,32.4,2,2,2021-12-29 09:02:20
1640768540498633000,32.3,4,32.3,34,32.4,2,2,2021-12-29 09:02:20
1640768540499174000,32.3,3,32.3,28,32.4,2,2,2021-12-29 09:02:20
1640768540499780000,32.3,3,32.3,28,32.4,2,2,2021-12-29 09:02:20
1640768540500356000,32.3,3,32.3,21,32.4,2,2,2021-12-29 09:02:20
1640768540500892000,32.3,4,32.3,21,32.4,2,2,2021-12-29 09:02:20
1640768540501477000,32.3,6,32.3,15,32.4,2,2,2021-12-29 09:02:20
1640768540502120000,32.3,3,32.3,9,32.4,2,2,2021-12-29 09:02:20
1640768540502643000,32.3,3,32.3,9,32.4,2,2,2021-12-29 09:02:20
1640768540503254000,32.3,3,32.3,3,32.4,2,2,2021-12-29 09:02:20
1640768540503829000,32.3,3,32.3,3,32.4,2,2,2021-12-29 09:02:20
1640768540504403000,32.3,3,32.25,7,32.4,2,2,2021-12-29 09:02:20
1640768540505008000,32.25,3,32.25,1,32.4,2,2,2021-12-29 09:02:20
1640768540505664000,32.25,3,32.25,1,32.4,2,2,2021-12-29 09:02:20
1640768540506251000,32.25,1,32.2,7,32.4,2,2,2021-12-29 09:02:20
1640768540506251000,32.2,2,32.2,7,32.4,2,2,2021-12-29 09:02:20
1640768540506831000,32.2,3,32.2,7,32.4,2,2,2021-12-29 09:02:20
1640768540507396000,32.2,3,32.2,1,32.4,2,2,2021-12-29 09:02:20
1640768540507965000,32.2,3,32.2,1,32.4,2,2,2021-12-29 09:02:20
1640768540544428000,32.4,2,32.2,1,32.45,11,1,2021-12-29 09:02:20
1640768540728726000,32.35,2,32.2,1,32.35,4,1,2021-12-29 09:02:20
1640768540790218000,32.35,2,32.2,1,32.35,2,1,2021-12-29 09:02:20
1640768541129170000,32.35,2,32.4,1,32.45,11,1,2021-12-29 09:02:21
1640768541149933000,32.45,5,32.4,1,32.45,6,1,2021-12-29 09:02:21
1640768541585038000,32.45,5,32.4,1,32.45,1,1,2021-12-29 09:02:21
1640768541978531000,32.45,1,32.4,4,32.5,23,1,2021-12-29 09:02:21
1640768542039432000,32.5,3,32.4,4,32.5,20,1,2021-12-29 09:02:22
1640768542055053000,32.5,10,32.4,4,32.5,13,1,2021-12-29 09:02:22
1640768542135129000,32.5,3,32.4,4,32.5,10,1,2021-12-29 09:02:22
1640768542410614000,32.5,1,32.4,6,32.5,9,1,2021-12-29 09:02:22
1640768542808782000,32.5,5,32.45,1,32.5,4,1,2021-12-29 09:02:22
1640768542837051000,32.5,4,32.45,1,32.6,5,1,2021-12-29 09:02:22
1640768543163825000,32.5,4,32.45,1,32.5,23,1,2021-12-29 09:02:23
1640768543483043000,32.5,10,32.45,1,32.5,13,1,2021-12-29 09:02:23
1640768544369556000,32.5,13,32.45,2,32.65,8,1,2021-12-29 09:02:24
1640768544369556000,32.6,5,32.45,2,32.65,8,1,2021-12-29 09:02:24
1640768544369556000,32.65,2,32.45,2,32.65,8,1,2021-12-29 09:02:24
1640768544382372000,32.45,1,32.45,1,32.65,8,2,2021-12-29 09:02:24
1640768544417243000,32.65,3,32.45,1,32.65,5,1,2021-12-29 09:02:24
1640768544830540000,32.55,3,32.5,10,32.55,17,1,2021-12-29 09:02:24
1640768545251307000,32.55,3,32.5,10,32.55,14,1,2021-12-29 09:02:25
1640768545263929000,32.55,1,32.5,10,32.55,13,1,2021-12-29 09:02:25
1640768545482324000,32.55,1,32.5,11,32.55,12,1,2021-12-29 09:02:25
1640768545544698000,32.55,5,32.5,11,32.55,7,1,2021-12-29 09:02:25
1640768545786773000,32.55,1,32.5,12,32.55,6,1,2021-12-29 09:02:25
1640768545787166000,32.55,1,32.5,12,32.55,5,1,2021-12-29 09:02:25
1640768546071053000,32.5,1,32.5,11,32.55,5,2,2021-12-29 09:02:26
1640768546624446000,32.55,2,32.5,21,32.55,3,1,2021-12-29 09:02:26
1640768546884439000,32.55,2,32.5,21,32.55,1,1,2021-12-29 09:02:26
1640768546896238000,32.5,16,32.5,5,32.55,1,2,2021-12-29 09:02:26
1640768547059573000,32.55,1,32.5,5,32.6,25,1,2021-12-29 09:02:27
1640768547226839000,32.6,1,32.5,5,32.6,24,1,2021-12-29 09:02:27
1640768548110175000,32.55,1,32.5,5,32.6,24,2,2021-12-29 09:02:28
1640768548302354000,32.55,1,32.5,10,32.55,1,1,2021-12-29 09:02:28
1640768548362292000,32.55,1,32.5,11,32.6,24,1,2021-12-29 09:02:28
1640768548371064000,32.6,1,32.5,11,32.6,23,1,2021-12-29 09:02:28
1640768548482869000,32.6,5,32.5,11,32.6,18,1,2021-12-29 09:02:28
1640768548806774000,32.6,1,32.55,1,32.6,17,1,2021-12-29 09:02:28
1640768548809177000,32.6,6,32.55,1,32.6,11,1,2021-12-29 09:02:28
1640768548991607000,32.6,4,32.55,1,32.6,7,1,2021-12-29 09:02:28
1640768549089374000,32.6,2,32.55,1,32.6,5,1,2021-12-29 09:02:29
1640768549293789000,32.6,2,32.55,1,32.6,3,1,2021-12-29 09:02:29
1640768549387961000,32.6,1,32.55,1,32.6,2,1,2021-12-29 09:02:29
1640768549437525000,32.55,1,32.5,14,32.55,4,2,2021-12-29 09:02:29
1640768549493406000,32.55,1,32.5,16,32.55,3,1,2021-12-29 09:02:29
1640768549557965000,32.55,1,32.5,16,32.55,2,1,2021-12-29 09:02:29
1640768549612135000,32.55,1,32.5,16,32.55,1,1,2021-12-29 09:02:29
1640768549631613000,32.55,1,32.55,3,32.6,2,1,2021-12-29 09:02:29
1640768549709497000,32.6,1,32.55,3,32.6,1,1,2021-12-29 09:02:29
1640768549802368000,32.6,1,32.55,3,32.65,3,1,2021-12-29 09:02:29
1640768549802368000,32.65,4,32.55,3,32.65,3,1,2021-12-29 09:02:29
1640768550345673000,32.65,3,32.6,2,32.7,14,1,2021-12-29 09:02:30
1640768550345673000,32.7,2,32.6,2,32.7,14,1,2021-12-29 09:02:30
1640768550561014000,32.7,1,32.6,2,32.7,13,1,2021-12-29 09:02:30
1640768550576564000,32.7,1,32.6,2,32.7,12,1,2021-12-29 09:02:30
1640768550912667000,32.7,4,32.6,4,32.7,8,1,2021-12-29 09:02:30
1640768551157532000,32.6,1,32.6,4,32.7,8,2,2021-12-29 09:02:31
1640768551177477000,32.6,4,32.55,24,32.7,8,2,2021-12-29 09:02:31
1640768551177477000,32.55,1,32.55,24,32.7,8,2,2021-12-29 09:02:31
1640768551359980000,32.7,8,32.7,2,32.75,12,1,2021-12-29 09:02:31
1640768551394836000,32.75,5,32.7,2,32.75,7,1,2021-12-29 09:02:31
1640768551424757000,32.7,2,32.6,13,32.75,7,2,2021-12-29 09:02:31
1640768551503825000,32.6,2,32.6,11,32.75,7,2,2021-12-29 09:02:31
1640768551928671000,32.7,6,32.65,16,32.75,3,1,2021-12-29 09:02:31
1640768551928671000,32.75,4,32.65,16,32.75,3,1,2021-12-29 09:02:31
1640768552112649000,32.75,1,32.65,16,32.75,2,1,2021-12-29 09:02:32
1640768552215281000,32.75,2,32.65,16,32.8,2,1,2021-12-29 09:02:32
1640768552215281000,32.8,9,32.65,16,32.8,2,1,2021-12-29 09:02:32
1640768552246939000,32.65,1,32.65,16,32.8,2,2,2021-12-29 09:02:32
1640768552258862000,32.8,2,32.65,16,32.9,34,1,2021-12-29 09:02:32
1640768552258862000,32.85,3,32.65,16,32.9,34,1,2021-12-29 09:02:32
1640768552441773000,32.9,3,32.7,13,32.9,31,1,2021-12-29 09:02:32
1640768552742937000,32.9,2,32.7,18,32.9,29,1,2021-12-29 09:02:32
1640768553141318000,32.75,1,32.7,6,32.75,4,1,2021-12-29 09:02:33
1640768553268477000,32.75,1,32.7,6,32.75,3,1,2021-12-29 09:02:33
1640768553415259000,32.75,1,32.7,8,32.75,2,1,2021-12-29 09:02:33
1640768553433649000,32.75,2,32.7,8,32.85,9,1,2021-12-29 09:02:33
1640768553433649000,32.85,1,32.7,8,32.85,9,1,2021-12-29 09:02:33
1640768553591220000,32.85,1,32.75,1,32.85,8,1,2021-12-29 09:02:33
1640768554317780000,32.85,1,32.75,16,32.85,7,1,2021-12-29 09:02:34
1640768554395739000,32.8,3,32.75,16,32.8,17,1,2021-12-29 09:02:34
1640768554477247000,32.75,5,32.75,11,32.8,17,2,2021-12-29 09:02:34
1640768554664725000,32.8,2,32.75,11,32.8,15,1,2021-12-29 09:02:34
1640768554971735000,32.8,2,32.75,11,32.8,13,1,2021-12-29 09:02:34
1640768555350970000,32.8,5,32.75,11,32.8,8,1,2021-12-29 09:02:35
1640768555600253000,32.8,1,32.75,11,32.8,7,1,2021-12-29 09:02:35
1640768555778644000,32.8,2,32.75,12,32.8,5,1,2021-12-29 09:02:35
1640768555847866000,32.8,1,32.75,12,32.8,4,1,2021-12-29 09:02:35
1640768556132026000,32.75,3,32.75,9,32.8,4,2,2021-12-29 09:02:36
1640768556170622000,32.8,1,32.75,9,32.8,3,1,2021-12-29 09:02:36
1640768556240737000,32.8,3,32.75,9,32.85,20,1,2021-12-29 09:02:36
1640768556240737000,32.85,1,32.75,9,32.85,20,1,2021-12-29 09:02:36
1640768556270775000,32.85,1,32.75,19,32.85,19,1,2021-12-29 09:02:36
1640768556304482000,32.8,1,32.75,19,32.8,4,2,2021-12-29 09:02:36
1640768556377596000,32.8,1,32.75,19,32.8,3,1,2021-12-29 09:02:36
1640768556411730000,32.8,2,32.75,19,32.8,1,1,2021-12-29 09:02:36
1640768556499640000,32.8,1,32.8,2,32.85,24,1,2021-12-29 09:02:36
1640768556528913000,32.85,1,32.8,2,32.85,23,1,2021-12-29 09:02:36
1640768556725535000,32.85,2,32.8,2,32.85,21,1,2021-12-29 09:02:36
1640768557162893000,32.85,1,32.8,2,32.85,20,1,2021-12-29 09:02:37
1640768557315337000,32.85,1,32.8,3,32.85,19,1,2021-12-29 09:02:37
1640768557361265000,32.85,10,32.8,3,32.85,9,1,2021-12-29 09:02:37
1640768557802314000,32.85,1,32.8,3,32.85,9,1,2021-12-29 09:02:37
1640768557843630000,32.8,3,32.75,24,32.8,2,2,2021-12-29 09:02:37
1640768557918131000,32.8,2,32.75,24,33.0,16,1,2021-12-29 09:02:37
1640768557918131000,32.85,9,32.75,24,33.0,16,1,2021-12-29 09:02:37
1640768557918131000,32.9,29,32.75,24,33.0,16,1,2021-12-29 09:02:37
1640768557918131000,32.95,5,32.75,24,33.0,16,1,2021-12-29 09:02:37
1640768557918131000,33.0,15,32.75,24,33.0,16,1,2021-12-29 09:02:37
1640768557932779000,33.0,2,32.9,1,33.0,14,1,2021-12-29 09:02:37
1640768558005342000,32.9,1,32.8,21,33.0,14,2,2021-12-29 09:02:38
1640768558005342000,32.8,2,32.8,21,33.0,14,2,2021-12-29 09:02:38
1640768558043925000,32.95,2,32.8,21,33.0,7,1,2021-12-29 09:02:38
1640768558043925000,33.0,7,32.8,21,33.0,7,1,2021-12-29 09:02:38
1640768558892830000,33.0,1,32.85,12,33.0,6,1,2021-12-29 09:02:38
1640768558948105000,32.85,5,32.85,7,33.0,6,2,2021-12-29 09:02:38
1640768559154319000,32.95,1,32.85,12,32.95,4,1,2021-12-29 09:02:39
1640768559361574000,32.95,4,32.85,11,33.0,10,1,2021-12-29 09:02:39
1640768559361574000,33.0,4,32.85,11,33.0,10,1,2021-12-29 09:02:39
1640768559482525000,33.0,1,32.85,11,33.0,9,1,2021-12-29 09:02:39
1640768559659747000,32.9,1,32.9,4,33.0,9,2,2021-12-29 09:02:39
1640768559705337000,33.0,3,32.9,4,33.0,6,1,2021-12-29 09:02:39
1640768559868581000,32.9,4,32.85,10,33.0,6,2,2021-12-29 09:02:39
1640768559868581000,32.85,1,32.85,10,33.0,6,2,2021-12-29 09:02:39
1640768559922407000,33.0,2,32.85,10,33.0,4,1,2021-12-29 09:02:39
1640768560432935000,33.0,4,32.85,16,33.05,2,1,2021-12-29 09:02:40
1640768560432935000,33.05,2,32.85,16,33.05,2,1,2021-12-29 09:02:40
1640768560497404000,33.05,2,32.9,12,33.1,6,1,2021-12-29 09:02:40
1640768560497404000,33.1,1,32.9,12,33.1,6,1,2021-12-29 09:02:40
1640768560539828000,32.9,1,32.9,11,33.1,6,2,2021-12-29 09:02:40
1640768561028624000,32.95,2,32.85,16,32.95,3,1,2021-12-29 09:02:41
1640768561137158000,32.95,3,32.85,16,33.1,5,1,2021-12-29 09:02:41
1640768561137158000,33.05,1,32.85,16,33.1,5,1,2021-12-29 09:02:41
1640768561137158000,33.1,1,32.85,16,33.1,5,1,2021-12-29 09:02:41
1640768561332103000,33.1,2,32.9,1,33.1,3,1,2021-12-29 09:02:41
1640768561437372000,33.1,1,32.9,13,33.1,2,1,2021-12-29 09:02:41
1640768561991741000,33.05,1,32.9,13,33.05,3,1,2021-12-29 09:02:41
1640768562345650000,33.05,5,32.95,5,33.05,18,1,2021-12-29 09:02:42
1640768562434643000,33.05,5,32.95,5,33.05,13,1,2021-12-29 09:02:42
1640768562660249000,33.05,1,33.0,12,33.05,12,1,2021-12-29 09:02:42
1640768563502940000,33.05,10,33.0,13,33.05,2,1,2021-12-29 09:02:43
1640768563871033000,33.0,1,33.0,14,33.05,2,2,2021-12-29 09:02:43
1640768563952789000,33.0,5,33.0,10,33.05,2,2,2021-12-29 09:02:43
1640768564144443000,33.05,1,33.0,10,33.05,1,1,2021-12-29 09:02:44
1640768564293290000,33.05,1,33.0,10,33.1,15,1,2021-12-29 09:02:44
1640768564293290000,33.1,1,33.0,10,33.1,15,1,2021-12-29 09:02:44
1640768564594295000,33.1,1,33.05,2,33.1,14,1,2021-12-29 09:02:44
1640768564740518000,33.1,1,33.05,2,33.1,13,1,2021-12-29 09:02:44
1640768564905407000,33.1,1,33.05,2,33.1,12,1,2021-12-29 09:02:44
1640768565031656000,33.05,1,33.05,1,33.1,12,2,2021-12-29 09:02:45
1640768565086667000,33.1,1,33.05,1,33.1,11,1,2021-12-29 09:02:45
1640768565260537000,33.1,1,33.05,1,33.1,10,1,2021-12-29 09:02:45
1640768565426148000,33.1,6,33.05,1,33.1,4,1,2021-12-29 09:02:45
1640768565427621000,33.05,1,33.0,11,33.1,4,2,2021-12-29 09:02:45
1640768565427621000,33.0,3,33.0,11,33.1,4,2,2021-12-29 09:02:45
1640768565496132000,33.05,1,33.0,12,33.05,4,2,2021-12-29 09:02:45
1640768565550449000,33.05,1,33.0,12,33.05,3,1,2021-12-29 09:02:45
1640768565684471000,33.05,2,33.0,18,33.05,1,1,2021-12-29 09:02:45
1640768565711761000,33.05,1,33.0,18,33.1,4,1,2021-12-29 09:02:45
1640768565768705000,33.1,1,33.0,18,33.1,3,1,2021-12-29 09:02:45
1640768566087590000,33.1,3,33.05,13,33.15,3,1,2021-12-29 09:02:46
1640768566087590000,33.15,7,33.05,13,33.15,3,1,2021-12-29 09:02:46
1640768566255122000,33.15,2,33.05,14,33.15,1,1,2021-12-29 09:02:46
1640768566300364000,33.05,10,33.05,4,33.15,1,2,2021-12-29 09:02:46
1640768566532958000,33.15,1,33.05,9,33.2,10,1,2021-12-29 09:02:46
1640768566532958000,33.2,1,33.05,9,33.2,10,1,2021-12-29 09:02:46
1640768566535120000,33.2,2,33.05,9,33.2,8,1,2021-12-29 09:02:46
1640768566765531000,33.1,2,33.1,5,33.2,8,2,2021-12-29 09:02:46
1640768566808989000,33.1,1,33.1,4,33.2,8,2,2021-12-29 09:02:46
1640768567072403000,33.2,5,33.1,4,33.2,3,1,2021-12-29 09:02:47
1640768567240527000,33.2,3,33.1,14,33.3,7,1,2021-12-29 09:02:47
1640768567287537000,33.3,1,33.15,12,33.3,6,1,2021-12-29 09:02:47
1640768567545908000,33.3,2,33.2,2,33.3,4,1,2021-12-29 09:02:47
1640768567626991000,33.3,4,33.2,2,33.3,1,1,2021-12-29 09:02:47
1640768568000725000,33.2,1,33.2,1,33.3,1,2,2021-12-29 09:02:48
1640768568002570000,33.3,1,33.2,1,33.35,7,1,2021-12-29 09:02:48
1640768568353725000,33.3,1,33.3,9,33.35,7,2,2021-12-29 09:02:48
1640768568379551000,33.3,9,33.2,10,33.35,7,2,2021-12-29 09:02:48
1640768568379551000,33.2,1,33.2,10,33.35,7,2,2021-12-29 09:02:48
1640768568708413000,33.2,15,33.1,17,33.35,7,2,2021-12-29 09:02:48
1640768568708413000,33.15,1,33.1,17,33.35,7,2,2021-12-29 09:02:48
1640768568708413000,33.1,4,33.1,17,33.35,7,2,2021-12-29 09:02:48
1640768569048622000,33.1,2,33.1,16,33.3,1,2,2021-12-29 09:02:49
1640768569234532000,33.3,1,33.1,16,33.35,5,1,2021-12-29 09:02:49
1640768569234532000,33.35,2,33.1,16,33.35,5,1,2021-12-29 09:02:49
1640768569674496000,33.35,5,33.15,1,33.4,35,1,2021-12-29 09:02:49
1640768569674496000,33.4,3,33.15,1,33.4,35,1,2021-12-29 09:02:49
1640768569874163000,33.3,1,33.15,7,33.4,35,2,2021-12-29 09:02:49
1640768569874163000,33.15,9,33.15,7,33.4,35,2,2021-12-29 09:02:49
1640768569961248000,33.35,1,33.15,7,33.35,5,1,2021-12-29 09:02:49
1640768570146585000,33.15,5,33.15,3,33.35,5,2,2021-12-29 09:02:50
1640768570229873000,33.35,9,33.15,3,33.4,34,1,2021-12-29 09:02:50
1640768570229873000,33.4,1,33.15,3,33.4,34,1,2021-12-29 09:02:50
1640768570436885000,33.4,10,33.2,3,33.4,24,1,2021-12-29 09:02:50
1640768570515777000,33.4,1,33.2,3,33.4,23,1,2021-12-29 09:02:50
1640768570536419000,33.4,1,33.2,3,33.4,22,1,2021-12-29 09:02:50
1640768570556867000,33.2,1,33.2,2,33.4,22,2,2021-12-29 09:02:50
1640768570694862000,33.4,1,33.2,3,33.4,21,1,2021-12-29 09:02:50
1640768571267232000,33.4,1,33.2,4,33.4,20,1,2021-12-29 09:02:51
1640768571455810000,33.35,1,33.25,3,33.4,20,1,2021-12-29 09:02:51
1640768571476772000,33.4,1,33.25,3,33.4,19,1,2021-12-29 09:02:51
1640768571483723000,33.4,1,33.25,3,33.4,18,1,2021-12-29 09:02:51
1640768571526572000,33.35,2,33.35,3,33.4,18,2,2021-12-29 09:02:51
1640768571558620000,33.35,1,33.35,2,33.4,18,2,2021-12-29 09:02:51
1640768571559129000,33.35,2,33.25,3,33.4,18,2,2021-12-29 09:02:51
1640768571573247000,33.4,8,33.25,3,33.4,10,1,2021-12-29 09:02:51
1640768571732022000,33.3,3,33.15,13,33.4,10,2,2021-12-29 09:02:51
1640768571732022000,33.25,3,33.15,13,33.4,10,2,2021-12-29 09:02:51
1640768571732022000,33.2,2,33.15,13,33.4,10,2,2021-12-29 09:02:51
1640768571732022000,33.15,2,33.15,13,33.4,10,2,2021-12-29 09:02:51
1640768571872861000,33.35,5,33.15,13,33.35,3,1,2021-12-29 09:02:51
1640768571873981000,33.15,1,33.15,12,33.35,3,2,2021-12-29 09:02:51
1640768572053794000,33.35,1,33.15,12,33.35,2,1,2021-12-29 09:02:52
1640768572103757000,33.35,2,33.15,12,33.4,7,1,2021-12-29 09:02:52
1640768572103757000,33.4,3,33.15,12,33.4,7,1,2021-12-29 09:02:52
1640768572152327000,33.2,1,33.2,2,33.4,7,2,2021-12-29 09:02:52
1640768572263501000,33.4,7,33.2,2,33.45,3,1,2021-12-29 09:02:52
1640768572263501000,33.45,3,33.2,2,33.45,3,1,2021-12-29 09:02:52
1640768572319470000,33.2,1,33.2,1,33.45,3,2,2021-12-29 09:02:52
1640768572391553000,33.45,1,33.4,10,33.45,2,1,2021-12-29 09:02:52
1640768572408340000,33.4,2,33.4,8,33.45,2,2,2021-12-29 09:02:52
1640768572833288000,33.4,1,33.4,9,33.45,2,2,2021-12-29 09:02:52
1640768572892156000,33.45,1,33.4,9,33.45,1,1,2021-12-29 09:02:52
1640768573047170000,33.4,9,33.2,3,33.45,1,2,2021-12-29 09:02:53
1640768573047170000,33.35,1,33.2,3,33.45,1,2,2021-12-29 09:02:53
1640768573047170000,33.2,10,33.2,3,33.45,1,2,2021-12-29 09:02:53
1640768573085364000,33.4,4,33.15,5,33.4,5,1,2021-12-29 09:02:53
1640768573092288000,33.4,5,33.15,5,33.5,44,1,2021-12-29 09:02:53
1640768573092288000,33.45,1,33.15,5,33.5,44,1,2021-12-29 09:02:53
1640768573218941000,33.35,1,33.25,3,33.3,4,2,2021-12-29 09:02:53
1640768573303551000,33.2,1,33.2,2,33.3,4,2,2021-12-29 09:02:53
1640768573431073000,33.3,4,33.2,2,33.5,44,1,2021-12-29 09:02:53
1640768573620530000,33.3,3,33.2,3,33.3,7,2,2021-12-29 09:02:53
1640768573721836000,33.3,1,33.2,3,33.3,6,1,2021-12-29 09:02:53
1640768573737969000,33.3,1,33.2,3,33.3,5,1,2021-12-29 09:02:53
1640768573766646000,33.2,1,33.2,2,33.3,5,2,2021-12-29 09:02:53
1640768573800233000,33.2,2,33.15,13,33.3,5,2,2021-12-29 09:02:53
1640768573800233000,33.15,1,33.15,13,33.3,5,2,2021-12-29 09:02:53
1640768573848135000,33.3,5,33.15,13,33.45,2,1,2021-12-29 09:02:53
1640768573903346000,33.25,1,33.2,2,33.25,2,1,2021-12-29 09:02:53
1640768573909930000,33.25,1,33.2,2,33.25,1,1,2021-12-29 09:02:53
1640768573912273000,33.25,1,33.2,2,33.45,2,1,2021-12-29 09:02:53
1640768573934545000,33.45,2,33.2,2,33.5,44,1,2021-12-29 09:02:53
1640768574031093000,33.45,0,0.0,0,0.0,0,1,2021-12-29 09:02:54
1640768694403679000,33.5,444,33.5,187,33.55,18,1,2021-12-29 09:04:54
1640768694419508000,33.5,2,33.5,185,33.55,18,2,2021-12-29 09:04:54
1640768694680944000,33.5,8,33.5,177,33.55,18,2,2021-12-29 09:04:54
1640768694774359000,33.55,7,33.5,177,33.55,11,1,2021-12-29 09:04:54
1640768694853131000,33.5,4,33.5,173,33.55,11,2,2021-12-29 09:04:54
1640768694875561000,33.5,8,33.5,165,33.55,11,2,2021-12-29 09:04:54
1640768694926921000,33.5,22,33.5,143,33.55,11,2,2021-12-29 09:04:54
1640768694952463000,33.5,14,33.5,129,33.55,11,2,2021-12-29 09:04:54
1640768695770387000,33.55,10,33.5,129,33.55,1,1,2021-12-29 09:04:55
1640768695988602000,33.5,1,33.5,128,33.55,1,2,2021-12-29 09:04:55
1640768696017313000,33.55,1,33.5,128,33.6,20,1,2021-12-29 09:04:56
1640768696017313000,33.6,1,33.5,128,33.6,20,1,2021-12-29 09:04:56
1640768696361247000,33.6,1,33.55,1,33.6,19,1,2021-12-29 09:04:56
1640768696380796000,33.55,1,33.5,128,33.6,19,2,2021-12-29 09:04:56
1640768696564943000,33.55,10,33.55,10,33.6,19,2,2021-12-29 09:04:56
1640768696871370000,33.6,10,33.55,10,33.6,9,1,2021-12-29 09:04:56
1640768697103732000,33.55,5,33.55,17,33.6,14,2,2021-12-29 09:04:57
1640768697446658000,33.6,1,33.55,17,33.6,13,1,2021-12-29 09:04:57
1640768697605942000,33.55,8,33.55,9,33.6,13,2,2021-12-29 09:04:57
1640768699128975000,33.55,5,33.55,6,33.6,9,2,2021-12-29 09:04:59
1640768699176356000,33.6,2,33.55,6,33.6,12,1,2021-12-29 09:04:59
1640768700080456000,33.6,12,33.55,6,33.7,152,1,2021-12-29 09:05:00
1640768700080456000,33.65,10,33.55,6,33.7,152,1,2021-12-29 09:05:00
1640768700080456000,33.7,3,33.55,6,33.7,152,1,2021-12-29 09:05:00
1640768700252334000,33.65,1,33.65,14,33.7,152,2,2021-12-29 09:05:00
1640768700476200000,33.65,8,33.65,6,33.7,152,2,2021-12-29 09:05:00
1640768700477660000,33.65,6,33.55,2,33.7,152,2,2021-12-29 09:05:00
1640768700477660000,33.6,7,33.55,2,33.7,152,2,2021-12-29 09:05:00
1640768700477660000,33.55,6,33.55,2,33.7,152,2,2021-12-29 09:05:00
1640768700535907000,33.55,2,33.5,151,33.55,6,2,2021-12-29 09:05:00
1640768700780760000,33.5,1,33.5,149,33.55,20,2,2021-12-29 09:05:00
1640768700791596000,33.55,20,33.5,149,33.65,8,1,2021-12-29 09:05:00
1640768701060412000,33.65,1,33.55,2,33.65,7,1,2021-12-29 09:05:01
1640768701166852000,33.55,2,33.5,149,33.55,2,2,2021-12-29 09:05:01
1640768701299580000,33.55,1,33.5,149,33.55,1,1,2021-12-29 09:05:01
1640768701395228000,33.55,1,33.5,149,33.65,7,1,2021-12-29 09:05:01
1640768701457578000,33.6,1,33.5,145,33.65,7,2,2021-12-29 09:05:01
1640768701457578000,33.5,4,33.5,145,33.65,7,2,2021-12-29 09:05:01
1640768702017706000,33.55,5,33.55,2,33.65,7,2,2021-12-29 09:05:02
1640768702199626000,33.65,1,33.55,3,33.65,6,1,2021-12-29 09:05:02
1640768702200676000,33.55,2,33.55,1,33.65,6,2,2021-12-29 09:05:02
1640768702315642000,33.55,1,33.5,146,33.65,6,2,2021-12-29 09:05:02
1640768703027047000,33.55,1,33.55,6,33.6,2,2,2021-12-29 09:05:03
1640768703537950000,33.55,2,33.55,6,33.6,2,2,2021-12-29 09:05:03
1640768703778919000,33.6,2,33.55,7,33.65,5,1,2021-12-29 09:05:03
1640768703778919000,33.65,3,33.55,7,33.65,5,1,2021-12-29 09:05:03
1640768703855708000,33.65,1,33.55,7,33.65,4,1,2021-12-29 09:05:03
1640768705235384000,33.6,1,33.55,18,33.65,4,2,2021-12-29 09:05:05
1640768705485401000,33.6,4,33.55,18,33.6,6,2,2021-12-29 09:05:05
1640768705577568000,33.6,2,33.55,18,33.6,4,1,2021-12-29 09:05:05
1640768705668665000,33.6,4,33.6,13,33.65,9,1,2021-12-29 09:05:05
1640768706247670000,33.6,5,33.6,8,33.65,10,2,2021-12-29 09:05:06
1640768706780364000,33.6,1,33.6,7,33.65,15,2,2021-12-29 09:05:06
1640768708042532000,33.6,5,33.6,7,33.65,15,2,2021-12-29 09:05:08
1640768708147746000,33.6,5,33.6,2,33.65,15,2,2021-12-29 09:05:08
1640768708254585000,33.6,2,33.55,21,33.6,3,2,2021-12-29 09:05:08
1640768708420979000,33.6,1,33.55,21,33.6,2,1,2021-12-29 09:05:08
1640768708530999000,33.55,1,33.55,20,33.6,7,2,2021-12-29 09:05:08
1640768708876589000,33.6,5,33.55,20,33.6,2,1,2021-12-29 09:05:08
1640768708900804000,33.6,1,33.55,20,33.6,1,1,2021-12-29 09:05:08
1640768708944976000,33.6,1,33.6,1,33.65,17,1,2021-12-29 09:05:08
1640768709981236000,33.65,4,33.6,2,33.65,13,1,2021-12-29 09:05:09
1640768710181140000,33.6,2,33.55,22,33.65,13,2,2021-12-29 09:05:10
1640768710775057000,33.65,10,33.6,4,33.65,3,1,2021-12-29 09:05:10
1640768710838543000,33.65,1,33.6,7,33.65,2,1,2021-12-29 09:05:10
1640768710922455000,33.6,3,33.6,4,33.65,2,2,2021-12-29 09:05:10
1640768711192178000,33.6,4,33.55,21,33.65,2,2,2021-12-29 09:05:11
1640768711192178000,33.55,1,33.55,21,33.65,2,2,2021-12-29 09:05:11
1640768711251274000,33.65,1,33.55,21,33.65,1,1,2021-12-29 09:05:11
1640768711334288000,33.65,1,33.55,21,33.7,153,1,2021-12-29 09:05:11
1640768711438003000,33.7,5,33.55,21,33.7,148,1,2021-12-29 09:05:11
1640768711610545000,33.6,1,33.55,21,33.7,148,1,2021-12-29 09:05:11
1640768711943902000,33.6,1,33.55,21,33.7,148,1,2021-12-29 09:05:11
1640768712556277000,33.6,1,33.55,17,33.7,148,2,2021-12-29 09:05:12
1640768712556277000,33.55,4,33.55,17,33.7,148,2,2021-12-29 09:05:12
1640768712813551000,33.6,1,33.55,17,33.7,148,1,2021-12-29 09:05:12
1640768713102328000,33.65,1,33.6,1,33.7,144,1,2021-12-29 09:05:13
1640768713102328000,33.7,4,33.6,1,33.7,144,1,2021-12-29 09:05:13
1640768713109498000,33.7,1,33.6,1,33.7,143,1,2021-12-29 09:05:13
1640768713359445000,33.6,1,33.55,17,33.6,5,2,2021-12-29 09:05:13
1640768713499874000,33.6,1,33.55,17,33.6,4,1,2021-12-29 09:05:13
1640768713666632000,33.55,1,33.55,16,33.6,4,2,2021-12-29 09:05:13
1640768714348864000,33.6,4,33.55,16,33.7,143,1,2021-12-29 09:05:14
1640768714348864000,33.65,6,33.55,16,33.7,143,1,2021-12-29 09:05:14
1640768714353627000,33.7,1,33.55,16,33.7,142,1,2021-12-29 09:05:14
1640768714681197000,33.65,1,33.6,2,33.65,1,1,2021-12-29 09:05:14
1640768715009418000,33.65,1,33.6,2,33.7,142,1,2021-12-29 09:05:15
1640768715020469000,33.6,2,33.55,16,33.6,3,2,2021-12-29 09:05:15
1640768715212169000,33.6,3,33.55,17,33.7,125,1,2021-12-29 09:05:15
1640768715212169000,33.7,17,33.55,17,33.7,125,1,2021-12-29 09:05:15
1640768715733384000,33.7,1,33.65,1,33.7,124,1,2021-12-29 09:05:15
1640768715840604000,33.65,1,33.6,5,33.7,124,2,2021-12-29 09:05:15
1640768716037534000,33.6,1,33.6,4,33.7,124,2,2021-12-29 09:05:16
1640768716506974000,33.65,2,33.6,4,33.7,124,2,2021-12-29 09:05:16
1640768716605029000,33.6,1,33.6,3,33.7,124,2,2021-12-29 09:05:16
1640768716908176000,33.6,3,33.55,14,33.65,2,2,2021-12-29 09:05:16
1640768716908176000,33.55,2,33.55,14,33.65,2,2,2021-12-29 09:05:16
1640768716916101000,33.65,1,33.55,14,33.65,1,1,2021-12-29 09:05:16
1640768716952045000,33.65,1,33.55,14,33.7,124,1,2021-12-29 09:05:16
1640768717338141000,33.6,1,33.55,5,33.7,124,2,2021-12-29 09:05:17
1640768717338141000,33.55,9,33.55,5,33.7,124,2,2021-12-29 09:05:17
1640768717639285000,33.7,1,33.55,5,33.7,123,1,2021-12-29 09:05:17
1640768717750309000,33.7,9,33.6,2,33.7,114,1,2021-12-29 09:05:17
1640768718237291000,33.65,3,33.6,2,33.7,114,2,2021-12-29 09:05:18
1640768718259184000,33.7,5,33.6,2,33.7,109,1,2021-12-29 09:05:18
1640768718455389000,33.6,4,33.55,11,33.6,1,2,2021-12-29 09:05:18
1640768718819456000,33.6,1,33.55,14,33.7,109,1,2021-12-29 09:05:18
1640768719024270000,33.6,6,33.6,4,33.7,109,2,2021-12-29 09:05:19
1640768719085495000,33.7,5,33.6,4,33.7,104,1,2021-12-29 09:05:19
1640768719145548000,33.7,2,33.6,4,33.7,102,1,2021-12-29 09:05:19
1640768719205077000,33.7,1,33.6,4,33.7,101,1,2021-12-29 09:05:19
1640768719681544000,33.7,1,33.65,1,33.7,101,1,2021-12-29 09:05:19
1640768719808508000,33.7,1,33.65,1,33.7,100,1,2021-12-29 09:05:19
1640768720506710000,33.7,1,33.65,2,33.7,100,1,2021-12-29 09:05:20
1640768720740734000,33.7,5,33.65,2,33.7,96,1,2021-12-29 09:05:20
1640768720984830000,33.7,96,33.7,4,33.75,6,1,2021-12-29 09:05:20
1640768721273341000,33.7,4,33.65,2,33.75,6,2,2021-12-29 09:05:21
1640768721273341000,33.65,1,33.65,2,33.75,6,2,2021-12-29 09:05:21
1640768721684175000,33.75,6,33.75,9,33.8,26,1,2021-12-29 09:05:21
1640768721840672000,33.75,9,33.7,19,33.8,26,2,2021-12-29 09:05:21
1640768721840672000,33.7,1,33.7,19,33.8,26,2,2021-12-29 09:05:21
1640768721856674000,33.8,10,33.7,19,33.8,16,1,2021-12-29 09:05:21
1640768721922972000,33.8,2,33.7,19,33.8,14,1,2021-12-29 09:05:21
1640768721962570000,33.8,1,33.7,19,33.8,13,1,2021-12-29 09:05:21
1640768722049884000,33.8,1,33.7,25,33.8,12,1,2021-12-29 09:05:22
1640768722408411000,33.8,1,33.75,1,33.8,11,1,2021-12-29 09:05:22
1640768722541105000,33.8,3,33.75,1,33.8,8,1,2021-12-29 09:05:22
1640768722567422000,33.8,8,33.8,2,33.85,20,1,2021-12-29 09:05:22
1640768723586786000,33.85,1,33.8,23,33.85,19,1,2021-12-29 09:05:23
1640768723674218000,33.85,1,33.8,23,33.85,18,1,2021-12-29 09:05:23
1640768723813474000,33.8,5,33.8,18,33.85,18,2,2021-12-29 09:05:23
1640768724103620000,33.85,10,33.8,19,33.85,8,1,2021-12-29 09:05:24
1640768724303271000,33.85,1,33.8,2,33.85,7,1,2021-12-29 09:05:24
1640768724328347000,33.85,1,33.8,2,33.85,6,1,2021-12-29 09:05:24
1640768724369466000,33.85,1,33.8,2,33.85,5,1,2021-12-29 09:05:24
1640768724454360000,33.8,2,33.75,7,33.85,5,2,2021-12-29 09:05:24
1640768724454360000,33.75,3,33.75,7,33.85,5,2,2021-12-29 09:05:24
1640768724537730000,33.85,1,33.75,7,33.85,4,1,2021-12-29 09:05:24
1640768724689168000,33.85,1,33.75,7,33.85,3,1,2021-12-29 09:05:24
1640768725159871000,33.75,5,33.75,2,33.85,3,2,2021-12-29 09:05:25
1640768725327638000,33.85,3,33.75,1,33.9,40,1,2021-12-29 09:05:25
1640768726078091000,33.85,4,33.8,2,33.85,16,1,2021-12-29 09:05:26
1640768726136729000,33.85,1,33.8,2,33.85,15,1,2021-12-29 09:05:26
1640768726357835000,33.85,2,33.8,2,33.85,13,1,2021-12-29 09:05:26
1640768726467681000,33.85,4,33.8,2,33.85,9,1,2021-12-29 09:05:26
1640768727013905000,33.8,4,33.75,11,33.8,6,2,2021-12-29 09:05:27
1640768727033020000,33.8,1,33.75,11,33.8,5,1,2021-12-29 09:05:27
1640768727130568000,33.75,10,33.75,1,33.8,5,2,2021-12-29 09:05:27
1640768727157977000,33.75,1,33.7,22,33.8,5,2,2021-12-29 09:05:27
1640768727437579000,33.8,1,33.7,20,33.8,14,1,2021-12-29 09:05:27
1640768727536652000,33.8,1,33.7,20,33.8,13,1,2021-12-29 09:05:27
1640768727597285000,33.8,1,33.7,20,33.8,12,1,2021-12-29 09:05:27
1640768728017662000,33.8,10,33.7,20,33.8,2,1,2021-12-29 09:05:28
1640768728133377000,33.8,1,33.7,20,33.8,1,1,2021-12-29 09:05:28
1640768728322308000,33.7,20,33.65,5,33.8,2,2,2021-12-29 09:05:28
1640768728424707000,33.65,5,33.6,14,33.8,2,2,2021-12-29 09:05:28
1640768728540480000,33.8,2,33.6,14,33.85,18,1,2021-12-29 09:05:28
1640768728540480000,33.85,1,33.6,14,33.85,18,1,2021-12-29 09:05:28
1640768728595009000,33.65,3,33.6,12,33.85,18,2,2021-12-29 09:05:28
1640768728595009000,33.6,2,33.6,12,33.85,18,2,2021-12-29 09:05:28
1640768728920551000,33.65,1,33.6,12,33.65,1,1,2021-12-29 09:05:28
1640768728991232000,33.6,3,33.6,9,33.65,1,2,2021-12-29 09:05:28
1640768729067096000,33.6,2,33.6,7,33.65,1,2,2021-12-29 09:05:29
1640768729243901000,33.65,1,33.6,7,33.7,21,1,2021-12-29 09:05:29
1640768729323097000,33.7,20,33.6,7,33.7,1,1,2021-12-29 09:05:29
1640768729690126000,33.7,1,33.6,6,33.75,35,1,2021-12-29 09:05:29
1640768729837656000,33.75,1,33.6,6,33.75,34,1,2021-12-29 09:05:29
1640768730086007000,33.75,15,33.6,16,33.75,19,1,2021-12-29 09:05:30
1640768730274288000,33.6,5,33.6,11,33.7,20,2,2021-12-29 09:05:30
1640768730364506000,33.7,5,33.6,11,33.7,15,1,2021-12-29 09:05:30
1640768730421678000,33.7,1,33.6,11,33.7,14,1,2021-12-29 09:05:30
1640768730558876000,33.7,2,33.6,11,33.7,22,1,2021-12-29 09:05:30
1640768730619858000,33.7,22,33.6,11,33.75,11,1,2021-12-29 09:05:30
1640768730619858000,33.75,8,33.6,11,33.75,11,1,2021-12-29 09:05:30
1640768731090669000,33.7,1,33.6,11,33.7,9,1,2021-12-29 09:05:31
1640768731195506000,33.7,1,33.6,11,33.7,8,1,2021-12-29 09:05:31
1640768731256444000,33.7,1,33.6,11,33.7,13,1,2021-12-29 09:05:31
1640768731646977000,33.6,1,33.6,10,33.65,10,2,2021-12-29 09:05:31
1640768731671680000,33.6,10,33.55,4,33.65,10,2,2021-12-29 09:05:31
1640768731671680000,33.55,10,33.55,4,33.65,10,2,2021-12-29 09:05:31
1640768731718045000,33.65,1,33.55,4,33.65,9,1,2021-12-29 09:05:31
1640768732067284000,33.65,2,33.55,4,33.65,7,1,2021-12-29 09:05:32
1640768732438603000,33.65,1,33.55,10,33.65,14,1,2021-12-29 09:05:32
1640768732782322000,33.65,3,33.6,1,33.65,19,1,2021-12-29 09:05:32
1640768733220863000,33.65,1,33.6,1,33.65,18,1,2021-12-29 09:05:33
1640768733383566000,33.65,1,33.6,1,33.65,17,1,2021-12-29 09:05:33
1640768733530441000,33.65,1,33.6,1,33.65,16,1,2021-12-29 09:05:33
1640768733706342000,33.65,10,33.6,1,33.65,6,1,2021-12-29 09:05:33
1640768733892249000,33.6,1,33.55,11,33.6,9,2,2021-12-29 09:05:33
1640768734297489000,33.6,1,33.55,12,33.6,8,1,2021-12-29 09:05:34
1640768734350677000,33.6,8,33.6,2,33.65,12,1,2021-12-29 09:05:34
1640768734382250000,33.6,2,33.55,9,33.65,12,2,2021-12-29 09:05:34
1640768734382250000,33.55,3,33.55,9,33.65,12,2,2021-12-29 09:05:34
1640768734483683000,33.55,5,33.55,4,33.65,12,2,2021-12-29 09:05:34
1640768734593396000,33.65,1,33.55,5,33.65,11,1,2021-12-29 09:05:34
1640768735045752000,33.65,1,33.55,10,33.65,13,1,2021-12-29 09:05:35
1640768735128519000,33.55,1,33.55,9,33.65,13,2,2021-12-29 09:05:35
1640768735246442000,33.65,6,33.6,1,33.65,7,1,2021-12-29 09:05:35
1640768735405240000,33.65,1,33.6,2,33.65,6,1,2021-12-29 09:05:35
1640768735439802000,33.65,3,33.6,2,33.65,3,1,2021-12-29 09:05:35
1640768735716223000,33.65,3,33.6,2,33.7,5,1,2021-12-29 09:05:35
1640768736068615000,33.65,1,33.55,9,33.6,25,2,2021-12-29 09:05:36
1640768736068615000,33.6,2,33.55,9,33.6,25,2,2021-12-29 09:05:36
1640768736224189000,33.6,1,33.55,9,33.6,24,1,2021-12-29 09:05:36
1640768736643693000,33.6,1,33.55,9,33.6,23,1,2021-12-29 09:05:36
1640768736825592000,33.6,1,33.55,9,33.6,22,1,2021-12-29 09:05:36
1640768737057058000,33.6,1,33.55,9,33.6,21,1,2021-12-29 09:05:37
1640768737062288000,33.6,5,33.55,9,33.6,16,1,2021-12-29 09:05:37
1640768737332634000,33.6,1,33.55,9,33.6,15,1,2021-12-29 09:05:37
1640768737414521000,33.6,2,33.55,9,33.6,13,1,2021-12-29 09:05:37
1640768737662911000,33.6,1,33.55,9,33.6,11,1,2021-12-29 09:05:37
1640768737662929000,33.6,1,33.55,9,33.6,11,1,2021-12-29 09:05:37
1640768737687168000,33.6,5,33.55,9,33.6,6,1,2021-12-29 09:05:37
1640768737784614000,33.6,6,33.55,9,33.7,5,1,2021-12-29 09:05:37
1640768738177957000,33.65,1,33.6,6,33.65,1,1,2021-12-29 09:05:38
1640768738318706000,33.6,5,33.6,1,33.65,1,2,2021-12-29 09:05:38
1640768738625588000,33.65,1,33.6,2,33.7,5,1,2021-12-29 09:05:38
1640768738673747000,33.7,1,33.6,2,33.7,4,1,2021-12-29 09:05:38
1640768739799872000,33.7,3,33.65,12,33.7,1,1,2021-12-29 09:05:39
1640768739821621000,33.7,1,33.65,12,33.75,6,1,2021-12-29 09:05:39
1640768740111653000,33.65,1,33.65,12,33.75,6,2,2021-12-29 09:05:40
1640768740257986000,33.65,2,33.65,10,33.75,6,2,2021-12-29 09:05:40
1640768740379284000,33.7,8,33.55,15,33.6,24,2,2021-12-29 09:05:40
1640768740379284000,33.65,10,33.55,15,33.6,24,2,2021-12-29 09:05:40
1640768740379284000,33.6,8,33.55,15,33.6,24,2,2021-12-29 09:05:40
1640768740543259000,33.6,1,33.55,15,33.6,23,1,2021-12-29 09:05:40
1640768740575575000,33.55,3,33.55,12,33.6,23,2,2021-12-29 09:05:40
1640768740609638000,33.55,1,33.55,11,33.6,23,2,2021-12-29 09:05:40
1640768740622800000,33.55,2,33.55,9,33.6,23,2,2021-12-29 09:05:40
1640768740998820000,33.6,1,33.55,15,33.6,22,1,2021-12-29 09:05:40
1640768741010689000,33.6,2,33.55,15,33.6,20,1,2021-12-29 09:05:41
1640768741011688000,33.55,3,33.55,12,33.6,20,2,2021-12-29 09:05:41
1640768741045987000,33.55,1,33.55,11,33.6,20,2,2021-12-29 09:05:41
1640768741174252000,33.6,10,33.55,11,33.6,10,1,2021-12-29 09:05:41
1640768741682837000,33.55,11,33.5,101,33.6,10,2,2021-12-29 09:05:41
1640768741682837000,33.5,39,33.5,101,33.6,10,2,2021-12-29 09:05:41
1640768741980376000,33.5,1,33.5,100,33.6,10,2,2021-12-29 09:05:41
1640768742018323000,33.6,1,33.5,99,33.6,9,1,2021-12-29 09:05:42
1640768742332728000,33.6,2,33.55,1,33.6,7,1,2021-12-29 09:05:42
1640768742570269000,33.55,1,33.5,85,33.6,7,2,2021-12-29 09:05:42
1640768742570269000,33.5,14,33.5,85,33.6,7,2,2021-12-29 09:05:42
1640768742708826000,33.6,1,33.5,85,33.6,6,1,2021-12-29 09:05:42
1640768742799059000,33.5,1,33.5,84,33.6,6,2,2021-12-29 09:05:42
1640768742831042000,33.6,3,33.5,84,33.6,3,1,2021-12-29 09:05:42
1640768742873042000,33.6,3,33.5,84,33.7,10,1,2021-12-29 09:05:42
1640768742895910000,33.7,2,33.5,84,33.7,8,1,2021-12-29 09:05:42
1640768743274959000,33.65,1,33.5,84,33.55,9,2,2021-12-29 09:05:43
1640768743277543000,33.55,3,33.5,84,33.55,6,1,2021-12-29 09:05:43
1640768743320427000,33.5,15,33.5,69,33.55,6,2,2021-12-29 09:05:43
1640768743676633000,33.55,1,33.5,70,33.55,5,1,2021-12-29 09:05:43
1640768743680532000,33.5,1,33.5,69,33.55,5,2,2021-12-29 09:05:43
1640768743765219000,33.55,1,33.5,69,33.55,4,1,2021-12-29 09:05:43
1640768743908091000,33.55,1,33.5,69,33.55,3,1,2021-12-29 09:05:43
1640768743984867000,33.55,1,33.5,69,33.55,3,1,2021-12-29 09:05:43
1640768743993939000,33.55,1,33.5,69,33.55,2,1,2021-12-29 09:05:43
1640768744001262000,33.5,1,33.5,68,33.55,2,2,2021-12-29 09:05:44
1640768744159368000,33.55,2,33.5,68,33.7,8,1,2021-12-29 09:05:44
1640768744159368000,33.6,1,33.5,68,33.7,8,1,2021-12-29 09:05:44
1640768745580004000,33.7,9,33.65,8,33.9,15,1,2021-12-29 09:05:45
1640768745580004000,33.75,5,33.65,8,33.9,15,1,2021-12-29 09:05:45
1640768745580004000,33.8,11,33.65,8,33.9,15,1,2021-12-29 09:05:45
1640768745580004000,33.85,5,33.65,8,33.9,15,1,2021-12-29 09:05:45
1640768745580004000,33.9,10,33.65,8,33.9,15,1,2021-12-29 09:05:45
1640768745805911000,33.9,10,33.7,4,33.9,5,1,2021-12-29 09:05:45
1640768745909854000,33.7,3,33.7,1,33.9,5,2,2021-12-29 09:05:45
1640768745936247000,33.7,1,33.65,8,33.9,5,2,2021-12-29 09:05:45
1640768746425934000,33.65,1,33.65,7,33.7,2,2,2021-12-29 09:05:46
1640768746430106000,33.7,2,33.75,1,33.8,1,1,2021-12-29 09:05:46
1640768746449906000,33.75,1,33.65,7,33.8,1,2,2021-12-29 09:05:46
1640768748239875000,33.7,1,33.65,7,33.7,10,1,2021-12-29 09:05:48
1640768748416536000,33.65,1,33.65,6,33.7,10,2,2021-12-29 09:05:48
1640768748730428000,33.7,1,33.65,6,33.7,9,1,2021-12-29 09:05:48
1640768749047570000,33.65,1,33.65,6,33.7,9,2,2021-12-29 09:05:49
1640768749067202000,33.7,1,33.65,6,33.7,8,1,2021-12-29 09:05:49
1640768750646171000,33.7,2,33.65,9,33.7,7,1,2021-12-29 09:05:50
1640768750789306000,33.65,1,33.65,8,33.7,7,2,2021-12-29 09:05:50
1640768750827616000,33.65,5,33.65,3,33.7,7,2,2021-12-29 09:05:50
1640768751037276000,33.7,1,33.65,4,33.7,6,1,2021-12-29 09:05:51
1640768751197066000,33.7,1,33.65,4,33.7,5,1,2021-12-29 09:05:51
1640768751546947000,33.7,1,33.65,4,33.7,4,1,2021-12-29 09:05:51
1640768751857970000,33.7,1,33.65,4,33.7,3,1,2021-12-29 09:05:51
1640768751981174000,33.7,1,33.65,4,33.7,2,1,2021-12-29 09:05:51
1640768752357361000,33.7,1,33.65,4,33.7,1,1,2021-12-29 09:05:52
1640768752641460000,33.7,1,33.7,4,33.8,5,1,2021-12-29 09:05:52
1640768752748983000,33.7,1,33.7,3,33.8,5,2,2021-12-29 09:05:52
1640768753265127000,33.7,1,33.7,2,33.8,5,2,2021-12-29 09:05:53
1640768753458034000,33.7,1,33.7,1,33.8,5,2,2021-12-29 09:05:53
1640768753774307000,33.8,1,33.7,2,33.8,4,1,2021-12-29 09:05:53
1640768754492896000,33.8,1,33.7,3,33.8,3,1,2021-12-29 09:05:54
1640768754627782000,33.7,1,33.7,4,33.8,3,2,2021-12-29 09:05:54
1640768754634497000,33.7,1,33.7,3,33.8,3,2,2021-12-29 09:05:54
1640768755226185000,33.7,2,33.7,2,33.8,3,2,2021-12-29 09:05:55
1640768755278187000,33.8,1,33.7,2,33.8,2,1,2021-12-29 09:05:55
1640768755422930000,33.8,2,33.7,2,33.85,3,1,2021-12-29 09:05:55
1640768755422930000,33.85,3,33.7,2,33.85,3,1,2021-12-29 09:05:55
1640768755919557000,33.85,2,33.7,8,33.85,1,1,2021-12-29 09:05:55
1640768758100296000,33.85,7,33.75,6,33.9,4,1,2021-12-29 09:05:58
1640768758100296000,33.9,3,33.75,6,33.9,4,1,2021-12-29 09:05:58
1640768758183005000,33.9,4,33.75,6,34.0,58,1,2021-12-29 09:05:58
1640768758183005000,33.95,15,33.75,6,34.0,58,1,2021-12-29 09:05:58
1640768758183005000,34.0,11,33.75,6,34.0,58,1,2021-12-29 09:05:58
1640768758285835000,34.0,1,33.8,5,34.0,57,1,2021-12-29 09:05:58
1640768758455577000,33.8,5,33.75,6,34.0,57,2,2021-12-29 09:05:58
1640768759195419000,33.85,1,33.7,13,33.95,5,2,2021-12-29 09:05:59
1640768759195419000,33.8,1,33.7,13,33.95,5,2,2021-12-29 09:05:59
1640768759195419000,33.75,6,33.7,13,33.95,5,2,2021-12-29 09:05:59
1640768759195419000,33.7,12,33.7,13,33.95,5,2,2021-12-29 09:05:59
1640768759689099000,33.95,1,33.85,1,33.95,4,1,2021-12-29 09:05:59
1640768760310612000,33.85,1,33.7,11,33.85,1,2,2021-12-29 09:06:00
1640768760396924000,33.7,1,33.7,10,33.85,1,2,2021-12-29 09:06:00
1640768760583215000,33.85,1,33.75,16,33.9,1,1,2021-12-29 09:06:00
1640768760698882000,33.75,1,33.75,15,33.9,12,2,2021-12-29 09:06:00
1640768761009597000,33.9,1,33.75,17,33.9,35,1,2021-12-29 09:06:01
1640768761042814000,33.9,1,33.75,17,33.9,34,1,2021-12-29 09:06:01
1640768762514377000,33.9,34,33.9,16,33.95,5,1,2021-12-29 09:06:02
1640768762554664000,33.95,1,33.9,16,33.95,4,1,2021-12-29 09:06:02
1640768763154714000,33.95,4,33.9,17,34.0,51,1,2021-12-29 09:06:03
1640768763154714000,34.0,6,33.9,17,34.0,51,1,2021-12-29 09:06:03
1640768763460005000,34.0,3,33.95,1,34.0,48,1,2021-12-29 09:06:03
1640768763497713000,33.95,1,33.9,1,34.0,48,2,2021-12-29 09:06:03
1640768763537072000,34.0,3,33.9,1,34.0,45,1,2021-12-29 09:06:03
1640768763548134000,34.0,3,33.9,1,34.0,42,1,2021-12-29 09:06:03
1640768763686885000,34.0,3,33.95,5,34.0,39,1,2021-12-29 09:06:03
1640768763750772000,34.0,39,33.95,5,34.2,68,1,2021-12-29 09:06:03
1640768763750772000,34.1,7,33.95,5,34.2,68,1,2021-12-29 09:06:03
1640768763750772000,34.15,1,33.95,5,34.2,68,1,2021-12-29 09:06:03
1640768763750772000,34.2,3,33.95,5,34.2,68,1,2021-12-29 09:06:03
1640768763751798000,34.2,3,33.95,5,34.2,65,1,2021-12-29 09:06:03
1640768763885973000,34.2,3,34.0,6,34.2,62,1,2021-12-29 09:06:03
1640768763965072000,34.2,4,34.0,16,34.2,58,1,2021-12-29 09:06:03
1640768764094812000,34.2,19,34.05,3,34.2,39,1,2021-12-29 09:06:04
1640768764098364000,34.2,16,34.05,3,34.2,23,1,2021-12-29 09:06:04
1640768764143300000,34.2,1,34.05,3,34.2,22,1,2021-12-29 09:06:04
1640768764153005000,34.2,3,34.05,3,34.2,19,1,2021-12-29 09:06:04
1640768764160202000,34.2,7,34.05,3,34.2,12,1,2021-12-29 09:06:04
1640768764174334000,34.2,12,34.05,3,34.25,48,1,2021-12-29 09:06:04
1640768764174334000,34.25,4,34.05,3,34.25,48,1,2021-12-29 09:06:04
1640768764194401000,34.25,16,34.05,3,34.25,32,1,2021-12-29 09:06:04
1640768764201762000,34.25,8,34.05,3,34.25,24,1,2021-12-29 09:06:04
1640768764210344000,34.25,2,34.05,3,34.25,22,1,2021-12-29 09:06:04
1640768764220254000,34.25,22,34.05,3,34.3,1031,1,2021-12-29 09:06:04
1640768764220254000,34.3,78,34.05,3,34.3,1031,1,2021-12-29 09:06:04
1640768764226949000,34.3,1,34.05,3,34.3,1030,1,2021-12-29 09:06:04
1640768764231919000,34.3,8,34.05,3,34.3,1022,1,2021-12-29 09:06:04
1640768764232529000,34.3,8,34.05,3,34.3,1014,1,2021-12-29 09:06:04
1640768764258669000,34.3,200,34.05,3,34.3,814,1,2021-12-29 09:06:04
1640768764262682000,34.3,4,34.05,3,34.3,810,1,2021-12-29 09:06:04
1640768764265248000,34.3,38,34.05,3,34.3,772,1,2021-12-29 09:06:04
1640768764272662000,34.3,4,34.05,3,34.3,768,1,2021-12-29 09:06:04
1640768764274026000,34.3,2,34.05,3,34.3,766,1,2021-12-29 09:06:04
1640768764275009000,34.3,2,34.05,3,34.3,764,1,2021-12-29 09:06:04
1640768764284262000,34.3,20,34.05,3,34.3,744,1,2021-12-29 09:06:04
1640768764287153000,34.3,18,34.05,3,34.3,726,1,2021-12-29 09:06:04
1640768764288392000,34.3,6,34.05,3,34.3,720,1,2021-12-29 09:06:04
1640768764293689000,34.3,3,34.05,3,34.3,717,1,2021-12-29 09:06:04
1640768764298941000,34.3,8,34.05,3,34.3,709,1,2021-12-29 09:06:04
1640768764300798000,34.3,50,34.05,3,34.3,659,1,2021-12-29 09:06:04
1640768764348866000,34.3,3,34.05,3,34.3,656,1,2021-12-29 09:06:04
1640768764351572000,34.3,1,34.05,3,34.3,655,1,2021-12-29 09:06:04
1640768764402134000,34.3,3,34.05,3,34.3,652,1,2021-12-29 09:06:04
1640768764403853000,34.05,1,34.05,2,34.3,652,2,2021-12-29 09:06:04
1640768764414438000,34.3,4,34.05,2,34.3,648,1,2021-12-29 09:06:04
1640768764439955000,34.05,1,34.05,1,34.3,648,2,2021-12-29 09:06:04
1640768764530400000,34.3,13,34.05,1,34.3,635,1,2021-12-29 09:06:04
1640768764543659000,34.3,9,34.05,1,34.3,626,1,2021-12-29 09:06:04
1640768764591629000,34.3,4,34.05,1,34.3,618,1,2021-12-29 09:06:04
1640768764591649000,34.3,4,34.05,1,34.3,618,1,2021-12-29 09:06:04
1640768764600135000,34.05,1,34.0,27,34.3,618,2,2021-12-29 09:06:04
1640768764600135000,34.0,39,34.0,27,34.3,618,2,2021-12-29 09:06:04
1640768764623789000,34.3,2,34.0,27,34.3,616,1,2021-12-29 09:06:04
1640768764637217000,34.3,6,34.0,27,34.3,610,1,2021-12-29 09:06:04
1640768764743857000,34.25,3,33.95,8,34.3,571,1,2021-12-29 09:06:04
1640768764743857000,34.3,39,33.95,8,34.3,571,1,2021-12-29 09:06:04
1640768764780028000,34.3,22,34.05,1,34.3,549,1,2021-12-29 09:06:04
1640768764793517000,34.3,20,34.05,1,34.3,529,1,2021-12-29 09:06:04
1640768764846517000,34.3,20,34.05,1,34.3,509,1,2021-12-29 09:06:04
1640768764850890000,34.3,5,34.05,1,34.3,504,1,2021-12-29 09:06:04
1640768764939249000,34.3,1,34.05,1,34.3,503,1,2021-12-29 09:06:04
1640768765134061000,34.3,1,34.25,50,34.3,502,1,2021-12-29 09:06:05
1640768765172908000,34.3,100,34.25,50,34.3,402,1,2021-12-29 09:06:05
1640768765182754000,34.3,8,34.25,50,34.3,394,1,2021-12-29 09:06:05
1640768765193390000,34.25,3,34.25,47,34.3,394,2,2021-12-29 09:06:05
1640768765215146000,34.3,40,34.25,47,34.3,354,1,2021-12-29 09:06:05
1640768765232189000,34.25,1,34.25,46,34.3,354,2,2021-12-29 09:06:05
1640768765375162000,34.3,1,34.25,46,34.3,355,1,2021-12-29 09:06:05
1640768765384175000,34.3,200,34.25,46,34.3,155,1,2021-12-29 09:06:05
1640768765403804000,34.3,20,34.25,46,34.3,135,1,2021-12-29 09:06:05
1640768765414495000,34.3,100,34.25,46,34.3,35,1,2021-12-29 09:06:05
1640768765485822000,34.3,1,34.05,1,34.3,34,1,2021-12-29 09:06:05
1640768765603191000,34.3,1,34.05,1,34.3,33,1,2021-12-29 09:06:05
1640768765897530000,34.3,33,0.0,67,0.0,0,1,2021-12-29 09:06:05
1640768765966635000,34.3,10,0.0,1076,0.0,0,1,2021-12-29 09:06:05
1640768766392545000,34.3,1,0.0,1129,0.0,0,1,2021-12-29 09:06:06
1640768766472901000,34.3,2,0.0,1005,0.0,0,1,2021-12-29 09:06:06
1640768766612312000,34.3,2,0.0,1003,0.0,0,1,2021-12-29 09:06:06
1640768767346885000,34.3,1,0.0,1062,0.0,0,1,2021-12-29 09:06:07
1640768767358726000,34.3,1,0.0,1061,0.0,0,1,2021-12-29 09:06:07
1640768767450131000,34.3,2,0.0,1060,0.0,0,1,2021-12-29 09:06:07
1640768767683483000,34.3,1,0.0,1558,0.0,0,1,2021-12-29 09:06:07
1640768767720845000,34.3,5,0.0,1553,0.0,0,1,2021-12-29 09:06:07
1640768767737529000,34.3,1,0.0,1552,0.0,0,1,2021-12-29 09:06:07
1640768767757284000,34.3,1,0.0,1551,0.0,0,1,2021-12-29 09:06:07
1640768767927835000,34.3,1,0.0,1560,0.0,0,1,2021-12-29 09:06:07
1640768768136538000,34.3,1,0.0,1559,0.0,0,1,2021-12-29 09:06:08
1640768768152130000,34.3,1,0.0,1558,0.0,0,1,2021-12-29 09:06:08
1640768768432001000,34.3,1,0.0,1477,0.0,0,1,2021-12-29 09:06:08
1640768768576004000,34.3,57,0.0,1420,0.0,0,1,2021-12-29 09:06:08
1640768768583593000,34.3,4,0.0,1416,0.0,0,1,2021-12-29 09:06:08
1640768768792741000,34.3,1,0.0,1424,0.0,0,1,2021-12-29 09:06:08
1640768768798370000,34.3,1,0.0,1423,0.0,0,1,2021-12-29 09:06:08
1640768769047993000,34.3,1,0.0,1428,0.0,0,1,2021-12-29 09:06:09
1640768769130835000,34.3,5,0.0,1423,0.0,0,1,2021-12-29 09:06:09
1640768769227897000,34.3,4,0.0,1420,0.0,0,1,2021-12-29 09:06:09
1640768769287554000,34.3,1,0.0,1419,0.0,0,1,2021-12-29 09:06:09
1640768769296964000,34.3,1,0.0,1418,0.0,0,1,2021-12-29 09:06:09
1640768769367460000,34.3,1,0.0,1417,0.0,0,1,2021-12-29 09:06:09
1640768769671352000,34.3,25,0.0,1409,0.0,0,1,2021-12-29 09:06:09
1640768769835432000,34.3,1,0.0,1414,0.0,0,1,2021-12-29 09:06:09
1640768769897646000,34.3,1,0.0,1413,0.0,0,1,2021-12-29 09:06:09
1640768769919686000,34.3,2,0.0,1411,0.0,0,1,2021-12-29 09:06:09
1640768770012042000,34.3,1,0.0,1410,0.0,0,1,2021-12-29 09:06:10
1640768770125972000,34.3,2,0.0,1408,0.0,0,1,2021-12-29 09:06:10
1640768770168516000,34.3,2,0.0,1416,0.0,0,1,2021-12-29 09:06:10
1640768770170464000,34.3,1,0.0,1415,0.0,0,1,2021-12-29 09:06:10
1640768770190370000,34.3,3,0.0,1412,0.0,0,1,2021-12-29 09:06:10
1640768770258859000,34.3,2,0.0,1410,0.0,0,1,2021-12-29 09:06:10
1640768770373172000,34.3,5,0.0,1532,0.0,0,1,2021-12-29 09:06:10
1640768770663701000,34.3,2,0.0,1530,0.0,0,1,2021-12-29 09:06:10
1640768770720138000,34.3,3,0.0,1527,0.0,0,1,2021-12-29 09:06:10
1640768770721780000,34.3,5,0.0,1522,0.0,0,1,2021-12-29 09:06:10
1640768770823314000,34.3,1,0.0,1521,0.0,0,1,2021-12-29 09:06:10
1640768770944906000,34.3,1,0.0,1520,0.0,0,1,2021-12-29 09:06:10
1640768770975417000,34.3,2,0.0,1524,0.0,0,1,2021-12-29 09:06:10
1640768770978706000,34.3,10,0.0,1514,0.0,0,1,2021-12-29 09:06:10
1640768771389601000,34.3,3,0.0,1511,0.0,0,1,2021-12-29 09:06:11
1640768771577002000,34.3,1,0.0,1592,0.0,0,1,2021-12-29 09:06:11
1640768771680874000,34.3,3,0.0,1590,0.0,0,1,2021-12-29 09:06:11
1640768771819190000,34.3,2,0.0,1588,0.0,0,1,2021-12-29 09:06:11
1640768771866669000,34.3,1,0.0,1587,0.0,0,1,2021-12-29 09:06:11
1640768772410255000,34.3,2,0.0,1586,0.0,0,1,2021-12-29 09:06:12
1640768772506885000,34.3,1,0.0,1585,0.0,0,1,2021-12-29 09:06:12
1640768772582722000,34.3,1,0.0,1584,0.0,0,1,2021-12-29 09:06:12
1640768772600589000,34.3,2,0.0,1582,0.0,0,1,2021-12-29 09:06:12
1640768772629852000,34.3,1,0.0,1581,0.0,0,1,2021-12-29 09:06:12
1640768772856047000,34.3,5,0.0,1576,0.0,0,1,2021-12-29 09:06:12
1640768772867632000,34.3,1,0.0,1575,0.0,0,1,2021-12-29 09:06:12
1640768773408482000,34.3,1,0.0,1587,0.0,0,1,2021-12-29 09:06:13
1640768773717684000,34.3,1,0.0,1593,0.0,0,1,2021-12-29 09:06:13
1640768774096791000,34.3,2,0.0,1593,0.0,0,1,2021-12-29 09:06:14
1640768774868410000,34.3,1,0.0,1592,0.0,0,1,2021-12-29 09:06:14
1640768774890324000,34.3,5,0.0,1587,0.0,0,1,2021-12-29 09:06:14
1640768774975162000,34.3,1,0.0,1576,0.0,0,1,2021-12-29 09:06:14
1640768774975998000,34.3,10,0.0,1576,0.0,0,1,2021-12-29 09:06:14
1640768775082597000,34.3,1,0.0,1575,0.0,0,1,2021-12-29 09:06:15
1640768775214457000,34.3,1,0.0,1574,0.0,0,1,2021-12-29 09:06:15
1640768775527421000,34.3,6,0.0,1569,0.0,0,1,2021-12-29 09:06:15
1640768775550901000,34.3,2,0.0,1567,0.0,0,1,2021-12-29 09:06:15
1640768775604001000,34.3,5,0.0,1562,0.0,0,1,2021-12-29 09:06:15
1640768775609900000,34.3,1,0.0,1561,0.0,0,1,2021-12-29 09:06:15
1640768775829295000,34.3,4,0.0,1557,0.0,0,1,2021-12-29 09:06:15
1640768775901539000,34.3,2,0.0,1555,0.0,0,1,2021-12-29 09:06:15
1640768776149896000,34.3,1,0.0,1565,0.0,0,1,2021-12-29 09:06:16
1640768776689224000,34.3,1,0.0,1569,0.0,0,1,2021-12-29 09:06:16
1640768776823122000,34.3,1,0.0,1568,0.0,0,1,2021-12-29 09:06:16
1640768776987660000,34.3,1,0.0,1567,0.0,0,1,2021-12-29 09:06:16
1640768778028667000,34.3,10,0.0,1559,0.0,0,1,2021-12-29 09:06:18
1640768778495933000,34.3,2,0.0,1557,0.0,0,1,2021-12-29 09:06:18
1640768779001141000,34.3,1,0.0,1556,0.0,0,1,2021-12-29 09:06:19
1640768779059517000,34.3,2,0.0,1554,0.0,0,1,2021-12-29 09:06:19
1640768779299842000,34.3,3,0.0,1553,0.0,0,1,2021-12-29 09:06:19
1640768779358571000,34.3,2,0.0,1551,0.0,0,1,2021-12-29 09:06:19
1640768779701238000,34.3,5,0.0,1547,0.0,0,1,2021-12-29 09:06:19
1640768779753111000,34.3,20,0.0,1527,0.0,0,1,2021-12-29 09:06:19
1640768779950945000,34.3,10,0.0,1517,0.0,0,1,2021-12-29 09:06:19
1640768780395341000,34.3,1,0.0,1517,0.0,0,1,2021-12-29 09:06:20
1640768780759502000,34.3,1,0.0,1517,0.0,0,1,2021-12-29 09:06:20
1640768780787353000,34.3,1,0.0,1516,0.0,0,1,2021-12-29 09:06:20
1640768781016728000,34.3,1,0.0,1515,0.0,0,1,2021-12-29 09:06:21
1640768781053537000,34.3,1,0.0,1514,0.0,0,1,2021-12-29 09:06:21
1640768781158584000,34.3,1,0.0,1513,0.0,0,1,2021-12-29 09:06:21
1640768781596523000,34.3,3,0.0,1518,0.0,0,1,2021-12-29 09:06:21
1640768781638012000,34.3,1,0.0,1517,0.0,0,1,2021-12-29 09:06:21
1640768781830510000,34.3,10,0.0,1537,0.0,0,1,2021-12-29 09:06:21
1640768781831268000,34.3,2,0.0,1535,0.0,0,1,2021-12-29 09:06:21
1640768781906523000,34.3,5,0.0,1530,0.0,0,1,2021-12-29 09:06:21
1640768781950623000,34.3,1,0.0,1529,0.0,0,1,2021-12-29 09:06:21
1640768782236722000,34.3,5,0.0,1525,0.0,0,1,2021-12-29 09:06:22
1640768782453751000,34.3,4,0.0,1521,0.0,0,1,2021-12-29 09:06:22
1640768782456266000,34.3,1,0.0,1520,0.0,0,1,2021-12-29 09:06:22
1640768782468949000,34.3,3,0.0,1517,0.0,0,1,2021-12-29 09:06:22
1640768782628837000,34.3,1,0.0,1516,0.0,0,1,2021-12-29 09:06:22
1640768782675068000,34.3,25,0.0,1491,0.0,0,1,2021-12-29 09:06:22
1640768784173022000,34.3,2,0.0,1493,0.0,0,1,2021-12-29 09:06:24
1640768784615052000,34.3,1,0.0,1495,0.0,0,1,2021-12-29 09:06:24
1640768785008122000,34.3,20,0.0,1476,0.0,0,1,2021-12-29 09:06:25
1640768785501464000,34.3,3,0.0,1473,0.0,0,1,2021-12-29 09:06:25
1640768786391030000,34.3,5,0.0,1471,0.0,0,1,2021-12-29 09:06:26
1640768786576833000,34.3,5,0.0,1467,0.0,0,1,2021-12-29 09:06:26
1640768786674673000,34.3,30,0.0,1438,0.0,0,1,2021-12-29 09:06:26
1640768786688267000,34.3,2,0.0,1436,0.0,0,1,2021-12-29 09:06:26
1640768786942611000,34.3,1,0.0,1435,0.0,0,1,2021-12-29 09:06:26
1640768787040193000,34.3,1,0.0,1434,0.0,0,1,2021-12-29 09:06:27
1640768787584097000,34.3,1,0.0,1436,0.0,0,1,2021-12-29 09:06:27
1640768787627076000,34.3,3,0.0,1433,0.0,0,1,2021-12-29 09:06:27
1640768788288885000,34.3,40,0.0,1401,0.0,0,1,2021-12-29 09:06:28
1640768788929453000,34.3,1,0.0,1400,0.0,0,1,2021-12-29 09:06:28
1640768789213003000,34.3,5,0.0,1398,0.0,0,1,2021-12-29 09:06:29
1640768789385253000,34.3,5,0.0,1404,0.0,0,1,2021-12-29 09:06:29
1640768790088845000,34.3,2,0.0,1402,0.0,0,1,2021-12-29 09:06:30
1640768790277247000,34.3,3,0.0,1429,0.0,0,1,2021-12-29 09:06:30
1640768790344242000,34.3,2,0.0,1427,0.0,0,1,2021-12-29 09:06:30
1640768790395767000,34.3,3,0.0,1424,0.0,0,1,2021-12-29 09:06:30
1640768790425507000,34.3,2,0.0,1422,0.0,0,1,2021-12-29 09:06:30
1640768791459495000,34.3,1,0.0,1429,0.0,0,1,2021-12-29 09:06:31
1640768791504131000,34.3,1,0.0,1428,0.0,0,1,2021-12-29 09:06:31
1640768791773348000,34.3,10,0.0,1418,0.0,0,1,2021-12-29 09:06:31
1640768791835447000,34.3,3,0.0,1415,0.0,0,1,2021-12-29 09:06:31
1640768791940777000,34.3,6,0.0,1409,0.0,0,1,2021-12-29 09:06:31
1640768791972588000,34.3,20,0.0,1388,0.0,0,1,2021-12-29 09:06:31
1640768792349774000,34.3,50,0.0,1338,0.0,0,1,2021-12-29 09:06:32
1640768792542647000,34.3,1,0.0,1348,0.0,0,1,2021-12-29 09:06:32
1640768792711366000,34.3,1,0.0,1350,0.0,0,1,2021-12-29 09:06:32
1640768793245770000,34.3,1,0.0,1340,0.0,0,1,2021-12-29 09:06:33
1640768793264730000,34.3,1,0.0,1339,0.0,0,1,2021-12-29 09:06:33
1640768793438060000,34.3,5,0.0,1334,0.0,0,1,2021-12-29 09:06:33
1640768793450517000,34.3,1,0.0,1333,0.0,0,1,2021-12-29 09:06:33
1640768793475331000,34.3,1,0.0,1332,0.0,0,1,2021-12-29 09:06:33
1640768794620315000,34.3,1,0.0,1331,0.0,0,1,2021-12-29 09:06:34
1640768794762739000,34.3,1,0.0,1331,0.0,0,1,2021-12-29 09:06:34
1640768794817383000,34.3,1,0.0,1330,0.0,0,1,2021-12-29 09:06:34
1640768795136751000,34.3,1,0.0,1329,0.0,0,1,2021-12-29 09:06:35
1640768795955416000,34.3,1,0.0,1330,0.0,0,1,2021-12-29 09:06:35
1640768796210827000,34.3,2,0.0,1329,0.0,0,1,2021-12-29 09:06:36
1640768796736235000,34.3,2,0.0,1327,0.0,0,1,2021-12-29 09:06:36
1640768797418566000,34.3,1,0.0,1326,0.0,0,1,2021-12-29 09:06:37
1640768797725895000,34.3,15,0.0,1311,0.0,0,1,2021-12-29 09:06:37
1640768800006202000,34.3,5,0.0,1307,0.0,0,1,2021-12-29 09:06:40
1640768800512421000,34.3,1,0.0,1306,0.0,0,1,2021-12-29 09:06:40
1640768800840860000,34.3,7,0.0,1299,0.0,0,1,2021-12-29 09:06:40
1640768801250420000,34.3,1,0.0,1304,0.0,0,1,2021-12-29 09:06:41
1640768801641012000,34.3,1,0.0,1306,0.0,0,1,2021-12-29 09:06:41
1640768801812611000,34.3,1,0.0,1305,0.0,0,1,2021-12-29 09:06:41
1640768801908592000,34.3,1,0.0,1304,0.0,0,1,2021-12-29 09:06:41
1640768802164208000,34.3,3,0.0,1301,0.0,0,1,2021-12-29 09:06:42
1640768802168413000,34.3,1,0.0,1300,0.0,0,1,2021-12-29 09:06:42
1640768804135428000,34.3,10,0.0,1344,0.0,0,1,2021-12-29 09:06:44
1640768804213873000,34.3,5,0.0,1339,0.0,0,1,2021-12-29 09:06:44
1640768805102343000,34.3,1,0.0,1346,0.0,0,1,2021-12-29 09:06:45
1640768805196060000,34.3,1,0.0,1345,0.0,0,1,2021-12-29 09:06:45
1640768806944759000,34.3,1,0.0,1346,0.0,0,1,2021-12-29 09:06:46
1640768807797662000,34.3,18,0.0,1333,0.0,0,1,2021-12-29 09:06:47
1640768808532100000,34.3,1,0.0,1333,0.0,0,1,2021-12-29 09:06:48
1640768809577706000,34.3,5,0.0,1330,0.0,0,1,2021-12-29 09:06:49
1640768810282488000,34.3,1,0.0,1329,0.0,0,1,2021-12-29 09:06:50
1640768810674853000,34.3,10,0.0,1319,0.0,0,1,2021-12-29 09:06:50
1640768810982924000,34.3,5,0.0,1317,0.0,0,1,2021-12-29 09:06:50
1640768811425121000,34.3,5,0.0,1312,0.0,0,1,2021-12-29 09:06:51
1640768811429646000,34.3,1,0.0,1311,0.0,0,1,2021-12-29 09:06:51
1640768811956296000,34.3,1,0.0,1313,0.0,0,1,2021-12-29 09:06:51
1640768812408943000,34.3,1,0.0,1312,0.0,0,1,2021-12-29 09:06:52
1640768813948549000,34.3,1,0.0,1315,0.0,0,1,2021-12-29 09:06:53
1640768814603754000,34.3,1,0.0,1315,0.0,0,1,2021-12-29 09:06:54
1640768814678702000,34.3,3,0.0,1312,0.0,0,1,2021-12-29 09:06:54
1640768814872431000,34.3,1,0.0,1311,0.0,0,1,2021-12-29 09:06:54
1640768816087618000,34.3,1,0.0,1310,0.0,0,1,2021-12-29 09:06:56
1640768816780870000,34.3,6,0.0,1304,0.0,0,1,2021-12-29 09:06:56
1640768817730624000,34.3,3,0.0,2091,0.0,0,1,2021-12-29 09:06:57
1640768818070190000,34.3,1,0.0,2090,0.0,0,1,2021-12-29 09:06:58
1640768819247736000,34.3,1,0.0,2109,0.0,0,1,2021-12-29 09:06:59
1640768820145273000,34.3,1,0.0,2091,0.0,0,1,2021-12-29 09:07:00
1640768820410506000,34.3,2,0.0,2089,0.0,0,1,2021-12-29 09:07:00
1640768822102127000,34.3,1,0.0,2109,0.0,0,1,2021-12-29 09:07:02
1640768822329325000,34.3,1,0.0,2108,0.0,0,1,2021-12-29 09:07:02
1640768822344248000,34.3,1,0.0,2107,0.0,0,1,2021-12-29 09:07:02
1640768824520462000,34.3,2,0.0,2110,0.0,0,1,2021-12-29 09:07:04
1640768824719624000,34.3,1,0.0,2109,0.0,0,1,2021-12-29 09:07:04
1640768827100971000,34.3,3,0.0,2113,0.0,0,1,2021-12-29 09:07:07
1640768827357437000,34.3,5,0.0,2110,0.0,0,1,2021-12-29 09:07:07
1640768829525469000,34.3,6,0.0,2107,0.0,0,1,2021-12-29 09:07:09
1640768830721781000,34.3,5,0.0,2102,0.0,0,1,2021-12-29 09:07:10
1640768831993547000,34.3,5,0.0,2097,0.0,0,1,2021-12-29 09:07:11
1640768832859915000,34.3,1,0.0,2096,0.0,0,1,2021-12-29 09:07:12
1640768833719850000,34.3,6,0.0,2090,0.0,0,1,2021-12-29 09:07:13
1640768834780696000,34.3,1,0.0,2094,0.0,0,1,2021-12-29 09:07:14
1640768835311116000,34.3,1,0.0,2093,0.0,0,1,2021-12-29 09:07:15
1640768835997619000,34.3,1,0.0,2092,0.0,0,1,2021-12-29 09:07:15
1640768836854894000,34.3,1,0.0,2091,0.0,0,1,2021-12-29 09:07:16
1640768837202110000,34.3,5,0.0,2086,0.0,0,1,2021-12-29 09:07:17
1640768837813316000,34.3,1,0.0,2185,0.0,0,1,2021-12-29 09:07:17
1640768837993264000,34.3,1,0.0,2184,0.0,0,1,2021-12-29 09:07:17
1640768838025365000,34.3,5,0.0,2179,0.0,0,1,2021-12-29 09:07:18
1640768839638130000,34.3,1,0.0,2179,0.0,0,1,2021-12-29 09:07:19
1640768841448207000,34.3,1,0.0,3052,0.0,0,1,2021-12-29 09:07:21
1640768842738203000,34.3,1,0.0,3051,0.0,0,1,2021-12-29 09:07:22
1640768843439187000,34.3,2,0.0,3059,0.0,0,1,2021-12-29 09:07:23
1640768847503136000,34.3,1,0.0,3060,0.0,0,1,2021-12-29 09:07:27
1640768847969642000,34.3,7,0.0,3053,0.0,0,1,2021-12-29 09:07:27
1640768851892025000,34.3,1,0.0,3087,0.0,0,1,2021-12-29 09:07:31
1640768859228559000,34.3,2,0.0,3104,0.0,0,1,2021-12-29 09:07:39
1640768861465997000,34.3,10,0.0,3102,0.0,0,1,2021-12-29 09:07:41
1640768861524394000,34.3,3,0.0,3119,0.0,0,1,2021-12-29 09:07:41
1640768865085619000,34.3,1,0.0,3121,0.0,0,1,2021-12-29 09:07:45
1640768870800244000,34.3,1,0.0,3170,0.0,0,1,2021-12-29 09:07:50
1640768874266769000,34.3,1,0.0,3185,0.0,0,1,2021-12-29 09:07:54
1640768879122566000,34.3,1,0.0,3190,0.0,0,1,2021-12-29 09:07:59
1640768884455123000,34.3,30,0.0,3159,0.0,0,1,2021-12-29 09:08:04
1640768884937608000,34.3,2,0.0,3157,0.0,0,1,2021-12-29 09:08:04
1640768886009413000,34.3,1,0.0,3156,0.0,0,1,2021-12-29 09:08:06
1640768886198024000,34.3,1,0.0,3155,0.0,0,1,2021-12-29 09:08:06
1640768899487386000,34.3,10,0.0,3148,0.0,0,1,2021-12-29 09:08:19
1640768900786709000,34.3,1,0.0,3147,0.0,0,1,2021-12-29 09:08:20
1640768903656531000,34.3,1,0.0,3146,0.0,0,1,2021-12-29 09:08:23
1640768906043621000,34.3,2,0.0,3144,0.0,0,1,2021-12-29 09:08:26
1640768908320268000,34.3,3,0.0,3161,0.0,0,1,2021-12-29 09:08:28
1640768908788017000,34.3,1,0.0,3160,0.0,0,1,2021-12-29 09:08:28
1640768909409288000,34.3,1,0.0,3159,0.0,0,1,2021-12-29 09:08:29
1640768910293684000,34.3,2,0.0,3157,0.0,0,1,2021-12-29 09:08:30
1640768916742363000,34.3,1,0.0,3169,0.0,0,1,2021-12-29 09:08:36
1640768918182683000,34.3,10,0.0,3159,0.0,0,1,2021-12-29 09:08:38
1640768928138441000,34.3,1,0.0,3178,0.0,0,1,2021-12-29 09:08:48
1640768928921872000,34.3,5,0.0,3173,0.0,0,1,2021-12-29 09:08:48
1640768942336695000,34.3,1,0.0,3192,0.0,0,1,2021-12-29 09:09:02
1640768942337153000,34.3,2,0.0,3190,0.0,0,1,2021-12-29 09:09:02
1640768946065540000,34.3,1,0.0,3192,0.0,0,1,2021-12-29 09:09:06
1640768946219726000,34.3,1,0.0,3191,0.0,0,1,2021-12-29 09:09:06
1640768948121195000,34.3,2,0.0,3191,0.0,0,1,2021-12-29 09:09:08
1640768948866513000,34.3,1,0.0,3191,0.0,0,1,2021-12-29 09:09:08
1640768950331316000,34.3,1,0.0,3190,0.0,0,1,2021-12-29 09:09:10
1640768951252643000,34.3,10,0.0,3180,0.0,0,1,2021-12-29 09:09:11
1640768959547485000,34.3,2,0.0,3184,0.0,0,1,2021-12-29 09:09:19
1640768966438483000,34.3,1,0.0,3183,0.0,0,1,2021-12-29 09:09:26
1640768966681414000,34.3,3,0.0,3180,0.0,0,1,2021-12-29 09:09:26
1640768967762700000,34.3,1,0.0,3179,0.0,0,1,2021-12-29 09:09:27
1640768968035434000,34.3,2,0.0,3177,0.0,0,1,2021-12-29 09:09:28
1640768986259967000,34.3,1,0.0,3156,0.0,0,1,2021-12-29 09:09:46
1640768994815542000,34.3,1,0.0,3172,0.0,0,1,2021-12-29 09:09:54
1640768999600820000,34.3,2,0.0,3170,0.0,0,1,2021-12-29 09:09:59
1640769006287646000,34.3,1,0.0,3167,0.0,0,1,2021-12-29 09:10:06
1640769008109749000,34.3,1,0.0,3166,0.0,0,1,2021-12-29 09:10:08
1640769012660999000,34.3,1,0.0,3170,0.0,0,1,2021-12-29 09:10:12
1640769015907469000,34.3,1,0.0,3169,0.0,0,1,2021-12-29 09:10:15
1640769016844519000,34.3,1,0.0,3168,0.0,0,1,2021-12-29 09:10:16
1640769023457821000,34.3,1,0.0,3169,0.0,0,1,2021-12-29 09:10:23
1640769032407083000,34.3,23,0.0,3148,0.0,0,1,2021-12-29 09:10:32
1640769051809550000,34.3,3,0.0,3145,0.0,0,1,2021-12-29 09:10:51
1640769052897233000,34.3,1,0.0,3144,0.0,0,1,2021-12-29 09:10:52
1640769066323085000,34.3,10,0.0,2261,0.0,0,1,2021-12-29 09:11:06
1640769095905635000,34.3,2,0.0,2255,0.0,0,1,2021-12-29 09:11:35
1640769111376414000,34.3,5,0.0,2266,0.0,0,1,2021-12-29 09:11:51
1640769130002345000,34.3,1,0.0,2266,0.0,0,1,2021-12-29 09:12:10
1640769147473181000,34.3,1,0.0,2265,0.0,0,1,2021-12-29 09:12:27
1640769158300550000,34.3,3,0.0,2262,0.0,0,1,2021-12-29 09:12:38
1640769169291156000,34.3,1,0.0,2264,0.0,0,1,2021-12-29 09:12:49
1640769170077966000,34.3,1,0.0,2263,0.0,0,1,2021-12-29 09:12:50
1640769170287800000,34.3,1,0.0,2262,0.0,0,1,2021-12-29 09:12:50
1640769184714988000,34.3,1,0.0,2287,0.0,0,1,2021-12-29 09:13:04
1640769189672780000,34.3,2,0.0,2285,0.0,0,1,2021-12-29 09:13:09
1640769192552360000,34.3,1,0.0,2284,0.0,0,1,2021-12-29 09:13:12
1640769202144127000,34.3,2,0.0,2281,0.0,0,1,2021-12-29 09:13:22
1640769210685905000,34.3,2,0.0,2280,0.0,0,1,2021-12-29 09:13:30
1640769225693237000,34.3,1,0.0,2272,0.0,0,1,2021-12-29 09:13:45
1640769249441825000,34.3,1,0.0,2258,0.0,0,1,2021-12-29 09:14:09
1640769265305714000,34.3,1,0.0,2257,0.0,0,1,2021-12-29 09:14:25
1640769295092334000,34.3,1,0.0,2257,0.0,0,1,2021-12-29 09:14:55
1640769307721573000,34.3,2,0.0,2254,0.0,0,1,2021-12-29 09:15:07
1640769319206012000,34.3,8,0.0,2246,0.0,0,1,2021-12-29 09:15:19
1640769355111247000,34.3,20,0.0,2225,0.0,0,1,2021-12-29 09:15:55
1640769366545312000,34.3,1,0.0,2224,0.0,0,1,2021-12-29 09:16:06
1640769371952953000,34.3,3,0.0,2221,0.0,0,1,2021-12-29 09:16:11
1640769383577850000,34.3,1,0.0,2220,0.0,0,1,2021-12-29 09:16:23
1640769390725332000,34.3,1,0.0,2220,0.0,0,1,2021-12-29 09:16:30
1640769414140817000,34.3,10,0.0,2215,0.0,0,1,2021-12-29 09:16:54
1640769426334455000,34.3,1,0.0,2215,0.0,0,1,2021-12-29 09:17:06
1640769458006026000,34.3,1,0.0,2263,0.0,0,1,2021-12-29 09:17:38
1640769485427884000,34.3,1,0.0,2309,0.0,0,1,2021-12-29 09:18:05
1640769493172755000,34.3,1,0.0,2328,0.0,0,1,2021-12-29 09:18:13
1640769493174931000,34.3,1,0.0,2327,0.0,0,1,2021-12-29 09:18:13
1640769500892772000,34.3,1,0.0,2331,0.0,0,1,2021-12-29 09:18:20
1640769503088473000,34.3,2,0.0,2329,0.0,0,1,2021-12-29 09:18:23
1640769513359782000,34.3,7,0.0,2323,0.0,0,1,2021-12-29 09:18:33
1640769562760301000,34.3,1,0.0,2336,0.0,0,1,2021-12-29 09:19:22
1640769576482373000,34.3,1,0.0,2336,0.0,0,1,2021-12-29 09:19:36
1640769584355301000,34.3,1,0.0,2336,0.0,0,1,2021-12-29 09:19:44
1640769600430115000,34.3,5,0.0,2231,0.0,0,1,2021-12-29 09:20:00
1640769642218000000,34.3,1,0.0,2238,0.0,0,1,2021-12-29 09:20:42
1640769678259193000,34.3,1,0.0,2241,0.0,0,1,2021-12-29 09:21:18
1640769681567084000,34.3,3,0.0,2238,0.0,0,1,2021-12-29 09:21:21
1640769707480985000,34.3,2,0.0,2240,0.0,0,1,2021-12-29 09:21:47
1640769710498889000,34.3,1,0.0,2239,0.0,0,1,2021-12-29 09:21:50
1640769725883646000,34.3,2,0.0,2238,0.0,0,1,2021-12-29 09:22:05
1640769728888897000,34.3,1,0.0,2237,0.0,0,1,2021-12-29 09:22:08
1640769730332615000,34.3,1,0.0,2231,0.0,0,1,2021-12-29 09:22:10
1640769750067857000,34.3,1,0.0,2241,0.0,0,1,2021-12-29 09:22:30
1640769757452897000,34.3,1,0.0,2240,0.0,0,1,2021-12-29 09:22:37
1640769761065989000,34.3,2,0.0,2238,0.0,0,1,2021-12-29 09:22:41
1640769769457564000,34.3,1,0.0,2232,0.0,0,1,2021-12-29 09:22:49
1640769772086036000,34.3,1,0.0,2231,0.0,0,1,2021-12-29 09:22:52
1640769777198149000,34.3,1,0.0,2231,0.0,0,1,2021-12-29 09:22:57
1640769790707850000,34.3,1,0.0,2244,0.0,0,1,2021-12-29 09:23:10
1640769793548072000,34.3,2,0.0,2242,0.0,0,1,2021-12-29 09:23:13
1640769800205767000,34.3,1,0.0,2243,0.0,0,1,2021-12-29 09:23:20
1640769819287089000,34.3,2,0.0,2242,0.0,0,1,2021-12-29 09:23:39
1640769840928792000,34.3,1,0.0,2244,0.0,0,1,2021-12-29 09:24:00
1640769869757025000,34.3,1,0.0,2213,0.0,0,1,2021-12-29 09:24:29
1640769878424126000,34.3,1,0.0,2213,0.0,0,1,2021-12-29 09:24:38
1640769931543944000,34.3,1,0.0,2214,0.0,0,1,2021-12-29 09:25:31
1640769942091959000,34.3,10,0.0,2204,0.0,0,1,2021-12-29 09:25:42
1640769954944449000,34.3,2,0.0,2202,0.0,0,1,2021-12-29 09:25:54
1640769958727414000,34.3,3,0.0,2199,0.0,0,1,2021-12-29 09:25:58
1640769960889228000,34.3,2,0.0,2197,0.0,0,1,2021-12-29 09:26:00
1640769983834111000,34.3,1,0.0,2197,0.0,0,1,2021-12-29 09:26:23
1640769996640974000,34.3,9,0.0,2189,0.0,0,1,2021-12-29 09:26:36
1640769997757149000,34.3,1,0.0,2188,0.0,0,1,2021-12-29 09:26:37
1640770047474047000,34.3,2,0.0,2186,0.0,0,1,2021-12-29 09:27:27
1640770051698791000,34.3,3,0.0,2183,0.0,0,1,2021-12-29 09:27:31
1640770061749341000,34.3,1,0.0,2183,0.0,0,1,2021-12-29 09:27:41
1640770075648321000,34.3,2,0.0,2183,0.0,0,1,2021-12-29 09:27:55
1640770125561557000,34.3,1,0.0,2181,0.0,0,1,2021-12-29 09:28:45
1640770153362137000,34.3,3,0.0,2181,0.0,0,1,2021-12-29 09:29:13
1640770168664590000,34.3,1,0.0,2182,0.0,0,1,2021-12-29 09:29:28
1640770169425704000,34.3,10,0.0,2172,0.0,0,1,2021-12-29 09:29:29
1640770261364301000,34.3,1,0.0,2162,0.0,0,1,2021-12-29 09:31:01
1640770266126727000,34.3,2,0.0,2160,0.0,0,1,2021-12-29 09:31:06
1640770355342231000,34.3,2,0.0,2160,0.0,0,1,2021-12-29 09:32:35
1640770387405418000,34.3,2,0.0,2161,0.0,0,1,2021-12-29 09:33:07
1640770431659574000,34.3,3,0.0,2159,0.0,0,1,2021-12-29 09:33:51
1640770464899742000,34.3,2,0.0,2160,0.0,0,1,2021-12-29 09:34:24
1640770473439379000,34.3,2,0.0,2158,0.0,0,1,2021-12-29 09:34:33
1640770497222329000,34.3,6,0.0,2153,0.0,0,1,2021-12-29 09:34:57
1640770497725688000,34.3,1,0.0,2152,0.0,0,1,2021-12-29 09:34:57
1640770520341426000,34.3,1,0.0,2148,0.0,0,1,2021-12-29 09:35:20
1640770622399706000,34.3,2,0.0,2182,0.0,0,1,2021-12-29 09:37:02
1640770633878024000,34.3,1,0.0,2181,0.0,0,1,2021-12-29 09:37:13
1640770674260168000,34.3,1,0.0,2180,0.0,0,1,2021-12-29 09:37:54
1640770740261611000,34.3,1,0.0,2175,0.0,0,1,2021-12-29 09:39:00
1640770753277235000,34.3,1,0.0,2174,0.0,0,1,2021-12-29 09:39:13
1640770767322331000,34.3,2,0.0,2153,0.0,0,1,2021-12-29 09:39:27
1640770784992470000,34.3,2,0.0,2151,0.0,0,1,2021-12-29 09:39:44
1640770851251171000,34.3,30,0.0,2101,0.0,0,1,2021-12-29 09:40:51
1640770879770528000,34.3,1,0.0,2100,0.0,0,1,2021-12-29 09:41:19
1640770914121232000,34.3,10,0.0,2090,0.0,0,1,2021-12-29 09:41:54
1640771006555312000,34.3,2,0.0,2091,0.0,0,1,2021-12-29 09:43:26
1640771008426249000,34.3,1,0.0,2090,0.0,0,1,2021-12-29 09:43:28
1640771033835441000,34.3,5,0.0,2084,0.0,0,1,2021-12-29 09:43:53
1640771035381074000,34.3,2,0.0,2082,0.0,0,1,2021-12-29 09:43:55
1640771056471409000,34.3,1,0.0,2084,0.0,0,1,2021-12-29 09:44:16
1640771073778206000,34.3,3,0.0,2071,0.0,0,1,2021-12-29 09:44:33
1640771105052323000,34.3,2,0.0,2069,0.0,0,1,2021-12-29 09:45:05
1640771140835446000,34.3,1,0.0,2068,0.0,0,1,2021-12-29 09:45:40
1640771169897993000,34.3,1,0.0,2068,0.0,0,1,2021-12-29 09:46:09
1640771182090333000,34.3,5,0.0,2064,0.0,0,1,2021-12-29 09:46:22
1640771188204016000,34.3,5,0.0,2059,0.0,0,1,2021-12-29 09:46:28
1640771200985849000,34.3,1,0.0,2058,0.0,0,1,2021-12-29 09:46:40
1640771310043204000,34.3,2,0.0,2063,0.0,0,1,2021-12-29 09:48:30
1640771347593648000,34.3,1,0.0,2059,0.0,0,1,2021-12-29 09:49:07
1640771366744455000,34.3,1,0.0,2058,0.0,0,1,2021-12-29 09:49:26
1640771412633960000,34.3,1,0.0,2058,0.0,0,1,2021-12-29 09:50:12
1640771417080311000,34.3,1,0.0,2057,0.0,0,1,2021-12-29 09:50:17
1640771468343214000,34.3,1,0.0,2056,0.0,0,1,2021-12-29 09:51:08
1640771606483975000,34.3,1,0.0,2066,0.0,0,1,2021-12-29 09:53:26
1640771622421613000,34.3,1,0.0,2066,0.0,0,1,2021-12-29 09:53:42
1640771671789644000,34.3,1,0.0,2066,0.0,0,1,2021-12-29 09:54:31
1640771672627040000,34.3,3,0.0,2063,0.0,0,1,2021-12-29 09:54:32
1640771728125754000,34.3,1,0.0,2065,0.0,0,1,2021-12-29 09:55:28
1640771742474916000,34.3,1,0.0,2063,0.0,0,1,2021-12-29 09:55:42
1640771766571837000,34.3,1,0.0,2062,0.0,0,1,2021-12-29 09:56:06
1640771877193651000,34.3,1,0.0,2065,0.0,0,1,2021-12-29 09:57:57
1640771987800741000,34.3,2,0.0,1282,0.0,0,1,2021-12-29 09:59:47
1640771996731545000,34.3,20,0.0,1267,0.0,0,1,2021-12-29 09:59:56
1640772059237718000,34.3,1,0.0,2065,0.0,0,1,2021-12-29 10:00:59
1640772181661276000,34.3,5,0.0,2092,0.0,0,1,2021-12-29 10:03:01
1640772253031577000,34.3,1,0.0,2091,0.0,0,1,2021-12-29 10:04:13
1640772416565924000,34.3,1,0.0,2092,0.0,0,1,2021-12-29 10:06:56
1640772466380296000,34.3,1,0.0,2093,0.0,0,1,2021-12-29 10:07:46
1640772477063273000,34.3,4,0.0,2089,0.0,0,1,2021-12-29 10:07:57
1640772496538725000,34.3,1,0.0,2138,0.0,0,1,2021-12-29 10:08:16
1640772529305331000,34.3,1,0.0,2132,0.0,0,1,2021-12-29 10:08:49
1640772614456380000,34.3,1,0.0,2131,0.0,0,1,2021-12-29 10:10:14
1640772684629054000,34.3,2,0.0,2134,0.0,0,1,2021-12-29 10:11:24
1640772694381623000,34.3,8,0.0,1331,0.0,0,1,2021-12-29 10:11:34
1640772711353347000,34.3,1,0.0,1330,0.0,0,1,2021-12-29 10:11:51
1640772713084502000,34.3,5,0.0,1325,0.0,0,1,2021-12-29 10:11:53
1640772723700808000,34.3,1,0.0,1274,0.0,0,1,2021-12-29 10:12:03
1640772724441798000,34.3,2,0.0,1272,0.0,0,1,2021-12-29 10:12:04
1640772743598437000,34.3,1,0.0,1271,0.0,0,1,2021-12-29 10:12:23
1640772748104737000,34.3,5,0.0,1266,0.0,0,1,2021-12-29 10:12:28
1640772748651336000,34.3,2,0.0,1264,0.0,0,1,2021-12-29 10:12:28
1640772763308584000,34.3,1,0.0,1263,0.0,0,1,2021-12-29 10:12:43
1640772771232176000,34.3,3,0.0,1260,0.0,0,1,2021-12-29 10:12:51
1640772781457765000,34.3,1,0.0,1320,0.0,0,1,2021-12-29 10:13:01
1640772786303302000,34.3,4,0.0,1256,0.0,0,1,2021-12-29 10:13:06
1640772800739676000,34.3,1,0.0,1255,0.0,0,1,2021-12-29 10:13:20
1640772816755496000,34.3,1,0.0,1254,0.0,0,1,2021-12-29 10:13:36
1640772831121932000,34.3,1,0.0,1253,0.0,0,1,2021-12-29 10:13:51
1640772845811556000,34.3,5,0.0,1247,0.0,0,1,2021-12-29 10:14:05
1640772847347892000,34.3,2,0.0,1245,0.0,0,1,2021-12-29 10:14:07
1640772847603699000,34.3,1,0.0,1244,0.0,0,1,2021-12-29 10:14:07
1640772923321958000,34.3,1,0.0,1247,0.0,0,1,2021-12-29 10:15:23
1640772943571391000,34.3,1,0.0,1245,0.0,0,1,2021-12-29 10:15:43
1640772950358319000,34.3,1,0.0,1243,0.0,0,1,2021-12-29 10:15:50
1640772964990513000,34.3,1,0.0,1242,0.0,0,1,2021-12-29 10:16:04
1640772974018195000,34.3,5,0.0,1237,0.0,0,1,2021-12-29 10:16:14
1640772978750887000,34.3,3,0.0,1234,0.0,0,1,2021-12-29 10:16:18
1640773001503850000,34.3,1,0.0,1233,0.0,0,1,2021-12-29 10:16:41
1640773010405674000,34.3,1,0.0,1232,0.0,0,1,2021-12-29 10:16:50
1640773064316227000,34.3,1,0.0,1230,0.0,0,1,2021-12-29 10:17:44
1640773112333741000,34.3,1,0.0,1228,0.0,0,1,2021-12-29 10:18:32
1640773149158269000,34.3,1,0.0,1227,0.0,0,1,2021-12-29 10:19:09
1640773157593076000,34.3,1,0.0,1226,0.0,0,1,2021-12-29 10:19:17
1640773159240817000,34.3,5,0.0,1221,0.0,0,1,2021-12-29 10:19:19
1640773249117011000,34.3,1,0.0,1217,0.0,0,1,2021-12-29 10:20:49
1640773263410791000,34.3,5,0.0,1210,0.0,0,1,2021-12-29 10:21:03
1640773555023617000,34.3,1,0.0,1229,0.0,0,1,2021-12-29 10:25:55
1640773599064532000,34.3,2,0.0,1227,0.0,0,1,2021-12-29 10:26:39
1640773609155545000,34.3,2,0.0,1225,0.0,0,1,2021-12-29 10:26:49
1640773628955564000,34.3,1,0.0,1224,0.0,0,1,2021-12-29 10:27:08
1640773638530732000,34.3,1,0.0,1174,0.0,0,1,2021-12-29 10:27:18
1640773685693951000,34.3,4,0.0,1169,0.0,0,1,2021-12-29 10:28:05
1640773694334296000,34.3,3,0.0,1166,0.0,0,1,2021-12-29 10:28:14
1640773722977766000,34.3,1,0.0,1166,0.0,0,1,2021-12-29 10:28:42
1640773879068448000,34.3,1,0.0,1172,0.0,0,1,2021-12-29 10:31:19
1640773901337660000,34.3,1,0.0,1171,0.0,0,1,2021-12-29 10:31:41
1640773924696185000,34.3,1,0.0,1170,0.0,0,1,2021-12-29 10:32:04
1640773965357626000,34.3,2,0.0,1162,0.0,0,1,2021-12-29 10:32:45
1640773967529199000,34.3,4,0.0,1158,0.0,0,1,2021-12-29 10:32:47
1640774016573349000,34.3,5,0.0,1157,0.0,0,1,2021-12-29 10:33:36
1640774060506720000,34.3,2,0.0,1154,0.0,0,1,2021-12-29 10:34:20
1640774073688304000,34.3,10,0.0,1144,0.0,0,1,2021-12-29 10:34:33
1640774084646029000,34.3,10,0.0,1134,0.0,0,1,2021-12-29 10:34:44
1640774093627059000,34.3,1,0.0,1133,0.0,0,1,2021-12-29 10:34:53
1640774100053661000,34.3,10,0.0,1123,0.0,0,1,2021-12-29 10:35:00
1640774120165186000,34.3,7,0.0,1116,0.0,0,1,2021-12-29 10:35:20
1640774122045716000,34.3,10,0.0,1106,0.0,0,1,2021-12-29 10:35:22
1640774130219498000,34.3,1,0.0,1105,0.0,0,1,2021-12-29 10:35:30
1640774140064996000,34.3,1,0.0,1103,0.0,0,1,2021-12-29 10:35:40
1640774157739510000,34.3,10,0.0,1092,0.0,0,1,2021-12-29 10:35:57
1640774185845013000,34.3,10,0.0,1087,0.0,0,1,2021-12-29 10:36:25
1640774209902705000,34.3,2,0.0,1084,0.0,0,1,2021-12-29 10:36:49
1640774226614646000,34.3,2,0.0,1199,0.0,0,1,2021-12-29 10:37:06
1640774301353152000,34.3,1,0.0,1198,0.0,0,1,2021-12-29 10:38:21
1640774330988163000,34.3,50,0.0,1147,0.0,0,1,2021-12-29 10:38:50
1640774380595110000,34.3,10,0.0,1138,0.0,0,1,2021-12-29 10:39:40
1640774390025977000,34.3,10,0.0,1128,0.0,0,1,2021-12-29 10:39:50
1640774394883891000,34.3,40,0.0,1088,0.0,0,1,2021-12-29 10:39:54
1640774397674372000,34.3,1,0.0,1087,0.0,0,1,2021-12-29 10:39:57
1640774398550327000,34.3,1,0.0,1086,0.0,0,1,2021-12-29 10:39:58
1640774402742466000,34.3,1,0.0,1085,0.0,0,1,2021-12-29 10:40:02
1640774403177129000,34.3,10,0.0,1080,0.0,0,1,2021-12-29 10:40:03
1640774406033556000,34.3,1,0.0,1079,0.0,0,1,2021-12-29 10:40:06
1640774416802480000,34.3,1,0.0,1078,0.0,0,1,2021-12-29 10:40:16
1640774529402089000,34.3,1,0.0,1076,0.0,0,1,2021-12-29 10:42:09
1640774640860488000,34.3,2,0.0,1077,0.0,0,1,2021-12-29 10:44:00
1640774723766402000,34.3,2,0.0,1075,0.0,0,1,2021-12-29 10:45:23
1640774837926524000,34.3,2,0.0,1065,0.0,0,1,2021-12-29 10:47:17
1640774920709271000,34.3,1,0.0,1066,0.0,0,1,2021-12-29 10:48:40
1640774977166503000,34.3,1,0.0,1065,0.0,0,1,2021-12-29 10:49:37
1640775275878167000,34.3,2,0.0,1042,0.0,0,1,2021-12-29 10:54:35
1640775284823519000,34.3,5,0.0,1037,0.0,0,1,2021-12-29 10:54:44
1640775698184905000,34.3,1,0.0,1062,0.0,0,1,2021-12-29 11:01:38
1640776001279436000,34.3,8,0.0,1058,0.0,0,1,2021-12-29 11:06:41
1640776027996302000,34.3,1,0.0,1057,0.0,0,1,2021-12-29 11:07:07
1640776042718475000,34.3,1,0.0,1056,0.0,0,1,2021-12-29 11:07:22
1640776117642271000,34.3,16,0.0,1039,0.0,0,1,2021-12-29 11:08:37
1640776173944885000,34.3,2,0.0,1037,0.0,0,1,2021-12-29 11:09:33
1640776275368953000,34.3,20,0.0,1017,0.0,0,1,2021-12-29 11:11:15
1640776309572832000,34.3,8,0.0,1009,0.0,0,1,2021-12-29 11:11:49
1640776393765959000,34.3,1,0.0,1009,0.0,0,1,2021-12-29 11:13:13
1640776447407519000,34.3,20,0.0,991,0.0,0,1,2021-12-29 11:14:07
1640776497260429000,34.3,1,0.0,990,0.0,0,1,2021-12-29 11:14:57
1640776500666685000,34.3,1,0.0,989,0.0,0,1,2021-12-29 11:15:00
1640776504071719000,34.3,1,0.0,988,0.0,0,1,2021-12-29 11:15:04
1640776507383012000,34.3,1,0.0,987,0.0,0,1,2021-12-29 11:15:07
1640776510424860000,34.3,1,0.0,986,0.0,0,1,2021-12-29 11:15:10
1640776512176057000,34.3,2,0.0,984,0.0,0,1,2021-12-29 11:15:12
1640776519176025000,34.3,1,0.0,983,0.0,0,1,2021-12-29 11:15:19
1640776520773534000,34.3,1,0.0,972,0.0,0,1,2021-12-29 11:15:20
1640776535211510000,34.3,1,0.0,970,0.0,0,1,2021-12-29 11:15:35
1640776546513496000,34.3,4,0.0,961,0.0,0,1,2021-12-29 11:15:46
1640776554807578000,34.3,1,0.0,960,0.0,0,1,2021-12-29 11:15:54
1640776559521571000,34.3,2,0.0,958,0.0,0,1,2021-12-29 11:15:59
1640776562308100000,34.3,1,0.0,957,0.0,0,1,2021-12-29 11:16:02
1640776590921493000,34.3,1,0.0,958,0.0,0,1,2021-12-29 11:16:30
1640776622429780000,34.3,10,0.0,949,0.0,0,1,2021-12-29 11:17:02
1640776687218914000,34.3,1,0.0,952,0.0,0,1,2021-12-29 11:18:07
1640776791742656000,34.3,10,0.0,945,0.0,0,1,2021-12-29 11:19:51
1640776866353211000,34.3,1,0.0,944,0.0,0,1,2021-12-29 11:21:06
1640776869285713000,34.3,1,0.0,943,0.0,0,1,2021-12-29 11:21:09
1640776884867259000,34.3,1,0.0,943,0.0,0,1,2021-12-29 11:21:24
1640776927251120000,34.3,3,0.0,941,0.0,0,1,2021-12-29 11:22:07
1640777057679856000,34.3,1,0.0,932,0.0,0,1,2021-12-29 11:24:17
1640777060827592000,34.3,2,0.0,930,0.0,0,1,2021-12-29 11:24:20
1640777116998292000,34.3,1,0.0,935,0.0,0,1,2021-12-29 11:25:16
1640777265809518000,34.3,1,0.0,930,0.0,0,1,2021-12-29 11:27:45
1640777400539452000,34.3,1,0.0,920,0.0,0,1,2021-12-29 11:30:00
1640777492196852000,34.3,2,0.0,918,0.0,0,1,2021-12-29 11:31:32
1640777823193484000,34.3,1,0.0,921,0.0,0,1,2021-12-29 11:37:03
1640777831466468000,34.3,2,0.0,919,0.0,0,1,2021-12-29 11:37:11
1640777835158641000,34.3,1,0.0,918,0.0,0,1,2021-12-29 11:37:15
1640778020603634000,34.3,2,0.0,918,0.0,0,1,2021-12-29 11:40:20
1640778021804016000,34.3,1,0.0,917,0.0,0,1,2021-12-29 11:40:21
1640778052355496000,34.3,1,0.0,915,0.0,0,1,2021-12-29 11:40:52
1640778226539516000,34.3,10,0.0,906,0.0,0,1,2021-12-29 11:43:46
1640778314169816000,34.3,1,0.0,905,0.0,0,1,2021-12-29 11:45:14
1640778342126184000,34.3,5,0.0,965,0.0,0,1,2021-12-29 11:45:42
1640778348505707000,34.3,2,0.0,963,0.0,0,1,2021-12-29 11:45:48
1640778446610405000,34.3,1,0.0,974,0.0,0,1,2021-12-29 11:47:26
1640778735094096000,34.3,3,0.0,970,0.0,0,1,2021-12-29 11:52:15
1640778773112360000,34.3,7,0.0,963,0.0,0,1,2021-12-29 11:52:53
1640779091364472000,34.3,3,0.0,961,0.0,0,1,2021-12-29 11:58:11
1640779172263754000,34.3,2,0.0,957,0.0,0,1,2021-12-29 11:59:32
1640780059218636000,34.3,2,0.0,969,0.0,0,1,2021-12-29 12:14:19
1640780643658843000,34.3,1,0.0,980,0.0,0,1,2021-12-29 12:24:03
1640781364377545000,34.3,3,0.0,983,0.0,0,1,2021-12-29 12:36:04
1640781457104601000,34.3,1,0.0,981,0.0,0,1,2021-12-29 12:37:37
1640781488783112000,34.3,1,0.0,980,0.0,0,1,2021-12-29 12:38:08
1640781529748627000,34.3,1,0.0,979,0.0,0,1,2021-12-29 12:38:49
1640781778844339000,34.3,2,0.0,979,0.0,0,1,2021-12-29 12:42:58
1640781808838315000,34.3,3,0.0,976,0.0,0,1,2021-12-29 12:43:28
1640781822667111000,34.3,5,0.0,971,0.0,0,1,2021-12-29 12:43:42
1640781926804690000,34.3,1,0.0,971,0.0,0,1,2021-12-29 12:45:26
1640782027284365000,34.3,1,0.0,969,0.0,0,1,2021-12-29 12:47:07
1640782028908221000,34.3,5,0.0,964,0.0,0,1,2021-12-29 12:47:08
1640782350496311000,34.3,5,0.0,919,0.0,0,1,2021-12-29 12:52:30
1640782433400922000,34.3,1,0.0,920,0.0,0,1,2021-12-29 12:53:53
1640782461604651000,34.3,2,0.0,918,0.0,0,1,2021-12-29 12:54:21
1640782620878658000,34.3,1,0.0,916,0.0,0,1,2021-12-29 12:57:00
1640782816674959000,34.3,1,0.0,920,0.0,0,1,2021-12-29 13:00:16
1640782830125572000,34.3,1,0.0,919,0.0,0,1,2021-12-29 13:00:30
1640782881490818000,34.3,1,0.0,917,0.0,0,1,2021-12-29 13:01:21
1640782915937889000,34.3,1,0.0,6904,0.0,0,1,2021-12-29 13:01:55
1640783066902824000,34.3,2,0.0,913,0.0,0,1,2021-12-29 13:04:26
1640783068115111000,34.3,1,0.0,912,0.0,0,1,2021-12-29 13:04:28
1640783357829798000,34.3,1,0.0,6897,0.0,0,1,2021-12-29 13:09:17
1640783385436007000,34.3,1,0.0,907,0.0,0,1,2021-12-29 13:09:45
1640783455538082000,34.3,1,0.0,904,0.0,0,1,2021-12-29 13:10:55
1640783566841021000,34.3,2,0.0,901,0.0,0,1,2021-12-29 13:12:46
1640783824164081000,34.3,1,0.0,915,0.0,0,1,2021-12-29 13:17:04
1640783910983258000,34.3,1,0.0,916,0.0,0,1,2021-12-29 13:18:30
1640784056498300000,34.3,1,0.0,909,0.0,0,1,2021-12-29 13:20:56
1640784069731775000,34.3,1,0.0,906,0.0,0,1,2021-12-29 13:21:09
1640784600000000000,34.3,10,34.3,5314,0.0,0,1,2021-12-29 13:30:00
