ts,close,volume,bid_price,bid_volume,ask_price,ask_volume,tick_type,datetime
1657789338677802000,93.1,940,93.0,58,93.1,2,1,2022-07-14 09:02:18
1657789338744393000,93.0,1,93.0,57,93.1,2,2,2022-07-14 09:02:18
1657789338803148000,93.1,1,93.0,57,93.1,3,1,2022-07-14 09:02:18
1657789338845433000,93.0,2,93.0,55,93.1,3,2,2022-07-14 09:02:18
1657789338859285000,93.0,5,93.0,50,93.1,3,2,2022-07-14 09:02:18
1657789338891222000,93.0,1,93.0,47,93.1,3,2,2022-07-14 09:02:18
1657789338988581000,93.1,3,93.0,47,93.2,26,1,2022-07-14 09:02:18
1657789338988581000,93.2,7,93.0,47,93.2,26,1,2022-07-14 09:02:18
1657789339708518000,93.0,1,93.0,46,93.2,34,2,2022-07-14 09:02:19
1657789339757299000,93.0,3,93.0,43,93.1,1,2,2022-07-14 09:02:19
1657789339866076000,93.1,1,93.0,46,93.1,1,1,2022-07-14 09:02:19
1657789340039233000,93.0,1,93.0,42,93.2,34,2,2022-07-14 09:02:20
1657789340130103000,93.1,1,93.0,42,93.2,34,1,2022-07-14 09:02:20
1657789340288226000,93.0,5,93.0,37,93.2,34,2,2022-07-14 09:02:20
1657789340369109000,93.0,4,93.0,33,93.2,34,2,2022-07-14 09:02:20
1657789340401227000,93.0,10,93.0,23,93.2,34,2,2022-07-14 09:02:20
1657789340411414000,93.0,23,92.7,71,92.8,9,2,2022-07-14 09:02:20
1657789340411414000,92.8,11,92.7,71,92.8,9,2,2022-07-14 09:02:20
1657789340444127000,92.7,1,92.7,70,92.8,9,2,2022-07-14 09:02:20
1657789340449239000,92.7,1,92.7,69,92.8,11,2,2022-07-14 09:02:20
1657789340458843000,92.7,1,92.7,68,92.8,12,2,2022-07-14 09:02:20
1657789340479297000,92.8,9,92.7,68,92.8,3,1,2022-07-14 09:02:20
1657789340480896000,92.7,1,92.7,67,92.8,3,2,2022-07-14 09:02:20
1657789340497067000,92.7,1,92.7,69,92.8,12,2,2022-07-14 09:02:20
1657789340589859000,92.7,1,92.7,65,92.8,3,2,2022-07-14 09:02:20
1657789340591552000,92.7,2,92.7,63,92.8,3,2,2022-07-14 09:02:20
1657789340631822000,92.7,1,92.7,62,92.8,3,2,2022-07-14 09:02:20
1657789341319259000,92.7,1,92.7,65,92.8,3,2,2022-07-14 09:02:21
1657789341321864000,92.7,6,92.7,59,92.8,3,2,2022-07-14 09:02:21
1657789341347901000,92.7,6,92.7,53,92.8,3,2,2022-07-14 09:02:21
1657789341355026000,92.7,1,92.7,52,92.8,4,2,2022-07-14 09:02:21
1657789341386228000,92.7,1,92.7,51,92.8,5,2,2022-07-14 09:02:21
1657789341390703000,92.7,1,92.7,50,92.8,5,2,2022-07-14 09:02:21
1657789341421236000,92.7,1,92.7,50,92.8,5,2,2022-07-14 09:02:21
1657789341546875000,92.7,1,92.7,48,92.8,5,2,2022-07-14 09:02:21
1657789341586470000,92.7,1,92.7,47,92.8,5,2,2022-07-14 09:02:21
1657789341614816000,92.7,1,92.7,46,92.8,5,2,2022-07-14 09:02:21
1657789341974776000,92.7,1,92.7,46,92.8,5,2,2022-07-14 09:02:21
1657789342014914000,92.7,1,92.7,46,92.8,5,2,2022-07-14 09:02:22
1657789342155214000,92.7,1,92.7,46,92.8,5,2,2022-07-14 09:02:22
1657789342912158000,92.8,1,92.7,46,92.8,4,1,2022-07-14 09:02:22
1657789343126017000,92.7,1,92.7,45,92.8,4,2,2022-07-14 09:02:23
1657789343381445000,92.7,1,92.7,44,92.8,4,2,2022-07-14 09:02:23
1657789343420174000,92.7,1,92.7,43,92.8,4,2,2022-07-14 09:02:23
1657789343769304000,92.7,4,92.7,39,92.8,4,2,2022-07-14 09:02:23
1657789344020162000,92.8,1,92.7,40,92.8,4,1,2022-07-14 09:02:24
1657789344543291000,92.8,1,92.7,41,92.8,3,1,2022-07-14 09:02:24
1657789344859612000,92.7,2,92.7,38,92.8,2,2,2022-07-14 09:02:24
1657789344891168000,92.7,1,92.7,37,92.8,2,2,2022-07-14 09:02:24
1657789345080267000,92.8,2,92.7,38,93.0,2,1,2022-07-14 09:02:25
1657789345080267000,93.0,3,92.7,38,93.0,2,1,2022-07-14 09:02:25
1657789345175169000,93.0,1,92.7,38,93.0,2,1,2022-07-14 09:02:25
1657789345192811000,93.0,2,92.7,38,93.1,11,1,2022-07-14 09:02:25
1657789345586673000,92.8,1,92.8,33,93.1,11,2,2022-07-14 09:02:25
1657789345755026000,93.1,1,92.8,33,93.1,10,1,2022-07-14 09:02:25
1657789346304793000,93.1,10,92.8,38,93.2,35,1,2022-07-14 09:02:26
1657789346431543000,92.9,3,92.9,3,93.0,20,2,2022-07-14 09:02:26
1657789346433151000,92.9,3,92.8,34,93.0,20,2,2022-07-14 09:02:26
1657789346471898000,92.8,34,92.7,28,93.0,20,2,2022-07-14 09:02:26
1657789346831399000,92.9,3,92.9,2,93.0,20,1,2022-07-14 09:02:26
1657789347202045000,92.9,1,92.9,1,93.0,20,2,2022-07-14 09:02:27
1657789347284156000,93.0,2,92.9,1,93.0,18,1,2022-07-14 09:02:27
1657789347788355000,93.0,2,92.9,6,93.0,16,1,2022-07-14 09:02:27
1657789347855898000,92.9,2,92.9,6,93.0,18,2,2022-07-14 09:02:27
1657789348202837000,93.0,3,92.9,4,93.0,13,1,2022-07-14 09:02:28
1657789348421762000,93.0,1,92.9,4,93.0,13,1,2022-07-14 09:02:28
1657789348582438000,92.9,4,92.8,2,93.0,12,2,2022-07-14 09:02:28
1657789348890968000,92.9,1,92.8,2,92.9,19,1,2022-07-14 09:02:28
1657789348903925000,92.9,1,92.8,2,92.9,18,1,2022-07-14 09:02:28
1657789349272921000,92.9,1,92.8,2,92.9,17,1,2022-07-14 09:02:29
1657789349306836000,92.9,1,92.8,2,92.9,18,1,2022-07-14 09:02:29
1657789349673438000,92.9,1,92.8,2,92.9,15,1,2022-07-14 09:02:29
1657789349983360000,92.9,5,92.8,3,92.9,11,1,2022-07-14 09:02:29
1657789350002292000,92.8,2,92.8,4,92.9,11,2,2022-07-14 09:02:30
1657789350051990000,92.9,5,92.8,2,92.9,6,1,2022-07-14 09:02:30
1657789350349464000,92.8,1,92.8,1,92.9,6,2,2022-07-14 09:02:30
1657789350431817000,92.8,1,92.7,26,92.9,7,2,2022-07-14 09:02:30
1657789350584466000,92.9,3,92.7,26,92.9,5,1,2022-07-14 09:02:30
1657789350594986000,92.9,1,92.7,26,92.9,4,1,2022-07-14 09:02:30
1657789350795272000,92.9,1,92.8,1,92.9,3,1,2022-07-14 09:02:30
1657789350868723000,92.8,1,92.8,1,92.9,3,2,2022-07-14 09:02:30
1657789350877092000,92.8,1,92.7,16,92.9,3,2,2022-07-14 09:02:30
1657789350877092000,92.7,19,92.7,16,92.9,3,2,2022-07-14 09:02:30
1657789350929876000,92.8,1,92.7,16,92.9,2,1,2022-07-14 09:02:30
1657789350929876000,92.9,2,92.7,16,92.9,2,1,2022-07-14 09:02:30
1657789351080465000,92.9,1,92.7,17,92.9,1,1,2022-07-14 09:02:31
1657789351555677000,92.9,5,92.7,17,92.9,7,1,2022-07-14 09:02:31
1657789351647197000,92.7,4,92.7,13,92.9,7,2,2022-07-14 09:02:31
1657789351696076000,92.8,1,92.8,1,92.9,10,1,2022-07-14 09:02:31
1657789351782749000,92.9,1,92.8,2,92.9,9,1,2022-07-14 09:02:31
1657789351795712000,92.9,5,92.8,2,92.9,4,1,2022-07-14 09:02:31
1657789351834560000,92.9,1,92.8,2,92.9,3,1,2022-07-14 09:02:31
1657789351861608000,92.8,2,92.7,13,92.9,3,2,2022-07-14 09:02:31
1657789352012977000,92.9,1,92.7,13,92.9,2,1,2022-07-14 09:02:32
1657789352038556000,92.8,1,92.7,13,92.8,12,1,2022-07-14 09:02:32
1657789352162407000,92.8,1,92.7,13,92.8,13,1,2022-07-14 09:02:32
1657789352313425000,92.8,1,92.7,13,92.8,12,1,2022-07-14 09:02:32
1657789352368894000,92.7,1,92.7,12,92.8,12,2,2022-07-14 09:02:32
1657789352717585000,92.8,1,92.7,12,92.8,14,1,2022-07-14 09:02:32
1657789352825364000,92.7,10,92.7,3,92.8,14,2,2022-07-14 09:02:32
1657789352837587000,92.8,5,92.7,3,92.8,9,1,2022-07-14 09:02:32
1657789352853650000,92.7,3,92.6,5,92.8,9,2,2022-07-14 09:02:32
1657789352860031000,92.7,1,92.6,5,92.8,9,1,2022-07-14 09:02:32
1657789353219905000,92.6,1,92.6,4,92.7,1,2,2022-07-14 09:02:33
1657789353346480000,92.6,1,92.6,7,92.7,4,2,2022-07-14 09:02:33
1657789353423033000,92.7,2,92.6,7,92.7,5,1,2022-07-14 09:02:33
1657789353583685000,92.7,1,92.6,7,92.7,4,1,2022-07-14 09:02:33
1657789353713294000,92.6,3,92.6,4,92.7,8,2,2022-07-14 09:02:33
1657789353965758000,92.6,3,92.6,1,92.7,19,2,2022-07-14 09:02:33
1657789353987996000,92.6,1,92.5,5,92.7,19,2,2022-07-14 09:02:33
1657789354016491000,92.5,5,92.6,4,92.7,19,2,2022-07-14 09:02:34
1657789354047409000,92.4,1,92.3,2,92.6,1,2,2022-07-14 09:02:34
1657789354190540000,92.6,1,92.3,2,92.7,19,1,2022-07-14 09:02:34
1657789354469923000,92.3,2,92.1,6,92.7,19,2,2022-07-14 09:02:34
1657789354469923000,92.1,1,92.1,6,92.7,19,2,2022-07-14 09:02:34
1657789354547663000,92.6,1,92.3,4,92.6,4,1,2022-07-14 09:02:34
1657789354683259000,92.6,1,92.3,4,92.6,3,1,2022-07-14 09:02:34
1657789354739576000,92.6,3,92.3,4,92.7,25,1,2022-07-14 09:02:34
1657789354929506000,92.7,1,92.4,1,92.7,24,1,2022-07-14 09:02:34
1657789354950947000,92.7,1,92.4,1,92.7,24,1,2022-07-14 09:02:34
1657789355170033000,92.4,2,92.4,3,92.7,23,2,2022-07-14 09:02:35
1657789355244008000,92.6,1,92.4,3,92.7,23,1,2022-07-14 09:02:35
1657789355479557000,92.7,5,92.4,3,92.6,1,1,2022-07-14 09:02:35
1657789355654755000,92.4,1,92.4,2,92.7,18,2,2022-07-14 09:02:35
1657789355659710000,92.7,3,92.4,2,92.7,15,1,2022-07-14 09:02:35
1657789355825624000,92.7,1,92.4,2,92.7,15,1,2022-07-14 09:02:35
1657789355984833000,92.4,2,92.0,37,92.7,16,2,2022-07-14 09:02:35
1657789355984833000,92.3,4,92.0,37,92.7,16,2,2022-07-14 09:02:35
1657789355984833000,92.2,2,92.0,37,92.7,16,2,2022-07-14 09:02:35
1657789355984833000,92.1,6,92.0,37,92.7,16,2,2022-07-14 09:02:35
1657789355984833000,92.0,6,92.0,37,92.7,16,2,2022-07-14 09:02:35
1657789356248190000,92.0,2,92.0,38,92.3,1,2,2022-07-14 09:02:36
1657789356741120000,92.3,1,92.0,38,92.6,13,1,2022-07-14 09:02:36
1657789357221511000,92.1,2,92.0,48,92.6,13,2,2022-07-14 09:02:37
1657789357855321000,92.1,1,92.1,3,92.4,1,2,2022-07-14 09:02:37
1657789357920651000,92.4,1,92.1,3,92.4,3,1,2022-07-14 09:02:37
1657789358397633000,92.1,2,92.1,1,92.4,2,2,2022-07-14 09:02:38
1657789358417940000,92.4,1,92.1,3,92.4,2,1,2022-07-14 09:02:38
1657789358874380000,92.3,1,92.1,11,92.5,17,1,2022-07-14 09:02:38
1657789358874380000,92.4,1,92.1,11,92.5,17,1,2022-07-14 09:02:38
1657789358896699000,92.5,2,92.1,11,92.3,1,1,2022-07-14 09:02:38
1657789359371428000,92.4,1,92.1,11,92.4,4,1,2022-07-14 09:02:39
1657789359503068000,92.4,1,92.1,11,92.4,4,1,2022-07-14 09:02:39
1657789359761535000,92.1,1,92.1,10,92.3,1,2,2022-07-14 09:02:39
1657789359792653000,92.3,1,92.1,10,92.3,1,1,2022-07-14 09:02:39
1657789360274830000,92.4,1,92.1,10,92.4,2,1,2022-07-14 09:02:40
1657789360393496000,92.1,1,92.1,9,92.3,1,2,2022-07-14 09:02:40
1657789360493688000,92.1,2,92.1,7,92.3,1,2,2022-07-14 09:02:40
1657789360566286000,92.2,7,92.2,3,92.3,1,2,2022-07-14 09:02:40
1657789360736787000,92.2,2,92.2,2,92.3,1,2,2022-07-14 09:02:40
1657789360758736000,92.3,1,92.2,2,92.4,4,1,2022-07-14 09:02:40
1657789360902156000,92.4,1,92.2,2,92.4,3,1,2022-07-14 09:02:40
1657789361053534000,92.2,1,92.2,1,92.4,5,2,2022-07-14 09:02:41
1657789361327446000,92.4,1,92.3,2,92.4,4,1,2022-07-14 09:02:41
1657789361883348000,92.4,3,92.3,12,92.4,1,1,2022-07-14 09:02:41
1657789361918536000,92.4,1,92.3,12,92.5,14,1,2022-07-14 09:02:41
1657789363284719000,92.4,37,92.3,16,92.5,7,1,2022-07-14 09:02:43
1657789363311961000,92.3,2,92.3,14,92.5,7,2,2022-07-14 09:02:43
1657789363315947000,92.5,7,92.3,14,92.6,4,1,2022-07-14 09:02:43
1657789363392495000,92.5,1,92.3,14,92.6,4,1,2022-07-14 09:02:43
1657789363601375000,92.6,1,92.3,14,92.6,3,1,2022-07-14 09:02:43
1657789363691815000,92.6,3,92.3,14,92.7,22,1,2022-07-14 09:02:43
1657789363691815000,92.7,1,92.3,14,92.7,22,1,2022-07-14 09:02:43
1657789363788435000,92.3,5,92.3,9,92.7,22,2,2022-07-14 09:02:43
1657789363793264000,92.3,1,92.3,8,92.7,22,2,2022-07-14 09:02:43
1657789363959309000,92.3,2,92.3,6,92.6,2,2,2022-07-14 09:02:43
1657789364212186000,92.5,1,92.3,6,92.6,2,2,2022-07-14 09:02:44
1657789364299582000,92.3,2,92.3,4,92.6,2,2,2022-07-14 09:02:44
1657789364627961000,92.4,1,92.4,1,92.6,2,2,2022-07-14 09:02:44
1657789365539961000,92.5,1,92.4,1,92.6,2,2,2022-07-14 09:02:45
1657789365722615000,92.5,2,92.5,4,92.6,2,2,2022-07-14 09:02:45
1657789366555594000,92.5,1,92.5,3,92.6,2,2,2022-07-14 09:02:46
1657789367193261000,92.5,1,92.5,2,92.6,2,2,2022-07-14 09:02:47
1657789367336034000,92.5,1,92.5,1,92.6,2,2,2022-07-14 09:02:47
1657789367946364000,92.5,1,92.5,10,92.6,2,2,2022-07-14 09:02:47
1657789368149663000,92.5,1,92.5,9,92.6,4,2,2022-07-14 09:02:48
1657789368160083000,92.5,1,92.5,8,92.6,4,2,2022-07-14 09:02:48
1657789368241116000,92.5,3,92.5,5,92.6,4,2,2022-07-14 09:02:48
1657789368891457000,92.5,1,92.5,4,92.6,7,2,2022-07-14 09:02:48
1657789369341913000,92.5,4,92.5,2,92.6,11,2,2022-07-14 09:02:49
1657789369372151000,92.5,2,92.4,2,92.6,11,2,2022-07-14 09:02:49
1657789369563631000,92.5,1,92.4,3,92.6,11,1,2022-07-14 09:02:49
1657789369625077000,92.5,1,92.5,4,92.6,11,2,2022-07-14 09:02:49
1657789369745819000,92.6,1,92.5,4,92.6,10,1,2022-07-14 09:02:49
1657789369749208000,92.5,1,92.5,3,92.6,10,2,2022-07-14 09:02:49
1657789369763481000,92.5,1,92.5,2,92.6,10,2,2022-07-14 09:02:49
1657789370208747000,92.5,4,92.3,4,92.6,12,2,2022-07-14 09:02:50
1657789370208747000,92.4,4,92.3,4,92.6,12,2,2022-07-14 09:02:50
1657789370208747000,92.3,2,92.3,4,92.6,12,2,2022-07-14 09:02:50
1657789370564177000,92.5,1,92.3,4,92.6,12,2,2022-07-14 09:02:50
1657789370573826000,92.3,2,92.3,2,92.6,12,2,2022-07-14 09:02:50
1657789371154522000,92.4,1,92.3,2,92.4,2,1,2022-07-14 09:02:51
1657789371166233000,92.4,2,92.4,3,92.5,4,1,2022-07-14 09:02:51
1657789371180120000,92.4,1,92.4,2,92.5,4,2,2022-07-14 09:02:51
1657789371322158000,92.5,1,92.4,2,92.5,9,1,2022-07-14 09:02:51
1657789371387175000,92.5,1,92.4,2,92.5,10,1,2022-07-14 09:02:51
1657789371774378000,92.5,1,92.4,2,92.5,7,1,2022-07-14 09:02:51
1657789371983231000,92.4,3,92.3,3,92.4,17,2,2022-07-14 09:02:51
1657789372208647000,92.4,1,92.3,2,92.4,16,1,2022-07-14 09:02:52
1657789372641614000,92.3,2,92.3,1,92.4,16,2,2022-07-14 09:02:52
1657789373214341000,92.4,2,92.3,4,92.4,15,1,2022-07-14 09:02:53
1657789373581731000,92.4,2,92.3,5,92.4,13,1,2022-07-14 09:02:53
1657789373754271000,92.4,13,92.3,5,92.5,26,1,2022-07-14 09:02:53
1657789373754271000,92.5,17,92.3,5,92.5,26,1,2022-07-14 09:02:53
1657789373878937000,92.3,2,92.3,6,92.4,4,2,2022-07-14 09:02:53
1657789374107427000,92.3,6,92.2,11,92.4,4,2,2022-07-14 09:02:54
1657789374107427000,92.2,2,92.2,11,92.4,4,2,2022-07-14 09:02:54
1657789374185616000,92.4,1,92.2,12,92.5,27,1,2022-07-14 09:02:54
1657789375873049000,92.4,1,92.3,1,92.4,1,1,2022-07-14 09:02:55
1657789376376460000,92.5,1,92.4,3,92.5,32,1,2022-07-14 09:02:56
1657789376883454000,92.4,1,92.4,2,92.5,33,2,2022-07-14 09:02:56
1657789376913005000,92.4,1,92.4,1,92.5,33,2,2022-07-14 09:02:56
1657789377996389000,92.5,30,92.4,2,92.5,3,1,2022-07-14 09:02:57
1657789378028749000,92.5,3,92.4,2,92.5,33,1,2022-07-14 09:02:58
1657789378096344000,92.4,2,92.3,11,92.6,34,2,2022-07-14 09:02:58
1657789378373922000,92.4,1,92.3,11,92.4,1,1,2022-07-14 09:02:58
1657789378503693000,92.4,2,92.5,2,92.6,34,1,2022-07-14 09:02:58
1657789378845883000,92.5,2,92.3,20,92.4,1,2,2022-07-14 09:02:58
1657789378845883000,92.4,1,92.3,20,92.4,1,2,2022-07-14 09:02:58
1657789378983640000,92.4,1,92.3,21,92.6,34,1,2022-07-14 09:02:58
1657789379171936000,92.4,1,92.3,21,92.5,1,1,2022-07-14 09:02:59
1657789379563921000,92.5,1,92.4,1,92.5,2,1,2022-07-14 09:02:59
1657789380083747000,92.4,1,92.4,2,92.5,2,2,2022-07-14 09:03:00
1657789380158197000,92.4,1,92.4,1,92.5,2,2,2022-07-14 09:03:00
1657789380324382000,92.4,1,92.3,24,92.4,2,2,2022-07-14 09:03:00
1657789380601162000,92.3,8,92.3,16,92.4,11,2,2022-07-14 09:03:00
1657789380641787000,92.3,1,92.3,15,92.4,11,2,2022-07-14 09:03:00
1657789380642573000,92.3,1,92.3,14,92.4,11,2,2022-07-14 09:03:00
1657789380678391000,92.3,1,92.3,13,92.4,16,2,2022-07-14 09:03:00
1657789380893518000,92.4,1,92.3,13,92.4,17,1,2022-07-14 09:03:00
1657789381174461000,92.4,1,92.3,13,92.4,15,1,2022-07-14 09:03:01
1657789381206946000,92.3,2,92.3,11,92.4,15,2,2022-07-14 09:03:01
1657789381252446000,92.3,1,92.3,10,92.4,16,2,2022-07-14 09:03:01
1657789381281544000,92.3,5,92.3,5,92.4,16,2,2022-07-14 09:03:01
1657789381390014000,92.4,5,92.3,5,92.4,11,1,2022-07-14 09:03:01
1657789381489108000,92.4,1,92.3,5,92.4,12,1,2022-07-14 09:03:01
1657789381704902000,92.3,3,92.3,2,92.4,11,2,2022-07-14 09:03:01
1657789381975672000,92.4,1,92.3,2,92.4,12,1,2022-07-14 09:03:01
1657789382164576000,92.4,1,92.3,2,92.4,10,1,2022-07-14 09:03:02
1657789382275612000,92.3,1,92.3,1,92.4,10,2,2022-07-14 09:03:02
1657789382282406000,92.4,3,92.3,1,92.4,7,1,2022-07-14 09:03:02
1657789382643587000,92.4,1,92.3,1,92.4,8,1,2022-07-14 09:03:02
1657789382665215000,92.3,1,92.2,12,92.3,9,2,2022-07-14 09:03:02
1657789382725439000,92.3,1,92.2,12,92.3,8,1,2022-07-14 09:03:02
1657789382757668000,92.3,8,92.2,12,92.4,8,1,2022-07-14 09:03:02
1657789382916651000,92.4,5,92.2,12,92.4,4,1,2022-07-14 09:03:02
1657789382934537000,92.4,4,92.2,12,92.5,4,1,2022-07-14 09:03:02
1657789383032011000,92.2,5,92.2,12,92.4,2,2,2022-07-14 09:03:03
1657789383130183000,92.2,4,92.2,3,92.4,2,2,2022-07-14 09:03:03
1657789383158414000,92.2,3,92.1,13,92.4,2,2,2022-07-14 09:03:03
1657789383162408000,92.1,3,92.1,10,92.4,3,2,2022-07-14 09:03:03
1657789383300568000,92.4,1,92.1,10,92.4,4,1,2022-07-14 09:03:03
1657789383418642000,92.4,1,92.1,10,92.4,3,1,2022-07-14 09:03:03
1657789383541969000,92.4,1,92.1,10,92.4,2,1,2022-07-14 09:03:03
1657789383815049000,92.4,3,92.3,1,92.4,4,1,2022-07-14 09:03:03
1657789383951347000,92.4,2,92.3,1,92.4,2,1,2022-07-14 09:03:03
1657789383983389000,92.3,1,92.1,10,92.4,2,2,2022-07-14 09:03:03
1657789383983389000,92.1,1,92.1,10,92.4,2,2,2022-07-14 09:03:03
1657789384187637000,92.4,1,92.3,3,92.4,1,1,2022-07-14 09:03:04
1657789384273991000,92.3,2,92.3,1,92.4,1,2,2022-07-14 09:03:04
1657789384471427000,92.4,1,92.3,1,92.4,2,1,2022-07-14 09:03:04
1657789384603382000,92.3,1,92.1,10,92.4,1,2,2022-07-14 09:03:04
1657789384686251000,92.4,1,92.1,10,92.5,16,1,2022-07-14 09:03:04
1657789384982945000,92.3,4,92.1,11,92.3,4,1,2022-07-14 09:03:04
1657789385090439000,92.4,1,92.3,1,92.5,6,1,2022-07-14 09:03:05
1657789385656857000,92.3,2,92.3,3,92.5,6,2,2022-07-14 09:03:05
1657789385945553000,92.3,2,92.3,4,92.5,6,2,2022-07-14 09:03:05
1657789386247996000,92.3,1,92.3,1,92.5,6,2,2022-07-14 09:03:06
1657789386433391000,92.4,1,92.3,1,92.4,2,1,2022-07-14 09:03:06
1657789386595727000,92.3,1,92.2,5,92.4,1,2,2022-07-14 09:03:06
1657789386779281000,92.4,1,92.2,5,92.5,6,1,2022-07-14 09:03:06
1657789386992854000,92.2,1,92.2,4,92.5,6,2,2022-07-14 09:03:06
1657789387335482000,92.4,1,92.4,4,92.5,10,1,2022-07-14 09:03:07
1657789387369828000,92.4,2,92.4,2,92.5,10,2,2022-07-14 09:03:07
1657789387444699000,92.4,2,92.3,1,92.4,6,2,2022-07-14 09:03:07
1657789388058368000,92.4,2,92.3,1,92.4,6,1,2022-07-14 09:03:08
1657789388173500000,92.4,6,92.3,1,92.5,9,1,2022-07-14 09:03:08
1657789388173500000,92.5,1,92.3,1,92.5,9,1,2022-07-14 09:03:08
1657789388441553000,92.3,1,92.2,6,92.5,10,2,2022-07-14 09:03:08
1657789388527906000,92.5,5,92.2,6,92.5,10,1,2022-07-14 09:03:08
1657789388996215000,92.4,1,92.4,1,92.5,5,2,2022-07-14 09:03:08
1657789389013142000,92.4,1,92.4,2,92.5,5,2,2022-07-14 09:03:09
1657789389333493000,92.4,1,92.2,6,92.4,3,1,2022-07-14 09:03:09
1657789389360317000,92.2,1,92.2,5,92.4,3,2,2022-07-14 09:03:09
1657789389478870000,92.2,1,92.2,4,92.4,3,2,2022-07-14 09:03:09
1657789389714606000,92.2,4,92.1,9,92.4,4,2,2022-07-14 09:03:09
1657789389714606000,92.1,4,92.1,9,92.4,4,2,2022-07-14 09:03:09
1657789390383485000,92.4,1,92.3,2,92.4,4,1,2022-07-14 09:03:10
1657789390753334000,92.4,1,92.3,2,92.4,8,1,2022-07-14 09:03:10
1657789390886197000,92.4,1,92.3,2,92.4,7,1,2022-07-14 09:03:10
1657789391638977000,92.4,1,92.3,3,92.4,9,1,2022-07-14 09:03:11
1657789391715869000,92.3,1,92.3,2,92.4,9,2,2022-07-14 09:03:11
1657789393533507000,92.3,4,92.2,11,92.4,11,2,2022-07-14 09:03:13
1657789393594641000,92.4,3,92.2,11,92.4,8,1,2022-07-14 09:03:13
1657789393808865000,92.4,1,92.2,11,92.4,7,1,2022-07-14 09:03:13
1657789394039099000,92.2,3,92.2,8,92.4,7,2,2022-07-14 09:03:14
1657789396076648000,92.3,1,92.3,1,92.4,11,2,2022-07-14 09:03:16
1657789396191835000,92.3,1,92.3,2,92.4,11,2,2022-07-14 09:03:16
1657789396248976000,92.3,1,92.3,1,92.4,11,2,2022-07-14 09:03:16
1657789396386268000,92.4,5,92.3,16,92.4,6,1,2022-07-14 09:03:16
1657789396451165000,92.4,1,92.3,16,92.4,7,1,2022-07-14 09:03:16
1657789396695842000,92.3,1,92.3,15,92.4,8,2,2022-07-14 09:03:16
1657789396718965000,92.3,1,92.3,14,92.4,8,2,2022-07-14 09:03:16
1657789396836699000,92.3,10,92.3,4,92.4,8,2,2022-07-14 09:03:16
1657789397370258000,92.3,1,92.3,3,92.4,8,2,2022-07-14 09:03:17
1657789397718286000,92.4,5,92.3,3,92.4,3,1,2022-07-14 09:03:17
1657789397848356000,92.3,2,92.3,3,92.4,5,2,2022-07-14 09:03:17
1657789398577234000,92.3,1,92.3,1,92.4,5,2,2022-07-14 09:03:18
1657789398601670000,92.3,1,92.2,9,92.4,6,2,2022-07-14 09:03:18
1657789399083707000,92.3,1,92.2,10,92.4,6,2,2022-07-14 09:03:19
1657789399403062000,92.2,1,92.2,9,92.3,10,2,2022-07-14 09:03:19
1657789399488169000,92.3,5,92.2,9,92.3,7,1,2022-07-14 09:03:19
1657789399674391000,92.2,1,92.2,8,92.3,9,2,2022-07-14 09:03:19
1657789400278978000,92.2,1,92.2,7,92.3,10,2,2022-07-14 09:03:20
1657789400701676000,92.2,1,92.2,6,92.3,10,2,2022-07-14 09:03:20
1657789401505185000,92.3,3,92.2,7,92.3,18,1,2022-07-14 09:03:21
1657789401705389000,92.2,3,92.2,4,92.3,15,2,2022-07-14 09:03:21
1657789401933991000,92.2,4,92.1,24,92.2,16,2,2022-07-14 09:03:21
1657789401965608000,92.1,1,92.1,26,92.2,16,2,2022-07-14 09:03:21
1657789401996899000,92.1,20,92.1,6,92.2,16,2,2022-07-14 09:03:21
1657789402021948000,92.2,1,92.1,6,92.2,15,1,2022-07-14 09:03:22
1657789402031965000,92.1,1,92.1,5,92.2,15,2,2022-07-14 09:03:22
1657789402032765000,92.1,1,92.1,4,92.2,15,2,2022-07-14 09:03:22
1657789402057332000,92.1,1,92.1,26,92.2,16,2,2022-07-14 09:03:22
1657789402626791000,92.1,5,92.0,114,92.1,30,2,2022-07-14 09:03:22
1657789402676306000,92.1,1,92.0,94,92.1,29,1,2022-07-14 09:03:22
1657789402813435000,92.0,94,91.7,10,92.1,29,2,2022-07-14 09:03:22
1657789402813435000,91.9,3,91.7,10,92.1,29,2,2022-07-14 09:03:22
1657789402813435000,91.8,3,91.7,10,92.1,29,2,2022-07-14 09:03:22
1657789402840426000,92.1,1,91.7,10,92.1,28,1,2022-07-14 09:03:22
1657789402938461000,91.7,1,91.7,10,92.0,6,2,2022-07-14 09:03:22
1657789403207274000,92.0,5,91.7,14,92.0,2,1,2022-07-14 09:03:23
1657789403400786000,92.0,1,91.7,14,92.0,1,1,2022-07-14 09:03:23
1657789403479235000,92.0,2,91.7,14,92.0,3,1,2022-07-14 09:03:23
1657789403714414000,92.0,2,91.7,14,92.0,1,1,2022-07-14 09:03:23
1657789403906670000,92.0,1,91.7,14,92.2,35,1,2022-07-14 09:03:23
1657789403986135000,91.9,4,91.7,14,92.2,35,1,2022-07-14 09:03:23
1657789403991440000,92.2,1,91.7,14,92.2,34,1,2022-07-14 09:03:23
1657789404107496000,92.0,1,91.7,10,92.0,9,2,2022-07-14 09:03:24
1657789404137506000,92.0,1,91.7,10,92.0,8,1,2022-07-14 09:03:24
1657789404396874000,92.0,3,91.7,10,92.0,5,1,2022-07-14 09:03:24
1657789404464515000,92.0,1,91.7,10,92.0,4,1,2022-07-14 09:03:24
1657789404523724000,91.7,1,91.7,9,92.0,4,2,2022-07-14 09:03:24
1657789404831917000,92.0,1,91.7,9,92.0,3,1,2022-07-14 09:03:24
1657789405134519000,92.0,1,91.7,9,92.0,2,1,2022-07-14 09:03:25
1657789405592891000,91.8,1,91.7,9,91.8,27,1,2022-07-14 09:03:25
1657789406394768000,91.8,1,91.7,8,91.8,26,1,2022-07-14 09:03:26
1657789406628772000,91.8,1,91.7,7,91.8,25,1,2022-07-14 09:03:26
1657789406674383000,91.7,1,91.7,6,91.8,25,2,2022-07-14 09:03:26
1657789406692060000,91.8,1,91.7,6,91.8,24,1,2022-07-14 09:03:26
1657789407751338000,91.7,1,91.7,5,91.8,24,2,2022-07-14 09:03:27
1657789408324813000,91.7,1,91.7,5,91.8,24,2,2022-07-14 09:03:28
1657789409204534000,91.7,2,91.7,3,91.8,24,2,2022-07-14 09:03:29
1657789409799292000,91.8,5,91.7,4,91.8,19,1,2022-07-14 09:03:29
1657789409987705000,91.7,1,91.7,4,91.8,24,2,2022-07-14 09:03:29
1657789410521733000,91.7,1,91.7,4,91.8,19,2,2022-07-14 09:03:30
1657789410723987000,91.8,2,91.7,3,91.8,17,1,2022-07-14 09:03:30
1657789411068648000,91.8,5,91.7,3,91.8,12,1,2022-07-14 09:03:31
1657789411178566000,91.8,4,91.7,3,91.8,8,1,2022-07-14 09:03:31
1657789411346021000,91.8,1,91.7,3,91.8,7,1,2022-07-14 09:03:31
1657789411506987000,91.7,1,91.7,3,91.8,8,2,2022-07-14 09:03:31
1657789411865534000,91.7,1,91.7,1,91.8,8,2,2022-07-14 09:03:31
1657789411879022000,91.7,1,91.6,2,91.7,1,2,2022-07-14 09:03:31
1657789412099306000,91.7,1,91.6,2,91.8,8,1,2022-07-14 09:03:32
1657789412414810000,91.8,5,91.6,2,91.8,3,1,2022-07-14 09:03:32
1657789412457570000,91.7,1,91.6,2,91.8,1,1,2022-07-14 09:03:32
1657789412457570000,91.8,2,91.6,2,91.8,1,1,2022-07-14 09:03:32
1657789412489841000,91.7,1,91.6,2,91.8,1,1,2022-07-14 09:03:32
1657789412725507000,91.6,1,91.6,6,91.8,1,2,2022-07-14 09:03:32
1657789412795670000,91.7,1,91.6,6,91.8,1,1,2022-07-14 09:03:32
1657789412797925000,91.6,3,91.6,3,91.8,1,2,2022-07-14 09:03:32
1657789412887132000,91.8,1,91.6,3,91.9,2,1,2022-07-14 09:03:32
1657789413104674000,91.8,1,91.6,4,92.2,27,1,2022-07-14 09:03:33
1657789413104674000,91.9,2,91.6,4,92.2,27,1,2022-07-14 09:03:33
1657789413104674000,92.0,17,91.6,4,92.2,27,1,2022-07-14 09:03:33
1657789413104674000,92.2,10,91.6,4,92.2,27,1,2022-07-14 09:03:33
1657789413301820000,91.7,1,91.6,4,92.2,27,2,2022-07-14 09:03:33
1657789413487264000,91.7,1,91.7,1,92.0,10,2,2022-07-14 09:03:33
1657789413576854000,91.6,1,91.6,3,92.0,10,2,2022-07-14 09:03:33
1657789413803876000,91.6,1,91.6,2,91.8,2,2,2022-07-14 09:03:33
1657789413915186000,91.8,1,91.6,2,91.8,1,1,2022-07-14 09:03:33
1657789413946656000,91.8,1,91.6,2,92.0,15,1,2022-07-14 09:03:33
1657789414060691000,91.6,1,91.6,1,91.7,1,2,2022-07-14 09:03:34
1657789414402597000,91.6,1,91.6,2,91.7,1,2,2022-07-14 09:03:34
1657789414633222000,91.7,1,91.6,1,91.8,1,1,2022-07-14 09:03:34
1657789414722867000,91.8,2,91.8,1,92.0,15,1,2022-07-14 09:03:34
1657789414751116000,92.0,1,91.8,1,92.0,14,1,2022-07-14 09:03:34
1657789414934349000,91.8,1,91.6,4,91.7,4,2,2022-07-14 09:03:34
1657789415829095000,91.7,3,91.6,4,91.7,7,1,2022-07-14 09:03:35
1657789416137151000,91.6,2,91.6,2,91.7,4,2,2022-07-14 09:03:36
1657789416254601000,91.7,1,91.6,2,91.7,5,1,2022-07-14 09:03:36
1657789416352745000,91.6,1,91.6,2,91.7,6,2,2022-07-14 09:03:36
1657789416808550000,91.6,1,91.5,18,91.7,6,2,2022-07-14 09:03:36
1657789417143975000,91.7,1,91.5,18,91.7,5,1,2022-07-14 09:03:37
1657789417368129000,91.7,1,91.5,18,91.7,4,1,2022-07-14 09:03:37
1657789417369747000,91.7,1,91.5,18,91.7,3,1,2022-07-14 09:03:37
1657789418129645000,91.6,1,91.6,5,91.7,4,2,2022-07-14 09:03:38
1657789418745819000,91.6,2,91.6,5,91.7,4,2,2022-07-14 09:03:38
1657789418813685000,91.7,1,91.6,5,91.7,3,1,2022-07-14 09:03:38
1657789419572566000,91.6,2,91.6,7,91.7,7,2,2022-07-14 09:03:39
1657789419902826000,91.6,1,91.6,6,91.7,7,2,2022-07-14 09:03:39
1657789420182358000,91.7,1,91.6,5,91.7,6,1,2022-07-14 09:03:40
1657789420193291000,91.6,1,91.6,4,91.7,6,2,2022-07-14 09:03:40
1657789420286503000,91.6,2,91.6,2,91.7,13,2,2022-07-14 09:03:40
1657789420340254000,91.6,1,91.6,1,91.7,14,2,2022-07-14 09:03:40
1657789420371683000,91.6,1,91.6,2,91.7,14,2,2022-07-14 09:03:40
1657789421506842000,91.6,1,91.5,22,91.7,15,1,2022-07-14 09:03:41
1657789421571866000,91.6,1,91.6,5,91.7,15,1,2022-07-14 09:03:41
1657789421958466000,91.7,10,91.6,5,91.7,5,1,2022-07-14 09:03:41
1657789421994064000,91.7,5,91.6,5,91.8,1,1,2022-07-14 09:03:41
1657789422028933000,91.7,1,91.6,5,91.8,1,1,2022-07-14 09:03:42
1657789422735637000,91.7,2,91.7,4,91.8,1,2,2022-07-14 09:03:42
1657789422858696000,91.7,4,91.5,30,91.8,1,2,2022-07-14 09:03:42
1657789422858696000,91.6,11,91.5,30,91.8,1,2,2022-07-14 09:03:42
1657789422858696000,91.5,2,91.5,30,91.8,1,2,2022-07-14 09:03:42
1657789422929249000,91.6,2,91.5,30,91.6,2,1,2022-07-14 09:03:42
1657789423109164000,91.5,1,91.5,29,91.8,1,2,2022-07-14 09:03:43
1657789424688975000,91.7,1,91.6,8,91.8,1,2,2022-07-14 09:03:44
1657789424861339000,91.6,1,91.6,7,91.8,1,2,2022-07-14 09:03:44
1657789425287720000,91.6,1,91.6,8,91.8,4,2,2022-07-14 09:03:45
1657789425347763000,91.6,8,91.5,33,91.8,4,2,2022-07-14 09:03:45
1657789425347763000,91.5,2,91.5,33,91.8,4,2,2022-07-14 09:03:45
1657789425697903000,91.7,1,91.5,33,91.8,4,2,2022-07-14 09:03:45
1657789426243130000,91.7,1,91.6,3,91.8,24,2,2022-07-14 09:03:46
1657789426749778000,91.6,1,91.6,3,91.7,2,2,2022-07-14 09:03:46
1657789426771487000,91.7,2,91.6,3,91.8,26,1,2022-07-14 09:03:46
1657789427456675000,91.7,2,91.6,3,91.8,28,2,2022-07-14 09:03:47
1657789427662069000,91.7,1,91.7,1,91.8,28,2,2022-07-14 09:03:47
1657789427942773000,91.7,1,91.6,3,91.7,1,2,2022-07-14 09:03:47
1657789427964980000,91.7,1,91.7,1,91.8,28,1,2022-07-14 09:03:47
1657789429701424000,91.7,1,91.6,12,91.8,31,1,2022-07-14 09:03:49
1657789430524677000,91.6,2,91.6,11,91.7,4,2,2022-07-14 09:03:50
1657789430889761000,91.7,5,91.6,11,91.7,7,1,2022-07-14 09:03:50
1657789432198709000,91.6,1,91.6,10,91.7,8,2,2022-07-14 09:03:52
1657789432288928000,91.7,1,91.6,12,91.7,7,1,2022-07-14 09:03:52
1657789433358669000,91.7,3,91.6,14,91.7,4,1,2022-07-14 09:03:53
1657789433377309000,91.7,4,91.6,14,91.8,33,1,2022-07-14 09:03:53
1657789433399219000,91.8,33,91.6,14,91.9,20,1,2022-07-14 09:03:53
1657789433897960000,91.9,4,91.7,9,91.9,20,1,2022-07-14 09:03:53
1657789434151496000,91.7,1,91.7,8,91.9,16,2,2022-07-14 09:03:54
1657789434368157000,91.8,1,91.8,1,91.9,16,2,2022-07-14 09:03:54
1657789434368874000,91.8,1,91.7,11,91.9,16,2,2022-07-14 09:03:54
1657789434467313000,91.8,2,91.8,4,91.9,16,2,2022-07-14 09:03:54
1657789434737950000,91.8,1,91.8,1,91.9,16,2,2022-07-14 09:03:54
1657789434796819000,91.9,1,91.8,2,91.9,16,1,2022-07-14 09:03:54
1657789435231788000,91.9,15,91.8,2,92.0,36,1,2022-07-14 09:03:55
1657789435231788000,92.0,28,91.8,2,92.0,36,1,2022-07-14 09:03:55
1657789436134224000,91.8,1,91.8,1,92.0,33,2,2022-07-14 09:03:56
1657789436288183000,92.0,1,91.8,1,92.0,32,1,2022-07-14 09:03:56
1657789436417364000,92.0,1,91.8,1,92.0,51,1,2022-07-14 09:03:56
1657789436525800000,91.8,1,91.8,1,92.0,52,2,2022-07-14 09:03:56
1657789437267690000,92.0,1,91.7,23,92.0,50,1,2022-07-14 09:03:57
1657789437351249000,92.0,5,91.7,23,92.0,45,1,2022-07-14 09:03:57
1657789437797377000,92.0,8,91.8,2,92.0,37,1,2022-07-14 09:03:57
1657789437868011000,92.0,1,91.8,2,92.0,45,1,2022-07-14 09:03:57
1657789438302770000,92.0,1,91.8,2,92.0,36,1,2022-07-14 09:03:58
1657789439187579000,92.0,1,91.8,3,92.0,40,1,2022-07-14 09:03:59
1657789440672181000,92.0,38,91.9,9,92.0,6,1,2022-07-14 09:04:00
1657789440857437000,92.0,1,91.9,10,92.0,6,1,2022-07-14 09:04:00
1657789440873187000,92.0,1,91.9,10,92.0,5,1,2022-07-14 09:04:00
1657789441039340000,92.0,5,91.9,10,92.0,6,1,2022-07-14 09:04:01
1657789441039340000,92.1,5,91.9,10,92.0,6,1,2022-07-14 09:04:01
1657789441453030000,91.9,1,91.9,9,92.1,25,2,2022-07-14 09:04:01
1657789442368227000,92.0,2,92.0,9,92.1,26,2,2022-07-14 09:04:02
1657789442764025000,92.0,2,92.0,7,92.1,26,2,2022-07-14 09:04:02
1657789443467447000,92.1,4,92.0,8,92.1,22,1,2022-07-14 09:04:03
1657789444543067000,92.1,5,92.0,8,92.1,17,1,2022-07-14 09:04:04
1657789444811295000,92.1,1,92.0,13,92.1,16,1,2022-07-14 09:04:04
1657789444815318000,92.1,1,92.0,13,92.1,15,1,2022-07-14 09:04:04
1657789445390448000,92.0,1,92.0,12,92.1,15,2,2022-07-14 09:04:05
1657789445805935000,92.1,5,92.0,12,92.1,10,1,2022-07-14 09:04:05
1657789445831680000,92.1,2,92.0,12,92.1,8,1,2022-07-14 09:04:05
1657789445932110000,92.1,5,92.0,12,92.1,3,1,2022-07-14 09:04:05
1657789445956614000,92.1,3,92.0,12,92.2,10,1,2022-07-14 09:04:05
1657789446064327000,92.2,1,92.0,14,92.2,9,1,2022-07-14 09:04:06
1657789446311308000,92.1,1,92.0,14,92.2,9,2,2022-07-14 09:04:06
1657789447845477000,92.1,1,92.0,21,92.2,8,2,2022-07-14 09:04:07
1657789448733325000,92.2,1,92.1,2,92.2,7,1,2022-07-14 09:04:08
1657789448774841000,92.1,1,92.1,1,92.2,7,2,2022-07-14 09:04:08
1657789448936081000,92.2,1,92.1,1,92.2,6,1,2022-07-14 09:04:08
1657789449167735000,92.2,2,92.1,2,92.2,4,1,2022-07-14 09:04:09
1657789449851590000,92.1,1,92.1,4,92.2,4,2,2022-07-14 09:04:09
1657789450982468000,92.1,2,92.1,5,92.2,24,2,2022-07-14 09:04:10
1657789452627717000,92.2,1,92.1,10,92.2,24,1,2022-07-14 09:04:12
1657789453600781000,92.2,1,92.1,25,92.2,23,1,2022-07-14 09:04:13
1657789454137016000,92.1,1,92.1,27,92.2,29,2,2022-07-14 09:04:14
1657789454448310000,92.2,5,92.1,27,92.2,24,1,2022-07-14 09:04:14
1657789455009980000,92.1,6,92.1,22,92.2,24,2,2022-07-14 09:04:15
1657789455258658000,92.2,1,92.1,22,92.2,23,1,2022-07-14 09:04:15
1657789455496397000,92.2,1,92.1,22,92.2,22,1,2022-07-14 09:04:15
1657789455921333000,92.2,1,92.1,23,92.2,21,1,2022-07-14 09:04:15
1657789456613220000,92.2,1,92.1,24,92.2,20,1,2022-07-14 09:04:16
1657789457088422000,92.2,3,92.1,24,92.2,17,1,2022-07-14 09:04:17
1657789457479501000,92.2,1,92.1,25,92.2,16,1,2022-07-14 09:04:17
1657789457682229000,92.2,10,92.1,26,92.2,6,1,2022-07-14 09:04:17
1657789457957470000,92.2,1,92.1,26,92.2,5,1,2022-07-14 09:04:17
1657789458177641000,92.2,5,92.1,26,92.2,1,1,2022-07-14 09:04:18
1657789458387001000,92.2,1,92.1,27,92.3,54,1,2022-07-14 09:04:18
1657789458387001000,92.3,9,92.1,27,92.3,54,1,2022-07-14 09:04:18
1657789459162919000,92.2,3,92.2,2,92.3,51,2,2022-07-14 09:04:19
1657789459277135000,92.2,1,92.2,2,92.3,51,2,2022-07-14 09:04:19
1657789459881819000,92.2,1,92.2,5,92.3,51,2,2022-07-14 09:04:19
1657789460057171000,92.2,2,92.2,10,92.3,51,2,2022-07-14 09:04:20
1657789460094123000,92.2,1,92.2,9,92.3,51,2,2022-07-14 09:04:20
1657789460413341000,92.2,3,92.2,7,92.3,51,2,2022-07-14 09:04:20
1657789460449508000,92.2,1,92.2,6,92.3,51,2,2022-07-14 09:04:20
1657789460605177000,92.2,3,92.2,11,92.3,51,2,2022-07-14 09:04:20
1657789460830856000,92.3,1,92.2,8,92.3,50,1,2022-07-14 09:04:20
1657789461018869000,92.2,1,92.2,9,92.3,50,2,2022-07-14 09:04:21
1657789461511597000,92.3,1,92.2,8,92.3,49,1,2022-07-14 09:04:21
1657789461825279000,92.3,1,92.2,9,92.3,48,1,2022-07-14 09:04:21
1657789461869520000,92.3,2,92.2,9,92.3,46,1,2022-07-14 09:04:21
1657789462542197000,92.2,3,92.2,12,92.3,46,2,2022-07-14 09:04:22
1657789462851978000,92.3,1,92.2,10,92.3,45,1,2022-07-14 09:04:22
1657789463027503000,92.3,1,92.2,10,92.3,44,1,2022-07-14 09:04:23
1657789463058577000,92.2,1,92.2,10,92.3,45,2,2022-07-14 09:04:23
1657789463740814000,92.3,1,92.2,24,92.3,43,1,2022-07-14 09:04:23
1657789463869172000,92.2,4,92.2,20,92.3,43,2,2022-07-14 09:04:23
1657789464150927000,92.3,1,92.2,20,92.3,42,1,2022-07-14 09:04:24
1657789465157254000,92.3,9,92.2,23,92.3,33,1,2022-07-14 09:04:25
1657789465253645000,92.3,1,92.2,24,92.3,32,1,2022-07-14 09:04:25
1657789465270506000,92.3,3,92.2,29,92.3,29,1,2022-07-14 09:04:25
1657789465389374000,92.3,1,92.2,30,92.3,28,1,2022-07-14 09:04:25
1657789465451372000,92.3,1,92.2,30,92.3,27,1,2022-07-14 09:04:25
1657789465686529000,92.2,1,92.2,30,92.3,27,2,2022-07-14 09:04:25
1657789465721981000,92.2,1,92.2,29,92.3,27,2,2022-07-14 09:04:25
1657789466014119000,92.3,1,92.2,31,92.3,26,1,2022-07-14 09:04:26
1657789466566330000,92.3,1,92.2,32,92.3,26,1,2022-07-14 09:04:26
1657789466674886000,92.3,1,92.2,32,92.3,24,1,2022-07-14 09:04:26
1657789466853986000,92.2,1,92.2,31,92.3,24,2,2022-07-14 09:04:26
1657789466993280000,92.3,1,92.2,31,92.3,23,1,2022-07-14 09:04:26
1657789467386388000,92.3,9,92.2,31,92.3,15,1,2022-07-14 09:04:27
1657789467411454000,92.3,5,92.2,31,92.3,10,1,2022-07-14 09:04:27
1657789467621993000,92.3,10,92.2,31,92.3,10,1,2022-07-14 09:04:27
1657789467659708000,92.3,2,92.3,8,92.4,31,2,2022-07-14 09:04:27
1657789467909733000,92.3,1,92.3,9,92.4,27,2,2022-07-14 09:04:27
1657789468326853000,92.4,1,92.3,8,92.4,26,1,2022-07-14 09:04:28
1657789469496708000,92.3,1,92.3,11,92.4,25,2,2022-07-14 09:04:29
1657789471076012000,92.4,1,92.3,30,92.4,25,1,2022-07-14 09:04:31
1657789472018392000,92.4,10,92.3,35,92.4,14,1,2022-07-14 09:04:32
1657789472023465000,92.4,1,92.3,35,92.4,13,1,2022-07-14 09:04:32
1657789472046588000,92.4,8,92.3,35,92.4,24,1,2022-07-14 09:04:32
1657789472160981000,92.4,2,92.3,35,92.4,5,1,2022-07-14 09:04:32
1657789472850482000,92.4,3,92.3,36,92.5,28,1,2022-07-14 09:04:32
1657789473161369000,92.5,10,92.4,2,92.5,18,1,2022-07-14 09:04:33
1657789473866479000,92.5,1,92.4,6,92.5,17,1,2022-07-14 09:04:33
1657789473901922000,92.5,1,92.4,6,92.5,16,1,2022-07-14 09:04:33
1657789475184668000,92.5,2,92.4,21,92.5,14,1,2022-07-14 09:04:35
1657789475220199000,92.5,1,92.4,21,92.5,13,1,2022-07-14 09:04:35
1657789475254811000,92.5,13,92.4,21,92.6,36,1,2022-07-14 09:04:35
1657789475706246000,92.5,2,92.4,13,92.6,35,2,2022-07-14 09:04:35
1657789475706246000,92.4,8,92.4,13,92.6,35,2,2022-07-14 09:04:35
1657789477082127000,92.6,1,92.5,1,92.6,34,1,2022-07-14 09:04:37
1657789477459713000,92.6,10,92.5,2,92.6,28,1,2022-07-14 09:04:37
1657789477624207000,92.6,28,92.6,2,92.7,43,1,2022-07-14 09:04:37
1657789477656425000,92.7,43,92.7,7,92.8,17,1,2022-07-14 09:04:37
1657789477720736000,92.7,2,92.7,5,92.8,17,2,2022-07-14 09:04:37
1657789478439492000,92.8,10,92.7,6,92.8,7,1,2022-07-14 09:04:38
1657789478638999000,92.8,1,92.7,6,92.8,6,1,2022-07-14 09:04:38
1657789479114252000,92.8,1,92.7,6,92.8,6,1,2022-07-14 09:04:39
1657789479346135000,92.8,1,92.7,6,92.8,4,1,2022-07-14 09:04:39
1657789479555151000,92.8,2,92.7,8,92.8,3,1,2022-07-14 09:04:39
1657789479886716000,92.8,3,92.7,8,92.9,13,1,2022-07-14 09:04:39
1657789479886716000,92.9,7,92.7,8,92.9,13,1,2022-07-14 09:04:39
1657789480042995000,92.9,6,92.8,2,92.9,7,1,2022-07-14 09:04:40
1657789480198410000,92.9,1,92.8,2,92.9,6,1,2022-07-14 09:04:40
1657789480258737000,92.8,2,92.7,9,92.8,18,2,2022-07-14 09:04:40
1657789481005032000,92.8,1,92.7,9,92.8,17,1,2022-07-14 09:04:41
1657789481100176000,92.8,1,92.7,9,92.8,18,1,2022-07-14 09:04:41
1657789481377349000,92.8,1,92.7,9,92.8,15,1,2022-07-14 09:04:41
1657789481538137000,92.7,9,92.6,9,92.7,16,2,2022-07-14 09:04:41
1657789481578094000,92.6,1,92.6,8,92.7,16,2,2022-07-14 09:04:41
1657789481607133000,92.7,1,92.6,8,92.7,15,1,2022-07-14 09:04:41
1657789481668051000,92.7,1,92.6,8,92.7,14,1,2022-07-14 09:04:41
1657789481823628000,92.6,5,92.6,3,92.7,14,2,2022-07-14 09:04:41
1657789481863434000,92.6,1,92.6,2,92.7,14,2,2022-07-14 09:04:41
1657789481863471000,92.6,1,92.6,1,92.7,14,2,2022-07-14 09:04:41
1657789481879450000,92.6,1,92.5,12,92.7,14,2,2022-07-14 09:04:41
1657789482034905000,92.7,1,92.5,12,92.7,15,1,2022-07-14 09:04:42
1657789482101448000,92.7,1,92.6,1,92.7,15,1,2022-07-14 09:04:42
1657789482193716000,92.7,2,92.6,1,92.7,12,1,2022-07-14 09:04:42
1657789482307392000,92.7,1,92.6,1,92.7,11,1,2022-07-14 09:04:42
1657789482392475000,92.7,2,92.6,1,92.7,9,1,2022-07-14 09:04:42
1657789482437521000,92.6,1,92.6,1,92.7,12,2,2022-07-14 09:04:42
1657789482940574000,92.7,1,92.5,13,92.7,36,1,2022-07-14 09:04:42
1657789483155082000,92.6,1,92.5,14,92.6,5,1,2022-07-14 09:04:43
1657789483233175000,92.6,2,92.5,14,92.6,3,1,2022-07-14 09:04:43
1657789483236081000,92.6,1,92.5,14,92.6,2,1,2022-07-14 09:04:43
1657789483404886000,92.6,1,92.5,14,92.6,1,1,2022-07-14 09:04:43
1657789483524165000,92.6,1,92.5,14,92.7,37,1,2022-07-14 09:04:43
1657789483820074000,92.6,1,92.5,17,92.7,37,1,2022-07-14 09:04:43
1657789484151123000,92.7,1,92.5,20,92.7,37,1,2022-07-14 09:04:44
1657789484213909000,92.7,1,92.5,20,92.7,36,1,2022-07-14 09:04:44
1657789484297417000,92.7,1,92.5,20,92.7,35,1,2022-07-14 09:04:44
1657789484755468000,92.7,1,92.5,20,92.7,34,1,2022-07-14 09:04:44
1657789484881992000,92.7,1,92.5,20,92.7,33,1,2022-07-14 09:04:44
1657789485118320000,92.7,1,92.5,26,92.7,33,1,2022-07-14 09:04:45
1657789485169882000,92.7,1,92.6,1,92.7,31,1,2022-07-14 09:04:45
1657789485235933000,92.6,1,92.5,26,92.7,31,2,2022-07-14 09:04:45
1657789485342988000,92.7,1,92.5,26,92.7,30,1,2022-07-14 09:04:45
1657789485622226000,92.6,1,92.5,26,92.6,1,1,2022-07-14 09:04:45
1657789485659519000,92.6,1,92.6,4,92.7,30,1,2022-07-14 09:04:45
1657789485758486000,92.7,4,92.6,4,92.7,26,1,2022-07-14 09:04:45
1657789485766127000,92.6,2,92.6,2,92.7,26,2,2022-07-14 09:04:45
1657789485914918000,92.6,2,92.5,26,92.7,26,2,2022-07-14 09:04:45
1657789486470445000,92.7,2,92.6,5,92.7,26,1,2022-07-14 09:04:46
1657789487507024000,92.7,1,92.6,7,92.7,49,1,2022-07-14 09:04:47
1657789487678624000,92.6,1,92.6,6,92.7,48,2,2022-07-14 09:04:47
1657789487823632000,92.6,2,92.6,4,92.7,48,2,2022-07-14 09:04:47
1657789487833360000,92.7,3,92.6,4,92.7,45,1,2022-07-14 09:04:47
1657789488070735000,92.7,2,92.6,4,92.7,43,1,2022-07-14 09:04:48
1657789488101979000,92.6,1,92.6,3,92.7,43,2,2022-07-14 09:04:48
1657789488127028000,92.6,2,92.6,4,92.7,43,2,2022-07-14 09:04:48
1657789488478747000,92.6,2,92.5,33,92.7,43,2,2022-07-14 09:04:48
1657789488754839000,92.6,1,92.5,33,92.6,2,1,2022-07-14 09:04:48
1657789488927552000,92.6,2,92.5,32,92.7,48,1,2022-07-14 09:04:48
1657789489342855000,92.6,2,92.5,32,92.6,3,1,2022-07-14 09:04:49
1657789489795252000,92.6,1,92.5,31,92.6,2,1,2022-07-14 09:04:49
1657789490339638000,92.6,5,92.5,31,92.6,2,1,2022-07-14 09:04:50
1657789490488492000,92.6,1,92.5,31,92.6,1,1,2022-07-14 09:04:50
1657789490666874000,92.5,4,92.5,27,92.6,1,2,2022-07-14 09:04:50
1657789491368551000,92.5,3,92.5,25,92.6,21,2,2022-07-14 09:04:51
1657789491391488000,92.5,25,92.4,30,92.6,21,2,2022-07-14 09:04:51
1657789491603208000,92.5,2,92.4,30,92.5,3,1,2022-07-14 09:04:51
1657789491705835000,92.4,1,92.4,29,92.5,1,2,2022-07-14 09:04:51
1657789491853978000,92.5,1,92.4,29,92.6,23,1,2022-07-14 09:04:51
1657789491944274000,92.6,1,92.4,29,92.6,25,1,2022-07-14 09:04:51
1657789491958388000,92.6,1,92.4,29,92.6,24,1,2022-07-14 09:04:51
1657789492100060000,92.6,1,92.4,29,92.6,26,1,2022-07-14 09:04:52
1657789492332622000,92.6,10,92.5,5,92.6,15,1,2022-07-14 09:04:52
1657789492341752000,92.5,5,92.4,24,92.6,15,2,2022-07-14 09:04:52
1657789492374912000,92.5,1,92.4,24,92.5,6,1,2022-07-14 09:04:52
1657789492534987000,92.5,1,92.4,24,92.5,6,1,2022-07-14 09:04:52
1657789492806315000,92.5,5,92.4,24,92.6,16,1,2022-07-14 09:04:52
1657789492806315000,92.6,5,92.4,24,92.6,16,1,2022-07-14 09:04:52
1657789493260198000,92.5,1,92.4,24,92.5,4,1,2022-07-14 09:04:53
1657789493323180000,92.5,1,92.4,24,92.5,3,1,2022-07-14 09:04:53
1657789493399884000,92.5,1,92.4,24,92.5,2,1,2022-07-14 09:04:53
1657789493452512000,92.5,1,92.4,24,92.5,1,1,2022-07-14 09:04:53
1657789493558149000,92.5,1,92.4,24,92.6,16,1,2022-07-14 09:04:53
1657789493669627000,92.6,1,92.4,24,92.6,15,1,2022-07-14 09:04:53
1657789493806733000,92.6,1,92.4,24,92.6,15,1,2022-07-14 09:04:53
1657789493817882000,92.6,1,92.4,24,92.6,14,1,2022-07-14 09:04:53
1657789494001063000,92.6,1,92.4,24,92.6,14,1,2022-07-14 09:04:54
1657789494402255000,92.6,1,92.4,19,92.6,12,1,2022-07-14 09:04:54
1657789494595241000,92.5,3,92.5,3,92.6,12,2,2022-07-14 09:04:54
1657789494595241000,92.4,2,92.5,3,92.6,12,2,2022-07-14 09:04:54
1657789494936846000,92.5,1,92.4,17,92.5,1,1,2022-07-14 09:04:54
1657789495230428000,92.4,11,92.4,6,92.5,1,2,2022-07-14 09:04:55
1657789495499227000,92.5,1,92.4,6,92.6,16,1,2022-07-14 09:04:55
1657789495900132000,92.6,1,92.5,1,92.6,15,1,2022-07-14 09:04:55
1657789495913420000,92.6,1,92.5,1,92.6,14,1,2022-07-14 09:04:55
1657789496168494000,92.5,1,92.4,6,92.6,21,2,2022-07-14 09:04:56
1657789496432765000,92.5,1,92.4,6,92.6,22,2,2022-07-14 09:04:56
1657789496787670000,92.6,1,92.4,6,92.6,22,1,2022-07-14 09:04:56
1657789497477645000,92.5,1,92.4,6,92.5,3,1,2022-07-14 09:04:57
1657789497518456000,92.5,1,92.4,6,92.5,2,1,2022-07-14 09:04:57
1657789497587925000,92.4,1,92.4,6,92.5,4,2,2022-07-14 09:04:57
1657789497639807000,92.5,1,92.4,5,92.5,1,1,2022-07-14 09:04:57
1657789498386463000,92.4,4,92.4,8,92.5,1,2,2022-07-14 09:04:58
1657789498434604000,92.4,1,92.4,8,92.5,2,2,2022-07-14 09:04:58
1657789498633949000,92.5,1,92.4,8,92.5,2,1,2022-07-14 09:04:58
1657789499140940000,92.5,1,92.4,8,92.6,29,1,2022-07-14 09:04:59
1657789500176784000,92.5,2,92.5,1,92.6,30,2,2022-07-14 09:05:00
1657789500345376000,92.5,3,92.5,2,92.6,30,2,2022-07-14 09:05:00
1657789500392619000,92.5,2,92.4,11,92.6,30,2,2022-07-14 09:05:00
1657789501081839000,92.4,10,92.4,7,92.5,2,2,2022-07-14 09:05:01
1657789501265564000,92.5,1,92.4,9,92.5,1,1,2022-07-14 09:05:01
1657789502140556000,92.5,1,92.4,15,92.6,30,1,2022-07-14 09:05:02
1657789502441311000,92.5,2,92.5,2,92.6,30,2,2022-07-14 09:05:02
1657789502713529000,92.4,1,92.4,14,92.5,1,2,2022-07-14 09:05:02
1657789503360054000,92.5,1,92.4,14,92.6,28,1,2022-07-14 09:05:03
1657789503463576000,92.5,1,92.4,14,92.6,28,1,2022-07-14 09:05:03
1657789503848692000,92.5,1,92.4,37,92.6,29,1,2022-07-14 09:05:03
1657789504176482000,92.4,1,92.4,36,92.5,1,2,2022-07-14 09:05:04
1657789504604921000,92.5,1,92.4,36,92.6,29,1,2022-07-14 09:05:04
1657789504910454000,92.5,1,92.5,2,92.6,31,2,2022-07-14 09:05:04
1657789504949047000,92.5,1,92.5,1,92.6,32,2,2022-07-14 09:05:04
1657789505045058000,92.6,3,92.5,1,92.6,29,1,2022-07-14 09:05:05
1657789505051937000,92.5,1,92.5,2,92.6,32,2,2022-07-14 09:05:05
1657789506359086000,92.5,5,92.4,39,92.5,5,1,2022-07-14 09:05:06
1657789506758871000,92.6,1,92.5,5,92.6,28,1,2022-07-14 09:05:06
1657789508255320000,92.6,7,92.5,8,92.6,19,1,2022-07-14 09:05:08
1657789508525382000,92.5,1,92.5,7,92.6,20,2,2022-07-14 09:05:08
1657789509233129000,92.5,1,92.5,7,92.6,20,2,2022-07-14 09:05:09
1657789509565060000,92.6,5,92.5,7,92.6,15,1,2022-07-14 09:05:09
1657789509598289000,92.5,6,92.5,1,92.6,15,2,2022-07-14 09:05:09
1657789509783126000,92.5,1,92.4,45,92.5,1,2,2022-07-14 09:05:09
1657789509787948000,92.5,1,92.4,45,92.6,15,1,2022-07-14 09:05:09
1657789510313469000,92.5,1,92.4,45,92.6,15,1,2022-07-14 09:05:10
1657789511096687000,92.5,1,92.5,1,92.6,17,2,2022-07-14 09:05:11
1657789511564404000,92.5,1,92.4,45,92.5,4,1,2022-07-14 09:05:11
1657789512228578000,92.5,2,92.4,45,92.5,1,1,2022-07-14 09:05:12
1657789512619528000,92.5,1,92.5,9,92.6,17,1,2022-07-14 09:05:12
1657789512951568000,92.6,1,92.5,10,92.6,16,1,2022-07-14 09:05:12
1657789513586330000,92.5,5,92.5,13,92.6,14,2,2022-07-14 09:05:13
1657789514471044000,92.6,5,92.5,10,92.6,9,1,2022-07-14 09:05:14
1657789514859283000,92.5,1,92.5,10,92.6,9,2,2022-07-14 09:05:14
1657789515405412000,92.5,5,92.5,6,92.6,11,2,2022-07-14 09:05:15
1657789515437399000,92.5,1,92.5,5,92.6,11,2,2022-07-14 09:05:15
1657789515759290000,92.5,1,92.5,4,92.6,11,2,2022-07-14 09:05:15
1657789515980008000,92.5,1,92.5,3,92.6,11,2,2022-07-14 09:05:15
1657789516842685000,92.5,3,92.4,58,92.5,7,2,2022-07-14 09:05:16
1657789517053835000,92.5,1,92.4,58,92.5,6,1,2022-07-14 09:05:17
1657789518003723000,92.5,5,92.4,58,92.5,6,1,2022-07-14 09:05:18
1657789518100008000,92.5,8,92.4,58,92.5,8,1,2022-07-14 09:05:18
1657789519241055000,92.5,1,92.5,5,92.6,29,2,2022-07-14 09:05:19
1657789519799550000,92.6,6,92.5,6,92.6,24,1,2022-07-14 09:05:19
1657789520022903000,92.5,1,92.5,5,92.6,24,2,2022-07-14 09:05:20
1657789520571688000,92.5,1,92.5,7,92.6,24,2,2022-07-14 09:05:20
1657789520703874000,92.6,1,92.5,7,92.6,23,1,2022-07-14 09:05:20
1657789521265873000,92.5,1,92.5,9,92.6,24,2,2022-07-14 09:05:21
1657789522430673000,92.6,1,92.5,13,92.6,23,1,2022-07-14 09:05:22
1657789522945994000,92.6,5,92.5,15,92.6,18,1,2022-07-14 09:05:22
1657789523574195000,92.5,2,92.5,15,92.6,18,2,2022-07-14 09:05:23
1657789523974624000,92.6,18,92.5,15,92.7,71,1,2022-07-14 09:05:23
1657789523974624000,92.7,182,92.5,15,92.7,71,1,2022-07-14 09:05:23
1657789524007286000,92.6,2,92.5,15,92.7,36,1,2022-07-14 09:05:24
1657789524007286000,92.7,35,92.5,15,92.7,36,1,2022-07-14 09:05:24
1657789524007324000,92.7,2,92.5,15,92.7,34,1,2022-07-14 09:05:24
1657789524007389000,92.7,25,92.5,15,92.7,9,1,2022-07-14 09:05:24
1657789524040158000,92.7,4,92.5,15,92.7,5,1,2022-07-14 09:05:24
1657789524063019000,92.5,2,92.5,13,92.6,1,2,2022-07-14 09:05:24
1657789524086934000,92.6,1,92.5,15,92.6,1,1,2022-07-14 09:05:24
1657789524668483000,92.6,2,92.5,15,92.7,5,2,2022-07-14 09:05:24
1657789525800883000,92.7,6,92.6,4,92.8,39,1,2022-07-14 09:05:25
1657789525800883000,92.8,4,92.6,4,92.8,39,1,2022-07-14 09:05:25
1657789525876508000,92.6,1,92.6,3,92.8,39,2,2022-07-14 09:05:25
1657789526938551000,92.8,3,92.7,6,92.8,40,1,2022-07-14 09:05:26
1657789527414892000,92.7,2,92.7,4,92.8,47,2,2022-07-14 09:05:27
1657789529155481000,92.7,1,92.7,5,92.8,46,2,2022-07-14 09:05:29
1657789529273906000,92.8,46,92.7,5,92.9,38,1,2022-07-14 09:05:29
1657789529273906000,92.9,4,92.7,5,92.9,38,1,2022-07-14 09:05:29
1657789529345117000,92.9,30,92.7,5,92.9,8,1,2022-07-14 09:05:29
1657789529383281000,92.9,7,92.7,5,92.9,1,1,2022-07-14 09:05:29
1657789530012732000,92.9,2,92.7,6,93.0,40,1,2022-07-14 09:05:30
1657789530553175000,93.0,5,92.8,2,93.0,41,1,2022-07-14 09:05:30
1657789531041976000,93.0,10,92.8,2,93.0,26,1,2022-07-14 09:05:31
1657789532067443000,92.8,1,92.8,3,92.9,2,2,2022-07-14 09:05:32
1657789532435248000,92.9,2,92.8,2,92.9,2,1,2022-07-14 09:05:32
1657789532435248000,93.0,8,92.8,2,92.9,2,1,2022-07-14 09:05:32
1657789532765068000,93.0,1,92.8,2,93.0,38,1,2022-07-14 09:05:32
1657789532802138000,93.0,3,92.8,2,93.0,35,1,2022-07-14 09:05:32
1657789532926827000,93.0,2,92.8,2,93.0,33,1,2022-07-14 09:05:32
1657789533027209000,93.0,1,92.8,5,93.0,32,1,2022-07-14 09:05:33
1657789533165645000,93.0,1,92.9,1,93.0,31,1,2022-07-14 09:05:33
1657789533241427000,93.0,1,92.9,1,93.0,30,1,2022-07-14 09:05:33
1657789533303572000,93.0,1,92.9,1,93.0,29,1,2022-07-14 09:05:33
1657789534117326000,93.0,1,92.9,1,93.0,28,1,2022-07-14 09:05:34
1657789534194002000,93.0,1,92.9,1,93.0,27,1,2022-07-14 09:05:34
1657789534374539000,92.9,1,92.8,7,93.0,27,2,2022-07-14 09:05:34
1657789534374539000,92.8,2,92.8,7,93.0,27,2,2022-07-14 09:05:34
1657789534454539000,92.9,1,92.8,7,92.9,1,1,2022-07-14 09:05:34
1657789534582725000,92.9,1,92.8,7,92.9,1,1,2022-07-14 09:05:34
1657789534582725000,93.0,1,92.8,7,92.9,1,1,2022-07-14 09:05:34
1657789534664153000,92.9,1,92.8,7,93.0,26,1,2022-07-14 09:05:34
1657789534763376000,93.0,1,92.9,2,93.0,25,1,2022-07-14 09:05:34
1657789534798569000,93.0,1,92.9,2,93.0,24,1,2022-07-14 09:05:34
1657789534825943000,93.0,1,92.9,2,93.0,23,1,2022-07-14 09:05:34
1657789535000975000,93.0,1,92.9,2,93.0,23,1,2022-07-14 09:05:35
1657789535145236000,93.0,10,92.9,2,93.0,35,1,2022-07-14 09:05:35
1657789535196709000,93.0,1,92.9,2,93.0,34,1,2022-07-14 09:05:35
1657789535349197000,93.0,4,92.9,2,93.0,29,1,2022-07-14 09:05:35
1657789535574332000,93.0,1,92.9,2,93.0,28,1,2022-07-14 09:05:35
1657789535576072000,93.0,21,92.9,2,93.0,7,1,2022-07-14 09:05:35
1657789536405683000,93.0,1,92.9,12,93.0,12,1,2022-07-14 09:05:36
1657789536443435000,92.9,5,92.9,7,93.0,12,2,2022-07-14 09:05:36
1657789536482566000,93.0,1,92.9,7,93.0,12,1,2022-07-14 09:05:36
1657789536571939000,93.0,1,92.9,7,93.0,10,1,2022-07-14 09:05:36
1657789536643021000,93.0,10,92.9,7,93.1,33,1,2022-07-14 09:05:36
1657789536735378000,93.0,1,92.9,7,93.1,33,1,2022-07-14 09:05:36
1657789536797341000,93.1,1,92.9,8,93.1,32,1,2022-07-14 09:05:36
1657789536835813000,93.1,1,92.9,8,93.1,31,1,2022-07-14 09:05:36
1657789536958861000,93.0,1,93.0,4,93.1,31,2,2022-07-14 09:05:36
1657789536973265000,93.0,1,93.0,3,93.1,31,2,2022-07-14 09:05:36
1657789537001145000,93.0,3,92.9,8,93.1,31,2,2022-07-14 09:05:37
1657789537028218000,93.1,1,93.0,10,93.1,31,1,2022-07-14 09:05:37
1657789537806598000,93.1,1,93.0,22,93.1,29,1,2022-07-14 09:05:37
1657789537911971000,93.1,20,93.0,22,93.1,9,1,2022-07-14 09:05:37
1657789537980759000,93.1,2,93.0,22,93.1,7,1,2022-07-14 09:05:37
1657789538185045000,93.1,2,93.0,23,93.1,5,1,2022-07-14 09:05:38
1657789538333099000,93.1,5,93.0,23,93.2,31,1,2022-07-14 09:05:38
1657789538333099000,93.2,5,93.0,23,93.2,31,1,2022-07-14 09:05:38
1657789538419788000,93.2,1,93.0,23,93.2,30,1,2022-07-14 09:05:38
1657789538836043000,93.2,5,93.0,28,93.2,25,1,2022-07-14 09:05:38
1657789538906298000,93.2,1,93.0,28,93.2,30,1,2022-07-14 09:05:38
1657789539133614000,93.2,2,93.0,28,93.2,22,1,2022-07-14 09:05:39
1657789539439321000,93.2,1,93.0,30,93.2,21,1,2022-07-14 09:05:39
1657789539803844000,93.2,1,93.1,2,93.2,20,1,2022-07-14 09:05:39
1657789539835844000,93.1,2,93.0,36,93.1,18,2,2022-07-14 09:05:39
1657789540021644000,93.1,1,93.0,36,93.1,18,1,2022-07-14 09:05:40
1657789540066927000,93.1,1,93.0,36,93.1,16,1,2022-07-14 09:05:40
1657789540430895000,93.1,1,93.0,36,93.1,15,1,2022-07-14 09:05:40
1657789540577593000,93.1,5,93.0,37,93.1,10,1,2022-07-14 09:05:40
1657789540578177000,93.1,1,93.0,37,93.1,9,1,2022-07-14 09:05:40
1657789540608092000,93.1,2,93.0,37,93.1,7,1,2022-07-14 09:05:40
1657789540625127000,93.1,1,93.0,37,93.1,6,1,2022-07-14 09:05:40
1657789540719134000,93.1,2,93.0,37,93.1,4,1,2022-07-14 09:05:40
1657789541028427000,93.1,4,93.0,38,93.1,4,1,2022-07-14 09:05:41
1657789541028427000,93.2,1,93.0,38,93.1,4,1,2022-07-14 09:05:41
1657789541414424000,93.1,1,93.0,39,93.2,19,1,2022-07-14 09:05:41
1657789541430247000,93.2,1,93.0,39,93.2,18,1,2022-07-14 09:05:41
1657789541482370000,93.2,1,93.0,39,93.2,17,1,2022-07-14 09:05:41
1657789542132836000,93.2,1,93.1,4,93.2,15,1,2022-07-14 09:05:42
1657789542271306000,93.2,15,93.1,10,93.3,39,1,2022-07-14 09:05:42
1657789542271306000,93.3,5,93.1,10,93.3,39,1,2022-07-14 09:05:42
1657789542313995000,93.3,2,93.1,10,93.3,37,1,2022-07-14 09:05:42
1657789542314121000,93.3,2,93.1,10,93.3,35,1,2022-07-14 09:05:42
1657789542464421000,93.3,2,93.1,10,93.3,35,1,2022-07-14 09:05:42
1657789542675825000,93.1,1,93.1,10,93.3,33,2,2022-07-14 09:05:42
1657789542750291000,93.3,20,93.1,17,93.3,13,1,2022-07-14 09:05:42
1657789542860294000,93.1,2,93.1,16,93.3,13,2,2022-07-14 09:05:42
1657789542908177000,93.1,16,93.0,43,93.2,20,2,2022-07-14 09:05:42
1657789542969288000,93.1,1,93.0,44,93.1,3,1,2022-07-14 09:05:42
1657789542995686000,93.1,1,93.0,44,93.1,2,1,2022-07-14 09:05:42
1657789543011029000,93.1,2,93.0,44,93.1,3,1,2022-07-14 09:05:43
1657789543071077000,93.2,1,93.0,44,93.2,49,1,2022-07-14 09:05:43
1657789543293162000,93.2,2,93.1,1,93.2,47,1,2022-07-14 09:05:43
1657789543387789000,93.1,2,93.0,47,93.1,8,2,2022-07-14 09:05:43
1657789543498224000,93.1,1,93.0,48,93.1,7,1,2022-07-14 09:05:43
1657789543529160000,93.1,3,93.0,48,93.1,8,1,2022-07-14 09:05:43
1657789543651301000,93.1,1,93.0,48,93.1,3,1,2022-07-14 09:05:43
1657789543716172000,93.1,1,93.0,48,93.1,2,1,2022-07-14 09:05:43
1657789543812666000,93.1,2,93.0,51,93.2,44,1,2022-07-14 09:05:43
1657789543812666000,93.2,3,93.0,51,93.2,44,1,2022-07-14 09:05:43
1657789543825198000,93.2,3,93.0,51,93.2,41,1,2022-07-14 09:05:43
1657789543872964000,93.1,1,93.0,51,93.2,41,1,2022-07-14 09:05:43
1657789543951801000,93.2,1,93.0,51,93.2,40,1,2022-07-14 09:05:43
1657789543975311000,93.2,1,93.0,51,93.1,1,1,2022-07-14 09:05:43
1657789544152161000,93.1,1,93.0,53,93.1,7,1,2022-07-14 09:05:44
1657789544186574000,93.1,1,93.0,55,93.1,6,1,2022-07-14 09:05:44
1657789544244241000,93.1,1,93.0,55,93.1,5,1,2022-07-14 09:05:44
1657789544337985000,93.1,1,93.0,55,93.1,4,1,2022-07-14 09:05:44
1657789544437254000,93.1,1,93.0,57,93.1,3,1,2022-07-14 09:05:44
1657789544618552000,93.1,5,93.0,62,93.1,3,1,2022-07-14 09:05:44
1657789544674381000,93.1,1,93.0,62,93.1,2,1,2022-07-14 09:05:44
1657789544715089000,93.1,1,93.0,62,93.1,6,1,2022-07-14 09:05:44
1657789544849967000,93.1,1,93.0,63,93.1,5,1,2022-07-14 09:05:44
1657789544861868000,93.1,1,93.0,63,93.1,4,1,2022-07-14 09:05:44
1657789544866112000,93.1,1,93.0,63,93.1,3,1,2022-07-14 09:05:44
1657789544922330000,93.1,1,93.0,63,93.1,2,1,2022-07-14 09:05:44
1657789544982124000,93.1,2,93.0,63,93.1,2,1,2022-07-14 09:05:44
1657789545091697000,93.0,5,93.0,58,93.2,59,2,2022-07-14 09:05:45
1657789545155201000,93.1,1,93.0,58,93.2,59,1,2022-07-14 09:05:45
1657789545296691000,93.1,2,93.0,58,93.1,9,1,2022-07-14 09:05:45
1657789545343084000,93.0,10,93.0,48,93.1,9,2,2022-07-14 09:05:45
1657789545370037000,93.0,33,93.0,15,93.1,9,2,2022-07-14 09:05:45
1657789545374847000,93.0,1,93.0,14,93.1,11,2,2022-07-14 09:05:45
1657789545391163000,93.0,14,92.9,17,93.1,11,2,2022-07-14 09:05:45
1657789545421328000,93.0,1,92.9,17,93.0,2,1,2022-07-14 09:05:45
1657789545428234000,93.0,1,92.9,17,93.0,3,1,2022-07-14 09:05:45
1657789545486892000,93.0,1,92.9,17,93.0,2,1,2022-07-14 09:05:45
1657789545499366000,93.0,1,92.9,17,93.0,4,1,2022-07-14 09:05:45
1657789545810015000,93.0,1,92.9,17,93.1,15,1,2022-07-14 09:05:45
1657789545857026000,93.0,1,92.9,17,93.1,14,2,2022-07-14 09:05:45
1657789545876917000,93.1,1,92.9,17,93.1,13,1,2022-07-14 09:05:45
1657789545897744000,93.1,1,92.9,17,93.1,12,1,2022-07-14 09:05:45
1657789545903371000,92.9,1,92.9,16,93.1,12,2,2022-07-14 09:05:45
1657789545991356000,92.9,2,92.9,14,93.0,1,2,2022-07-14 09:05:45
1657789546123564000,93.0,1,92.9,14,93.0,16,1,2022-07-14 09:05:46
1657789546292067000,93.0,1,92.9,14,93.0,15,1,2022-07-14 09:05:46
1657789546454683000,93.0,1,92.9,14,93.0,14,1,2022-07-14 09:05:46
1657789546457516000,93.0,6,92.9,14,93.0,8,1,2022-07-14 09:05:46
1657789546480722000,92.9,1,92.9,14,93.0,16,2,2022-07-14 09:05:46
1657789546627084000,92.9,5,92.9,8,93.0,8,2,2022-07-14 09:05:46
1657789546659537000,92.9,1,92.9,7,93.0,8,2,2022-07-14 09:05:46
1657789546733058000,93.0,1,92.9,7,93.0,7,1,2022-07-14 09:05:46
1657789546816461000,93.0,1,92.9,7,93.0,6,1,2022-07-14 09:05:46
1657789546857492000,93.0,5,92.9,7,93.0,6,1,2022-07-14 09:05:46
1657789546982192000,93.0,3,92.9,7,93.0,7,1,2022-07-14 09:05:46
1657789547296553000,93.0,1,92.9,7,93.0,4,1,2022-07-14 09:05:47
1657789547404145000,93.0,4,92.9,7,93.1,8,1,2022-07-14 09:05:47
1657789547404145000,93.1,6,92.9,7,93.1,8,1,2022-07-14 09:05:47
1657789547470205000,92.9,1,92.9,6,93.0,1,2,2022-07-14 09:05:47
1657789547509300000,93.0,3,92.9,6,93.0,6,1,2022-07-14 09:05:47
1657789547630789000,93.0,2,92.9,6,93.0,1,1,2022-07-14 09:05:47
1657789547632669000,93.0,1,92.9,6,93.1,8,1,2022-07-14 09:05:47
1657789548640795000,93.0,2,92.9,10,93.0,2,2,2022-07-14 09:05:48
1657789548959373000,92.9,7,92.9,3,93.0,2,2,2022-07-14 09:05:48
1657789549011811000,93.0,3,92.9,3,93.0,3,1,2022-07-14 09:05:49
1657789549011811000,93.1,7,92.9,3,93.0,3,1,2022-07-14 09:05:49
1657789549025636000,92.9,1,92.9,2,93.1,1,2,2022-07-14 09:05:49
1657789549296672000,92.9,1,92.9,1,93.1,2,2,2022-07-14 09:05:49
1657789549599338000,93.0,2,93.0,1,93.1,32,1,2022-07-14 09:05:49
1657789549615720000,93.1,1,93.0,1,93.1,31,1,2022-07-14 09:05:49
1657789549647735000,93.1,1,93.0,1,93.1,30,1,2022-07-14 09:05:49
1657789549685310000,93.1,1,93.0,1,93.1,29,1,2022-07-14 09:05:49
1657789549987463000,93.0,1,93.0,2,93.1,19,2,2022-07-14 09:05:49
1657789550500620000,93.1,1,93.0,3,93.1,48,1,2022-07-14 09:05:50
1657789550504673000,93.0,1,93.0,3,93.1,49,2,2022-07-14 09:05:50
1657789550653971000,93.1,1,93.0,4,93.1,47,1,2022-07-14 09:05:50
1657789550673452000,93.1,1,93.0,4,93.1,46,1,2022-07-14 09:05:50
1657789550795058000,93.1,1,93.0,4,93.1,45,1,2022-07-14 09:05:50
1657789551235086000,93.1,2,93.0,4,93.1,46,1,2022-07-14 09:05:51
1657789551479315000,93.1,1,93.0,6,93.1,46,1,2022-07-14 09:05:51
1657789551955728000,93.1,1,93.0,6,93.1,45,1,2022-07-14 09:05:51
1657789552089046000,93.1,1,93.0,6,93.1,43,1,2022-07-14 09:05:52
1657789552145518000,93.1,1,93.0,8,93.1,42,1,2022-07-14 09:05:52
1657789552748461000,93.1,1,93.0,13,93.1,42,1,2022-07-14 09:05:52
1657789553145576000,93.1,5,93.0,15,93.1,37,1,2022-07-14 09:05:53
1657789553272541000,93.1,3,93.0,15,93.1,34,1,2022-07-14 09:05:53
1657789553457250000,93.1,5,93.0,15,93.1,37,1,2022-07-14 09:05:53
1657789553702391000,93.1,1,93.0,16,93.1,28,1,2022-07-14 09:05:53
1657789553864836000,93.1,2,93.0,17,93.1,26,1,2022-07-14 09:05:53
1657789553889335000,93.1,3,93.0,17,93.1,23,1,2022-07-14 09:05:53
1657789553983724000,93.0,1,93.0,20,93.1,24,2,2022-07-14 09:05:53
1657789554085388000,93.1,3,93.0,20,93.1,21,1,2022-07-14 09:05:54
1657789554122125000,93.0,5,93.0,15,93.1,21,2,2022-07-14 09:05:54
1657789554152956000,93.0,1,93.0,14,93.1,21,2,2022-07-14 09:05:54
1657789554368738000,93.0,1,93.0,14,93.1,21,2,2022-07-14 09:05:54
1657789554441652000,93.1,1,93.0,14,93.1,20,1,2022-07-14 09:05:54
1657789554862903000,93.1,1,93.0,20,93.1,20,1,2022-07-14 09:05:54
1657789555215710000,93.1,1,93.0,20,93.1,18,1,2022-07-14 09:05:55
1657789555218627000,93.1,2,93.0,20,93.1,16,1,2022-07-14 09:05:55
1657789555249966000,93.0,5,93.0,15,93.1,16,2,2022-07-14 09:05:55
1657789555284632000,93.0,5,93.0,10,93.1,16,2,2022-07-14 09:05:55
1657789555295847000,93.0,1,93.0,9,93.1,16,2,2022-07-14 09:05:55
1657789555329787000,93.0,1,93.0,8,93.1,16,2,2022-07-14 09:05:55
1657789555471385000,93.1,1,93.0,20,93.1,19,1,2022-07-14 09:05:55
1657789555624282000,93.1,1,93.0,8,93.1,14,1,2022-07-14 09:05:55
1657789555650059000,93.0,5,93.0,3,93.1,14,2,2022-07-14 09:05:55
1657789555672536000,93.1,1,93.0,3,93.1,13,1,2022-07-14 09:05:55
1657789556041270000,93.1,1,93.0,3,93.1,12,1,2022-07-14 09:05:56
1657789556108552000,93.1,1,93.0,3,93.1,11,1,2022-07-14 09:05:56
1657789556183390000,93.0,3,92.9,8,93.0,3,2,2022-07-14 09:05:56
1657789556252154000,93.0,3,92.9,10,93.1,9,1,2022-07-14 09:05:56
1657789556252154000,93.1,2,92.9,10,93.1,9,1,2022-07-14 09:05:56
1657789556799875000,93.0,1,92.9,10,93.0,33,1,2022-07-14 09:05:56
1657789556870983000,93.0,1,92.9,10,93.0,32,1,2022-07-14 09:05:56
1657789557091741000,93.0,5,92.9,10,93.0,28,1,2022-07-14 09:05:57
1657789557102294000,93.0,1,92.9,10,93.0,27,1,2022-07-14 09:05:57
1657789557226105000,93.0,4,92.9,10,93.0,28,1,2022-07-14 09:05:57
1657789557435786000,93.0,4,92.9,10,93.0,25,1,2022-07-14 09:05:57
1657789557515037000,93.0,2,92.9,10,93.0,29,1,2022-07-14 09:05:57
1657789557536066000,92.9,1,92.9,9,93.0,23,2,2022-07-14 09:05:57
1657789557538962000,93.0,1,92.9,9,93.0,22,1,2022-07-14 09:05:57
1657789557657684000,93.0,1,92.9,9,93.0,21,1,2022-07-14 09:05:57
1657789557779851000,93.0,1,92.9,9,93.0,20,1,2022-07-14 09:05:57
1657789557809751000,92.9,1,92.9,8,93.0,20,2,2022-07-14 09:05:57
1657789557886768000,93.0,5,92.9,9,93.0,15,1,2022-07-14 09:05:57
1657789557913789000,92.9,5,92.9,4,93.0,15,2,2022-07-14 09:05:57
1657789557929412000,93.0,1,92.9,4,93.0,14,1,2022-07-14 09:05:57
1657789557942315000,92.9,1,92.9,4,93.0,14,2,2022-07-14 09:05:57
1657789558164523000,93.0,5,92.9,3,93.0,9,1,2022-07-14 09:05:58
1657789558264815000,93.0,1,92.9,4,93.0,8,1,2022-07-14 09:05:58
1657789558308345000,93.0,1,92.9,4,93.0,7,1,2022-07-14 09:05:58
1657789558519990000,93.0,1,92.9,4,93.0,8,1,2022-07-14 09:05:58
1657789559210986000,93.0,1,92.9,4,93.0,2,1,2022-07-14 09:05:59
1657789559334722000,93.0,1,92.9,4,93.0,1,1,2022-07-14 09:05:59
1657789559535367000,93.0,1,92.9,4,93.1,34,1,2022-07-14 09:05:59
1657789559868441000,93.1,1,92.9,5,93.1,33,1,2022-07-14 09:05:59
1657789560476218000,93.0,1,92.9,5,93.0,8,1,2022-07-14 09:06:00
1657789560664030000,93.0,1,92.9,6,93.0,6,1,2022-07-14 09:06:00
1657789560682292000,93.0,1,92.9,6,93.0,5,1,2022-07-14 09:06:00
1657789560735583000,92.9,6,92.8,28,93.0,5,2,2022-07-14 09:06:00
1657789560853761000,93.0,1,92.8,28,93.0,4,1,2022-07-14 09:06:00
1657789561290408000,92.9,2,92.8,28,93.0,4,1,2022-07-14 09:06:01
1657789561290408000,93.0,1,92.8,28,93.0,4,1,2022-07-14 09:06:01
1657789561371983000,93.0,2,92.8,28,93.0,2,1,2022-07-14 09:06:01
1657789561661770000,92.9,1,93.0,2,93.1,36,1,2022-07-14 09:06:01
1657789561661770000,93.0,2,93.0,2,93.1,36,1,2022-07-14 09:06:01
1657789561681239000,93.0,2,92.8,29,93.1,36,2,2022-07-14 09:06:01
1657789561877276000,93.0,1,92.9,1,93.1,36,1,2022-07-14 09:06:01
1657789562072030000,93.0,1,93.0,1,93.1,36,1,2022-07-14 09:06:02
1657789562091478000,93.0,1,92.9,1,93.1,36,2,2022-07-14 09:06:02
1657789562396392000,93.0,1,92.9,1,93.1,36,2,2022-07-14 09:06:02
1657789562597339000,92.9,2,92.8,10,93.0,20,2,2022-07-14 09:06:02
1657789562597339000,92.8,18,92.8,10,93.0,20,2,2022-07-14 09:06:02
1657789562946033000,92.9,3,92.8,10,92.9,3,1,2022-07-14 09:06:02
1657789563140977000,93.0,1,92.8,10,93.0,24,1,2022-07-14 09:06:03
1657789563286582000,92.8,10,92.7,116,93.0,24,2,2022-07-14 09:06:03
1657789563286582000,92.7,40,92.7,116,93.0,24,2,2022-07-14 09:06:03
1657789563331909000,92.7,7,92.6,7,92.7,13,2,2022-07-14 09:06:03
1657789563514278000,92.7,1,92.6,7,92.7,12,1,2022-07-14 09:06:03
1657789563534688000,92.7,1,92.6,7,92.7,11,1,2022-07-14 09:06:03
1657789563563537000,92.7,1,92.6,7,92.7,10,1,2022-07-14 09:06:03
1657789563583163000,92.7,1,92.6,7,92.7,9,1,2022-07-14 09:06:03
1657789564889222000,92.7,3,92.6,8,92.7,6,1,2022-07-14 09:06:04
1657789564953118000,92.6,1,92.6,8,92.7,9,2,2022-07-14 09:06:04
1657789565108113000,92.6,1,92.6,6,92.7,6,2,2022-07-14 09:06:05
1657789565274635000,92.7,1,92.6,6,92.7,6,1,2022-07-14 09:06:05
1657789565744551000,92.7,1,92.6,6,92.7,4,1,2022-07-14 09:06:05
1657789565813337000,92.6,2,92.6,6,92.7,4,2,2022-07-14 09:06:05
1657789566155637000,92.6,2,92.6,2,92.7,4,2,2022-07-14 09:06:06
1657789566448466000,92.6,1,92.6,1,92.7,4,2,2022-07-14 09:06:06
1657789566486528000,92.6,1,92.6,2,92.7,4,2,2022-07-14 09:06:06
1657789567235998000,92.5,2,92.5,19,92.6,7,2,2022-07-14 09:06:07
1657789567417397000,92.6,3,92.5,19,92.6,4,1,2022-07-14 09:06:07
1657789567945360000,92.5,1,92.5,19,92.6,2,2,2022-07-14 09:06:07
1657789568484855000,92.6,1,92.5,18,92.6,2,1,2022-07-14 09:06:08
1657789569453366000,92.6,1,92.5,18,92.6,1,1,2022-07-14 09:06:09
1657789569820573000,92.5,1,92.5,16,92.7,45,2,2022-07-14 09:06:09
1657789571040165000,92.6,1,92.5,27,92.6,5,1,2022-07-14 09:06:11
1657789571736190000,92.5,5,92.5,23,92.6,5,2,2022-07-14 09:06:11
1657789572052061000,92.5,2,92.5,21,92.6,7,2,2022-07-14 09:06:12
1657789573763442000,92.6,1,92.5,22,92.6,7,1,2022-07-14 09:06:13
1657789573801720000,92.5,22,92.4,36,92.6,7,2,2022-07-14 09:06:13
1657789573801720000,92.4,5,92.4,36,92.6,7,2,2022-07-14 09:06:13
1657789573899643000,92.4,2,92.4,34,92.6,9,2,2022-07-14 09:06:13
1657789573949219000,92.5,3,92.5,3,92.6,9,2,2022-07-14 09:06:13
1657789574368541000,92.5,1,92.5,1,92.6,10,2,2022-07-14 09:06:14
1657789575078630000,92.6,1,92.4,34,92.6,9,1,2022-07-14 09:06:15
1657789575149844000,92.6,1,92.5,1,92.6,8,1,2022-07-14 09:06:15
1657789575158269000,92.5,1,92.4,34,92.6,8,2,2022-07-14 09:06:15
1657789576928083000,92.4,2,92.4,32,92.5,2,2,2022-07-14 09:06:16
1657789577366942000,92.5,1,92.4,32,92.5,1,1,2022-07-14 09:06:17
1657789578126400000,92.4,1,92.4,31,92.5,1,2,2022-07-14 09:06:18
1657789578258307000,92.5,1,92.4,31,92.6,14,1,2022-07-14 09:06:18
1657789578890748000,92.4,1,92.4,30,92.6,14,2,2022-07-14 09:06:18
1657789578996153000,92.5,3,92.5,2,92.6,14,2,2022-07-14 09:06:18
1657789579030834000,92.5,2,92.4,30,92.6,14,2,2022-07-14 09:06:19
1657789580407453000,92.5,3,92.4,30,92.5,7,2,2022-07-14 09:06:20
1657789580473838000,92.5,1,92.5,3,92.6,12,1,2022-07-14 09:06:20
1657789580507315000,92.5,1,92.4,30,92.5,5,1,2022-07-14 09:06:20
1657789580768750000,92.4,5,92.4,25,92.5,5,2,2022-07-14 09:06:20
1657789581182862000,92.5,5,92.4,25,92.5,2,1,2022-07-14 09:06:21
1657789581685268000,92.5,1,92.4,35,92.5,1,1,2022-07-14 09:06:21
1657789581735428000,92.5,1,92.4,37,92.5,1,1,2022-07-14 09:06:21
1657789581995804000,92.5,1,92.4,37,92.6,12,1,2022-07-14 09:06:21
1657789582718163000,92.6,2,92.5,1,92.6,9,1,2022-07-14 09:06:22
1657789583369619000,92.5,1,92.4,38,92.6,9,2,2022-07-14 09:06:23
1657789584033179000,92.5,1,92.4,38,92.5,1,1,2022-07-14 09:06:24
1657789584137122000,92.5,1,92.4,38,92.6,9,1,2022-07-14 09:06:24
1657789584310716000,92.5,1,92.4,38,92.6,9,1,2022-07-14 09:06:24
1657789585920894000,92.6,1,92.5,17,92.6,9,1,2022-07-14 09:06:25
1657789586193866000,92.6,5,92.5,17,92.6,3,1,2022-07-14 09:06:26
1657789587279620000,92.5,1,92.5,24,92.6,7,2,2022-07-14 09:06:27
1657789587291537000,92.6,5,92.5,25,92.6,7,1,2022-07-14 09:06:27
1657789588789687000,92.6,1,92.5,29,92.6,7,1,2022-07-14 09:06:28
1657789590898006000,92.6,7,92.5,27,92.7,31,1,2022-07-14 09:06:30
1657789590898006000,92.7,13,92.5,27,92.7,31,1,2022-07-14 09:06:30
1657789591065247000,92.7,2,92.5,29,92.7,29,1,2022-07-14 09:06:31
1657789592115052000,92.5,2,92.5,30,92.6,1,2,2022-07-14 09:06:32
1657789592172284000,92.6,1,92.6,1,92.7,29,1,2022-07-14 09:06:32
1657789592544175000,92.6,1,92.6,9,92.7,29,2,2022-07-14 09:06:32
1657789592628507000,92.6,5,92.6,4,92.7,29,2,2022-07-14 09:06:32
1657789593258542000,92.6,3,92.6,2,92.7,29,2,2022-07-14 09:06:33
1657789594158115000,92.6,1,92.6,1,92.7,29,2,2022-07-14 09:06:34
1657789594472208000,92.7,1,92.6,1,92.7,28,1,2022-07-14 09:06:34
1657789595557081000,92.7,1,92.6,2,92.7,27,1,2022-07-14 09:06:35
1657789596406305000,92.7,10,92.6,2,92.7,28,1,2022-07-14 09:06:36
1657789596854214000,92.7,1,92.6,2,92.7,20,1,2022-07-14 09:06:36
1657789597222445000,92.7,1,92.6,3,92.7,19,1,2022-07-14 09:06:37
1657789597516245000,92.7,1,92.6,3,92.7,17,1,2022-07-14 09:06:37
1657789597580741000,92.7,17,92.6,3,93.1,6,1,2022-07-14 09:06:37
1657789597580741000,92.8,12,92.6,3,93.1,6,1,2022-07-14 09:06:37
1657789597580741000,92.9,12,92.6,3,93.1,6,1,2022-07-14 09:06:37
1657789597580741000,93.0,30,92.6,3,93.1,6,1,2022-07-14 09:06:37
1657789597580741000,93.1,29,92.6,3,93.1,6,1,2022-07-14 09:06:37
1657789597874324000,92.8,1,92.6,5,93.1,6,1,2022-07-14 09:06:37
1657789598839871000,92.8,1,92.7,18,92.8,1,1,2022-07-14 09:06:38
1657789601204979000,93.1,1,92.8,7,93.1,5,1,2022-07-14 09:06:41
1657789602081649000,93.1,2,92.8,9,93.1,3,1,2022-07-14 09:06:42
1657789602150184000,93.1,3,92.8,9,93.2,74,1,2022-07-14 09:06:42
1657789603091946000,93.2,1,93.1,5,93.2,73,1,2022-07-14 09:06:43
1657789603186054000,93.2,1,93.1,5,93.2,72,1,2022-07-14 09:06:43
1657789603190223000,93.2,5,93.1,5,93.2,67,1,2022-07-14 09:06:43
1657789603403757000,93.1,1,93.1,4,93.2,67,2,2022-07-14 09:06:43
1657789604173443000,93.1,1,93.1,9,93.2,67,2,2022-07-14 09:06:44
1657789605164479000,93.2,1,93.1,12,93.2,66,1,2022-07-14 09:06:45
1657789605184428000,93.2,10,93.1,12,93.2,56,1,2022-07-14 09:06:45
1657789605350851000,93.2,10,93.1,12,93.2,67,1,2022-07-14 09:06:45
1657789605609309000,93.1,6,93.1,12,93.2,46,2,2022-07-14 09:06:45
1657789606047495000,93.2,5,93.1,6,93.2,41,1,2022-07-14 09:06:46
1657789606072434000,93.1,1,93.1,5,93.2,41,2,2022-07-14 09:06:46
1657789606115267000,93.2,1,93.1,5,93.2,40,1,2022-07-14 09:06:46
1657789606187139000,93.2,3,93.1,5,93.2,37,1,2022-07-14 09:06:46
1657789606522510000,93.2,5,93.1,5,93.2,33,1,2022-07-14 09:06:46
1657789606566657000,93.1,1,93.1,4,93.2,33,2,2022-07-14 09:06:46
1657789606607773000,93.1,1,93.1,3,93.2,33,2,2022-07-14 09:06:46
1657789606611537000,93.1,2,93.1,1,93.2,33,2,2022-07-14 09:06:46
1657789606642775000,93.1,1,92.9,1,93.2,33,2,2022-07-14 09:06:46
1657789606801782000,93.2,2,93.0,20,93.2,31,1,2022-07-14 09:06:46
1657789607091434000,93.1,5,93.0,30,93.2,26,1,2022-07-14 09:06:47
1657789607091434000,93.2,5,93.0,30,93.2,26,1,2022-07-14 09:06:47
1657789607283820000,93.1,1,93.0,57,93.2,26,1,2022-07-14 09:06:47
1657789607816493000,93.2,1,93.0,78,93.2,25,1,2022-07-14 09:06:47
1657789608001048000,93.2,2,93.0,88,93.2,23,1,2022-07-14 09:06:48
1657789608031767000,93.2,1,93.0,98,93.2,22,1,2022-07-14 09:06:48
1657789608045970000,93.2,1,93.0,98,93.2,21,1,2022-07-14 09:06:48
1657789608051686000,93.2,1,93.0,98,93.2,20,1,2022-07-14 09:06:48
1657789608098560000,93.2,3,93.1,2,93.2,17,1,2022-07-14 09:06:48
1657789608116385000,93.2,4,93.1,3,93.2,13,1,2022-07-14 09:06:48
1657789608218657000,93.2,7,93.1,3,93.2,6,1,2022-07-14 09:06:48
1657789608382805000,93.2,6,93.1,3,93.3,41,1,2022-07-14 09:06:48
1657789608552010000,93.3,2,93.1,3,93.3,39,1,2022-07-14 09:06:48
1657789608564382000,93.1,1,93.1,2,93.3,39,2,2022-07-14 09:06:48
1657789608705492000,93.3,1,93.1,2,93.3,38,1,2022-07-14 09:06:48
1657789608904363000,93.2,1,93.2,1,93.3,38,2,2022-07-14 09:06:48
1657789609105652000,93.1,2,93.0,108,93.2,1,2,2022-07-14 09:06:49
1657789609138006000,93.2,1,93.0,108,93.3,38,1,2022-07-14 09:06:49
1657789609961788000,93.3,4,93.2,11,93.3,38,1,2022-07-14 09:06:49
1657789610273419000,93.2,2,93.2,11,93.3,44,2,2022-07-14 09:06:50
1657789610429343000,93.3,1,93.2,11,93.3,44,1,2022-07-14 09:06:50
1657789610541484000,93.2,5,93.2,6,93.3,43,2,2022-07-14 09:06:50
1657789610623947000,93.2,1,93.2,5,93.3,43,2,2022-07-14 09:06:50
1657789610699825000,93.3,2,93.2,5,93.3,43,1,2022-07-14 09:06:50
1657789611151857000,93.3,3,93.2,5,93.3,38,1,2022-07-14 09:06:51
1657789612189745000,93.3,2,93.2,5,93.3,38,1,2022-07-14 09:06:52
1657789612554250000,93.2,1,93.2,4,93.3,36,2,2022-07-14 09:06:52
1657789613100800000,93.2,1,93.2,5,93.3,37,2,2022-07-14 09:06:53
1657789613191412000,93.3,2,93.2,5,93.3,35,1,2022-07-14 09:06:53
1657789613470850000,93.3,1,93.2,5,93.3,34,1,2022-07-14 09:06:53
1657789613528797000,93.2,1,93.2,4,93.3,34,2,2022-07-14 09:06:53
1657789613683459000,93.3,1,93.2,4,93.3,33,1,2022-07-14 09:06:53
1657789613855157000,93.3,1,93.2,4,93.3,32,1,2022-07-14 09:06:53
1657789613889319000,93.2,4,93.1,20,93.3,32,2,2022-07-14 09:06:53
1657789614291030000,93.3,1,93.1,20,93.3,31,1,2022-07-14 09:06:54
1657789614584775000,93.3,2,93.2,5,93.3,29,1,2022-07-14 09:06:54
1657789614586724000,93.3,1,93.2,5,93.3,28,1,2022-07-14 09:06:54
1657789614593024000,93.3,1,93.2,5,93.3,28,1,2022-07-14 09:06:54
1657789614594797000,93.3,2,93.2,5,93.3,26,1,2022-07-14 09:06:54
1657789614657438000,93.2,1,93.2,4,93.3,26,2,2022-07-14 09:06:54
1657789614683265000,93.2,4,93.1,15,93.3,26,2,2022-07-14 09:06:54
1657789614683265000,93.1,6,93.1,15,93.3,26,2,2022-07-14 09:06:54
1657789614687388000,93.1,10,93.1,5,93.3,26,2,2022-07-14 09:06:54
1657789614879485000,93.1,4,93.1,1,93.2,3,2,2022-07-14 09:06:54
1657789614913771000,93.1,1,93.1,1,93.2,3,2,2022-07-14 09:06:54
1657789615190315000,93.2,1,93.1,1,93.2,3,1,2022-07-14 09:06:55
1657789615197275000,93.2,2,93.1,1,93.2,1,1,2022-07-14 09:06:55
1657789615298405000,93.2,1,93.1,2,93.2,1,1,2022-07-14 09:06:55
1657789615832339000,93.2,5,93.1,3,93.2,2,1,2022-07-14 09:06:55
1657789615876087000,93.1,1,93.1,2,93.2,2,2,2022-07-14 09:06:55
1657789615918672000,93.1,1,93.1,1,93.2,2,2,2022-07-14 09:06:55
1657789616081866000,93.2,1,93.1,1,93.2,1,1,2022-07-14 09:06:56
1657789616198407000,93.2,1,93.1,1,93.3,27,1,2022-07-14 09:06:56
1657789616346373000,93.3,2,93.1,1,93.3,25,1,2022-07-14 09:06:56
1657789616397360000,93.3,5,93.1,1,93.3,20,1,2022-07-14 09:06:56
1657789616684857000,93.3,20,93.2,1,93.4,23,1,2022-07-14 09:06:56
1657789617019267000,93.4,2,93.3,5,93.4,21,1,2022-07-14 09:06:57
1657789617069321000,93.4,1,93.3,5,93.4,20,1,2022-07-14 09:06:57
1657789617109028000,93.4,1,93.3,5,93.4,19,1,2022-07-14 09:06:57
1657789617203179000,93.4,1,93.3,5,93.4,18,1,2022-07-14 09:06:57
1657789617218341000,93.4,2,93.3,5,93.4,16,1,2022-07-14 09:06:57
1657789617233243000,93.3,1,93.3,4,93.4,16,2,2022-07-14 09:06:57
1657789617254104000,93.4,8,93.3,4,93.4,8,1,2022-07-14 09:06:57
1657789617403685000,93.4,8,93.3,10,93.5,20,1,2022-07-14 09:06:57
1657789617403685000,93.5,12,93.3,10,93.5,20,1,2022-07-14 09:06:57
1657789617776951000,93.5,2,93.3,20,93.5,18,1,2022-07-14 09:06:57
1657789617900287000,93.3,2,93.3,18,93.5,18,2,2022-07-14 09:06:57
1657789618010725000,93.3,1,93.3,17,93.4,1,2,2022-07-14 09:06:58
1657789618576103000,93.3,2,93.3,15,93.4,1,2,2022-07-14 09:06:58
1657789618949870000,93.3,10,93.3,15,93.4,1,2,2022-07-14 09:06:58
1657789618989363000,93.3,1,93.3,4,93.4,2,2,2022-07-14 09:06:58
1657789619020402000,93.3,4,93.2,8,93.4,2,2,2022-07-14 09:06:59
1657789619430502000,93.4,1,93.3,2,93.4,4,1,2022-07-14 09:06:59
1657789619501700000,93.4,1,93.3,2,93.4,2,1,2022-07-14 09:06:59
1657789619676656000,93.4,1,93.3,3,93.4,1,1,2022-07-14 09:06:59
1657789619930841000,93.5,1,93.3,3,93.5,38,1,2022-07-14 09:06:59
1657789619998444000,93.5,4,93.3,3,93.5,33,1,2022-07-14 09:06:59
1657789621159416000,93.4,1,93.3,6,93.4,9,2,2022-07-14 09:07:01
1657789621167267000,93.4,1,93.3,6,93.4,8,1,2022-07-14 09:07:01
1657789621304618000,93.4,1,93.3,6,93.4,7,1,2022-07-14 09:07:01
1657789621345353000,93.4,2,93.3,8,93.4,5,1,2022-07-14 09:07:01
1657789621696685000,93.4,2,93.3,8,93.4,3,1,2022-07-14 09:07:01
1657789621731163000,93.4,1,93.3,8,93.4,2,1,2022-07-14 09:07:01
1657789621759501000,93.4,1,93.3,8,93.4,1,1,2022-07-14 09:07:01
1657789621784851000,93.3,1,93.3,7,93.4,1,2,2022-07-14 09:07:01
1657789621829137000,93.4,1,93.3,7,93.5,33,1,2022-07-14 09:07:01
1657789622625127000,93.5,1,93.4,2,93.5,32,1,2022-07-14 09:07:02
1657789622664607000,93.5,1,93.4,3,93.5,31,1,2022-07-14 09:07:02
1657789622700756000,93.5,1,93.4,3,93.5,30,1,2022-07-14 09:07:02
1657789622753857000,93.4,2,93.4,1,93.5,30,2,2022-07-14 09:07:02
1657789622762850000,93.4,1,93.3,7,93.5,30,2,2022-07-14 09:07:02
1657789622762850000,93.3,1,93.3,7,93.5,30,2,2022-07-14 09:07:02
1657789622861453000,93.5,1,93.3,8,93.5,29,1,2022-07-14 09:07:02
1657789623143493000,93.5,1,93.3,8,93.5,29,1,2022-07-14 09:07:03
1657789623954254000,93.3,1,93.3,9,93.4,1,2,2022-07-14 09:07:03
1657789624425908000,93.4,1,93.3,10,93.4,1,1,2022-07-14 09:07:04
1657789624878263000,93.5,1,93.4,12,93.5,31,1,2022-07-14 09:07:04
1657789624952015000,93.5,1,93.4,12,93.5,30,1,2022-07-14 09:07:04
1657789624958573000,93.5,3,93.4,12,93.5,32,1,2022-07-14 09:07:04
1657789625034274000,93.4,10,93.4,2,93.5,27,2,2022-07-14 09:07:05
1657789625040585000,93.4,2,93.3,4,93.5,27,2,2022-07-14 09:07:05
1657789625040585000,93.3,8,93.3,4,93.5,27,2,2022-07-14 09:07:05
1657789625063767000,93.5,1,93.3,4,93.5,26,1,2022-07-14 09:07:05
1657789625253058000,93.4,2,93.3,8,93.5,23,1,2022-07-14 09:07:05
1657789625253058000,93.5,3,93.3,8,93.5,23,1,2022-07-14 09:07:05
1657789625560226000,93.5,1,93.4,2,93.5,23,1,2022-07-14 09:07:05
1657789625729071000,93.5,5,93.4,2,93.5,18,1,2022-07-14 09:07:05
1657789625919048000,93.5,2,93.4,2,93.5,16,1,2022-07-14 09:07:05
1657789626075070000,93.5,1,93.4,3,93.5,15,1,2022-07-14 09:07:06
1657789626415794000,93.5,3,93.4,8,93.5,15,1,2022-07-14 09:07:06
1657789626559052000,93.5,1,93.4,8,93.5,11,1,2022-07-14 09:07:06
1657789626824234000,93.5,1,93.4,8,93.5,10,1,2022-07-14 09:07:06
1657789627554690000,93.5,1,93.4,10,93.5,9,1,2022-07-14 09:07:07
1657789627654074000,93.5,1,93.4,11,93.5,8,1,2022-07-14 09:07:07
1657789628544431000,93.5,4,93.4,13,93.5,4,1,2022-07-14 09:07:08
1657789628573383000,93.5,3,93.4,13,93.5,1,1,2022-07-14 09:07:08
1657789628657559000,93.5,1,93.4,13,93.6,51,1,2022-07-14 09:07:08
1657789628779386000,93.6,3,93.4,13,93.6,48,1,2022-07-14 09:07:08
1657789628829675000,93.6,1,93.4,13,93.6,47,1,2022-07-14 09:07:08
1657789628917977000,93.5,1,93.5,4,93.6,47,1,2022-07-14 09:07:08
1657789629800135000,93.5,1,93.5,9,93.6,47,2,2022-07-14 09:07:09
1657789629982000000,93.5,1,93.5,18,93.6,47,2,2022-07-14 09:07:09
1657789630062616000,93.5,20,93.4,26,93.6,47,2,2022-07-14 09:07:10
1657789630158430000,93.5,1,93.4,26,93.6,47,2,2022-07-14 09:07:10
1657789630516231000,93.5,2,93.4,26,93.6,47,2,2022-07-14 09:07:10
1657789631062617000,93.5,1,93.5,1,93.6,47,1,2022-07-14 09:07:11
1657789631097499000,93.5,1,93.4,29,93.6,47,2,2022-07-14 09:07:11
1657789631335231000,93.5,1,93.5,10,93.6,47,2,2022-07-14 09:07:11
1657789631677528000,93.5,10,93.4,29,93.6,47,2,2022-07-14 09:07:11
1657789631804087000,93.5,1,93.5,3,93.6,47,1,2022-07-14 09:07:11
1657789631848158000,93.6,1,93.4,31,93.5,1,1,2022-07-14 09:07:11
1657789632151836000,93.6,10,93.5,4,93.6,36,1,2022-07-14 09:07:12
1657789632321658000,93.5,1,93.5,3,93.6,36,2,2022-07-14 09:07:12
1657789632610852000,93.5,3,93.4,29,93.6,36,2,2022-07-14 09:07:12
1657789632610852000,93.4,2,93.4,29,93.6,36,2,2022-07-14 09:07:12
1657789633216236000,93.5,1,93.4,29,93.5,1,1,2022-07-14 09:07:13
1657789633341617000,93.5,1,93.4,29,93.5,1,1,2022-07-14 09:07:13
1657789633341617000,93.6,19,93.4,29,93.5,1,1,2022-07-14 09:07:13
1657789633895609000,93.5,1,93.5,1,93.6,37,2,2022-07-14 09:07:13
1657789634176644000,93.5,1,93.4,29,93.5,8,1,2022-07-14 09:07:14
1657789634335386000,93.4,3,93.4,27,93.5,8,2,2022-07-14 09:07:14
1657789634678573000,93.4,28,93.3,24,93.5,8,2,2022-07-14 09:07:14
1657789634678573000,93.3,2,93.3,24,93.5,8,2,2022-07-14 09:07:14
1657789634710157000,93.3,24,93.2,156,93.5,8,2,2022-07-14 09:07:14
1657789634771382000,93.4,5,93.2,156,93.5,12,1,2022-07-14 09:07:14
1657789634913788000,93.4,1,93.2,156,93.4,1,1,2022-07-14 09:07:14
1657789634913788000,93.5,1,93.2,156,93.4,1,1,2022-07-14 09:07:14
1657789635057333000,93.5,1,93.2,156,93.5,11,1,2022-07-14 09:07:15
1657789635405319000,93.5,1,93.3,1,93.5,11,1,2022-07-14 09:07:15
1657789635508090000,93.5,1,93.4,2,93.5,19,1,2022-07-14 09:07:15
1657789635525614000,93.4,1,93.4,1,93.5,19,2,2022-07-14 09:07:15
1657789635603737000,93.5,1,93.4,6,93.5,18,1,2022-07-14 09:07:15
1657789635800346000,93.5,1,93.4,6,93.5,18,1,2022-07-14 09:07:15
1657789636123650000,93.4,1,93.4,5,93.5,21,2,2022-07-14 09:07:16
1657789636407420000,93.5,5,93.4,5,93.5,16,1,2022-07-14 09:07:16
1657789636415748000,93.5,2,93.4,5,93.5,14,1,2022-07-14 09:07:16
1657789636560022000,93.4,7,93.3,2,93.4,3,2,2022-07-14 09:07:16
1657789636591783000,93.3,1,93.3,1,93.4,13,2,2022-07-14 09:07:16
1657789636614807000,93.3,1,93.2,156,93.4,13,2,2022-07-14 09:07:16
1657789636633598000,93.4,2,93.2,156,93.4,11,1,2022-07-14 09:07:16
1657789636676630000,93.4,1,93.2,156,93.4,10,1,2022-07-14 09:07:16
1657789636869701000,93.4,3,93.2,156,93.4,7,1,2022-07-14 09:07:16
1657789636894824000,93.4,1,93.2,156,93.4,6,1,2022-07-14 09:07:16
1657789636899449000,93.2,1,93.2,155,93.4,6,2,2022-07-14 09:07:16
1657789636938442000,93.2,20,93.2,15,93.4,6,2,2022-07-14 09:07:16
1657789636951375000,93.2,2,93.2,35,93.4,6,2,2022-07-14 09:07:16
1657789636969922000,93.2,13,93.1,66,93.4,6,2,2022-07-14 09:07:16
1657789637034743000,93.3,1,93.1,66,93.3,4,1,2022-07-14 09:07:17
1657789637178260000,93.3,1,93.1,66,93.3,3,1,2022-07-14 09:07:17
1657789637348469000,93.1,2,93.1,67,93.3,3,2,2022-07-14 09:07:17
1657789637397566000,93.1,1,93.1,66,93.2,1,2,2022-07-14 09:07:17
1657789637421642000,93.2,1,93.1,67,93.2,1,1,2022-07-14 09:07:17
1657789637621492000,93.3,1,93.1,66,93.3,2,1,2022-07-14 09:07:17
1657789637659370000,93.3,1,93.1,66,93.3,1,1,2022-07-14 09:07:17
1657789638024690000,93.1,1,93.1,66,93.3,1,2,2022-07-14 09:07:18
1657789638165567000,93.3,1,93.1,66,93.4,19,1,2022-07-14 09:07:18
1657789638289409000,93.4,2,93.1,66,93.4,17,1,2022-07-14 09:07:18
1657789638350302000,93.4,3,93.1,66,93.4,14,1,2022-07-14 09:07:18
1657789638598732000,93.1,8,93.1,58,93.4,4,2,2022-07-14 09:07:18
1657789638749564000,93.4,1,93.1,58,93.4,3,1,2022-07-14 09:07:18
1657789638819295000,93.4,1,93.1,58,93.4,4,1,2022-07-14 09:07:18
1657789639093995000,93.4,1,93.1,58,93.4,1,1,2022-07-14 09:07:19
1657789639427231000,93.1,5,93.1,53,93.4,1,2,2022-07-14 09:07:19
1657789639463431000,93.1,20,93.1,53,93.2,20,2,2022-07-14 09:07:19
1657789639463478000,93.1,20,93.1,13,93.2,20,2,2022-07-14 09:07:19
1657789639464079000,93.1,13,93.0,18,93.1,7,2,2022-07-14 09:07:19
1657789639500618000,93.0,1,93.0,17,93.1,8,2,2022-07-14 09:07:19
1657789639503402000,93.0,1,93.0,16,93.1,8,2,2022-07-14 09:07:19
1657789639505745000,93.0,1,93.0,15,93.1,8,2,2022-07-14 09:07:19
1657789639512537000,93.0,1,93.0,14,93.1,8,2,2022-07-14 09:07:19
1657789639540345000,93.0,2,93.0,12,93.1,8,2,2022-07-14 09:07:19
1657789639556025000,93.0,1,93.0,11,93.1,9,2,2022-07-14 09:07:19
1657789639572927000,93.0,11,92.9,2,93.1,9,2,2022-07-14 09:07:19
1657789639606138000,93.0,1,92.9,2,93.1,9,2,2022-07-14 09:07:19
1657789639973259000,93.0,1,92.9,2,93.1,11,1,2022-07-14 09:07:19
1657789640169267000,93.1,1,92.9,2,93.1,13,1,2022-07-14 09:07:20
1657789640615373000,93.1,1,92.9,2,93.1,12,1,2022-07-14 09:07:20
1657789640839712000,93.1,1,92.9,2,93.1,11,1,2022-07-14 09:07:20
1657789641042209000,93.0,1,92.9,2,93.1,11,1,2022-07-14 09:07:21
1657789641254607000,93.1,1,92.9,2,93.1,10,1,2022-07-14 09:07:21
1657789641640070000,93.1,1,92.9,2,93.1,9,1,2022-07-14 09:07:21
1657789642164078000,93.0,1,92.9,2,93.1,9,2,2022-07-14 09:07:22
1657789642367895000,92.9,2,92.9,2,93.0,1,2,2022-07-14 09:07:22
1657789642367895000,92.8,3,92.9,2,93.0,1,2,2022-07-14 09:07:22
1657789642920985000,93.0,1,92.8,10,93.0,1,1,2022-07-14 09:07:22
1657789643295348000,93.0,1,92.8,10,93.1,13,2,2022-07-14 09:07:23
1657789644951232000,93.1,1,92.8,10,93.1,14,1,2022-07-14 09:07:24
1657789647351130000,93.1,10,92.9,1,93.1,4,1,2022-07-14 09:07:27
1657789648393936000,93.0,1,92.9,4,93.0,1,1,2022-07-14 09:07:28
1657789649445601000,93.1,1,92.9,4,93.1,3,1,2022-07-14 09:07:29
1657789650235649000,93.1,2,93.0,1,93.1,7,1,2022-07-14 09:07:30
1657789650713459000,93.1,1,93.0,2,93.1,6,1,2022-07-14 09:07:30
1657789651054634000,93.1,2,93.0,23,93.1,4,1,2022-07-14 09:07:31
1657789652504697000,93.0,1,93.0,22,93.1,11,2,2022-07-14 09:07:32
1657789652708080000,93.1,1,93.0,22,93.1,11,1,2022-07-14 09:07:32
1657789652719280000,93.0,1,93.0,21,93.1,11,2,2022-07-14 09:07:32
1657789653695327000,93.1,5,93.0,25,93.1,6,1,2022-07-14 09:07:33
1657789653809724000,93.0,1,93.0,24,93.1,26,2,2022-07-14 09:07:33
1657789653855786000,93.0,1,93.0,23,93.1,26,2,2022-07-14 09:07:33
1657789653915129000,93.1,1,93.0,24,93.1,26,1,2022-07-14 09:07:33
1657789654453456000,93.1,10,93.0,23,93.1,16,1,2022-07-14 09:07:34
1657789654581198000,93.0,1,93.0,22,93.1,17,2,2022-07-14 09:07:34
1657789654717089000,93.1,1,93.0,22,93.1,16,1,2022-07-14 09:07:34
1657789654787325000,93.1,2,93.0,22,93.1,14,1,2022-07-14 09:07:34
1657789654979021000,93.1,1,93.0,22,93.1,13,1,2022-07-14 09:07:34
1657789655099477000,93.1,1,93.0,22,93.1,12,1,2022-07-14 09:07:35
1657789655242074000,93.1,1,93.0,22,93.1,11,1,2022-07-14 09:07:35
1657789655342019000,93.1,1,93.0,22,93.1,11,1,2022-07-14 09:07:35
1657789655728563000,93.1,2,93.0,23,93.1,8,1,2022-07-14 09:07:35
1657789655756677000,93.1,6,93.0,25,93.1,2,1,2022-07-14 09:07:35
1657789655819663000,93.1,2,93.0,26,93.2,22,1,2022-07-14 09:07:35
1657789655992474000,93.0,1,93.0,25,93.2,22,2,2022-07-14 09:07:35
1657789656357812000,93.1,1,93.0,26,93.2,32,2,2022-07-14 09:07:36
1657789657869208000,93.1,3,93.1,10,93.2,22,2,2022-07-14 09:07:37
1657789658554395000,93.1,1,93.1,6,93.2,22,2,2022-07-14 09:07:38
1657789658658827000,93.1,6,93.0,134,93.1,4,2,2022-07-14 09:07:38
1657789658690629000,93.1,3,93.0,134,93.1,1,1,2022-07-14 09:07:38
1657789658743430000,93.1,1,93.0,134,93.2,22,1,2022-07-14 09:07:38
1657789658871903000,93.2,1,93.0,134,93.2,21,1,2022-07-14 09:07:38
1657789662068082000,93.1,1,93.1,6,93.2,22,2,2022-07-14 09:07:42
1657789662185655000,93.2,1,93.1,6,93.2,21,1,2022-07-14 09:07:42
1657789664099369000,93.1,2,93.1,16,93.2,26,2,2022-07-14 09:07:44
1657789664435613000,93.2,2,93.1,17,93.2,26,1,2022-07-14 09:07:44
1657789664560996000,93.2,1,93.1,17,93.2,23,1,2022-07-14 09:07:44
1657789664657911000,93.2,2,93.1,17,93.2,21,1,2022-07-14 09:07:44
1657789664696331000,93.2,5,93.1,17,93.2,16,1,2022-07-14 09:07:44
1657789664738231000,93.2,1,93.1,17,93.2,15,1,2022-07-14 09:07:44
1657789664961141000,93.2,1,93.1,17,93.2,14,1,2022-07-14 09:07:44
1657789665034670000,93.2,2,93.1,22,93.2,12,1,2022-07-14 09:07:45
1657789665074567000,93.2,2,93.1,24,93.2,10,1,2022-07-14 09:07:45
1657789665096154000,93.2,2,93.1,24,93.2,8,1,2022-07-14 09:07:45
1657789665252507000,93.2,3,93.1,24,93.2,5,1,2022-07-14 09:07:45
1657789665318563000,93.2,1,93.1,24,93.2,4,1,2022-07-14 09:07:45
1657789665342689000,93.2,4,93.1,24,93.3,43,1,2022-07-14 09:07:45
1657789665502142000,93.3,1,93.1,24,93.3,42,1,2022-07-14 09:07:45
1657789665757327000,93.2,1,93.2,1,93.3,42,2,2022-07-14 09:07:45
1657789665857376000,93.2,1,93.1,24,93.2,9,2,2022-07-14 09:07:45
1657789666021216000,93.2,1,93.1,26,93.2,8,1,2022-07-14 09:07:46
1657789666658697000,93.2,1,93.1,29,93.2,8,1,2022-07-14 09:07:46
1657789666801666000,93.1,10,93.1,20,93.2,8,2,2022-07-14 09:07:46
1657789666846439000,93.1,1,93.1,19,93.2,9,2,2022-07-14 09:07:46
1657789666900918000,93.1,2,93.1,17,93.2,9,2,2022-07-14 09:07:46
1657789668232009000,93.2,1,93.1,19,93.2,10,1,2022-07-14 09:07:48
1657789668241257000,93.2,2,93.1,19,93.2,11,1,2022-07-14 09:07:48
1657789669610736000,93.2,1,93.1,22,93.2,8,1,2022-07-14 09:07:49
1657789669910690000,93.2,1,93.1,22,93.2,8,1,2022-07-14 09:07:49
1657789670495593000,93.2,1,93.1,22,93.2,6,1,2022-07-14 09:07:50
1657789670540587000,93.1,1,93.1,21,93.2,6,2,2022-07-14 09:07:50
1657789670920986000,93.2,5,93.1,23,93.2,7,1,2022-07-14 09:07:50
1657789671920233000,93.2,3,93.1,24,93.2,3,1,2022-07-14 09:07:51
1657789672454592000,93.3,1,93.1,25,93.3,63,1,2022-07-14 09:07:52
1657789673687739000,93.2,2,93.1,28,93.3,65,2,2022-07-14 09:07:53
1657789673781810000,93.3,10,93.2,1,93.3,55,1,2022-07-14 09:07:53
1657789673837619000,93.2,1,93.1,29,93.3,55,2,2022-07-14 09:07:53
1657789673837619000,93.1,2,93.1,29,93.3,55,2,2022-07-14 09:07:53
1657789674127086000,93.2,1,93.1,29,93.3,55,1,2022-07-14 09:07:54
1657789674265507000,93.1,1,93.1,29,93.3,55,2,2022-07-14 09:07:54
1657789675140194000,93.2,1,93.1,31,93.2,1,1,2022-07-14 09:07:55
1657789675358545000,93.2,1,93.2,1,93.3,55,1,2022-07-14 09:07:55
1657789675577708000,93.2,1,93.1,34,93.3,55,2,2022-07-14 09:07:55
1657789676891176000,93.2,5,93.1,18,93.3,56,2,2022-07-14 09:07:56
1657789676891176000,93.1,25,93.1,18,93.3,56,2,2022-07-14 09:07:56
1657789677167153000,93.1,10,93.1,9,93.2,4,2,2022-07-14 09:07:57
1657789677174493000,93.1,9,93.0,145,93.1,1,2,2022-07-14 09:07:57
1657789677244790000,93.1,1,93.0,145,93.1,2,1,2022-07-14 09:07:57
1657789677249004000,93.1,1,93.0,145,93.1,1,1,2022-07-14 09:07:57
1657789677569721000,93.1,1,93.0,145,93.2,5,1,2022-07-14 09:07:57
1657789678693288000,93.1,3,93.1,5,93.2,9,2,2022-07-14 09:07:58
1657789680351152000,93.2,1,93.1,6,93.2,10,1,2022-07-14 09:08:00
1657789680660026000,93.1,1,93.1,5,93.2,9,2,2022-07-14 09:08:00
1657789681092666000,93.1,1,93.1,8,93.2,9,2,2022-07-14 09:08:01
1657789681355858000,93.2,2,93.1,9,93.2,10,1,2022-07-14 09:08:01
1657789681537630000,93.1,2,93.1,8,93.2,8,2,2022-07-14 09:08:01
1657789681842650000,93.2,1,93.1,8,93.2,10,1,2022-07-14 09:08:01
1657789681981074000,93.2,5,93.1,8,93.2,4,1,2022-07-14 09:08:01
1657789682201064000,93.1,1,93.1,14,93.2,5,2,2022-07-14 09:08:02
1657789682310405000,93.2,1,93.1,16,93.2,4,1,2022-07-14 09:08:02
1657789682504439000,93.1,17,93.0,144,93.1,13,2,2022-07-14 09:08:02
1657789682541044000,93.0,1,93.0,143,93.1,13,2,2022-07-14 09:08:02
1657789682569285000,93.0,20,93.0,123,93.1,13,2,2022-07-14 09:08:02
1657789682570287000,93.0,20,93.0,103,93.1,13,2,2022-07-14 09:08:02
1657789682571471000,93.0,20,93.0,83,93.1,13,2,2022-07-14 09:08:02
1657789682572493000,93.0,20,93.0,63,93.1,13,2,2022-07-14 09:08:02
1657789682573549000,93.0,20,93.0,43,93.1,13,2,2022-07-14 09:08:02
1657789682574569000,93.0,20,93.0,23,93.1,13,2,2022-07-14 09:08:02
1657789682575299000,93.0,20,93.0,3,93.1,13,2,2022-07-14 09:08:02
1657789682575935000,93.0,3,92.9,14,93.0,17,2,2022-07-14 09:08:02
1657789682601910000,92.9,8,92.9,5,93.0,17,2,2022-07-14 09:08:02
1657789682606020000,92.9,1,92.9,4,93.0,17,2,2022-07-14 09:08:02
1657789682606121000,92.9,1,92.9,3,93.0,17,2,2022-07-14 09:08:02
1657789682606407000,92.9,1,92.9,2,93.0,17,2,2022-07-14 09:08:02
1657789682614071000,92.9,1,92.9,1,93.0,18,2,2022-07-14 09:08:02
1657789682622412000,92.9,1,92.8,16,93.0,18,2,2022-07-14 09:08:02
1657789682976965000,92.9,1,92.8,16,92.9,2,1,2022-07-14 09:08:02
1657789683633589000,92.8,5,92.8,11,92.9,7,2,2022-07-14 09:08:03
1657789683660169000,92.8,11,92.7,33,92.9,7,2,2022-07-14 09:08:03
1657789684239505000,92.8,1,92.7,33,92.8,20,1,2022-07-14 09:08:04
1657789684263764000,92.7,1,92.7,32,92.8,20,2,2022-07-14 09:08:04
1657789685835309000,92.7,3,92.7,29,92.8,20,2,2022-07-14 09:08:05
1657789686221296000,92.7,2,92.7,27,92.8,21,2,2022-07-14 09:08:06
1657789686769183000,92.7,3,92.7,24,92.8,21,2,2022-07-14 09:08:06
1657789687232070000,92.7,12,92.7,12,92.8,21,2,2022-07-14 09:08:07
1657789687259436000,92.7,12,92.6,23,92.8,22,2,2022-07-14 09:08:07
1657789688228789000,92.6,24,92.5,49,92.7,5,2,2022-07-14 09:08:08
1657789688228789000,92.5,26,92.5,49,92.7,5,2,2022-07-14 09:08:08
1657789688265046000,92.5,30,92.5,19,92.7,7,2,2022-07-14 09:08:08
1657789688301759000,92.5,4,92.5,15,92.6,4,2,2022-07-14 09:08:08
1657789688302202000,92.5,14,92.5,1,92.6,4,2,2022-07-14 09:08:08
1657789688335546000,92.5,1,92.5,1,92.6,6,2,2022-07-14 09:08:08
1657789688866371000,92.4,1,92.4,54,92.6,6,2,2022-07-14 09:08:08
1657789689073450000,92.4,1,92.4,52,92.6,6,2,2022-07-14 09:08:09
1657789690194866000,92.4,1,92.4,51,92.6,7,2,2022-07-14 09:08:10
1657789691106185000,92.4,2,92.4,49,92.6,8,2,2022-07-14 09:08:11
1657789691511208000,92.6,1,92.4,49,92.6,7,1,2022-07-14 09:08:11
1657789691532512000,92.4,1,92.4,48,92.6,7,2,2022-07-14 09:08:11
1657789692114578000,92.4,2,92.4,46,92.6,8,2,2022-07-14 09:08:12
1657789692310019000,92.4,1,92.4,45,92.6,8,2,2022-07-14 09:08:12
1657789692450139000,92.4,7,92.4,37,92.6,8,2,2022-07-14 09:08:12
1657789693243912000,92.4,1,92.4,42,92.5,1,2,2022-07-14 09:08:13
1657789694555423000,92.4,1,92.4,57,92.5,1,2,2022-07-14 09:08:14
1657789694756835000,92.5,1,92.4,57,92.6,11,1,2022-07-14 09:08:14
1657789694865804000,92.6,1,92.4,57,92.6,10,1,2022-07-14 09:08:14
1657789695151416000,92.4,2,92.4,57,92.6,10,2,2022-07-14 09:08:15
1657789695760323000,92.6,1,92.4,55,92.6,9,1,2022-07-14 09:08:15
1657789696347414000,92.4,1,92.4,54,92.5,3,2,2022-07-14 09:08:16
1657789696626439000,92.5,1,92.4,53,92.5,2,1,2022-07-14 09:08:16
1657789696860253000,92.5,1,92.4,53,92.5,2,1,2022-07-14 09:08:16
1657789697104626000,92.5,1,92.4,56,92.6,10,1,2022-07-14 09:08:17
1657789699198504000,92.5,1,92.4,58,92.5,1,1,2022-07-14 09:08:19
1657789699565538000,92.5,1,92.5,1,92.6,10,1,2022-07-14 09:08:19
1657789699628307000,92.6,5,92.5,1,92.6,5,1,2022-07-14 09:08:19
1657789699773061000,92.5,1,92.4,57,92.6,5,2,2022-07-14 09:08:19
1657789699773061000,92.4,1,92.4,57,92.6,5,2,2022-07-14 09:08:19
1657789699852454000,92.4,2,92.4,55,92.6,5,2,2022-07-14 09:08:19
1657789699908731000,92.4,2,92.4,53,92.6,5,2,2022-07-14 09:08:19
1657789700786618000,92.5,1,92.4,64,92.5,1,1,2022-07-14 09:08:20
1657789701149388000,92.5,2,92.4,62,92.5,18,1,2022-07-14 09:08:21
1657789702081267000,92.4,1,92.4,64,92.5,18,2,2022-07-14 09:08:22
1657789702160703000,92.5,5,92.4,64,92.5,13,1,2022-07-14 09:08:22
1657789703018417000,92.5,1,92.4,70,92.5,12,1,2022-07-14 09:08:23
1657789703026750000,92.5,1,92.4,70,92.5,11,1,2022-07-14 09:08:23
1657789703220226000,92.4,1,92.4,69,92.5,11,2,2022-07-14 09:08:23
1657789703232668000,92.4,1,92.4,68,92.5,11,2,2022-07-14 09:08:23
1657789703288872000,92.4,1,92.4,67,92.5,11,2,2022-07-14 09:08:23
1657789703827102000,92.5,2,92.4,70,92.5,9,1,2022-07-14 09:08:23
1657789704049783000,92.5,1,92.4,71,92.5,8,1,2022-07-14 09:08:24
1657789704553519000,92.5,1,92.4,73,92.5,7,1,2022-07-14 09:08:24
1657789704687188000,92.5,1,92.4,73,92.5,6,1,2022-07-14 09:08:24
1657789704902611000,92.5,6,92.4,73,92.6,25,1,2022-07-14 09:08:24
1657789705037819000,92.4,2,92.4,71,92.6,25,2,2022-07-14 09:08:25
1657789705575905000,92.5,1,92.4,71,92.5,1,2,2022-07-14 09:08:25
1657789706835172000,92.5,1,92.4,75,92.6,25,1,2022-07-14 09:08:26
1657789707152812000,92.5,1,92.4,80,92.6,25,1,2022-07-14 09:08:27
1657789708875723000,92.5,1,92.5,1,92.6,25,2,2022-07-14 09:08:28
1657789710460194000,92.5,2,92.5,9,92.6,27,2,2022-07-14 09:08:30
1657789710491909000,92.5,1,92.5,8,92.6,27,2,2022-07-14 09:08:30
1657789710628385000,92.5,1,92.5,7,92.6,27,2,2022-07-14 09:08:30
1657789712624422000,92.5,9,92.4,93,92.5,1,2,2022-07-14 09:08:32
1657789712647145000,92.5,1,92.4,93,92.6,27,1,2022-07-14 09:08:32
1657789713305383000,92.5,2,92.5,2,92.6,27,2,2022-07-14 09:08:33
1657789713634010000,92.5,1,92.4,103,92.5,2,1,2022-07-14 09:08:33
1657789713666145000,92.5,1,92.4,103,92.5,1,1,2022-07-14 09:08:33
1657789714160622000,92.5,1,92.4,103,92.6,27,1,2022-07-14 09:08:34
1657789714166534000,92.6,1,92.4,103,92.6,26,1,2022-07-14 09:08:34
1657789714449850000,92.5,2,92.5,1,92.6,26,1,2022-07-14 09:08:34
1657789714455910000,92.5,1,92.4,103,92.6,26,2,2022-07-14 09:08:34
1657789714771382000,92.5,1,92.4,103,92.6,26,1,2022-07-14 09:08:34
1657789714786508000,92.4,10,92.4,93,92.6,26,2,2022-07-14 09:08:34
1657789715162113000,92.5,1,92.4,93,92.5,1,1,2022-07-14 09:08:35
1657789716222824000,92.5,1,92.4,94,92.5,1,1,2022-07-14 09:08:36
1657789716311645000,92.5,1,92.4,94,92.6,25,1,2022-07-14 09:08:36
1657789716350007000,92.4,3,92.4,91,92.6,25,2,2022-07-14 09:08:36
1657789716795961000,92.5,1,92.4,91,92.5,2,1,2022-07-14 09:08:36
1657789717503947000,92.5,1,92.4,91,92.5,6,1,2022-07-14 09:08:37
1657789718118937000,92.5,3,92.4,95,92.5,3,1,2022-07-14 09:08:38
1657789718289616000,92.5,1,92.4,95,92.5,2,1,2022-07-14 09:08:38
1657789718553368000,92.5,1,92.4,95,92.5,2,1,2022-07-14 09:08:38
1657789719336546000,92.5,1,92.4,96,92.5,6,1,2022-07-14 09:08:39
1657789719516417000,92.5,3,92.4,97,92.5,3,1,2022-07-14 09:08:39
1657789719601592000,92.5,2,92.4,97,92.5,1,1,2022-07-14 09:08:39
1657789719619783000,92.5,1,92.5,1,92.6,25,1,2022-07-14 09:08:39
1657789721182603000,92.5,1,92.5,5,92.6,30,2,2022-07-14 09:08:41
1657789723088527000,92.5,1,92.5,8,92.6,29,2,2022-07-14 09:08:43
1657789724010026000,92.5,1,92.5,9,92.6,29,2,2022-07-14 09:08:44
1657789724032610000,92.6,1,92.5,9,92.6,28,1,2022-07-14 09:08:44
1657789727470517000,92.6,2,92.5,14,92.6,26,1,2022-07-14 09:08:47
1657789728687349000,92.5,2,92.5,20,92.6,26,2,2022-07-14 09:08:48
1657789728858435000,92.5,1,92.5,22,92.6,26,2,2022-07-14 09:08:48
1657789730186848000,92.5,1,92.5,25,92.6,26,2,2022-07-14 09:08:50
1657789732632187000,92.5,2,92.5,29,92.6,26,2,2022-07-14 09:08:52
1657789733978831000,92.6,1,92.5,33,92.6,26,1,2022-07-14 09:08:53
1657789734389225000,92.6,3,92.5,33,92.6,23,1,2022-07-14 09:08:54
1657789734898317000,92.6,1,92.5,47,92.6,22,1,2022-07-14 09:08:54
1657789734928371000,92.6,22,92.5,47,92.6,23,1,2022-07-14 09:08:54
1657789735044228000,92.5,7,92.5,40,92.7,40,2,2022-07-14 09:08:55
1657789735633067000,92.5,1,92.5,39,92.7,40,2,2022-07-14 09:08:55
1657789737204485000,92.6,1,92.6,2,92.7,40,2,2022-07-14 09:08:57
1657789737471404000,92.7,2,92.6,1,92.7,38,1,2022-07-14 09:08:57
1657789740146514000,92.7,5,92.6,13,92.7,34,1,2022-07-14 09:09:00
1657789740844407000,92.6,1,92.6,13,92.7,34,2,2022-07-14 09:09:00
1657789743889514000,92.7,1,92.6,15,92.7,33,1,2022-07-14 09:09:03
1657789745366178000,92.6,1,92.6,18,92.7,33,2,2022-07-14 09:09:05
1657789745636367000,92.6,1,92.6,17,92.7,33,2,2022-07-14 09:09:05
1657789745708865000,92.6,1,92.6,16,92.7,33,2,2022-07-14 09:09:05
1657789746279271000,92.7,1,92.6,17,92.7,32,1,2022-07-14 09:09:06
1657789746720098000,92.7,10,92.6,18,92.7,22,1,2022-07-14 09:09:06
1657789746737214000,92.7,4,92.6,18,92.7,32,1,2022-07-14 09:09:06
1657789747257625000,92.7,1,92.6,19,92.7,17,1,2022-07-14 09:09:07
1657789747279852000,92.7,3,92.6,19,92.7,14,1,2022-07-14 09:09:07
1657789747687124000,92.7,6,92.6,25,92.7,8,1,2022-07-14 09:09:07
1657789747718276000,92.7,7,92.6,25,92.7,1,1,2022-07-14 09:09:07
1657789747741435000,92.7,1,92.7,1,92.8,20,1,2022-07-14 09:09:07
1657789747761001000,92.7,1,92.6,25,92.8,20,2,2022-07-14 09:09:07
1657789749723685000,92.8,1,92.7,47,92.8,19,1,2022-07-14 09:09:09
1657789749747170000,92.7,1,92.7,46,92.8,19,2,2022-07-14 09:09:09
1657789750261624000,92.8,1,92.7,48,92.8,18,1,2022-07-14 09:09:10
1657789750343912000,92.7,5,92.7,48,92.8,19,2,2022-07-14 09:09:10
1657789752757141000,92.7,1,92.7,47,92.8,18,2,2022-07-14 09:09:12
1657789752932616000,92.8,1,92.7,48,92.8,17,1,2022-07-14 09:09:12
1657789755025660000,92.8,1,92.7,18,92.8,17,1,2022-07-14 09:09:15
1657789755646531000,92.8,1,92.7,18,92.8,16,1,2022-07-14 09:09:15
1657789756845108000,92.8,1,92.7,19,92.8,16,1,2022-07-14 09:09:16
1657789757641006000,92.8,2,92.7,20,92.8,14,1,2022-07-14 09:09:17
1657789757982389000,92.8,2,92.7,20,92.8,12,1,2022-07-14 09:09:17
1657789758179787000,92.8,1,92.7,20,92.8,11,1,2022-07-14 09:09:18
1657789759099720000,92.8,1,92.7,21,92.8,10,1,2022-07-14 09:09:19
1657789759191722000,92.8,1,92.7,21,92.8,9,1,2022-07-14 09:09:19
1657789759329098000,92.8,1,92.7,21,92.8,13,1,2022-07-14 09:09:19
1657789759344020000,92.8,2,92.7,21,92.8,11,1,2022-07-14 09:09:19
1657789759348417000,92.8,1,92.7,21,92.8,10,1,2022-07-14 09:09:19
1657789759572727000,92.8,1,92.7,21,92.8,9,1,2022-07-14 09:09:19
1657789759902557000,92.8,5,92.7,21,92.8,4,1,2022-07-14 09:09:19
1657789759956979000,92.8,2,92.7,21,92.8,2,1,2022-07-14 09:09:19
1657789760298379000,92.8,2,92.8,1,92.9,28,1,2022-07-14 09:09:20
1657789760508952000,92.8,1,92.7,22,92.9,28,2,2022-07-14 09:09:20
1657789764422721000,92.8,10,92.8,1,92.9,28,2,2022-07-14 09:09:24
1657789764434033000,92.8,1,92.7,11,92.9,28,2,2022-07-14 09:09:24
1657789764434033000,92.7,9,92.7,11,92.9,28,2,2022-07-14 09:09:24
1657789764463284000,92.9,2,92.7,11,92.9,26,1,2022-07-14 09:09:24
1657789764675406000,92.7,1,92.7,11,92.8,3,2,2022-07-14 09:09:24
1657789765715014000,92.8,3,92.8,2,92.9,26,1,2022-07-14 09:09:25
1657789765738686000,92.8,2,92.7,12,92.9,26,2,2022-07-14 09:09:25
1657789767454443000,92.8,1,92.7,12,92.8,4,1,2022-07-14 09:09:27
1657789767678043000,92.8,2,92.7,12,92.8,2,1,2022-07-14 09:09:27
1657789770702139000,92.8,4,92.7,38,92.8,2,1,2022-07-14 09:09:30
1657789771101809000,92.8,1,92.7,38,92.8,1,1,2022-07-14 09:09:31
1657789771212295000,92.8,1,92.7,38,92.9,32,1,2022-07-14 09:09:31
1657789775283220000,92.8,1,92.7,42,92.8,15,1,2022-07-14 09:09:35
1657789775491233000,92.8,1,92.7,42,92.8,19,1,2022-07-14 09:09:35
1657789775613154000,92.8,2,92.7,52,92.8,17,1,2022-07-14 09:09:35
1657789776547886000,92.7,1,92.7,51,92.8,17,2,2022-07-14 09:09:36
1657789776643068000,92.8,1,92.7,51,92.8,16,1,2022-07-14 09:09:36
1657789776733368000,92.8,1,92.7,50,92.8,15,1,2022-07-14 09:09:36
1657789776759008000,92.7,1,92.7,49,92.8,15,2,2022-07-14 09:09:36
1657789777713018000,92.8,1,92.7,60,92.8,16,1,2022-07-14 09:09:37
1657789779230510000,92.7,1,92.7,60,92.8,21,2,2022-07-14 09:09:39
1657789779537301000,92.7,1,92.7,60,92.8,21,2,2022-07-14 09:09:39
1657789779769891000,92.7,1,92.7,59,92.8,21,2,2022-07-14 09:09:39
1657789780114032000,92.8,1,92.7,59,92.8,20,1,2022-07-14 09:09:40
1657789780581072000,92.7,1,92.7,58,92.8,20,2,2022-07-14 09:09:40
1657789780814622000,92.7,1,92.7,56,92.8,20,2,2022-07-14 09:09:40
1657789780900597000,92.7,2,92.7,57,92.8,20,2,2022-07-14 09:09:40
1657789781569926000,92.7,1,92.7,53,92.8,20,2,2022-07-14 09:09:41
