symbol,datetime,NaOb_r,NbOa_r,NaOb_s,NbOa_s,bid1,ask1,odd_bid1,odd_ask11,bidQty1,askQty1,odd_bidQty1,odd_ask1Qty1,triggerbyOdd
006208,2022-10-21 09:34:14.688888,0.0,-0.002624671916010457,0.0,-0.14999999999999858,57.0,57.1,57.1,57.15,105.0,75.0,5917.0,951.0,True
006208,2022-10-21 09:34:15.494223,0.0,-0.002624671916010457,0.0,-0.14999999999999858,57.0,57.1,57.1,57.15,6.0,75.0,5917.0,951.0,False
006208,2022-10-21 09:34:15.531712,0.0,-0.002624671916010457,0.0,-0.14999999999999858,57.0,57.1,57.1,57.15,6.0,115.0,5917.0,951.0,False
006208,2022-10-21 09:34:15.899107,0.0,-0.002624671916010457,0.0,-0.14999999999999858,57.0,57.1,57.1,57.15,6.0,155.0,5917.0,951.0,False
006208,2022-10-21 09:34:16.080537,0.0,-0.002624671916010457,0.0,-0.14999999999999858,57.0,57.1,57.1,57.15,6.0,155.0,5917.0,951.0,False
006208,2022-10-21 09:34:16.087413,0.0,-0.002624671916010457,0.0,-0.14999999999999858,57.0,57.1,57.1,57.15,6.0,155.0,5917.0,951.0,False
006208,2022-10-21 09:34:16.092667,0.0,-0.002624671916010457,0.0,-0.14999999999999858,57.0,57.1,57.1,57.15,6.0,155.0,5917.0,951.0,False
006208,2022-10-21 09:34:16.495344,0.0,-0.002624671916010457,0.0,-0.14999999999999858,57.0,57.1,57.1,57.15,6.0,305.0,5917.0,951.0,False
006208,2022-10-21 09:34:16.495377,0.0,-0.002624671916010457,0.0,-0.14999999999999858,57.0,57.1,57.1,57.15,6.0,305.0,5917.0,951.0,False
006208,2022-10-21 09:34:17.407992,0.0,-0.002624671916010457,0.0,-0.14999999999999858,57.0,57.1,57.1,57.15,6.0,305.0,5917.0,951.0,False
006208,2022-10-21 09:34:17.408010,0.0,-0.002624671916010457,0.0,-0.14999999999999858,57.0,57.1,57.1,57.15,6.0,305.0,5917.0,951.0,False
006208,2022-10-21 09:34:18.917930,0.0,-0.002624671916010457,0.0,-0.14999999999999858,57.0,57.1,57.1,57.15,6.0,305.0,5917.0,951.0,False
006208,2022-10-21 09:34:18.928271,0.0,-0.002624671916010457,0.0,-0.14999999999999858,57.0,57.1,57.1,57.15,6.0,305.0,5917.0,951.0,False
006208,2022-10-21 09:34:19.863704,0.0,-0.002624671916010457,0.0,-0.14999999999999858,57.0,57.1,57.1,57.15,6.0,305.0,5917.0,951.0,False
006208,2022-10-21 09:34:20.869978,0.0,-0.002624671916010457,0.0,-0.14999999999999858,57.0,57.1,57.1,57.15,6.0,305.0,5917.0,951.0,False
006208,2022-10-21 09:34:20.964379,0.0,-0.002624671916010457,0.0,-0.14999999999999858,57.0,57.1,57.1,57.15,6.0,305.0,5917.0,951.0,False
006208,2022-10-21 09:34:21.016417,0.0,-0.002624671916010457,0.0,-0.14999999999999858,57.0,57.1,57.1,57.15,6.0,305.0,5917.0,951.0,False
006208,2022-10-21 09:34:22.071081,0.0,-0.002624671916010457,0.0,-0.14999999999999858,57.0,57.1,57.1,57.15,6.0,305.0,5917.0,951.0,False
006208,2022-10-21 09:34:22.077715,0.0,-0.002624671916010457,0.0,-0.14999999999999858,57.0,57.1,57.1,57.15,6.0,305.0,5917.0,951.0,False
006208,2022-10-21 09:34:22.207279,0.0,-0.002624671916010457,0.0,-0.14999999999999858,57.0,57.1,57.1,57.15,6.0,305.0,5917.0,951.0,False
006208,2022-10-21 09:34:22.209846,0.0,-0.002624671916010457,0.0,-0.14999999999999858,57.0,57.1,57.1,57.15,6.0,305.0,5917.0,951.0,False
006208,2022-10-21 09:34:24.724476,0.0,-0.002624671916010457,0.0,-0.14999999999999858,57.0,57.1,57.1,57.15,6.0,305.0,6179.0,951.0,True
006208,2022-10-21 09:34:24.955724,0.0,-0.002624671916010457,0.0,-0.14999999999999858,57.0,57.1,57.1,57.15,6.0,305.0,6179.0,951.0,False
006208,2022-10-21 09:34:25.234317,0.0,-0.002624671916010457,0.0,-0.14999999999999858,57.0,57.1,57.1,57.15,6.0,305.0,6179.0,951.0,False
006208,2022-10-21 09:34:25.453877,0.0,-0.002624671916010457,0.0,-0.14999999999999858,57.0,57.1,57.1,57.15,6.0,359.0,6179.0,951.0,False
006208,2022-10-21 09:34:26.007034,0.0,-0.002624671916010457,0.0,-0.14999999999999858,57.0,57.1,57.1,57.15,6.0,359.0,6179.0,951.0,False
006208,2022-10-21 09:34:26.096380,0.0,-0.002624671916010457,0.0,-0.14999999999999858,57.0,57.1,57.1,57.15,6.0,359.0,6179.0,951.0,False
006208,2022-10-21 09:34:26.618815,0.0,-0.002624671916010457,0.0,-0.14999999999999858,57.0,57.1,57.1,57.15,6.0,359.0,6179.0,951.0,False
006208,2022-10-21 09:34:31.542798,0.0,-0.002624671916010457,0.0,-0.14999999999999858,57.0,57.1,57.1,57.15,6.0,359.0,6179.0,951.0,False
006208,2022-10-21 09:34:31.573902,0.0,-0.002624671916010457,0.0,-0.14999999999999858,57.0,57.1,57.1,57.15,6.0,305.0,6179.0,951.0,False
006208,2022-10-21 09:34:32.196241,0.0,-0.002624671916010457,0.0,-0.14999999999999858,57.0,57.1,57.1,57.15,6.0,305.0,6179.0,951.0,False
006208,2022-10-21 09:34:32.204283,0.0,-0.002624671916010457,0.0,-0.14999999999999858,57.0,57.1,57.1,57.15,6.0,305.0,6179.0,951.0,False
006208,2022-10-21 09:34:32.343784,0.0,-0.002624671916010457,0.0,-0.14999999999999858,57.0,57.1,57.1,57.15,6.0,305.0,6179.0,951.0,False
006208,2022-10-21 09:34:33.938642,0.0,-0.002624671916010457,0.0,-0.14999999999999858,57.0,57.1,57.1,57.15,6.0,305.0,6179.0,951.0,False
006208,2022-10-21 09:34:33.978515,0.0,-0.002624671916010457,0.0,-0.14999999999999858,57.0,57.1,57.1,57.15,6.0,325.0,6179.0,951.0,False
006208,2022-10-21 09:34:34.041929,0.0,-0.002624671916010457,0.0,-0.14999999999999858,57.0,57.1,57.1,57.15,6.0,325.0,6179.0,951.0,False
006208,2022-10-21 09:34:34.076472,0.0,-0.002624671916010457,0.0,-0.14999999999999858,57.0,57.1,57.1,57.15,6.0,325.0,6179.0,951.0,False
006208,2022-10-21 09:34:34.142618,0.0,-0.002624671916010457,0.0,-0.14999999999999858,57.0,57.1,57.1,57.15,6.0,325.0,6179.0,951.0,False
006208,2022-10-21 09:34:34.286735,0.0,-0.002624671916010457,0.0,-0.14999999999999858,57.0,57.1,57.1,57.15,6.0,325.0,6179.0,951.0,False
006208,2022-10-21 09:34:34.763790,0.0,-0.002624671916010457,0.0,-0.14999999999999858,57.0,57.1,57.1,57.15,6.0,325.0,6179.0,851.0,True
006208,2022-10-21 09:34:35.377165,0.0,-0.002624671916010457,0.0,-0.14999999999999858,57.0,57.1,57.1,57.15,6.0,325.0,6179.0,851.0,False
006208,2022-10-21 09:34:36.519560,0.0,-0.002624671916010457,0.0,-0.14999999999999858,57.0,57.1,57.1,57.15,6.0,305.0,6179.0,851.0,False
006208,2022-10-21 09:34:36.530130,0.0,-0.002624671916010457,0.0,-0.14999999999999858,57.0,57.1,57.1,57.15,6.0,305.0,6179.0,851.0,False
006208,2022-10-21 09:34:37.291455,0.0,-0.002624671916010457,0.0,-0.14999999999999858,57.0,57.1,57.1,57.15,6.0,304.0,6179.0,851.0,False
006208,2022-10-21 09:34:38.355987,0.0,-0.002624671916010457,0.0,-0.14999999999999858,57.0,57.1,57.1,57.15,6.0,304.0,6179.0,851.0,False
006208,2022-10-21 09:34:38.403487,0.0,-0.002624671916010457,0.0,-0.14999999999999858,57.0,57.1,57.1,57.15,81.0,114.0,6179.0,851.0,False
006208,2022-10-21 09:34:39.162568,0.0,-0.002624671916010457,0.0,-0.14999999999999858,57.0,57.1,57.1,57.15,81.0,114.0,6179.0,851.0,False
006208,2022-10-21 09:34:39.382446,0.0,-0.002624671916010457,0.0,-0.14999999999999858,57.0,57.1,57.1,57.15,181.0,114.0,6179.0,851.0,False
006208,2022-10-21 09:34:42.332680,0.0,-0.002624671916010457,0.0,-0.14999999999999858,57.0,57.1,57.1,57.15,181.0,114.0,6179.0,851.0,False
006208,2022-10-21 09:34:42.335177,0.0,-0.002624671916010457,0.0,-0.14999999999999858,57.0,57.1,57.1,57.15,181.0,114.0,6179.0,851.0,False
006208,2022-10-21 09:34:42.468873,0.0,-0.002624671916010457,0.0,-0.14999999999999858,57.0,57.1,57.1,57.15,181.0,114.0,6179.0,851.0,False
006208,2022-10-21 09:34:42.808345,0.0,-0.002624671916010457,0.0,-0.14999999999999858,57.0,57.1,57.1,57.15,181.0,114.0,6179.0,851.0,False
006208,2022-10-21 09:34:42.828694,0.0,-0.002624671916010457,0.0,-0.14999999999999858,57.0,57.1,57.1,57.15,181.0,114.0,6179.0,851.0,False
006208,2022-10-21 09:34:44.803173,0.0,-0.002624671916010457,0.0,-0.14999999999999858,57.0,57.1,57.1,57.15,181.0,114.0,6267.0,851.0,True
006208,2022-10-21 09:34:45.877559,0.0,-0.002624671916010457,0.0,-0.14999999999999858,57.0,57.1,57.1,57.15,106.0,114.0,6267.0,851.0,False
006208,2022-10-21 09:34:45.903707,0.0,-0.002624671916010457,0.0,-0.14999999999999858,57.0,57.1,57.1,57.15,6.0,114.0,6267.0,851.0,False
006208,2022-10-21 09:34:46.760595,0.0,-0.002624671916010457,0.0,-0.14999999999999858,57.0,57.1,57.1,57.15,6.0,114.0,6267.0,851.0,False
006208,2022-10-21 09:34:46.827934,0.0,-0.002624671916010457,0.0,-0.14999999999999858,57.0,57.1,57.1,57.15,6.0,154.0,6267.0,851.0,False
006208,2022-10-21 09:34:46.895104,0.0,-0.002624671916010457,0.0,-0.14999999999999858,57.0,57.1,57.1,57.15,6.0,304.0,6267.0,851.0,False
006208,2022-10-21 09:34:47.145356,0.0,-0.002624671916010457,0.0,-0.14999999999999858,57.0,57.1,57.1,57.15,6.0,304.0,6267.0,851.0,False
006208,2022-10-21 09:34:47.174336,0.0,-0.002624671916010457,0.0,-0.14999999999999858,57.0,57.1,57.1,57.15,6.0,304.0,6267.0,851.0,False
006208,2022-10-21 09:34:52.393127,0.0,-0.002624671916010457,0.0,-0.14999999999999858,57.0,57.1,57.1,57.15,6.0,304.0,6267.0,851.0,False
006208,2022-10-21 09:34:52.399819,0.0,-0.002624671916010457,0.0,-0.14999999999999858,57.0,57.1,57.1,57.15,6.0,304.0,6267.0,851.0,False
006208,2022-10-21 09:34:52.533368,0.0,-0.002624671916010457,0.0,-0.14999999999999858,57.0,57.1,57.1,57.15,6.0,304.0,6267.0,851.0,False
006208,2022-10-21 09:34:53.570524,0.0,-0.002624671916010457,0.0,-0.14999999999999858,57.0,57.1,57.1,57.15,6.0,264.0,6267.0,851.0,False
006208,2022-10-21 09:34:53.594526,0.0,-0.002624671916010457,0.0,-0.14999999999999858,57.0,57.1,57.1,57.15,6.0,114.0,6267.0,851.0,False
006208,2022-10-21 09:34:54.589706,0.0,-0.002624671916010457,0.0,-0.14999999999999858,57.0,57.1,57.1,57.15,6.0,264.0,6267.0,851.0,False
006208,2022-10-21 09:34:54.598929,0.0,-0.002624671916010457,0.0,-0.14999999999999858,57.0,57.1,57.1,57.15,6.0,304.0,6267.0,851.0,False
006208,2022-10-21 09:34:54.956560,0.0,-0.002624671916010457,0.0,-0.14999999999999858,57.0,57.1,57.1,57.15,6.0,264.0,6267.0,851.0,False
006208,2022-10-21 09:34:54.978157,0.0,-0.002624671916010457,0.0,-0.14999999999999858,57.0,57.1,57.1,57.15,6.0,264.0,6617.0,851.0,True
006208,2022-10-21 09:34:55.816633,0.0,-0.002624671916010457,0.0,-0.14999999999999858,57.0,57.1,57.1,57.15,6.0,264.0,6617.0,851.0,False
006208,2022-10-21 09:34:56.208636,0.0,-0.002624671916010457,0.0,-0.14999999999999858,57.0,57.1,57.1,57.15,6.0,318.0,6617.0,851.0,False
006208,2022-10-21 09:34:57.982398,0.0,-0.002624671916010457,0.0,-0.14999999999999858,57.0,57.1,57.1,57.15,6.0,318.0,6617.0,851.0,False
006208,2022-10-21 09:34:58.004922,0.0,-0.002624671916010457,0.0,-0.14999999999999858,57.0,57.1,57.1,57.15,6.0,264.0,6617.0,851.0,False
006208,2022-10-21 09:34:58.128686,0.0,-0.002624671916010457,0.0,-0.14999999999999858,57.0,57.1,57.1,57.15,6.0,305.0,6617.0,851.0,False
006208,2022-10-21 09:35:00.252758,0.0,-0.002624671916010457,0.0,-0.14999999999999858,57.0,57.1,57.1,57.15,6.0,305.0,6617.0,851.0,False
006208,2022-10-21 09:35:00.282185,0.0,-0.002624671916010457,0.0,-0.14999999999999858,57.0,57.1,57.1,57.15,6.0,305.0,6617.0,851.0,False
006208,2022-10-21 09:35:02.463551,0.0,-0.002624671916010457,0.0,-0.14999999999999858,57.0,57.1,57.1,57.15,6.0,305.0,6617.0,851.0,False
006208,2022-10-21 09:35:02.468676,0.0,-0.002624671916010457,0.0,-0.14999999999999858,57.0,57.1,57.1,57.15,6.0,305.0,6617.0,851.0,False
006208,2022-10-21 09:35:02.603280,0.0,-0.002624671916010457,0.0,-0.14999999999999858,57.0,57.1,57.1,57.15,6.0,305.0,6617.0,851.0,False
006208,2022-10-21 09:35:05.177076,0.0,-0.002624671916010457,0.0,-0.14999999999999858,57.0,57.1,57.1,57.15,6.0,305.0,6547.0,359.0,True
006208,2022-10-21 09:35:05.364119,0.0,-0.002624671916010457,0.0,-0.14999999999999858,57.0,57.1,57.1,57.15,6.0,305.0,6547.0,359.0,False
006208,2022-10-21 09:35:05.380181,0.0,-0.002624671916010457,0.0,-0.14999999999999858,57.0,57.1,57.1,57.15,6.0,345.0,6547.0,359.0,False
006208,2022-10-21 09:35:05.847467,0.0,-0.002624671916010457,0.0,-0.14999999999999858,57.0,57.1,57.1,57.15,6.0,325.0,6547.0,359.0,False
006208,2022-10-21 09:35:05.847776,0.0,-0.002624671916010457,0.0,-0.14999999999999858,57.0,57.1,57.1,57.15,6.0,325.0,6547.0,359.0,False
006208,2022-10-21 09:35:07.369063,0.0,-0.002624671916010457,0.0,-0.14999999999999858,57.0,57.1,57.1,57.15,6.0,325.0,6547.0,359.0,False
006208,2022-10-21 09:35:07.369223,0.0,-0.002624671916010457,0.0,-0.14999999999999858,57.0,57.1,57.1,57.15,6.0,325.0,6547.0,359.0,False
006208,2022-10-21 09:35:07.620726,0.0,-0.002624671916010457,0.0,-0.14999999999999858,57.0,57.1,57.1,57.15,6.0,325.0,6547.0,359.0,False
006208,2022-10-21 09:35:07.638638,0.0,-0.002624671916010457,0.0,-0.14999999999999858,57.0,57.1,57.1,57.15,6.0,305.0,6547.0,359.0,False
006208,2022-10-21 09:35:09.213003,0.0,-0.002624671916010457,0.0,-0.14999999999999858,57.0,57.1,57.1,57.15,6.0,305.0,6547.0,359.0,False
006208,2022-10-21 09:35:09.222917,0.0,-0.002624671916010457,0.0,-0.14999999999999858,57.0,57.1,57.1,57.15,6.0,325.0,6547.0,359.0,False
006208,2022-10-21 09:35:09.232203,0.0,-0.002624671916010457,0.0,-0.14999999999999858,57.0,57.1,57.1,57.15,6.0,345.0,6547.0,359.0,False
006208,2022-10-21 09:35:10.254274,0.0,-0.002624671916010457,0.0,-0.14999999999999858,57.0,57.1,57.1,57.15,6.0,345.0,6547.0,359.0,False
006208,2022-10-21 09:35:11.087301,0.0,-0.002624671916010457,0.0,-0.14999999999999858,57.0,57.1,57.1,57.15,6.0,345.0,6547.0,359.0,False
006208,2022-10-21 09:35:11.420012,0.0,-0.002624671916010457,0.0,-0.14999999999999858,57.0,57.1,57.1,57.15,6.0,345.0,6547.0,359.0,False
006208,2022-10-21 09:35:11.420491,0.0008764241893077784,-0.002624671916010457,0.05000000000000426,-0.14999999999999858,57.0,57.05,57.1,57.15,6.0,75.0,6547.0,359.0,False
006208,2022-10-21 09:35:11.495621,0.0008764241893077784,-0.002624671916010457,0.05000000000000426,-0.14999999999999858,57.0,57.05,57.1,57.15,6.0,75.0,6547.0,359.0,False
006208,2022-10-21 09:35:11.661381,0.0008764241893077784,-0.002624671916010457,0.05000000000000426,-0.14999999999999858,57.0,57.05,57.1,57.15,6.0,75.0,6547.0,359.0,False
006208,2022-10-21 09:35:12.093453,0.0008764241893077784,-0.002624671916010457,0.05000000000000426,-0.14999999999999858,57.0,57.05,57.1,57.15,6.0,75.0,6547.0,359.0,False
006208,2022-10-21 09:35:12.099040,0.0008764241893077784,-0.002624671916010457,0.05000000000000426,-0.14999999999999858,57.0,57.05,57.1,57.15,6.0,75.0,6547.0,359.0,False
006208,2022-10-21 09:35:12.381119,0.0008764241893077784,-0.002624671916010457,0.05000000000000426,-0.14999999999999858,57.0,57.05,57.1,57.15,6.0,75.0,6547.0,359.0,False
006208,2022-10-21 09:35:12.396009,0.0008764241893077784,-0.002624671916010457,0.05000000000000426,-0.14999999999999858,57.0,57.05,57.1,57.15,6.0,75.0,6547.0,359.0,False
006208,2022-10-21 09:35:12.575890,0.0008764241893077784,-0.002624671916010457,0.05000000000000426,-0.14999999999999858,57.0,57.05,57.1,57.15,6.0,75.0,6547.0,359.0,False
006208,2022-10-21 09:35:12.633405,0.0,-0.002624671916010457,0.0,-0.14999999999999858,57.0,57.1,57.1,57.15,6.0,366.0,6547.0,359.0,False
006208,2022-10-21 09:35:12.858403,0.0,-0.002624671916010457,0.0,-0.14999999999999858,57.0,57.1,57.1,57.15,6.0,326.0,6547.0,359.0,False
006208,2022-10-21 09:35:12.988385,0.0,-0.002624671916010457,0.0,-0.14999999999999858,57.0,57.1,57.1,57.15,6.0,326.0,6547.0,359.0,False
006208,2022-10-21 09:35:13.285523,0.0,-0.002624671916010457,0.0,-0.14999999999999858,57.0,57.1,57.1,57.15,6.0,326.0,6547.0,359.0,False
006208,2022-10-21 09:35:13.535781,0.0,-0.002624671916010457,0.0,-0.14999999999999858,57.0,57.1,57.1,57.15,6.0,380.0,6547.0,359.0,False
006208,2022-10-21 09:35:15.115956,0.0,-0.002624671916010457,0.0,-0.14999999999999858,57.0,57.1,57.1,57.15,6.0,380.0,6547.0,359.0,False
006208,2022-10-21 09:35:15.186263,0.0,-0.002624671916010457,0.0,-0.14999999999999858,57.0,57.1,57.1,57.15,6.0,380.0,6547.0,337.0,True
006208,2022-10-21 09:35:15.126170,0.0,-0.002624671916010457,0.0,-0.14999999999999858,57.0,57.1,57.1,57.15,6.0,380.0,6547.0,337.0,False
006208,2022-10-21 09:35:15.245297,0.0,-0.002624671916010457,0.0,-0.14999999999999858,57.0,57.1,57.1,57.15,6.0,380.0,6547.0,337.0,False
006208,2022-10-21 09:35:15.424758,0.0,-0.002624671916010457,0.0,-0.14999999999999858,57.0,57.1,57.1,57.15,6.0,360.0,6547.0,337.0,False
006208,2022-10-21 09:35:17.932096,0.0,-0.002624671916010457,0.0,-0.14999999999999858,57.0,57.1,57.1,57.15,6.0,360.0,6547.0,337.0,False
006208,2022-10-21 09:35:17.932315,0.0,-0.002624671916010457,0.0,-0.14999999999999858,57.0,57.1,57.1,57.15,6.0,360.0,6547.0,337.0,False
006208,2022-10-21 09:35:19.307049,0.0,-0.002624671916010457,0.0,-0.14999999999999858,57.0,57.1,57.1,57.15,6.0,320.0,6547.0,337.0,False
006208,2022-10-21 09:35:20.545681,0.0,-0.002624671916010457,0.0,-0.14999999999999858,57.0,57.1,57.1,57.15,6.0,360.0,6547.0,337.0,False
006208,2022-10-21 09:35:20.754283,0.0,-0.002624671916010457,0.0,-0.14999999999999858,57.0,57.1,57.1,57.15,6.0,360.0,6547.0,337.0,False
006208,2022-10-21 09:35:20.764095,0.0,-0.002624671916010457,0.0,-0.14999999999999858,57.0,57.1,57.1,57.15,6.0,380.0,6547.0,337.0,False
006208,2022-10-21 09:35:21.242345,0.0,-0.002624671916010457,0.0,-0.14999999999999858,57.0,57.1,57.1,57.15,6.0,380.0,6547.0,337.0,False
006208,2022-10-21 09:35:21.242442,0.0,-0.002624671916010457,0.0,-0.14999999999999858,57.0,57.1,57.1,57.15,6.0,400.0,6547.0,337.0,False
006208,2022-10-21 09:35:22.796123,0.0,-0.002624671916010457,0.0,-0.14999999999999858,57.0,57.1,57.1,57.15,6.0,400.0,6547.0,337.0,False
006208,2022-10-21 09:35:22.810468,0.0,-0.002624671916010457,0.0,-0.14999999999999858,57.0,57.1,57.1,57.15,6.0,400.0,6547.0,337.0,False
006208,2022-10-21 09:35:22.815028,0.0,-0.002624671916010457,0.0,-0.14999999999999858,57.0,57.1,57.1,57.15,6.0,346.0,6547.0,337.0,False
006208,2022-10-21 09:35:22.971050,0.0,-0.002624671916010457,0.0,-0.14999999999999858,57.0,57.1,57.1,57.15,6.0,346.0,6547.0,337.0,False
006208,2022-10-21 09:35:23.101428,0.0,-0.002624671916010457,0.0,-0.14999999999999858,57.0,57.1,57.1,57.15,6.0,346.0,6547.0,337.0,False
006208,2022-10-21 09:35:25.113308,0.0,-0.002624671916010457,0.0,-0.14999999999999858,57.0,57.1,57.1,57.15,6.0,346.0,6547.0,337.0,False
006208,2022-10-21 09:35:25.204659,0.0,-0.002624671916010457,0.0,-0.14999999999999858,57.0,57.1,57.1,57.15,6.0,346.0,6547.0,206.0,True
006208,2022-10-21 09:35:26.024714,0.0,-0.002624671916010457,0.0,-0.14999999999999858,57.0,57.1,57.1,57.15,6.0,346.0,6547.0,206.0,False
006208,2022-10-21 09:35:26.513138,0.0,-0.002624671916010457,0.0,-0.14999999999999858,57.0,57.1,57.1,57.15,6.0,346.0,6547.0,206.0,False
006208,2022-10-21 09:35:26.546607,0.0,-0.002624671916010457,0.0,-0.14999999999999858,57.0,57.1,57.1,57.15,6.0,346.0,6547.0,206.0,False
006208,2022-10-21 09:35:26.711681,0.0,-0.002624671916010457,0.0,-0.14999999999999858,57.0,57.1,57.1,57.15,6.0,346.0,6547.0,206.0,False
006208,2022-10-21 09:35:28.523707,0.0,-0.002624671916010457,0.0,-0.14999999999999858,57.0,57.1,57.1,57.15,6.0,346.0,6547.0,206.0,False
006208,2022-10-21 09:35:30.742492,0.0,-0.002624671916010457,0.0,-0.14999999999999858,57.0,57.1,57.1,57.15,6.0,346.0,6547.0,206.0,False
006208,2022-10-21 09:35:30.904051,0.0,-0.002624671916010457,0.0,-0.14999999999999858,57.0,57.1,57.1,57.15,6.0,346.0,6547.0,206.0,False
006208,2022-10-21 09:35:30.998696,0.0,-0.002624671916010457,0.0,-0.14999999999999858,57.0,57.1,57.1,57.15,6.0,400.0,6547.0,206.0,False
006208,2022-10-21 09:35:33.073784,0.0,-0.002624671916010457,0.0,-0.14999999999999858,57.0,57.1,57.1,57.15,6.0,400.0,6547.0,206.0,False
006208,2022-10-21 09:35:33.077608,0.0,-0.002624671916010457,0.0,-0.14999999999999858,57.0,57.1,57.1,57.15,6.0,400.0,6547.0,206.0,False
006208,2022-10-21 09:35:33.212820,0.0,-0.002624671916010457,0.0,-0.14999999999999858,57.0,57.1,57.1,57.15,6.0,400.0,6547.0,206.0,False
006208,2022-10-21 09:35:34.231196,0.0,-0.002624671916010457,0.0,-0.14999999999999858,57.0,57.1,57.1,57.15,6.0,400.0,6547.0,206.0,False
006208,2022-10-21 09:35:34.504355,0.0,-0.002624671916010457,0.0,-0.14999999999999858,57.0,57.1,57.1,57.15,6.0,400.0,6547.0,206.0,False
006208,2022-10-21 09:35:34.891889,0.0,-0.002624671916010457,0.0,-0.14999999999999858,57.0,57.1,57.1,57.15,5.0,400.0,6547.0,206.0,False
006208,2022-10-21 09:35:35.228612,0.0,-0.002624671916010457,0.0,-0.14999999999999858,57.0,57.1,57.1,57.15,5.0,400.0,6547.0,456.0,True
006208,2022-10-21 09:35:37.014306,0.0,-0.002624671916010457,0.0,-0.14999999999999858,57.0,57.1,57.1,57.15,5.0,400.0,6547.0,456.0,False
006208,2022-10-21 09:35:37.025394,0.0,-0.002624671916010457,0.0,-0.14999999999999858,57.0,57.1,57.1,57.15,5.0,360.0,6547.0,456.0,False
006208,2022-10-21 09:35:40.692262,0.0,-0.002624671916010457,0.0,-0.14999999999999858,57.0,57.1,57.1,57.15,5.0,360.0,6547.0,456.0,False
006208,2022-10-21 09:35:40.702493,0.0,-0.002624671916010457,0.0,-0.14999999999999858,57.0,57.1,57.1,57.15,5.0,400.0,6547.0,456.0,False
006208,2022-10-21 09:35:43.197609,0.0,-0.002624671916010457,0.0,-0.14999999999999858,57.0,57.1,57.1,57.15,5.0,400.0,6547.0,456.0,False
006208,2022-10-21 09:35:43.204267,0.0,-0.002624671916010457,0.0,-0.14999999999999858,57.0,57.1,57.1,57.15,5.0,400.0,6547.0,456.0,False
006208,2022-10-21 09:35:43.340260,0.0,-0.002624671916010457,0.0,-0.14999999999999858,57.0,57.1,57.1,57.15,5.0,400.0,6547.0,456.0,False
006208,2022-10-21 09:35:45.262220,0.0,-0.002624671916010457,0.0,-0.14999999999999858,57.0,57.1,57.1,57.15,5.0,400.0,6597.0,456.0,True
006208,2022-10-21 09:35:47.336403,0.0,-0.002624671916010457,0.0,-0.14999999999999858,57.0,57.1,57.1,57.15,5.0,400.0,6597.0,456.0,False
006208,2022-10-21 09:35:48.315890,0.0,-0.002624671916010457,0.0,-0.14999999999999858,57.0,57.1,57.1,57.15,5.0,400.0,6597.0,456.0,False
006208,2022-10-21 09:35:49.710779,0.0,-0.002624671916010457,0.0,-0.14999999999999858,57.0,57.1,57.1,57.15,4.0,400.0,6597.0,456.0,False
006208,2022-10-21 09:35:53.319856,0.0,-0.002624671916010457,0.0,-0.14999999999999858,57.0,57.1,57.1,57.15,4.0,400.0,6597.0,456.0,False
006208,2022-10-21 09:35:53.323584,0.0,-0.002624671916010457,0.0,-0.14999999999999858,57.0,57.1,57.1,57.15,4.0,400.0,6597.0,456.0,False
006208,2022-10-21 09:35:53.504612,0.0008764241893077784,-0.002624671916010457,0.05000000000000426,-0.14999999999999858,57.0,57.05,57.1,57.15,4.0,75.0,6597.0,456.0,False
006208,2022-10-21 09:35:53.762665,0.0008764241893077784,-0.002624671916010457,0.05000000000000426,-0.14999999999999858,57.0,57.05,57.1,57.15,4.0,75.0,6597.0,456.0,False
006208,2022-10-21 09:35:53.796935,0.0008764241893077784,-0.002624671916010457,0.05000000000000426,-0.14999999999999858,57.0,57.05,57.1,57.15,4.0,75.0,6597.0,456.0,False
006208,2022-10-21 09:35:54.797272,0.0008764241893077784,-0.002624671916010457,0.05000000000000426,-0.14999999999999858,57.0,57.05,57.1,57.15,4.0,225.0,6597.0,456.0,False
006208,2022-10-21 09:35:54.797300,0.0008764241893077784,-0.002624671916010457,0.05000000000000426,-0.14999999999999858,57.0,57.05,57.1,57.15,4.0,225.0,6597.0,456.0,False
006208,2022-10-21 09:35:55.289835,0.0008764241893077784,-0.002624671916010457,0.05000000000000426,-0.14999999999999858,57.0,57.05,57.1,57.15,4.0,225.0,6597.0,456.0,True
006208,2022-10-21 09:35:56.446261,0.0008764241893077784,-0.002624671916010457,0.05000000000000426,-0.14999999999999858,57.0,57.05,57.1,57.15,4.0,225.0,6597.0,456.0,False
006208,2022-10-21 09:35:56.547721,0.0008764241893077784,-0.002624671916010457,0.05000000000000426,-0.14999999999999858,57.0,57.05,57.1,57.15,4.0,225.0,6597.0,456.0,False
006208,2022-10-21 09:35:59.838166,0.0008764241893077784,-0.002624671916010457,0.05000000000000426,-0.14999999999999858,57.0,57.05,57.1,57.15,5.0,225.0,6597.0,456.0,False
006208,2022-10-21 09:35:59.867804,0.0008764241893077784,-0.002624671916010457,0.05000000000000426,-0.14999999999999858,57.0,57.05,57.1,57.15,5.0,75.0,6597.0,456.0,False
006208,2022-10-21 09:36:00.867619,0.0008764241893077784,-0.002624671916010457,0.05000000000000426,-0.14999999999999858,57.0,57.05,57.1,57.15,5.0,225.0,6597.0,456.0,False
006208,2022-10-21 09:36:01.228676,0.0008764241893077784,-0.002624671916010457,0.05000000000000426,-0.14999999999999858,57.0,57.05,57.1,57.15,5.0,225.0,6597.0,456.0,False
006208,2022-10-21 09:36:01.260796,0.0008764241893077784,-0.002624671916010457,0.05000000000000426,-0.14999999999999858,57.0,57.05,57.1,57.15,5.0,75.0,6597.0,456.0,False
006208,2022-10-21 09:36:02.021213,0.0008764241893077784,-0.002624671916010457,0.05000000000000426,-0.14999999999999858,57.0,57.05,57.1,57.15,5.0,75.0,6597.0,456.0,False
006208,2022-10-21 09:36:02.021336,0.0008764241893077784,-0.002624671916010457,0.05000000000000426,-0.14999999999999858,57.0,57.05,57.1,57.15,5.0,75.0,6597.0,456.0,False
006208,2022-10-21 09:36:02.261233,0.0008764241893077784,-0.002624671916010457,0.05000000000000426,-0.14999999999999858,57.0,57.05,57.1,57.15,5.0,75.0,6597.0,456.0,False
006208,2022-10-21 09:36:03.213262,0.0008764241893077784,-0.002624671916010457,0.05000000000000426,-0.14999999999999858,57.0,57.05,57.1,57.15,5.0,75.0,6597.0,456.0,False
006208,2022-10-21 09:36:03.221220,0.0008764241893077784,-0.0034995625546805353,0.05000000000000426,-0.19999999999999574,56.95,57.05,57.1,57.15,101.0,75.0,6597.0,456.0,False
006208,2022-10-21 09:36:03.280710,0.0008764241893077784,-0.0034995625546805353,0.05000000000000426,-0.19999999999999574,56.95,57.05,57.1,57.15,61.0,75.0,6597.0,456.0,False
006208,2022-10-21 09:36:03.413162,0.0008764241893077784,-0.0034995625546805353,0.05000000000000426,-0.19999999999999574,56.95,57.05,57.1,57.15,61.0,115.0,6597.0,456.0,False
006208,2022-10-21 09:36:03.420616,0.0008764241893077784,-0.0034995625546805353,0.05000000000000426,-0.19999999999999574,56.95,57.05,57.1,57.15,61.0,115.0,6597.0,456.0,False
006208,2022-10-21 09:36:04.221029,0.0008764241893077784,-0.0034995625546805353,0.05000000000000426,-0.19999999999999574,56.95,57.05,57.1,57.15,61.0,265.0,6597.0,456.0,False
006208,2022-10-21 09:36:04.393179,0.0008764241893077784,-0.0034995625546805353,0.05000000000000426,-0.19999999999999574,56.95,57.05,57.1,57.15,61.0,305.0,6597.0,456.0,False
006208,2022-10-21 09:36:04.395266,0.0008764241893077784,-0.0034995625546805353,0.05000000000000426,-0.19999999999999574,56.95,57.05,57.1,57.15,61.0,305.0,6597.0,456.0,False
006208,2022-10-21 09:36:04.566551,0.0008764241893077784,-0.0034995625546805353,0.05000000000000426,-0.19999999999999574,56.95,57.05,57.1,57.15,61.0,305.0,6597.0,456.0,False
006208,2022-10-21 09:36:05.319267,0.0008764241893077784,-0.0034995625546805353,0.05000000000000426,-0.19999999999999574,56.95,57.05,57.1,57.15,61.0,305.0,4632.0,1151.0,True
006208,2022-10-21 09:36:05.551980,0.0008764241893077784,-0.0034995625546805353,0.05000000000000426,-0.19999999999999574,56.95,57.05,57.1,57.15,61.0,305.0,4632.0,1151.0,False
006208,2022-10-21 09:36:05.555222,0.0008764241893077784,-0.0034995625546805353,0.05000000000000426,-0.19999999999999574,56.95,57.05,57.1,57.15,61.0,305.0,4632.0,1151.0,False
006208,2022-10-21 09:36:05.728147,0.0008764241893077784,-0.0034995625546805353,0.05000000000000426,-0.19999999999999574,56.95,57.05,57.1,57.15,61.0,305.0,4632.0,1151.0,False
006208,2022-10-21 09:36:07.376302,0.0008764241893077784,-0.002624671916010457,0.05000000000000426,-0.14999999999999858,57.0,57.05,57.1,57.15,1.0,305.0,4632.0,1151.0,False
006208,2022-10-21 09:36:07.404845,0.0008764241893077784,-0.0034995625546805353,0.05000000000000426,-0.19999999999999574,56.95,57.05,57.1,57.15,61.0,305.0,4632.0,1151.0,False
006208,2022-10-21 09:36:07.406037,0.0008764241893077784,-0.0034995625546805353,0.05000000000000426,-0.19999999999999574,56.95,57.05,57.1,57.15,61.0,305.0,4632.0,1151.0,False
006208,2022-10-21 09:36:07.452709,0.0008764241893077784,-0.0034995625546805353,0.05000000000000426,-0.19999999999999574,56.95,57.05,57.1,57.15,61.0,305.0,4632.0,1151.0,False
006208,2022-10-21 09:36:07.608833,0.0008764241893077784,-0.0034995625546805353,0.05000000000000426,-0.19999999999999574,56.95,57.05,57.1,57.15,101.0,305.0,4632.0,1151.0,False
006208,2022-10-21 09:36:07.762961,0.0008764241893077784,-0.0034995625546805353,0.05000000000000426,-0.19999999999999574,56.95,57.05,57.1,57.15,61.0,305.0,4632.0,1151.0,False
006208,2022-10-21 09:36:07.892184,0.0008764241893077784,-0.0034995625546805353,0.05000000000000426,-0.19999999999999574,56.95,57.05,57.1,57.15,61.0,305.0,4632.0,1151.0,False
006208,2022-10-21 09:36:08.079365,0.0008764241893077784,-0.0034995625546805353,0.05000000000000426,-0.19999999999999574,56.95,57.05,57.1,57.15,61.0,305.0,4632.0,1151.0,False
006208,2022-10-21 09:36:08.085238,0.0008764241893077784,-0.0034995625546805353,0.05000000000000426,-0.19999999999999574,56.95,57.05,57.1,57.15,61.0,305.0,4632.0,1151.0,False
006208,2022-10-21 09:36:10.813458,0.0008764241893077784,-0.0034995625546805353,0.05000000000000426,-0.19999999999999574,56.95,57.05,57.1,57.15,61.0,305.0,4632.0,1151.0,False
006208,2022-10-21 09:36:10.825051,0.0008764241893077784,-0.0034995625546805353,0.05000000000000426,-0.19999999999999574,56.95,57.05,57.1,57.15,61.0,305.0,4632.0,1151.0,False
006208,2022-10-21 09:36:11.171152,0.0008764241893077784,-0.0034995625546805353,0.05000000000000426,-0.19999999999999574,56.95,57.05,57.1,57.15,60.0,305.0,4632.0,1151.0,False
006208,2022-10-21 09:36:13.238308,0.0008764241893077784,-0.0034995625546805353,0.05000000000000426,-0.19999999999999574,56.95,57.05,57.1,57.15,60.0,305.0,4632.0,1151.0,False
006208,2022-10-21 09:36:13.735880,0.0008764241893077784,-0.002624671916010457,0.05000000000000426,-0.14999999999999858,57.0,57.05,57.1,57.15,2.0,305.0,4632.0,1151.0,False
006208,2022-10-21 09:36:13.764632,0.0008764241893077784,-0.0034995625546805353,0.05000000000000426,-0.19999999999999574,56.95,57.05,57.1,57.15,60.0,305.0,4632.0,1151.0,False
006208,2022-10-21 09:36:13.765702,0.0008764241893077784,-0.0034995625546805353,0.05000000000000426,-0.19999999999999574,56.95,57.05,57.1,57.15,60.0,305.0,4632.0,1151.0,False
006208,2022-10-21 09:36:13.798241,0.0008764241893077784,-0.0034995625546805353,0.05000000000000426,-0.19999999999999574,56.95,57.05,57.1,57.15,60.0,305.0,4632.0,1151.0,False
006208,2022-10-21 09:36:14.098798,0.0008764241893077784,-0.0034995625546805353,0.05000000000000426,-0.19999999999999574,56.95,57.05,57.1,57.15,26.0,305.0,4632.0,1151.0,False
006208,2022-10-21 09:36:14.122118,0.0008764241893077784,-0.0034995625546805353,0.05000000000000426,-0.19999999999999574,56.95,57.05,57.1,57.15,26.0,305.0,4632.0,1151.0,False
006208,2022-10-21 09:36:15.081808,0.0008764241893077784,-0.0034995625546805353,0.05000000000000426,-0.19999999999999574,56.95,57.05,57.1,57.15,26.0,305.0,4632.0,1151.0,False
006208,2022-10-21 09:36:15.081990,0.0008764241893077784,-0.0034995625546805353,0.05000000000000426,-0.19999999999999574,56.95,57.05,57.1,57.15,26.0,305.0,4632.0,1151.0,False
006208,2022-10-21 09:36:15.279538,0.0008764241893077784,-0.0034995625546805353,0.05000000000000426,-0.19999999999999574,56.95,57.05,57.1,57.15,26.0,305.0,4632.0,1151.0,False
006208,2022-10-21 09:36:15.346910,0.0008764241893077784,-0.0034995625546805353,0.05000000000000426,-0.19999999999999574,56.95,57.05,57.1,57.15,26.0,305.0,3732.0,1151.0,True
006208,2022-10-21 09:36:15.595375,0.0008764241893077784,-0.0034995625546805353,0.05000000000000426,-0.19999999999999574,56.95,57.05,57.1,57.15,26.0,305.0,3732.0,1151.0,False
006208,2022-10-21 09:36:15.605616,0.0008764241893077784,-0.0034995625546805353,0.05000000000000426,-0.19999999999999574,56.95,57.05,57.1,57.15,26.0,305.0,3732.0,1151.0,False
006208,2022-10-21 09:36:16.790902,0.0008764241893077784,-0.0034995625546805353,0.05000000000000426,-0.19999999999999574,56.95,57.05,57.1,57.15,26.0,305.0,3732.0,1151.0,False
006208,2022-10-21 09:36:16.852232,0.0008764241893077784,-0.0034995625546805353,0.05000000000000426,-0.19999999999999574,56.95,57.05,57.1,57.15,26.0,265.0,3732.0,1151.0,False
006208,2022-10-21 09:36:17.253854,0.0008764241893077784,-0.0034995625546805353,0.05000000000000426,-0.19999999999999574,56.95,57.05,57.1,57.15,26.0,265.0,3732.0,1151.0,False
006208,2022-10-21 09:36:17.276555,0.0008764241893077784,-0.0034995625546805353,0.05000000000000426,-0.19999999999999574,56.95,57.05,57.1,57.15,26.0,115.0,3732.0,1151.0,False
006208,2022-10-21 09:36:17.885273,0.0008764241893077784,-0.0034995625546805353,0.05000000000000426,-0.19999999999999574,56.95,57.05,57.1,57.15,26.0,115.0,3732.0,1151.0,False
006208,2022-10-21 09:36:17.889080,0.0008764241893077784,-0.0034995625546805353,0.05000000000000426,-0.19999999999999574,56.95,57.05,57.1,57.15,26.0,115.0,3732.0,1151.0,False
006208,2022-10-21 09:36:18.027893,0.0008764241893077784,-0.0034995625546805353,0.05000000000000426,-0.19999999999999574,56.95,57.05,57.1,57.15,26.0,115.0,3732.0,1151.0,False
006208,2022-10-21 09:36:18.039309,0.0008764241893077784,-0.0034995625546805353,0.05000000000000426,-0.19999999999999574,56.95,57.05,57.1,57.15,26.0,115.0,3732.0,1151.0,False
006208,2022-10-21 09:36:18.276707,0.0008764241893077784,-0.0034995625546805353,0.05000000000000426,-0.19999999999999574,56.95,57.05,57.1,57.15,126.0,115.0,3732.0,1151.0,False
006208,2022-10-21 09:36:20.294140,0.0008764241893077784,-0.0034995625546805353,0.05000000000000426,-0.19999999999999574,56.95,57.05,57.1,57.15,126.0,115.0,3732.0,1151.0,False
006208,2022-10-21 09:36:20.294341,0.0008764241893077784,-0.0034995625546805353,0.05000000000000426,-0.19999999999999574,56.95,57.05,57.1,57.15,126.0,115.0,3732.0,1151.0,False
006208,2022-10-21 09:36:22.381596,0.0008764241893077784,-0.0034995625546805353,0.05000000000000426,-0.19999999999999574,56.95,57.05,57.1,57.15,125.0,115.0,3732.0,1151.0,False
006208,2022-10-21 09:36:22.594371,0.0008764241893077784,-0.0034995625546805353,0.05000000000000426,-0.19999999999999574,56.95,57.05,57.1,57.15,125.0,115.0,3732.0,1151.0,False
006208,2022-10-21 09:36:22.594542,0.0008764241893077784,-0.0034995625546805353,0.05000000000000426,-0.19999999999999574,56.95,57.05,57.1,57.15,125.0,135.0,3732.0,1151.0,False
006208,2022-10-21 09:36:23.268427,0.0008764241893077784,-0.0034995625546805353,0.05000000000000426,-0.19999999999999574,56.95,57.05,57.1,57.15,125.0,135.0,3732.0,1151.0,False
006208,2022-10-21 09:36:23.268961,0.0008764241893077784,-0.0034995625546805353,0.05000000000000426,-0.19999999999999574,56.95,57.05,57.1,57.15,125.0,115.0,3732.0,1151.0,False
006208,2022-10-21 09:36:23.286795,0.0008764241893077784,-0.0034995625546805353,0.05000000000000426,-0.19999999999999574,56.95,57.05,57.1,57.15,25.0,115.0,3732.0,1151.0,False
006208,2022-10-21 09:36:24.287006,0.0008764241893077784,-0.0034995625546805353,0.05000000000000426,-0.19999999999999574,56.95,57.05,57.1,57.15,25.0,265.0,3732.0,1151.0,False
006208,2022-10-21 09:36:24.396562,0.0008764241893077784,-0.0034995625546805353,0.05000000000000426,-0.19999999999999574,56.95,57.05,57.1,57.15,25.0,305.0,3732.0,1151.0,False
006208,2022-10-21 09:36:25.373768,0.0008764241893077784,-0.0034995625546805353,0.05000000000000426,-0.19999999999999574,56.95,57.05,57.1,57.15,25.0,305.0,3240.0,1151.0,True
006208,2022-10-21 09:36:26.189045,0.0008764241893077784,-0.0034995625546805353,0.05000000000000426,-0.19999999999999574,56.95,57.05,57.1,57.15,25.0,285.0,3240.0,1151.0,False
006208,2022-10-21 09:36:26.189268,0.0008764241893077784,-0.0034995625546805353,0.05000000000000426,-0.19999999999999574,56.95,57.05,57.1,57.15,25.0,285.0,3240.0,1151.0,False
006208,2022-10-21 09:36:27.024359,0.0008764241893077784,-0.0034995625546805353,0.05000000000000426,-0.19999999999999574,56.95,57.05,57.1,57.15,25.0,285.0,3240.0,1151.0,False
006208,2022-10-21 09:36:27.024556,0.0008764241893077784,-0.0034995625546805353,0.05000000000000426,-0.19999999999999574,56.95,57.05,57.1,57.15,25.0,305.0,3240.0,1151.0,False
006208,2022-10-21 09:36:28.016898,0.0008764241893077784,-0.0034995625546805353,0.05000000000000426,-0.19999999999999574,56.95,57.05,57.1,57.15,25.0,305.0,3240.0,1151.0,False
006208,2022-10-21 09:36:28.021303,0.0008764241893077784,-0.0034995625546805353,0.05000000000000426,-0.19999999999999574,56.95,57.05,57.1,57.15,25.0,305.0,3240.0,1151.0,False
006208,2022-10-21 09:36:28.141602,0.0008764241893077784,-0.0034995625546805353,0.05000000000000426,-0.19999999999999574,56.95,57.05,57.1,57.15,25.0,305.0,3240.0,1151.0,False
006208,2022-10-21 09:36:28.152795,0.0008764241893077784,-0.0034995625546805353,0.05000000000000426,-0.19999999999999574,56.95,57.05,57.1,57.15,25.0,305.0,3240.0,1151.0,False
006208,2022-10-21 09:36:30.145449,0.0008764241893077784,-0.0034995625546805353,0.05000000000000426,-0.19999999999999574,56.95,57.05,57.1,57.15,25.0,306.0,3240.0,1151.0,False
006208,2022-10-21 09:36:30.932089,0.0008764241893077784,-0.0034995625546805353,0.05000000000000426,-0.19999999999999574,56.95,57.05,57.1,57.15,26.0,306.0,3240.0,1151.0,False
006208,2022-10-21 09:36:32.989996,0.0008764241893077784,-0.0034995625546805353,0.05000000000000426,-0.19999999999999574,56.95,57.05,57.1,57.15,26.0,346.0,3240.0,1151.0,False
006208,2022-10-21 09:36:34.773854,0.0008764241893077784,-0.0034995625546805353,0.05000000000000426,-0.19999999999999574,56.95,57.05,57.1,57.15,26.0,346.0,3240.0,1151.0,False
006208,2022-10-21 09:36:34.788285,0.0008764241893077784,-0.0034995625546805353,0.05000000000000426,-0.19999999999999574,56.95,57.05,57.1,57.15,26.0,306.0,3240.0,1151.0,False
006208,2022-10-21 09:36:35.008887,0.0008764241893077784,-0.0034995625546805353,0.05000000000000426,-0.19999999999999574,56.95,57.05,57.1,57.15,26.0,306.0,3240.0,1151.0,False
006208,2022-10-21 09:36:35.014667,0.0008764241893077784,-0.0034995625546805353,0.05000000000000426,-0.19999999999999574,56.95,57.05,57.1,57.15,26.0,306.0,3240.0,1151.0,False
006208,2022-10-21 09:36:35.038997,0.0008764241893077784,-0.0034995625546805353,0.05000000000000426,-0.19999999999999574,56.95,57.05,57.1,57.15,26.0,306.0,3240.0,1151.0,False
006208,2022-10-21 09:36:35.401778,0.0008764241893077784,-0.0034995625546805353,0.05000000000000426,-0.19999999999999574,56.95,57.05,57.1,57.15,26.0,306.0,3327.0,1151.0,True
006208,2022-10-21 09:36:36.589290,0.0008764241893077784,-0.0034995625546805353,0.05000000000000426,-0.19999999999999574,56.95,57.05,57.1,57.15,26.0,306.0,3327.0,1151.0,False
006208,2022-10-21 09:36:36.602394,0.0008764241893077784,-0.0034995625546805353,0.05000000000000426,-0.19999999999999574,56.95,57.05,57.1,57.15,26.0,306.0,3327.0,1151.0,False
006208,2022-10-21 09:36:38.131236,0.0008764241893077784,-0.0034995625546805353,0.05000000000000426,-0.19999999999999574,56.95,57.05,57.1,57.15,26.0,306.0,3327.0,1151.0,False
006208,2022-10-21 09:36:38.134252,0.0008764241893077784,-0.0034995625546805353,0.05000000000000426,-0.19999999999999574,56.95,57.05,57.1,57.15,26.0,306.0,3327.0,1151.0,False
006208,2022-10-21 09:36:38.269613,0.0008764241893077784,-0.0034995625546805353,0.05000000000000426,-0.19999999999999574,56.95,57.05,57.1,57.15,26.0,306.0,3327.0,1151.0,False
006208,2022-10-21 09:36:41.533047,0.0008764241893077784,-0.0034995625546805353,0.05000000000000426,-0.19999999999999574,56.95,57.05,57.1,57.15,26.0,306.0,3327.0,1151.0,False
006208,2022-10-21 09:36:41.572084,0.0008764241893077784,-0.0034995625546805353,0.05000000000000426,-0.19999999999999574,56.95,57.05,57.1,57.15,26.0,306.0,3327.0,1151.0,False
006208,2022-10-21 09:36:41.816139,0.0008764241893077784,-0.0034995625546805353,0.05000000000000426,-0.19999999999999574,56.95,57.05,57.1,57.15,26.0,306.0,3327.0,1151.0,False
006208,2022-10-21 09:36:42.710012,0.0008764241893077784,-0.0034995625546805353,0.05000000000000426,-0.19999999999999574,56.95,57.05,57.1,57.15,26.0,306.0,3327.0,1151.0,False
006208,2022-10-21 09:36:42.725314,0.0008764241893077784,-0.0034995625546805353,0.05000000000000426,-0.19999999999999574,56.95,57.05,57.1,57.15,26.0,326.0,3327.0,1151.0,False
006208,2022-10-21 09:36:44.497843,0.0008764241893077784,-0.0034995625546805353,0.05000000000000426,-0.19999999999999574,56.95,57.05,57.1,57.15,26.0,346.0,3327.0,1151.0,False
006208,2022-10-21 09:36:44.497859,0.0008764241893077784,-0.0034995625546805353,0.05000000000000426,-0.19999999999999574,56.95,57.05,57.1,57.15,26.0,346.0,3327.0,1151.0,False
006208,2022-10-21 09:36:45.259392,0.0008764241893077784,-0.0034995625546805353,0.05000000000000426,-0.19999999999999574,56.95,57.05,57.1,57.15,26.0,306.0,3327.0,1151.0,False
006208,2022-10-21 09:36:45.436970,0.0008764241893077784,-0.0034995625546805353,0.05000000000000426,-0.19999999999999574,56.95,57.05,57.1,57.15,26.0,306.0,3277.0,1151.0,True
006208,2022-10-21 09:36:48.248422,0.0008764241893077784,-0.0034995625546805353,0.05000000000000426,-0.19999999999999574,56.95,57.05,57.1,57.15,26.0,306.0,3277.0,1151.0,False
006208,2022-10-21 09:36:48.252554,0.0008764241893077784,-0.0034995625546805353,0.05000000000000426,-0.19999999999999574,56.95,57.05,57.1,57.15,26.0,306.0,3277.0,1151.0,False
006208,2022-10-21 09:36:48.383486,0.0008764241893077784,-0.0034995625546805353,0.05000000000000426,-0.19999999999999574,56.95,57.05,57.1,57.15,26.0,306.0,3277.0,1151.0,False
006208,2022-10-21 09:36:48.387675,0.0008764241893077784,-0.0034995625546805353,0.05000000000000426,-0.19999999999999574,56.95,57.05,57.1,57.15,26.0,306.0,3277.0,1151.0,False
006208,2022-10-21 09:36:49.272276,0.0008764241893077784,-0.0034995625546805353,0.05000000000000426,-0.19999999999999574,56.95,57.05,57.1,57.15,27.0,306.0,3277.0,1151.0,False
006208,2022-10-21 09:36:52.638110,0.0017543859649122862,-0.0034995625546805353,0.10000000000000142,-0.19999999999999574,56.95,57.0,57.1,57.15,27.0,1.0,3277.0,1151.0,False
006208,2022-10-21 09:36:52.672340,0.0017543859649122862,-0.0034995625546805353,0.10000000000000142,-0.19999999999999574,56.95,57.0,57.1,57.15,27.0,1.0,3277.0,1151.0,False
006208,2022-10-21 09:36:52.948816,0.0017543859649122862,-0.0034995625546805353,0.10000000000000142,-0.19999999999999574,56.95,57.0,57.1,57.15,27.0,1.0,3277.0,1151.0,False
006208,2022-10-21 09:36:53.303866,0.0017543859649122862,-0.0034995625546805353,0.10000000000000142,-0.19999999999999574,56.95,57.0,57.1,57.15,27.0,1.0,3277.0,1151.0,False
006208,2022-10-21 09:36:53.326279,0.0017543859649122862,-0.0034995625546805353,0.10000000000000142,-0.19999999999999574,56.95,57.0,57.1,57.15,27.0,1.0,3277.0,1151.0,False
006208,2022-10-21 09:36:53.445740,0.0017543859649122862,-0.0034995625546805353,0.10000000000000142,-0.19999999999999574,56.95,57.0,57.1,57.15,27.0,1.0,3277.0,1151.0,False
006208,2022-10-21 09:36:53.671463,0.0017543859649122862,-0.0034995625546805353,0.10000000000000142,-0.19999999999999574,56.95,57.0,57.1,57.15,127.0,1.0,3277.0,1151.0,False
006208,2022-10-21 09:36:53.849251,0.0017543859649122862,-0.0034995625546805353,0.10000000000000142,-0.19999999999999574,56.95,57.0,57.1,57.15,127.0,1.0,3277.0,1151.0,False
006208,2022-10-21 09:36:53.860519,0.0017543859649122862,-0.0034995625546805353,0.10000000000000142,-0.19999999999999574,56.95,57.0,57.1,57.15,127.0,1.0,3277.0,1151.0,False
006208,2022-10-21 09:36:54.585393,0.0008764241893077784,-0.0034995625546805353,0.05000000000000426,-0.19999999999999574,56.95,57.05,57.1,57.15,127.0,156.0,3277.0,1151.0,False
006208,2022-10-21 09:36:54.610252,0.0008764241893077784,-0.0034995625546805353,0.05000000000000426,-0.19999999999999574,56.95,57.05,57.1,57.15,127.0,156.0,3277.0,1151.0,False
006208,2022-10-21 09:36:54.760034,0.0008764241893077784,-0.0034995625546805353,0.05000000000000426,-0.19999999999999574,56.95,57.05,57.1,57.15,127.0,116.0,3277.0,1151.0,False
006208,2022-10-21 09:36:54.889817,0.0008764241893077784,-0.0034995625546805353,0.05000000000000426,-0.19999999999999574,56.95,57.05,57.1,57.15,127.0,116.0,3277.0,1151.0,False
006208,2022-10-21 09:36:54.930292,0.0008764241893077784,-0.0034995625546805353,0.05000000000000426,-0.19999999999999574,56.95,57.05,57.1,57.15,27.0,116.0,3277.0,1151.0,False
006208,2022-10-21 09:36:55.464979,0.0008764241893077784,-0.0034995625546805353,0.05000000000000426,-0.19999999999999574,56.95,57.05,57.1,57.15,27.0,116.0,3326.0,1151.0,True
006208,2022-10-21 09:36:55.812100,0.0008764241893077784,-0.0034995625546805353,0.05000000000000426,-0.19999999999999574,56.95,57.05,57.1,57.15,27.0,116.0,3326.0,1151.0,False
006208,2022-10-21 09:36:55.832929,0.0008764241893077784,-0.0034995625546805353,0.05000000000000426,-0.19999999999999574,56.95,57.05,57.1,57.15,27.0,116.0,3326.0,1151.0,False
006208,2022-10-21 09:36:56.015945,0.0008764241893077784,-0.0034995625546805353,0.05000000000000426,-0.19999999999999574,56.95,57.05,57.1,57.15,27.0,326.0,3326.0,1151.0,False
006208,2022-10-21 09:36:56.035895,0.0008764241893077784,-0.0034995625546805353,0.05000000000000426,-0.19999999999999574,56.95,57.05,57.1,57.15,27.0,346.0,3326.0,1151.0,False
006208,2022-10-21 09:36:56.282554,0.0008764241893077784,-0.0034995625546805353,0.05000000000000426,-0.19999999999999574,56.95,57.05,57.1,57.15,27.0,346.0,3326.0,1151.0,False
006208,2022-10-21 09:36:56.297838,0.0008764241893077784,-0.0034995625546805353,0.05000000000000426,-0.19999999999999574,56.95,57.05,57.1,57.15,27.0,346.0,3326.0,1151.0,False
006208,2022-10-21 09:36:56.436864,0.0008764241893077784,-0.0034995625546805353,0.05000000000000426,-0.19999999999999574,56.95,57.05,57.1,57.15,27.0,346.0,3326.0,1151.0,False
006208,2022-10-21 09:36:57.351561,0.0008764241893077784,-0.0034995625546805353,0.05000000000000426,-0.19999999999999574,56.95,57.05,57.1,57.15,27.0,306.0,3326.0,1151.0,False
006208,2022-10-21 09:36:57.996424,0.0008764241893077784,-0.0034995625546805353,0.05000000000000426,-0.19999999999999574,56.95,57.05,57.1,57.15,27.0,346.0,3326.0,1151.0,False
006208,2022-10-21 09:36:58.352011,0.0008764241893077784,-0.0034995625546805353,0.05000000000000426,-0.19999999999999574,56.95,57.05,57.1,57.15,27.0,306.0,3326.0,1151.0,False
006208,2022-10-21 09:37:00.235967,0.0008764241893077784,-0.0034995625546805353,0.05000000000000426,-0.19999999999999574,56.95,57.05,57.1,57.15,27.0,346.0,3326.0,1151.0,False
006208,2022-10-21 09:37:03.373479,0.0008764241893077784,-0.0034995625546805353,0.05000000000000426,-0.19999999999999574,56.95,57.05,57.1,57.15,27.0,346.0,3326.0,1151.0,False
006208,2022-10-21 09:37:03.474409,0.0008764241893077784,-0.0034995625546805353,0.05000000000000426,-0.19999999999999574,56.95,57.05,57.1,57.15,27.0,400.0,3326.0,1151.0,False
006208,2022-10-21 09:37:04.692709,0.0008764241893077784,-0.0034995625546805353,0.05000000000000426,-0.19999999999999574,56.95,57.05,57.1,57.15,27.0,400.0,3426.0,1151.0,True
006208,2022-10-21 09:37:04.879698,0.0008764241893077784,-0.0034995625546805353,0.05000000000000426,-0.19999999999999574,56.95,57.05,57.1,57.15,27.0,400.0,3426.0,1151.0,False
006208,2022-10-21 09:37:04.881591,0.0008764241893077784,-0.0034995625546805353,0.05000000000000426,-0.19999999999999574,56.95,57.05,57.1,57.15,27.0,400.0,3426.0,1151.0,False
006208,2022-10-21 09:37:05.006449,0.0008764241893077784,-0.0034995625546805353,0.05000000000000426,-0.19999999999999574,56.95,57.05,57.1,57.15,27.0,400.0,3426.0,1151.0,False
006208,2022-10-21 09:37:05.104176,0.0008764241893077784,-0.0034995625546805353,0.05000000000000426,-0.19999999999999574,56.95,57.05,57.1,57.15,27.0,346.0,3426.0,1151.0,False
006208,2022-10-21 09:37:07.761203,0.0008764241893077784,-0.0034995625546805353,0.05000000000000426,-0.19999999999999574,56.95,57.05,57.1,57.15,27.0,346.0,3426.0,1151.0,False
006208,2022-10-21 09:37:07.792172,0.0008764241893077784,-0.0034995625546805353,0.05000000000000426,-0.19999999999999574,56.95,57.05,57.1,57.15,27.0,346.0,3426.0,1151.0,False
006208,2022-10-21 09:37:10.499624,0.0008764241893077784,-0.0034995625546805353,0.05000000000000426,-0.19999999999999574,56.95,57.05,57.1,57.15,27.0,346.0,3426.0,1151.0,False
006208,2022-10-21 09:37:11.873564,0.0008764241893077784,-0.0034995625546805353,0.05000000000000426,-0.19999999999999574,56.95,57.05,57.1,57.15,27.0,346.0,3426.0,1151.0,False
006208,2022-10-21 09:37:12.077177,0.0008764241893077784,-0.0034995625546805353,0.05000000000000426,-0.19999999999999574,56.95,57.05,57.1,57.15,27.0,346.0,3426.0,1151.0,False
006208,2022-10-21 09:37:12.177267,0.0008764241893077784,-0.0034995625546805353,0.05000000000000426,-0.19999999999999574,56.95,57.05,57.1,57.15,27.0,346.0,3426.0,1151.0,False
006208,2022-10-21 09:37:12.266574,0.0008764241893077784,-0.0034995625546805353,0.05000000000000426,-0.19999999999999574,56.95,57.05,57.1,57.15,27.0,400.0,3426.0,1151.0,False
006208,2022-10-21 09:37:13.993061,0.0008764241893077784,-0.0034995625546805353,0.05000000000000426,-0.19999999999999574,56.95,57.05,57.1,57.15,27.0,380.0,3426.0,1151.0,False
006208,2022-10-21 09:37:14.006422,0.0008764241893077784,-0.0034995625546805353,0.05000000000000426,-0.19999999999999574,56.95,57.05,57.1,57.15,27.0,360.0,3426.0,1151.0,False
006208,2022-10-21 09:37:14.723825,0.0008764241893077784,-0.0034995625546805353,0.05000000000000426,-0.19999999999999574,56.95,57.05,57.1,57.15,27.0,360.0,3446.0,1101.0,True
006208,2022-10-21 09:37:14.997660,0.0008764241893077784,-0.0034995625546805353,0.05000000000000426,-0.19999999999999574,56.95,57.05,57.1,57.15,27.0,360.0,3446.0,1101.0,False
006208,2022-10-21 09:37:15.125624,0.0008764241893077784,-0.0034995625546805353,0.05000000000000426,-0.19999999999999574,56.95,57.05,57.1,57.15,27.0,400.0,3446.0,1101.0,False
006208,2022-10-21 09:37:15.134524,0.0008764241893077784,-0.0034995625546805353,0.05000000000000426,-0.19999999999999574,56.95,57.05,57.1,57.15,27.0,400.0,3446.0,1101.0,False
006208,2022-10-21 09:37:17.070071,0.0008764241893077784,-0.0034995625546805353,0.05000000000000426,-0.19999999999999574,56.95,57.05,57.1,57.15,27.0,400.0,3446.0,1101.0,False
006208,2022-10-21 09:37:17.091891,0.0008764241893077784,-0.0034995625546805353,0.05000000000000426,-0.19999999999999574,56.95,57.05,57.1,57.15,27.0,346.0,3446.0,1101.0,False
006208,2022-10-21 09:37:17.479470,0.0008764241893077784,-0.0034995625546805353,0.05000000000000426,-0.19999999999999574,56.95,57.05,57.1,57.15,27.0,306.0,3446.0,1101.0,False
006208,2022-10-21 09:37:17.818523,0.0008764241893077784,-0.0034995625546805353,0.05000000000000426,-0.19999999999999574,56.95,57.05,57.1,57.15,27.0,286.0,3446.0,1101.0,False
006208,2022-10-21 09:37:17.848407,0.0008764241893077784,-0.0034995625546805353,0.05000000000000426,-0.19999999999999574,56.95,57.05,57.1,57.15,27.0,136.0,3446.0,1101.0,False
006208,2022-10-21 09:37:18.848951,0.0008764241893077784,-0.0034995625546805353,0.05000000000000426,-0.19999999999999574,56.95,57.05,57.1,57.15,27.0,286.0,3446.0,1101.0,False
006208,2022-10-21 09:37:19.009676,0.0008764241893077784,-0.0034995625546805353,0.05000000000000426,-0.19999999999999574,56.95,57.05,57.1,57.15,27.0,286.0,3446.0,1101.0,False
006208,2022-10-21 09:37:19.009864,0.0008764241893077784,-0.0034995625546805353,0.05000000000000426,-0.19999999999999574,56.95,57.05,57.1,57.15,27.0,306.0,3446.0,1101.0,False
006208,2022-10-21 09:37:19.027651,0.0008764241893077784,-0.0034995625546805353,0.05000000000000426,-0.19999999999999574,56.95,57.05,57.1,57.15,27.0,156.0,3446.0,1101.0,False
006208,2022-10-21 09:37:19.143406,0.0008764241893077784,-0.0034995625546805353,0.05000000000000426,-0.19999999999999574,56.95,57.05,57.1,57.15,27.0,156.0,3446.0,1101.0,False
006208,2022-10-21 09:37:20.027591,0.0008764241893077784,-0.0034995625546805353,0.05000000000000426,-0.19999999999999574,56.95,57.05,57.1,57.15,127.0,156.0,3446.0,1101.0,False
006208,2022-10-21 09:37:20.432265,0.0008764241893077784,-0.0034995625546805353,0.05000000000000426,-0.19999999999999574,56.95,57.05,57.1,57.15,127.0,136.0,3446.0,1101.0,False
006208,2022-10-21 09:37:20.432438,0.0008764241893077784,-0.0034995625546805353,0.05000000000000426,-0.19999999999999574,56.95,57.05,57.1,57.15,127.0,136.0,3446.0,1101.0,False
006208,2022-10-21 09:37:20.640053,0.0008764241893077784,-0.0034995625546805353,0.05000000000000426,-0.19999999999999574,56.95,57.05,57.1,57.15,127.0,136.0,3446.0,1101.0,False
006208,2022-10-21 09:37:20.640183,0.0008764241893077784,-0.0034995625546805353,0.05000000000000426,-0.19999999999999574,56.95,57.05,57.1,57.15,127.0,156.0,3446.0,1101.0,False
006208,2022-10-21 09:37:20.916187,0.0008764241893077784,-0.0034995625546805353,0.05000000000000426,-0.19999999999999574,56.95,57.05,57.1,57.15,127.0,156.0,3446.0,1101.0,False
006208,2022-10-21 09:37:20.957373,0.0008764241893077784,-0.0034995625546805353,0.05000000000000426,-0.19999999999999574,56.95,57.05,57.1,57.15,127.0,156.0,3446.0,1101.0,False
006208,2022-10-21 09:37:21.441056,0.0008764241893077784,-0.0034995625546805353,0.05000000000000426,-0.19999999999999574,56.95,57.05,57.1,57.15,127.0,156.0,3446.0,1101.0,False
006208,2022-10-21 09:37:21.743494,0.0008764241893077784,-0.0034995625546805353,0.05000000000000426,-0.19999999999999574,56.95,57.05,57.1,57.15,127.0,156.0,3446.0,1101.0,False
006208,2022-10-21 09:37:21.789002,0.0008764241893077784,-0.0034995625546805353,0.05000000000000426,-0.19999999999999574,56.95,57.05,57.1,57.15,127.0,156.0,3446.0,1101.0,False
006208,2022-10-21 09:37:22.126787,0.0008764241893077784,-0.0034995625546805353,0.05000000000000426,-0.19999999999999574,56.95,57.05,57.1,57.15,127.0,156.0,3446.0,1101.0,False
006208,2022-10-21 09:37:23.372251,0.0008764241893077784,-0.0034995625546805353,0.05000000000000426,-0.19999999999999574,56.95,57.05,57.1,57.15,127.0,156.0,3446.0,1101.0,False
006208,2022-10-21 09:37:23.679346,0.0008764241893077784,-0.0034995625546805353,0.05000000000000426,-0.19999999999999574,56.95,57.05,57.1,57.15,127.0,156.0,3446.0,1101.0,False
006208,2022-10-21 09:37:24.636994,0.0008764241893077784,-0.0034995625546805353,0.05000000000000426,-0.19999999999999574,56.95,57.05,57.1,57.15,127.0,136.0,3446.0,1101.0,False
006208,2022-10-21 09:37:24.754978,0.0008764241893077784,-0.0034995625546805353,0.05000000000000426,-0.19999999999999574,56.95,57.05,57.1,57.15,127.0,136.0,3446.0,1001.0,True
006208,2022-10-21 09:37:24.637149,0.0008764241893077784,-0.0034995625546805353,0.05000000000000426,-0.19999999999999574,56.95,57.05,57.1,57.15,127.0,136.0,3446.0,1001.0,False
006208,2022-10-21 09:37:25.110316,0.0008764241893077784,-0.0034995625546805353,0.05000000000000426,-0.19999999999999574,56.95,57.05,57.1,57.15,127.0,136.0,3446.0,1001.0,False
006208,2022-10-21 09:37:25.121075,0.0008764241893077784,-0.0034995625546805353,0.05000000000000426,-0.19999999999999574,56.95,57.05,57.1,57.15,127.0,136.0,3446.0,1001.0,False
006208,2022-10-21 09:37:25.252358,0.0008764241893077784,-0.0034995625546805353,0.05000000000000426,-0.19999999999999574,56.95,57.05,57.1,57.15,127.0,136.0,3446.0,1001.0,False
006208,2022-10-21 09:37:25.757891,0.0008764241893077784,-0.002624671916010457,0.05000000000000426,-0.14999999999999858,57.0,57.05,57.1,57.15,1.0,136.0,3446.0,1001.0,False
006208,2022-10-21 09:37:25.787921,0.0008764241893077784,-0.002624671916010457,0.05000000000000426,-0.14999999999999858,57.0,57.05,57.1,57.15,1.0,136.0,3446.0,1001.0,False
006208,2022-10-21 09:37:26.056446,0.0008764241893077784,-0.002624671916010457,0.05000000000000426,-0.14999999999999858,57.0,57.05,57.1,57.15,1.0,136.0,3446.0,1001.0,False
006208,2022-10-21 09:37:26.863642,0.0008764241893077784,-0.002624671916010457,0.05000000000000426,-0.14999999999999858,57.0,57.05,57.1,57.15,1.0,136.0,3446.0,1001.0,False
006208,2022-10-21 09:37:26.863794,0.0008764241893077784,-0.002624671916010457,0.05000000000000426,-0.14999999999999858,57.0,57.05,57.1,57.15,1.0,156.0,3446.0,1001.0,False
006208,2022-10-21 09:37:28.166123,0.0008764241893077784,-0.002624671916010457,0.05000000000000426,-0.14999999999999858,57.0,57.05,57.1,57.15,1.0,136.0,3446.0,1001.0,False
006208,2022-10-21 09:37:28.166232,0.0008764241893077784,-0.002624671916010457,0.05000000000000426,-0.14999999999999858,57.0,57.05,57.1,57.15,1.0,136.0,3446.0,1001.0,False
006208,2022-10-21 09:37:28.308381,0.0008764241893077784,-0.002624671916010457,0.05000000000000426,-0.14999999999999858,57.0,57.05,57.1,57.15,1.0,136.0,3446.0,1001.0,False
006208,2022-10-21 09:37:28.836726,0.0008764241893077784,-0.002624671916010457,0.05000000000000426,-0.14999999999999858,57.0,57.05,57.1,57.15,1.0,136.0,3446.0,1001.0,False
006208,2022-10-21 09:37:28.862509,0.0008764241893077784,-0.002624671916010457,0.05000000000000426,-0.14999999999999858,57.0,57.05,57.1,57.15,1.0,136.0,3446.0,1001.0,False
006208,2022-10-21 09:37:28.961131,0.0008764241893077784,-0.002624671916010457,0.05000000000000426,-0.14999999999999858,57.0,57.05,57.1,57.15,1.0,156.0,3446.0,1001.0,False
006208,2022-10-21 09:37:29.649215,0.0008764241893077784,-0.002624671916010457,0.05000000000000426,-0.14999999999999858,57.0,57.05,57.1,57.15,1.0,156.0,3446.0,1001.0,False
006208,2022-10-21 09:37:29.741040,0.0008764241893077784,-0.002624671916010457,0.05000000000000426,-0.14999999999999858,57.0,57.05,57.1,57.15,1.0,156.0,3446.0,1001.0,False
006208,2022-10-21 09:37:29.991826,0.0008764241893077784,-0.002624671916010457,0.05000000000000426,-0.14999999999999858,57.0,57.05,57.1,57.15,1.0,156.0,3446.0,1001.0,False
006208,2022-10-21 09:37:30.262524,0.0008764241893077784,-0.002624671916010457,0.05000000000000426,-0.14999999999999858,57.0,57.05,57.1,57.15,1.0,136.0,3446.0,1001.0,False
006208,2022-10-21 09:37:30.262762,0.0008764241893077784,-0.002624671916010457,0.05000000000000426,-0.14999999999999858,57.0,57.05,57.1,57.15,1.0,136.0,3446.0,1001.0,False
006208,2022-10-21 09:37:30.721231,0.0008764241893077784,-0.002624671916010457,0.05000000000000426,-0.14999999999999858,57.0,57.05,57.1,57.15,1.0,136.0,3446.0,1001.0,False
006208,2022-10-21 09:37:30.721343,0.0008764241893077784,-0.002624671916010457,0.05000000000000426,-0.14999999999999858,57.0,57.05,57.1,57.15,1.0,156.0,3446.0,1001.0,False
006208,2022-10-21 09:37:31.163890,0.0008764241893077784,-0.002624671916010457,0.05000000000000426,-0.14999999999999858,57.0,57.05,57.1,57.15,1.0,156.0,3446.0,1001.0,False
006208,2022-10-21 09:37:31.163906,0.0008764241893077784,-0.002624671916010457,0.05000000000000426,-0.14999999999999858,57.0,57.05,57.1,57.15,1.0,136.0,3446.0,1001.0,False
006208,2022-10-21 09:37:32.837294,0.0008764241893077784,-0.002624671916010457,0.05000000000000426,-0.14999999999999858,57.0,57.05,57.1,57.15,1.0,136.0,3446.0,1001.0,False
006208,2022-10-21 09:37:32.837325,0.0008764241893077784,-0.002624671916010457,0.05000000000000426,-0.14999999999999858,57.0,57.05,57.1,57.15,1.0,136.0,3446.0,1001.0,False
006208,2022-10-21 09:37:33.099661,0.0008764241893077784,-0.002624671916010457,0.05000000000000426,-0.14999999999999858,57.0,57.05,57.1,57.15,2.0,136.0,3446.0,1001.0,False
006208,2022-10-21 09:37:34.216450,0.0008764241893077784,-0.002624671916010457,0.05000000000000426,-0.14999999999999858,57.0,57.05,57.1,57.15,2.0,136.0,3446.0,1001.0,False
006208,2022-10-21 09:37:34.232523,0.0008764241893077784,-0.002624671916010457,0.05000000000000426,-0.14999999999999858,57.0,57.05,57.1,57.15,2.0,136.0,3446.0,1001.0,False
006208,2022-10-21 09:37:34.385588,0.0008764241893077784,-0.002624671916010457,0.05000000000000426,-0.14999999999999858,57.0,57.05,57.1,57.15,2.0,136.0,3446.0,1001.0,False
006208,2022-10-21 09:37:34.777971,0.0008764241893077784,-0.002624671916010457,0.05000000000000426,-0.14999999999999858,57.0,57.05,57.1,57.15,2.0,136.0,3446.0,1001.0,True
006208,2022-10-21 09:37:35.217166,0.0008764241893077784,-0.002624671916010457,0.05000000000000426,-0.14999999999999858,57.0,57.05,57.1,57.15,2.0,136.0,3446.0,1001.0,False
006208,2022-10-21 09:37:35.357793,0.0008764241893077784,-0.002624671916010457,0.05000000000000426,-0.14999999999999858,57.0,57.05,57.1,57.15,2.0,136.0,3446.0,1001.0,False
006208,2022-10-21 09:37:36.045789,0.0008764241893077784,-0.002624671916010457,0.05000000000000426,-0.14999999999999858,57.0,57.05,57.1,57.15,2.0,136.0,3446.0,1001.0,False
006208,2022-10-21 09:37:36.049109,0.0008764241893077784,-0.002624671916010457,0.05000000000000426,-0.14999999999999858,57.0,57.05,57.1,57.15,2.0,136.0,3446.0,1001.0,False
006208,2022-10-21 09:37:36.186258,0.0008764241893077784,-0.002624671916010457,0.05000000000000426,-0.14999999999999858,57.0,57.05,57.1,57.15,2.0,116.0,3446.0,1001.0,False
006208,2022-10-21 09:37:37.676246,0.0008764241893077784,-0.002624671916010457,0.05000000000000426,-0.14999999999999858,57.0,57.05,57.1,57.15,2.0,116.0,3446.0,1001.0,False
006208,2022-10-21 09:37:37.676376,0.0008764241893077784,-0.002624671916010457,0.05000000000000426,-0.14999999999999858,57.0,57.05,57.1,57.15,2.0,116.0,3446.0,1001.0,False
006208,2022-10-21 09:37:40.771287,0.0008764241893077784,-0.002624671916010457,0.05000000000000426,-0.14999999999999858,57.0,57.05,57.1,57.15,2.0,116.0,3446.0,1001.0,False
006208,2022-10-21 09:37:40.771468,0.0008764241893077784,-0.002624671916010457,0.05000000000000426,-0.14999999999999858,57.0,57.05,57.1,57.15,2.0,116.0,3446.0,1001.0,False
006208,2022-10-21 09:37:41.713480,0.0008764241893077784,-0.002624671916010457,0.05000000000000426,-0.14999999999999858,57.0,57.05,57.1,57.15,2.0,116.0,3446.0,1001.0,False
006208,2022-10-21 09:37:41.713561,0.0008764241893077784,-0.002624671916010457,0.05000000000000426,-0.14999999999999858,57.0,57.05,57.1,57.15,2.0,116.0,3446.0,1001.0,False
006208,2022-10-21 09:37:43.423807,0.0008764241893077784,-0.002624671916010457,0.05000000000000426,-0.14999999999999858,57.0,57.05,57.1,57.15,2.0,116.0,3446.0,1001.0,False
006208,2022-10-21 09:37:43.423932,0.0008764241893077784,-0.002624671916010457,0.05000000000000426,-0.14999999999999858,57.0,57.05,57.1,57.15,2.0,136.0,3446.0,1001.0,False
006208,2022-10-21 09:37:44.821409,0.0008764241893077784,-0.002624671916010457,0.05000000000000426,-0.14999999999999858,57.0,57.05,57.1,57.15,2.0,136.0,3446.0,1001.0,True
006208,2022-10-21 09:37:44.916591,0.0008764241893077784,-0.002624671916010457,0.05000000000000426,-0.14999999999999858,57.0,57.05,57.1,57.15,2.0,116.0,3446.0,1001.0,False
006208,2022-10-21 09:37:44.916853,0.0008764241893077784,-0.002624671916010457,0.05000000000000426,-0.14999999999999858,57.0,57.05,57.1,57.15,2.0,116.0,3446.0,1001.0,False
006208,2022-10-21 09:37:46.163372,0.0008764241893077784,-0.002624671916010457,0.05000000000000426,-0.14999999999999858,57.0,57.05,57.1,57.15,2.0,116.0,3446.0,1001.0,False
006208,2022-10-21 09:37:46.171480,0.0008764241893077784,-0.002624671916010457,0.05000000000000426,-0.14999999999999858,57.0,57.05,57.1,57.15,2.0,116.0,3446.0,1001.0,False
006208,2022-10-21 09:37:46.298201,0.0008764241893077784,-0.002624671916010457,0.05000000000000426,-0.14999999999999858,57.0,57.05,57.1,57.15,2.0,116.0,3446.0,1001.0,False
006208,2022-10-21 09:37:47.777856,0.0008764241893077784,-0.002624671916010457,0.05000000000000426,-0.14999999999999858,57.0,57.05,57.1,57.15,2.0,116.0,3446.0,1001.0,False
006208,2022-10-21 09:37:47.784945,0.0008764241893077784,-0.002624671916010457,0.05000000000000426,-0.14999999999999858,57.0,57.05,57.1,57.15,2.0,136.0,3446.0,1001.0,False
006208,2022-10-21 09:37:48.103862,0.0008764241893077784,-0.002624671916010457,0.05000000000000426,-0.14999999999999858,57.0,57.05,57.1,57.15,2.0,116.0,3446.0,1001.0,False
006208,2022-10-21 09:37:48.103961,0.0008764241893077784,-0.002624671916010457,0.05000000000000426,-0.14999999999999858,57.0,57.05,57.1,57.15,2.0,116.0,3446.0,1001.0,False
006208,2022-10-21 09:37:48.690468,0.0008764241893077784,-0.002624671916010457,0.05000000000000426,-0.14999999999999858,57.0,57.05,57.1,57.15,2.0,116.0,3446.0,1001.0,False
006208,2022-10-21 09:37:48.690657,0.0008764241893077784,-0.002624671916010457,0.05000000000000426,-0.14999999999999858,57.0,57.05,57.1,57.15,2.0,116.0,3446.0,1001.0,False
006208,2022-10-21 09:37:50.972678,0.0008764241893077784,-0.002624671916010457,0.05000000000000426,-0.14999999999999858,57.0,57.05,57.1,57.15,2.0,116.0,3446.0,1001.0,False
006208,2022-10-21 09:37:50.972788,0.0008764241893077784,-0.002624671916010457,0.05000000000000426,-0.14999999999999858,57.0,57.05,57.1,57.15,2.0,116.0,3446.0,1001.0,False
006208,2022-10-21 09:37:51.511311,0.0008764241893077784,-0.002624671916010457,0.05000000000000426,-0.14999999999999858,57.0,57.05,57.1,57.15,1.0,116.0,3446.0,1001.0,False
006208,2022-10-21 09:37:52.731311,0.0008764241893077784,-0.002624671916010457,0.05000000000000426,-0.14999999999999858,57.0,57.05,57.1,57.15,1.0,116.0,3446.0,1001.0,False
006208,2022-10-21 09:37:52.731628,0.0008764241893077784,-0.002624671916010457,0.05000000000000426,-0.14999999999999858,57.0,57.05,57.1,57.15,1.0,116.0,3446.0,1001.0,False
006208,2022-10-21 09:37:53.084107,0.0008764241893077784,-0.002624671916010457,0.05000000000000426,-0.14999999999999858,57.0,57.05,57.1,57.15,1.0,116.0,3446.0,1001.0,False
006208,2022-10-21 09:37:53.084311,0.0008764241893077784,-0.002624671916010457,0.05000000000000426,-0.14999999999999858,57.0,57.05,57.1,57.15,1.0,136.0,3446.0,1001.0,False
006208,2022-10-21 09:37:53.542049,0.0008764241893077784,-0.002624671916010457,0.05000000000000426,-0.14999999999999858,57.0,57.05,57.1,57.15,1.0,136.0,3446.0,1001.0,False
006208,2022-10-21 09:37:53.579013,0.0008764241893077784,-0.002624671916010457,0.05000000000000426,-0.14999999999999858,57.0,57.05,57.1,57.15,1.0,116.0,3446.0,1001.0,False
006208,2022-10-21 09:37:53.816224,0.0008764241893077784,-0.002624671916010457,0.05000000000000426,-0.14999999999999858,57.0,57.05,57.1,57.15,1.0,116.0,3446.0,1001.0,False
006208,2022-10-21 09:37:53.816410,0.0008764241893077784,-0.002624671916010457,0.05000000000000426,-0.14999999999999858,57.0,57.05,57.1,57.15,1.0,116.0,3446.0,1001.0,False
006208,2022-10-21 09:37:54.849446,0.0008764241893077784,-0.002624671916010457,0.05000000000000426,-0.14999999999999858,57.0,57.05,57.1,57.15,1.0,116.0,3466.0,1001.0,True
006208,2022-10-21 09:37:55.305426,0.0008764241893077784,-0.002624671916010457,0.05000000000000426,-0.14999999999999858,57.0,57.05,57.1,57.15,1.0,136.0,3466.0,1001.0,False
006208,2022-10-21 09:37:55.316667,0.0008764241893077784,-0.002624671916010457,0.05000000000000426,-0.14999999999999858,57.0,57.05,57.1,57.15,1.0,156.0,3466.0,1001.0,False
006208,2022-10-21 09:37:56.278297,0.0008764241893077784,-0.002624671916010457,0.05000000000000426,-0.14999999999999858,57.0,57.05,57.1,57.15,1.0,156.0,3466.0,1001.0,False
006208,2022-10-21 09:37:56.305923,0.0008764241893077784,-0.002624671916010457,0.05000000000000426,-0.14999999999999858,57.0,57.05,57.1,57.15,1.0,306.0,3466.0,1001.0,False
006208,2022-10-21 09:37:56.414647,0.0008764241893077784,-0.002624671916010457,0.05000000000000426,-0.14999999999999858,57.0,57.05,57.1,57.15,1.0,306.0,3466.0,1001.0,False
006208,2022-10-21 09:37:56.508891,0.0008764241893077784,-0.002624671916010457,0.05000000000000426,-0.14999999999999858,57.0,57.05,57.1,57.15,1.0,286.0,3466.0,1001.0,False
006208,2022-10-21 09:37:56.509120,0.0008764241893077784,-0.002624671916010457,0.05000000000000426,-0.14999999999999858,57.0,57.05,57.1,57.15,1.0,286.0,3466.0,1001.0,False
006208,2022-10-21 09:37:57.624832,0.0008764241893077784,-0.002624671916010457,0.05000000000000426,-0.14999999999999858,57.0,57.05,57.1,57.15,1.0,286.0,3466.0,1001.0,False
006208,2022-10-21 09:37:57.665870,0.0008764241893077784,-0.002624671916010457,0.05000000000000426,-0.14999999999999858,57.0,57.05,57.1,57.15,1.0,156.0,3466.0,1001.0,False
006208,2022-10-21 09:37:58.666205,0.0008764241893077784,-0.002624671916010457,0.05000000000000426,-0.14999999999999858,57.0,57.05,57.1,57.15,1.0,156.0,3466.0,1001.0,False
006208,2022-10-21 09:38:02.398585,0.0008764241893077784,-0.002624671916010457,0.05000000000000426,-0.14999999999999858,57.0,57.05,57.1,57.15,1.0,156.0,3466.0,1001.0,False
006208,2022-10-21 09:38:02.400895,0.0008764241893077784,-0.002624671916010457,0.05000000000000426,-0.14999999999999858,57.0,57.05,57.1,57.15,1.0,136.0,3466.0,1001.0,False
006208,2022-10-21 09:38:04.390032,0.0008764241893077784,-0.002624671916010457,0.05000000000000426,-0.14999999999999858,57.0,57.05,57.1,57.15,1.0,136.0,3466.0,1001.0,False
006208,2022-10-21 09:38:04.404715,0.0008764241893077784,-0.002624671916010457,0.05000000000000426,-0.14999999999999858,57.0,57.05,57.1,57.15,1.0,116.0,3466.0,1001.0,False
006208,2022-10-21 09:38:04.659833,0.0008764241893077784,-0.002624671916010457,0.05000000000000426,-0.14999999999999858,57.0,57.05,57.1,57.15,1.0,116.0,3466.0,1001.0,False
006208,2022-10-21 09:38:04.808333,0.0008764241893077784,-0.002624671916010457,0.05000000000000426,-0.14999999999999858,57.0,57.05,57.1,57.15,1.0,116.0,3466.0,1001.0,False
006208,2022-10-21 09:38:04.808537,0.0008764241893077784,-0.002624671916010457,0.05000000000000426,-0.14999999999999858,57.0,57.05,57.1,57.15,1.0,116.0,3466.0,1001.0,False
006208,2022-10-21 09:38:04.879575,0.0008764241893077784,-0.002624671916010457,0.05000000000000426,-0.14999999999999858,57.0,57.05,57.1,57.15,1.0,116.0,3536.0,1001.0,True
006208,2022-10-21 09:38:06.238761,0.0008764241893077784,-0.002624671916010457,0.05000000000000426,-0.14999999999999858,57.0,57.05,57.1,57.15,1.0,41.0,3536.0,1001.0,False
006208,2022-10-21 09:38:06.260047,0.0008764241893077784,-0.002624671916010457,0.05000000000000426,-0.14999999999999858,57.0,57.05,57.1,57.15,2.0,41.0,3536.0,1001.0,False
006208,2022-10-21 09:38:06.401821,0.0008764241893077784,-0.002624671916010457,0.05000000000000426,-0.14999999999999858,57.0,57.05,57.1,57.15,2.0,41.0,3536.0,1001.0,False
006208,2022-10-21 09:38:06.546476,0.0008764241893077784,-0.002624671916010457,0.05000000000000426,-0.14999999999999858,57.0,57.05,57.1,57.15,2.0,41.0,3536.0,1001.0,False
006208,2022-10-21 09:38:07.879636,0.0008764241893077784,-0.002624671916010457,0.05000000000000426,-0.14999999999999858,57.0,57.05,57.1,57.15,2.0,41.0,3536.0,1001.0,False
006208,2022-10-21 09:38:07.879667,0.0008764241893077784,-0.002624671916010457,0.05000000000000426,-0.14999999999999858,57.0,57.05,57.1,57.15,2.0,41.0,3536.0,1001.0,False
006208,2022-10-21 09:38:09.540848,0.0008764241893077784,-0.002624671916010457,0.05000000000000426,-0.14999999999999858,57.0,57.05,57.1,57.15,2.0,41.0,3536.0,1001.0,False
006208,2022-10-21 09:38:09.552882,0.0008764241893077784,-0.002624671916010457,0.05000000000000426,-0.14999999999999858,57.0,57.05,57.1,57.15,2.0,41.0,3536.0,1001.0,False
006208,2022-10-21 09:38:09.630424,0.0008764241893077784,-0.002624671916010457,0.05000000000000426,-0.14999999999999858,57.0,57.05,57.1,57.15,2.0,41.0,3536.0,1001.0,False
006208,2022-10-21 09:38:10.552586,0.0008764241893077784,-0.002624671916010457,0.05000000000000426,-0.14999999999999858,57.0,57.05,57.1,57.15,102.0,41.0,3536.0,1001.0,False
006208,2022-10-21 09:38:10.989255,0.0008764241893077784,-0.002624671916010457,0.05000000000000426,-0.14999999999999858,57.0,57.05,57.1,57.15,102.0,41.0,3536.0,1001.0,False
006208,2022-10-21 09:38:10.989343,0.0008764241893077784,-0.002624671916010457,0.05000000000000426,-0.14999999999999858,57.0,57.05,57.1,57.15,102.0,41.0,3536.0,1001.0,False
006208,2022-10-21 09:38:11.476757,0.0008764241893077784,-0.002624671916010457,0.05000000000000426,-0.14999999999999858,57.0,57.05,57.1,57.15,102.0,41.0,3536.0,1001.0,False
006208,2022-10-21 09:38:11.888544,0.0008764241893077784,-0.002624671916010457,0.05000000000000426,-0.14999999999999858,57.0,57.05,57.1,57.15,102.0,41.0,3536.0,1001.0,False
006208,2022-10-21 09:38:11.898194,0.0008764241893077784,-0.002624671916010457,0.05000000000000426,-0.14999999999999858,57.0,57.05,57.1,57.15,102.0,61.0,3536.0,1001.0,False
006208,2022-10-21 09:38:12.406539,0.0008764241893077784,-0.002624671916010457,0.05000000000000426,-0.14999999999999858,57.0,57.05,57.1,57.15,102.0,61.0,3536.0,1001.0,False
006208,2022-10-21 09:38:12.701458,0.0008764241893077784,-0.002624671916010457,0.05000000000000426,-0.14999999999999858,57.0,57.05,57.1,57.15,102.0,61.0,3536.0,1001.0,False
006208,2022-10-21 09:38:12.715167,0.0008764241893077784,-0.002624671916010457,0.05000000000000426,-0.14999999999999858,57.0,57.05,57.1,57.15,102.0,41.0,3536.0,1001.0,False
006208,2022-10-21 09:38:13.609565,0.0008764241893077784,-0.002624671916010457,0.05000000000000426,-0.14999999999999858,57.0,57.05,57.1,57.15,102.0,41.0,3536.0,1001.0,False
006208,2022-10-21 09:38:13.705277,0.0008764241893077784,-0.002624671916010457,0.05000000000000426,-0.14999999999999858,57.0,57.05,57.1,57.15,102.0,41.0,3536.0,1001.0,False
006208,2022-10-21 09:38:13.927239,0.0008764241893077784,-0.002624671916010457,0.05000000000000426,-0.14999999999999858,57.0,57.05,57.1,57.15,102.0,41.0,3536.0,1001.0,False
006208,2022-10-21 09:38:13.978920,0.0008764241893077784,-0.002624671916010457,0.05000000000000426,-0.14999999999999858,57.0,57.05,57.1,57.15,102.0,1.0,3536.0,1001.0,False
006208,2022-10-21 09:38:14.089311,0.0008764241893077784,-0.002624671916010457,0.05000000000000426,-0.14999999999999858,57.0,57.05,57.1,57.15,102.0,1.0,3536.0,1001.0,False
006208,2022-10-21 09:38:14.209742,0.0008764241893077784,-0.002624671916010457,0.05000000000000426,-0.14999999999999858,57.0,57.05,57.1,57.15,102.0,1.0,3536.0,1001.0,False
006208,2022-10-21 09:38:14.343294,0.0008764241893077784,-0.002624671916010457,0.05000000000000426,-0.14999999999999858,57.0,57.05,57.1,57.15,177.0,1.0,3536.0,1001.0,False
006208,2022-10-21 09:38:14.398685,0.0008764241893077784,-0.002624671916010457,0.05000000000000426,-0.14999999999999858,57.0,57.05,57.1,57.15,177.0,21.0,3536.0,1001.0,False
006208,2022-10-21 09:38:14.661546,0.0008764241893077784,-0.002624671916010457,0.05000000000000426,-0.14999999999999858,57.0,57.05,57.1,57.15,177.0,21.0,3536.0,1001.0,False
006208,2022-10-21 09:38:14.661648,0.0008764241893077784,-0.002624671916010457,0.05000000000000426,-0.14999999999999858,57.0,57.05,57.1,57.15,177.0,21.0,3536.0,1001.0,False
006208,2022-10-21 09:38:14.907274,0.0008764241893077784,-0.002624671916010457,0.05000000000000426,-0.14999999999999858,57.0,57.05,57.1,57.15,177.0,21.0,2687.0,1151.0,True
006208,2022-10-21 09:38:15.148671,0.0008764241893077784,-0.002624671916010457,0.05000000000000426,-0.14999999999999858,57.0,57.05,57.1,57.15,177.0,21.0,2687.0,1151.0,False
006208,2022-10-21 09:38:15.148819,0.0008764241893077784,-0.002624671916010457,0.05000000000000426,-0.14999999999999858,57.0,57.05,57.1,57.15,177.0,21.0,2687.0,1151.0,False
006208,2022-10-21 09:38:15.340306,0.0008764241893077784,-0.002624671916010457,0.05000000000000426,-0.14999999999999858,57.0,57.05,57.1,57.15,177.0,1.0,2687.0,1151.0,False
006208,2022-10-21 09:38:15.350118,0.0008764241893077784,-0.002624671916010457,0.05000000000000426,-0.14999999999999858,57.0,57.05,57.1,57.15,177.0,1.0,2687.0,1151.0,False
006208,2022-10-21 09:38:15.905595,0.0008764241893077784,-0.002624671916010457,0.05000000000000426,-0.14999999999999858,57.0,57.05,57.1,57.15,177.0,1.0,2687.0,1151.0,False
006208,2022-10-21 09:38:15.905728,0.0008764241893077784,-0.002624671916010457,0.05000000000000426,-0.14999999999999858,57.0,57.05,57.1,57.15,177.0,1.0,2687.0,1151.0,False
006208,2022-10-21 09:38:16.515758,0.0008764241893077784,-0.002624671916010457,0.05000000000000426,-0.14999999999999858,57.0,57.05,57.1,57.15,177.0,1.0,2687.0,1151.0,False
006208,2022-10-21 09:38:16.520441,0.0008764241893077784,-0.002624671916010457,0.05000000000000426,-0.14999999999999858,57.0,57.05,57.1,57.15,177.0,1.0,2687.0,1151.0,False
006208,2022-10-21 09:38:16.687294,0.0008764241893077784,-0.002624671916010457,0.05000000000000426,-0.14999999999999858,57.0,57.05,57.1,57.15,177.0,1.0,2687.0,1151.0,False
006208,2022-10-21 09:38:16.813742,0.0008764241893077784,-0.002624671916010457,0.05000000000000426,-0.14999999999999858,57.0,57.05,57.1,57.15,177.0,21.0,2687.0,1151.0,False
006208,2022-10-21 09:38:17.131647,0.0008764241893077784,-0.002624671916010457,0.05000000000000426,-0.14999999999999858,57.0,57.05,57.1,57.15,177.0,21.0,2687.0,1151.0,False
006208,2022-10-21 09:38:17.820397,0.0008764241893077784,-0.002624671916010457,0.05000000000000426,-0.14999999999999858,57.0,57.05,57.1,57.15,177.0,61.0,2687.0,1151.0,False
006208,2022-10-21 09:38:17.870310,0.0008764241893077784,-0.002624671916010457,0.05000000000000426,-0.14999999999999858,57.0,57.05,57.1,57.15,177.0,61.0,2687.0,1151.0,False
006208,2022-10-21 09:38:17.901511,0.0008764241893077784,-0.002624671916010457,0.05000000000000426,-0.14999999999999858,57.0,57.05,57.1,57.15,177.0,21.0,2687.0,1151.0,False
006208,2022-10-21 09:38:18.170268,0.0008764241893077784,-0.002624671916010457,0.05000000000000426,-0.14999999999999858,57.0,57.05,57.1,57.15,177.0,21.0,2687.0,1151.0,False
006208,2022-10-21 09:38:18.170407,0.0008764241893077784,-0.002624671916010457,0.05000000000000426,-0.14999999999999858,57.0,57.05,57.1,57.15,177.0,21.0,2687.0,1151.0,False
006208,2022-10-21 09:38:19.316729,0.0008764241893077784,-0.002624671916010457,0.05000000000000426,-0.14999999999999858,57.0,57.05,57.1,57.15,102.0,21.0,2687.0,1151.0,False
006208,2022-10-21 09:38:19.317251,0.0008764241893077784,-0.002624671916010457,0.05000000000000426,-0.14999999999999858,57.0,57.05,57.1,57.15,102.0,21.0,2687.0,1151.0,False
006208,2022-10-21 09:38:19.622312,0.0008764241893077784,-0.002624671916010457,0.05000000000000426,-0.14999999999999858,57.0,57.05,57.1,57.15,102.0,21.0,2687.0,1151.0,False
006208,2022-10-21 09:38:20.712814,0.0008764241893077784,-0.002624671916010457,0.05000000000000426,-0.14999999999999858,57.0,57.05,57.1,57.15,103.0,21.0,2687.0,1151.0,False
006208,2022-10-21 09:38:21.436877,0.0008764241893077784,-0.002624671916010457,0.05000000000000426,-0.14999999999999858,57.0,57.05,57.1,57.15,103.0,21.0,2687.0,1151.0,False
006208,2022-10-21 09:38:22.438669,0.0008764241893077784,-0.002624671916010457,0.05000000000000426,-0.14999999999999858,57.0,57.05,57.1,57.15,103.0,21.0,2687.0,1151.0,False
006208,2022-10-21 09:38:22.469217,0.0008764241893077784,-0.002624671916010457,0.05000000000000426,-0.14999999999999858,57.0,57.05,57.1,57.15,103.0,1.0,2687.0,1151.0,False
006208,2022-10-21 09:38:22.479820,0.0008764241893077784,-0.002624671916010457,0.05000000000000426,-0.14999999999999858,57.0,57.05,57.1,57.15,103.0,21.0,2687.0,1151.0,False
006208,2022-10-21 09:38:22.617599,0.0008764241893077784,-0.002624671916010457,0.05000000000000426,-0.14999999999999858,57.0,57.05,57.1,57.15,96.0,21.0,2687.0,1151.0,False
006208,2022-10-21 09:38:23.420931,0.0008764241893077784,-0.002624671916010457,0.05000000000000426,-0.14999999999999858,57.0,57.05,57.1,57.15,96.0,21.0,2687.0,1151.0,False
006208,2022-10-21 09:38:23.646779,0.0008764241893077784,-0.002624671916010457,0.05000000000000426,-0.14999999999999858,57.0,57.05,57.1,57.15,96.0,21.0,2687.0,1151.0,False
006208,2022-10-21 09:38:24.023562,0.0008764241893077784,-0.002624671916010457,0.05000000000000426,-0.14999999999999858,57.0,57.05,57.1,57.15,96.0,21.0,2687.0,1151.0,False
006208,2022-10-21 09:38:24.225053,0.0008764241893077784,-0.002624671916010457,0.05000000000000426,-0.14999999999999858,57.0,57.05,57.1,57.15,96.0,21.0,2687.0,1151.0,False
006208,2022-10-21 09:38:24.225164,0.0008764241893077784,-0.002624671916010457,0.05000000000000426,-0.14999999999999858,57.0,57.05,57.1,57.15,96.0,21.0,2687.0,1151.0,False
006208,2022-10-21 09:38:24.935268,0.0008764241893077784,-0.002624671916010457,0.05000000000000426,-0.14999999999999858,57.0,57.05,57.1,57.15,96.0,21.0,1188.0,1151.0,True
006208,2022-10-21 09:38:26.044256,0.0008764241893077784,-0.002624671916010457,0.05000000000000426,-0.14999999999999858,57.0,57.05,57.1,57.15,96.0,21.0,1188.0,1151.0,False
006208,2022-10-21 09:38:26.530484,0.0008764241893077784,-0.002624671916010457,0.05000000000000426,-0.14999999999999858,57.0,57.05,57.1,57.15,96.0,21.0,1188.0,1151.0,False
006208,2022-10-21 09:38:26.531344,0.0008764241893077784,-0.002624671916010457,0.05000000000000426,-0.14999999999999858,57.0,57.05,57.1,57.15,171.0,21.0,1188.0,1151.0,False
006208,2022-10-21 09:38:26.864373,0.0008764241893077784,-0.002624671916010457,0.05000000000000426,-0.14999999999999858,57.0,57.05,57.1,57.15,171.0,21.0,1188.0,1151.0,False
006208,2022-10-21 09:38:26.962256,0.0008764241893077784,-0.002624671916010457,0.05000000000000426,-0.14999999999999858,57.0,57.05,57.1,57.15,171.0,61.0,1188.0,1151.0,False
006208,2022-10-21 09:38:27.120721,0.0008764241893077784,-0.002624671916010457,0.05000000000000426,-0.14999999999999858,57.0,57.05,57.1,57.15,171.0,61.0,1188.0,1151.0,False
006208,2022-10-21 09:38:27.159630,0.0008764241893077784,-0.002624671916010457,0.05000000000000426,-0.14999999999999858,57.0,57.05,57.1,57.15,171.0,21.0,1188.0,1151.0,False
006208,2022-10-21 09:38:27.253638,0.0008764241893077784,-0.002624671916010457,0.05000000000000426,-0.14999999999999858,57.0,57.05,57.1,57.15,171.0,21.0,1188.0,1151.0,False
006208,2022-10-21 09:38:28.001661,0.0008764241893077784,-0.002624671916010457,0.05000000000000426,-0.14999999999999858,57.0,57.05,57.1,57.15,96.0,21.0,1188.0,1151.0,False
006208,2022-10-21 09:38:28.025760,0.0008764241893077784,-0.002624671916010457,0.05000000000000426,-0.14999999999999858,57.0,57.05,57.1,57.15,96.0,21.0,1188.0,1151.0,False
006208,2022-10-21 09:38:29.257419,0.0008764241893077784,-0.002624671916010457,0.05000000000000426,-0.14999999999999858,57.0,57.05,57.1,57.15,96.0,21.0,1188.0,1151.0,False
006208,2022-10-21 09:38:29.966818,0.0008764241893077784,-0.002624671916010457,0.05000000000000426,-0.14999999999999858,57.0,57.05,57.1,57.15,96.0,61.0,1188.0,1151.0,False
006208,2022-10-21 09:38:30.701001,0.0008764241893077784,-0.002624671916010457,0.05000000000000426,-0.14999999999999858,57.0,57.05,57.1,57.15,96.0,21.0,1188.0,1151.0,False
006208,2022-10-21 09:38:31.857513,0.0008764241893077784,-0.002624671916010457,0.05000000000000426,-0.14999999999999858,57.0,57.05,57.1,57.15,96.0,21.0,1188.0,1151.0,False
006208,2022-10-21 09:38:31.859827,0.0008764241893077784,-0.002624671916010457,0.05000000000000426,-0.14999999999999858,57.0,57.05,57.1,57.15,171.0,21.0,1188.0,1151.0,False
006208,2022-10-21 09:38:32.175115,0.0008764241893077784,-0.002624671916010457,0.05000000000000426,-0.14999999999999858,57.0,57.05,57.1,57.15,171.0,21.0,1188.0,1151.0,False
006208,2022-10-21 09:38:32.185133,0.0008764241893077784,-0.002624671916010457,0.05000000000000426,-0.14999999999999858,57.0,57.05,57.1,57.15,171.0,1.0,1188.0,1151.0,False
006208,2022-10-21 09:38:32.247699,0.0008764241893077784,-0.002624671916010457,0.05000000000000426,-0.14999999999999858,57.0,57.05,57.1,57.15,171.0,21.0,1188.0,1151.0,False
006208,2022-10-21 09:38:33.592257,0.0008764241893077784,-0.002624671916010457,0.05000000000000426,-0.14999999999999858,57.0,57.05,57.1,57.15,171.0,61.0,1188.0,1151.0,False
006208,2022-10-21 09:38:34.965567,0.0008764241893077784,-0.002624671916010457,0.05000000000000426,-0.14999999999999858,57.0,57.05,57.1,57.15,171.0,61.0,217.0,1151.0,True
006208,2022-10-21 09:38:35.840116,0.0008764241893077784,-0.002624671916010457,0.05000000000000426,-0.14999999999999858,57.0,57.05,57.1,57.15,171.0,61.0,217.0,1151.0,False
006208,2022-10-21 09:38:35.948342,0.0008764241893077784,-0.002624671916010457,0.05000000000000426,-0.14999999999999858,57.0,57.05,57.1,57.15,171.0,21.0,217.0,1151.0,False
006208,2022-10-21 09:38:37.079551,0.0008764241893077784,-0.002624671916010457,0.05000000000000426,-0.14999999999999858,57.0,57.05,57.1,57.15,171.0,21.0,217.0,1151.0,False
006208,2022-10-21 09:38:37.088542,0.0008764241893077784,-0.002624671916010457,0.05000000000000426,-0.14999999999999858,57.0,57.05,57.1,57.15,171.0,1.0,217.0,1151.0,False
006208,2022-10-21 09:38:37.237145,0.0008764241893077784,-0.002624671916010457,0.05000000000000426,-0.14999999999999858,57.0,57.05,57.1,57.15,171.0,1.0,217.0,1151.0,False
006208,2022-10-21 09:38:37.243284,0.0008764241893077784,-0.002624671916010457,0.05000000000000426,-0.14999999999999858,57.0,57.05,57.1,57.15,171.0,1.0,217.0,1151.0,False
006208,2022-10-21 09:38:37.370002,0.0008764241893077784,-0.002624671916010457,0.05000000000000426,-0.14999999999999858,57.0,57.05,57.1,57.15,171.0,1.0,217.0,1151.0,False
006208,2022-10-21 09:38:37.964303,0.0008764241893077784,-0.002624671916010457,0.05000000000000426,-0.14999999999999858,57.0,57.05,57.1,57.15,171.0,1.0,217.0,1151.0,False
006208,2022-10-21 09:38:37.964482,0.0008764241893077784,-0.002624671916010457,0.05000000000000426,-0.14999999999999858,57.0,57.05,57.1,57.15,171.0,1.0,217.0,1151.0,False
006208,2022-10-21 09:38:40.454620,0.0008764241893077784,-0.002624671916010457,0.05000000000000426,-0.14999999999999858,57.0,57.05,57.1,57.15,171.0,1.0,217.0,1151.0,False
006208,2022-10-21 09:38:40.793851,0.0008764241893077784,-0.002624671916010457,0.05000000000000426,-0.14999999999999858,57.0,57.05,57.1,57.15,171.0,1.0,217.0,1151.0,False
006208,2022-10-21 09:38:40.793869,0.0008764241893077784,-0.002624671916010457,0.05000000000000426,-0.14999999999999858,57.0,57.05,57.1,57.15,171.0,1.0,217.0,1151.0,False
006208,2022-10-21 09:38:41.358021,0.0008764241893077784,-0.002624671916010457,0.05000000000000426,-0.14999999999999858,57.0,57.05,57.1,57.15,171.0,1.0,217.0,1151.0,False
006208,2022-10-21 09:38:41.358174,0.0008764241893077784,-0.002624671916010457,0.05000000000000426,-0.14999999999999858,57.0,57.05,57.1,57.15,171.0,1.0,217.0,1151.0,False
006208,2022-10-21 09:38:41.948455,0.0008764241893077784,-0.002624671916010457,0.05000000000000426,-0.14999999999999858,57.0,57.05,57.1,57.15,171.0,1.0,217.0,1151.0,False
006208,2022-10-21 09:38:41.948646,0.0008764241893077784,-0.002624671916010457,0.05000000000000426,-0.14999999999999858,57.0,57.05,57.1,57.15,171.0,1.0,217.0,1151.0,False
006208,2022-10-21 09:38:42.846269,0.0008764241893077784,-0.002624671916010457,0.05000000000000426,-0.14999999999999858,57.0,57.05,57.1,57.15,175.0,1.0,217.0,1151.0,False
006208,2022-10-21 09:38:44.990877,0.0008764241893077784,-0.002624671916010457,0.05000000000000426,-0.14999999999999858,57.0,57.05,57.1,57.15,175.0,1.0,1305.0,1151.0,True
006208,2022-10-21 09:38:45.482566,0.0008764241893077784,-0.002624671916010457,0.05000000000000426,-0.14999999999999858,57.0,57.05,57.1,57.15,175.0,1.0,1305.0,1151.0,False
006208,2022-10-21 09:38:45.597146,0.0008764241893077784,-0.002624671916010457,0.05000000000000426,-0.14999999999999858,57.0,57.05,57.1,57.15,175.0,1.0,1305.0,1151.0,False
006208,2022-10-21 09:38:45.811043,0.0008764241893077784,-0.002624671916010457,0.05000000000000426,-0.14999999999999858,57.0,57.05,57.1,57.15,175.0,1.0,1305.0,1151.0,False
006208,2022-10-21 09:38:46.210656,0.0008764241893077784,-0.002624671916010457,0.05000000000000426,-0.14999999999999858,57.0,57.05,57.1,57.15,175.0,1.0,1305.0,1151.0,False
006208,2022-10-21 09:38:47.353187,0.0008764241893077784,-0.002624671916010457,0.05000000000000426,-0.14999999999999858,57.0,57.05,57.1,57.15,175.0,1.0,1305.0,1151.0,False
006208,2022-10-21 09:38:47.356539,0.0008764241893077784,-0.002624671916010457,0.05000000000000426,-0.14999999999999858,57.0,57.05,57.1,57.15,175.0,1.0,1305.0,1151.0,False
006208,2022-10-21 09:38:47.503849,0.0008764241893077784,-0.002624671916010457,0.05000000000000426,-0.14999999999999858,57.0,57.05,57.1,57.15,175.0,1.0,1305.0,1151.0,False
006208,2022-10-21 09:38:47.920804,0.0008764241893077784,-0.002624671916010457,0.05000000000000426,-0.14999999999999858,57.0,57.05,57.1,57.15,175.0,1.0,1305.0,1151.0,False
006208,2022-10-21 09:38:47.950723,0.0008764241893077784,-0.002624671916010457,0.05000000000000426,-0.14999999999999858,57.0,57.05,57.1,57.15,175.0,1.0,1305.0,1151.0,False
006208,2022-10-21 09:38:48.950572,0.0008764241893077784,-0.002624671916010457,0.05000000000000426,-0.14999999999999858,57.0,57.05,57.1,57.15,175.0,1.0,1305.0,1151.0,False
006208,2022-10-21 09:38:54.177356,0.0008764241893077784,-0.002624671916010457,0.05000000000000426,-0.14999999999999858,57.0,57.05,57.1,57.15,175.0,1.0,1305.0,1151.0,False
006208,2022-10-21 09:38:54.177390,0.0008764241893077784,-0.002624671916010457,0.05000000000000426,-0.14999999999999858,57.0,57.05,57.1,57.15,175.0,1.0,1305.0,1151.0,False
006208,2022-10-21 09:38:54.684462,0.0,-0.002624671916010457,0.0,-0.14999999999999858,57.0,57.1,57.1,57.15,175.0,100.0,1305.0,1151.0,False
006208,2022-10-21 09:38:54.685442,0.0,-0.002624671916010457,0.0,-0.14999999999999858,57.0,57.1,57.1,57.15,175.0,100.0,1305.0,1151.0,False
006208,2022-10-21 09:38:54.715802,0.0,-0.002624671916010457,0.0,-0.14999999999999858,57.0,57.1,57.1,57.15,175.0,100.0,1305.0,1151.0,False
006208,2022-10-21 09:38:54.805334,0.0,-0.002624671916010457,0.0,-0.14999999999999858,57.0,57.1,57.1,57.15,175.0,60.0,1305.0,1151.0,False
006208,2022-10-21 09:38:54.932267,0.0,-0.002624671916010457,0.0,-0.14999999999999858,57.0,57.1,57.1,57.15,175.0,60.0,1305.0,1151.0,False
006208,2022-10-21 09:38:55.018676,0.0,-0.002624671916010457,0.0,-0.14999999999999858,57.0,57.1,57.1,57.15,175.0,60.0,1305.0,1151.0,True
006208,2022-10-21 09:38:55.257843,0.0,-0.002624671916010457,0.0,-0.14999999999999858,57.0,57.1,57.1,57.15,175.0,60.0,1305.0,1151.0,False
006208,2022-10-21 09:38:55.292834,0.0,-0.002624671916010457,0.0,-0.14999999999999858,57.0,57.1,57.1,57.15,175.0,60.0,1305.0,1151.0,False
006208,2022-10-21 09:38:55.475127,0.0,-0.002624671916010457,0.0,-0.14999999999999858,57.0,57.1,57.1,57.15,175.0,60.0,1305.0,1151.0,False
006208,2022-10-21 09:38:55.496805,0.0,-0.002624671916010457,0.0,-0.14999999999999858,57.0,57.1,57.1,57.15,175.0,60.0,1305.0,1151.0,False
006208,2022-10-21 09:38:55.685624,0.0,-0.0017497812773403787,0.0,-0.10000000000000142,57.05,57.1,57.1,57.15,100.0,60.0,1305.0,1151.0,False
006208,2022-10-21 09:38:55.723437,0.0,-0.0017497812773403787,0.0,-0.10000000000000142,57.05,57.1,57.1,57.15,100.0,60.0,1305.0,1151.0,False
006208,2022-10-21 09:38:56.047029,0.0,-0.0017497812773403787,0.0,-0.10000000000000142,57.05,57.1,57.1,57.15,100.0,60.0,1305.0,1151.0,False
006208,2022-10-21 09:38:56.064808,0.0,-0.0017497812773403787,0.0,-0.10000000000000142,57.05,57.1,57.1,57.15,100.0,60.0,1305.0,1151.0,False
006208,2022-10-21 09:38:56.860755,0.0,-0.0017497812773403787,0.0,-0.10000000000000142,57.05,57.1,57.1,57.15,100.0,60.0,1305.0,1151.0,False
006208,2022-10-21 09:38:56.911037,0.0,-0.0017497812773403787,0.0,-0.10000000000000142,57.05,57.1,57.1,57.15,100.0,60.0,1305.0,1151.0,False
006208,2022-10-21 09:38:57.020909,0.0,-0.0017497812773403787,0.0,-0.10000000000000142,57.05,57.1,57.1,57.15,100.0,60.0,1305.0,1151.0,False
006208,2022-10-21 09:38:57.602583,0.0,-0.0017497812773403787,0.0,-0.10000000000000142,57.05,57.1,57.1,57.15,100.0,60.0,1305.0,1151.0,False
006208,2022-10-21 09:38:57.631485,0.0,-0.0017497812773403787,0.0,-0.10000000000000142,57.05,57.1,57.1,57.15,100.0,60.0,1305.0,1151.0,False
006208,2022-10-21 09:38:58.293509,0.0,-0.0017497812773403787,0.0,-0.10000000000000142,57.05,57.1,57.1,57.15,100.0,60.0,1305.0,1151.0,False
006208,2022-10-21 09:38:58.297444,0.0,-0.0017497812773403787,0.0,-0.10000000000000142,57.05,57.1,57.1,57.15,100.0,60.0,1305.0,1151.0,False
006208,2022-10-21 09:38:58.701969,0.0,-0.0017497812773403787,0.0,-0.10000000000000142,57.05,57.1,57.1,57.15,100.0,60.0,1305.0,1151.0,False
006208,2022-10-21 09:38:58.755456,0.0,-0.0017497812773403787,0.0,-0.10000000000000142,57.05,57.1,57.1,57.15,100.0,60.0,1305.0,1151.0,False
006208,2022-10-21 09:38:58.825263,0.0,-0.0017497812773403787,0.0,-0.10000000000000142,57.05,57.1,57.1,57.15,100.0,60.0,1305.0,1151.0,False
006208,2022-10-21 09:38:59.272608,0.0,-0.0017497812773403787,0.0,-0.10000000000000142,57.05,57.1,57.1,57.15,100.0,60.0,1305.0,1151.0,False
006208,2022-10-21 09:39:00.249234,0.0,-0.0017497812773403787,0.0,-0.10000000000000142,57.05,57.1,57.1,57.15,100.0,60.0,1305.0,1151.0,False
006208,2022-10-21 09:39:02.513552,0.0,-0.0017497812773403787,0.0,-0.10000000000000142,57.05,57.1,57.1,57.15,100.0,60.0,1305.0,1151.0,False
006208,2022-10-21 09:39:02.566524,0.0,-0.0017497812773403787,0.0,-0.10000000000000142,57.05,57.1,57.1,57.15,100.0,60.0,1305.0,1151.0,False
006208,2022-10-21 09:39:02.993121,0.0,-0.0017497812773403787,0.0,-0.10000000000000142,57.05,57.1,57.1,57.15,100.0,60.0,1305.0,1151.0,False
006208,2022-10-21 09:39:03.002129,0.0,-0.0017497812773403787,0.0,-0.10000000000000142,57.05,57.1,57.1,57.15,100.0,60.0,1305.0,1151.0,False
006208,2022-10-21 09:39:03.205122,0.0,-0.0017497812773403787,0.0,-0.10000000000000142,57.05,57.1,57.1,57.15,100.0,60.0,1305.0,1151.0,False
006208,2022-10-21 09:39:04.210617,0.0,-0.0017497812773403787,0.0,-0.10000000000000142,57.05,57.1,57.1,57.15,100.0,60.0,1305.0,1151.0,False
006208,2022-10-21 09:39:05.047569,0.0,-0.0017497812773403787,0.0,-0.10000000000000142,57.05,57.1,57.1,57.15,100.0,60.0,1392.0,1151.0,True
006208,2022-10-21 09:39:05.958745,0.0,-0.0017497812773403787,0.0,-0.10000000000000142,57.05,57.1,57.1,57.15,100.0,60.0,1392.0,1151.0,False
006208,2022-10-21 09:39:06.047438,0.0,-0.0017497812773403787,0.0,-0.10000000000000142,57.05,57.1,57.1,57.15,100.0,40.0,1392.0,1151.0,False
006208,2022-10-21 09:39:06.178939,0.0,-0.0017497812773403787,0.0,-0.10000000000000142,57.05,57.1,57.1,57.15,100.0,40.0,1392.0,1151.0,False
006208,2022-10-21 09:39:08.141319,0.0,-0.0017497812773403787,0.0,-0.10000000000000142,57.05,57.1,57.1,57.15,100.0,40.0,1392.0,1151.0,False
006208,2022-10-21 09:39:08.155727,0.0,-0.0017497812773403787,0.0,-0.10000000000000142,57.05,57.1,57.1,57.15,100.0,40.0,1392.0,1151.0,False
006208,2022-10-21 09:39:08.321989,0.0,-0.0017497812773403787,0.0,-0.10000000000000142,57.05,57.1,57.1,57.15,100.0,40.0,1392.0,1151.0,False
006208,2022-10-21 09:39:08.472903,0.0,-0.0017497812773403787,0.0,-0.10000000000000142,57.05,57.1,57.1,57.15,100.0,40.0,1392.0,1151.0,False
006208,2022-10-21 09:39:10.810066,-0.0008748906386700783,-0.0017497812773403787,-0.04999999999999716,-0.10000000000000142,57.05,57.15,57.1,57.15,100.0,176.0,1392.0,1151.0,False
006208,2022-10-21 09:39:10.824898,-0.0008748906386700783,-0.0017497812773403787,-0.04999999999999716,-0.10000000000000142,57.05,57.15,57.1,57.15,100.0,176.0,1392.0,1151.0,False
006208,2022-10-21 09:39:10.840753,-0.0008748906386700783,-0.0017497812773403787,-0.04999999999999716,-0.10000000000000142,57.05,57.15,57.1,57.15,100.0,176.0,1392.0,1151.0,False
006208,2022-10-21 09:39:11.057691,-0.0008748906386700783,-0.0017497812773403787,-0.04999999999999716,-0.10000000000000142,57.05,57.15,57.1,57.15,100.0,136.0,1392.0,1151.0,False
006208,2022-10-21 09:39:11.125303,-0.0008748906386700783,-0.0017497812773403787,-0.04999999999999716,-0.10000000000000142,57.05,57.15,57.1,57.15,100.0,136.0,1392.0,1151.0,False
006208,2022-10-21 09:39:11.170197,0.0,-0.0017497812773403787,0.0,-0.10000000000000142,57.05,57.1,57.1,57.15,100.0,40.0,1392.0,1151.0,False
006208,2022-10-21 09:39:11.298584,0.0,-0.0017497812773403787,0.0,-0.10000000000000142,57.05,57.1,57.1,57.15,100.0,40.0,1392.0,1151.0,False
006208,2022-10-21 09:39:11.499916,0.0,-0.0017497812773403787,0.0,-0.10000000000000142,57.05,57.1,57.1,57.15,100.0,40.0,1392.0,1151.0,False
006208,2022-10-21 09:39:12.886243,0.0,-0.0017497812773403787,0.0,-0.10000000000000142,57.05,57.1,57.1,57.15,100.0,40.0,1392.0,1151.0,False
006208,2022-10-21 09:39:12.907036,-0.0008748906386700783,-0.0017497812773403787,-0.04999999999999716,-0.10000000000000142,57.05,57.15,57.1,57.15,175.0,101.0,1392.0,1151.0,False
006208,2022-10-21 09:39:12.960282,-0.0008748906386700783,-0.0017497812773403787,-0.04999999999999716,-0.10000000000000142,57.05,57.15,57.1,57.15,175.0,101.0,1392.0,1151.0,False
006208,2022-10-21 09:39:13.110596,-0.0008748906386700783,-0.0017497812773403787,-0.04999999999999716,-0.10000000000000142,57.05,57.15,57.1,57.15,175.0,61.0,1392.0,1151.0,False
006208,2022-10-21 09:39:13.231178,-0.0008748906386700783,-0.0017497812773403787,-0.04999999999999716,-0.10000000000000142,57.05,57.15,57.1,57.15,175.0,61.0,1392.0,1151.0,False
006208,2022-10-21 09:39:13.508315,-0.0008748906386700783,-0.0017497812773403787,-0.04999999999999716,-0.10000000000000142,57.05,57.15,57.1,57.15,175.0,61.0,1392.0,1151.0,False
006208,2022-10-21 09:39:13.756509,-0.0008748906386700783,-0.0017497812773403787,-0.04999999999999716,-0.10000000000000142,57.05,57.15,57.1,57.15,175.0,61.0,1392.0,1151.0,False
006208,2022-10-21 09:39:13.759712,-0.0008748906386700783,-0.0017497812773403787,-0.04999999999999716,-0.10000000000000142,57.05,57.15,57.1,57.15,175.0,61.0,1392.0,1151.0,False
006208,2022-10-21 09:39:14.110779,-0.0008748906386700783,-0.0017497812773403787,-0.04999999999999716,-0.10000000000000142,57.05,57.15,57.1,57.15,175.0,61.0,1392.0,1151.0,False
006208,2022-10-21 09:39:14.120366,-0.0008748906386700783,-0.0017497812773403787,-0.04999999999999716,-0.10000000000000142,57.05,57.15,57.1,57.15,175.0,61.0,1392.0,1151.0,False
006208,2022-10-21 09:39:14.722017,-0.0008748906386700783,-0.0008748906386700783,-0.04999999999999716,-0.04999999999999716,57.1,57.15,57.1,57.15,1.0,61.0,1392.0,1151.0,False
006208,2022-10-21 09:39:14.757936,-0.0008748906386700783,-0.0008748906386700783,-0.04999999999999716,-0.04999999999999716,57.1,57.15,57.1,57.15,1.0,61.0,1392.0,1151.0,False
006208,2022-10-21 09:39:14.965276,-0.0008748906386700783,-0.0008748906386700783,-0.04999999999999716,-0.04999999999999716,57.1,57.15,57.1,57.15,1.0,61.0,1392.0,1151.0,False
006208,2022-10-21 09:39:15.075135,-0.0008748906386700783,-0.0008748906386700783,-0.04999999999999716,-0.04999999999999716,57.1,57.15,57.1,57.15,1.0,61.0,1892.0,1151.0,True
006208,2022-10-21 09:39:15.927767,-0.0008748906386700783,-0.0008748906386700783,-0.04999999999999716,-0.04999999999999716,57.1,57.15,57.1,57.15,1.0,61.0,1892.0,1151.0,False
006208,2022-10-21 09:39:15.927824,-0.0008748906386700783,-0.0008748906386700783,-0.04999999999999716,-0.04999999999999716,57.1,57.15,57.1,57.15,1.0,61.0,1892.0,1151.0,False
006208,2022-10-21 09:39:15.958815,-0.0008748906386700783,-0.0008748906386700783,-0.04999999999999716,-0.04999999999999716,57.1,57.15,57.1,57.15,1.0,61.0,1892.0,1151.0,False
006208,2022-10-21 09:39:16.741638,-0.0008748906386700783,-0.0008748906386700783,-0.04999999999999716,-0.04999999999999716,57.1,57.15,57.1,57.15,1.0,61.0,1892.0,1151.0,False
006208,2022-10-21 09:39:16.770034,-0.0008748906386700783,-0.0008748906386700783,-0.04999999999999716,-0.04999999999999716,57.1,57.15,57.1,57.15,1.0,61.0,1892.0,1151.0,False
006208,2022-10-21 09:39:16.959371,-0.0008748906386700783,-0.0008748906386700783,-0.04999999999999716,-0.04999999999999716,57.1,57.15,57.1,57.15,1.0,61.0,1892.0,1151.0,False
006208,2022-10-21 09:39:16.959409,-0.0008748906386700783,-0.0008748906386700783,-0.04999999999999716,-0.04999999999999716,57.1,57.15,57.1,57.15,101.0,61.0,1892.0,1151.0,False
006208,2022-10-21 09:39:17.205004,-0.0008748906386700783,-0.0008748906386700783,-0.04999999999999716,-0.04999999999999716,57.1,57.15,57.1,57.15,101.0,61.0,1892.0,1151.0,False
006208,2022-10-21 09:39:17.238079,-0.0008748906386700783,-0.0008748906386700783,-0.04999999999999716,-0.04999999999999716,57.1,57.15,57.1,57.15,1.0,61.0,1892.0,1151.0,False
006208,2022-10-21 09:39:18.238405,-0.0008748906386700783,-0.0008748906386700783,-0.04999999999999716,-0.04999999999999716,57.1,57.15,57.1,57.15,1.0,61.0,1892.0,1151.0,False
006208,2022-10-21 09:39:20.386370,-0.0008748906386700783,-0.0008748906386700783,-0.04999999999999716,-0.04999999999999716,57.1,57.15,57.1,57.15,1.0,61.0,1892.0,1151.0,False
006208,2022-10-21 09:39:20.970987,-0.0008748906386700783,-0.0008748906386700783,-0.04999999999999716,-0.04999999999999716,57.1,57.15,57.1,57.15,1.0,61.0,1892.0,1151.0,False
006208,2022-10-21 09:39:20.971704,-0.0008748906386700783,-0.0008748906386700783,-0.04999999999999716,-0.04999999999999716,57.1,57.15,57.1,57.15,1.0,136.0,1892.0,1151.0,False
006208,2022-10-21 09:39:22.234032,-0.0008748906386700783,-0.0008748906386700783,-0.04999999999999716,-0.04999999999999716,57.1,57.15,57.1,57.15,1.0,136.0,1892.0,1151.0,False
006208,2022-10-21 09:39:22.938204,-0.0008748906386700783,-0.0008748906386700783,-0.04999999999999716,-0.04999999999999716,57.1,57.15,57.1,57.15,1.0,156.0,1892.0,1151.0,False
006208,2022-10-21 09:39:23.037677,-0.0008748906386700783,-0.0008748906386700783,-0.04999999999999716,-0.04999999999999716,57.1,57.15,57.1,57.15,1.0,156.0,1892.0,1151.0,False
006208,2022-10-21 09:39:24.951848,-0.0008748906386700783,-0.0008748906386700783,-0.04999999999999716,-0.04999999999999716,57.1,57.15,57.1,57.15,1.0,156.0,1892.0,1151.0,False
006208,2022-10-21 09:39:24.963330,-0.0008748906386700783,-0.0008748906386700783,-0.04999999999999716,-0.04999999999999716,57.1,57.15,57.1,57.15,1.0,156.0,1892.0,1151.0,False
006208,2022-10-21 09:39:25.102184,-0.0008748906386700783,-0.0008748906386700783,-0.04999999999999716,-0.04999999999999716,57.1,57.15,57.1,57.15,1.0,156.0,3009.0,1151.0,True
006208,2022-10-21 09:39:25.098923,-0.0008748906386700783,-0.0008748906386700783,-0.04999999999999716,-0.04999999999999716,57.1,57.15,57.1,57.15,1.0,156.0,3009.0,1151.0,False
006208,2022-10-21 09:39:26.077086,-0.0008748906386700783,-0.0017497812773403787,-0.04999999999999716,-0.10000000000000142,57.05,57.15,57.1,57.15,141.0,156.0,3009.0,1151.0,False
006208,2022-10-21 09:39:26.091969,-0.0008748906386700783,-0.0017497812773403787,-0.04999999999999716,-0.10000000000000142,57.05,57.15,57.1,57.15,141.0,156.0,3009.0,1151.0,False
006208,2022-10-21 09:39:26.123561,-0.0008748906386700783,-0.0017497812773403787,-0.04999999999999716,-0.10000000000000142,57.05,57.15,57.1,57.15,1.0,196.0,3009.0,1151.0,False
006208,2022-10-21 09:39:26.253392,-0.0008748906386700783,-0.0017497812773403787,-0.04999999999999716,-0.10000000000000142,57.05,57.15,57.1,57.15,1.0,196.0,3009.0,1151.0,False
