symbol,datetime,NaOb_r,NbOa_r,NaOb_s,NbOa_s,bid1,ask1,odd_bid1,odd_ask11,bidQty1,askQty1,odd_bidQty1,odd_ask1Qty1,triggerbyOdd
2317,2022-10-21 09:30:14.123115,-0.004854368932038833,-0.004854368932038833,-0.5,-0.5,102.5,103.0,102.5,103.0,1950.0,1974.0,20827.0,4177.0,True
2317,2022-10-21 09:30:14.288536,-0.004854368932038833,-0.004854368932038833,-0.5,-0.5,102.5,103.0,102.5,103.0,1950.0,1974.0,20827.0,4177.0,False
2317,2022-10-21 09:30:17.069915,-0.004854368932038833,-0.004854368932038833,-0.5,-0.5,102.5,103.0,102.5,103.0,1959.0,1974.0,20827.0,4177.0,False
2317,2022-10-21 09:30:17.654082,-0.004854368932038833,-0.004854368932038833,-0.5,-0.5,102.5,103.0,102.5,103.0,1959.0,1974.0,20827.0,4177.0,False
2317,2022-10-21 09:30:17.909995,-0.004854368932038833,-0.004854368932038833,-0.5,-0.5,102.5,103.0,102.5,103.0,1960.0,1974.0,20827.0,4177.0,False
2317,2022-10-21 09:30:18.308803,-0.004854368932038833,-0.004854368932038833,-0.5,-0.5,102.5,103.0,102.5,103.0,1956.0,1974.0,20827.0,4177.0,False
2317,2022-10-21 09:30:18.444728,-0.004854368932038833,-0.004854368932038833,-0.5,-0.5,102.5,103.0,102.5,103.0,1955.0,1974.0,20827.0,4177.0,False
2317,2022-10-21 09:30:18.454594,-0.004854368932038833,-0.004854368932038833,-0.5,-0.5,102.5,103.0,102.5,103.0,1946.0,1974.0,20827.0,4177.0,False
2317,2022-10-21 09:30:18.566101,-0.004854368932038833,-0.004854368932038833,-0.5,-0.5,102.5,103.0,102.5,103.0,1946.0,1979.0,20827.0,4177.0,False
2317,2022-10-21 09:30:19.223190,-0.004854368932038833,-0.004854368932038833,-0.5,-0.5,102.5,103.0,102.5,103.0,1946.0,1978.0,20827.0,4177.0,False
2317,2022-10-21 09:30:19.225012,-0.004854368932038833,-0.004854368932038833,-0.5,-0.5,102.5,103.0,102.5,103.0,1945.0,1978.0,20827.0,4177.0,False
2317,2022-10-21 09:30:19.268840,-0.004854368932038833,-0.004854368932038833,-0.5,-0.5,102.5,103.0,102.5,103.0,1948.0,1978.0,20827.0,4177.0,False
2317,2022-10-21 09:30:20.020575,-0.004854368932038833,-0.004854368932038833,-0.5,-0.5,102.5,103.0,102.5,103.0,1948.0,1978.0,20827.0,4177.0,False
2317,2022-10-21 09:30:20.102442,-0.004854368932038833,-0.004854368932038833,-0.5,-0.5,102.5,103.0,102.5,103.0,1949.0,1978.0,20827.0,4177.0,False
2317,2022-10-21 09:30:20.234460,-0.004854368932038833,-0.004854368932038833,-0.5,-0.5,102.5,103.0,102.5,103.0,1949.0,1978.0,20827.0,4177.0,False
2317,2022-10-21 09:30:20.263319,-0.004854368932038833,-0.004854368932038833,-0.5,-0.5,102.5,103.0,102.5,103.0,1952.0,1978.0,20827.0,4177.0,False
2317,2022-10-21 09:30:20.776193,-0.004854368932038833,-0.004854368932038833,-0.5,-0.5,102.5,103.0,102.5,103.0,1952.0,1978.0,20827.0,4177.0,False
2317,2022-10-21 09:30:20.911431,-0.004854368932038833,-0.004854368932038833,-0.5,-0.5,102.5,103.0,102.5,103.0,1951.0,1978.0,20827.0,4177.0,False
2317,2022-10-21 09:30:21.384025,-0.004854368932038833,-0.004854368932038833,-0.5,-0.5,102.5,103.0,102.5,103.0,1951.0,1978.0,20827.0,4177.0,False
2317,2022-10-21 09:30:22.275201,-0.004854368932038833,-0.004854368932038833,-0.5,-0.5,102.5,103.0,102.5,103.0,1951.0,1978.0,20827.0,4177.0,False
2317,2022-10-21 09:30:22.303279,-0.004854368932038833,-0.004854368932038833,-0.5,-0.5,102.5,103.0,102.5,103.0,1951.0,1977.0,20827.0,4177.0,False
2317,2022-10-21 09:30:23.892130,-0.004854368932038833,-0.004854368932038833,-0.5,-0.5,102.5,103.0,102.5,103.0,1951.0,1977.0,20827.0,4177.0,False
2317,2022-10-21 09:30:23.982692,-0.004854368932038833,-0.004854368932038833,-0.5,-0.5,102.5,103.0,102.5,103.0,1951.0,1977.0,20827.0,4177.0,False
2317,2022-10-21 09:30:24.136444,-0.004854368932038833,-0.004854368932038833,-0.5,-0.5,102.5,103.0,102.5,103.0,1968.0,1977.0,20827.0,4177.0,False
2317,2022-10-21 09:30:24.179511,-0.004854368932038833,-0.004854368932038833,-0.5,-0.5,102.5,103.0,102.5,103.0,1968.0,1977.0,20812.0,4177.0,True
2317,2022-10-21 09:30:24.635386,-0.004854368932038833,-0.004854368932038833,-0.5,-0.5,102.5,103.0,102.5,103.0,1968.0,1977.0,20812.0,4177.0,False
2317,2022-10-21 09:30:24.809477,-0.004854368932038833,-0.004854368932038833,-0.5,-0.5,102.5,103.0,102.5,103.0,1968.0,1977.0,20812.0,4177.0,False
2317,2022-10-21 09:30:24.982725,-0.004854368932038833,-0.004854368932038833,-0.5,-0.5,102.5,103.0,102.5,103.0,1968.0,1977.0,20812.0,4177.0,False
2317,2022-10-21 09:30:25.265717,-0.004854368932038833,-0.004854368932038833,-0.5,-0.5,102.5,103.0,102.5,103.0,1969.0,1977.0,20812.0,4177.0,False
2317,2022-10-21 09:30:25.288562,-0.004854368932038833,-0.004854368932038833,-0.5,-0.5,102.5,103.0,102.5,103.0,1968.0,1976.0,20812.0,4177.0,False
2317,2022-10-21 09:30:25.993874,-0.004854368932038833,-0.004854368932038833,-0.5,-0.5,102.5,103.0,102.5,103.0,1977.0,1976.0,20812.0,4177.0,False
2317,2022-10-21 09:30:28.321352,-0.004854368932038833,-0.004854368932038833,-0.5,-0.5,102.5,103.0,102.5,103.0,1977.0,1976.0,20812.0,4177.0,False
2317,2022-10-21 09:30:28.364379,-0.004854368932038833,-0.004854368932038833,-0.5,-0.5,102.5,103.0,102.5,103.0,1977.0,1976.0,20812.0,4177.0,False
2317,2022-10-21 09:30:28.478064,-0.004854368932038833,-0.004854368932038833,-0.5,-0.5,102.5,103.0,102.5,103.0,1977.0,1976.0,20812.0,4177.0,False
2317,2022-10-21 09:30:28.633065,-0.004854368932038833,-0.004854368932038833,-0.5,-0.5,102.5,103.0,102.5,103.0,1977.0,1977.0,20812.0,4177.0,False
2317,2022-10-21 09:30:29.161299,-0.004854368932038833,-0.004854368932038833,-0.5,-0.5,102.5,103.0,102.5,103.0,1977.0,1977.0,20812.0,4177.0,False
2317,2022-10-21 09:30:29.842202,-0.004854368932038833,-0.004854368932038833,-0.5,-0.5,102.5,103.0,102.5,103.0,1977.0,1977.0,20812.0,4177.0,False
2317,2022-10-21 09:30:31.568100,-0.004854368932038833,-0.004854368932038833,-0.5,-0.5,102.5,103.0,102.5,103.0,1977.0,1977.0,20812.0,4177.0,False
2317,2022-10-21 09:30:32.836254,-0.004854368932038833,-0.004854368932038833,-0.5,-0.5,102.5,103.0,102.5,103.0,1977.0,1981.0,20812.0,4177.0,False
2317,2022-10-21 09:30:33.547833,-0.004854368932038833,-0.004854368932038833,-0.5,-0.5,102.5,103.0,102.5,103.0,1977.0,1981.0,20812.0,4177.0,False
2317,2022-10-21 09:30:33.921590,-0.004854368932038833,-0.004854368932038833,-0.5,-0.5,102.5,103.0,102.5,103.0,1978.0,1981.0,20812.0,4177.0,False
2317,2022-10-21 09:30:34.222645,-0.004854368932038833,-0.004854368932038833,-0.5,-0.5,102.5,103.0,102.5,103.0,1978.0,1981.0,21012.0,4176.0,True
2317,2022-10-21 09:30:34.673270,-0.004854368932038833,-0.004854368932038833,-0.5,-0.5,102.5,103.0,102.5,103.0,1978.0,1981.0,21012.0,4176.0,False
2317,2022-10-21 09:30:36.482235,-0.004854368932038833,-0.004854368932038833,-0.5,-0.5,102.5,103.0,102.5,103.0,1978.0,1981.0,21012.0,4176.0,False
2317,2022-10-21 09:30:37.752450,-0.004854368932038833,-0.004854368932038833,-0.5,-0.5,102.5,103.0,102.5,103.0,1978.0,1981.0,21012.0,4176.0,False
2317,2022-10-21 09:30:38.038233,-0.004854368932038833,-0.004854368932038833,-0.5,-0.5,102.5,103.0,102.5,103.0,1978.0,1982.0,21012.0,4176.0,False
2317,2022-10-21 09:30:38.057998,-0.004854368932038833,-0.004854368932038833,-0.5,-0.5,102.5,103.0,102.5,103.0,1978.0,1982.0,21012.0,4176.0,False
2317,2022-10-21 09:30:39.006952,-0.004854368932038833,-0.004854368932038833,-0.5,-0.5,102.5,103.0,102.5,103.0,1980.0,1982.0,21012.0,4176.0,False
2317,2022-10-21 09:30:39.584026,-0.004854368932038833,-0.004854368932038833,-0.5,-0.5,102.5,103.0,102.5,103.0,1981.0,1982.0,21012.0,4176.0,False
2317,2022-10-21 09:30:39.824854,-0.004854368932038833,-0.004854368932038833,-0.5,-0.5,102.5,103.0,102.5,103.0,1981.0,1982.0,21012.0,4176.0,False
2317,2022-10-21 09:30:42.174693,-0.004854368932038833,-0.004854368932038833,-0.5,-0.5,102.5,103.0,102.5,103.0,1983.0,1982.0,21012.0,4176.0,False
2317,2022-10-21 09:30:43.384847,-0.004854368932038833,-0.004854368932038833,-0.5,-0.5,102.5,103.0,102.5,103.0,1983.0,1983.0,21012.0,4176.0,False
2317,2022-10-21 09:30:44.268963,-0.004854368932038833,-0.004854368932038833,-0.5,-0.5,102.5,103.0,102.5,103.0,1983.0,1983.0,21182.0,4291.0,True
2317,2022-10-21 09:30:44.836281,-0.004854368932038833,-0.004854368932038833,-0.5,-0.5,102.5,103.0,102.5,103.0,1983.0,1983.0,21182.0,4291.0,False
2317,2022-10-21 09:30:45.786791,-0.004854368932038833,-0.004854368932038833,-0.5,-0.5,102.5,103.0,102.5,103.0,1983.0,1985.0,21182.0,4291.0,False
2317,2022-10-21 09:30:46.074149,-0.004854368932038833,-0.004854368932038833,-0.5,-0.5,102.5,103.0,102.5,103.0,1983.0,1986.0,21182.0,4291.0,False
2317,2022-10-21 09:30:46.353102,-0.004854368932038833,-0.004854368932038833,-0.5,-0.5,102.5,103.0,102.5,103.0,1984.0,1986.0,21182.0,4291.0,False
2317,2022-10-21 09:30:47.189959,-0.004854368932038833,-0.004854368932038833,-0.5,-0.5,102.5,103.0,102.5,103.0,1985.0,1986.0,21182.0,4291.0,False
2317,2022-10-21 09:30:48.468640,-0.004854368932038833,-0.004854368932038833,-0.5,-0.5,102.5,103.0,102.5,103.0,1985.0,1985.0,21182.0,4291.0,False
2317,2022-10-21 09:30:48.489528,-0.004854368932038833,-0.004854368932038833,-0.5,-0.5,102.5,103.0,102.5,103.0,1985.0,1985.0,21182.0,4291.0,False
2317,2022-10-21 09:30:48.569412,-0.004854368932038833,-0.004854368932038833,-0.5,-0.5,102.5,103.0,102.5,103.0,1984.0,1985.0,21182.0,4291.0,False
2317,2022-10-21 09:30:48.744646,-0.004854368932038833,-0.004854368932038833,-0.5,-0.5,102.5,103.0,102.5,103.0,1975.0,1985.0,21182.0,4291.0,False
2317,2022-10-21 09:30:49.362818,-0.004854368932038833,-0.004854368932038833,-0.5,-0.5,102.5,103.0,102.5,103.0,1975.0,1985.0,21182.0,4291.0,False
2317,2022-10-21 09:30:50.575503,-0.004854368932038833,-0.004854368932038833,-0.5,-0.5,102.5,103.0,102.5,103.0,1975.0,1985.0,21182.0,4291.0,False
2317,2022-10-21 09:30:51.367674,-0.004854368932038833,-0.004854368932038833,-0.5,-0.5,102.5,103.0,102.5,103.0,1973.0,1985.0,21182.0,4291.0,False
2317,2022-10-21 09:30:53.690055,-0.004854368932038833,-0.004854368932038833,-0.5,-0.5,102.5,103.0,102.5,103.0,1973.0,1985.0,21182.0,4291.0,False
2317,2022-10-21 09:30:53.706792,-0.004854368932038833,-0.004854368932038833,-0.5,-0.5,102.5,103.0,102.5,103.0,1973.0,1985.0,21182.0,4291.0,False
2317,2022-10-21 09:30:54.308686,-0.004854368932038833,-0.004854368932038833,-0.5,-0.5,102.5,103.0,102.5,103.0,1973.0,1985.0,21257.0,4186.0,True
2317,2022-10-21 09:30:55.210055,-0.004854368932038833,-0.004854368932038833,-0.5,-0.5,102.5,103.0,102.5,103.0,1973.0,1985.0,21257.0,4186.0,False
2317,2022-10-21 09:30:56.049218,-0.004854368932038833,-0.004854368932038833,-0.5,-0.5,102.5,103.0,102.5,103.0,1973.0,1985.0,21257.0,4186.0,False
2317,2022-10-21 09:30:57.291540,-0.004854368932038833,-0.004854368932038833,-0.5,-0.5,102.5,103.0,102.5,103.0,1973.0,1985.0,21257.0,4186.0,False
2317,2022-10-21 09:30:57.392184,-0.004854368932038833,-0.004854368932038833,-0.5,-0.5,102.5,103.0,102.5,103.0,1973.0,1985.0,21257.0,4186.0,False
2317,2022-10-21 09:30:57.528835,-0.004854368932038833,-0.004854368932038833,-0.5,-0.5,102.5,103.0,102.5,103.0,1973.0,1986.0,21257.0,4186.0,False
2317,2022-10-21 09:30:58.892756,-0.004854368932038833,-0.004854368932038833,-0.5,-0.5,102.5,103.0,102.5,103.0,1973.0,1986.0,21257.0,4186.0,False
2317,2022-10-21 09:30:59.048388,-0.004854368932038833,-0.004854368932038833,-0.5,-0.5,102.5,103.0,102.5,103.0,1973.0,1985.0,21257.0,4186.0,False
2317,2022-10-21 09:30:59.173895,-0.004854368932038833,-0.004854368932038833,-0.5,-0.5,102.5,103.0,102.5,103.0,1973.0,1985.0,21257.0,4186.0,False
2317,2022-10-21 09:30:59.216687,-0.004854368932038833,-0.004854368932038833,-0.5,-0.5,102.5,103.0,102.5,103.0,1982.0,1985.0,21257.0,4186.0,False
2317,2022-10-21 09:30:59.608130,-0.004854368932038833,-0.004854368932038833,-0.5,-0.5,102.5,103.0,102.5,103.0,1982.0,1985.0,21257.0,4186.0,False
2317,2022-10-21 09:30:59.821492,-0.004854368932038833,-0.004854368932038833,-0.5,-0.5,102.5,103.0,102.5,103.0,1982.0,1985.0,21257.0,4186.0,False
2317,2022-10-21 09:31:00.069979,-0.004854368932038833,-0.004854368932038833,-0.5,-0.5,102.5,103.0,102.5,103.0,1982.0,1983.0,21257.0,4186.0,False
2317,2022-10-21 09:31:00.398407,-0.004854368932038833,-0.004854368932038833,-0.5,-0.5,102.5,103.0,102.5,103.0,1981.0,1983.0,21257.0,4186.0,False
2317,2022-10-21 09:31:00.527400,-0.004854368932038833,-0.004854368932038833,-0.5,-0.5,102.5,103.0,102.5,103.0,1981.0,1983.0,21257.0,4186.0,False
2317,2022-10-21 09:31:02.238689,-0.004854368932038833,-0.004854368932038833,-0.5,-0.5,102.5,103.0,102.5,103.0,1981.0,1983.0,21257.0,4186.0,False
2317,2022-10-21 09:31:02.845573,-0.004854368932038833,-0.004854368932038833,-0.5,-0.5,102.5,103.0,102.5,103.0,1981.0,1983.0,21257.0,4186.0,False
2317,2022-10-21 09:31:03.324933,-0.004854368932038833,-0.004854368932038833,-0.5,-0.5,102.5,103.0,102.5,103.0,1983.0,1983.0,21257.0,4186.0,False
2317,2022-10-21 09:31:03.742930,-0.004854368932038833,-0.004854368932038833,-0.5,-0.5,102.5,103.0,102.5,103.0,1983.0,1983.0,20258.0,3137.0,True
2317,2022-10-21 09:31:03.977874,-0.004854368932038833,-0.004854368932038833,-0.5,-0.5,102.5,103.0,102.5,103.0,1983.0,1983.0,20258.0,3137.0,False
2317,2022-10-21 09:31:04.601605,-0.004854368932038833,-0.004854368932038833,-0.5,-0.5,102.5,103.0,102.5,103.0,2033.0,1983.0,20258.0,3137.0,False
2317,2022-10-21 09:31:04.608242,-0.004854368932038833,-0.004854368932038833,-0.5,-0.5,102.5,103.0,102.5,103.0,2183.0,1983.0,20258.0,3137.0,False
2317,2022-10-21 09:31:04.813584,-0.004854368932038833,-0.004854368932038833,-0.5,-0.5,102.5,103.0,102.5,103.0,2183.0,1983.0,20258.0,3137.0,False
2317,2022-10-21 09:31:05.043234,-0.004854368932038833,-0.004854368932038833,-0.5,-0.5,102.5,103.0,102.5,103.0,2183.0,1983.0,20258.0,3137.0,False
2317,2022-10-21 09:31:05.077005,-0.004854368932038833,-0.004854368932038833,-0.5,-0.5,102.5,103.0,102.5,103.0,2184.0,1983.0,20258.0,3137.0,False
2317,2022-10-21 09:31:05.788570,-0.004854368932038833,-0.004854368932038833,-0.5,-0.5,102.5,103.0,102.5,103.0,2184.0,1983.0,20258.0,3137.0,False
2317,2022-10-21 09:31:05.819113,-0.004854368932038833,-0.004854368932038833,-0.5,-0.5,102.5,103.0,102.5,103.0,2181.0,1980.0,20258.0,3137.0,False
2317,2022-10-21 09:31:05.840892,-0.004854368932038833,-0.004854368932038833,-0.5,-0.5,102.5,103.0,102.5,103.0,2180.0,1980.0,20258.0,3137.0,False
2317,2022-10-21 09:31:05.872585,-0.004854368932038833,-0.004854368932038833,-0.5,-0.5,102.5,103.0,102.5,103.0,2183.0,1980.0,20258.0,3137.0,False
2317,2022-10-21 09:31:05.879877,-0.004854368932038833,-0.004854368932038833,-0.5,-0.5,102.5,103.0,102.5,103.0,2183.0,1978.0,20258.0,3137.0,False
2317,2022-10-21 09:31:06.006168,-0.004854368932038833,-0.004854368932038833,-0.5,-0.5,102.5,103.0,102.5,103.0,2183.0,1969.0,20258.0,3137.0,False
2317,2022-10-21 09:31:06.150612,-0.004854368932038833,-0.004854368932038833,-0.5,-0.5,102.5,103.0,102.5,103.0,2183.0,1978.0,20258.0,3137.0,False
2317,2022-10-21 09:31:07.472191,-0.004854368932038833,-0.004854368932038833,-0.5,-0.5,102.5,103.0,102.5,103.0,2183.0,1978.0,20258.0,3137.0,False
2317,2022-10-21 09:31:07.622673,-0.004854368932038833,-0.004854368932038833,-0.5,-0.5,102.5,103.0,102.5,103.0,2187.0,1978.0,20258.0,3137.0,False
2317,2022-10-21 09:31:08.163519,-0.004854368932038833,-0.004854368932038833,-0.5,-0.5,102.5,103.0,102.5,103.0,2187.0,1979.0,20258.0,3137.0,False
2317,2022-10-21 09:31:09.132161,-0.004854368932038833,-0.004854368932038833,-0.5,-0.5,102.5,103.0,102.5,103.0,2187.0,1980.0,20258.0,3137.0,False
2317,2022-10-21 09:31:09.837179,-0.004854368932038833,-0.004854368932038833,-0.5,-0.5,102.5,103.0,102.5,103.0,2188.0,1980.0,20258.0,3137.0,False
2317,2022-10-21 09:31:10.415278,-0.004854368932038833,-0.004854368932038833,-0.5,-0.5,102.5,103.0,102.5,103.0,2189.0,1980.0,20258.0,3137.0,False
2317,2022-10-21 09:31:10.431723,-0.004854368932038833,-0.004854368932038833,-0.5,-0.5,102.5,103.0,102.5,103.0,2189.0,1981.0,20258.0,3137.0,False
2317,2022-10-21 09:31:10.557773,-0.004854368932038833,-0.004854368932038833,-0.5,-0.5,102.5,103.0,102.5,103.0,2190.0,1981.0,20258.0,3137.0,False
2317,2022-10-21 09:31:11.966270,-0.004854368932038833,-0.004854368932038833,-0.5,-0.5,102.5,103.0,102.5,103.0,2190.0,1981.0,20258.0,3137.0,False
2317,2022-10-21 09:31:12.245304,-0.004854368932038833,-0.004854368932038833,-0.5,-0.5,102.5,103.0,102.5,103.0,2190.0,1981.0,20258.0,3137.0,False
2317,2022-10-21 09:31:12.298338,-0.004854368932038833,-0.004854368932038833,-0.5,-0.5,102.5,103.0,102.5,103.0,2190.0,1981.0,20258.0,3137.0,False
2317,2022-10-21 09:31:12.467482,-0.004854368932038833,-0.004854368932038833,-0.5,-0.5,102.5,103.0,102.5,103.0,2190.0,1981.0,20258.0,3137.0,False
2317,2022-10-21 09:31:13.664507,-0.004854368932038833,-0.004854368932038833,-0.5,-0.5,102.5,103.0,102.5,103.0,2182.0,1981.0,20258.0,3137.0,False
2317,2022-10-21 09:31:13.783588,-0.004854368932038833,-0.004854368932038833,-0.5,-0.5,102.5,103.0,102.5,103.0,2182.0,1981.0,21417.0,4626.0,True
2317,2022-10-21 09:31:14.038854,-0.004854368932038833,-0.004854368932038833,-0.5,-0.5,102.5,103.0,102.5,103.0,2183.0,1981.0,21417.0,4626.0,False
2317,2022-10-21 09:31:14.136844,-0.004854368932038833,-0.004854368932038833,-0.5,-0.5,102.5,103.0,102.5,103.0,2183.0,1981.0,21417.0,4626.0,False
2317,2022-10-21 09:31:14.165132,-0.004854368932038833,-0.004854368932038833,-0.5,-0.5,102.5,103.0,102.5,103.0,2208.0,1981.0,21417.0,4626.0,False
2317,2022-10-21 09:31:15.509235,-0.004854368932038833,-0.004854368932038833,-0.5,-0.5,102.5,103.0,102.5,103.0,2208.0,1981.0,21417.0,4626.0,False
2317,2022-10-21 09:31:16.482481,-0.004854368932038833,-0.004854368932038833,-0.5,-0.5,102.5,103.0,102.5,103.0,2208.0,1981.0,21417.0,4626.0,False
2317,2022-10-21 09:31:16.625132,-0.004854368932038833,-0.004854368932038833,-0.5,-0.5,102.5,103.0,102.5,103.0,2208.0,1986.0,21417.0,4626.0,False
2317,2022-10-21 09:31:17.014828,-0.004854368932038833,-0.004854368932038833,-0.5,-0.5,102.5,103.0,102.5,103.0,2207.0,1986.0,21417.0,4626.0,False
2317,2022-10-21 09:31:17.172021,-0.004854368932038833,-0.004854368932038833,-0.5,-0.5,102.5,103.0,102.5,103.0,2207.0,1987.0,21417.0,4626.0,False
2317,2022-10-21 09:31:17.479329,-0.004854368932038833,-0.004854368932038833,-0.5,-0.5,102.5,103.0,102.5,103.0,2207.0,1987.0,21417.0,4626.0,False
2317,2022-10-21 09:31:17.835379,-0.004854368932038833,-0.004854368932038833,-0.5,-0.5,102.5,103.0,102.5,103.0,2207.0,1987.0,21417.0,4626.0,False
2317,2022-10-21 09:31:18.742860,-0.004854368932038833,-0.004854368932038833,-0.5,-0.5,102.5,103.0,102.5,103.0,2207.0,1986.0,21417.0,4626.0,False
2317,2022-10-21 09:31:18.983711,-0.004854368932038833,-0.004854368932038833,-0.5,-0.5,102.5,103.0,102.5,103.0,2193.0,1972.0,21417.0,4626.0,False
2317,2022-10-21 09:31:19.095230,-0.004854368932038833,-0.004854368932038833,-0.5,-0.5,102.5,103.0,102.5,103.0,2193.0,1972.0,21417.0,4626.0,False
2317,2022-10-21 09:31:19.187838,-0.004854368932038833,-0.004854368932038833,-0.5,-0.5,102.5,103.0,102.5,103.0,2193.0,1963.0,21417.0,4626.0,False
2317,2022-10-21 09:31:20.217419,-0.004854368932038833,-0.004854368932038833,-0.5,-0.5,102.5,103.0,102.5,103.0,2193.0,1963.0,21417.0,4626.0,False
2317,2022-10-21 09:31:20.719943,-0.004854368932038833,-0.004854368932038833,-0.5,-0.5,102.5,103.0,102.5,103.0,2248.0,1963.0,21417.0,4626.0,False
2317,2022-10-21 09:31:21.107671,-0.004854368932038833,-0.004854368932038833,-0.5,-0.5,102.5,103.0,102.5,103.0,2248.0,1964.0,21417.0,4626.0,False
2317,2022-10-21 09:31:21.330393,-0.004854368932038833,-0.004854368932038833,-0.5,-0.5,102.5,103.0,102.5,103.0,2244.0,1964.0,21417.0,4626.0,False
2317,2022-10-21 09:31:21.615322,-0.004854368932038833,-0.004854368932038833,-0.5,-0.5,102.5,103.0,102.5,103.0,2244.0,1973.0,21417.0,4626.0,False
2317,2022-10-21 09:31:21.761596,-0.004854368932038833,-0.004854368932038833,-0.5,-0.5,102.5,103.0,102.5,103.0,2244.0,1973.0,21417.0,4626.0,False
2317,2022-10-21 09:31:22.080339,-0.004854368932038833,-0.004854368932038833,-0.5,-0.5,102.5,103.0,102.5,103.0,2244.0,1974.0,21417.0,4626.0,False
2317,2022-10-21 09:31:22.323744,-0.004854368932038833,-0.004854368932038833,-0.5,-0.5,102.5,103.0,102.5,103.0,2244.0,1975.0,21417.0,4626.0,False
2317,2022-10-21 09:31:23.107953,-0.004854368932038833,-0.004854368932038833,-0.5,-0.5,102.5,103.0,102.5,103.0,2244.0,1985.0,21417.0,4626.0,False
2317,2022-10-21 09:31:23.822111,-0.004854368932038833,-0.004854368932038833,-0.5,-0.5,102.5,103.0,102.5,103.0,2244.0,1985.0,21420.0,4596.0,True
2317,2022-10-21 09:31:23.879384,-0.004854368932038833,-0.004854368932038833,-0.5,-0.5,102.5,103.0,102.5,103.0,2244.0,1985.0,21420.0,4596.0,False
2317,2022-10-21 09:31:26.242219,-0.004854368932038833,-0.004854368932038833,-0.5,-0.5,102.5,103.0,102.5,103.0,2244.0,1985.0,21420.0,4596.0,False
2317,2022-10-21 09:31:27.227255,-0.004854368932038833,-0.004854368932038833,-0.5,-0.5,102.5,103.0,102.5,103.0,2244.0,1985.0,21420.0,4596.0,False
2317,2022-10-21 09:31:27.543793,-0.004854368932038833,-0.004854368932038833,-0.5,-0.5,102.5,103.0,102.5,103.0,2244.0,1985.0,21420.0,4596.0,False
2317,2022-10-21 09:31:27.891369,-0.004854368932038833,-0.004854368932038833,-0.5,-0.5,102.5,103.0,102.5,103.0,2244.0,1985.0,21420.0,4596.0,False
2317,2022-10-21 09:31:28.061702,-0.004854368932038833,-0.004854368932038833,-0.5,-0.5,102.5,103.0,102.5,103.0,2244.0,1985.0,21420.0,4596.0,False
2317,2022-10-21 09:31:28.588674,-0.004854368932038833,-0.004854368932038833,-0.5,-0.5,102.5,103.0,102.5,103.0,2240.0,1985.0,21420.0,4596.0,False
2317,2022-10-21 09:31:28.920004,-0.004854368932038833,-0.004854368932038833,-0.5,-0.5,102.5,103.0,102.5,103.0,2240.0,1986.0,21420.0,4596.0,False
2317,2022-10-21 09:31:29.093293,-0.004854368932038833,-0.004854368932038833,-0.5,-0.5,102.5,103.0,102.5,103.0,2240.0,1976.0,21420.0,4596.0,False
2317,2022-10-21 09:31:29.147336,-0.004854368932038833,-0.004854368932038833,-0.5,-0.5,102.5,103.0,102.5,103.0,2239.0,1976.0,21420.0,4596.0,False
2317,2022-10-21 09:31:29.605429,-0.004854368932038833,-0.004854368932038833,-0.5,-0.5,102.5,103.0,102.5,103.0,2239.0,1975.0,21420.0,4596.0,False
2317,2022-10-21 09:31:29.605961,-0.004854368932038833,-0.004854368932038833,-0.5,-0.5,102.5,103.0,102.5,103.0,2239.0,1974.0,21420.0,4596.0,False
2317,2022-10-21 09:31:29.685934,-0.004854368932038833,-0.004854368932038833,-0.5,-0.5,102.5,103.0,102.5,103.0,2239.0,1974.0,21420.0,4596.0,False
2317,2022-10-21 09:31:30.564717,-0.004854368932038833,-0.004854368932038833,-0.5,-0.5,102.5,103.0,102.5,103.0,2239.0,1973.0,21420.0,4596.0,False
2317,2022-10-21 09:31:30.696829,-0.004854368932038833,-0.004854368932038833,-0.5,-0.5,102.5,103.0,102.5,103.0,2240.0,1973.0,21420.0,4596.0,False
2317,2022-10-21 09:31:31.036346,-0.004854368932038833,-0.004854368932038833,-0.5,-0.5,102.5,103.0,102.5,103.0,2240.0,1973.0,21420.0,4596.0,False
2317,2022-10-21 09:31:31.065175,-0.004854368932038833,-0.004854368932038833,-0.5,-0.5,102.5,103.0,102.5,103.0,2240.0,1973.0,21420.0,4596.0,False
2317,2022-10-21 09:31:31.142349,-0.004854368932038833,-0.004854368932038833,-0.5,-0.5,102.5,103.0,102.5,103.0,2240.0,1973.0,21420.0,4596.0,False
2317,2022-10-21 09:31:33.863412,-0.004854368932038833,-0.004854368932038833,-0.5,-0.5,102.5,103.0,102.5,103.0,2240.0,1973.0,21520.0,4406.0,True
2317,2022-10-21 09:31:34.104991,-0.004854368932038833,-0.004854368932038833,-0.5,-0.5,102.5,103.0,102.5,103.0,2241.0,1973.0,21520.0,4406.0,False
2317,2022-10-21 09:31:34.147061,-0.004854368932038833,-0.004854368932038833,-0.5,-0.5,102.5,103.0,102.5,103.0,2241.0,1973.0,21520.0,4406.0,False
2317,2022-10-21 09:31:34.215949,-0.004854368932038833,-0.004854368932038833,-0.5,-0.5,102.5,103.0,102.5,103.0,2246.0,1973.0,21520.0,4406.0,False
2317,2022-10-21 09:31:36.118097,-0.004854368932038833,-0.004854368932038833,-0.5,-0.5,102.5,103.0,102.5,103.0,2246.0,1972.0,21520.0,4406.0,False
2317,2022-10-21 09:31:36.134652,-0.004854368932038833,-0.004854368932038833,-0.5,-0.5,102.5,103.0,102.5,103.0,2246.0,1969.0,21520.0,4406.0,False
2317,2022-10-21 09:31:36.139383,-0.004854368932038833,-0.004854368932038833,-0.5,-0.5,102.5,103.0,102.5,103.0,2246.0,1968.0,21520.0,4406.0,False
2317,2022-10-21 09:31:36.944200,-0.004854368932038833,-0.004854368932038833,-0.5,-0.5,102.5,103.0,102.5,103.0,2246.0,1968.0,21520.0,4406.0,False
2317,2022-10-21 09:31:37.203989,-0.004854368932038833,-0.004854368932038833,-0.5,-0.5,102.5,103.0,102.5,103.0,2246.0,1968.0,21520.0,4406.0,False
2317,2022-10-21 09:31:37.783880,-0.004854368932038833,-0.004854368932038833,-0.5,-0.5,102.5,103.0,102.5,103.0,2246.0,1970.0,21520.0,4406.0,False
2317,2022-10-21 09:31:37.911125,-0.004854368932038833,-0.004854368932038833,-0.5,-0.5,102.5,103.0,102.5,103.0,2246.0,1970.0,21520.0,4406.0,False
2317,2022-10-21 09:31:38.344612,-0.004854368932038833,-0.004854368932038833,-0.5,-0.5,102.5,103.0,102.5,103.0,2246.0,1972.0,21520.0,4406.0,False
2317,2022-10-21 09:31:38.462180,-0.004854368932038833,-0.004854368932038833,-0.5,-0.5,102.5,103.0,102.5,103.0,2246.0,1972.0,21520.0,4406.0,False
2317,2022-10-21 09:31:38.788806,-0.004854368932038833,-0.004854368932038833,-0.5,-0.5,102.5,103.0,102.5,103.0,2246.0,1972.0,21520.0,4406.0,False
2317,2022-10-21 09:31:39.193538,-0.004854368932038833,-0.004854368932038833,-0.5,-0.5,102.5,103.0,102.5,103.0,2246.0,1972.0,21520.0,4406.0,False
2317,2022-10-21 09:31:39.761827,-0.004854368932038833,-0.004854368932038833,-0.5,-0.5,102.5,103.0,102.5,103.0,2246.0,1972.0,21520.0,4406.0,False
2317,2022-10-21 09:31:40.463179,-0.004854368932038833,-0.004854368932038833,-0.5,-0.5,102.5,103.0,102.5,103.0,2248.0,1972.0,21520.0,4406.0,False
2317,2022-10-21 09:31:40.562732,-0.004854368932038833,-0.004854368932038833,-0.5,-0.5,102.5,103.0,102.5,103.0,2249.0,1972.0,21520.0,4406.0,False
2317,2022-10-21 09:31:40.716686,-0.004854368932038833,-0.004854368932038833,-0.5,-0.5,102.5,103.0,102.5,103.0,2249.0,1971.0,21520.0,4406.0,False
2317,2022-10-21 09:31:41.222183,-0.004854368932038833,-0.004854368932038833,-0.5,-0.5,102.5,103.0,102.5,103.0,2249.0,1971.0,21520.0,4406.0,False
2317,2022-10-21 09:31:42.472449,-0.004854368932038833,-0.004854368932038833,-0.5,-0.5,102.5,103.0,102.5,103.0,2259.0,1971.0,21520.0,4406.0,False
2317,2022-10-21 09:31:43.268977,-0.004854368932038833,-0.004854368932038833,-0.5,-0.5,102.5,103.0,102.5,103.0,2259.0,1971.0,21520.0,4406.0,False
2317,2022-10-21 09:31:43.733001,-0.004854368932038833,-0.004854368932038833,-0.5,-0.5,102.5,103.0,102.5,103.0,2259.0,1971.0,21520.0,4406.0,False
2317,2022-10-21 09:31:43.913778,-0.004854368932038833,-0.004854368932038833,-0.5,-0.5,102.5,103.0,102.5,103.0,2269.0,1971.0,21520.0,4406.0,False
2317,2022-10-21 09:31:43.900293,-0.004854368932038833,-0.004854368932038833,-0.5,-0.5,102.5,103.0,102.5,103.0,2269.0,1971.0,21560.0,4306.0,True
2317,2022-10-21 09:31:43.919870,-0.004854368932038833,-0.004854368932038833,-0.5,-0.5,102.5,103.0,102.5,103.0,2269.0,1971.0,21560.0,4306.0,False
2317,2022-10-21 09:31:44.747272,-0.004854368932038833,-0.004854368932038833,-0.5,-0.5,102.5,103.0,102.5,103.0,2269.0,1971.0,21560.0,4306.0,False
2317,2022-10-21 09:31:45.563603,-0.004854368932038833,-0.004854368932038833,-0.5,-0.5,102.5,103.0,102.5,103.0,2269.0,1973.0,21560.0,4306.0,False
2317,2022-10-21 09:31:48.489428,-0.004854368932038833,-0.004854368932038833,-0.5,-0.5,102.5,103.0,102.5,103.0,2269.0,1972.0,21560.0,4306.0,False
2317,2022-10-21 09:31:48.585379,-0.004854368932038833,-0.004854368932038833,-0.5,-0.5,102.5,103.0,102.5,103.0,2269.0,1972.0,21560.0,4306.0,False
2317,2022-10-21 09:31:48.690549,-0.004854368932038833,-0.004854368932038833,-0.5,-0.5,102.5,103.0,102.5,103.0,2269.0,1963.0,21560.0,4306.0,False
2317,2022-10-21 09:31:49.546265,-0.004854368932038833,-0.004854368932038833,-0.5,-0.5,102.5,103.0,102.5,103.0,2269.0,1963.0,21560.0,4306.0,False
2317,2022-10-21 09:31:49.613697,-0.004854368932038833,-0.004854368932038833,-0.5,-0.5,102.5,103.0,102.5,103.0,2269.0,1963.0,21560.0,4306.0,False
2317,2022-10-21 09:31:49.848521,-0.004854368932038833,-0.004854368932038833,-0.5,-0.5,102.5,103.0,102.5,103.0,2269.0,1964.0,21560.0,4306.0,False
2317,2022-10-21 09:31:50.006685,-0.004854368932038833,-0.004854368932038833,-0.5,-0.5,102.5,103.0,102.5,103.0,2269.0,1964.0,21560.0,4306.0,False
2317,2022-10-21 09:31:50.698230,-0.004854368932038833,-0.004854368932038833,-0.5,-0.5,102.5,103.0,102.5,103.0,2269.0,1973.0,21560.0,4306.0,False
2317,2022-10-21 09:31:51.665210,-0.004854368932038833,-0.004854368932038833,-0.5,-0.5,102.5,103.0,102.5,103.0,2271.0,1973.0,21560.0,4306.0,False
2317,2022-10-21 09:31:51.864405,-0.004854368932038833,-0.004854368932038833,-0.5,-0.5,102.5,103.0,102.5,103.0,2271.0,1973.0,21560.0,4306.0,False
2317,2022-10-21 09:31:51.901186,-0.004854368932038833,-0.004854368932038833,-0.5,-0.5,102.5,103.0,102.5,103.0,2271.0,1973.0,21560.0,4306.0,False
2317,2022-10-21 09:31:52.351378,-0.004854368932038833,-0.004854368932038833,-0.5,-0.5,102.5,103.0,102.5,103.0,2271.0,1973.0,21560.0,4306.0,False
2317,2022-10-21 09:31:53.938702,-0.004854368932038833,-0.004854368932038833,-0.5,-0.5,102.5,103.0,102.5,103.0,2271.0,1973.0,21660.0,4306.0,True
2317,2022-10-21 09:31:54.567882,-0.004854368932038833,-0.004854368932038833,-0.5,-0.5,102.5,103.0,102.5,103.0,2271.0,1974.0,21660.0,4306.0,False
2317,2022-10-21 09:31:55.907729,-0.004854368932038833,-0.004854368932038833,-0.5,-0.5,102.5,103.0,102.5,103.0,2271.0,1974.0,21660.0,4306.0,False
2317,2022-10-21 09:31:56.135505,-0.004854368932038833,-0.004854368932038833,-0.5,-0.5,102.5,103.0,102.5,103.0,2271.0,1972.0,21660.0,4306.0,False
2317,2022-10-21 09:31:56.351740,-0.004854368932038833,-0.004854368932038833,-0.5,-0.5,102.5,103.0,102.5,103.0,2269.0,1972.0,21660.0,4306.0,False
2317,2022-10-21 09:31:57.214478,-0.004854368932038833,-0.004854368932038833,-0.5,-0.5,102.5,103.0,102.5,103.0,2304.0,1972.0,21660.0,4306.0,False
2317,2022-10-21 09:31:57.555334,-0.004854368932038833,-0.004854368932038833,-0.5,-0.5,102.5,103.0,102.5,103.0,2303.0,1972.0,21660.0,4306.0,False
2317,2022-10-21 09:31:58.566222,-0.004854368932038833,-0.004854368932038833,-0.5,-0.5,102.5,103.0,102.5,103.0,2303.0,1973.0,21660.0,4306.0,False
2317,2022-10-21 09:31:59.668261,-0.004854368932038833,-0.004854368932038833,-0.5,-0.5,102.5,103.0,102.5,103.0,2303.0,1973.0,21660.0,4306.0,False
2317,2022-10-21 09:32:00.099569,-0.004854368932038833,-0.004854368932038833,-0.5,-0.5,102.5,103.0,102.5,103.0,2303.0,1973.0,21660.0,4306.0,False
2317,2022-10-21 09:32:00.711903,-0.004854368932038833,-0.004854368932038833,-0.5,-0.5,102.5,103.0,102.5,103.0,2305.0,1973.0,21660.0,4306.0,False
2317,2022-10-21 09:32:00.759164,-0.004854368932038833,-0.004854368932038833,-0.5,-0.5,102.5,103.0,102.5,103.0,2306.0,1973.0,21660.0,4306.0,False
2317,2022-10-21 09:32:01.792331,-0.004854368932038833,-0.004854368932038833,-0.5,-0.5,102.5,103.0,102.5,103.0,2306.0,1972.0,21660.0,4306.0,False
2317,2022-10-21 09:32:02.326571,-0.004854368932038833,-0.004854368932038833,-0.5,-0.5,102.5,103.0,102.5,103.0,2307.0,1972.0,21660.0,4306.0,False
2317,2022-10-21 09:32:02.660022,-0.004854368932038833,-0.004854368932038833,-0.5,-0.5,102.5,103.0,102.5,103.0,2324.0,1972.0,21660.0,4306.0,False
2317,2022-10-21 09:32:02.876726,-0.004854368932038833,-0.004854368932038833,-0.5,-0.5,102.5,103.0,102.5,103.0,2324.0,1972.0,21660.0,4306.0,False
2317,2022-10-21 09:32:02.959738,-0.004854368932038833,-0.004854368932038833,-0.5,-0.5,102.5,103.0,102.5,103.0,2324.0,1972.0,21660.0,4306.0,False
2317,2022-10-21 09:32:03.463641,-0.004854368932038833,-0.004854368932038833,-0.5,-0.5,102.5,103.0,102.5,103.0,2324.0,1972.0,21660.0,4306.0,False
2317,2022-10-21 09:32:03.975811,-0.004854368932038833,-0.004854368932038833,-0.5,-0.5,102.5,103.0,102.5,103.0,2324.0,1972.0,21760.0,4281.0,True
2317,2022-10-21 09:32:04.662423,-0.004854368932038833,-0.004854368932038833,-0.5,-0.5,102.5,103.0,102.5,103.0,2329.0,1972.0,21760.0,4281.0,False
2317,2022-10-21 09:32:04.860246,-0.004854368932038833,-0.004854368932038833,-0.5,-0.5,102.5,103.0,102.5,103.0,2329.0,1962.0,21760.0,4281.0,False
2317,2022-10-21 09:32:05.953182,-0.004854368932038833,-0.004854368932038833,-0.5,-0.5,102.5,103.0,102.5,103.0,2329.0,1962.0,21760.0,4281.0,False
2317,2022-10-21 09:32:06.408420,-0.004854368932038833,-0.004854368932038833,-0.5,-0.5,102.5,103.0,102.5,103.0,2329.0,1963.0,21760.0,4281.0,False
2317,2022-10-21 09:32:06.533942,-0.004854368932038833,-0.004854368932038833,-0.5,-0.5,102.5,103.0,102.5,103.0,2334.0,1963.0,21760.0,4281.0,False
2317,2022-10-21 09:32:08.183037,-0.004854368932038833,-0.004854368932038833,-0.5,-0.5,102.5,103.0,102.5,103.0,2334.0,1963.0,21760.0,4281.0,False
2317,2022-10-21 09:32:09.369341,-0.004854368932038833,-0.004854368932038833,-0.5,-0.5,102.5,103.0,102.5,103.0,2338.0,1963.0,21760.0,4281.0,False
2317,2022-10-21 09:32:09.966396,-0.004854368932038833,-0.004854368932038833,-0.5,-0.5,102.5,103.0,102.5,103.0,2333.0,1958.0,21760.0,4281.0,False
2317,2022-10-21 09:32:11.331002,-0.004854368932038833,-0.004854368932038833,-0.5,-0.5,102.5,103.0,102.5,103.0,2333.0,1958.0,21760.0,4281.0,False
2317,2022-10-21 09:32:14.013920,-0.004854368932038833,-0.004854368932038833,-0.5,-0.5,102.5,103.0,102.5,103.0,2333.0,1958.0,22170.0,4266.0,True
2317,2022-10-21 09:32:14.368602,-0.004854368932038833,-0.004854368932038833,-0.5,-0.5,102.5,103.0,102.5,103.0,2335.0,1958.0,22170.0,4266.0,False
2317,2022-10-21 09:32:14.770834,-0.004854368932038833,-0.004854368932038833,-0.5,-0.5,102.5,103.0,102.5,103.0,2335.0,1958.0,22170.0,4266.0,False
2317,2022-10-21 09:32:15.672811,-0.004854368932038833,-0.004854368932038833,-0.5,-0.5,102.5,103.0,102.5,103.0,2335.0,1958.0,22170.0,4266.0,False
2317,2022-10-21 09:32:15.794522,-0.004854368932038833,-0.004854368932038833,-0.5,-0.5,102.5,103.0,102.5,103.0,2335.0,1958.0,22170.0,4266.0,False
2317,2022-10-21 09:32:17.782503,-0.004854368932038833,-0.004854368932038833,-0.5,-0.5,102.5,103.0,102.5,103.0,2335.0,1958.0,22170.0,4266.0,False
2317,2022-10-21 09:32:19.332224,-0.004854368932038833,-0.004854368932038833,-0.5,-0.5,102.5,103.0,102.5,103.0,2335.0,1958.0,22170.0,4266.0,False
2317,2022-10-21 09:32:19.340386,-0.004854368932038833,-0.004854368932038833,-0.5,-0.5,102.5,103.0,102.5,103.0,2336.0,1958.0,22170.0,4266.0,False
2317,2022-10-21 09:32:20.488265,-0.004854368932038833,-0.004854368932038833,-0.5,-0.5,102.5,103.0,102.5,103.0,2337.0,1958.0,22170.0,4266.0,False
2317,2022-10-21 09:32:21.302428,-0.004854368932038833,-0.004854368932038833,-0.5,-0.5,102.5,103.0,102.5,103.0,2338.0,1958.0,22170.0,4266.0,False
2317,2022-10-21 09:32:22.254837,-0.004854368932038833,-0.004854368932038833,-0.5,-0.5,102.5,103.0,102.5,103.0,2338.0,1953.0,22170.0,4266.0,False
2317,2022-10-21 09:32:22.327644,-0.004854368932038833,-0.004854368932038833,-0.5,-0.5,102.5,103.0,102.5,103.0,2339.0,1953.0,22170.0,4266.0,False
2317,2022-10-21 09:32:22.756187,-0.004854368932038833,-0.004854368932038833,-0.5,-0.5,102.5,103.0,102.5,103.0,2340.0,1953.0,22170.0,4266.0,False
2317,2022-10-21 09:32:22.917704,-0.004854368932038833,-0.004854368932038833,-0.5,-0.5,102.5,103.0,102.5,103.0,2340.0,1953.0,22170.0,4266.0,False
2317,2022-10-21 09:32:23.135526,-0.004854368932038833,-0.004854368932038833,-0.5,-0.5,102.5,103.0,102.5,103.0,2340.0,1953.0,22170.0,4266.0,False
2317,2022-10-21 09:32:24.055396,-0.004854368932038833,-0.004854368932038833,-0.5,-0.5,102.5,103.0,102.5,103.0,2340.0,1953.0,22220.0,3766.0,True
2317,2022-10-21 09:32:25.694917,-0.004854368932038833,-0.004854368932038833,-0.5,-0.5,102.5,103.0,102.5,103.0,2340.0,1952.0,22220.0,3766.0,False
2317,2022-10-21 09:32:25.767940,-0.004854368932038833,-0.004854368932038833,-0.5,-0.5,102.5,103.0,102.5,103.0,2340.0,1943.0,22220.0,3766.0,False
2317,2022-10-21 09:32:25.792195,-0.004854368932038833,-0.004854368932038833,-0.5,-0.5,102.5,103.0,102.5,103.0,2340.0,1938.0,22220.0,3766.0,False
2317,2022-10-21 09:32:26.143803,-0.004854368932038833,-0.004854368932038833,-0.5,-0.5,102.5,103.0,102.5,103.0,2340.0,1937.0,22220.0,3766.0,False
2317,2022-10-21 09:32:26.162381,-0.004854368932038833,-0.004854368932038833,-0.5,-0.5,102.5,103.0,102.5,103.0,2338.0,1937.0,22220.0,3766.0,False
2317,2022-10-21 09:32:26.167936,-0.004854368932038833,-0.004854368932038833,-0.5,-0.5,102.5,103.0,102.5,103.0,2338.0,1936.0,22220.0,3766.0,False
2317,2022-10-21 09:32:26.222229,-0.004854368932038833,-0.004854368932038833,-0.5,-0.5,102.5,103.0,102.5,103.0,2338.0,1944.0,22220.0,3766.0,False
2317,2022-10-21 09:32:26.297618,-0.004854368932038833,-0.004854368932038833,-0.5,-0.5,102.5,103.0,102.5,103.0,2338.0,1953.0,22220.0,3766.0,False
2317,2022-10-21 09:32:26.449072,-0.004854368932038833,-0.004854368932038833,-0.5,-0.5,102.5,103.0,102.5,103.0,2338.0,1931.0,22220.0,3766.0,False
2317,2022-10-21 09:32:27.176121,-0.004854368932038833,-0.004854368932038833,-0.5,-0.5,102.5,103.0,102.5,103.0,2286.0,1879.0,22220.0,3766.0,False
2317,2022-10-21 09:32:27.551961,-0.004854368932038833,-0.004854368932038833,-0.5,-0.5,102.5,103.0,102.5,103.0,2286.0,1878.0,22220.0,3766.0,False
2317,2022-10-21 09:32:27.560621,-0.004854368932038833,-0.004854368932038833,-0.5,-0.5,102.5,103.0,102.5,103.0,2285.0,1878.0,22220.0,3766.0,False
2317,2022-10-21 09:32:27.842571,-0.004854368932038833,-0.004854368932038833,-0.5,-0.5,102.5,103.0,102.5,103.0,2285.0,1881.0,22220.0,3766.0,False
2317,2022-10-21 09:32:28.053262,-0.004854368932038833,-0.004854368932038833,-0.5,-0.5,102.5,103.0,102.5,103.0,2286.0,1881.0,22220.0,3766.0,False
2317,2022-10-21 09:32:28.602697,-0.004854368932038833,-0.004854368932038833,-0.5,-0.5,102.5,103.0,102.5,103.0,2286.0,1880.0,22220.0,3766.0,False
2317,2022-10-21 09:32:28.615030,-0.004854368932038833,-0.004854368932038833,-0.5,-0.5,102.5,103.0,102.5,103.0,2286.0,1882.0,22220.0,3766.0,False
2317,2022-10-21 09:32:29.014624,-0.004854368932038833,-0.004854368932038833,-0.5,-0.5,102.5,103.0,102.5,103.0,2286.0,1882.0,22220.0,3766.0,False
2317,2022-10-21 09:32:29.432546,-0.004854368932038833,-0.004854368932038833,-0.5,-0.5,102.5,103.0,102.5,103.0,2273.0,1882.0,22220.0,3766.0,False
2317,2022-10-21 09:32:29.702767,-0.004854368932038833,-0.004854368932038833,-0.5,-0.5,102.5,103.0,102.5,103.0,2275.0,1882.0,22220.0,3766.0,False
2317,2022-10-21 09:32:29.809104,-0.004854368932038833,-0.004854368932038833,-0.5,-0.5,102.5,103.0,102.5,103.0,2275.0,1882.0,22220.0,3766.0,False
2317,2022-10-21 09:32:30.665575,-0.004854368932038833,-0.004854368932038833,-0.5,-0.5,102.5,103.0,102.5,103.0,2275.0,1882.0,22220.0,3766.0,False
2317,2022-10-21 09:32:30.812726,-0.004854368932038833,-0.004854368932038833,-0.5,-0.5,102.5,103.0,102.5,103.0,2275.0,1888.0,22220.0,3766.0,False
2317,2022-10-21 09:32:30.829862,-0.004854368932038833,-0.004854368932038833,-0.5,-0.5,102.5,103.0,102.5,103.0,2275.0,1886.0,22220.0,3766.0,False
2317,2022-10-21 09:32:32.063179,-0.004854368932038833,-0.004854368932038833,-0.5,-0.5,102.5,103.0,102.5,103.0,2275.0,1886.0,22220.0,3766.0,False
2317,2022-10-21 09:32:32.182197,-0.004854368932038833,-0.004854368932038833,-0.5,-0.5,102.5,103.0,102.5,103.0,2309.0,1886.0,22220.0,3766.0,False
2317,2022-10-21 09:32:32.226419,-0.004854368932038833,-0.004854368932038833,-0.5,-0.5,102.5,103.0,102.5,103.0,2310.0,1881.0,22220.0,3766.0,False
2317,2022-10-21 09:32:32.448513,-0.004854368932038833,-0.004854368932038833,-0.5,-0.5,102.5,103.0,102.5,103.0,2310.0,1888.0,22220.0,3766.0,False
2317,2022-10-21 09:32:33.731921,-0.004854368932038833,-0.004854368932038833,-0.5,-0.5,102.5,103.0,102.5,103.0,2311.0,1888.0,22220.0,3766.0,False
2317,2022-10-21 09:32:34.097776,-0.004854368932038833,-0.004854368932038833,-0.5,-0.5,102.5,103.0,102.5,103.0,2311.0,1888.0,22220.0,2407.0,True
2317,2022-10-21 09:32:34.446240,-0.004854368932038833,-0.004854368932038833,-0.5,-0.5,102.5,103.0,102.5,103.0,2311.0,1888.0,22220.0,2407.0,False
2317,2022-10-21 09:32:34.688361,-0.004854368932038833,-0.004854368932038833,-0.5,-0.5,102.5,103.0,102.5,103.0,2311.0,1888.0,22220.0,2407.0,False
2317,2022-10-21 09:32:34.819287,-0.004854368932038833,-0.004854368932038833,-0.5,-0.5,102.5,103.0,102.5,103.0,2311.0,1887.0,22220.0,2407.0,False
2317,2022-10-21 09:32:35.588782,-0.004854368932038833,-0.004854368932038833,-0.5,-0.5,102.5,103.0,102.5,103.0,2311.0,1887.0,22220.0,2407.0,False
2317,2022-10-21 09:32:35.867508,-0.004854368932038833,-0.004854368932038833,-0.5,-0.5,102.5,103.0,102.5,103.0,2311.0,1887.0,22220.0,2407.0,False
2317,2022-10-21 09:32:36.588319,-0.004854368932038833,-0.004854368932038833,-0.5,-0.5,102.5,103.0,102.5,103.0,2311.0,1887.0,22220.0,2407.0,False
2317,2022-10-21 09:32:36.900024,-0.004854368932038833,-0.004854368932038833,-0.5,-0.5,102.5,103.0,102.5,103.0,2313.0,1887.0,22220.0,2407.0,False
2317,2022-10-21 09:32:37.493120,-0.004854368932038833,-0.004854368932038833,-0.5,-0.5,102.5,103.0,102.5,103.0,2313.0,1887.0,22220.0,2407.0,False
2317,2022-10-21 09:32:37.645511,-0.004854368932038833,-0.004854368932038833,-0.5,-0.5,102.5,103.0,102.5,103.0,2315.0,1887.0,22220.0,2407.0,False
2317,2022-10-21 09:32:38.627175,-0.004854368932038833,-0.004854368932038833,-0.5,-0.5,102.5,103.0,102.5,103.0,2350.0,1887.0,22220.0,2407.0,False
2317,2022-10-21 09:32:38.696460,-0.004854368932038833,-0.004854368932038833,-0.5,-0.5,102.5,103.0,102.5,103.0,2351.0,1887.0,22220.0,2407.0,False
2317,2022-10-21 09:32:39.140666,-0.004854368932038833,-0.004854368932038833,-0.5,-0.5,102.5,103.0,102.5,103.0,2351.0,1888.0,22220.0,2407.0,False
2317,2022-10-21 09:32:40.296699,-0.004854368932038833,-0.004854368932038833,-0.5,-0.5,102.5,103.0,102.5,103.0,2353.0,1888.0,22220.0,2407.0,False
2317,2022-10-21 09:32:40.776566,-0.004854368932038833,-0.004854368932038833,-0.5,-0.5,102.5,103.0,102.5,103.0,2356.0,1888.0,22220.0,2407.0,False
2317,2022-10-21 09:32:40.858155,-0.004854368932038833,-0.004854368932038833,-0.5,-0.5,102.5,103.0,102.5,103.0,2356.0,1888.0,22220.0,2407.0,False
2317,2022-10-21 09:32:40.910029,-0.004854368932038833,-0.004854368932038833,-0.5,-0.5,102.5,103.0,102.5,103.0,2356.0,1888.0,22220.0,2407.0,False
2317,2022-10-21 09:32:41.422112,-0.004854368932038833,-0.004854368932038833,-0.5,-0.5,102.5,103.0,102.5,103.0,2356.0,1893.0,22220.0,2407.0,False
2317,2022-10-21 09:32:41.756010,-0.004854368932038833,-0.004854368932038833,-0.5,-0.5,102.5,103.0,102.5,103.0,2356.0,1894.0,22220.0,2407.0,False
2317,2022-10-21 09:32:41.799730,-0.004854368932038833,-0.004854368932038833,-0.5,-0.5,102.5,103.0,102.5,103.0,2357.0,1894.0,22220.0,2407.0,False
2317,2022-10-21 09:32:42.207079,-0.004854368932038833,-0.004854368932038833,-0.5,-0.5,102.5,103.0,102.5,103.0,2357.0,1894.0,22220.0,2407.0,False
2317,2022-10-21 09:32:42.281252,-0.004854368932038833,-0.004854368932038833,-0.5,-0.5,102.5,103.0,102.5,103.0,2399.0,1894.0,22220.0,2407.0,False
2317,2022-10-21 09:32:42.855438,-0.004854368932038833,-0.004854368932038833,-0.5,-0.5,102.5,103.0,102.5,103.0,2399.0,1894.0,22220.0,2407.0,False
2317,2022-10-21 09:32:43.285083,-0.004854368932038833,-0.004854368932038833,-0.5,-0.5,102.5,103.0,102.5,103.0,2399.0,1894.0,22220.0,2407.0,False
2317,2022-10-21 09:32:43.605466,-0.004854368932038833,-0.004854368932038833,-0.5,-0.5,102.5,103.0,102.5,103.0,2399.0,1893.0,22220.0,2407.0,False
2317,2022-10-21 09:32:44.143316,-0.004854368932038833,-0.004854368932038833,-0.5,-0.5,102.5,103.0,102.5,103.0,2399.0,1893.0,22220.0,2795.0,True
2317,2022-10-21 09:32:44.435007,-0.004854368932038833,-0.004854368932038833,-0.5,-0.5,102.5,103.0,102.5,103.0,2400.0,1893.0,22220.0,2795.0,False
2317,2022-10-21 09:32:44.661559,-0.004854368932038833,-0.004854368932038833,-0.5,-0.5,102.5,103.0,102.5,103.0,2400.0,1893.0,22220.0,2795.0,False
2317,2022-10-21 09:32:44.760007,-0.004854368932038833,-0.004854368932038833,-0.5,-0.5,102.5,103.0,102.5,103.0,2400.0,1891.0,22220.0,2795.0,False
2317,2022-10-21 09:32:44.798670,-0.004854368932038833,-0.004854368932038833,-0.5,-0.5,102.5,103.0,102.5,103.0,2400.0,1891.0,22220.0,2795.0,False
2317,2022-10-21 09:32:46.063787,-0.004854368932038833,-0.004854368932038833,-0.5,-0.5,102.5,103.0,102.5,103.0,2400.0,1891.0,22220.0,2795.0,False
2317,2022-10-21 09:32:46.873062,-0.004854368932038833,-0.004854368932038833,-0.5,-0.5,102.5,103.0,102.5,103.0,2401.0,1891.0,22220.0,2795.0,False
2317,2022-10-21 09:32:47.122278,-0.004854368932038833,-0.004854368932038833,-0.5,-0.5,102.5,103.0,102.5,103.0,2401.0,1892.0,22220.0,2795.0,False
2317,2022-10-21 09:32:47.714935,-0.004854368932038833,-0.004854368932038833,-0.5,-0.5,102.5,103.0,102.5,103.0,2401.0,1892.0,22220.0,2795.0,False
2317,2022-10-21 09:32:49.060830,-0.004854368932038833,-0.004854368932038833,-0.5,-0.5,102.5,103.0,102.5,103.0,2401.0,1891.0,22220.0,2795.0,False
2317,2022-10-21 09:32:49.373981,-0.004854368932038833,-0.004854368932038833,-0.5,-0.5,102.5,103.0,102.5,103.0,2401.0,1891.0,22220.0,2795.0,False
2317,2022-10-21 09:32:49.931798,-0.004854368932038833,-0.004854368932038833,-0.5,-0.5,102.5,103.0,102.5,103.0,2401.0,1890.0,22220.0,2795.0,False
2317,2022-10-21 09:32:50.230241,-0.004854368932038833,-0.004854368932038833,-0.5,-0.5,102.5,103.0,102.5,103.0,2401.0,1881.0,22220.0,2795.0,False
2317,2022-10-21 09:32:50.520603,-0.004854368932038833,-0.004854368932038833,-0.5,-0.5,102.5,103.0,102.5,103.0,2401.0,1880.0,22220.0,2795.0,False
2317,2022-10-21 09:32:52.014194,-0.004854368932038833,-0.004854368932038833,-0.5,-0.5,102.5,103.0,102.5,103.0,2401.0,1881.0,22220.0,2795.0,False
2317,2022-10-21 09:32:52.034245,-0.004854368932038833,-0.004854368932038833,-0.5,-0.5,102.5,103.0,102.5,103.0,2401.0,1880.0,22220.0,2795.0,False
2317,2022-10-21 09:32:53.745206,-0.004854368932038833,-0.004854368932038833,-0.5,-0.5,102.5,103.0,102.5,103.0,2401.0,1880.0,22220.0,2795.0,False
2317,2022-10-21 09:32:54.182740,-0.004854368932038833,-0.004854368932038833,-0.5,-0.5,102.5,103.0,102.5,103.0,2401.0,1880.0,22320.0,2465.0,True
2317,2022-10-21 09:32:54.207256,-0.004854368932038833,-0.004854368932038833,-0.5,-0.5,102.5,103.0,102.5,103.0,2402.0,1880.0,22320.0,2465.0,False
2317,2022-10-21 09:32:54.939078,-0.004854368932038833,-0.004854368932038833,-0.5,-0.5,102.5,103.0,102.5,103.0,2401.0,1880.0,22320.0,2465.0,False
2317,2022-10-21 09:32:55.045649,-0.004854368932038833,-0.004854368932038833,-0.5,-0.5,102.5,103.0,102.5,103.0,2401.0,1880.0,22320.0,2465.0,False
2317,2022-10-21 09:32:55.629386,-0.004854368932038833,-0.004854368932038833,-0.5,-0.5,102.5,103.0,102.5,103.0,2401.0,1880.0,22320.0,2465.0,False
2317,2022-10-21 09:32:55.963261,-0.004854368932038833,-0.004854368932038833,-0.5,-0.5,102.5,103.0,102.5,103.0,2401.0,1880.0,22320.0,2465.0,False
2317,2022-10-21 09:32:56.577644,-0.004854368932038833,-0.004854368932038833,-0.5,-0.5,102.5,103.0,102.5,103.0,2401.0,1880.0,22320.0,2465.0,False
2317,2022-10-21 09:32:57.755758,-0.004854368932038833,-0.004854368932038833,-0.5,-0.5,102.5,103.0,102.5,103.0,2401.0,1880.0,22320.0,2465.0,False
2317,2022-10-21 09:32:57.888394,-0.004854368932038833,-0.004854368932038833,-0.5,-0.5,102.5,103.0,102.5,103.0,2401.0,1880.0,22320.0,2465.0,False
2317,2022-10-21 09:32:58.710893,-0.004854368932038833,-0.004854368932038833,-0.5,-0.5,102.5,103.0,102.5,103.0,2402.0,1880.0,22320.0,2465.0,False
2317,2022-10-21 09:32:58.936083,-0.004854368932038833,-0.004854368932038833,-0.5,-0.5,102.5,103.0,102.5,103.0,2402.0,1880.0,22320.0,2465.0,False
2317,2022-10-21 09:32:59.031100,-0.004854368932038833,-0.004854368932038833,-0.5,-0.5,102.5,103.0,102.5,103.0,2402.0,1880.0,22320.0,2465.0,False
2317,2022-10-21 09:32:59.117804,-0.004854368932038833,-0.004854368932038833,-0.5,-0.5,102.5,103.0,102.5,103.0,2402.0,1880.0,22320.0,2465.0,False
2317,2022-10-21 09:32:59.460910,-0.004854368932038833,-0.004854368932038833,-0.5,-0.5,102.5,103.0,102.5,103.0,2402.0,1880.0,22320.0,2465.0,False
2317,2022-10-21 09:32:59.732844,-0.004854368932038833,-0.004854368932038833,-0.5,-0.5,102.5,103.0,102.5,103.0,2402.0,1880.0,22320.0,2465.0,False
2317,2022-10-21 09:32:59.753341,-0.004854368932038833,-0.004854368932038833,-0.5,-0.5,102.5,103.0,102.5,103.0,2404.0,1880.0,22320.0,2465.0,False
2317,2022-10-21 09:32:59.966699,-0.004854368932038833,-0.004854368932038833,-0.5,-0.5,102.5,103.0,102.5,103.0,2404.0,1880.0,22320.0,2465.0,False
2317,2022-10-21 09:33:00.456125,-0.004854368932038833,-0.004854368932038833,-0.5,-0.5,102.5,103.0,102.5,103.0,2404.0,1880.0,22320.0,2465.0,False
2317,2022-10-21 09:33:00.619212,-0.004854368932038833,-0.004854368932038833,-0.5,-0.5,102.5,103.0,102.5,103.0,2403.0,1879.0,22320.0,2465.0,False
2317,2022-10-21 09:33:01.049269,-0.004854368932038833,-0.004854368932038833,-0.5,-0.5,102.5,103.0,102.5,103.0,2403.0,1879.0,22320.0,2465.0,False
2317,2022-10-21 09:33:01.608847,-0.004854368932038833,-0.004854368932038833,-0.5,-0.5,102.5,103.0,102.5,103.0,2403.0,1879.0,22320.0,2465.0,False
2317,2022-10-21 09:33:01.810023,-0.004854368932038833,-0.004854368932038833,-0.5,-0.5,102.5,103.0,102.5,103.0,2403.0,1879.0,22320.0,2465.0,False
2317,2022-10-21 09:33:02.422592,-0.004854368932038833,-0.004854368932038833,-0.5,-0.5,102.5,103.0,102.5,103.0,2403.0,1879.0,22320.0,2465.0,False
2317,2022-10-21 09:33:04.222897,-0.004854368932038833,-0.004854368932038833,-0.5,-0.5,102.5,103.0,102.5,103.0,2403.0,1879.0,22041.0,3386.0,True
2317,2022-10-21 09:33:05.881874,-0.004854368932038833,-0.004854368932038833,-0.5,-0.5,102.5,103.0,102.5,103.0,2403.0,1878.0,22041.0,3386.0,False
2317,2022-10-21 09:33:08.641113,-0.004854368932038833,-0.004854368932038833,-0.5,-0.5,102.5,103.0,102.5,103.0,2403.0,1876.0,22041.0,3386.0,False
2317,2022-10-21 09:33:08.787298,-0.004854368932038833,-0.004854368932038833,-0.5,-0.5,102.5,103.0,102.5,103.0,2413.0,1876.0,22041.0,3386.0,False
2317,2022-10-21 09:33:10.346433,-0.004854368932038833,-0.004854368932038833,-0.5,-0.5,102.5,103.0,102.5,103.0,2413.0,1876.0,22041.0,3386.0,False
2317,2022-10-21 09:33:10.386438,-0.004854368932038833,-0.004854368932038833,-0.5,-0.5,102.5,103.0,102.5,103.0,2413.0,1876.0,22041.0,3386.0,False
2317,2022-10-21 09:33:10.878031,-0.004854368932038833,-0.004854368932038833,-0.5,-0.5,102.5,103.0,102.5,103.0,2413.0,1876.0,22041.0,3386.0,False
2317,2022-10-21 09:33:11.481633,-0.004854368932038833,-0.004854368932038833,-0.5,-0.5,102.5,103.0,102.5,103.0,2413.0,1876.0,22041.0,3386.0,False
2317,2022-10-21 09:33:12.030564,-0.004854368932038833,-0.004854368932038833,-0.5,-0.5,102.5,103.0,102.5,103.0,2414.0,1876.0,22041.0,3386.0,False
2317,2022-10-21 09:33:12.034220,-0.004854368932038833,-0.004854368932038833,-0.5,-0.5,102.5,103.0,102.5,103.0,2414.0,1876.0,22041.0,3386.0,False
2317,2022-10-21 09:33:12.229215,-0.004854368932038833,-0.004854368932038833,-0.5,-0.5,102.5,103.0,102.5,103.0,2414.0,1876.0,22041.0,3386.0,False
2317,2022-10-21 09:33:12.650062,-0.004854368932038833,-0.004854368932038833,-0.5,-0.5,102.5,103.0,102.5,103.0,2414.0,1876.0,22041.0,3386.0,False
2317,2022-10-21 09:33:13.012078,-0.004854368932038833,-0.004854368932038833,-0.5,-0.5,102.5,103.0,102.5,103.0,2414.0,1876.0,22041.0,3386.0,False
2317,2022-10-21 09:33:14.146358,-0.004854368932038833,-0.004854368932038833,-0.5,-0.5,102.5,103.0,102.5,103.0,2414.0,1876.0,22041.0,3386.0,False
2317,2022-10-21 09:33:14.263051,-0.004854368932038833,-0.004854368932038833,-0.5,-0.5,102.5,103.0,102.5,103.0,2414.0,1876.0,22043.0,3386.0,True
2317,2022-10-21 09:33:14.272331,-0.004854368932038833,-0.004854368932038833,-0.5,-0.5,102.5,103.0,102.5,103.0,2414.0,1906.0,22043.0,3386.0,False
2317,2022-10-21 09:33:14.381018,-0.004854368932038833,-0.004854368932038833,-0.5,-0.5,102.5,103.0,102.5,103.0,2414.0,1915.0,22043.0,3386.0,False
2317,2022-10-21 09:33:15.142971,-0.004854368932038833,-0.004854368932038833,-0.5,-0.5,102.5,103.0,102.5,103.0,2414.0,1913.0,22043.0,3386.0,False
2317,2022-10-21 09:33:15.433215,-0.004854368932038833,-0.004854368932038833,-0.5,-0.5,102.5,103.0,102.5,103.0,2414.0,1904.0,22043.0,3386.0,False
2317,2022-10-21 09:33:15.637382,-0.004854368932038833,-0.004854368932038833,-0.5,-0.5,102.5,103.0,102.5,103.0,2414.0,1904.0,22043.0,3386.0,False
2317,2022-10-21 09:33:16.164093,-0.004854368932038833,-0.004854368932038833,-0.5,-0.5,102.5,103.0,102.5,103.0,2414.0,1906.0,22043.0,3386.0,False
2317,2022-10-21 09:33:16.274149,-0.004854368932038833,-0.004854368932038833,-0.5,-0.5,102.5,103.0,102.5,103.0,2414.0,1906.0,22043.0,3386.0,False
2317,2022-10-21 09:33:17.572802,-0.004854368932038833,-0.004854368932038833,-0.5,-0.5,102.5,103.0,102.5,103.0,2409.0,1906.0,22043.0,3386.0,False
2317,2022-10-21 09:33:17.679378,-0.004854368932038833,-0.004854368932038833,-0.5,-0.5,102.5,103.0,102.5,103.0,2409.0,1915.0,22043.0,3386.0,False
2317,2022-10-21 09:33:17.759356,-0.004854368932038833,-0.004854368932038833,-0.5,-0.5,102.5,103.0,102.5,103.0,2408.0,1915.0,22043.0,3386.0,False
2317,2022-10-21 09:33:17.865974,-0.004854368932038833,-0.004854368932038833,-0.5,-0.5,102.5,103.0,102.5,103.0,2411.0,1915.0,22043.0,3386.0,False
2317,2022-10-21 09:33:18.204914,-0.004854368932038833,-0.004854368932038833,-0.5,-0.5,102.5,103.0,102.5,103.0,2413.0,1915.0,22043.0,3386.0,False
2317,2022-10-21 09:33:19.346291,-0.004854368932038833,-0.004854368932038833,-0.5,-0.5,102.5,103.0,102.5,103.0,2413.0,1915.0,22043.0,3386.0,False
2317,2022-10-21 09:33:19.635971,-0.004854368932038833,-0.004854368932038833,-0.5,-0.5,102.5,103.0,102.5,103.0,2413.0,1915.0,22043.0,3386.0,False
2317,2022-10-21 09:33:19.869672,-0.004854368932038833,-0.004854368932038833,-0.5,-0.5,102.5,103.0,102.5,103.0,2413.0,1915.0,22043.0,3386.0,False
2317,2022-10-21 09:33:20.304040,-0.004854368932038833,-0.004854368932038833,-0.5,-0.5,102.5,103.0,102.5,103.0,2414.0,1915.0,22043.0,3386.0,False
2317,2022-10-21 09:33:20.416907,-0.004854368932038833,-0.004854368932038833,-0.5,-0.5,102.5,103.0,102.5,103.0,2414.0,1916.0,22043.0,3386.0,False
2317,2022-10-21 09:33:20.512863,-0.004854368932038833,-0.004854368932038833,-0.5,-0.5,102.5,103.0,102.5,103.0,2414.0,1916.0,22043.0,3386.0,False
2317,2022-10-21 09:33:21.742408,-0.004854368932038833,-0.004854368932038833,-0.5,-0.5,102.5,103.0,102.5,103.0,2415.0,1916.0,22043.0,3386.0,False
2317,2022-10-21 09:33:22.049525,-0.004854368932038833,-0.004854368932038833,-0.5,-0.5,102.5,103.0,102.5,103.0,2415.0,1916.0,22043.0,3386.0,False
2317,2022-10-21 09:33:24.203893,-0.004854368932038833,-0.004854368932038833,-0.5,-0.5,102.5,103.0,102.5,103.0,2425.0,1916.0,22043.0,3386.0,False
2317,2022-10-21 09:33:24.322674,-0.004854368932038833,-0.004854368932038833,-0.5,-0.5,102.5,103.0,102.5,103.0,2425.0,1916.0,22053.0,3486.0,True
2317,2022-10-21 09:33:24.796011,-0.004854368932038833,-0.004854368932038833,-0.5,-0.5,102.5,103.0,102.5,103.0,2425.0,1916.0,22053.0,3486.0,False
2317,2022-10-21 09:33:25.251418,-0.004854368932038833,-0.004854368932038833,-0.5,-0.5,102.5,103.0,102.5,103.0,2427.0,1916.0,22053.0,3486.0,False
2317,2022-10-21 09:33:28.110173,-0.004854368932038833,-0.004854368932038833,-0.5,-0.5,102.5,103.0,102.5,103.0,2427.0,1916.0,22053.0,3486.0,False
2317,2022-10-21 09:33:29.619875,-0.004854368932038833,-0.004854368932038833,-0.5,-0.5,102.5,103.0,102.5,103.0,2425.0,1916.0,22053.0,3486.0,False
2317,2022-10-21 09:33:29.839587,-0.004854368932038833,-0.004854368932038833,-0.5,-0.5,102.5,103.0,102.5,103.0,2416.0,1916.0,22053.0,3486.0,False
2317,2022-10-21 09:33:31.158206,-0.004854368932038833,-0.004854368932038833,-0.5,-0.5,102.5,103.0,102.5,103.0,2418.0,1916.0,22053.0,3486.0,False
2317,2022-10-21 09:33:32.083474,-0.004854368932038833,-0.004854368932038833,-0.5,-0.5,102.5,103.0,102.5,103.0,2418.0,1916.0,22053.0,3486.0,False
2317,2022-10-21 09:33:32.282185,-0.004854368932038833,-0.004854368932038833,-0.5,-0.5,102.5,103.0,102.5,103.0,2418.0,1916.0,22053.0,3486.0,False
2317,2022-10-21 09:33:32.909449,-0.004854368932038833,-0.004854368932038833,-0.5,-0.5,102.5,103.0,102.5,103.0,2418.0,1916.0,22053.0,3486.0,False
2317,2022-10-21 09:33:33.029096,-0.004854368932038833,-0.004854368932038833,-0.5,-0.5,102.5,103.0,102.5,103.0,2417.0,1916.0,22053.0,3486.0,False
2317,2022-10-21 09:33:33.192102,-0.004854368932038833,-0.004854368932038833,-0.5,-0.5,102.5,103.0,102.5,103.0,2417.0,1916.0,22053.0,3486.0,False
2317,2022-10-21 09:33:34.361846,-0.004854368932038833,-0.004854368932038833,-0.5,-0.5,102.5,103.0,102.5,103.0,2417.0,1916.0,22123.0,3486.0,True
2317,2022-10-21 09:33:34.954207,-0.004854368932038833,-0.004854368932038833,-0.5,-0.5,102.5,103.0,102.5,103.0,2417.0,1916.0,22123.0,3486.0,False
2317,2022-10-21 09:33:35.406279,-0.004854368932038833,-0.004854368932038833,-0.5,-0.5,102.5,103.0,102.5,103.0,2417.0,1916.0,22123.0,3486.0,False
2317,2022-10-21 09:33:36.107216,-0.004854368932038833,-0.004854368932038833,-0.5,-0.5,102.5,103.0,102.5,103.0,2417.0,1916.0,22123.0,3486.0,False
2317,2022-10-21 09:33:36.419726,-0.004854368932038833,-0.004854368932038833,-0.5,-0.5,102.5,103.0,102.5,103.0,2417.0,1916.0,22123.0,3486.0,False
2317,2022-10-21 09:33:38.129540,-0.004854368932038833,-0.004854368932038833,-0.5,-0.5,102.5,103.0,102.5,103.0,2417.0,1916.0,22123.0,3486.0,False
2317,2022-10-21 09:33:40.096086,-0.004854368932038833,-0.004854368932038833,-0.5,-0.5,102.5,103.0,102.5,103.0,2418.0,1916.0,22123.0,3486.0,False
2317,2022-10-21 09:33:40.765791,-0.004854368932038833,-0.004854368932038833,-0.5,-0.5,102.5,103.0,102.5,103.0,2418.0,1916.0,22123.0,3486.0,False
2317,2022-10-21 09:33:40.848957,-0.004854368932038833,-0.004854368932038833,-0.5,-0.5,102.5,103.0,102.5,103.0,2418.0,1914.0,22123.0,3486.0,False
2317,2022-10-21 09:33:40.974137,-0.004854368932038833,-0.004854368932038833,-0.5,-0.5,102.5,103.0,102.5,103.0,2427.0,1914.0,22123.0,3486.0,False
2317,2022-10-21 09:33:42.466965,-0.004854368932038833,-0.004854368932038833,-0.5,-0.5,102.5,103.0,102.5,103.0,2427.0,1914.0,22123.0,3486.0,False
2317,2022-10-21 09:33:42.590727,-0.004854368932038833,-0.004854368932038833,-0.5,-0.5,102.5,103.0,102.5,103.0,2427.0,1911.0,22123.0,3486.0,False
2317,2022-10-21 09:33:42.924610,-0.004854368932038833,-0.004854368932038833,-0.5,-0.5,102.5,103.0,102.5,103.0,2427.0,1911.0,22123.0,3486.0,False
2317,2022-10-21 09:33:42.974954,-0.004854368932038833,-0.004854368932038833,-0.5,-0.5,102.5,103.0,102.5,103.0,2428.0,1911.0,22123.0,3486.0,False
2317,2022-10-21 09:33:43.088875,-0.004854368932038833,-0.004854368932038833,-0.5,-0.5,102.5,103.0,102.5,103.0,2429.0,1911.0,22123.0,3486.0,False
2317,2022-10-21 09:33:43.470993,-0.004854368932038833,-0.004854368932038833,-0.5,-0.5,102.5,103.0,102.5,103.0,2429.0,1911.0,22123.0,3486.0,False
2317,2022-10-21 09:33:44.401960,-0.004854368932038833,-0.004854368932038833,-0.5,-0.5,102.5,103.0,102.5,103.0,2429.0,1911.0,22123.0,3586.0,True
2317,2022-10-21 09:33:45.577320,-0.004854368932038833,-0.004854368932038833,-0.5,-0.5,102.5,103.0,102.5,103.0,2427.0,1911.0,22123.0,3586.0,False
2317,2022-10-21 09:33:48.705762,-0.004854368932038833,-0.004854368932038833,-0.5,-0.5,102.5,103.0,102.5,103.0,2427.0,1911.0,22123.0,3586.0,False
2317,2022-10-21 09:33:48.757726,-0.004854368932038833,-0.004854368932038833,-0.5,-0.5,102.5,103.0,102.5,103.0,2436.0,1911.0,22123.0,3586.0,False
2317,2022-10-21 09:33:48.973161,-0.004854368932038833,-0.004854368932038833,-0.5,-0.5,102.5,103.0,102.5,103.0,2436.0,1911.0,22123.0,3586.0,False
2317,2022-10-21 09:33:50.094859,-0.004854368932038833,-0.004854368932038833,-0.5,-0.5,102.5,103.0,102.5,103.0,2436.0,1912.0,22123.0,3586.0,False
2317,2022-10-21 09:33:50.929244,-0.004854368932038833,-0.004854368932038833,-0.5,-0.5,102.5,103.0,102.5,103.0,2436.0,1914.0,22123.0,3586.0,False
2317,2022-10-21 09:33:51.803085,-0.004854368932038833,-0.004854368932038833,-0.5,-0.5,102.5,103.0,102.5,103.0,2436.0,1914.0,22123.0,3586.0,False
2317,2022-10-21 09:33:52.011104,-0.004854368932038833,-0.004854368932038833,-0.5,-0.5,102.5,103.0,102.5,103.0,2436.0,1914.0,22123.0,3586.0,False
2317,2022-10-21 09:33:52.656575,-0.004854368932038833,-0.004854368932038833,-0.5,-0.5,102.5,103.0,102.5,103.0,2436.0,1915.0,22123.0,3586.0,False
2317,2022-10-21 09:33:54.158720,-0.004854368932038833,-0.004854368932038833,-0.5,-0.5,102.5,103.0,102.5,103.0,2436.0,1916.0,22123.0,3586.0,False
2317,2022-10-21 09:33:54.446511,-0.004854368932038833,-0.004854368932038833,-0.5,-0.5,102.5,103.0,102.5,103.0,2436.0,1916.0,22273.0,3586.0,True
2317,2022-10-21 09:33:54.924770,-0.004854368932038833,-0.004854368932038833,-0.5,-0.5,102.5,103.0,102.5,103.0,2436.0,1916.0,22273.0,3586.0,False
2317,2022-10-21 09:33:55.063772,-0.004854368932038833,-0.004854368932038833,-0.5,-0.5,102.5,103.0,102.5,103.0,2436.0,1916.0,22273.0,3586.0,False
2317,2022-10-21 09:33:56.943629,-0.004854368932038833,-0.004854368932038833,-0.5,-0.5,102.5,103.0,102.5,103.0,2436.0,1916.0,22273.0,3586.0,False
2317,2022-10-21 09:33:57.166797,-0.004854368932038833,-0.004854368932038833,-0.5,-0.5,102.5,103.0,102.5,103.0,2436.0,1917.0,22273.0,3586.0,False
2317,2022-10-21 09:33:57.698628,-0.004854368932038833,-0.004854368932038833,-0.5,-0.5,102.5,103.0,102.5,103.0,2436.0,1917.0,22273.0,3586.0,False
2317,2022-10-21 09:33:59.359875,-0.004854368932038833,-0.004854368932038833,-0.5,-0.5,102.5,103.0,102.5,103.0,2436.0,1917.0,22273.0,3586.0,False
2317,2022-10-21 09:34:00.337379,-0.004854368932038833,-0.004854368932038833,-0.5,-0.5,102.5,103.0,102.5,103.0,2436.0,1917.0,22273.0,3586.0,False
2317,2022-10-21 09:34:00.539834,-0.004854368932038833,-0.004854368932038833,-0.5,-0.5,102.5,103.0,102.5,103.0,2436.0,1917.0,22273.0,3586.0,False
2317,2022-10-21 09:34:00.860348,-0.004854368932038833,-0.004854368932038833,-0.5,-0.5,102.5,103.0,102.5,103.0,2436.0,1917.0,22273.0,3586.0,False
2317,2022-10-21 09:34:03.887039,-0.004854368932038833,-0.004854368932038833,-0.5,-0.5,102.5,103.0,102.5,103.0,2436.0,1917.0,21308.0,2587.0,True
2317,2022-10-21 09:34:07.923673,-0.004854368932038833,-0.004854368932038833,-0.5,-0.5,102.5,103.0,102.5,103.0,2437.0,1917.0,21308.0,2587.0,False
2317,2022-10-21 09:34:08.803568,-0.004854368932038833,-0.004854368932038833,-0.5,-0.5,102.5,103.0,102.5,103.0,2437.0,1917.0,21308.0,2587.0,False
2317,2022-10-21 09:34:08.928768,-0.004854368932038833,-0.004854368932038833,-0.5,-0.5,102.5,103.0,102.5,103.0,2437.0,1915.0,21308.0,2587.0,False
2317,2022-10-21 09:34:09.712653,-0.004854368932038833,-0.004854368932038833,-0.5,-0.5,102.5,103.0,102.5,103.0,2437.0,1915.0,21308.0,2587.0,False
2317,2022-10-21 09:34:11.585182,-0.004854368932038833,-0.004854368932038833,-0.5,-0.5,102.5,103.0,102.5,103.0,2437.0,1915.0,21308.0,2587.0,False
2317,2022-10-21 09:34:12.375925,-0.004854368932038833,-0.004854368932038833,-0.5,-0.5,102.5,103.0,102.5,103.0,2437.0,1915.0,21308.0,2587.0,False
2317,2022-10-21 09:34:12.968362,-0.004854368932038833,-0.004854368932038833,-0.5,-0.5,102.5,103.0,102.5,103.0,2437.0,1915.0,21308.0,2587.0,False
2317,2022-10-21 09:34:13.820194,-0.004854368932038833,-0.004854368932038833,-0.5,-0.5,102.5,103.0,102.5,103.0,2437.0,1915.0,21308.0,2587.0,False
2317,2022-10-21 09:34:13.941605,-0.004854368932038833,-0.004854368932038833,-0.5,-0.5,102.5,103.0,102.5,103.0,2437.0,1915.0,22557.0,3586.0,True
2317,2022-10-21 09:34:14.471265,-0.004854368932038833,-0.004854368932038833,-0.5,-0.5,102.5,103.0,102.5,103.0,2437.0,1915.0,22557.0,3586.0,False
2317,2022-10-21 09:34:15.326694,-0.004854368932038833,-0.004854368932038833,-0.5,-0.5,102.5,103.0,102.5,103.0,2437.0,1915.0,22557.0,3586.0,False
2317,2022-10-21 09:34:15.685645,-0.004854368932038833,-0.004854368932038833,-0.5,-0.5,102.5,103.0,102.5,103.0,2437.0,1915.0,22557.0,3586.0,False
2317,2022-10-21 09:34:15.709208,-0.004854368932038833,-0.004854368932038833,-0.5,-0.5,102.5,103.0,102.5,103.0,2437.0,1916.0,22557.0,3586.0,False
2317,2022-10-21 09:34:16.435852,-0.004854368932038833,-0.004854368932038833,-0.5,-0.5,102.5,103.0,102.5,103.0,2437.0,1916.0,22557.0,3586.0,False
2317,2022-10-21 09:34:16.462784,-0.004854368932038833,-0.004854368932038833,-0.5,-0.5,102.5,103.0,102.5,103.0,2438.0,1916.0,22557.0,3586.0,False
2317,2022-10-21 09:34:16.766794,-0.004854368932038833,-0.004854368932038833,-0.5,-0.5,102.5,103.0,102.5,103.0,2438.0,1916.0,22557.0,3586.0,False
2317,2022-10-21 09:34:17.486359,-0.004854368932038833,-0.004854368932038833,-0.5,-0.5,102.5,103.0,102.5,103.0,2438.0,1916.0,22557.0,3586.0,False
2317,2022-10-21 09:34:17.866377,-0.004854368932038833,-0.004854368932038833,-0.5,-0.5,102.5,103.0,102.5,103.0,2438.0,1916.0,22557.0,3586.0,False
2317,2022-10-21 09:34:17.949278,-0.004854368932038833,-0.004854368932038833,-0.5,-0.5,102.5,103.0,102.5,103.0,2438.0,1913.0,22557.0,3586.0,False
2317,2022-10-21 09:34:18.001903,-0.004854368932038833,-0.004854368932038833,-0.5,-0.5,102.5,103.0,102.5,103.0,2439.0,1913.0,22557.0,3586.0,False
2317,2022-10-21 09:34:18.298749,-0.004854368932038833,-0.004854368932038833,-0.5,-0.5,102.5,103.0,102.5,103.0,2440.0,1913.0,22557.0,3586.0,False
2317,2022-10-21 09:34:18.407906,-0.004854368932038833,-0.004854368932038833,-0.5,-0.5,102.5,103.0,102.5,103.0,2440.0,1913.0,22557.0,3586.0,False
2317,2022-10-21 09:34:18.660430,-0.004854368932038833,-0.004854368932038833,-0.5,-0.5,102.5,103.0,102.5,103.0,2440.0,1914.0,22557.0,3586.0,False
2317,2022-10-21 09:34:19.009416,-0.004854368932038833,-0.004854368932038833,-0.5,-0.5,102.5,103.0,102.5,103.0,2240.0,1914.0,22557.0,3586.0,False
2317,2022-10-21 09:34:19.058095,-0.004854368932038833,-0.004854368932038833,-0.5,-0.5,102.5,103.0,102.5,103.0,2241.0,1914.0,22557.0,3586.0,False
2317,2022-10-21 09:34:19.089410,-0.004854368932038833,-0.004854368932038833,-0.5,-0.5,102.5,103.0,102.5,103.0,2232.0,1914.0,22557.0,3586.0,False
2317,2022-10-21 09:34:19.119161,-0.004854368932038833,-0.004854368932038833,-0.5,-0.5,102.5,103.0,102.5,103.0,2228.0,1914.0,22557.0,3586.0,False
2317,2022-10-21 09:34:19.780695,-0.004854368932038833,-0.004854368932038833,-0.5,-0.5,102.5,103.0,102.5,103.0,2228.0,1914.0,22557.0,3586.0,False
2317,2022-10-21 09:34:20.137683,-0.004854368932038833,-0.004854368932038833,-0.5,-0.5,102.5,103.0,102.5,103.0,2228.0,1914.0,22557.0,3586.0,False
2317,2022-10-21 09:34:20.452732,-0.004854368932038833,-0.004854368932038833,-0.5,-0.5,102.5,103.0,102.5,103.0,2228.0,1914.0,22557.0,3586.0,False
2317,2022-10-21 09:34:20.570370,-0.004854368932038833,-0.004854368932038833,-0.5,-0.5,102.5,103.0,102.5,103.0,2228.0,1915.0,22557.0,3586.0,False
2317,2022-10-21 09:34:20.835607,-0.004854368932038833,-0.004854368932038833,-0.5,-0.5,102.5,103.0,102.5,103.0,2228.0,1915.0,22557.0,3586.0,False
2317,2022-10-21 09:34:20.911951,-0.004854368932038833,-0.004854368932038833,-0.5,-0.5,102.5,103.0,102.5,103.0,2203.0,1915.0,22557.0,3586.0,False
2317,2022-10-21 09:34:21.221714,-0.004854368932038833,-0.004854368932038833,-0.5,-0.5,102.5,103.0,102.5,103.0,2203.0,1915.0,22557.0,3586.0,False
2317,2022-10-21 09:34:22.511015,-0.004854368932038833,-0.004854368932038833,-0.5,-0.5,102.5,103.0,102.5,103.0,2203.0,1947.0,22557.0,3586.0,False
2317,2022-10-21 09:34:23.313081,-0.004854368932038833,-0.004854368932038833,-0.5,-0.5,102.5,103.0,102.5,103.0,2203.0,1947.0,22557.0,3586.0,False
2317,2022-10-21 09:34:23.793709,-0.004854368932038833,-0.004854368932038833,-0.5,-0.5,102.5,103.0,102.5,103.0,2202.0,1947.0,22557.0,3586.0,False
2317,2022-10-21 09:34:23.982717,-0.004854368932038833,-0.004854368932038833,-0.5,-0.5,102.5,103.0,102.5,103.0,2202.0,1947.0,22557.0,3586.0,True
2317,2022-10-21 09:34:25.335035,-0.004854368932038833,-0.004854368932038833,-0.5,-0.5,102.5,103.0,102.5,103.0,2202.0,1952.0,22557.0,3586.0,False
2317,2022-10-21 09:34:26.647809,-0.004854368932038833,-0.004854368932038833,-0.5,-0.5,102.5,103.0,102.5,103.0,2202.0,1953.0,22557.0,3586.0,False
2317,2022-10-21 09:34:26.768928,-0.004854368932038833,-0.004854368932038833,-0.5,-0.5,102.5,103.0,102.5,103.0,2207.0,1953.0,22557.0,3586.0,False
2317,2022-10-21 09:34:27.183696,-0.004854368932038833,-0.004854368932038833,-0.5,-0.5,102.5,103.0,102.5,103.0,2207.0,1952.0,22557.0,3586.0,False
2317,2022-10-21 09:34:27.210134,-0.004854368932038833,-0.004854368932038833,-0.5,-0.5,102.5,103.0,102.5,103.0,2207.0,1952.0,22557.0,3586.0,False
2317,2022-10-21 09:34:27.241229,-0.004854368932038833,-0.004854368932038833,-0.5,-0.5,102.5,103.0,102.5,103.0,2208.0,1952.0,22557.0,3586.0,False
2317,2022-10-21 09:34:27.309392,-0.004854368932038833,-0.004854368932038833,-0.5,-0.5,102.5,103.0,102.5,103.0,2208.0,1952.0,22557.0,3586.0,False
2317,2022-10-21 09:34:27.479008,-0.004854368932038833,-0.004854368932038833,-0.5,-0.5,102.5,103.0,102.5,103.0,2206.0,1952.0,22557.0,3586.0,False
2317,2022-10-21 09:34:27.481305,-0.004854368932038833,-0.004854368932038833,-0.5,-0.5,102.5,103.0,102.5,103.0,2206.0,1950.0,22557.0,3586.0,False
2317,2022-10-21 09:34:27.828257,-0.004854368932038833,-0.004854368932038833,-0.5,-0.5,102.5,103.0,102.5,103.0,2206.0,1950.0,22557.0,3586.0,False
2317,2022-10-21 09:34:28.307689,-0.004854368932038833,-0.004854368932038833,-0.5,-0.5,102.5,103.0,102.5,103.0,2208.0,1950.0,22557.0,3586.0,False
2317,2022-10-21 09:34:28.705429,-0.004854368932038833,-0.004854368932038833,-0.5,-0.5,102.5,103.0,102.5,103.0,2208.0,2150.0,22557.0,3586.0,False
2317,2022-10-21 09:34:28.775605,-0.004854368932038833,-0.004854368932038833,-0.5,-0.5,102.5,103.0,102.5,103.0,2208.0,2150.0,22557.0,3586.0,False
2317,2022-10-21 09:34:28.826601,-0.004854368932038833,-0.004854368932038833,-0.5,-0.5,102.5,103.0,102.5,103.0,2208.0,2150.0,22557.0,3586.0,False
2317,2022-10-21 09:34:30.401767,-0.004854368932038833,-0.004854368932038833,-0.5,-0.5,102.5,103.0,102.5,103.0,2208.0,2150.0,22557.0,3586.0,False
2317,2022-10-21 09:34:31.225268,-0.004854368932038833,-0.004854368932038833,-0.5,-0.5,102.5,103.0,102.5,103.0,2208.0,2150.0,22557.0,3586.0,False
2317,2022-10-21 09:34:31.327895,-0.004854368932038833,-0.004854368932038833,-0.5,-0.5,102.5,103.0,102.5,103.0,2208.0,2150.0,22557.0,3586.0,False
2317,2022-10-21 09:34:31.375824,-0.004854368932038833,-0.004854368932038833,-0.5,-0.5,102.5,103.0,102.5,103.0,2208.0,2155.0,22557.0,3586.0,False
2317,2022-10-21 09:34:32.543120,-0.004854368932038833,-0.004854368932038833,-0.5,-0.5,102.5,103.0,102.5,103.0,2203.0,2155.0,22557.0,3586.0,False
2317,2022-10-21 09:34:33.521581,-0.004854368932038833,-0.004854368932038833,-0.5,-0.5,102.5,103.0,102.5,103.0,2205.0,2155.0,22557.0,3586.0,False
2317,2022-10-21 09:34:34.035159,-0.004854368932038833,-0.004854368932038833,-0.5,-0.5,102.5,103.0,102.5,103.0,2205.0,2155.0,23107.0,3586.0,True
2317,2022-10-21 09:34:34.249046,-0.004854368932038833,-0.004854368932038833,-0.5,-0.5,102.5,103.0,102.5,103.0,2205.0,2153.0,23107.0,3586.0,False
2317,2022-10-21 09:34:34.269732,-0.004854368932038833,-0.004854368932038833,-0.5,-0.5,102.5,103.0,102.5,103.0,2205.0,2153.0,23107.0,3586.0,False
2317,2022-10-21 09:34:34.312849,-0.004854368932038833,-0.004854368932038833,-0.5,-0.5,102.5,103.0,102.5,103.0,2205.0,2153.0,23107.0,3586.0,False
2317,2022-10-21 09:34:34.555565,-0.004854368932038833,-0.004854368932038833,-0.5,-0.5,102.5,103.0,102.5,103.0,2207.0,2153.0,23107.0,3586.0,False
2317,2022-10-21 09:34:34.557615,-0.004854368932038833,-0.004854368932038833,-0.5,-0.5,102.5,103.0,102.5,103.0,2207.0,2154.0,23107.0,3586.0,False
2317,2022-10-21 09:34:34.601321,-0.004854368932038833,-0.004854368932038833,-0.5,-0.5,102.5,103.0,102.5,103.0,2207.0,2154.0,23107.0,3586.0,False
2317,2022-10-21 09:34:34.853623,-0.004854368932038833,-0.004854368932038833,-0.5,-0.5,102.5,103.0,102.5,103.0,2207.0,2156.0,23107.0,3586.0,False
2317,2022-10-21 09:34:35.042699,-0.004854368932038833,-0.004854368932038833,-0.5,-0.5,102.5,103.0,102.5,103.0,2209.0,2156.0,23107.0,3586.0,False
2317,2022-10-21 09:34:36.143864,-0.004854368932038833,-0.004854368932038833,-0.5,-0.5,102.5,103.0,102.5,103.0,2209.0,2156.0,23107.0,3586.0,False
2317,2022-10-21 09:34:36.684062,-0.004854368932038833,-0.004854368932038833,-0.5,-0.5,102.5,103.0,102.5,103.0,2205.0,2156.0,23107.0,3586.0,False
2317,2022-10-21 09:34:36.686569,-0.004854368932038833,-0.004854368932038833,-0.5,-0.5,102.5,103.0,102.5,103.0,2205.0,2152.0,23107.0,3586.0,False
2317,2022-10-21 09:34:37.255023,-0.004854368932038833,-0.004854368932038833,-0.5,-0.5,102.5,103.0,102.5,103.0,2208.0,2152.0,23107.0,3586.0,False
2317,2022-10-21 09:34:39.094695,-0.004854368932038833,-0.004854368932038833,-0.5,-0.5,102.5,103.0,102.5,103.0,2208.0,2156.0,23107.0,3586.0,False
2317,2022-10-21 09:34:39.263257,-0.004854368932038833,-0.004854368932038833,-0.5,-0.5,102.5,103.0,102.5,103.0,2208.0,2156.0,23107.0,3586.0,False
2317,2022-10-21 09:34:39.523033,-0.004854368932038833,-0.004854368932038833,-0.5,-0.5,102.5,103.0,102.5,103.0,2208.0,2156.0,23107.0,3586.0,False
2317,2022-10-21 09:34:40.071756,-0.004854368932038833,-0.004854368932038833,-0.5,-0.5,102.5,103.0,102.5,103.0,2208.0,2155.0,23107.0,3586.0,False
2317,2022-10-21 09:34:40.528375,-0.004854368932038833,-0.004854368932038833,-0.5,-0.5,102.5,103.0,102.5,103.0,2208.0,2155.0,23107.0,3586.0,False
2317,2022-10-21 09:34:40.851672,-0.004854368932038833,-0.004854368932038833,-0.5,-0.5,102.5,103.0,102.5,103.0,2238.0,2155.0,23107.0,3586.0,False
2317,2022-10-21 09:34:41.156986,-0.004854368932038833,-0.004854368932038833,-0.5,-0.5,102.5,103.0,102.5,103.0,2238.0,2154.0,23107.0,3586.0,False
2317,2022-10-21 09:34:41.291449,-0.004854368932038833,-0.004854368932038833,-0.5,-0.5,102.5,103.0,102.5,103.0,2238.0,2154.0,23107.0,3586.0,False
2317,2022-10-21 09:34:42.574850,-0.004854368932038833,-0.004854368932038833,-0.5,-0.5,102.5,103.0,102.5,103.0,2238.0,2154.0,23107.0,3586.0,False
2317,2022-10-21 09:34:42.598330,-0.004854368932038833,-0.004854368932038833,-0.5,-0.5,102.5,103.0,102.5,103.0,2238.0,2154.0,23107.0,3586.0,False
2317,2022-10-21 09:34:42.752739,-0.004854368932038833,-0.004854368932038833,-0.5,-0.5,102.5,103.0,102.5,103.0,2238.0,2154.0,23107.0,3586.0,False
2317,2022-10-21 09:34:43.696025,-0.004854368932038833,-0.004854368932038833,-0.5,-0.5,102.5,103.0,102.5,103.0,2238.0,2155.0,23107.0,3586.0,False
2317,2022-10-21 09:34:43.832332,-0.004854368932038833,-0.004854368932038833,-0.5,-0.5,102.5,103.0,102.5,103.0,2237.0,2155.0,23107.0,3586.0,False
2317,2022-10-21 09:34:44.074331,-0.004854368932038833,-0.004854368932038833,-0.5,-0.5,102.5,103.0,102.5,103.0,2237.0,2155.0,23007.0,3586.0,True
2317,2022-10-21 09:34:44.739527,-0.004854368932038833,-0.004854368932038833,-0.5,-0.5,102.5,103.0,102.5,103.0,2237.0,2154.0,23007.0,3586.0,False
2317,2022-10-21 09:34:44.830139,-0.004854368932038833,-0.004854368932038833,-0.5,-0.5,102.5,103.0,102.5,103.0,2236.0,2154.0,23007.0,3586.0,False
2317,2022-10-21 09:34:45.556323,-0.004854368932038833,-0.004854368932038833,-0.5,-0.5,102.5,103.0,102.5,103.0,2236.0,2160.0,23007.0,3586.0,False
2317,2022-10-21 09:34:45.623801,-0.004854368932038833,-0.004854368932038833,-0.5,-0.5,102.5,103.0,102.5,103.0,2238.0,2160.0,23007.0,3586.0,False
2317,2022-10-21 09:34:46.210199,-0.004854368932038833,-0.004854368932038833,-0.5,-0.5,102.5,103.0,102.5,103.0,2238.0,2161.0,23007.0,3586.0,False
2317,2022-10-21 09:34:47.484299,-0.004854368932038833,-0.004854368932038833,-0.5,-0.5,102.5,103.0,102.5,103.0,2238.0,2161.0,23007.0,3586.0,False
2317,2022-10-21 09:34:48.887892,-0.004854368932038833,-0.004854368932038833,-0.5,-0.5,102.5,103.0,102.5,103.0,2238.0,2161.0,23007.0,3586.0,False
2317,2022-10-21 09:34:51.156344,-0.004854368932038833,-0.004854368932038833,-0.5,-0.5,102.5,103.0,102.5,103.0,2296.0,2161.0,23007.0,3586.0,False
2317,2022-10-21 09:34:51.272172,-0.004854368932038833,-0.004854368932038833,-0.5,-0.5,102.5,103.0,102.5,103.0,2297.0,2161.0,23007.0,3586.0,False
2317,2022-10-21 09:34:52.373797,-0.004854368932038833,-0.004854368932038833,-0.5,-0.5,102.5,103.0,102.5,103.0,2297.0,2161.0,23007.0,3586.0,False
2317,2022-10-21 09:34:53.426577,-0.004854368932038833,-0.004854368932038833,-0.5,-0.5,102.5,103.0,102.5,103.0,2296.0,2161.0,23007.0,3586.0,False
2317,2022-10-21 09:34:54.135872,-0.004854368932038833,-0.004854368932038833,-0.5,-0.5,102.5,103.0,102.5,103.0,2296.0,2161.0,23007.0,3586.0,False
2317,2022-10-21 09:34:54.205090,-0.004854368932038833,-0.004854368932038833,-0.5,-0.5,102.5,103.0,102.5,103.0,2296.0,2161.0,23007.0,3586.0,False
2317,2022-10-21 09:34:54.237156,-0.004854368932038833,-0.004854368932038833,-0.5,-0.5,102.5,103.0,102.5,103.0,2296.0,2161.0,23817.0,3586.0,True
2317,2022-10-21 09:34:54.394236,-0.004854368932038833,-0.004854368932038833,-0.5,-0.5,102.5,103.0,102.5,103.0,2296.0,2162.0,23817.0,3586.0,False
2317,2022-10-21 09:34:54.602800,-0.004854368932038833,-0.004854368932038833,-0.5,-0.5,102.5,103.0,102.5,103.0,2294.0,2162.0,23817.0,3586.0,False
2317,2022-10-21 09:34:54.605300,-0.004854368932038833,-0.004854368932038833,-0.5,-0.5,102.5,103.0,102.5,103.0,2294.0,2161.0,23817.0,3586.0,False
2317,2022-10-21 09:34:54.792403,-0.004854368932038833,-0.004854368932038833,-0.5,-0.5,102.5,103.0,102.5,103.0,2294.0,2171.0,23817.0,3586.0,False
2317,2022-10-21 09:34:56.274552,-0.004854368932038833,-0.004854368932038833,-0.5,-0.5,102.5,103.0,102.5,103.0,2294.0,2171.0,23817.0,3586.0,False
2317,2022-10-21 09:34:57.535352,-0.004854368932038833,-0.004854368932038833,-0.5,-0.5,102.5,103.0,102.5,103.0,2294.0,2171.0,23817.0,3586.0,False
2317,2022-10-21 09:34:58.883841,-0.004854368932038833,-0.004854368932038833,-0.5,-0.5,102.5,103.0,102.5,103.0,2294.0,2171.0,23817.0,3586.0,False
2317,2022-10-21 09:34:59.897759,-0.004854368932038833,-0.004854368932038833,-0.5,-0.5,102.5,103.0,102.5,103.0,2295.0,2171.0,23817.0,3586.0,False
2317,2022-10-21 09:35:00.667824,-0.004854368932038833,-0.004854368932038833,-0.5,-0.5,102.5,103.0,102.5,103.0,2297.0,2171.0,23817.0,3586.0,False
2317,2022-10-21 09:35:02.003098,-0.004854368932038833,-0.004854368932038833,-0.5,-0.5,102.5,103.0,102.5,103.0,2297.0,2171.0,23817.0,3586.0,False
2317,2022-10-21 09:35:02.226254,-0.004854368932038833,-0.004854368932038833,-0.5,-0.5,102.5,103.0,102.5,103.0,2297.0,2171.0,23817.0,3586.0,False
2317,2022-10-21 09:35:02.469909,-0.004854368932038833,-0.004854368932038833,-0.5,-0.5,102.5,103.0,102.5,103.0,2297.0,2171.0,23817.0,3586.0,False
2317,2022-10-21 09:35:03.417046,-0.004854368932038833,-0.004854368932038833,-0.5,-0.5,102.5,103.0,102.5,103.0,2297.0,2172.0,23817.0,3586.0,False
2317,2022-10-21 09:35:03.988983,-0.004854368932038833,-0.004854368932038833,-0.5,-0.5,102.5,103.0,102.5,103.0,2297.0,2172.0,23817.0,3586.0,False
2317,2022-10-21 09:35:04.432351,-0.004854368932038833,-0.004854368932038833,-0.5,-0.5,102.5,103.0,102.5,103.0,2297.0,2172.0,24084.0,3836.0,True
2317,2022-10-21 09:35:04.592881,-0.004854368932038833,-0.004854368932038833,-0.5,-0.5,102.5,103.0,102.5,103.0,2287.0,2162.0,24084.0,3836.0,False
2317,2022-10-21 09:35:04.652461,-0.004854368932038833,-0.004854368932038833,-0.5,-0.5,102.5,103.0,102.5,103.0,2287.0,2162.0,24084.0,3836.0,False
2317,2022-10-21 09:35:04.777725,-0.004854368932038833,-0.004854368932038833,-0.5,-0.5,102.5,103.0,102.5,103.0,2292.0,2162.0,24084.0,3836.0,False
2317,2022-10-21 09:35:05.389967,-0.004854368932038833,-0.004854368932038833,-0.5,-0.5,102.5,103.0,102.5,103.0,2282.0,2162.0,24084.0,3836.0,False
2317,2022-10-21 09:35:05.471710,-0.004854368932038833,-0.004854368932038833,-0.5,-0.5,102.5,103.0,102.5,103.0,2279.0,2162.0,24084.0,3836.0,False
2317,2022-10-21 09:35:05.520285,-0.004854368932038833,-0.004854368932038833,-0.5,-0.5,102.5,103.0,102.5,103.0,2276.0,2162.0,24084.0,3836.0,False
2317,2022-10-21 09:35:05.624111,-0.004854368932038833,-0.004854368932038833,-0.5,-0.5,102.5,103.0,102.5,103.0,2275.0,2162.0,24084.0,3836.0,False
2317,2022-10-21 09:35:05.809933,-0.004854368932038833,-0.004854368932038833,-0.5,-0.5,102.5,103.0,102.5,103.0,2273.0,2160.0,24084.0,3836.0,False
2317,2022-10-21 09:35:06.358904,-0.004854368932038833,-0.004854368932038833,-0.5,-0.5,102.5,103.0,102.5,103.0,2273.0,2157.0,24084.0,3836.0,False
2317,2022-10-21 09:35:06.875767,-0.004854368932038833,-0.004854368932038833,-0.5,-0.5,102.5,103.0,102.5,103.0,2273.0,2187.0,24084.0,3836.0,False
2317,2022-10-21 09:35:07.337044,-0.004854368932038833,-0.004854368932038833,-0.5,-0.5,102.5,103.0,102.5,103.0,2268.0,2187.0,24084.0,3836.0,False
2317,2022-10-21 09:35:08.070015,-0.004854368932038833,-0.004854368932038833,-0.5,-0.5,102.5,103.0,102.5,103.0,2268.0,2187.0,24084.0,3836.0,False
2317,2022-10-21 09:35:08.070065,-0.004854368932038833,-0.004854368932038833,-0.5,-0.5,102.5,103.0,102.5,103.0,2268.0,2187.0,24084.0,3836.0,False
2317,2022-10-21 09:35:09.658183,-0.004854368932038833,-0.004854368932038833,-0.5,-0.5,102.5,103.0,102.5,103.0,2268.0,2187.0,24084.0,3836.0,False
2317,2022-10-21 09:35:10.121806,-0.004854368932038833,-0.004854368932038833,-0.5,-0.5,102.5,103.0,102.5,103.0,2268.0,2187.0,24084.0,3836.0,False
2317,2022-10-21 09:35:11.404375,-0.004854368932038833,-0.004854368932038833,-0.5,-0.5,102.5,103.0,102.5,103.0,2268.0,2187.0,24084.0,3836.0,False
2317,2022-10-21 09:35:12.543766,-0.004854368932038833,-0.004854368932038833,-0.5,-0.5,102.5,103.0,102.5,103.0,2268.0,2222.0,24084.0,3836.0,False
2317,2022-10-21 09:35:12.843475,-0.004854368932038833,-0.004854368932038833,-0.5,-0.5,102.5,103.0,102.5,103.0,2268.0,2222.0,24084.0,3836.0,False
2317,2022-10-21 09:35:13.020046,-0.004854368932038833,-0.004854368932038833,-0.5,-0.5,102.5,103.0,102.5,103.0,2268.0,2223.0,24084.0,3836.0,False
2317,2022-10-21 09:35:13.050554,-0.004854368932038833,-0.004854368932038833,-0.5,-0.5,102.5,103.0,102.5,103.0,2260.0,2223.0,24084.0,3836.0,False
2317,2022-10-21 09:35:13.249043,-0.004854368932038833,-0.004854368932038833,-0.5,-0.5,102.5,103.0,102.5,103.0,2260.0,2223.0,24084.0,3836.0,False
2317,2022-10-21 09:35:13.377276,-0.004854368932038833,-0.004854368932038833,-0.5,-0.5,102.5,103.0,102.5,103.0,2260.0,2223.0,24084.0,3836.0,False
2317,2022-10-21 09:35:13.467541,-0.004854368932038833,-0.004854368932038833,-0.5,-0.5,102.5,103.0,102.5,103.0,2261.0,2223.0,24084.0,3836.0,False
2317,2022-10-21 09:35:14.441784,-0.004854368932038833,-0.004854368932038833,-0.5,-0.5,102.5,103.0,102.5,103.0,2261.0,2223.0,24074.0,3801.0,True
2317,2022-10-21 09:35:14.476545,-0.004854368932038833,-0.004854368932038833,-0.5,-0.5,102.5,103.0,102.5,103.0,2261.0,2224.0,24074.0,3801.0,False
2317,2022-10-21 09:35:14.977412,-0.004854368932038833,-0.004854368932038833,-0.5,-0.5,102.5,103.0,102.5,103.0,2261.0,2225.0,24074.0,3801.0,False
2317,2022-10-21 09:35:16.175284,-0.004854368932038833,-0.004854368932038833,-0.5,-0.5,102.5,103.0,102.5,103.0,2261.0,2225.0,24074.0,3801.0,False
2317,2022-10-21 09:35:18.449093,-0.004854368932038833,-0.004854368932038833,-0.5,-0.5,102.5,103.0,102.5,103.0,2261.0,2225.0,24074.0,3801.0,False
2317,2022-10-21 09:35:18.635102,-0.004854368932038833,-0.004854368932038833,-0.5,-0.5,102.5,103.0,102.5,103.0,2261.0,2225.0,24074.0,3801.0,False
2317,2022-10-21 09:35:19.107466,-0.004854368932038833,-0.004854368932038833,-0.5,-0.5,102.5,103.0,102.5,103.0,2261.0,2229.0,24074.0,3801.0,False
2317,2022-10-21 09:35:19.311816,-0.004854368932038833,-0.004854368932038833,-0.5,-0.5,102.5,103.0,102.5,103.0,2261.0,2229.0,24074.0,3801.0,False
2317,2022-10-21 09:35:20.695276,-0.004854368932038833,-0.004854368932038833,-0.5,-0.5,102.5,103.0,102.5,103.0,2261.0,2229.0,24074.0,3801.0,False
2317,2022-10-21 09:35:20.987661,-0.004854368932038833,-0.004854368932038833,-0.5,-0.5,102.5,103.0,102.5,103.0,2262.0,2229.0,24074.0,3801.0,False
2317,2022-10-21 09:35:21.002117,-0.004854368932038833,-0.004854368932038833,-0.5,-0.5,102.5,103.0,102.5,103.0,2262.0,2229.0,24074.0,3801.0,False
2317,2022-10-21 09:35:21.999139,-0.004854368932038833,-0.004854368932038833,-0.5,-0.5,102.5,103.0,102.5,103.0,2262.0,2229.0,24074.0,3801.0,False
2317,2022-10-21 09:35:22.623658,-0.004854368932038833,-0.004854368932038833,-0.5,-0.5,102.5,103.0,102.5,103.0,2262.0,2229.0,24074.0,3801.0,False
2317,2022-10-21 09:35:23.303217,-0.004854368932038833,-0.004854368932038833,-0.5,-0.5,102.5,103.0,102.5,103.0,2260.0,2229.0,24074.0,3801.0,False
2317,2022-10-21 09:35:23.305390,-0.004854368932038833,-0.004854368932038833,-0.5,-0.5,102.5,103.0,102.5,103.0,2260.0,2227.0,24074.0,3801.0,False
2317,2022-10-21 09:35:23.797168,-0.004854368932038833,-0.004854368932038833,-0.5,-0.5,102.5,103.0,102.5,103.0,2261.0,2227.0,24074.0,3801.0,False
2317,2022-10-21 09:35:23.808184,-0.004854368932038833,-0.004854368932038833,-0.5,-0.5,102.5,103.0,102.5,103.0,2258.0,2227.0,24074.0,3801.0,False
2317,2022-10-21 09:35:24.460525,-0.004854368932038833,-0.004854368932038833,-0.5,-0.5,102.5,103.0,102.5,103.0,2258.0,2227.0,24124.0,3801.0,True
2317,2022-10-21 09:35:25.086355,-0.004854368932038833,-0.004854368932038833,-0.5,-0.5,102.5,103.0,102.5,103.0,2262.0,2227.0,24124.0,3801.0,False
2317,2022-10-21 09:35:25.169923,-0.004854368932038833,-0.004854368932038833,-0.5,-0.5,102.5,103.0,102.5,103.0,2262.0,2228.0,24124.0,3801.0,False
2317,2022-10-21 09:35:26.268011,-0.004854368932038833,-0.004854368932038833,-0.5,-0.5,102.5,103.0,102.5,103.0,2262.0,2228.0,24124.0,3801.0,False
2317,2022-10-21 09:35:26.688379,-0.004854368932038833,-0.004854368932038833,-0.5,-0.5,102.5,103.0,102.5,103.0,2262.0,2228.0,24124.0,3801.0,False
2317,2022-10-21 09:35:26.741678,-0.004854368932038833,-0.004854368932038833,-0.5,-0.5,102.5,103.0,102.5,103.0,2262.0,2228.0,24124.0,3801.0,False
2317,2022-10-21 09:35:27.923926,-0.004854368932038833,-0.004854368932038833,-0.5,-0.5,102.5,103.0,102.5,103.0,2262.0,2228.0,24124.0,3801.0,False
2317,2022-10-21 09:35:28.030733,-0.004854368932038833,-0.004854368932038833,-0.5,-0.5,102.5,103.0,102.5,103.0,2262.0,2228.0,24124.0,3801.0,False
2317,2022-10-21 09:35:28.339527,-0.004854368932038833,-0.004854368932038833,-0.5,-0.5,102.5,103.0,102.5,103.0,2262.0,2228.0,24124.0,3801.0,False
2317,2022-10-21 09:35:28.349886,-0.004854368932038833,-0.004854368932038833,-0.5,-0.5,102.5,103.0,102.5,103.0,2262.0,2228.0,24124.0,3801.0,False
2317,2022-10-21 09:35:28.812473,-0.004854368932038833,-0.004854368932038833,-0.5,-0.5,102.5,103.0,102.5,103.0,2262.0,2229.0,24124.0,3801.0,False
2317,2022-10-21 09:35:29.378682,-0.004854368932038833,-0.004854368932038833,-0.5,-0.5,102.5,103.0,102.5,103.0,2262.0,2230.0,24124.0,3801.0,False
2317,2022-10-21 09:35:30.717471,-0.004854368932038833,-0.004854368932038833,-0.5,-0.5,102.5,103.0,102.5,103.0,2262.0,2230.0,24124.0,3801.0,False
2317,2022-10-21 09:35:31.684822,-0.004854368932038833,-0.004854368932038833,-0.5,-0.5,102.5,103.0,102.5,103.0,2262.0,2231.0,24124.0,3801.0,False
2317,2022-10-21 09:35:32.525493,-0.004854368932038833,-0.004854368932038833,-0.5,-0.5,102.5,103.0,102.5,103.0,2261.0,2231.0,24124.0,3801.0,False
2317,2022-10-21 09:35:32.595526,-0.004854368932038833,-0.004854368932038833,-0.5,-0.5,102.5,103.0,102.5,103.0,2261.0,2231.0,24124.0,3801.0,False
2317,2022-10-21 09:35:34.101162,-0.004854368932038833,-0.004854368932038833,-0.5,-0.5,102.5,103.0,102.5,103.0,2261.0,2231.0,24124.0,3801.0,False
2317,2022-10-21 09:35:34.219283,-0.004854368932038833,-0.004854368932038833,-0.5,-0.5,102.5,103.0,102.5,103.0,2261.0,2232.0,24124.0,3801.0,False
2317,2022-10-21 09:35:34.239717,-0.004854368932038833,-0.004854368932038833,-0.5,-0.5,102.5,103.0,102.5,103.0,2261.0,2237.0,24124.0,3801.0,False
2317,2022-10-21 09:35:34.485240,-0.004854368932038833,-0.004854368932038833,-0.5,-0.5,102.5,103.0,102.5,103.0,2261.0,2237.0,24229.0,3801.0,True
2317,2022-10-21 09:35:34.972557,-0.004854368932038833,-0.004854368932038833,-0.5,-0.5,102.5,103.0,102.5,103.0,2261.0,2242.0,24229.0,3801.0,False
2317,2022-10-21 09:35:36.256008,-0.004854368932038833,-0.004854368932038833,-0.5,-0.5,102.5,103.0,102.5,103.0,2261.0,2242.0,24229.0,3801.0,False
2317,2022-10-21 09:35:36.852002,-0.004854368932038833,-0.004854368932038833,-0.5,-0.5,102.5,103.0,102.5,103.0,2261.0,2245.0,24229.0,3801.0,False
2317,2022-10-21 09:35:36.946867,-0.004854368932038833,-0.004854368932038833,-0.5,-0.5,102.5,103.0,102.5,103.0,2259.0,2245.0,24229.0,3801.0,False
2317,2022-10-21 09:35:36.949553,-0.004854368932038833,-0.004854368932038833,-0.5,-0.5,102.5,103.0,102.5,103.0,2259.0,2244.0,24229.0,3801.0,False
2317,2022-10-21 09:35:37.145781,-0.004854368932038833,-0.004854368932038833,-0.5,-0.5,102.5,103.0,102.5,103.0,2259.0,2244.0,24229.0,3801.0,False
2317,2022-10-21 09:35:37.528059,-0.004854368932038833,-0.004854368932038833,-0.5,-0.5,102.5,103.0,102.5,103.0,2259.0,2244.0,24229.0,3801.0,False
2317,2022-10-21 09:35:38.407563,-0.004854368932038833,-0.004854368932038833,-0.5,-0.5,102.5,103.0,102.5,103.0,2259.0,2245.0,24229.0,3801.0,False
2317,2022-10-21 09:35:39.940105,-0.004854368932038833,-0.004854368932038833,-0.5,-0.5,102.5,103.0,102.5,103.0,2256.0,2245.0,24229.0,3801.0,False
2317,2022-10-21 09:35:40.480311,-0.004854368932038833,-0.004854368932038833,-0.5,-0.5,102.5,103.0,102.5,103.0,2257.0,2245.0,24229.0,3801.0,False
2317,2022-10-21 09:35:40.723467,-0.004854368932038833,-0.004854368932038833,-0.5,-0.5,102.5,103.0,102.5,103.0,2259.0,2245.0,24229.0,3801.0,False
2317,2022-10-21 09:35:42.556630,-0.004854368932038833,-0.004854368932038833,-0.5,-0.5,102.5,103.0,102.5,103.0,2259.0,2245.0,24229.0,3801.0,False
2317,2022-10-21 09:35:43.171099,-0.004854368932038833,-0.004854368932038833,-0.5,-0.5,102.5,103.0,102.5,103.0,2269.0,2245.0,24229.0,3801.0,False
2317,2022-10-21 09:35:44.207901,-0.004854368932038833,-0.004854368932038833,-0.5,-0.5,102.5,103.0,102.5,103.0,2269.0,2245.0,24229.0,3801.0,False
2317,2022-10-21 09:35:44.512967,-0.004854368932038833,-0.004854368932038833,-0.5,-0.5,102.5,103.0,102.5,103.0,2269.0,2245.0,24179.0,3801.0,True
2317,2022-10-21 09:35:44.862235,-0.004854368932038833,-0.004854368932038833,-0.5,-0.5,102.5,103.0,102.5,103.0,2269.0,2248.0,24179.0,3801.0,False
2317,2022-10-21 09:35:44.908376,-0.004854368932038833,-0.004854368932038833,-0.5,-0.5,102.5,103.0,102.5,103.0,2269.0,2248.0,24179.0,3801.0,False
2317,2022-10-21 09:35:45.009706,-0.004854368932038833,-0.004854368932038833,-0.5,-0.5,102.5,103.0,102.5,103.0,2271.0,2248.0,24179.0,3801.0,False
2317,2022-10-21 09:35:46.139308,-0.004854368932038833,-0.004854368932038833,-0.5,-0.5,102.5,103.0,102.5,103.0,2271.0,2249.0,24179.0,3801.0,False
2317,2022-10-21 09:35:46.971979,-0.004854368932038833,-0.004854368932038833,-0.5,-0.5,102.5,103.0,102.5,103.0,2273.0,2249.0,24179.0,3801.0,False
2317,2022-10-21 09:35:47.978311,-0.004854368932038833,-0.004854368932038833,-0.5,-0.5,102.5,103.0,102.5,103.0,2272.0,2249.0,24179.0,3801.0,False
2317,2022-10-21 09:35:49.341371,-0.004854368932038833,-0.004854368932038833,-0.5,-0.5,102.5,103.0,102.5,103.0,2272.0,2249.0,24179.0,3801.0,False
2317,2022-10-21 09:35:49.447010,-0.004854368932038833,-0.004854368932038833,-0.5,-0.5,102.5,103.0,102.5,103.0,2272.0,2249.0,24179.0,3801.0,False
2317,2022-10-21 09:35:49.993596,-0.004854368932038833,-0.004854368932038833,-0.5,-0.5,102.5,103.0,102.5,103.0,2272.0,2249.0,24179.0,3801.0,False
2317,2022-10-21 09:35:50.299471,-0.004854368932038833,-0.004854368932038833,-0.5,-0.5,102.5,103.0,102.5,103.0,2272.0,2249.0,24179.0,3801.0,False
2317,2022-10-21 09:35:50.412494,-0.004854368932038833,-0.004854368932038833,-0.5,-0.5,102.5,103.0,102.5,103.0,2272.0,2249.0,24179.0,3801.0,False
2317,2022-10-21 09:35:50.891971,-0.004854368932038833,-0.004854368932038833,-0.5,-0.5,102.5,103.0,102.5,103.0,2272.0,2249.0,24179.0,3801.0,False
2317,2022-10-21 09:35:51.252435,-0.004854368932038833,-0.004854368932038833,-0.5,-0.5,102.5,103.0,102.5,103.0,2272.0,2249.0,24179.0,3801.0,False
2317,2022-10-21 09:35:51.435745,-0.004854368932038833,-0.004854368932038833,-0.5,-0.5,102.5,103.0,102.5,103.0,2272.0,2250.0,24179.0,3801.0,False
2317,2022-10-21 09:35:52.641156,-0.004854368932038833,-0.004854368932038833,-0.5,-0.5,102.5,103.0,102.5,103.0,2270.0,2250.0,24179.0,3801.0,False
2317,2022-10-21 09:35:52.643528,-0.004854368932038833,-0.004854368932038833,-0.5,-0.5,102.5,103.0,102.5,103.0,2270.0,2248.0,24179.0,3801.0,False
2317,2022-10-21 09:35:52.856563,-0.004854368932038833,-0.004854368932038833,-0.5,-0.5,102.5,103.0,102.5,103.0,2271.0,2248.0,24179.0,3801.0,False
2317,2022-10-21 09:35:54.546386,-0.004854368932038833,-0.004854368932038833,-0.5,-0.5,102.5,103.0,102.5,103.0,2271.0,2248.0,24179.0,3811.0,True
2317,2022-10-21 09:35:57.015090,-0.004854368932038833,-0.004854368932038833,-0.5,-0.5,102.5,103.0,102.5,103.0,2271.0,2248.0,24179.0,3811.0,False
2317,2022-10-21 09:35:57.529674,-0.004854368932038833,-0.004854368932038833,-0.5,-0.5,102.5,103.0,102.5,103.0,2271.0,2248.0,24179.0,3811.0,False
2317,2022-10-21 09:35:59.294117,-0.004854368932038833,-0.004854368932038833,-0.5,-0.5,102.5,103.0,102.5,103.0,2271.0,2249.0,24179.0,3811.0,False
2317,2022-10-21 09:36:02.262232,-0.004854368932038833,-0.004854368932038833,-0.5,-0.5,102.5,103.0,102.5,103.0,2271.0,2249.0,24179.0,3811.0,False
2317,2022-10-21 09:36:02.612597,-0.004854368932038833,-0.004854368932038833,-0.5,-0.5,102.5,103.0,102.5,103.0,2271.0,2250.0,24179.0,3811.0,False
2317,2022-10-21 09:36:04.583857,-0.004854368932038833,-0.004854368932038833,-0.5,-0.5,102.5,103.0,102.5,103.0,2271.0,2250.0,24184.0,3689.0,True
2317,2022-10-21 09:36:04.686797,-0.004854368932038833,-0.004854368932038833,-0.5,-0.5,102.5,103.0,102.5,103.0,2271.0,2250.0,24184.0,3689.0,False
2317,2022-10-21 09:36:05.120555,-0.004854368932038833,-0.004854368932038833,-0.5,-0.5,102.5,103.0,102.5,103.0,2271.0,2250.0,24184.0,3689.0,False
2317,2022-10-21 09:36:06.268869,-0.004854368932038833,-0.004854368932038833,-0.5,-0.5,102.5,103.0,102.5,103.0,2274.0,2250.0,24184.0,3689.0,False
2317,2022-10-21 09:36:06.420128,-0.004854368932038833,-0.004854368932038833,-0.5,-0.5,102.5,103.0,102.5,103.0,2274.0,2262.0,24184.0,3689.0,False
2317,2022-10-21 09:36:06.894704,-0.004854368932038833,-0.004854368932038833,-0.5,-0.5,102.5,103.0,102.5,103.0,2272.0,2262.0,24184.0,3689.0,False
2317,2022-10-21 09:36:06.897265,-0.004854368932038833,-0.004854368932038833,-0.5,-0.5,102.5,103.0,102.5,103.0,2272.0,2260.0,24184.0,3689.0,False
2317,2022-10-21 09:36:08.049005,-0.004854368932038833,-0.004854368932038833,-0.5,-0.5,102.5,103.0,102.5,103.0,2272.0,2258.0,24184.0,3689.0,False
2317,2022-10-21 09:36:11.279148,-0.004854368932038833,-0.004854368932038833,-0.5,-0.5,102.5,103.0,102.5,103.0,2272.0,2257.0,24184.0,3689.0,False
2317,2022-10-21 09:36:11.380376,-0.004854368932038833,-0.004854368932038833,-0.5,-0.5,102.5,103.0,102.5,103.0,2271.0,2257.0,24184.0,3689.0,False
2317,2022-10-21 09:36:12.859061,-0.004854368932038833,-0.004854368932038833,-0.5,-0.5,102.5,103.0,102.5,103.0,2271.0,2257.0,24184.0,3689.0,False
2317,2022-10-21 09:36:14.619673,-0.004854368932038833,-0.004854368932038833,-0.5,-0.5,102.5,103.0,102.5,103.0,2271.0,2257.0,24184.0,3659.0,True
2317,2022-10-21 09:36:14.991739,-0.004854368932038833,-0.004854368932038833,-0.5,-0.5,102.5,103.0,102.5,103.0,2272.0,2257.0,24184.0,3659.0,False
2317,2022-10-21 09:36:16.339373,-0.004854368932038833,-0.004854368932038833,-0.5,-0.5,102.5,103.0,102.5,103.0,2272.0,2258.0,24184.0,3659.0,False
2317,2022-10-21 09:36:16.523686,-0.004854368932038833,-0.004854368932038833,-0.5,-0.5,102.5,103.0,102.5,103.0,2273.0,2258.0,24184.0,3659.0,False
2317,2022-10-21 09:36:16.905954,-0.004854368932038833,-0.004854368932038833,-0.5,-0.5,102.5,103.0,102.5,103.0,2270.0,2258.0,24184.0,3659.0,False
2317,2022-10-21 09:36:17.084149,-0.004854368932038833,-0.004854368932038833,-0.5,-0.5,102.5,103.0,102.5,103.0,2271.0,2258.0,24184.0,3659.0,False
2317,2022-10-21 09:36:17.779030,-0.004854368932038833,-0.004854368932038833,-0.5,-0.5,102.5,103.0,102.5,103.0,2272.0,2258.0,24184.0,3659.0,False
2317,2022-10-21 09:36:18.883085,-0.004854368932038833,-0.004854368932038833,-0.5,-0.5,102.5,103.0,102.5,103.0,2272.0,2268.0,24184.0,3659.0,False
2317,2022-10-21 09:36:19.887617,-0.004854368932038833,-0.004854368932038833,-0.5,-0.5,102.5,103.0,102.5,103.0,2272.0,2268.0,24184.0,3659.0,False
2317,2022-10-21 09:36:20.312042,-0.004854368932038833,-0.004854368932038833,-0.5,-0.5,102.5,103.0,102.5,103.0,2272.0,2378.0,24184.0,3659.0,False
2317,2022-10-21 09:36:21.489856,-0.004854368932038833,-0.004854368932038833,-0.5,-0.5,102.5,103.0,102.5,103.0,2270.0,2378.0,24184.0,3659.0,False
2317,2022-10-21 09:36:21.492182,-0.004854368932038833,-0.004854368932038833,-0.5,-0.5,102.5,103.0,102.5,103.0,2270.0,2376.0,24184.0,3659.0,False
2317,2022-10-21 09:36:22.273222,-0.004854368932038833,-0.004854368932038833,-0.5,-0.5,102.5,103.0,102.5,103.0,2270.0,2376.0,24184.0,3659.0,False
2317,2022-10-21 09:36:22.458224,-0.004854368932038833,-0.004854368932038833,-0.5,-0.5,102.5,103.0,102.5,103.0,2271.0,2376.0,24184.0,3659.0,False
2317,2022-10-21 09:36:23.280957,-0.004854368932038833,-0.004854368932038833,-0.5,-0.5,102.5,103.0,102.5,103.0,2270.0,2376.0,24184.0,3659.0,False
2317,2022-10-21 09:36:24.584484,-0.004854368932038833,-0.004854368932038833,-0.5,-0.5,102.5,103.0,102.5,103.0,2270.0,2377.0,24184.0,3659.0,False
2317,2022-10-21 09:36:24.655733,-0.004854368932038833,-0.004854368932038833,-0.5,-0.5,102.5,103.0,102.5,103.0,2270.0,2377.0,24184.0,3689.0,True
2317,2022-10-21 09:36:24.989824,-0.004854368932038833,-0.004854368932038833,-0.5,-0.5,102.5,103.0,102.5,103.0,2270.0,2378.0,24184.0,3689.0,False
2317,2022-10-21 09:36:25.663306,-0.004854368932038833,-0.004854368932038833,-0.5,-0.5,102.5,103.0,102.5,103.0,2270.0,2378.0,24184.0,3689.0,False
2317,2022-10-21 09:36:26.862176,-0.004854368932038833,-0.004854368932038833,-0.5,-0.5,102.5,103.0,102.5,103.0,2270.0,2378.0,24184.0,3689.0,False
2317,2022-10-21 09:36:27.165967,-0.004854368932038833,-0.004854368932038833,-0.5,-0.5,102.5,103.0,102.5,103.0,2269.0,2378.0,24184.0,3689.0,False
2317,2022-10-21 09:36:27.183053,-0.004854368932038833,-0.004854368932038833,-0.5,-0.5,102.5,103.0,102.5,103.0,2269.0,2379.0,24184.0,3689.0,False
2317,2022-10-21 09:36:27.644294,-0.004854368932038833,-0.004854368932038833,-0.5,-0.5,102.5,103.0,102.5,103.0,2269.0,2379.0,24184.0,3689.0,False
2317,2022-10-21 09:36:29.552178,-0.004854368932038833,-0.004854368932038833,-0.5,-0.5,102.5,103.0,102.5,103.0,2269.0,2385.0,24184.0,3689.0,False
2317,2022-10-21 09:36:29.870328,-0.004854368932038833,-0.004854368932038833,-0.5,-0.5,102.5,103.0,102.5,103.0,2269.0,2385.0,24184.0,3689.0,False
2317,2022-10-21 09:36:29.882855,-0.004854368932038833,-0.004854368932038833,-0.5,-0.5,102.5,103.0,102.5,103.0,2269.0,2387.0,24184.0,3689.0,False
2317,2022-10-21 09:36:32.130254,-0.004854368932038833,-0.004854368932038833,-0.5,-0.5,102.5,103.0,102.5,103.0,2268.0,2387.0,24184.0,3689.0,False
2317,2022-10-21 09:36:32.578368,-0.004854368932038833,-0.004854368932038833,-0.5,-0.5,102.5,103.0,102.5,103.0,2268.0,2387.0,24184.0,3689.0,False
2317,2022-10-21 09:36:32.721520,-0.004854368932038833,-0.004854368932038833,-0.5,-0.5,102.5,103.0,102.5,103.0,2268.0,2389.0,24184.0,3689.0,False
2317,2022-10-21 09:36:32.735091,-0.004854368932038833,-0.004854368932038833,-0.5,-0.5,102.5,103.0,102.5,103.0,2267.0,2389.0,24184.0,3689.0,False
2317,2022-10-21 09:36:32.938060,-0.004854368932038833,-0.004854368932038833,-0.5,-0.5,102.5,103.0,102.5,103.0,2267.0,2389.0,24184.0,3689.0,False
2317,2022-10-21 09:36:33.242606,-0.004854368932038833,-0.004854368932038833,-0.5,-0.5,102.5,103.0,102.5,103.0,2267.0,2389.0,24184.0,3689.0,False
2317,2022-10-21 09:36:33.432034,-0.004854368932038833,-0.004854368932038833,-0.5,-0.5,102.5,103.0,102.5,103.0,2268.0,2389.0,24184.0,3689.0,False
2317,2022-10-21 09:36:34.410284,-0.004854368932038833,-0.004854368932038833,-0.5,-0.5,102.5,103.0,102.5,103.0,2268.0,2389.0,24184.0,3689.0,False
2317,2022-10-21 09:36:34.685785,-0.004854368932038833,-0.004854368932038833,-0.5,-0.5,102.5,103.0,102.5,103.0,2268.0,2389.0,24284.0,3559.0,True
2317,2022-10-21 09:36:34.838409,-0.004854368932038833,-0.004854368932038833,-0.5,-0.5,102.5,103.0,102.5,103.0,2258.0,2389.0,24284.0,3559.0,False
2317,2022-10-21 09:36:36.059545,-0.004854368932038833,-0.004854368932038833,-0.5,-0.5,102.5,103.0,102.5,103.0,2258.0,2389.0,24284.0,3559.0,False
2317,2022-10-21 09:36:36.135595,-0.004854368932038833,-0.004854368932038833,-0.5,-0.5,102.5,103.0,102.5,103.0,2256.0,2389.0,24284.0,3559.0,False
2317,2022-10-21 09:36:36.177256,-0.004854368932038833,-0.004854368932038833,-0.5,-0.5,102.5,103.0,102.5,103.0,2256.0,2389.0,24284.0,3559.0,False
2317,2022-10-21 09:36:37.567583,-0.004854368932038833,-0.004854368932038833,-0.5,-0.5,102.5,103.0,102.5,103.0,2255.0,2389.0,24284.0,3559.0,False
2317,2022-10-21 09:36:37.640420,-0.004854368932038833,-0.004854368932038833,-0.5,-0.5,102.5,103.0,102.5,103.0,2255.0,2389.0,24284.0,3559.0,False
2317,2022-10-21 09:36:39.811357,-0.004854368932038833,-0.004854368932038833,-0.5,-0.5,102.5,103.0,102.5,103.0,2255.0,2389.0,24284.0,3559.0,False
2317,2022-10-21 09:36:39.816182,-0.004854368932038833,-0.004854368932038833,-0.5,-0.5,102.5,103.0,102.5,103.0,2251.0,2389.0,24284.0,3559.0,False
2317,2022-10-21 09:36:39.819654,-0.004854368932038833,-0.004854368932038833,-0.5,-0.5,102.5,103.0,102.5,103.0,2251.0,2385.0,24284.0,3559.0,False
2317,2022-10-21 09:36:40.114549,-0.004854368932038833,-0.004854368932038833,-0.5,-0.5,102.5,103.0,102.5,103.0,2251.0,2385.0,24284.0,3559.0,False
2317,2022-10-21 09:36:40.413819,-0.004854368932038833,-0.004854368932038833,-0.5,-0.5,102.5,103.0,102.5,103.0,2251.0,2385.0,24284.0,3559.0,False
2317,2022-10-21 09:36:40.715547,-0.004854368932038833,-0.004854368932038833,-0.5,-0.5,102.5,103.0,102.5,103.0,2251.0,2383.0,24284.0,3559.0,False
2317,2022-10-21 09:36:43.191766,-0.004854368932038833,-0.004854368932038833,-0.5,-0.5,102.5,103.0,102.5,103.0,2251.0,2383.0,24284.0,3559.0,False
