symbol,datetime,NaOb_r,NbOa_r,NaOb_s,NbOa_s,bid1,ask1,odd_bid1,odd_ask11,bidQty1,askQty1,odd_bidQty1,odd_ask1Qty1,triggerbyOdd
2603,2022-10-21 09:30:13.295326,-0.0036363636363636598,-0.0036363636363636598,-0.5,-0.5,137.0,137.5,137.0,137.5,359.0,329.0,6852.0,1694.0,True
2603,2022-10-21 09:30:13.447860,-0.0036363636363636598,-0.0036363636363636598,-0.5,-0.5,137.0,137.5,137.0,137.5,359.0,329.0,6852.0,1694.0,False
2603,2022-10-21 09:30:13.751236,-0.0036363636363636598,-0.0036363636363636598,-0.5,-0.5,137.0,137.5,137.0,137.5,359.0,330.0,6852.0,1694.0,False
2603,2022-10-21 09:30:13.797061,-0.0036363636363636598,-0.0036363636363636598,-0.5,-0.5,137.0,137.5,137.0,137.5,358.0,330.0,6852.0,1694.0,False
2603,2022-10-21 09:30:13.933223,-0.0036363636363636598,-0.0036363636363636598,-0.5,-0.5,137.0,137.5,137.0,137.5,358.0,330.0,6852.0,1694.0,False
2603,2022-10-21 09:30:14.020156,-0.0036363636363636598,-0.0036363636363636598,-0.5,-0.5,137.0,137.5,137.0,137.5,359.0,330.0,6852.0,1694.0,False
2603,2022-10-21 09:30:14.551980,-0.0036363636363636598,-0.0036363636363636598,-0.5,-0.5,137.0,137.5,137.0,137.5,357.0,330.0,6852.0,1694.0,False
2603,2022-10-21 09:30:14.823835,-0.0036363636363636598,-0.0036363636363636598,-0.5,-0.5,137.0,137.5,137.0,137.5,357.0,330.0,6852.0,1694.0,False
2603,2022-10-21 09:30:15.338807,-0.0036363636363636598,-0.0036363636363636598,-0.5,-0.5,137.0,137.5,137.0,137.5,359.0,330.0,6852.0,1694.0,False
2603,2022-10-21 09:30:15.393998,-0.0036363636363636598,-0.0036363636363636598,-0.5,-0.5,137.0,137.5,137.0,137.5,358.0,330.0,6852.0,1694.0,False
2603,2022-10-21 09:30:16.035326,-0.0036363636363636598,-0.0036363636363636598,-0.5,-0.5,137.0,137.5,137.0,137.5,358.0,330.0,6852.0,1694.0,False
2603,2022-10-21 09:30:16.239147,-0.0036363636363636598,-0.0036363636363636598,-0.5,-0.5,137.0,137.5,137.0,137.5,358.0,330.0,6852.0,1694.0,False
2603,2022-10-21 09:30:16.241699,-0.0036363636363636598,-0.0036363636363636598,-0.5,-0.5,137.0,137.5,137.0,137.5,357.0,330.0,6852.0,1694.0,False
2603,2022-10-21 09:30:16.866373,-0.0036363636363636598,-0.0036363636363636598,-0.5,-0.5,137.0,137.5,137.0,137.5,357.0,330.0,6852.0,1694.0,False
2603,2022-10-21 09:30:17.524116,-0.0036363636363636598,-0.0036363636363636598,-0.5,-0.5,137.0,137.5,137.0,137.5,357.0,330.0,6852.0,1694.0,False
2603,2022-10-21 09:30:17.658701,-0.0036363636363636598,-0.0036363636363636598,-0.5,-0.5,137.0,137.5,137.0,137.5,357.0,330.0,6852.0,1694.0,False
2603,2022-10-21 09:30:17.976188,-0.0036363636363636598,-0.0036363636363636598,-0.5,-0.5,137.0,137.5,137.0,137.5,356.0,330.0,6852.0,1694.0,False
2603,2022-10-21 09:30:18.188727,-0.0036363636363636598,-0.0036363636363636598,-0.5,-0.5,137.0,137.5,137.0,137.5,356.0,330.0,6852.0,1694.0,False
2603,2022-10-21 09:30:19.032797,-0.0036363636363636598,-0.0036363636363636598,-0.5,-0.5,137.0,137.5,137.0,137.5,353.0,330.0,6852.0,1694.0,False
2603,2022-10-21 09:30:19.099281,-0.0036363636363636598,-0.0036363636363636598,-0.5,-0.5,137.0,137.5,137.0,137.5,353.0,330.0,6852.0,1694.0,False
2603,2022-10-21 09:30:19.839794,-0.0036363636363636598,-0.0036363636363636598,-0.5,-0.5,137.0,137.5,137.0,137.5,352.0,329.0,6852.0,1694.0,False
2603,2022-10-21 09:30:20.078072,-0.0036363636363636598,-0.0036363636363636598,-0.5,-0.5,137.0,137.5,137.0,137.5,352.0,330.0,6852.0,1694.0,False
2603,2022-10-21 09:30:20.558799,-0.0036363636363636598,-0.0036363636363636598,-0.5,-0.5,137.0,137.5,137.0,137.5,352.0,331.0,6852.0,1694.0,False
2603,2022-10-21 09:30:21.304720,-0.0036363636363636598,-0.0036363636363636598,-0.5,-0.5,137.0,137.5,137.0,137.5,352.0,331.0,6852.0,1694.0,False
2603,2022-10-21 09:30:21.631331,-0.0036363636363636598,-0.0036363636363636598,-0.5,-0.5,137.0,137.5,137.0,137.5,352.0,331.0,6852.0,1694.0,False
2603,2022-10-21 09:30:21.914549,-0.0036363636363636598,-0.0036363636363636598,-0.5,-0.5,137.0,137.5,137.0,137.5,352.0,331.0,6852.0,1694.0,False
2603,2022-10-21 09:30:22.078602,-0.0036363636363636598,-0.0036363636363636598,-0.5,-0.5,137.0,137.5,137.0,137.5,352.0,332.0,6852.0,1694.0,False
2603,2022-10-21 09:30:22.235573,-0.0036363636363636598,-0.0036363636363636598,-0.5,-0.5,137.0,137.5,137.0,137.5,351.0,332.0,6852.0,1694.0,False
2603,2022-10-21 09:30:22.475334,-0.0036363636363636598,-0.0036363636363636598,-0.5,-0.5,137.0,137.5,137.0,137.5,351.0,332.0,6852.0,1694.0,False
2603,2022-10-21 09:30:22.563194,-0.0036363636363636598,-0.0036363636363636598,-0.5,-0.5,137.0,137.5,137.0,137.5,351.0,332.0,6852.0,1694.0,False
2603,2022-10-21 09:30:22.762423,-0.0036363636363636598,-0.0036363636363636598,-0.5,-0.5,137.0,137.5,137.0,137.5,351.0,333.0,6852.0,1694.0,False
2603,2022-10-21 09:30:23.169168,-0.0036363636363636598,-0.0036363636363636598,-0.5,-0.5,137.0,137.5,137.0,137.5,348.0,333.0,6852.0,1694.0,False
2603,2022-10-21 09:30:23.227670,-0.0036363636363636598,-0.0036363636363636598,-0.5,-0.5,137.0,137.5,137.0,137.5,348.0,333.0,6852.0,1694.0,False
2603,2022-10-21 09:30:23.344309,-0.0036363636363636598,-0.0036363636363636598,-0.5,-0.5,137.0,137.5,137.0,137.5,348.0,333.0,6852.0,1797.0,True
2603,2022-10-21 09:30:23.629462,-0.0036363636363636598,-0.0036363636363636598,-0.5,-0.5,137.0,137.5,137.0,137.5,348.0,333.0,6852.0,1797.0,False
2603,2022-10-21 09:30:24.341616,-0.0036363636363636598,-0.0036363636363636598,-0.5,-0.5,137.0,137.5,137.0,137.5,348.0,333.0,6852.0,1797.0,False
2603,2022-10-21 09:30:24.523992,-0.0036363636363636598,-0.0036363636363636598,-0.5,-0.5,137.0,137.5,137.0,137.5,348.0,333.0,6852.0,1797.0,False
2603,2022-10-21 09:30:24.529956,-0.0036363636363636598,-0.0036363636363636598,-0.5,-0.5,137.0,137.5,137.0,137.5,353.0,333.0,6852.0,1797.0,False
2603,2022-10-21 09:30:24.669941,-0.0036363636363636598,-0.0036363636363636598,-0.5,-0.5,137.0,137.5,137.0,137.5,353.0,333.0,6852.0,1797.0,False
2603,2022-10-21 09:30:24.960609,-0.0036363636363636598,-0.0036363636363636598,-0.5,-0.5,137.0,137.5,137.0,137.5,348.0,333.0,6852.0,1797.0,False
2603,2022-10-21 09:30:25.357775,-0.0036363636363636598,-0.0036363636363636598,-0.5,-0.5,137.0,137.5,137.0,137.5,348.0,333.0,6852.0,1797.0,False
2603,2022-10-21 09:30:25.784286,-0.0036363636363636598,-0.0036363636363636598,-0.5,-0.5,137.0,137.5,137.0,137.5,348.0,335.0,6852.0,1797.0,False
2603,2022-10-21 09:30:26.530612,-0.0036363636363636598,-0.0036363636363636598,-0.5,-0.5,137.0,137.5,137.0,137.5,347.0,335.0,6852.0,1797.0,False
2603,2022-10-21 09:30:26.674846,-0.0036363636363636598,-0.0036363636363636598,-0.5,-0.5,137.0,137.5,137.0,137.5,317.0,335.0,6852.0,1797.0,False
2603,2022-10-21 09:30:26.742608,-0.0036363636363636598,-0.0036363636363636598,-0.5,-0.5,137.0,137.5,137.0,137.5,317.0,333.0,6852.0,1797.0,False
2603,2022-10-21 09:30:26.751977,-0.0036363636363636598,-0.0036363636363636598,-0.5,-0.5,137.0,137.5,137.0,137.5,317.0,334.0,6852.0,1797.0,False
2603,2022-10-21 09:30:27.856058,-0.0036363636363636598,-0.0036363636363636598,-0.5,-0.5,137.0,137.5,137.0,137.5,317.0,336.0,6852.0,1797.0,False
2603,2022-10-21 09:30:28.049334,-0.0036363636363636598,-0.0036363636363636598,-0.5,-0.5,137.0,137.5,137.0,137.5,317.0,336.0,6852.0,1797.0,False
2603,2022-10-21 09:30:28.253837,-0.0036363636363636598,-0.0036363636363636598,-0.5,-0.5,137.0,137.5,137.0,137.5,317.0,336.0,6852.0,1797.0,False
2603,2022-10-21 09:30:28.356289,-0.0036363636363636598,-0.0036363636363636598,-0.5,-0.5,137.0,137.5,137.0,137.5,315.0,336.0,6852.0,1797.0,False
2603,2022-10-21 09:30:28.405712,-0.0036363636363636598,-0.0036363636363636598,-0.5,-0.5,137.0,137.5,137.0,137.5,315.0,335.0,6852.0,1797.0,False
2603,2022-10-21 09:30:28.433287,-0.0036363636363636598,-0.0036363636363636598,-0.5,-0.5,137.0,137.5,137.0,137.5,315.0,335.0,6852.0,1797.0,False
2603,2022-10-21 09:30:28.509722,-0.0036363636363636598,-0.0036363636363636598,-0.5,-0.5,137.0,137.5,137.0,137.5,312.0,335.0,6852.0,1797.0,False
2603,2022-10-21 09:30:28.565903,-0.0036363636363636598,-0.0036363636363636598,-0.5,-0.5,137.0,137.5,137.0,137.5,311.0,335.0,6852.0,1797.0,False
2603,2022-10-21 09:30:28.702137,-0.0036363636363636598,-0.0036363636363636598,-0.5,-0.5,137.0,137.5,137.0,137.5,311.0,335.0,6852.0,1797.0,False
2603,2022-10-21 09:30:28.746294,-0.0036363636363636598,-0.0036363636363636598,-0.5,-0.5,137.0,137.5,137.0,137.5,311.0,334.0,6852.0,1797.0,False
2603,2022-10-21 09:30:29.155763,-0.0036363636363636598,-0.0036363636363636598,-0.5,-0.5,137.0,137.5,137.0,137.5,311.0,333.0,6852.0,1797.0,False
2603,2022-10-21 09:30:29.199041,-0.0036363636363636598,-0.0036363636363636598,-0.5,-0.5,137.0,137.5,137.0,137.5,310.0,333.0,6852.0,1797.0,False
2603,2022-10-21 09:30:29.405359,-0.0036363636363636598,-0.0036363636363636598,-0.5,-0.5,137.0,137.5,137.0,137.5,309.0,333.0,6852.0,1797.0,False
2603,2022-10-21 09:30:29.718435,-0.0036363636363636598,-0.0036363636363636598,-0.5,-0.5,137.0,137.5,137.0,137.5,309.0,333.0,6852.0,1797.0,False
2603,2022-10-21 09:30:29.839325,-0.0036363636363636598,-0.0036363636363636598,-0.5,-0.5,137.0,137.5,137.0,137.5,308.0,333.0,6852.0,1797.0,False
2603,2022-10-21 09:30:29.854915,-0.0036363636363636598,-0.0036363636363636598,-0.5,-0.5,137.0,137.5,137.0,137.5,308.0,333.0,6852.0,1797.0,False
2603,2022-10-21 09:30:30.221864,-0.0036363636363636598,-0.0036363636363636598,-0.5,-0.5,137.0,137.5,137.0,137.5,308.0,335.0,6852.0,1797.0,False
2603,2022-10-21 09:30:30.311650,-0.0036363636363636598,-0.0036363636363636598,-0.5,-0.5,137.0,137.5,137.0,137.5,308.0,333.0,6852.0,1797.0,False
2603,2022-10-21 09:30:30.481739,-0.0036363636363636598,-0.0036363636363636598,-0.5,-0.5,137.0,137.5,137.0,137.5,307.0,333.0,6852.0,1797.0,False
2603,2022-10-21 09:30:30.575410,-0.0036363636363636598,-0.0036363636363636598,-0.5,-0.5,137.0,137.5,137.0,137.5,308.0,333.0,6852.0,1797.0,False
2603,2022-10-21 09:30:31.272536,-0.0036363636363636598,-0.0036363636363636598,-0.5,-0.5,137.0,137.5,137.0,137.5,304.0,333.0,6852.0,1797.0,False
2603,2022-10-21 09:30:31.835515,-0.0036363636363636598,-0.0036363636363636598,-0.5,-0.5,137.0,137.5,137.0,137.5,304.0,334.0,6852.0,1797.0,False
2603,2022-10-21 09:30:31.876111,-0.0036363636363636598,-0.0036363636363636598,-0.5,-0.5,137.0,137.5,137.0,137.5,304.0,334.0,6852.0,1797.0,False
2603,2022-10-21 09:30:32.470642,-0.0036363636363636598,-0.0036363636363636598,-0.5,-0.5,137.0,137.5,137.0,137.5,304.0,334.0,6852.0,1797.0,False
2603,2022-10-21 09:30:32.560340,-0.0036363636363636598,-0.0036363636363636598,-0.5,-0.5,137.0,137.5,137.0,137.5,304.0,334.0,6852.0,1797.0,False
2603,2022-10-21 09:30:32.889700,-0.0036363636363636598,-0.0036363636363636598,-0.5,-0.5,137.0,137.5,137.0,137.5,304.0,334.0,6852.0,1797.0,False
2603,2022-10-21 09:30:33.208983,-0.0036363636363636598,-0.0036363636363636598,-0.5,-0.5,137.0,137.5,137.0,137.5,303.0,334.0,6852.0,1797.0,False
2603,2022-10-21 09:30:33.389688,-0.0036363636363636598,-0.0036363636363636598,-0.5,-0.5,137.0,137.5,137.0,137.5,303.0,334.0,6862.0,1697.0,True
2603,2022-10-21 09:30:33.586181,-0.0036363636363636598,-0.0036363636363636598,-0.5,-0.5,137.0,137.5,137.0,137.5,303.0,334.0,6862.0,1697.0,False
2603,2022-10-21 09:30:33.709561,-0.0036363636363636598,-0.0036363636363636598,-0.5,-0.5,137.0,137.5,137.0,137.5,303.0,334.0,6862.0,1697.0,False
2603,2022-10-21 09:30:33.779153,-0.0036363636363636598,-0.0036363636363636598,-0.5,-0.5,137.0,137.5,137.0,137.5,303.0,339.0,6862.0,1697.0,False
2603,2022-10-21 09:30:34.079292,-0.0036363636363636598,-0.0036363636363636598,-0.5,-0.5,137.0,137.5,137.0,137.5,303.0,346.0,6862.0,1697.0,False
2603,2022-10-21 09:30:34.642573,-0.0036363636363636598,-0.0036363636363636598,-0.5,-0.5,137.0,137.5,137.0,137.5,302.0,346.0,6862.0,1697.0,False
2603,2022-10-21 09:30:34.857008,-0.0036363636363636598,-0.0036363636363636598,-0.5,-0.5,137.0,137.5,137.0,137.5,303.0,346.0,6862.0,1697.0,False
2603,2022-10-21 09:30:34.957395,-0.0036363636363636598,-0.0036363636363636598,-0.5,-0.5,137.0,137.5,137.0,137.5,303.0,346.0,6862.0,1697.0,False
2603,2022-10-21 09:30:35.341824,-0.0036363636363636598,-0.0036363636363636598,-0.5,-0.5,137.0,137.5,137.0,137.5,302.0,346.0,6862.0,1697.0,False
2603,2022-10-21 09:30:36.016767,-0.0036363636363636598,-0.0036363636363636598,-0.5,-0.5,137.0,137.5,137.0,137.5,304.0,346.0,6862.0,1697.0,False
2603,2022-10-21 09:30:37.395061,-0.0036363636363636598,-0.0036363636363636598,-0.5,-0.5,137.0,137.5,137.0,137.5,305.0,346.0,6862.0,1697.0,False
2603,2022-10-21 09:30:37.436984,-0.0036363636363636598,-0.0036363636363636598,-0.5,-0.5,137.0,137.5,137.0,137.5,305.0,346.0,6862.0,1697.0,False
2603,2022-10-21 09:30:37.567993,-0.0036363636363636598,-0.0036363636363636598,-0.5,-0.5,137.0,137.5,137.0,137.5,305.0,346.0,6862.0,1697.0,False
2603,2022-10-21 09:30:37.705143,-0.0036363636363636598,-0.0036363636363636598,-0.5,-0.5,137.0,137.5,137.0,137.5,304.0,346.0,6862.0,1697.0,False
2603,2022-10-21 09:30:37.865646,-0.0036363636363636598,-0.0036363636363636598,-0.5,-0.5,137.0,137.5,137.0,137.5,304.0,346.0,6862.0,1697.0,False
2603,2022-10-21 09:30:37.922141,-0.0036363636363636598,-0.0036363636363636598,-0.5,-0.5,137.0,137.5,137.0,137.5,304.0,347.0,6862.0,1697.0,False
2603,2022-10-21 09:30:38.054987,-0.0036363636363636598,-0.0036363636363636598,-0.5,-0.5,137.0,137.5,137.0,137.5,303.0,346.0,6862.0,1697.0,False
2603,2022-10-21 09:30:38.116475,-0.0036363636363636598,-0.0036363636363636598,-0.5,-0.5,137.0,137.5,137.0,137.5,303.0,346.0,6862.0,1697.0,False
2603,2022-10-21 09:30:38.478169,-0.0036363636363636598,-0.0036363636363636598,-0.5,-0.5,137.0,137.5,137.0,137.5,303.0,346.0,6862.0,1697.0,False
2603,2022-10-21 09:30:38.595896,-0.0036363636363636598,-0.0036363636363636598,-0.5,-0.5,137.0,137.5,137.0,137.5,303.0,346.0,6862.0,1697.0,False
2603,2022-10-21 09:30:38.620624,-0.0036363636363636598,-0.0036363636363636598,-0.5,-0.5,137.0,137.5,137.0,137.5,303.0,346.0,6862.0,1697.0,False
2603,2022-10-21 09:30:38.826870,-0.0036363636363636598,-0.0036363636363636598,-0.5,-0.5,137.0,137.5,137.0,137.5,302.0,346.0,6862.0,1697.0,False
2603,2022-10-21 09:30:38.861374,-0.0036363636363636598,-0.0036363636363636598,-0.5,-0.5,137.0,137.5,137.0,137.5,302.0,346.0,6862.0,1697.0,False
2603,2022-10-21 09:30:39.081166,-0.0036363636363636598,-0.0036363636363636598,-0.5,-0.5,137.0,137.5,137.0,137.5,302.0,346.0,6862.0,1697.0,False
2603,2022-10-21 09:30:39.868746,-0.0036363636363636598,-0.0036363636363636598,-0.5,-0.5,137.0,137.5,137.0,137.5,302.0,346.0,6862.0,1697.0,False
2603,2022-10-21 09:30:40.263589,-0.0036363636363636598,-0.0036363636363636598,-0.5,-0.5,137.0,137.5,137.0,137.5,301.0,346.0,6862.0,1697.0,False
2603,2022-10-21 09:30:40.605975,-0.0036363636363636598,-0.0036363636363636598,-0.5,-0.5,137.0,137.5,137.0,137.5,301.0,346.0,6862.0,1697.0,False
2603,2022-10-21 09:30:41.617286,-0.0036363636363636598,-0.0036363636363636598,-0.5,-0.5,137.0,137.5,137.0,137.5,300.0,346.0,6862.0,1697.0,False
2603,2022-10-21 09:30:41.618441,-0.0036363636363636598,-0.0036363636363636598,-0.5,-0.5,137.0,137.5,137.0,137.5,300.0,346.0,6862.0,1697.0,False
2603,2022-10-21 09:30:41.697121,-0.0036363636363636598,-0.0036363636363636598,-0.5,-0.5,137.0,137.5,137.0,137.5,300.0,346.0,6862.0,1697.0,False
2603,2022-10-21 09:30:41.792281,-0.0036363636363636598,-0.0036363636363636598,-0.5,-0.5,137.0,137.5,137.0,137.5,300.0,346.0,6862.0,1697.0,False
2603,2022-10-21 09:30:42.635279,-0.0036363636363636598,-0.0036363636363636598,-0.5,-0.5,137.0,137.5,137.0,137.5,300.0,346.0,6862.0,1697.0,False
2603,2022-10-21 09:30:43.432087,-0.0036363636363636598,-0.0036363636363636598,-0.5,-0.5,137.0,137.5,137.0,137.5,300.0,346.0,6862.0,2497.0,True
2603,2022-10-21 09:30:44.104163,-0.0036363636363636598,-0.0036363636363636598,-0.5,-0.5,137.0,137.5,137.0,137.5,300.0,343.0,6862.0,2497.0,False
2603,2022-10-21 09:30:44.216163,-0.0036363636363636598,-0.0036363636363636598,-0.5,-0.5,137.0,137.5,137.0,137.5,300.0,336.0,6862.0,2497.0,False
2603,2022-10-21 09:30:45.244032,-0.0036363636363636598,-0.0036363636363636598,-0.5,-0.5,137.0,137.5,137.0,137.5,299.0,335.0,6862.0,2497.0,False
2603,2022-10-21 09:30:45.469800,-0.0036363636363636598,-0.0036363636363636598,-0.5,-0.5,137.0,137.5,137.0,137.5,319.0,335.0,6862.0,2497.0,False
2603,2022-10-21 09:30:45.603306,-0.0036363636363636598,-0.0036363636363636598,-0.5,-0.5,137.0,137.5,137.0,137.5,316.0,335.0,6862.0,2497.0,False
2603,2022-10-21 09:30:45.765643,-0.0036363636363636598,-0.0036363636363636598,-0.5,-0.5,137.0,137.5,137.0,137.5,316.0,335.0,6862.0,2497.0,False
2603,2022-10-21 09:30:45.892909,-0.0036363636363636598,-0.0036363636363636598,-0.5,-0.5,137.0,137.5,137.0,137.5,318.0,335.0,6862.0,2497.0,False
2603,2022-10-21 09:30:46.833291,-0.0036363636363636598,-0.0036363636363636598,-0.5,-0.5,137.0,137.5,137.0,137.5,318.0,336.0,6862.0,2497.0,False
2603,2022-10-21 09:30:47.102771,-0.0036363636363636598,-0.0036363636363636598,-0.5,-0.5,137.0,137.5,137.0,137.5,317.0,336.0,6862.0,2497.0,False
2603,2022-10-21 09:30:47.155612,-0.0036363636363636598,-0.0036363636363636598,-0.5,-0.5,137.0,137.5,137.0,137.5,320.0,336.0,6862.0,2497.0,False
2603,2022-10-21 09:30:47.398116,-0.0036363636363636598,-0.0036363636363636598,-0.5,-0.5,137.0,137.5,137.0,137.5,320.0,336.0,6862.0,2497.0,False
2603,2022-10-21 09:30:47.811629,-0.0036363636363636598,-0.0036363636363636598,-0.5,-0.5,137.0,137.5,137.0,137.5,320.0,336.0,6862.0,2497.0,False
2603,2022-10-21 09:30:48.971238,-0.0036363636363636598,-0.0036363636363636598,-0.5,-0.5,137.0,137.5,137.0,137.5,319.0,336.0,6862.0,2497.0,False
2603,2022-10-21 09:30:48.974283,-0.0036363636363636598,-0.0036363636363636598,-0.5,-0.5,137.0,137.5,137.0,137.5,319.0,341.0,6862.0,2497.0,False
2603,2022-10-21 09:30:50.003211,-0.0036363636363636598,-0.0036363636363636598,-0.5,-0.5,137.0,137.5,137.0,137.5,319.0,341.0,6862.0,2497.0,False
2603,2022-10-21 09:30:50.288210,-0.0036363636363636598,-0.0036363636363636598,-0.5,-0.5,137.0,137.5,137.0,137.5,319.0,341.0,6862.0,2497.0,False
2603,2022-10-21 09:30:50.322778,-0.0036363636363636598,-0.0036363636363636598,-0.5,-0.5,137.0,137.5,137.0,137.5,319.0,341.0,6862.0,2497.0,False
2603,2022-10-21 09:30:50.441771,-0.0036363636363636598,-0.0036363636363636598,-0.5,-0.5,137.0,137.5,137.0,137.5,317.0,341.0,6862.0,2497.0,False
2603,2022-10-21 09:30:50.470049,-0.0036363636363636598,-0.0036363636363636598,-0.5,-0.5,137.0,137.5,137.0,137.5,317.0,340.0,6862.0,2497.0,False
2603,2022-10-21 09:30:50.743566,-0.0036363636363636598,-0.0036363636363636598,-0.5,-0.5,137.0,137.5,137.0,137.5,317.0,340.0,6862.0,2497.0,False
2603,2022-10-21 09:30:51.331474,-0.0036363636363636598,-0.0036363636363636598,-0.5,-0.5,137.0,137.5,137.0,137.5,317.0,341.0,6862.0,2497.0,False
2603,2022-10-21 09:30:51.703138,-0.0036363636363636598,-0.0036363636363636598,-0.5,-0.5,137.0,137.5,137.0,137.5,311.0,341.0,6862.0,2497.0,False
2603,2022-10-21 09:30:52.605754,-0.0036363636363636598,-0.0036363636363636598,-0.5,-0.5,137.0,137.5,137.0,137.5,311.0,351.0,6862.0,2497.0,False
2603,2022-10-21 09:30:52.717362,-0.0036363636363636598,-0.0036363636363636598,-0.5,-0.5,137.0,137.5,137.0,137.5,311.0,351.0,6862.0,2497.0,False
2603,2022-10-21 09:30:52.768758,-0.0036363636363636598,-0.0036363636363636598,-0.5,-0.5,137.0,137.5,137.0,137.5,311.0,351.0,6862.0,2497.0,False
2603,2022-10-21 09:30:52.822792,-0.0036363636363636598,-0.0036363636363636598,-0.5,-0.5,137.0,137.5,137.0,137.5,310.0,351.0,6862.0,2497.0,False
2603,2022-10-21 09:30:52.842295,-0.0036363636363636598,-0.0036363636363636598,-0.5,-0.5,137.0,137.5,137.0,137.5,310.0,351.0,6862.0,2497.0,False
2603,2022-10-21 09:30:53.249571,-0.0036363636363636598,-0.0036363636363636598,-0.5,-0.5,137.0,137.5,137.0,137.5,310.0,350.0,6862.0,2497.0,False
2603,2022-10-21 09:30:53.428489,-0.0036363636363636598,-0.0036363636363636598,-0.5,-0.5,137.0,137.5,137.0,137.5,315.0,350.0,6862.0,2497.0,False
2603,2022-10-21 09:30:53.476006,-0.0036363636363636598,-0.0036363636363636598,-0.5,-0.5,137.0,137.5,137.0,137.5,315.0,350.0,6862.0,2992.0,True
2603,2022-10-21 09:30:53.574497,-0.0036363636363636598,-0.0036363636363636598,-0.5,-0.5,137.0,137.5,137.0,137.5,313.0,350.0,6862.0,2992.0,False
2603,2022-10-21 09:30:53.584236,-0.0036363636363636598,-0.0036363636363636598,-0.5,-0.5,137.0,137.5,137.0,137.5,313.0,350.0,6862.0,2992.0,False
2603,2022-10-21 09:30:53.703091,-0.0036363636363636598,-0.0036363636363636598,-0.5,-0.5,137.0,137.5,137.0,137.5,313.0,350.0,6862.0,2992.0,False
2603,2022-10-21 09:30:53.929174,-0.0036363636363636598,-0.0036363636363636598,-0.5,-0.5,137.0,137.5,137.0,137.5,313.0,349.0,6862.0,2992.0,False
2603,2022-10-21 09:30:54.171565,-0.0036363636363636598,-0.0036363636363636598,-0.5,-0.5,137.0,137.5,137.0,137.5,314.0,349.0,6862.0,2992.0,False
2603,2022-10-21 09:30:54.323642,-0.0036363636363636598,-0.0036363636363636598,-0.5,-0.5,137.0,137.5,137.0,137.5,317.0,349.0,6862.0,2992.0,False
2603,2022-10-21 09:30:55.402013,-0.0036363636363636598,-0.0036363636363636598,-0.5,-0.5,137.0,137.5,137.0,137.5,316.0,349.0,6862.0,2992.0,False
2603,2022-10-21 09:30:55.649164,-0.0036363636363636598,-0.0036363636363636598,-0.5,-0.5,137.0,137.5,137.0,137.5,321.0,349.0,6862.0,2992.0,False
2603,2022-10-21 09:30:55.942245,-0.0036363636363636598,-0.0036363636363636598,-0.5,-0.5,137.0,137.5,137.0,137.5,320.0,349.0,6862.0,2992.0,False
2603,2022-10-21 09:30:56.180342,-0.0036363636363636598,-0.0036363636363636598,-0.5,-0.5,137.0,137.5,137.0,137.5,319.0,349.0,6862.0,2992.0,False
2603,2022-10-21 09:30:56.462398,-0.0036363636363636598,-0.0036363636363636598,-0.5,-0.5,137.0,137.5,137.0,137.5,319.0,349.0,6862.0,2992.0,False
2603,2022-10-21 09:30:57.400777,-0.0036363636363636598,-0.0036363636363636598,-0.5,-0.5,137.0,137.5,137.0,137.5,319.0,349.0,6862.0,2992.0,False
2603,2022-10-21 09:30:58.164497,-0.0036363636363636598,-0.0036363636363636598,-0.5,-0.5,137.0,137.5,137.0,137.5,319.0,349.0,6862.0,2992.0,False
2603,2022-10-21 09:30:58.351536,-0.0036363636363636598,-0.0036363636363636598,-0.5,-0.5,137.0,137.5,137.0,137.5,319.0,349.0,6862.0,2992.0,False
2603,2022-10-21 09:30:58.708666,-0.0036363636363636598,-0.0036363636363636598,-0.5,-0.5,137.0,137.5,137.0,137.5,324.0,349.0,6862.0,2992.0,False
2603,2022-10-21 09:30:59.002245,-0.0036363636363636598,-0.0036363636363636598,-0.5,-0.5,137.0,137.5,137.0,137.5,324.0,349.0,6862.0,2992.0,False
2603,2022-10-21 09:30:59.577829,-0.0036363636363636598,-0.0036363636363636598,-0.5,-0.5,137.0,137.5,137.0,137.5,318.0,349.0,6862.0,2992.0,False
2603,2022-10-21 09:30:59.611017,-0.0036363636363636598,-0.0036363636363636598,-0.5,-0.5,137.0,137.5,137.0,137.5,318.0,349.0,6862.0,2992.0,False
2603,2022-10-21 09:30:59.855643,-0.0036363636363636598,-0.0036363636363636598,-0.5,-0.5,137.0,137.5,137.0,137.5,318.0,349.0,6862.0,2992.0,False
2603,2022-10-21 09:31:00.042429,-0.0036363636363636598,-0.0036363636363636598,-0.5,-0.5,137.0,137.5,137.0,137.5,318.0,349.0,6862.0,2992.0,False
2603,2022-10-21 09:31:00.701034,-0.0036363636363636598,-0.0036363636363636598,-0.5,-0.5,137.0,137.5,137.0,137.5,319.0,349.0,6862.0,2992.0,False
2603,2022-10-21 09:31:00.827411,-0.0036363636363636598,-0.0036363636363636598,-0.5,-0.5,137.0,137.5,137.0,137.5,319.0,348.0,6862.0,2992.0,False
2603,2022-10-21 09:31:01.212065,-0.0036363636363636598,-0.0036363636363636598,-0.5,-0.5,137.0,137.5,137.0,137.5,319.0,348.0,6862.0,2992.0,False
2603,2022-10-21 09:31:01.269136,-0.0036363636363636598,-0.0036363636363636598,-0.5,-0.5,137.0,137.5,137.0,137.5,319.0,348.0,6862.0,2992.0,False
2603,2022-10-21 09:31:02.114627,-0.0036363636363636598,-0.0036363636363636598,-0.5,-0.5,137.0,137.5,137.0,137.5,316.0,348.0,6862.0,2992.0,False
2603,2022-10-21 09:31:02.909514,-0.0036363636363636598,-0.0036363636363636598,-0.5,-0.5,137.0,137.5,137.0,137.5,316.0,348.0,6862.0,3492.0,True
2603,2022-10-21 09:31:03.526025,-0.0036363636363636598,-0.0036363636363636598,-0.5,-0.5,137.0,137.5,137.0,137.5,316.0,348.0,6862.0,3492.0,False
2603,2022-10-21 09:31:03.642876,-0.0036363636363636598,-0.0036363636363636598,-0.5,-0.5,137.0,137.5,137.0,137.5,316.0,348.0,6862.0,3492.0,False
2603,2022-10-21 09:31:03.774445,-0.0036363636363636598,-0.0036363636363636598,-0.5,-0.5,137.0,137.5,137.0,137.5,316.0,347.0,6862.0,3492.0,False
2603,2022-10-21 09:31:04.027480,-0.0036363636363636598,-0.0036363636363636598,-0.5,-0.5,137.0,137.5,137.0,137.5,315.0,347.0,6862.0,3492.0,False
2603,2022-10-21 09:31:05.665612,-0.0036363636363636598,-0.0036363636363636598,-0.5,-0.5,137.0,137.5,137.0,137.5,316.0,347.0,6862.0,3492.0,False
2603,2022-10-21 09:31:05.869061,-0.0036363636363636598,-0.0036363636363636598,-0.5,-0.5,137.0,137.5,137.0,137.5,316.0,347.0,6862.0,3492.0,False
2603,2022-10-21 09:31:05.961921,-0.0036363636363636598,-0.0036363636363636598,-0.5,-0.5,137.0,137.5,137.0,137.5,316.0,347.0,6862.0,3492.0,False
2603,2022-10-21 09:31:06.036808,-0.0036363636363636598,-0.0036363636363636598,-0.5,-0.5,137.0,137.5,137.0,137.5,316.0,348.0,6862.0,3492.0,False
2603,2022-10-21 09:31:06.514249,-0.0036363636363636598,-0.0036363636363636598,-0.5,-0.5,137.0,137.5,137.0,137.5,316.0,348.0,6862.0,3492.0,False
2603,2022-10-21 09:31:07.294234,-0.0036363636363636598,-0.0036363636363636598,-0.5,-0.5,137.0,137.5,137.0,137.5,317.0,348.0,6862.0,3492.0,False
2603,2022-10-21 09:31:07.426133,-0.0036363636363636598,-0.0036363636363636598,-0.5,-0.5,137.0,137.5,137.0,137.5,317.0,348.0,6862.0,3492.0,False
2603,2022-10-21 09:31:08.128353,-0.0036363636363636598,-0.0036363636363636598,-0.5,-0.5,137.0,137.5,137.0,137.5,320.0,348.0,6862.0,3492.0,False
2603,2022-10-21 09:31:08.429858,-0.0036363636363636598,-0.0036363636363636598,-0.5,-0.5,137.0,137.5,137.0,137.5,320.0,349.0,6862.0,3492.0,False
2603,2022-10-21 09:31:09.499805,-0.0036363636363636598,-0.0036363636363636598,-0.5,-0.5,137.0,137.5,137.0,137.5,320.0,348.0,6862.0,3492.0,False
2603,2022-10-21 09:31:10.392955,-0.0036363636363636598,-0.0036363636363636598,-0.5,-0.5,137.0,137.5,137.0,137.5,320.0,349.0,6862.0,3492.0,False
2603,2022-10-21 09:31:10.445374,-0.0036363636363636598,-0.0036363636363636598,-0.5,-0.5,137.0,137.5,137.0,137.5,320.0,351.0,6862.0,3492.0,False
2603,2022-10-21 09:31:11.059295,-0.0036363636363636598,-0.0036363636363636598,-0.5,-0.5,137.0,137.5,137.0,137.5,320.0,351.0,6862.0,3492.0,False
2603,2022-10-21 09:31:11.420467,-0.0036363636363636598,-0.0036363636363636598,-0.5,-0.5,137.0,137.5,137.0,137.5,321.0,351.0,6862.0,3492.0,False
2603,2022-10-21 09:31:12.198316,-0.0036363636363636598,-0.0036363636363636598,-0.5,-0.5,137.0,137.5,137.0,137.5,321.0,351.0,6862.0,3492.0,False
2603,2022-10-21 09:31:12.429897,-0.0036363636363636598,-0.0036363636363636598,-0.5,-0.5,137.0,137.5,137.0,137.5,320.0,351.0,6862.0,3492.0,False
2603,2022-10-21 09:31:12.702714,-0.0036363636363636598,-0.0036363636363636598,-0.5,-0.5,137.0,137.5,137.0,137.5,321.0,351.0,6862.0,3492.0,False
2603,2022-10-21 09:31:12.958348,-0.0036363636363636598,-0.0036363636363636598,-0.5,-0.5,137.0,137.5,137.0,137.5,321.0,351.0,6862.0,4892.0,True
2603,2022-10-21 09:31:13.414888,-0.0036363636363636598,-0.0036363636363636598,-0.5,-0.5,137.0,137.5,137.0,137.5,321.0,351.0,6862.0,4892.0,False
2603,2022-10-21 09:31:14.529524,-0.0036363636363636598,-0.0036363636363636598,-0.5,-0.5,137.0,137.5,137.0,137.5,322.0,351.0,6862.0,4892.0,False
2603,2022-10-21 09:31:15.180853,-0.0036363636363636598,-0.0036363636363636598,-0.5,-0.5,137.0,137.5,137.0,137.5,322.0,346.0,6862.0,4892.0,False
2603,2022-10-21 09:31:15.373826,-0.0036363636363636598,-0.0036363636363636598,-0.5,-0.5,137.0,137.5,137.0,137.5,321.0,346.0,6862.0,4892.0,False
2603,2022-10-21 09:31:15.857015,-0.0036363636363636598,-0.0036363636363636598,-0.5,-0.5,137.0,137.5,137.0,137.5,319.0,346.0,6862.0,4892.0,False
2603,2022-10-21 09:31:16.499942,-0.0036363636363636598,-0.0036363636363636598,-0.5,-0.5,137.0,137.5,137.0,137.5,319.0,346.0,6862.0,4892.0,False
2603,2022-10-21 09:31:17.295576,-0.0036363636363636598,-0.0036363636363636598,-0.5,-0.5,137.0,137.5,137.0,137.5,319.0,345.0,6862.0,4892.0,False
2603,2022-10-21 09:31:17.447115,-0.0036363636363636598,-0.0036363636363636598,-0.5,-0.5,137.0,137.5,137.0,137.5,320.0,345.0,6862.0,4892.0,False
2603,2022-10-21 09:31:17.974341,-0.0036363636363636598,-0.0036363636363636598,-0.5,-0.5,137.0,137.5,137.0,137.5,320.0,345.0,6862.0,4892.0,False
2603,2022-10-21 09:31:18.182035,-0.0036363636363636598,-0.0036363636363636598,-0.5,-0.5,137.0,137.5,137.0,137.5,315.0,345.0,6862.0,4892.0,False
2603,2022-10-21 09:31:19.647077,-0.0036363636363636598,-0.0036363636363636598,-0.5,-0.5,137.0,137.5,137.0,137.5,315.0,345.0,6862.0,4892.0,False
2603,2022-10-21 09:31:19.845756,-0.0036363636363636598,-0.0036363636363636598,-0.5,-0.5,137.0,137.5,137.0,137.5,315.0,345.0,6862.0,4892.0,False
2603,2022-10-21 09:31:20.005510,-0.0036363636363636598,-0.0036363636363636598,-0.5,-0.5,137.0,137.5,137.0,137.5,315.0,345.0,6862.0,4892.0,False
2603,2022-10-21 09:31:20.506815,-0.0036363636363636598,-0.0036363636363636598,-0.5,-0.5,137.0,137.5,137.0,137.5,315.0,345.0,6862.0,4892.0,False
2603,2022-10-21 09:31:20.574509,-0.0036363636363636598,-0.0036363636363636598,-0.5,-0.5,137.0,137.5,137.0,137.5,315.0,345.0,6862.0,4892.0,False
2603,2022-10-21 09:31:21.516495,-0.0036363636363636598,-0.0036363636363636598,-0.5,-0.5,137.0,137.5,137.0,137.5,315.0,345.0,6862.0,4892.0,False
2603,2022-10-21 09:31:22.122281,-0.0036363636363636598,-0.0036363636363636598,-0.5,-0.5,137.0,137.5,137.0,137.5,314.0,345.0,6862.0,4892.0,False
2603,2022-10-21 09:31:22.309935,-0.0036363636363636598,-0.0036363636363636598,-0.5,-0.5,137.0,137.5,137.0,137.5,316.0,345.0,6862.0,4892.0,False
2603,2022-10-21 09:31:22.975637,-0.0036363636363636598,-0.0036363636363636598,-0.5,-0.5,137.0,137.5,137.0,137.5,312.0,345.0,6862.0,4892.0,False
2603,2022-10-21 09:31:22.995676,-0.0036363636363636598,-0.0036363636363636598,-0.5,-0.5,137.0,137.5,137.0,137.5,312.0,345.0,6912.0,4852.0,True
2603,2022-10-21 09:31:23.272967,-0.0036363636363636598,-0.0036363636363636598,-0.5,-0.5,137.0,137.5,137.0,137.5,311.0,345.0,6912.0,4852.0,False
2603,2022-10-21 09:31:23.545646,-0.0036363636363636598,-0.0036363636363636598,-0.5,-0.5,137.0,137.5,137.0,137.5,310.0,345.0,6912.0,4852.0,False
2603,2022-10-21 09:31:24.519175,-0.0036363636363636598,-0.0036363636363636598,-0.5,-0.5,137.0,137.5,137.0,137.5,305.0,345.0,6912.0,4852.0,False
2603,2022-10-21 09:31:24.712934,-0.0036363636363636598,-0.0036363636363636598,-0.5,-0.5,137.0,137.5,137.0,137.5,305.0,345.0,6912.0,4852.0,False
2603,2022-10-21 09:31:25.186921,-0.0036363636363636598,-0.0036363636363636598,-0.5,-0.5,137.0,137.5,137.0,137.5,305.0,346.0,6912.0,4852.0,False
2603,2022-10-21 09:31:25.435355,-0.0036363636363636598,-0.0036363636363636598,-0.5,-0.5,137.0,137.5,137.0,137.5,305.0,347.0,6912.0,4852.0,False
2603,2022-10-21 09:31:25.741580,-0.0036363636363636598,-0.0036363636363636598,-0.5,-0.5,137.0,137.5,137.0,137.5,305.0,345.0,6912.0,4852.0,False
2603,2022-10-21 09:31:26.638242,-0.0036363636363636598,-0.0036363636363636598,-0.5,-0.5,137.0,137.5,137.0,137.5,303.0,345.0,6912.0,4852.0,False
2603,2022-10-21 09:31:26.707762,-0.0036363636363636598,-0.0036363636363636598,-0.5,-0.5,137.0,137.5,137.0,137.5,302.0,345.0,6912.0,4852.0,False
2603,2022-10-21 09:31:26.964773,-0.0036363636363636598,-0.0036363636363636598,-0.5,-0.5,137.0,137.5,137.0,137.5,303.0,345.0,6912.0,4852.0,False
2603,2022-10-21 09:31:27.138818,-0.0036363636363636598,-0.0036363636363636598,-0.5,-0.5,137.0,137.5,137.0,137.5,303.0,344.0,6912.0,4852.0,False
2603,2022-10-21 09:31:27.218688,-0.0036363636363636598,-0.0036363636363636598,-0.5,-0.5,137.0,137.5,137.0,137.5,297.0,344.0,6912.0,4852.0,False
2603,2022-10-21 09:31:27.272737,-0.0036363636363636598,-0.0036363636363636598,-0.5,-0.5,137.0,137.5,137.0,137.5,297.0,344.0,6912.0,4852.0,False
2603,2022-10-21 09:31:27.310701,-0.0036363636363636598,-0.0036363636363636598,-0.5,-0.5,137.0,137.5,137.0,137.5,297.0,339.0,6912.0,4852.0,False
2603,2022-10-21 09:31:27.351298,-0.0036363636363636598,-0.0036363636363636598,-0.5,-0.5,137.0,137.5,137.0,137.5,297.0,339.0,6912.0,4852.0,False
2603,2022-10-21 09:31:27.919142,-0.0036363636363636598,-0.0036363636363636598,-0.5,-0.5,137.0,137.5,137.0,137.5,297.0,339.0,6912.0,4852.0,False
2603,2022-10-21 09:31:28.647860,-0.0036363636363636598,-0.0036363636363636598,-0.5,-0.5,137.0,137.5,137.0,137.5,297.0,339.0,6912.0,4852.0,False
2603,2022-10-21 09:31:28.842579,-0.0036363636363636598,-0.0036363636363636598,-0.5,-0.5,137.0,137.5,137.0,137.5,297.0,339.0,6912.0,4852.0,False
2603,2022-10-21 09:31:29.063877,-0.0036363636363636598,-0.0036363636363636598,-0.5,-0.5,137.0,137.5,137.0,137.5,297.0,339.0,6912.0,4852.0,False
2603,2022-10-21 09:31:29.341408,-0.0036363636363636598,-0.0036363636363636598,-0.5,-0.5,137.0,137.5,137.0,137.5,297.0,339.0,6912.0,4852.0,False
2603,2022-10-21 09:31:30.511365,-0.0036363636363636598,-0.0036363636363636598,-0.5,-0.5,137.0,137.5,137.0,137.5,297.0,339.0,6912.0,4852.0,False
2603,2022-10-21 09:31:30.535346,-0.0036363636363636598,-0.0036363636363636598,-0.5,-0.5,137.0,137.5,137.0,137.5,297.0,339.0,6912.0,4852.0,False
2603,2022-10-21 09:31:30.959972,-0.0036363636363636598,-0.0036363636363636598,-0.5,-0.5,137.0,137.5,137.0,137.5,298.0,339.0,6912.0,4852.0,False
2603,2022-10-21 09:31:31.236625,-0.0036363636363636598,-0.0036363636363636598,-0.5,-0.5,137.0,137.5,137.0,137.5,298.0,339.0,6912.0,4852.0,False
2603,2022-10-21 09:31:31.297517,-0.0036363636363636598,-0.0036363636363636598,-0.5,-0.5,137.0,137.5,137.0,137.5,296.0,339.0,6912.0,4852.0,False
2603,2022-10-21 09:31:31.478153,-0.0036363636363636598,-0.0036363636363636598,-0.5,-0.5,137.0,137.5,137.0,137.5,296.0,339.0,6912.0,4852.0,False
2603,2022-10-21 09:31:31.636088,-0.0036363636363636598,-0.0036363636363636598,-0.5,-0.5,137.0,137.5,137.0,137.5,296.0,339.0,6912.0,4852.0,False
2603,2022-10-21 09:31:31.797427,-0.0036363636363636598,-0.0036363636363636598,-0.5,-0.5,137.0,137.5,137.0,137.5,297.0,339.0,6912.0,4852.0,False
2603,2022-10-21 09:31:31.852953,-0.0036363636363636598,-0.0036363636363636598,-0.5,-0.5,137.0,137.5,137.0,137.5,299.0,339.0,6912.0,4852.0,False
2603,2022-10-21 09:31:32.048482,-0.0036363636363636598,-0.0036363636363636598,-0.5,-0.5,137.0,137.5,137.0,137.5,299.0,339.0,6912.0,4852.0,False
2603,2022-10-21 09:31:32.166532,-0.0036363636363636598,-0.0036363636363636598,-0.5,-0.5,137.0,137.5,137.0,137.5,299.0,339.0,6912.0,4852.0,False
2603,2022-10-21 09:31:32.278058,-0.0036363636363636598,-0.0036363636363636598,-0.5,-0.5,137.0,137.5,137.0,137.5,299.0,338.0,6912.0,4852.0,False
2603,2022-10-21 09:31:32.587040,-0.0036363636363636598,-0.0036363636363636598,-0.5,-0.5,137.0,137.5,137.0,137.5,299.0,337.0,6912.0,4852.0,False
2603,2022-10-21 09:31:32.819872,-0.0036363636363636598,-0.0036363636363636598,-0.5,-0.5,137.0,137.5,137.0,137.5,299.0,337.0,6912.0,4852.0,False
2603,2022-10-21 09:31:32.869194,-0.0036363636363636598,-0.0036363636363636598,-0.5,-0.5,137.0,137.5,137.0,137.5,299.0,337.0,6912.0,4852.0,False
2603,2022-10-21 09:31:33.035454,-0.0036363636363636598,-0.0036363636363636598,-0.5,-0.5,137.0,137.5,137.0,137.5,299.0,337.0,6912.0,4927.0,True
2603,2022-10-21 09:31:33.126082,-0.0036363636363636598,-0.0036363636363636598,-0.5,-0.5,137.0,137.5,137.0,137.5,299.0,337.0,6912.0,4927.0,False
2603,2022-10-21 09:31:33.190891,-0.0036363636363636598,-0.0036363636363636598,-0.5,-0.5,137.0,137.5,137.0,137.5,299.0,337.0,6912.0,4927.0,False
2603,2022-10-21 09:31:33.310978,-0.0036363636363636598,-0.0036363636363636598,-0.5,-0.5,137.0,137.5,137.0,137.5,299.0,337.0,6912.0,4927.0,False
2603,2022-10-21 09:31:33.433918,-0.0036363636363636598,-0.0036363636363636598,-0.5,-0.5,137.0,137.5,137.0,137.5,298.0,337.0,6912.0,4927.0,False
2603,2022-10-21 09:31:34.923887,-0.0036363636363636598,-0.0036363636363636598,-0.5,-0.5,137.0,137.5,137.0,137.5,298.0,337.0,6912.0,4927.0,False
2603,2022-10-21 09:31:35.035894,-0.0036363636363636598,-0.0036363636363636598,-0.5,-0.5,137.0,137.5,137.0,137.5,298.0,337.0,6912.0,4927.0,False
2603,2022-10-21 09:31:36.257534,-0.0036363636363636598,-0.0036363636363636598,-0.5,-0.5,137.0,137.5,137.0,137.5,298.0,337.0,6912.0,4927.0,False
2603,2022-10-21 09:31:36.265201,-0.0036363636363636598,-0.0036363636363636598,-0.5,-0.5,137.0,137.5,137.0,137.5,298.0,336.0,6912.0,4927.0,False
2603,2022-10-21 09:31:36.481765,-0.0036363636363636598,-0.0036363636363636598,-0.5,-0.5,137.0,137.5,137.0,137.5,298.0,336.0,6912.0,4927.0,False
2603,2022-10-21 09:31:36.711592,-0.0036363636363636598,-0.0036363636363636598,-0.5,-0.5,137.0,137.5,137.0,137.5,298.0,336.0,6912.0,4927.0,False
2603,2022-10-21 09:31:36.916950,-0.0036363636363636598,-0.0036363636363636598,-0.5,-0.5,137.0,137.5,137.0,137.5,297.0,336.0,6912.0,4927.0,False
2603,2022-10-21 09:31:36.994579,-0.0036363636363636598,-0.0036363636363636598,-0.5,-0.5,137.0,137.5,137.0,137.5,298.0,336.0,6912.0,4927.0,False
2603,2022-10-21 09:31:37.207564,-0.0036363636363636598,-0.0036363636363636598,-0.5,-0.5,137.0,137.5,137.0,137.5,298.0,335.0,6912.0,4927.0,False
2603,2022-10-21 09:31:37.626189,-0.0036363636363636598,-0.0036363636363636598,-0.5,-0.5,137.0,137.5,137.0,137.5,298.0,335.0,6912.0,4927.0,False
2603,2022-10-21 09:31:37.801427,-0.0036363636363636598,-0.0036363636363636598,-0.5,-0.5,137.0,137.5,137.0,137.5,299.0,335.0,6912.0,4927.0,False
2603,2022-10-21 09:31:37.882088,-0.0036363636363636598,-0.0036363636363636598,-0.5,-0.5,137.0,137.5,137.0,137.5,299.0,338.0,6912.0,4927.0,False
2603,2022-10-21 09:31:37.950950,-0.0036363636363636598,-0.0036363636363636598,-0.5,-0.5,137.0,137.5,137.0,137.5,299.0,338.0,6912.0,4927.0,False
2603,2022-10-21 09:31:38.161352,-0.0036363636363636598,-0.0036363636363636598,-0.5,-0.5,137.0,137.5,137.0,137.5,299.0,335.0,6912.0,4927.0,False
2603,2022-10-21 09:31:38.401716,-0.0036363636363636598,-0.0036363636363636598,-0.5,-0.5,137.0,137.5,137.0,137.5,301.0,335.0,6912.0,4927.0,False
2603,2022-10-21 09:31:39.261983,-0.0036363636363636598,-0.0036363636363636598,-0.5,-0.5,137.0,137.5,137.0,137.5,301.0,335.0,6912.0,4927.0,False
2603,2022-10-21 09:31:40.100165,-0.0036363636363636598,-0.0036363636363636598,-0.5,-0.5,137.0,137.5,137.0,137.5,301.0,335.0,6912.0,4927.0,False
2603,2022-10-21 09:31:40.205549,-0.0036363636363636598,-0.0036363636363636598,-0.5,-0.5,137.0,137.5,137.0,137.5,301.0,335.0,6912.0,4927.0,False
2603,2022-10-21 09:31:40.394080,-0.0036363636363636598,-0.0036363636363636598,-0.5,-0.5,137.0,137.5,137.0,137.5,301.0,335.0,6912.0,4927.0,False
2603,2022-10-21 09:31:40.560907,-0.0036363636363636598,-0.0036363636363636598,-0.5,-0.5,137.0,137.5,137.0,137.5,301.0,335.0,6912.0,4927.0,False
2603,2022-10-21 09:31:40.736652,-0.0036363636363636598,-0.0036363636363636598,-0.5,-0.5,137.0,137.5,137.0,137.5,301.0,333.0,6912.0,4927.0,False
2603,2022-10-21 09:31:40.805498,-0.0036363636363636598,-0.0036363636363636598,-0.5,-0.5,137.0,137.5,137.0,137.5,301.0,333.0,6912.0,4927.0,False
2603,2022-10-21 09:31:41.180951,-0.0036363636363636598,-0.0036363636363636598,-0.5,-0.5,137.0,137.5,137.0,137.5,302.0,333.0,6912.0,4927.0,False
2603,2022-10-21 09:31:41.184207,-0.0036363636363636598,-0.0036363636363636598,-0.5,-0.5,137.0,137.5,137.0,137.5,322.0,333.0,6912.0,4927.0,False
2603,2022-10-21 09:31:41.367500,-0.0036363636363636598,-0.0036363636363636598,-0.5,-0.5,137.0,137.5,137.0,137.5,323.0,333.0,6912.0,4927.0,False
2603,2022-10-21 09:31:41.675226,-0.0036363636363636598,-0.0036363636363636598,-0.5,-0.5,137.0,137.5,137.0,137.5,323.0,333.0,6912.0,4927.0,False
2603,2022-10-21 09:31:41.994243,-0.0036363636363636598,-0.0036363636363636598,-0.5,-0.5,137.0,137.5,137.0,137.5,323.0,334.0,6912.0,4927.0,False
2603,2022-10-21 09:31:42.017488,-0.0036363636363636598,-0.0036363636363636598,-0.5,-0.5,137.0,137.5,137.0,137.5,321.0,334.0,6912.0,4927.0,False
2603,2022-10-21 09:31:42.030569,-0.0036363636363636598,-0.0036363636363636598,-0.5,-0.5,137.0,137.5,137.0,137.5,321.0,334.0,6912.0,4927.0,False
2603,2022-10-21 09:31:42.367713,-0.0036363636363636598,-0.0036363636363636598,-0.5,-0.5,137.0,137.5,137.0,137.5,321.0,333.0,6912.0,4927.0,False
2603,2022-10-21 09:31:42.476473,-0.0036363636363636598,-0.0036363636363636598,-0.5,-0.5,137.0,137.5,137.0,137.5,321.0,333.0,6912.0,4927.0,False
2603,2022-10-21 09:31:42.493400,-0.0036363636363636598,-0.0036363636363636598,-0.5,-0.5,137.0,137.5,137.0,137.5,323.0,333.0,6912.0,4927.0,False
2603,2022-10-21 09:31:42.912083,-0.0036363636363636598,-0.0036363636363636598,-0.5,-0.5,137.0,137.5,137.0,137.5,324.0,333.0,6912.0,4927.0,False
2603,2022-10-21 09:31:43.074192,-0.0036363636363636598,-0.0036363636363636598,-0.5,-0.5,137.0,137.5,137.0,137.5,324.0,333.0,6872.0,4927.0,True
2603,2022-10-21 09:31:43.525205,-0.0036363636363636598,-0.0036363636363636598,-0.5,-0.5,137.0,137.5,137.0,137.5,323.0,332.0,6872.0,4927.0,False
2603,2022-10-21 09:31:43.828277,-0.0036363636363636598,-0.0036363636363636598,-0.5,-0.5,137.0,137.5,137.0,137.5,323.0,332.0,6872.0,4927.0,False
2603,2022-10-21 09:31:44.659268,-0.0036363636363636598,-0.0036363636363636598,-0.5,-0.5,137.0,137.5,137.0,137.5,323.0,332.0,6872.0,4927.0,False
2603,2022-10-21 09:31:44.994082,-0.0036363636363636598,-0.0036363636363636598,-0.5,-0.5,137.0,137.5,137.0,137.5,324.0,332.0,6872.0,4927.0,False
2603,2022-10-21 09:31:45.068728,-0.0036363636363636598,-0.0036363636363636598,-0.5,-0.5,137.0,137.5,137.0,137.5,324.0,332.0,6872.0,4927.0,False
2603,2022-10-21 09:31:45.133432,-0.0036363636363636598,-0.0036363636363636598,-0.5,-0.5,137.0,137.5,137.0,137.5,324.0,329.0,6872.0,4927.0,False
2603,2022-10-21 09:31:46.114792,-0.0036363636363636598,-0.0036363636363636598,-0.5,-0.5,137.0,137.5,137.0,137.5,324.0,329.0,6872.0,4927.0,False
2603,2022-10-21 09:31:47.197334,-0.0036363636363636598,-0.0036363636363636598,-0.5,-0.5,137.0,137.5,137.0,137.5,324.0,329.0,6872.0,4927.0,False
2603,2022-10-21 09:31:47.407386,-0.0036363636363636598,-0.0036363636363636598,-0.5,-0.5,137.0,137.5,137.0,137.5,327.0,329.0,6872.0,4927.0,False
2603,2022-10-21 09:31:47.687491,-0.0036363636363636598,-0.0036363636363636598,-0.5,-0.5,137.0,137.5,137.0,137.5,327.0,328.0,6872.0,4927.0,False
2603,2022-10-21 09:31:48.697291,-0.0036363636363636598,-0.0036363636363636598,-0.5,-0.5,137.0,137.5,137.0,137.5,327.0,328.0,6872.0,4927.0,False
2603,2022-10-21 09:31:49.528402,-0.0036363636363636598,-0.0036363636363636598,-0.5,-0.5,137.0,137.5,137.0,137.5,328.0,328.0,6872.0,4927.0,False
2603,2022-10-21 09:31:49.582177,-0.0036363636363636598,-0.0036363636363636598,-0.5,-0.5,137.0,137.5,137.0,137.5,328.0,328.0,6872.0,4927.0,False
2603,2022-10-21 09:31:49.878229,-0.0036363636363636598,-0.0036363636363636598,-0.5,-0.5,137.0,137.5,137.0,137.5,328.0,328.0,6872.0,4927.0,False
2603,2022-10-21 09:31:49.954465,-0.0036363636363636598,-0.0036363636363636598,-0.5,-0.5,137.0,137.5,137.0,137.5,328.0,324.0,6872.0,4927.0,False
2603,2022-10-21 09:31:50.067456,-0.0036363636363636598,-0.0036363636363636598,-0.5,-0.5,137.0,137.5,137.0,137.5,328.0,324.0,6872.0,4927.0,False
2603,2022-10-21 09:31:50.481496,-0.0036363636363636598,-0.0036363636363636598,-0.5,-0.5,137.0,137.5,137.0,137.5,326.0,324.0,6872.0,4927.0,False
2603,2022-10-21 09:31:50.645905,-0.0036363636363636598,-0.0036363636363636598,-0.5,-0.5,137.0,137.5,137.0,137.5,326.0,324.0,6872.0,4927.0,False
2603,2022-10-21 09:31:50.807879,-0.0036363636363636598,-0.0036363636363636598,-0.5,-0.5,137.0,137.5,137.0,137.5,326.0,325.0,6872.0,4927.0,False
2603,2022-10-21 09:31:51.449042,-0.0036363636363636598,-0.0036363636363636598,-0.5,-0.5,137.0,137.5,137.0,137.5,326.0,325.0,6872.0,4927.0,False
2603,2022-10-21 09:31:51.618782,-0.0036363636363636598,-0.0036363636363636598,-0.5,-0.5,137.0,137.5,137.0,137.5,327.0,325.0,6872.0,4927.0,False
2603,2022-10-21 09:31:52.193963,-0.0036363636363636598,-0.0036363636363636598,-0.5,-0.5,137.0,137.5,137.0,137.5,317.0,325.0,6872.0,4927.0,False
2603,2022-10-21 09:31:52.652732,-0.0036363636363636598,-0.0036363636363636598,-0.5,-0.5,137.0,137.5,137.0,137.5,317.0,325.0,6872.0,4927.0,False
2603,2022-10-21 09:31:53.114479,-0.0036363636363636598,-0.0036363636363636598,-0.5,-0.5,137.0,137.5,137.0,137.5,317.0,325.0,6872.0,4927.0,True
2603,2022-10-21 09:31:53.652050,-0.0036363636363636598,-0.0036363636363636598,-0.5,-0.5,137.0,137.5,137.0,137.5,317.0,325.0,6872.0,4927.0,False
2603,2022-10-21 09:31:53.711460,-0.0036363636363636598,-0.0036363636363636598,-0.5,-0.5,137.0,137.5,137.0,137.5,317.0,326.0,6872.0,4927.0,False
2603,2022-10-21 09:31:53.875199,-0.0036363636363636598,-0.0036363636363636598,-0.5,-0.5,137.0,137.5,137.0,137.5,315.0,326.0,6872.0,4927.0,False
2603,2022-10-21 09:31:55.066630,-0.0036363636363636598,-0.0036363636363636598,-0.5,-0.5,137.0,137.5,137.0,137.5,317.0,326.0,6872.0,4927.0,False
2603,2022-10-21 09:31:55.715428,-0.0036363636363636598,-0.0036363636363636598,-0.5,-0.5,137.0,137.5,137.0,137.5,318.0,326.0,6872.0,4927.0,False
2603,2022-10-21 09:31:56.427832,-0.0036363636363636598,-0.0036363636363636598,-0.5,-0.5,137.0,137.5,137.0,137.5,319.0,326.0,6872.0,4927.0,False
2603,2022-10-21 09:31:56.790897,-0.0036363636363636598,-0.0036363636363636598,-0.5,-0.5,137.0,137.5,137.0,137.5,320.0,326.0,6872.0,4927.0,False
2603,2022-10-21 09:31:58.105001,-0.0036363636363636598,-0.0036363636363636598,-0.5,-0.5,137.0,137.5,137.0,137.5,320.0,326.0,6872.0,4927.0,False
2603,2022-10-21 09:31:58.218558,-0.0036363636363636598,-0.0036363636363636598,-0.5,-0.5,137.0,137.5,137.0,137.5,320.0,325.0,6872.0,4927.0,False
2603,2022-10-21 09:31:58.347545,-0.0036363636363636598,-0.0036363636363636598,-0.5,-0.5,137.0,137.5,137.0,137.5,320.0,325.0,6872.0,4927.0,False
2603,2022-10-21 09:31:59.067746,-0.0036363636363636598,-0.0036363636363636598,-0.5,-0.5,137.0,137.5,137.0,137.5,320.0,325.0,6872.0,4927.0,False
2603,2022-10-21 09:31:59.088725,-0.0036363636363636598,-0.0036363636363636598,-0.5,-0.5,137.0,137.5,137.0,137.5,320.0,323.0,6872.0,4927.0,False
2603,2022-10-21 09:31:59.157201,-0.0036363636363636598,-0.0036363636363636598,-0.5,-0.5,137.0,137.5,137.0,137.5,320.0,323.0,6872.0,4927.0,False
2603,2022-10-21 09:31:59.284688,-0.0036363636363636598,-0.0036363636363636598,-0.5,-0.5,137.0,137.5,137.0,137.5,320.0,325.0,6872.0,4927.0,False
2603,2022-10-21 09:31:59.575343,-0.0036363636363636598,-0.0036363636363636598,-0.5,-0.5,137.0,137.5,137.0,137.5,320.0,325.0,6872.0,4927.0,False
2603,2022-10-21 09:31:59.820063,-0.0036363636363636598,-0.0036363636363636598,-0.5,-0.5,137.0,137.5,137.0,137.5,317.0,325.0,6872.0,4927.0,False
2603,2022-10-21 09:31:59.848756,-0.0036363636363636598,-0.0036363636363636598,-0.5,-0.5,137.0,137.5,137.0,137.5,317.0,325.0,6872.0,4927.0,False
2603,2022-10-21 09:32:00.252319,-0.0036363636363636598,-0.0036363636363636598,-0.5,-0.5,137.0,137.5,137.0,137.5,317.0,325.0,6872.0,4927.0,False
2603,2022-10-21 09:32:00.486076,-0.0036363636363636598,-0.0036363636363636598,-0.5,-0.5,137.0,137.5,137.0,137.5,317.0,325.0,6872.0,4927.0,False
2603,2022-10-21 09:32:00.825707,-0.0036363636363636598,-0.0036363636363636598,-0.5,-0.5,137.0,137.5,137.0,137.5,318.0,325.0,6872.0,4927.0,False
2603,2022-10-21 09:32:00.910626,-0.0036363636363636598,-0.0036363636363636598,-0.5,-0.5,137.0,137.5,137.0,137.5,316.0,325.0,6872.0,4927.0,False
2603,2022-10-21 09:32:01.199812,-0.0036363636363636598,-0.0036363636363636598,-0.5,-0.5,137.0,137.5,137.0,137.5,316.0,325.0,6872.0,4927.0,False
2603,2022-10-21 09:32:01.355328,-0.0036363636363636598,-0.0036363636363636598,-0.5,-0.5,137.0,137.5,137.0,137.5,316.0,325.0,6872.0,4927.0,False
2603,2022-10-21 09:32:01.409530,-0.0036363636363636598,-0.0036363636363636598,-0.5,-0.5,137.0,137.5,137.0,137.5,316.0,325.0,6872.0,4927.0,False
2603,2022-10-21 09:32:01.598696,-0.0036363636363636598,-0.0036363636363636598,-0.5,-0.5,137.0,137.5,137.0,137.5,318.0,325.0,6872.0,4927.0,False
2603,2022-10-21 09:32:01.627751,-0.0036363636363636598,-0.0036363636363636598,-0.5,-0.5,137.0,137.5,137.0,137.5,319.0,325.0,6872.0,4927.0,False
2603,2022-10-21 09:32:03.128007,-0.0036363636363636598,-0.0036363636363636598,-0.5,-0.5,137.0,137.5,137.0,137.5,319.0,325.0,6872.0,4927.0,False
2603,2022-10-21 09:32:03.157914,-0.0036363636363636598,-0.0036363636363636598,-0.5,-0.5,137.0,137.5,137.0,137.5,319.0,325.0,7012.0,4967.0,True
2603,2022-10-21 09:32:03.490280,-0.0036363636363636598,-0.0036363636363636598,-0.5,-0.5,137.0,137.5,137.0,137.5,322.0,325.0,7012.0,4967.0,False
2603,2022-10-21 09:32:04.109789,-0.0036363636363636598,-0.0036363636363636598,-0.5,-0.5,137.0,137.5,137.0,137.5,322.0,329.0,7012.0,4967.0,False
2603,2022-10-21 09:32:04.263221,-0.0036363636363636598,-0.0036363636363636598,-0.5,-0.5,137.0,137.5,137.0,137.5,322.0,329.0,7012.0,4967.0,False
2603,2022-10-21 09:32:04.977147,-0.0036363636363636598,-0.0036363636363636598,-0.5,-0.5,137.0,137.5,137.0,137.5,322.0,329.0,7012.0,4967.0,False
2603,2022-10-21 09:32:06.054938,-0.0036363636363636598,-0.0036363636363636598,-0.5,-0.5,137.0,137.5,137.0,137.5,323.0,329.0,7012.0,4967.0,False
2603,2022-10-21 09:32:07.482895,-0.0036363636363636598,-0.0036363636363636598,-0.5,-0.5,137.0,137.5,137.0,137.5,324.0,329.0,7012.0,4967.0,False
2603,2022-10-21 09:32:07.519830,-0.0036363636363636598,-0.0036363636363636598,-0.5,-0.5,137.0,137.5,137.0,137.5,326.0,329.0,7012.0,4967.0,False
2603,2022-10-21 09:32:07.554330,-0.0036363636363636598,-0.0036363636363636598,-0.5,-0.5,137.0,137.5,137.0,137.5,326.0,329.0,7012.0,4967.0,False
2603,2022-10-21 09:32:08.365937,-0.0036363636363636598,-0.0036363636363636598,-0.5,-0.5,137.0,137.5,137.0,137.5,326.0,329.0,7012.0,4967.0,False
2603,2022-10-21 09:32:09.993138,-0.0036363636363636598,-0.0036363636363636598,-0.5,-0.5,137.0,137.5,137.0,137.5,327.0,329.0,7012.0,4967.0,False
2603,2022-10-21 09:32:10.341257,-0.0036363636363636598,-0.0036363636363636598,-0.5,-0.5,137.0,137.5,137.0,137.5,329.0,329.0,7012.0,4967.0,False
2603,2022-10-21 09:32:10.404905,-0.0036363636363636598,-0.0036363636363636598,-0.5,-0.5,137.0,137.5,137.0,137.5,329.0,328.0,7012.0,4967.0,False
2603,2022-10-21 09:32:10.426388,-0.0036363636363636598,-0.0036363636363636598,-0.5,-0.5,137.0,137.5,137.0,137.5,329.0,328.0,7012.0,4967.0,False
2603,2022-10-21 09:32:10.543353,-0.0036363636363636598,-0.0036363636363636598,-0.5,-0.5,137.0,137.5,137.0,137.5,324.0,328.0,7012.0,4967.0,False
2603,2022-10-21 09:32:10.677270,-0.0036363636363636598,-0.0036363636363636598,-0.5,-0.5,137.0,137.5,137.0,137.5,325.0,328.0,7012.0,4967.0,False
2603,2022-10-21 09:32:10.713809,-0.0036363636363636598,-0.0036363636363636598,-0.5,-0.5,137.0,137.5,137.0,137.5,325.0,328.0,7012.0,4967.0,False
2603,2022-10-21 09:32:10.924574,-0.0036363636363636598,-0.0036363636363636598,-0.5,-0.5,137.0,137.5,137.0,137.5,325.0,328.0,7012.0,4967.0,False
2603,2022-10-21 09:32:12.565826,-0.0036363636363636598,-0.0036363636363636598,-0.5,-0.5,137.0,137.5,137.0,137.5,325.0,328.0,7012.0,4967.0,False
2603,2022-10-21 09:32:13.195739,-0.0036363636363636598,-0.0036363636363636598,-0.5,-0.5,137.0,137.5,137.0,137.5,325.0,328.0,7009.0,5467.0,True
2603,2022-10-21 09:32:13.286637,-0.0036363636363636598,-0.0036363636363636598,-0.5,-0.5,137.0,137.5,137.0,137.5,326.0,328.0,7009.0,5467.0,False
2603,2022-10-21 09:32:13.852400,-0.0036363636363636598,-0.0036363636363636598,-0.5,-0.5,137.0,137.5,137.0,137.5,327.0,328.0,7009.0,5467.0,False
2603,2022-10-21 09:32:13.916721,-0.0036363636363636598,-0.0036363636363636598,-0.5,-0.5,137.0,137.5,137.0,137.5,327.0,329.0,7009.0,5467.0,False
2603,2022-10-21 09:32:14.169197,-0.0036363636363636598,-0.0036363636363636598,-0.5,-0.5,137.0,137.5,137.0,137.5,327.0,330.0,7009.0,5467.0,False
2603,2022-10-21 09:32:14.438947,-0.0036363636363636598,-0.0036363636363636598,-0.5,-0.5,137.0,137.5,137.0,137.5,325.0,330.0,7009.0,5467.0,False
2603,2022-10-21 09:32:14.582783,-0.0036363636363636598,-0.0036363636363636598,-0.5,-0.5,137.0,137.5,137.0,137.5,325.0,330.0,7009.0,5467.0,False
2603,2022-10-21 09:32:14.853470,-0.0036363636363636598,-0.0036363636363636598,-0.5,-0.5,137.0,137.5,137.0,137.5,325.0,335.0,7009.0,5467.0,False
2603,2022-10-21 09:32:14.948689,-0.0036363636363636598,-0.0036363636363636598,-0.5,-0.5,137.0,137.5,137.0,137.5,325.0,335.0,7009.0,5467.0,False
2603,2022-10-21 09:32:15.211376,-0.0036363636363636598,-0.0036363636363636598,-0.5,-0.5,137.0,137.5,137.0,137.5,326.0,335.0,7009.0,5467.0,False
2603,2022-10-21 09:32:15.288750,-0.0036363636363636598,-0.0036363636363636598,-0.5,-0.5,137.0,137.5,137.0,137.5,321.0,335.0,7009.0,5467.0,False
2603,2022-10-21 09:32:15.367725,-0.0036363636363636598,-0.0036363636363636598,-0.5,-0.5,137.0,137.5,137.0,137.5,321.0,325.0,7009.0,5467.0,False
2603,2022-10-21 09:32:15.382676,-0.0036363636363636598,-0.0036363636363636598,-0.5,-0.5,137.0,137.5,137.0,137.5,321.0,325.0,7009.0,5467.0,False
2603,2022-10-21 09:32:15.511187,-0.0036363636363636598,-0.0036363636363636598,-0.5,-0.5,137.0,137.5,137.0,137.5,322.0,325.0,7009.0,5467.0,False
2603,2022-10-21 09:32:16.742279,-0.0036363636363636598,-0.0036363636363636598,-0.5,-0.5,137.0,137.5,137.0,137.5,320.0,325.0,7009.0,5467.0,False
2603,2022-10-21 09:32:18.752913,-0.0036363636363636598,-0.0036363636363636598,-0.5,-0.5,137.0,137.5,137.0,137.5,320.0,325.0,7009.0,5467.0,False
2603,2022-10-21 09:32:19.607928,-0.0036363636363636598,-0.0036363636363636598,-0.5,-0.5,137.0,137.5,137.0,137.5,320.0,325.0,7009.0,5467.0,False
2603,2022-10-21 09:32:19.861410,-0.0036363636363636598,-0.0036363636363636598,-0.5,-0.5,137.0,137.5,137.0,137.5,319.0,325.0,7009.0,5467.0,False
2603,2022-10-21 09:32:20.250026,-0.0036363636363636598,-0.0036363636363636598,-0.5,-0.5,137.0,137.5,137.0,137.5,319.0,327.0,7009.0,5467.0,False
2603,2022-10-21 09:32:21.711799,-0.0036363636363636598,-0.0036363636363636598,-0.5,-0.5,137.0,137.5,137.0,137.5,319.0,327.0,7009.0,5467.0,False
2603,2022-10-21 09:32:21.774291,-0.0036363636363636598,-0.0036363636363636598,-0.5,-0.5,137.0,137.5,137.0,137.5,317.0,327.0,7009.0,5467.0,False
2603,2022-10-21 09:32:21.939703,-0.0036363636363636598,-0.0036363636363636598,-0.5,-0.5,137.0,137.5,137.0,137.5,317.0,327.0,7009.0,5467.0,False
2603,2022-10-21 09:32:22.311095,-0.0036363636363636598,-0.0036363636363636598,-0.5,-0.5,137.0,137.5,137.0,137.5,316.0,326.0,7009.0,5467.0,False
2603,2022-10-21 09:32:22.325887,-0.0036363636363636598,-0.0036363636363636598,-0.5,-0.5,137.0,137.5,137.0,137.5,316.0,336.0,7009.0,5467.0,False
2603,2022-10-21 09:32:22.609218,-0.0036363636363636598,-0.0036363636363636598,-0.5,-0.5,137.0,137.5,137.0,137.5,316.0,336.0,7009.0,5467.0,False
2603,2022-10-21 09:32:23.044154,-0.0036363636363636598,-0.0036363636363636598,-0.5,-0.5,137.0,137.5,137.0,137.5,317.0,336.0,7009.0,5467.0,False
2603,2022-10-21 09:32:23.082523,-0.0036363636363636598,-0.0036363636363636598,-0.5,-0.5,137.0,137.5,137.0,137.5,317.0,336.0,7009.0,5467.0,False
2603,2022-10-21 09:32:23.234873,-0.0036363636363636598,-0.0036363636363636598,-0.5,-0.5,137.0,137.5,137.0,137.5,317.0,336.0,7082.0,5430.0,True
2603,2022-10-21 09:32:23.375578,-0.0036363636363636598,-0.0036363636363636598,-0.5,-0.5,137.0,137.5,137.0,137.5,316.0,336.0,7082.0,5430.0,False
2603,2022-10-21 09:32:23.627830,-0.0036363636363636598,-0.0036363636363636598,-0.5,-0.5,137.0,137.5,137.0,137.5,316.0,336.0,7082.0,5430.0,False
2603,2022-10-21 09:32:24.642046,-0.0036363636363636598,-0.0036363636363636598,-0.5,-0.5,137.0,137.5,137.0,137.5,316.0,336.0,7082.0,5430.0,False
2603,2022-10-21 09:32:25.177972,-0.0036363636363636598,-0.0036363636363636598,-0.5,-0.5,137.0,137.5,137.0,137.5,316.0,336.0,7082.0,5430.0,False
2603,2022-10-21 09:32:25.414553,-0.0036363636363636598,-0.0036363636363636598,-0.5,-0.5,137.0,137.5,137.0,137.5,315.0,336.0,7082.0,5430.0,False
2603,2022-10-21 09:32:25.706045,-0.0036363636363636598,-0.0036363636363636598,-0.5,-0.5,137.0,137.5,137.0,137.5,315.0,335.0,7082.0,5430.0,False
2603,2022-10-21 09:32:27.683997,-0.0036363636363636598,-0.0036363636363636598,-0.5,-0.5,137.0,137.5,137.0,137.5,315.0,335.0,7082.0,5430.0,False
2603,2022-10-21 09:32:28.319859,-0.0036363636363636598,-0.0036363636363636598,-0.5,-0.5,137.0,137.5,137.0,137.5,314.0,335.0,7082.0,5430.0,False
2603,2022-10-21 09:32:28.727233,-0.0036363636363636598,-0.0036363636363636598,-0.5,-0.5,137.0,137.5,137.0,137.5,315.0,335.0,7082.0,5430.0,False
2603,2022-10-21 09:32:29.039749,-0.0036363636363636598,-0.0036363636363636598,-0.5,-0.5,137.0,137.5,137.0,137.5,315.0,335.0,7082.0,5430.0,False
2603,2022-10-21 09:32:29.164293,-0.0036363636363636598,-0.0036363636363636598,-0.5,-0.5,137.0,137.5,137.0,137.5,323.0,335.0,7082.0,5430.0,False
2603,2022-10-21 09:32:30.101255,-0.0036363636363636598,-0.0036363636363636598,-0.5,-0.5,137.0,137.5,137.0,137.5,322.0,335.0,7082.0,5430.0,False
2603,2022-10-21 09:32:30.163235,-0.0036363636363636598,-0.0036363636363636598,-0.5,-0.5,137.0,137.5,137.0,137.5,322.0,336.0,7082.0,5430.0,False
2603,2022-10-21 09:32:30.264706,-0.0036363636363636598,-0.0036363636363636598,-0.5,-0.5,137.0,137.5,137.0,137.5,322.0,332.0,7082.0,5430.0,False
2603,2022-10-21 09:32:30.377823,-0.0036363636363636598,-0.0036363636363636598,-0.5,-0.5,137.0,137.5,137.0,137.5,323.0,332.0,7082.0,5430.0,False
2603,2022-10-21 09:32:30.872867,-0.0036363636363636598,-0.0036363636363636598,-0.5,-0.5,137.0,137.5,137.0,137.5,323.0,382.0,7082.0,5430.0,False
2603,2022-10-21 09:32:30.948708,-0.0036363636363636598,-0.0036363636363636598,-0.5,-0.5,137.0,137.5,137.0,137.5,323.0,384.0,7082.0,5430.0,False
2603,2022-10-21 09:32:30.987895,-0.0036363636363636598,-0.0036363636363636598,-0.5,-0.5,137.0,137.5,137.0,137.5,323.0,384.0,7082.0,5430.0,False
2603,2022-10-21 09:32:31.366712,-0.0036363636363636598,-0.0036363636363636598,-0.5,-0.5,137.0,137.5,137.0,137.5,321.0,384.0,7082.0,5430.0,False
2603,2022-10-21 09:32:33.074831,-0.0036363636363636598,-0.0036363636363636598,-0.5,-0.5,137.0,137.5,137.0,137.5,321.0,384.0,7082.0,5430.0,False
2603,2022-10-21 09:32:33.272001,-0.0036363636363636598,-0.0036363636363636598,-0.5,-0.5,137.0,137.5,137.0,137.5,321.0,384.0,7082.0,5430.0,True
2603,2022-10-21 09:32:33.329568,-0.0036363636363636598,-0.0036363636363636598,-0.5,-0.5,137.0,137.5,137.0,137.5,321.0,384.0,7082.0,5430.0,False
2603,2022-10-21 09:32:34.627632,-0.0036363636363636598,-0.0036363636363636598,-0.5,-0.5,137.0,137.5,137.0,137.5,321.0,384.0,7082.0,5430.0,False
2603,2022-10-21 09:32:34.688112,-0.0036363636363636598,-0.0036363636363636598,-0.5,-0.5,137.0,137.5,137.0,137.5,321.0,384.0,7082.0,5430.0,False
2603,2022-10-21 09:32:34.942717,-0.0036363636363636598,-0.0036363636363636598,-0.5,-0.5,137.0,137.5,137.0,137.5,321.0,384.0,7082.0,5430.0,False
2603,2022-10-21 09:32:35.067011,-0.0036363636363636598,-0.0036363636363636598,-0.5,-0.5,137.0,137.5,137.0,137.5,321.0,384.0,7082.0,5430.0,False
2603,2022-10-21 09:32:35.726730,-0.0036363636363636598,-0.0036363636363636598,-0.5,-0.5,137.0,137.5,137.0,137.5,321.0,384.0,7082.0,5430.0,False
2603,2022-10-21 09:32:35.793660,-0.0036363636363636598,-0.0036363636363636598,-0.5,-0.5,137.0,137.5,137.0,137.5,321.0,384.0,7082.0,5430.0,False
2603,2022-10-21 09:32:35.929602,-0.0036363636363636598,-0.0036363636363636598,-0.5,-0.5,137.0,137.5,137.0,137.5,326.0,384.0,7082.0,5430.0,False
2603,2022-10-21 09:32:36.581783,-0.0036363636363636598,-0.0036363636363636598,-0.5,-0.5,137.0,137.5,137.0,137.5,326.0,384.0,7082.0,5430.0,False
2603,2022-10-21 09:32:36.903342,-0.0036363636363636598,-0.0036363636363636598,-0.5,-0.5,137.0,137.5,137.0,137.5,326.0,384.0,7082.0,5430.0,False
2603,2022-10-21 09:32:37.047168,-0.0036363636363636598,-0.0036363636363636598,-0.5,-0.5,137.0,137.5,137.0,137.5,325.0,384.0,7082.0,5430.0,False
2603,2022-10-21 09:32:38.370205,-0.0036363636363636598,-0.0036363636363636598,-0.5,-0.5,137.0,137.5,137.0,137.5,325.0,384.0,7082.0,5430.0,False
2603,2022-10-21 09:32:38.746302,-0.0036363636363636598,-0.0036363636363636598,-0.5,-0.5,137.0,137.5,137.0,137.5,325.0,383.0,7082.0,5430.0,False
2603,2022-10-21 09:32:40.402858,-0.0036363636363636598,-0.0036363636363636598,-0.5,-0.5,137.0,137.5,137.0,137.5,325.0,383.0,7082.0,5430.0,False
2603,2022-10-21 09:32:40.559943,-0.0036363636363636598,-0.0036363636363636598,-0.5,-0.5,137.0,137.5,137.0,137.5,326.0,383.0,7082.0,5430.0,False
2603,2022-10-21 09:32:41.653773,-0.0036363636363636598,-0.0036363636363636598,-0.5,-0.5,137.0,137.5,137.0,137.5,326.0,383.0,7082.0,5430.0,False
2603,2022-10-21 09:32:41.662044,-0.0036363636363636598,-0.0036363636363636598,-0.5,-0.5,137.0,137.5,137.0,137.5,326.0,383.0,7082.0,5430.0,False
2603,2022-10-21 09:32:41.955497,-0.0036363636363636598,-0.0036363636363636598,-0.5,-0.5,137.0,137.5,137.0,137.5,327.0,383.0,7082.0,5430.0,False
2603,2022-10-21 09:32:42.095700,-0.0036363636363636598,-0.0036363636363636598,-0.5,-0.5,137.0,137.5,137.0,137.5,325.0,383.0,7082.0,5430.0,False
2603,2022-10-21 09:32:42.146282,-0.0036363636363636598,-0.0036363636363636598,-0.5,-0.5,137.0,137.5,137.0,137.5,320.0,383.0,7082.0,5430.0,False
2603,2022-10-21 09:32:42.358940,-0.0036363636363636598,-0.0036363636363636598,-0.5,-0.5,137.0,137.5,137.0,137.5,320.0,383.0,7082.0,5430.0,False
2603,2022-10-21 09:32:42.638990,-0.0036363636363636598,-0.0036363636363636598,-0.5,-0.5,137.0,137.5,137.0,137.5,320.0,383.0,7082.0,5430.0,False
2603,2022-10-21 09:32:43.311107,-0.0036363636363636598,-0.0036363636363636598,-0.5,-0.5,137.0,137.5,137.0,137.5,320.0,383.0,7019.0,5467.0,True
2603,2022-10-21 09:32:43.657681,-0.0036363636363636598,-0.0036363636363636598,-0.5,-0.5,137.0,137.5,137.0,137.5,320.0,383.0,7019.0,5467.0,False
2603,2022-10-21 09:32:44.798920,-0.0036363636363636598,-0.0036363636363636598,-0.5,-0.5,137.0,137.5,137.0,137.5,320.0,383.0,7019.0,5467.0,False
2603,2022-10-21 09:32:44.910723,-0.0036363636363636598,-0.0036363636363636598,-0.5,-0.5,137.0,137.5,137.0,137.5,320.0,383.0,7019.0,5467.0,False
2603,2022-10-21 09:32:45.243981,-0.0036363636363636598,-0.0036363636363636598,-0.5,-0.5,137.0,137.5,137.0,137.5,319.0,383.0,7019.0,5467.0,False
2603,2022-10-21 09:32:45.634213,-0.0036363636363636598,-0.0036363636363636598,-0.5,-0.5,137.0,137.5,137.0,137.5,319.0,384.0,7019.0,5467.0,False
2603,2022-10-21 09:32:45.947292,-0.0036363636363636598,-0.0036363636363636598,-0.5,-0.5,137.0,137.5,137.0,137.5,319.0,383.0,7019.0,5467.0,False
2603,2022-10-21 09:32:46.020652,-0.0036363636363636598,-0.0036363636363636598,-0.5,-0.5,137.0,137.5,137.0,137.5,320.0,383.0,7019.0,5467.0,False
2603,2022-10-21 09:32:46.046901,-0.0036363636363636598,-0.0036363636363636598,-0.5,-0.5,137.0,137.5,137.0,137.5,320.0,382.0,7019.0,5467.0,False
2603,2022-10-21 09:32:46.676250,-0.0036363636363636598,-0.0036363636363636598,-0.5,-0.5,137.0,137.5,137.0,137.5,320.0,382.0,7019.0,5467.0,False
2603,2022-10-21 09:32:47.423001,-0.0036363636363636598,-0.0036363636363636598,-0.5,-0.5,137.0,137.5,137.0,137.5,322.0,382.0,7019.0,5467.0,False
2603,2022-10-21 09:32:47.783259,-0.0036363636363636598,-0.0036363636363636598,-0.5,-0.5,137.0,137.5,137.0,137.5,322.0,400.0,7019.0,5467.0,False
2603,2022-10-21 09:32:48.044343,-0.0036363636363636598,-0.0036363636363636598,-0.5,-0.5,137.0,137.5,137.0,137.5,322.0,405.0,7019.0,5467.0,False
2603,2022-10-21 09:32:49.012240,-0.0036363636363636598,-0.0036363636363636598,-0.5,-0.5,137.0,137.5,137.0,137.5,326.0,405.0,7019.0,5467.0,False
2603,2022-10-21 09:32:49.079294,-0.0036363636363636598,-0.0036363636363636598,-0.5,-0.5,137.0,137.5,137.0,137.5,326.0,405.0,7019.0,5467.0,False
2603,2022-10-21 09:32:50.315127,-0.0036363636363636598,-0.0036363636363636598,-0.5,-0.5,137.0,137.5,137.0,137.5,329.0,405.0,7019.0,5467.0,False
2603,2022-10-21 09:32:51.229896,-0.0036363636363636598,-0.0036363636363636598,-0.5,-0.5,137.0,137.5,137.0,137.5,339.0,405.0,7019.0,5467.0,False
2603,2022-10-21 09:32:51.508949,-0.0036363636363636598,-0.0036363636363636598,-0.5,-0.5,137.0,137.5,137.0,137.5,339.0,405.0,7019.0,5467.0,False
2603,2022-10-21 09:32:51.609797,-0.0036363636363636598,-0.0036363636363636598,-0.5,-0.5,137.0,137.5,137.0,137.5,340.0,405.0,7019.0,5467.0,False
2603,2022-10-21 09:32:52.557176,-0.0036363636363636598,-0.0036363636363636598,-0.5,-0.5,137.0,137.5,137.0,137.5,340.0,405.0,7019.0,5467.0,False
2603,2022-10-21 09:32:52.723446,-0.0036363636363636598,-0.0036363636363636598,-0.5,-0.5,137.0,137.5,137.0,137.5,340.0,405.0,7019.0,5467.0,False
2603,2022-10-21 09:32:52.960621,-0.0036363636363636598,-0.0036363636363636598,-0.5,-0.5,137.0,137.5,137.0,137.5,340.0,405.0,7019.0,5467.0,False
2603,2022-10-21 09:32:53.347166,-0.0036363636363636598,-0.0036363636363636598,-0.5,-0.5,137.0,137.5,137.0,137.5,340.0,405.0,7222.0,5467.0,True
2603,2022-10-21 09:32:53.525588,-0.0036363636363636598,-0.0036363636363636598,-0.5,-0.5,137.0,137.5,137.0,137.5,340.0,405.0,7222.0,5467.0,False
2603,2022-10-21 09:32:53.833111,-0.0036363636363636598,-0.0036363636363636598,-0.5,-0.5,137.0,137.5,137.0,137.5,340.0,404.0,7222.0,5467.0,False
2603,2022-10-21 09:32:53.945879,-0.0036363636363636598,-0.0036363636363636598,-0.5,-0.5,137.0,137.5,137.0,137.5,340.0,403.0,7222.0,5467.0,False
2603,2022-10-21 09:32:54.032677,-0.0036363636363636598,-0.0036363636363636598,-0.5,-0.5,137.0,137.5,137.0,137.5,342.0,403.0,7222.0,5467.0,False
2603,2022-10-21 09:32:54.117316,-0.0036363636363636598,-0.0036363636363636598,-0.5,-0.5,137.0,137.5,137.0,137.5,342.0,403.0,7222.0,5467.0,False
2603,2022-10-21 09:32:56.514187,-0.0036363636363636598,-0.0036363636363636598,-0.5,-0.5,137.0,137.5,137.0,137.5,341.0,403.0,7222.0,5467.0,False
2603,2022-10-21 09:32:56.594795,-0.0036363636363636598,-0.0036363636363636598,-0.5,-0.5,137.0,137.5,137.0,137.5,339.0,403.0,7222.0,5467.0,False
2603,2022-10-21 09:32:56.735703,-0.0036363636363636598,-0.0036363636363636598,-0.5,-0.5,137.0,137.5,137.0,137.5,339.0,403.0,7222.0,5467.0,False
2603,2022-10-21 09:32:57.295809,-0.0036363636363636598,-0.0036363636363636598,-0.5,-0.5,137.0,137.5,137.0,137.5,337.0,403.0,7222.0,5467.0,False
2603,2022-10-21 09:32:57.753138,-0.0036363636363636598,-0.0036363636363636598,-0.5,-0.5,137.0,137.5,137.0,137.5,337.0,403.0,7222.0,5467.0,False
2603,2022-10-21 09:32:59.121669,-0.0036363636363636598,-0.0036363636363636598,-0.5,-0.5,137.0,137.5,137.0,137.5,337.0,402.0,7222.0,5467.0,False
2603,2022-10-21 09:32:59.410403,-0.0036363636363636598,-0.0036363636363636598,-0.5,-0.5,137.0,137.5,137.0,137.5,338.0,402.0,7222.0,5467.0,False
2603,2022-10-21 09:32:59.710473,-0.0036363636363636598,-0.0036363636363636598,-0.5,-0.5,137.0,137.5,137.0,137.5,338.0,402.0,7222.0,5467.0,False
2603,2022-10-21 09:33:00.279623,-0.0036363636363636598,-0.0036363636363636598,-0.5,-0.5,137.0,137.5,137.0,137.5,339.0,402.0,7222.0,5467.0,False
2603,2022-10-21 09:33:00.833431,-0.0036363636363636598,-0.0036363636363636598,-0.5,-0.5,137.0,137.5,137.0,137.5,339.0,402.0,7222.0,5467.0,False
2603,2022-10-21 09:33:01.516215,-0.0036363636363636598,-0.0036363636363636598,-0.5,-0.5,137.0,137.5,137.0,137.5,339.0,401.0,7222.0,5467.0,False
2603,2022-10-21 09:33:01.898144,-0.0036363636363636598,-0.0036363636363636598,-0.5,-0.5,137.0,137.5,137.0,137.5,340.0,401.0,7222.0,5467.0,False
2603,2022-10-21 09:33:02.174149,-0.0036363636363636598,-0.0036363636363636598,-0.5,-0.5,137.0,137.5,137.0,137.5,339.0,400.0,7222.0,5467.0,False
2603,2022-10-21 09:33:02.182272,-0.0036363636363636598,-0.0036363636363636598,-0.5,-0.5,137.0,137.5,137.0,137.5,339.0,405.0,7222.0,5467.0,False
2603,2022-10-21 09:33:02.384674,-0.0036363636363636598,-0.0036363636363636598,-0.5,-0.5,137.0,137.5,137.0,137.5,338.0,404.0,7222.0,5467.0,False
2603,2022-10-21 09:33:03.400800,-0.0036363636363636598,-0.0036363636363636598,-0.5,-0.5,137.0,137.5,137.0,137.5,338.0,404.0,7222.0,5467.0,False
2603,2022-10-21 09:33:03.400664,-0.0036363636363636598,-0.0036363636363636598,-0.5,-0.5,137.0,137.5,137.0,137.5,338.0,404.0,7282.0,5527.0,True
2603,2022-10-21 09:33:03.955159,-0.0036363636363636598,-0.0036363636363636598,-0.5,-0.5,137.0,137.5,137.0,137.5,338.0,404.0,7282.0,5527.0,False
2603,2022-10-21 09:33:04.993916,-0.0036363636363636598,-0.0036363636363636598,-0.5,-0.5,137.0,137.5,137.0,137.5,338.0,407.0,7282.0,5527.0,False
2603,2022-10-21 09:33:05.635348,-0.0036363636363636598,-0.0036363636363636598,-0.5,-0.5,137.0,137.5,137.0,137.5,337.0,407.0,7282.0,5527.0,False
2603,2022-10-21 09:33:05.790500,-0.0036363636363636598,-0.0036363636363636598,-0.5,-0.5,137.0,137.5,137.0,137.5,339.0,407.0,7282.0,5527.0,False
2603,2022-10-21 09:33:06.188666,-0.0036363636363636598,-0.0036363636363636598,-0.5,-0.5,137.0,137.5,137.0,137.5,339.0,408.0,7282.0,5527.0,False
2603,2022-10-21 09:33:06.525023,-0.0036363636363636598,-0.0036363636363636598,-0.5,-0.5,137.0,137.5,137.0,137.5,339.0,408.0,7282.0,5527.0,False
2603,2022-10-21 09:33:06.969862,-0.0036363636363636598,-0.0036363636363636598,-0.5,-0.5,137.0,137.5,137.0,137.5,337.0,408.0,7282.0,5527.0,False
2603,2022-10-21 09:33:07.104983,-0.0036363636363636598,-0.0036363636363636598,-0.5,-0.5,137.0,137.5,137.0,137.5,338.0,408.0,7282.0,5527.0,False
2603,2022-10-21 09:33:07.318083,-0.0036363636363636598,-0.0036363636363636598,-0.5,-0.5,137.0,137.5,137.0,137.5,339.0,408.0,7282.0,5527.0,False
2603,2022-10-21 09:33:08.116947,-0.0036363636363636598,-0.0036363636363636598,-0.5,-0.5,137.0,137.5,137.0,137.5,339.0,409.0,7282.0,5527.0,False
2603,2022-10-21 09:33:08.451446,-0.0036363636363636598,-0.0036363636363636598,-0.5,-0.5,137.0,137.5,137.0,137.5,339.0,409.0,7282.0,5527.0,False
2603,2022-10-21 09:33:09.037318,-0.0036363636363636598,-0.0036363636363636598,-0.5,-0.5,137.0,137.5,137.0,137.5,339.0,409.0,7282.0,5527.0,False
2603,2022-10-21 09:33:09.694985,-0.0036363636363636598,-0.0036363636363636598,-0.5,-0.5,137.0,137.5,137.0,137.5,338.0,409.0,7282.0,5527.0,False
2603,2022-10-21 09:33:09.829954,-0.0036363636363636598,-0.0036363636363636598,-0.5,-0.5,137.0,137.5,137.0,137.5,339.0,409.0,7282.0,5527.0,False
2603,2022-10-21 09:33:10.031926,-0.0036363636363636598,-0.0036363636363636598,-0.5,-0.5,137.0,137.5,137.0,137.5,338.0,408.0,7282.0,5527.0,False
2603,2022-10-21 09:33:10.601095,-0.0036363636363636598,-0.0036363636363636598,-0.5,-0.5,137.0,137.5,137.0,137.5,336.0,408.0,7282.0,5527.0,False
2603,2022-10-21 09:33:10.862468,-0.0036363636363636598,-0.0036363636363636598,-0.5,-0.5,137.0,137.5,137.0,137.5,336.0,408.0,7282.0,5527.0,False
2603,2022-10-21 09:33:11.032633,-0.0036363636363636598,-0.0036363636363636598,-0.5,-0.5,137.0,137.5,137.0,137.5,326.0,408.0,7282.0,5527.0,False
2603,2022-10-21 09:33:11.203701,-0.0036363636363636598,-0.0036363636363636598,-0.5,-0.5,137.0,137.5,137.0,137.5,327.0,408.0,7282.0,5527.0,False
2603,2022-10-21 09:33:11.383393,-0.0036363636363636598,-0.0036363636363636598,-0.5,-0.5,137.0,137.5,137.0,137.5,328.0,408.0,7282.0,5527.0,False
2603,2022-10-21 09:33:11.592073,-0.0036363636363636598,-0.0036363636363636598,-0.5,-0.5,137.0,137.5,137.0,137.5,328.0,408.0,7282.0,5527.0,False
2603,2022-10-21 09:33:11.640895,-0.0036363636363636598,-0.0036363636363636598,-0.5,-0.5,137.0,137.5,137.0,137.5,328.0,408.0,7282.0,5527.0,False
2603,2022-10-21 09:33:12.138057,-0.0036363636363636598,-0.0036363636363636598,-0.5,-0.5,137.0,137.5,137.0,137.5,328.0,404.0,7282.0,5527.0,False
2603,2022-10-21 09:33:13.251837,-0.0036363636363636598,-0.0036363636363636598,-0.5,-0.5,137.0,137.5,137.0,137.5,328.0,404.0,7282.0,5527.0,False
2603,2022-10-21 09:33:13.440873,-0.0036363636363636598,-0.0036363636363636598,-0.5,-0.5,137.0,137.5,137.0,137.5,328.0,404.0,7282.0,5607.0,True
2603,2022-10-21 09:33:14.111832,-0.0036363636363636598,-0.0036363636363636598,-0.5,-0.5,137.0,137.5,137.0,137.5,327.0,404.0,7282.0,5607.0,False
2603,2022-10-21 09:33:14.921866,-0.0036363636363636598,-0.0036363636363636598,-0.5,-0.5,137.0,137.5,137.0,137.5,327.0,404.0,7282.0,5607.0,False
2603,2022-10-21 09:33:15.516023,-0.0036363636363636598,-0.0036363636363636598,-0.5,-0.5,137.0,137.5,137.0,137.5,327.0,404.0,7282.0,5607.0,False
2603,2022-10-21 09:33:15.778693,-0.0036363636363636598,-0.0036363636363636598,-0.5,-0.5,137.0,137.5,137.0,137.5,327.0,404.0,7282.0,5607.0,False
2603,2022-10-21 09:33:15.978758,-0.0036363636363636598,-0.0036363636363636598,-0.5,-0.5,137.0,137.5,137.0,137.5,327.0,405.0,7282.0,5607.0,False
2603,2022-10-21 09:33:16.330634,-0.0036363636363636598,-0.0036363636363636598,-0.5,-0.5,137.0,137.5,137.0,137.5,327.0,405.0,7282.0,5607.0,False
2603,2022-10-21 09:33:17.385439,-0.0036363636363636598,-0.0036363636363636598,-0.5,-0.5,137.0,137.5,137.0,137.5,327.0,407.0,7282.0,5607.0,False
2603,2022-10-21 09:33:18.644559,-0.0036363636363636598,-0.0036363636363636598,-0.5,-0.5,137.0,137.5,137.0,137.5,327.0,407.0,7282.0,5607.0,False
2603,2022-10-21 09:33:19.533912,-0.0036363636363636598,-0.0036363636363636598,-0.5,-0.5,137.0,137.5,137.0,137.5,328.0,407.0,7282.0,5607.0,False
2603,2022-10-21 09:33:20.622228,-0.0036363636363636598,-0.0036363636363636598,-0.5,-0.5,137.0,137.5,137.0,137.5,327.0,406.0,7282.0,5607.0,False
2603,2022-10-21 09:33:20.855163,-0.0036363636363636598,-0.0036363636363636598,-0.5,-0.5,137.0,137.5,137.0,137.5,325.0,406.0,7282.0,5607.0,False
2603,2022-10-21 09:33:21.186952,-0.0036363636363636598,-0.0036363636363636598,-0.5,-0.5,137.0,137.5,137.0,137.5,325.0,406.0,7282.0,5607.0,False
2603,2022-10-21 09:33:23.160189,-0.0036363636363636598,-0.0036363636363636598,-0.5,-0.5,137.0,137.5,137.0,137.5,325.0,405.0,7282.0,5607.0,False
2603,2022-10-21 09:33:23.219846,-0.0036363636363636598,-0.0036363636363636598,-0.5,-0.5,137.0,137.5,137.0,137.5,325.0,405.0,7282.0,5607.0,False
2603,2022-10-21 09:33:23.478932,-0.0036363636363636598,-0.0036363636363636598,-0.5,-0.5,137.0,137.5,137.0,137.5,325.0,405.0,7282.0,6007.0,True
2603,2022-10-21 09:33:25.035300,-0.0036363636363636598,-0.0036363636363636598,-0.5,-0.5,137.0,137.5,137.0,137.5,326.0,405.0,7282.0,6007.0,False
2603,2022-10-21 09:33:25.924906,-0.0036363636363636598,-0.0036363636363636598,-0.5,-0.5,137.0,137.5,137.0,137.5,327.0,405.0,7282.0,6007.0,False
2603,2022-10-21 09:33:26.391404,-0.0036363636363636598,-0.0036363636363636598,-0.5,-0.5,137.0,137.5,137.0,137.5,327.0,405.0,7282.0,6007.0,False
2603,2022-10-21 09:33:26.908716,-0.0036363636363636598,-0.0036363636363636598,-0.5,-0.5,137.0,137.5,137.0,137.5,327.0,405.0,7282.0,6007.0,False
2603,2022-10-21 09:33:27.317111,-0.0036363636363636598,-0.0036363636363636598,-0.5,-0.5,137.0,137.5,137.0,137.5,327.0,405.0,7282.0,6007.0,False
2603,2022-10-21 09:33:27.403634,-0.0036363636363636598,-0.0036363636363636598,-0.5,-0.5,137.0,137.5,137.0,137.5,322.0,405.0,7282.0,6007.0,False
2603,2022-10-21 09:33:27.760232,-0.0036363636363636598,-0.0036363636363636598,-0.5,-0.5,137.0,137.5,137.0,137.5,323.0,405.0,7282.0,6007.0,False
2603,2022-10-21 09:33:28.497848,-0.0036363636363636598,-0.0036363636363636598,-0.5,-0.5,137.0,137.5,137.0,137.5,321.0,405.0,7282.0,6007.0,False
2603,2022-10-21 09:33:31.094860,-0.0036363636363636598,-0.0036363636363636598,-0.5,-0.5,137.0,137.5,137.0,137.5,321.0,405.0,7282.0,6007.0,False
2603,2022-10-21 09:33:31.564670,-0.0036363636363636598,-0.0036363636363636598,-0.5,-0.5,137.0,137.5,137.0,137.5,321.0,405.0,7282.0,6007.0,False
2603,2022-10-21 09:33:31.587688,-0.0036363636363636598,-0.0036363636363636598,-0.5,-0.5,137.0,137.5,137.0,137.5,320.0,405.0,7282.0,6007.0,False
2603,2022-10-21 09:33:31.617205,-0.0036363636363636598,-0.0036363636363636598,-0.5,-0.5,137.0,137.5,137.0,137.5,320.0,405.0,7282.0,6007.0,False
2603,2022-10-21 09:33:32.167498,-0.0036363636363636598,-0.0036363636363636598,-0.5,-0.5,137.0,137.5,137.0,137.5,318.0,405.0,7282.0,6007.0,False
2603,2022-10-21 09:33:33.524216,-0.0036363636363636598,-0.0036363636363636598,-0.5,-0.5,137.0,137.5,137.0,137.5,318.0,405.0,7283.0,6456.0,True
2603,2022-10-21 09:33:34.648213,-0.0036363636363636598,-0.0036363636363636598,-0.5,-0.5,137.0,137.5,137.0,137.5,318.0,405.0,7283.0,6456.0,False
2603,2022-10-21 09:33:35.087125,-0.0036363636363636598,-0.0036363636363636598,-0.5,-0.5,137.0,137.5,137.0,137.5,318.0,405.0,7283.0,6456.0,False
2603,2022-10-21 09:33:35.154369,-0.0036363636363636598,-0.0036363636363636598,-0.5,-0.5,137.0,137.5,137.0,137.5,300.0,405.0,7283.0,6456.0,False
2603,2022-10-21 09:33:35.562111,-0.0036363636363636598,-0.0036363636363636598,-0.5,-0.5,137.0,137.5,137.0,137.5,295.0,405.0,7283.0,6456.0,False
2603,2022-10-21 09:33:35.851706,-0.0036363636363636598,-0.0036363636363636598,-0.5,-0.5,137.0,137.5,137.0,137.5,295.0,404.0,7283.0,6456.0,False
2603,2022-10-21 09:33:35.980967,-0.0036363636363636598,-0.0036363636363636598,-0.5,-0.5,137.0,137.5,137.0,137.5,295.0,404.0,7283.0,6456.0,False
2603,2022-10-21 09:33:37.008239,-0.0036363636363636598,-0.0036363636363636598,-0.5,-0.5,137.0,137.5,137.0,137.5,295.0,404.0,7283.0,6456.0,False
2603,2022-10-21 09:33:38.821505,-0.0036363636363636598,-0.0036363636363636598,-0.5,-0.5,137.0,137.5,137.0,137.5,295.0,409.0,7283.0,6456.0,False
2603,2022-10-21 09:33:39.109333,-0.0036363636363636598,-0.0036363636363636598,-0.5,-0.5,137.0,137.5,137.0,137.5,295.0,409.0,7283.0,6456.0,False
2603,2022-10-21 09:33:40.030884,-0.0036363636363636598,-0.0036363636363636598,-0.5,-0.5,137.0,137.5,137.0,137.5,295.0,409.0,7283.0,6456.0,False
2603,2022-10-21 09:33:40.632579,-0.0036363636363636598,-0.0036363636363636598,-0.5,-0.5,137.0,137.5,137.0,137.5,295.0,409.0,7283.0,6456.0,False
2603,2022-10-21 09:33:40.762391,-0.0036363636363636598,-0.0036363636363636598,-0.5,-0.5,137.0,137.5,137.0,137.5,296.0,409.0,7283.0,6456.0,False
2603,2022-10-21 09:33:42.455193,-0.0036363636363636598,-0.0036363636363636598,-0.5,-0.5,137.0,137.5,137.0,137.5,296.0,409.0,7283.0,6456.0,False
2603,2022-10-21 09:33:42.586583,-0.0036363636363636598,-0.0036363636363636598,-0.5,-0.5,137.0,137.5,137.0,137.5,296.0,410.0,7283.0,6456.0,False
2603,2022-10-21 09:33:43.563477,-0.0036363636363636598,-0.0036363636363636598,-0.5,-0.5,137.0,137.5,137.0,137.5,296.0,410.0,7141.0,6730.0,True
2603,2022-10-21 09:33:44.990005,-0.0036363636363636598,-0.0036363636363636598,-0.5,-0.5,137.0,137.5,137.0,137.5,296.0,411.0,7141.0,6730.0,False
2603,2022-10-21 09:33:45.630383,-0.0036363636363636598,-0.0036363636363636598,-0.5,-0.5,137.0,137.5,137.0,137.5,298.0,411.0,7141.0,6730.0,False
2603,2022-10-21 09:33:45.709926,-0.0036363636363636598,-0.0036363636363636598,-0.5,-0.5,137.0,137.5,137.0,137.5,298.0,411.0,7141.0,6730.0,False
2603,2022-10-21 09:33:46.566977,-0.0036363636363636598,-0.0036363636363636598,-0.5,-0.5,137.0,137.5,137.0,137.5,296.0,411.0,7141.0,6730.0,False
2603,2022-10-21 09:33:47.383263,-0.0036363636363636598,-0.0036363636363636598,-0.5,-0.5,137.0,137.5,137.0,137.5,296.0,412.0,7141.0,6730.0,False
2603,2022-10-21 09:33:47.779046,-0.0036363636363636598,-0.0036363636363636598,-0.5,-0.5,137.0,137.5,137.0,137.5,296.0,412.0,7141.0,6730.0,False
2603,2022-10-21 09:33:47.779437,-0.0036363636363636598,-0.0036363636363636598,-0.5,-0.5,137.0,137.5,137.0,137.5,296.0,417.0,7141.0,6730.0,False
2603,2022-10-21 09:33:47.904418,-0.0036363636363636598,-0.0036363636363636598,-0.5,-0.5,137.0,137.5,137.0,137.5,296.0,417.0,7141.0,6730.0,False
2603,2022-10-21 09:33:48.245652,-0.0036363636363636598,-0.0036363636363636598,-0.5,-0.5,137.0,137.5,137.0,137.5,296.0,417.0,7141.0,6730.0,False
2603,2022-10-21 09:33:48.935878,-0.0036363636363636598,-0.0036363636363636598,-0.5,-0.5,137.0,137.5,137.0,137.5,296.0,415.0,7141.0,6730.0,False
2603,2022-10-21 09:33:49.285951,-0.0036363636363636598,-0.0036363636363636598,-0.5,-0.5,137.0,137.5,137.0,137.5,296.0,415.0,7141.0,6730.0,False
2603,2022-10-21 09:33:49.391028,-0.0036363636363636598,-0.0036363636363636598,-0.5,-0.5,137.0,137.5,137.0,137.5,296.0,415.0,7141.0,6730.0,False
2603,2022-10-21 09:33:50.421083,-0.0036363636363636598,-0.0036363636363636598,-0.5,-0.5,137.0,137.5,137.0,137.5,296.0,415.0,7141.0,6730.0,False
2603,2022-10-21 09:33:51.059005,-0.0036363636363636598,-0.0036363636363636598,-0.5,-0.5,137.0,137.5,137.0,137.5,297.0,415.0,7141.0,6730.0,False
2603,2022-10-21 09:33:51.476354,-0.0036363636363636598,-0.0036363636363636598,-0.5,-0.5,137.0,137.5,137.0,137.5,297.0,415.0,7141.0,6730.0,False
2603,2022-10-21 09:33:52.839995,-0.0036363636363636598,-0.0036363636363636598,-0.5,-0.5,137.0,137.5,137.0,137.5,297.0,415.0,7141.0,6730.0,False
2603,2022-10-21 09:33:52.886962,-0.0036363636363636598,-0.0036363636363636598,-0.5,-0.5,137.0,137.5,137.0,137.5,297.0,415.0,7141.0,6730.0,False
2603,2022-10-21 09:33:53.601791,-0.0036363636363636598,-0.0036363636363636598,-0.5,-0.5,137.0,137.5,137.0,137.5,297.0,415.0,7321.0,6730.0,True
2603,2022-10-21 09:33:54.867288,-0.0036363636363636598,-0.0036363636363636598,-0.5,-0.5,137.0,137.5,137.0,137.5,297.0,416.0,7321.0,6730.0,False
2603,2022-10-21 09:33:55.483753,-0.0036363636363636598,-0.0036363636363636598,-0.5,-0.5,137.0,137.5,137.0,137.5,297.0,416.0,7321.0,6730.0,False
2603,2022-10-21 09:33:55.548862,-0.0036363636363636598,-0.0036363636363636598,-0.5,-0.5,137.0,137.5,137.0,137.5,297.0,416.0,7321.0,6730.0,False
2603,2022-10-21 09:33:55.685035,-0.0036363636363636598,-0.0036363636363636598,-0.5,-0.5,137.0,137.5,137.0,137.5,296.0,416.0,7321.0,6730.0,False
2603,2022-10-21 09:33:55.770909,-0.0036363636363636598,-0.0036363636363636598,-0.5,-0.5,137.0,137.5,137.0,137.5,297.0,416.0,7321.0,6730.0,False
2603,2022-10-21 09:33:56.367169,-0.0036363636363636598,-0.0036363636363636598,-0.5,-0.5,137.0,137.5,137.0,137.5,297.0,417.0,7321.0,6730.0,False
2603,2022-10-21 09:33:57.503285,-0.0036363636363636598,-0.0036363636363636598,-0.5,-0.5,137.0,137.5,137.0,137.5,298.0,417.0,7321.0,6730.0,False
2603,2022-10-21 09:33:57.671081,-0.0036363636363636598,-0.0036363636363636598,-0.5,-0.5,137.0,137.5,137.0,137.5,298.0,417.0,7321.0,6730.0,False
2603,2022-10-21 09:33:59.543275,-0.0036363636363636598,-0.0036363636363636598,-0.5,-0.5,137.0,137.5,137.0,137.5,298.0,417.0,7321.0,6730.0,False
2603,2022-10-21 09:34:00.241085,-0.0036363636363636598,-0.0036363636363636598,-0.5,-0.5,137.0,137.5,137.0,137.5,298.0,417.0,7321.0,6730.0,False
2603,2022-10-21 09:34:00.584660,-0.0036363636363636598,-0.0036363636363636598,-0.5,-0.5,137.0,137.5,137.0,137.5,298.0,418.0,7321.0,6730.0,False
2603,2022-10-21 09:34:01.270047,-0.0036363636363636598,-0.0036363636363636598,-0.5,-0.5,137.0,137.5,137.0,137.5,299.0,418.0,7321.0,6730.0,False
2603,2022-10-21 09:34:03.043140,-0.0036363636363636598,-0.0036363636363636598,-0.5,-0.5,137.0,137.5,137.0,137.5,299.0,418.0,7321.0,6730.0,True
2603,2022-10-21 09:34:03.791541,-0.0036363636363636598,-0.0036363636363636598,-0.5,-0.5,137.0,137.5,137.0,137.5,297.0,418.0,7321.0,6730.0,False
2603,2022-10-21 09:34:03.813594,-0.0036363636363636598,-0.0036363636363636598,-0.5,-0.5,137.0,137.5,137.0,137.5,297.0,413.0,7321.0,6730.0,False
2603,2022-10-21 09:34:04.395526,-0.0036363636363636598,-0.0036363636363636598,-0.5,-0.5,137.0,137.5,137.0,137.5,297.0,413.0,7321.0,6730.0,False
2603,2022-10-21 09:34:05.540864,-0.0036363636363636598,-0.0036363636363636598,-0.5,-0.5,137.0,137.5,137.0,137.5,297.0,413.0,7321.0,6730.0,False
2603,2022-10-21 09:34:05.679405,-0.0036363636363636598,-0.0036363636363636598,-0.5,-0.5,137.0,137.5,137.0,137.5,297.0,413.0,7321.0,6730.0,False
2603,2022-10-21 09:34:06.868343,-0.0036363636363636598,-0.0036363636363636598,-0.5,-0.5,137.0,137.5,137.0,137.5,293.0,413.0,7321.0,6730.0,False
2603,2022-10-21 09:34:07.307377,-0.0036363636363636598,-0.0036363636363636598,-0.5,-0.5,137.0,137.5,137.0,137.5,294.0,413.0,7321.0,6730.0,False
2603,2022-10-21 09:34:08.474051,-0.0036363636363636598,-0.0036363636363636598,-0.5,-0.5,137.0,137.5,137.0,137.5,294.0,414.0,7321.0,6730.0,False
2603,2022-10-21 09:34:08.679621,-0.0036363636363636598,-0.0036363636363636598,-0.5,-0.5,137.0,137.5,137.0,137.5,295.0,414.0,7321.0,6730.0,False
2603,2022-10-21 09:34:08.756091,-0.0036363636363636598,-0.0036363636363636598,-0.5,-0.5,137.0,137.5,137.0,137.5,291.0,414.0,7321.0,6730.0,False
2603,2022-10-21 09:34:08.982904,-0.0036363636363636598,-0.0036363636363636598,-0.5,-0.5,137.0,137.5,137.0,137.5,266.0,414.0,7321.0,6730.0,False
2603,2022-10-21 09:34:08.986721,-0.0036363636363636598,-0.0036363636363636598,-0.5,-0.5,137.0,137.5,137.0,137.5,266.0,414.0,7321.0,6730.0,False
2603,2022-10-21 09:34:09.182888,-0.0036363636363636598,-0.0036363636363636598,-0.5,-0.5,137.0,137.5,137.0,137.5,266.0,414.0,7321.0,6730.0,False
2603,2022-10-21 09:34:09.280911,-0.0036363636363636598,-0.0036363636363636598,-0.5,-0.5,137.0,137.5,137.0,137.5,266.0,414.0,7321.0,6730.0,False
2603,2022-10-21 09:34:09.550128,-0.0036363636363636598,-0.0036363636363636598,-0.5,-0.5,137.0,137.5,137.0,137.5,268.0,414.0,7321.0,6730.0,False
2603,2022-10-21 09:34:09.747312,-0.0036363636363636598,-0.0036363636363636598,-0.5,-0.5,137.0,137.5,137.0,137.5,266.0,414.0,7321.0,6730.0,False
2603,2022-10-21 09:34:09.819511,-0.0036363636363636598,-0.0036363636363636598,-0.5,-0.5,137.0,137.5,137.0,137.5,267.0,414.0,7321.0,6730.0,False
2603,2022-10-21 09:34:10.171245,-0.0036363636363636598,-0.0036363636363636598,-0.5,-0.5,137.0,137.5,137.0,137.5,267.0,414.0,7321.0,6730.0,False
2603,2022-10-21 09:34:11.010902,-0.0036363636363636598,-0.0036363636363636598,-0.5,-0.5,137.0,137.5,137.0,137.5,266.0,414.0,7321.0,6730.0,False
2603,2022-10-21 09:34:11.220524,-0.0036363636363636598,-0.0036363636363636598,-0.5,-0.5,137.0,137.5,137.0,137.5,266.0,414.0,7321.0,6730.0,False
2603,2022-10-21 09:34:11.352017,-0.0036363636363636598,-0.0036363636363636598,-0.5,-0.5,137.0,137.5,137.0,137.5,266.0,414.0,7321.0,6730.0,False
2603,2022-10-21 09:34:11.736493,-0.0036363636363636598,-0.0036363636363636598,-0.5,-0.5,137.0,137.5,137.0,137.5,267.0,414.0,7321.0,6730.0,False
2603,2022-10-21 09:34:11.908002,-0.0036363636363636598,-0.0036363636363636598,-0.5,-0.5,137.0,137.5,137.0,137.5,267.0,414.0,7321.0,6730.0,False
2603,2022-10-21 09:34:11.960465,-0.0036363636363636598,-0.0036363636363636598,-0.5,-0.5,137.0,137.5,137.0,137.5,267.0,414.0,7321.0,6730.0,False
2603,2022-10-21 09:34:12.570543,-0.0036363636363636598,-0.0036363636363636598,-0.5,-0.5,137.0,137.5,137.0,137.5,267.0,414.0,7321.0,6730.0,False
2603,2022-10-21 09:34:12.813929,-0.0036363636363636598,-0.0036363636363636598,-0.5,-0.5,137.0,137.5,137.0,137.5,267.0,414.0,7321.0,6730.0,False
2603,2022-10-21 09:34:12.983726,-0.0036363636363636598,-0.0036363636363636598,-0.5,-0.5,137.0,137.5,137.0,137.5,287.0,414.0,7321.0,6730.0,False
2603,2022-10-21 09:34:13.077040,-0.0036363636363636598,-0.0036363636363636598,-0.5,-0.5,137.0,137.5,137.0,137.5,287.0,414.0,7321.0,6730.0,False
2603,2022-10-21 09:34:13.082526,-0.0036363636363636598,-0.0036363636363636598,-0.5,-0.5,137.0,137.5,137.0,137.5,287.0,414.0,7521.0,6736.0,True
2603,2022-10-21 09:34:13.713739,-0.0036363636363636598,-0.0036363636363636598,-0.5,-0.5,137.0,137.5,137.0,137.5,287.0,414.0,7521.0,6736.0,False
2603,2022-10-21 09:34:14.291641,-0.0036363636363636598,-0.0036363636363636598,-0.5,-0.5,137.0,137.5,137.0,137.5,287.0,414.0,7521.0,6736.0,False
2603,2022-10-21 09:34:14.310148,-0.0036363636363636598,-0.0036363636363636598,-0.5,-0.5,137.0,137.5,137.0,137.5,287.0,414.0,7521.0,6736.0,False
2603,2022-10-21 09:34:15.856204,-0.0036363636363636598,-0.0036363636363636598,-0.5,-0.5,137.0,137.5,137.0,137.5,287.0,414.0,7521.0,6736.0,False
2603,2022-10-21 09:34:16.623722,-0.0036363636363636598,-0.0036363636363636598,-0.5,-0.5,137.0,137.5,137.0,137.5,288.0,414.0,7521.0,6736.0,False
2603,2022-10-21 09:34:17.154049,-0.0036363636363636598,-0.0036363636363636598,-0.5,-0.5,137.0,137.5,137.0,137.5,289.0,414.0,7521.0,6736.0,False
2603,2022-10-21 09:34:17.345285,-0.0036363636363636598,-0.0036363636363636598,-0.5,-0.5,137.0,137.5,137.0,137.5,289.0,414.0,7521.0,6736.0,False
2603,2022-10-21 09:34:17.389017,-0.0036363636363636598,-0.0036363636363636598,-0.5,-0.5,137.0,137.5,137.0,137.5,289.0,419.0,7521.0,6736.0,False
2603,2022-10-21 09:34:17.538207,-0.0036363636363636598,-0.0036363636363636598,-0.5,-0.5,137.0,137.5,137.0,137.5,286.0,419.0,7521.0,6736.0,False
2603,2022-10-21 09:34:17.672299,-0.0036363636363636598,-0.0036363636363636598,-0.5,-0.5,137.0,137.5,137.0,137.5,286.0,421.0,7521.0,6736.0,False
2603,2022-10-21 09:34:18.261849,-0.0036363636363636598,-0.0036363636363636598,-0.5,-0.5,137.0,137.5,137.0,137.5,286.0,421.0,7521.0,6736.0,False
2603,2022-10-21 09:34:18.497411,-0.0036363636363636598,-0.0036363636363636598,-0.5,-0.5,137.0,137.5,137.0,137.5,286.0,421.0,7521.0,6736.0,False
2603,2022-10-21 09:34:18.504224,-0.0036363636363636598,-0.0036363636363636598,-0.5,-0.5,137.0,137.5,137.0,137.5,285.0,421.0,7521.0,6736.0,False
2603,2022-10-21 09:34:18.812995,-0.0036363636363636598,-0.0036363636363636598,-0.5,-0.5,137.0,137.5,137.0,137.5,284.0,421.0,7521.0,6736.0,False
2603,2022-10-21 09:34:18.920996,-0.0036363636363636598,-0.0036363636363636598,-0.5,-0.5,137.0,137.5,137.0,137.5,283.0,420.0,7521.0,6736.0,False
2603,2022-10-21 09:34:19.159068,-0.0036363636363636598,-0.0036363636363636598,-0.5,-0.5,137.0,137.5,137.0,137.5,283.0,419.0,7521.0,6736.0,False
2603,2022-10-21 09:34:19.455989,-0.0036363636363636598,-0.0036363636363636598,-0.5,-0.5,137.0,137.5,137.0,137.5,283.0,419.0,7521.0,6736.0,False
2603,2022-10-21 09:34:19.615852,-0.0036363636363636598,-0.0036363636363636598,-0.5,-0.5,137.0,137.5,137.0,137.5,282.0,419.0,7521.0,6736.0,False
2603,2022-10-21 09:34:20.601590,-0.0036363636363636598,-0.0036363636363636598,-0.5,-0.5,137.0,137.5,137.0,137.5,282.0,419.0,7521.0,6736.0,False
2603,2022-10-21 09:34:20.618281,-0.0036363636363636598,-0.0036363636363636598,-0.5,-0.5,137.0,137.5,137.0,137.5,281.0,419.0,7521.0,6736.0,False
2603,2022-10-21 09:34:21.752657,-0.0036363636363636598,-0.0036363636363636598,-0.5,-0.5,137.0,137.5,137.0,137.5,281.0,413.0,7521.0,6736.0,False
2603,2022-10-21 09:34:22.077291,-0.0036363636363636598,-0.0036363636363636598,-0.5,-0.5,137.0,137.5,137.0,137.5,281.0,413.0,7521.0,6736.0,False
2603,2022-10-21 09:34:22.140335,-0.0036363636363636598,-0.0036363636363636598,-0.5,-0.5,137.0,137.5,137.0,137.5,281.0,413.0,7521.0,6736.0,False
2603,2022-10-21 09:34:23.119859,-0.0036363636363636598,-0.0036363636363636598,-0.5,-0.5,137.0,137.5,137.0,137.5,281.0,413.0,7321.0,7136.0,True
2603,2022-10-21 09:34:23.148419,-0.0036363636363636598,-0.0036363636363636598,-0.5,-0.5,137.0,137.5,137.0,137.5,280.0,412.0,7321.0,7136.0,False
2603,2022-10-21 09:34:23.584435,-0.0036363636363636598,-0.0036363636363636598,-0.5,-0.5,137.0,137.5,137.0,137.5,280.0,412.0,7321.0,7136.0,False
2603,2022-10-21 09:34:23.894594,-0.0036363636363636598,-0.0036363636363636598,-0.5,-0.5,137.0,137.5,137.0,137.5,280.0,412.0,7321.0,7136.0,False
2603,2022-10-21 09:34:23.956241,-0.0036363636363636598,-0.0036363636363636598,-0.5,-0.5,137.0,137.5,137.0,137.5,280.0,412.0,7321.0,7136.0,False
2603,2022-10-21 09:34:24.190090,-0.0036363636363636598,-0.0036363636363636598,-0.5,-0.5,137.0,137.5,137.0,137.5,280.0,413.0,7321.0,7136.0,False
2603,2022-10-21 09:34:24.646775,-0.0036363636363636598,-0.0036363636363636598,-0.5,-0.5,137.0,137.5,137.0,137.5,281.0,413.0,7321.0,7136.0,False
2603,2022-10-21 09:34:25.518758,-0.0036363636363636598,-0.0036363636363636598,-0.5,-0.5,137.0,137.5,137.0,137.5,281.0,413.0,7321.0,7136.0,False
2603,2022-10-21 09:34:25.689150,-0.0036363636363636598,-0.0036363636363636598,-0.5,-0.5,137.0,137.5,137.0,137.5,281.0,413.0,7321.0,7136.0,False
2603,2022-10-21 09:34:26.094085,-0.0036363636363636598,-0.0036363636363636598,-0.5,-0.5,137.0,137.5,137.0,137.5,282.0,413.0,7321.0,7136.0,False
2603,2022-10-21 09:34:26.100579,-0.0036363636363636598,-0.0036363636363636598,-0.5,-0.5,137.0,137.5,137.0,137.5,280.0,413.0,7321.0,7136.0,False
2603,2022-10-21 09:34:27.589259,-0.0036363636363636598,-0.0036363636363636598,-0.5,-0.5,137.0,137.5,137.0,137.5,279.0,413.0,7321.0,7136.0,False
2603,2022-10-21 09:34:28.159918,-0.0036363636363636598,-0.0036363636363636598,-0.5,-0.5,137.0,137.5,137.0,137.5,279.0,412.0,7321.0,7136.0,False
2603,2022-10-21 09:34:28.589066,-0.0036363636363636598,-0.0036363636363636598,-0.5,-0.5,137.0,137.5,137.0,137.5,279.0,412.0,7321.0,7136.0,False
2603,2022-10-21 09:34:28.631121,-0.0036363636363636598,-0.0036363636363636598,-0.5,-0.5,137.0,137.5,137.0,137.5,279.0,429.0,7321.0,7136.0,False
2603,2022-10-21 09:34:28.706884,-0.0036363636363636598,-0.0036363636363636598,-0.5,-0.5,137.0,137.5,137.0,137.5,279.0,430.0,7321.0,7136.0,False
2603,2022-10-21 09:34:28.919272,-0.0036363636363636598,-0.0036363636363636598,-0.5,-0.5,137.0,137.5,137.0,137.5,279.0,430.0,7321.0,7136.0,False
2603,2022-10-21 09:34:29.520859,-0.0036363636363636598,-0.0036363636363636598,-0.5,-0.5,137.0,137.5,137.0,137.5,279.0,430.0,7321.0,7136.0,False
2603,2022-10-21 09:34:29.795202,-0.0036363636363636598,-0.0036363636363636598,-0.5,-0.5,137.0,137.5,137.0,137.5,278.0,430.0,7321.0,7136.0,False
2603,2022-10-21 09:34:30.231394,-0.0036363636363636598,-0.0036363636363636598,-0.5,-0.5,137.0,137.5,137.0,137.5,278.0,430.0,7321.0,7136.0,False
2603,2022-10-21 09:34:30.666021,-0.0036363636363636598,-0.0036363636363636598,-0.5,-0.5,137.0,137.5,137.0,137.5,278.0,430.0,7321.0,7136.0,False
2603,2022-10-21 09:34:30.874081,-0.0036363636363636598,-0.0036363636363636598,-0.5,-0.5,137.0,137.5,137.0,137.5,278.0,430.0,7321.0,7136.0,False
2603,2022-10-21 09:34:31.707555,-0.0036363636363636598,-0.0036363636363636598,-0.5,-0.5,137.0,137.5,137.0,137.5,278.0,430.0,7321.0,7136.0,False
2603,2022-10-21 09:34:32.520221,-0.0036363636363636598,-0.0036363636363636598,-0.5,-0.5,137.0,137.5,137.0,137.5,278.0,431.0,7321.0,7136.0,False
2603,2022-10-21 09:34:33.157830,-0.0036363636363636598,-0.0036363636363636598,-0.5,-0.5,137.0,137.5,137.0,137.5,278.0,431.0,7121.0,6336.0,True
2603,2022-10-21 09:34:33.707345,-0.0036363636363636598,-0.0036363636363636598,-0.5,-0.5,137.0,137.5,137.0,137.5,279.0,431.0,7121.0,6336.0,False
2603,2022-10-21 09:34:33.875296,-0.0036363636363636598,-0.0036363636363636598,-0.5,-0.5,137.0,137.5,137.0,137.5,279.0,431.0,7121.0,6336.0,False
2603,2022-10-21 09:34:34.759667,-0.0036363636363636598,-0.0036363636363636598,-0.5,-0.5,137.0,137.5,137.0,137.5,279.0,429.0,7121.0,6336.0,False
2603,2022-10-21 09:34:35.470621,-0.0036363636363636598,-0.0036363636363636598,-0.5,-0.5,137.0,137.5,137.0,137.5,280.0,429.0,7121.0,6336.0,False
2603,2022-10-21 09:34:35.677267,-0.0036363636363636598,-0.0036363636363636598,-0.5,-0.5,137.0,137.5,137.0,137.5,280.0,427.0,7121.0,6336.0,False
2603,2022-10-21 09:34:35.733811,-0.0036363636363636598,-0.0036363636363636598,-0.5,-0.5,137.0,137.5,137.0,137.5,285.0,427.0,7121.0,6336.0,False
2603,2022-10-21 09:34:35.991456,-0.0036363636363636598,-0.0036363636363636598,-0.5,-0.5,137.0,137.5,137.0,137.5,285.0,431.0,7121.0,6336.0,False
2603,2022-10-21 09:34:36.534998,-0.0036363636363636598,-0.0036363636363636598,-0.5,-0.5,137.0,137.5,137.0,137.5,284.0,431.0,7121.0,6336.0,False
2603,2022-10-21 09:34:36.712796,-0.0036363636363636598,-0.0036363636363636598,-0.5,-0.5,137.0,137.5,137.0,137.5,283.0,431.0,7121.0,6336.0,False
2603,2022-10-21 09:34:37.244139,-0.0036363636363636598,-0.0036363636363636598,-0.5,-0.5,137.0,137.5,137.0,137.5,281.0,431.0,7121.0,6336.0,False
2603,2022-10-21 09:34:37.492461,-0.0036363636363636598,-0.0036363636363636598,-0.5,-0.5,137.0,137.5,137.0,137.5,281.0,431.0,7121.0,6336.0,False
2603,2022-10-21 09:34:37.546696,-0.0036363636363636598,-0.0036363636363636598,-0.5,-0.5,137.0,137.5,137.0,137.5,281.0,432.0,7121.0,6336.0,False
2603,2022-10-21 09:34:38.933970,-0.0036363636363636598,-0.0036363636363636598,-0.5,-0.5,137.0,137.5,137.0,137.5,281.0,432.0,7121.0,6336.0,False
2603,2022-10-21 09:34:39.114300,-0.0036363636363636598,-0.0036363636363636598,-0.5,-0.5,137.0,137.5,137.0,137.5,281.0,432.0,7121.0,6336.0,False
2603,2022-10-21 09:34:39.492895,-0.0036363636363636598,-0.0036363636363636598,-0.5,-0.5,137.0,137.5,137.0,137.5,281.0,432.0,7121.0,6336.0,False
2603,2022-10-21 09:34:39.885950,-0.0036363636363636598,-0.0036363636363636598,-0.5,-0.5,137.0,137.5,137.0,137.5,281.0,432.0,7121.0,6336.0,False
2603,2022-10-21 09:34:40.376480,-0.0036363636363636598,-0.0036363636363636598,-0.5,-0.5,137.0,137.5,137.0,137.5,281.0,432.0,7121.0,6336.0,False
2603,2022-10-21 09:34:40.598834,-0.0036363636363636598,-0.0036363636363636598,-0.5,-0.5,137.0,137.5,137.0,137.5,281.0,432.0,7121.0,6336.0,False
2603,2022-10-21 09:34:41.382551,-0.0036363636363636598,-0.0036363636363636598,-0.5,-0.5,137.0,137.5,137.0,137.5,283.0,432.0,7121.0,6336.0,False
2603,2022-10-21 09:34:41.438274,-0.0036363636363636598,-0.0036363636363636598,-0.5,-0.5,137.0,137.5,137.0,137.5,285.0,432.0,7121.0,6336.0,False
2603,2022-10-21 09:34:42.350995,-0.0036363636363636598,-0.0036363636363636598,-0.5,-0.5,137.0,137.5,137.0,137.5,285.0,432.0,7121.0,6336.0,False
2603,2022-10-21 09:34:42.706359,-0.0036363636363636598,-0.0036363636363636598,-0.5,-0.5,137.0,137.5,137.0,137.5,285.0,432.0,7121.0,6336.0,False
2603,2022-10-21 09:34:43.195386,-0.0036363636363636598,-0.0036363636363636598,-0.5,-0.5,137.0,137.5,137.0,137.5,285.0,432.0,7121.0,6236.0,True
2603,2022-10-21 09:34:43.301653,-0.0036363636363636598,-0.0036363636363636598,-0.5,-0.5,137.0,137.5,137.0,137.5,284.0,432.0,7121.0,6236.0,False
2603,2022-10-21 09:34:43.886654,-0.0036363636363636598,-0.0036363636363636598,-0.5,-0.5,137.0,137.5,137.0,137.5,285.0,432.0,7121.0,6236.0,False
2603,2022-10-21 09:34:43.910749,-0.0036363636363636598,-0.0036363636363636598,-0.5,-0.5,137.0,137.5,137.0,137.5,285.0,410.0,7121.0,6236.0,False
2603,2022-10-21 09:34:44.362405,-0.0036363636363636598,-0.0036363636363636598,-0.5,-0.5,137.0,137.5,137.0,137.5,285.0,410.0,7121.0,6236.0,False
2603,2022-10-21 09:34:45.184480,-0.0036363636363636598,-0.0036363636363636598,-0.5,-0.5,137.0,137.5,137.0,137.5,286.0,410.0,7121.0,6236.0,False
2603,2022-10-21 09:34:45.360996,-0.0036363636363636598,-0.0036363636363636598,-0.5,-0.5,137.0,137.5,137.0,137.5,286.0,409.0,7121.0,6236.0,False
2603,2022-10-21 09:34:45.883142,-0.0036363636363636598,-0.0036363636363636598,-0.5,-0.5,137.0,137.5,137.0,137.5,286.0,409.0,7121.0,6236.0,False
2603,2022-10-21 09:34:46.823572,-0.0036363636363636598,-0.0036363636363636598,-0.5,-0.5,137.0,137.5,137.0,137.5,286.0,409.0,7121.0,6236.0,False
2603,2022-10-21 09:34:47.240821,-0.0036363636363636598,-0.0036363636363636598,-0.5,-0.5,137.0,137.5,137.0,137.5,286.0,409.0,7121.0,6236.0,False
2603,2022-10-21 09:34:48.523848,-0.0036363636363636598,-0.0036363636363636598,-0.5,-0.5,137.0,137.5,137.0,137.5,286.0,409.0,7121.0,6236.0,False
2603,2022-10-21 09:34:48.549716,-0.0036363636363636598,-0.0036363636363636598,-0.5,-0.5,137.0,137.5,137.0,137.5,287.0,409.0,7121.0,6236.0,False
2603,2022-10-21 09:34:49.363619,-0.0036363636363636598,-0.0036363636363636598,-0.5,-0.5,137.0,137.5,137.0,137.5,287.0,409.0,7121.0,6236.0,False
2603,2022-10-21 09:34:49.774704,-0.0036363636363636598,-0.0036363636363636598,-0.5,-0.5,137.0,137.5,137.0,137.5,289.0,409.0,7121.0,6236.0,False
2603,2022-10-21 09:34:49.803535,-0.0036363636363636598,-0.0036363636363636598,-0.5,-0.5,137.0,137.5,137.0,137.5,289.0,409.0,7121.0,6236.0,False
2603,2022-10-21 09:34:51.093927,-0.0036363636363636598,-0.0036363636363636598,-0.5,-0.5,137.0,137.5,137.0,137.5,289.0,409.0,7121.0,6236.0,False
2603,2022-10-21 09:34:52.885928,-0.0036363636363636598,-0.0036363636363636598,-0.5,-0.5,137.0,137.5,137.0,137.5,289.0,408.0,7121.0,6236.0,False
2603,2022-10-21 09:34:53.687865,-0.0036363636363636598,-0.0036363636363636598,-0.5,-0.5,137.0,137.5,137.0,137.5,289.0,408.0,7121.0,6236.0,False
2603,2022-10-21 09:34:54.730730,-0.0036363636363636598,-0.0036363636363636598,-0.5,-0.5,137.0,137.5,137.0,137.5,289.0,408.0,7121.0,6236.0,False
2603,2022-10-21 09:34:55.035742,-0.0036363636363636598,-0.0036363636363636598,-0.5,-0.5,137.0,137.5,137.0,137.5,290.0,408.0,7121.0,6236.0,False
2603,2022-10-21 09:34:55.434940,-0.0036363636363636598,-0.0036363636363636598,-0.5,-0.5,137.0,137.5,137.0,137.5,310.0,408.0,7121.0,6236.0,False
2603,2022-10-21 09:34:55.593070,-0.0036363636363636598,-0.0036363636363636598,-0.5,-0.5,137.0,137.5,137.0,137.5,312.0,408.0,7121.0,6236.0,False
2603,2022-10-21 09:34:55.716425,-0.0036363636363636598,-0.0036363636363636598,-0.5,-0.5,137.0,137.5,137.0,137.5,312.0,408.0,7121.0,6236.0,False
2603,2022-10-21 09:34:56.007162,-0.0036363636363636598,-0.0036363636363636598,-0.5,-0.5,137.0,137.5,137.0,137.5,312.0,408.0,7121.0,6236.0,False
2603,2022-10-21 09:34:56.943540,-0.0036363636363636598,-0.0036363636363636598,-0.5,-0.5,137.0,137.5,137.0,137.5,312.0,408.0,7121.0,6236.0,False
2603,2022-10-21 09:34:57.223131,-0.0036363636363636598,-0.0036363636363636598,-0.5,-0.5,137.0,137.5,137.0,137.5,312.0,408.0,7121.0,6236.0,False
2603,2022-10-21 09:34:57.567920,-0.0036363636363636598,-0.0036363636363636598,-0.5,-0.5,137.0,137.5,137.0,137.5,312.0,408.0,7121.0,6236.0,False
2603,2022-10-21 09:34:57.937432,-0.0036363636363636598,-0.0036363636363636598,-0.5,-0.5,137.0,137.5,137.0,137.5,317.0,408.0,7121.0,6236.0,False
2603,2022-10-21 09:34:58.031898,-0.0036363636363636598,-0.0036363636363636598,-0.5,-0.5,137.0,137.5,137.0,137.5,320.0,408.0,7121.0,6236.0,False
2603,2022-10-21 09:34:58.641229,-0.0036363636363636598,-0.0036363636363636598,-0.5,-0.5,137.0,137.5,137.0,137.5,320.0,408.0,7121.0,6236.0,False
