symbol,datetime,NaOb_r,NbOa_r,NaOb_s,NbOa_s,bid1,ask1,odd_bid1,odd_ask11,bidQty1,askQty1,odd_bidQty1,odd_ask1Qty1,triggerbyOdd
2618,2022-10-21 11:45:19.802580,0.0,-0.004246284501061681,0.0,-0.10000000000000142,23.45,23.5,23.5,23.55,277.0,207.0,8068.0,185.0,True
2618,2022-10-21 11:45:20.372148,0.0,-0.004246284501061681,0.0,-0.10000000000000142,23.45,23.5,23.5,23.55,277.0,206.0,8068.0,185.0,False
2618,2022-10-21 11:45:20.536914,0.0,-0.004246284501061681,0.0,-0.10000000000000142,23.45,23.5,23.5,23.55,277.0,206.0,8068.0,185.0,False
2618,2022-10-21 11:45:20.710165,0.0,-0.004246284501061681,0.0,-0.10000000000000142,23.45,23.5,23.5,23.55,278.0,206.0,8068.0,185.0,False
2618,2022-10-21 11:45:20.714843,0.0,-0.004246284501061681,0.0,-0.10000000000000142,23.45,23.5,23.5,23.55,278.0,206.0,8068.0,185.0,False
2618,2022-10-21 11:45:21.013118,0.0,-0.004246284501061681,0.0,-0.10000000000000142,23.45,23.5,23.5,23.55,273.0,206.0,8068.0,185.0,False
2618,2022-10-21 11:45:23.045553,0.0,-0.004246284501061681,0.0,-0.10000000000000142,23.45,23.5,23.5,23.55,274.0,206.0,8068.0,185.0,False
2618,2022-10-21 11:45:24.147657,0.0,-0.004246284501061681,0.0,-0.10000000000000142,23.45,23.5,23.5,23.55,273.0,206.0,8068.0,185.0,False
2618,2022-10-21 11:45:25.104814,0.0,-0.004246284501061681,0.0,-0.10000000000000142,23.45,23.5,23.5,23.55,273.0,206.0,8068.0,185.0,False
2618,2022-10-21 11:45:25.161190,0.0,-0.004246284501061681,0.0,-0.10000000000000142,23.45,23.5,23.5,23.55,274.0,206.0,8068.0,185.0,False
2618,2022-10-21 11:45:25.705951,0.0,-0.004246284501061681,0.0,-0.10000000000000142,23.45,23.5,23.5,23.55,273.0,206.0,8068.0,185.0,False
2618,2022-10-21 11:45:26.112110,0.0,-0.004246284501061681,0.0,-0.10000000000000142,23.45,23.5,23.5,23.55,272.0,206.0,8068.0,185.0,False
2618,2022-10-21 11:45:26.120500,0.0,-0.004246284501061681,0.0,-0.10000000000000142,23.45,23.5,23.5,23.55,271.0,206.0,8068.0,185.0,False
2618,2022-10-21 11:45:26.140546,0.0,-0.004246284501061681,0.0,-0.10000000000000142,23.45,23.5,23.5,23.55,271.0,212.0,8068.0,185.0,False
2618,2022-10-21 11:45:27.468850,0.0,-0.004246284501061681,0.0,-0.10000000000000142,23.45,23.5,23.5,23.55,271.0,212.0,8068.0,185.0,False
2618,2022-10-21 11:45:29.070344,0.0,-0.004246284501061681,0.0,-0.10000000000000142,23.45,23.5,23.5,23.55,271.0,212.0,8068.0,185.0,False
2618,2022-10-21 11:45:31.545247,0.0,-0.004246284501061681,0.0,-0.10000000000000142,23.45,23.5,23.5,23.55,271.0,212.0,8068.0,185.0,False
2618,2022-10-21 11:45:31.660318,0.0,-0.004246284501061681,0.0,-0.10000000000000142,23.45,23.5,23.5,23.55,271.0,212.0,8068.0,185.0,False
2618,2022-10-21 11:45:31.687621,0.0,-0.004246284501061681,0.0,-0.10000000000000142,23.45,23.5,23.5,23.55,271.0,206.0,8068.0,185.0,False
2618,2022-10-21 11:45:32.112409,0.0,-0.004246284501061681,0.0,-0.10000000000000142,23.45,23.5,23.5,23.55,272.0,206.0,8068.0,185.0,False
2618,2022-10-21 11:45:32.758396,0.0,-0.004246284501061681,0.0,-0.10000000000000142,23.45,23.5,23.5,23.55,272.0,205.0,8068.0,185.0,False
2618,2022-10-21 11:45:33.465485,0.0,-0.004246284501061681,0.0,-0.10000000000000142,23.45,23.5,23.5,23.55,272.0,207.0,8068.0,185.0,False
2618,2022-10-21 11:45:36.050542,0.0,-0.004246284501061681,0.0,-0.10000000000000142,23.45,23.5,23.5,23.55,271.0,207.0,8068.0,185.0,False
2618,2022-10-21 11:45:36.083237,0.0,-0.004246284501061681,0.0,-0.10000000000000142,23.45,23.5,23.5,23.55,271.0,213.0,8068.0,185.0,False
2618,2022-10-21 11:45:36.717806,0.0,-0.004246284501061681,0.0,-0.10000000000000142,23.45,23.5,23.5,23.55,271.0,213.0,8068.0,185.0,False
2618,2022-10-21 11:45:40.093991,0.0,-0.004246284501061681,0.0,-0.10000000000000142,23.45,23.5,23.5,23.55,270.0,213.0,8068.0,185.0,False
2618,2022-10-21 11:45:40.120473,0.0,-0.004246284501061681,0.0,-0.10000000000000142,23.45,23.5,23.5,23.55,271.0,213.0,8068.0,185.0,False
2618,2022-10-21 11:45:40.448251,0.0,-0.004246284501061681,0.0,-0.10000000000000142,23.45,23.5,23.5,23.55,277.0,213.0,8068.0,185.0,False
2618,2022-10-21 11:45:40.477427,0.0,-0.004246284501061681,0.0,-0.10000000000000142,23.45,23.5,23.5,23.55,277.0,207.0,8068.0,185.0,False
2618,2022-10-21 11:45:42.903427,0.0,-0.004246284501061681,0.0,-0.10000000000000142,23.45,23.5,23.5,23.55,277.0,207.0,8068.0,185.0,False
2618,2022-10-21 11:45:43.206266,0.0,-0.004246284501061681,0.0,-0.10000000000000142,23.45,23.5,23.5,23.55,277.0,207.0,8068.0,185.0,False
2618,2022-10-21 11:45:43.273924,0.0,-0.004246284501061681,0.0,-0.10000000000000142,23.45,23.5,23.5,23.55,277.0,207.0,8068.0,185.0,False
2618,2022-10-21 11:45:45.994198,0.0,-0.004246284501061681,0.0,-0.10000000000000142,23.45,23.5,23.5,23.55,276.0,207.0,8068.0,185.0,False
2618,2022-10-21 11:45:48.604939,0.0,-0.004246284501061681,0.0,-0.10000000000000142,23.45,23.5,23.5,23.55,276.0,207.0,8068.0,185.0,False
2618,2022-10-21 11:45:48.947953,0.0,-0.004246284501061681,0.0,-0.10000000000000142,23.45,23.5,23.5,23.55,276.0,206.0,8068.0,185.0,False
2618,2022-10-21 11:45:49.506440,0.0,-0.004246284501061681,0.0,-0.10000000000000142,23.45,23.5,23.5,23.55,276.0,206.0,8068.0,185.0,False
2618,2022-10-21 11:45:53.255682,0.0,-0.004246284501061681,0.0,-0.10000000000000142,23.45,23.5,23.5,23.55,277.0,206.0,8068.0,185.0,False
2618,2022-10-21 11:45:54.084924,0.0,-0.004246284501061681,0.0,-0.10000000000000142,23.45,23.5,23.5,23.55,276.0,206.0,8068.0,185.0,False
2618,2022-10-21 11:45:55.371387,0.0,-0.004246284501061681,0.0,-0.10000000000000142,23.45,23.5,23.5,23.55,276.0,205.0,8068.0,185.0,False
2618,2022-10-21 11:45:56.052675,0.0,-0.004246284501061681,0.0,-0.10000000000000142,23.45,23.5,23.5,23.55,275.0,205.0,8068.0,185.0,False
2618,2022-10-21 11:45:56.766302,0.0,-0.004246284501061681,0.0,-0.10000000000000142,23.45,23.5,23.5,23.55,275.0,205.0,8068.0,185.0,False
2618,2022-10-21 11:45:59.134330,0.0,-0.004246284501061681,0.0,-0.10000000000000142,23.45,23.5,23.5,23.55,276.0,205.0,8068.0,185.0,False
2618,2022-10-21 11:45:59.910614,0.0,-0.004246284501061681,0.0,-0.10000000000000142,23.45,23.5,23.5,23.55,276.0,205.0,8168.0,185.0,True
2618,2022-10-21 11:46:00.943812,0.0,-0.004246284501061681,0.0,-0.10000000000000142,23.45,23.5,23.5,23.55,276.0,206.0,8168.0,185.0,False
2618,2022-10-21 11:46:01.934715,0.0,-0.004246284501061681,0.0,-0.10000000000000142,23.45,23.5,23.5,23.55,276.0,206.0,8168.0,185.0,False
2618,2022-10-21 11:46:02.253615,0.0,-0.004246284501061681,0.0,-0.10000000000000142,23.45,23.5,23.5,23.55,276.0,205.0,8168.0,185.0,False
2618,2022-10-21 11:46:02.608520,0.0,-0.004246284501061681,0.0,-0.10000000000000142,23.45,23.5,23.5,23.55,277.0,205.0,8168.0,185.0,False
2618,2022-10-21 11:46:03.654238,0.0,-0.004246284501061681,0.0,-0.10000000000000142,23.45,23.5,23.5,23.55,277.0,205.0,8168.0,185.0,False
2618,2022-10-21 11:46:05.123748,0.0,-0.004246284501061681,0.0,-0.10000000000000142,23.45,23.5,23.5,23.55,277.0,205.0,8168.0,185.0,False
2618,2022-10-21 11:46:05.996645,0.0,-0.004246284501061681,0.0,-0.10000000000000142,23.45,23.5,23.5,23.55,276.0,205.0,8168.0,185.0,False
2618,2022-10-21 11:46:06.933606,0.0,-0.004246284501061681,0.0,-0.10000000000000142,23.45,23.5,23.5,23.55,276.0,204.0,8168.0,185.0,False
2618,2022-10-21 11:46:08.077324,0.0,-0.004246284501061681,0.0,-0.10000000000000142,23.45,23.5,23.5,23.55,275.0,204.0,8168.0,185.0,False
2618,2022-10-21 11:46:08.097221,0.0,-0.004246284501061681,0.0,-0.10000000000000142,23.45,23.5,23.5,23.55,275.0,204.0,8168.0,185.0,False
2618,2022-10-21 11:46:08.225385,0.0,-0.004246284501061681,0.0,-0.10000000000000142,23.45,23.5,23.5,23.55,277.0,204.0,8168.0,185.0,False
2618,2022-10-21 11:46:09.341019,0.0,-0.004246284501061681,0.0,-0.10000000000000142,23.45,23.5,23.5,23.55,277.0,204.0,8168.0,185.0,True
2618,2022-10-21 11:46:09.771031,0.0,-0.004246284501061681,0.0,-0.10000000000000142,23.45,23.5,23.5,23.55,277.0,202.0,8168.0,185.0,False
2618,2022-10-21 11:46:11.708459,0.0,-0.004246284501061681,0.0,-0.10000000000000142,23.45,23.5,23.5,23.55,277.0,206.0,8168.0,185.0,False
2618,2022-10-21 11:46:16.059625,0.0,-0.004246284501061681,0.0,-0.10000000000000142,23.45,23.5,23.5,23.55,276.0,206.0,8168.0,185.0,False
2618,2022-10-21 11:46:17.263675,0.0,-0.004246284501061681,0.0,-0.10000000000000142,23.45,23.5,23.5,23.55,276.0,206.0,8168.0,185.0,False
2618,2022-10-21 11:46:18.212117,0.0,-0.004246284501061681,0.0,-0.10000000000000142,23.45,23.5,23.5,23.55,276.0,206.0,8168.0,185.0,False
2618,2022-10-21 11:46:19.670413,0.0,-0.004246284501061681,0.0,-0.10000000000000142,23.45,23.5,23.5,23.55,276.0,206.0,8168.0,185.0,False
2618,2022-10-21 11:46:20.229811,0.0,-0.004246284501061681,0.0,-0.10000000000000142,23.45,23.5,23.5,23.55,276.0,206.0,8168.0,185.0,False
2618,2022-10-21 11:46:21.973346,0.0,-0.004246284501061681,0.0,-0.10000000000000142,23.45,23.5,23.5,23.55,276.0,207.0,8168.0,185.0,False
2618,2022-10-21 11:46:22.069708,0.0,-0.004246284501061681,0.0,-0.10000000000000142,23.45,23.5,23.5,23.55,275.0,207.0,8168.0,185.0,False
2618,2022-10-21 11:46:22.726178,0.0,-0.004246284501061681,0.0,-0.10000000000000142,23.45,23.5,23.5,23.55,274.0,207.0,8168.0,185.0,False
2618,2022-10-21 11:46:22.757345,0.0,-0.004246284501061681,0.0,-0.10000000000000142,23.45,23.5,23.5,23.55,274.0,213.0,8168.0,185.0,False
2618,2022-10-21 11:46:23.438286,0.0,-0.004246284501061681,0.0,-0.10000000000000142,23.45,23.5,23.5,23.55,274.0,218.0,8168.0,185.0,False
2618,2022-10-21 11:46:23.618375,0.0,-0.004246284501061681,0.0,-0.10000000000000142,23.45,23.5,23.5,23.55,264.0,208.0,8168.0,185.0,False
2618,2022-10-21 11:46:23.649408,0.0,-0.004246284501061681,0.0,-0.10000000000000142,23.45,23.5,23.5,23.55,264.0,202.0,8168.0,185.0,False
2618,2022-10-21 11:46:24.158787,0.0,-0.004246284501061681,0.0,-0.10000000000000142,23.45,23.5,23.5,23.55,264.0,202.0,8168.0,185.0,False
2618,2022-10-21 11:46:25.935632,0.0,-0.004246284501061681,0.0,-0.10000000000000142,23.45,23.5,23.5,23.55,264.0,202.0,8168.0,185.0,False
2618,2022-10-21 11:46:26.004243,0.0,-0.004246284501061681,0.0,-0.10000000000000142,23.45,23.5,23.5,23.55,263.0,202.0,8168.0,185.0,False
2618,2022-10-21 11:46:27.468529,0.0,-0.004246284501061681,0.0,-0.10000000000000142,23.45,23.5,23.5,23.55,264.0,202.0,8168.0,185.0,False
2618,2022-10-21 11:46:28.477043,0.0,-0.004246284501061681,0.0,-0.10000000000000142,23.45,23.5,23.5,23.55,274.0,202.0,8168.0,185.0,False
2618,2022-10-21 11:46:29.772577,0.0,-0.004246284501061681,0.0,-0.10000000000000142,23.45,23.5,23.5,23.55,274.0,202.0,8168.0,185.0,False
2618,2022-10-21 11:46:31.101107,0.0,-0.004246284501061681,0.0,-0.10000000000000142,23.45,23.5,23.5,23.55,274.0,202.0,8168.0,185.0,False
2618,2022-10-21 11:46:31.593403,0.0,-0.004246284501061681,0.0,-0.10000000000000142,23.45,23.5,23.5,23.55,274.0,202.0,8168.0,185.0,False
2618,2022-10-21 11:46:31.856017,0.0,-0.004246284501061681,0.0,-0.10000000000000142,23.45,23.5,23.5,23.55,274.0,201.0,8168.0,185.0,False
2618,2022-10-21 11:46:32.683904,0.0,-0.004246284501061681,0.0,-0.10000000000000142,23.45,23.5,23.5,23.55,274.0,209.0,8168.0,185.0,False
2618,2022-10-21 11:46:34.404195,0.0,-0.004246284501061681,0.0,-0.10000000000000142,23.45,23.5,23.5,23.55,274.0,209.0,8168.0,185.0,False
2618,2022-10-21 11:46:35.152722,0.0,-0.004246284501061681,0.0,-0.10000000000000142,23.45,23.5,23.5,23.55,275.0,209.0,8168.0,185.0,False
2618,2022-10-21 11:46:35.554464,0.0,-0.004246284501061681,0.0,-0.10000000000000142,23.45,23.5,23.5,23.55,278.0,209.0,8168.0,185.0,False
2618,2022-10-21 11:46:36.133475,0.0,-0.004246284501061681,0.0,-0.10000000000000142,23.45,23.5,23.5,23.55,277.0,209.0,8168.0,185.0,False
2618,2022-10-21 11:46:36.143844,0.0,-0.004246284501061681,0.0,-0.10000000000000142,23.45,23.5,23.5,23.55,276.0,209.0,8168.0,185.0,False
2618,2022-10-21 11:46:36.172334,0.0,-0.004246284501061681,0.0,-0.10000000000000142,23.45,23.5,23.5,23.55,276.0,215.0,8168.0,185.0,False
2618,2022-10-21 11:46:38.813080,0.0,-0.004246284501061681,0.0,-0.10000000000000142,23.45,23.5,23.5,23.55,276.0,215.0,8168.0,185.0,False
2618,2022-10-21 11:46:39.935357,0.0,-0.004246284501061681,0.0,-0.10000000000000142,23.45,23.5,23.5,23.55,277.0,215.0,8168.0,185.0,False
2618,2022-10-21 11:46:39.960510,0.0,-0.004246284501061681,0.0,-0.10000000000000142,23.45,23.5,23.5,23.55,277.0,209.0,8168.0,185.0,False
2618,2022-10-21 11:46:44.089204,0.0,-0.004246284501061681,0.0,-0.10000000000000142,23.45,23.5,23.5,23.55,278.0,209.0,8168.0,185.0,False
2618,2022-10-21 11:46:44.170774,0.0,-0.004246284501061681,0.0,-0.10000000000000142,23.45,23.5,23.5,23.55,278.0,209.0,8168.0,185.0,False
2618,2022-10-21 11:46:45.206777,0.0,-0.004246284501061681,0.0,-0.10000000000000142,23.45,23.5,23.5,23.55,278.0,209.0,8168.0,185.0,False
2618,2022-10-21 11:46:45.512144,0.0,-0.004246284501061681,0.0,-0.10000000000000142,23.45,23.5,23.5,23.55,278.0,229.0,8168.0,185.0,False
2618,2022-10-21 11:46:48.033170,0.0,-0.004246284501061681,0.0,-0.10000000000000142,23.45,23.5,23.5,23.55,279.0,229.0,8168.0,185.0,False
2618,2022-10-21 11:46:50.011251,0.0,-0.004246284501061681,0.0,-0.10000000000000142,23.45,23.5,23.5,23.55,277.0,229.0,8168.0,185.0,False
2618,2022-10-21 11:46:50.099613,0.0,-0.004246284501061681,0.0,-0.10000000000000142,23.45,23.5,23.5,23.55,277.0,228.0,8168.0,185.0,False
2618,2022-10-21 11:46:51.741685,0.0,-0.004246284501061681,0.0,-0.10000000000000142,23.45,23.5,23.5,23.55,277.0,225.0,8168.0,185.0,False
2618,2022-10-21 11:46:52.434331,0.0,-0.004246284501061681,0.0,-0.10000000000000142,23.45,23.5,23.5,23.55,277.0,225.0,8168.0,185.0,False
2618,2022-10-21 11:46:53.473414,0.0,-0.004246284501061681,0.0,-0.10000000000000142,23.45,23.5,23.5,23.55,278.0,225.0,8168.0,185.0,False
2618,2022-10-21 11:46:53.745737,0.0,-0.004246284501061681,0.0,-0.10000000000000142,23.45,23.5,23.5,23.55,279.0,225.0,8168.0,185.0,False
2618,2022-10-21 11:46:54.986356,0.0,-0.004246284501061681,0.0,-0.10000000000000142,23.45,23.5,23.5,23.55,279.0,225.0,8168.0,185.0,False
2618,2022-10-21 11:46:57.620806,0.0,-0.004246284501061681,0.0,-0.10000000000000142,23.45,23.5,23.5,23.55,279.0,225.0,8168.0,185.0,False
2618,2022-10-21 11:46:57.689902,0.0,-0.004246284501061681,0.0,-0.10000000000000142,23.45,23.5,23.5,23.55,286.0,225.0,8168.0,185.0,False
2618,2022-10-21 11:46:58.017336,0.0,-0.004246284501061681,0.0,-0.10000000000000142,23.45,23.5,23.5,23.55,286.0,225.0,8168.0,185.0,False
2618,2022-10-21 11:46:58.391293,0.0,-0.004246284501061681,0.0,-0.10000000000000142,23.45,23.5,23.5,23.55,286.0,226.0,8168.0,185.0,False
2618,2022-10-21 11:46:59.496919,0.0,-0.004246284501061681,0.0,-0.10000000000000142,23.45,23.5,23.5,23.55,286.0,226.0,8168.0,185.0,True
2618,2022-10-21 11:46:59.978257,0.0,-0.004246284501061681,0.0,-0.10000000000000142,23.45,23.5,23.5,23.55,286.0,226.0,8168.0,185.0,False
2618,2022-10-21 11:47:00.451892,0.0,-0.004246284501061681,0.0,-0.10000000000000142,23.45,23.5,23.5,23.55,285.0,226.0,8168.0,185.0,False
2618,2022-10-21 11:47:00.459613,0.0,-0.004246284501061681,0.0,-0.10000000000000142,23.45,23.5,23.5,23.55,285.0,225.0,8168.0,185.0,False
2618,2022-10-21 11:47:00.481860,0.0,-0.004246284501061681,0.0,-0.10000000000000142,23.45,23.5,23.5,23.55,285.0,231.0,8168.0,185.0,False
2618,2022-10-21 11:47:00.742405,0.0,-0.004246284501061681,0.0,-0.10000000000000142,23.45,23.5,23.5,23.55,284.0,231.0,8168.0,185.0,False
2618,2022-10-21 11:47:02.185311,0.0,-0.004246284501061681,0.0,-0.10000000000000142,23.45,23.5,23.5,23.55,284.0,232.0,8168.0,185.0,False
2618,2022-10-21 11:47:02.198884,0.0,-0.004246284501061681,0.0,-0.10000000000000142,23.45,23.5,23.5,23.55,284.0,226.0,8168.0,185.0,False
2618,2022-10-21 11:47:03.421538,0.0,-0.004246284501061681,0.0,-0.10000000000000142,23.45,23.5,23.5,23.55,284.0,226.0,8168.0,185.0,False
2618,2022-10-21 11:47:04.584621,0.0,-0.004246284501061681,0.0,-0.10000000000000142,23.45,23.5,23.5,23.55,284.0,226.0,8168.0,185.0,False
2618,2022-10-21 11:47:05.646493,0.0,-0.004246284501061681,0.0,-0.10000000000000142,23.45,23.5,23.5,23.55,285.0,226.0,8168.0,185.0,False
2618,2022-10-21 11:47:05.728669,0.0,-0.004246284501061681,0.0,-0.10000000000000142,23.45,23.5,23.5,23.55,278.0,226.0,8168.0,185.0,False
2618,2022-10-21 11:47:05.754566,0.0,-0.004246284501061681,0.0,-0.10000000000000142,23.45,23.5,23.5,23.55,278.0,232.0,8168.0,185.0,False
2618,2022-10-21 11:47:06.289995,0.0,-0.004246284501061681,0.0,-0.10000000000000142,23.45,23.5,23.5,23.55,278.0,232.0,8168.0,185.0,False
2618,2022-10-21 11:47:06.317454,0.0,-0.004246284501061681,0.0,-0.10000000000000142,23.45,23.5,23.5,23.55,278.0,226.0,8168.0,185.0,False
2618,2022-10-21 11:47:07.082415,0.0,-0.004246284501061681,0.0,-0.10000000000000142,23.45,23.5,23.5,23.55,279.0,226.0,8168.0,185.0,False
2618,2022-10-21 11:47:09.768436,0.0,-0.004246284501061681,0.0,-0.10000000000000142,23.45,23.5,23.5,23.55,279.0,226.0,8168.0,185.0,False
2618,2022-10-21 11:47:11.626514,0.0,-0.004246284501061681,0.0,-0.10000000000000142,23.45,23.5,23.5,23.55,279.0,226.0,8168.0,185.0,False
2618,2022-10-21 11:47:12.185262,0.0,-0.004246284501061681,0.0,-0.10000000000000142,23.45,23.5,23.5,23.55,279.0,226.0,8168.0,185.0,False
2618,2022-10-21 11:47:12.381561,0.0,-0.004246284501061681,0.0,-0.10000000000000142,23.45,23.5,23.5,23.55,279.0,226.0,8168.0,185.0,False
2618,2022-10-21 11:47:13.440561,0.0,-0.004246284501061681,0.0,-0.10000000000000142,23.45,23.5,23.5,23.55,279.0,228.0,8168.0,185.0,False
2618,2022-10-21 11:47:13.608475,0.0,-0.004246284501061681,0.0,-0.10000000000000142,23.45,23.5,23.5,23.55,279.0,228.0,8168.0,185.0,False
2618,2022-10-21 11:47:13.810903,0.0,-0.004246284501061681,0.0,-0.10000000000000142,23.45,23.5,23.5,23.55,279.0,228.0,8168.0,185.0,False
2618,2022-10-21 11:47:13.901768,0.0,-0.004246284501061681,0.0,-0.10000000000000142,23.45,23.5,23.5,23.55,279.0,228.0,8168.0,185.0,False
2618,2022-10-21 11:47:15.198140,0.0,-0.004246284501061681,0.0,-0.10000000000000142,23.45,23.5,23.5,23.55,279.0,228.0,8168.0,185.0,False
2618,2022-10-21 11:47:15.363903,0.0,-0.004246284501061681,0.0,-0.10000000000000142,23.45,23.5,23.5,23.55,279.0,221.0,8168.0,185.0,False
2618,2022-10-21 11:47:16.392213,0.0,-0.004246284501061681,0.0,-0.10000000000000142,23.45,23.5,23.5,23.55,279.0,221.0,8168.0,185.0,False
2618,2022-10-21 11:47:17.191868,0.0,-0.004246284501061681,0.0,-0.10000000000000142,23.45,23.5,23.5,23.55,279.0,221.0,8168.0,185.0,False
2618,2022-10-21 11:47:17.716693,0.0,-0.004246284501061681,0.0,-0.10000000000000142,23.45,23.5,23.5,23.55,279.0,232.0,8168.0,185.0,False
2618,2022-10-21 11:47:17.722305,0.0,-0.004246284501061681,0.0,-0.10000000000000142,23.45,23.5,23.5,23.55,279.0,240.0,8168.0,185.0,False
2618,2022-10-21 11:47:18.017900,0.0,-0.004246284501061681,0.0,-0.10000000000000142,23.45,23.5,23.5,23.55,279.0,240.0,8168.0,185.0,False
2618,2022-10-21 11:47:20.301146,0.0,-0.004246284501061681,0.0,-0.10000000000000142,23.45,23.5,23.5,23.55,279.0,240.0,8168.0,185.0,False
2618,2022-10-21 11:47:21.027498,0.0,-0.004246284501061681,0.0,-0.10000000000000142,23.45,23.5,23.5,23.55,279.0,240.0,8168.0,185.0,False
2618,2022-10-21 11:47:21.522425,0.0,-0.004246284501061681,0.0,-0.10000000000000142,23.45,23.5,23.5,23.55,280.0,240.0,8168.0,185.0,False
2618,2022-10-21 11:47:22.465660,0.0,-0.004246284501061681,0.0,-0.10000000000000142,23.45,23.5,23.5,23.55,280.0,240.0,8168.0,185.0,False
2618,2022-10-21 11:47:23.016138,0.0,-0.004246284501061681,0.0,-0.10000000000000142,23.45,23.5,23.5,23.55,250.0,240.0,8168.0,185.0,False
2618,2022-10-21 11:47:23.049110,0.0,-0.004246284501061681,0.0,-0.10000000000000142,23.45,23.5,23.5,23.55,250.0,246.0,8168.0,185.0,False
2618,2022-10-21 11:47:23.146387,0.0,-0.004246284501061681,0.0,-0.10000000000000142,23.45,23.5,23.5,23.55,251.0,246.0,8168.0,185.0,False
2618,2022-10-21 11:47:24.571518,0.0,-0.004246284501061681,0.0,-0.10000000000000142,23.45,23.5,23.5,23.55,251.0,246.0,8168.0,185.0,False
2618,2022-10-21 11:47:25.547228,0.0,-0.004246284501061681,0.0,-0.10000000000000142,23.45,23.5,23.5,23.55,251.0,246.0,8168.0,185.0,False
2618,2022-10-21 11:47:26.520849,0.0,-0.004246284501061681,0.0,-0.10000000000000142,23.45,23.5,23.5,23.55,251.0,245.0,8168.0,185.0,False
2618,2022-10-21 11:47:26.521635,0.0,-0.004246284501061681,0.0,-0.10000000000000142,23.45,23.5,23.5,23.55,250.0,245.0,8168.0,185.0,False
2618,2022-10-21 11:47:26.556309,0.0,-0.004246284501061681,0.0,-0.10000000000000142,23.45,23.5,23.5,23.55,250.0,239.0,8168.0,185.0,False
2618,2022-10-21 11:47:28.248761,0.0,-0.004246284501061681,0.0,-0.10000000000000142,23.45,23.5,23.5,23.55,250.0,239.0,8168.0,185.0,False
2618,2022-10-21 11:47:29.313180,0.0,-0.004246284501061681,0.0,-0.10000000000000142,23.45,23.5,23.5,23.55,250.0,239.0,8168.0,185.0,False
2618,2022-10-21 11:47:29.490777,0.0,-0.004246284501061681,0.0,-0.10000000000000142,23.45,23.5,23.5,23.55,246.0,239.0,8168.0,185.0,False
2618,2022-10-21 11:47:29.509958,0.0,-0.004246284501061681,0.0,-0.10000000000000142,23.45,23.5,23.5,23.55,246.0,239.0,8168.0,185.0,False
2618,2022-10-21 11:47:29.510016,0.0,-0.004246284501061681,0.0,-0.10000000000000142,23.45,23.5,23.5,23.55,246.0,245.0,8168.0,185.0,False
2618,2022-10-21 11:47:29.588291,0.0,-0.004246284501061681,0.0,-0.10000000000000142,23.45,23.5,23.5,23.55,246.0,245.0,8168.0,174.0,True
2618,2022-10-21 11:47:31.707049,0.0,-0.004246284501061681,0.0,-0.10000000000000142,23.45,23.5,23.5,23.55,245.0,245.0,8168.0,174.0,False
2618,2022-10-21 11:47:31.713006,0.0,-0.004246284501061681,0.0,-0.10000000000000142,23.45,23.5,23.5,23.55,244.0,245.0,8168.0,174.0,False
2618,2022-10-21 11:47:31.718622,0.0,-0.004246284501061681,0.0,-0.10000000000000142,23.45,23.5,23.5,23.55,243.0,245.0,8168.0,174.0,False
2618,2022-10-21 11:47:31.726505,0.0,-0.004246284501061681,0.0,-0.10000000000000142,23.45,23.5,23.5,23.55,242.0,245.0,8168.0,174.0,False
2618,2022-10-21 11:47:31.731260,0.0,-0.004246284501061681,0.0,-0.10000000000000142,23.45,23.5,23.5,23.55,241.0,245.0,8168.0,174.0,False
2618,2022-10-21 11:47:31.736180,0.0,-0.004246284501061681,0.0,-0.10000000000000142,23.45,23.5,23.5,23.55,240.0,245.0,8168.0,174.0,False
2618,2022-10-21 11:47:31.741130,0.0,-0.004246284501061681,0.0,-0.10000000000000142,23.45,23.5,23.5,23.55,239.0,245.0,8168.0,174.0,False
2618,2022-10-21 11:47:31.743166,0.0,-0.004246284501061681,0.0,-0.10000000000000142,23.45,23.5,23.5,23.55,238.0,245.0,8168.0,174.0,False
2618,2022-10-21 11:47:31.766757,0.0,-0.004246284501061681,0.0,-0.10000000000000142,23.45,23.5,23.5,23.55,238.0,245.0,8168.0,174.0,False
2618,2022-10-21 11:47:33.919369,0.0,-0.004246284501061681,0.0,-0.10000000000000142,23.45,23.5,23.5,23.55,248.0,245.0,8168.0,174.0,False
2618,2022-10-21 11:47:33.944842,0.0,-0.004246284501061681,0.0,-0.10000000000000142,23.45,23.5,23.5,23.55,248.0,239.0,8168.0,174.0,False
2618,2022-10-21 11:47:34.190640,0.0,-0.004246284501061681,0.0,-0.10000000000000142,23.45,23.5,23.5,23.55,247.0,239.0,8168.0,174.0,False
2618,2022-10-21 11:47:34.215061,0.0,-0.004246284501061681,0.0,-0.10000000000000142,23.45,23.5,23.5,23.55,247.0,245.0,8168.0,174.0,False
2618,2022-10-21 11:47:36.144194,0.0,-0.004246284501061681,0.0,-0.10000000000000142,23.45,23.5,23.5,23.55,252.0,245.0,8168.0,174.0,False
2618,2022-10-21 11:47:36.173324,0.0,-0.004246284501061681,0.0,-0.10000000000000142,23.45,23.5,23.5,23.55,252.0,239.0,8168.0,174.0,False
2618,2022-10-21 11:47:36.201576,0.0,-0.004246284501061681,0.0,-0.10000000000000142,23.45,23.5,23.5,23.55,252.0,239.0,8168.0,174.0,False
2618,2022-10-21 11:47:38.495446,0.0,-0.004246284501061681,0.0,-0.10000000000000142,23.45,23.5,23.5,23.55,252.0,240.0,8168.0,174.0,False
2618,2022-10-21 11:47:39.627626,0.0,-0.004246284501061681,0.0,-0.10000000000000142,23.45,23.5,23.5,23.55,252.0,240.0,8368.0,115.0,True
2618,2022-10-21 11:47:40.412597,0.0,-0.004246284501061681,0.0,-0.10000000000000142,23.45,23.5,23.5,23.55,252.0,240.0,8368.0,115.0,False
2618,2022-10-21 11:47:43.021471,0.0,-0.004246284501061681,0.0,-0.10000000000000142,23.45,23.5,23.5,23.55,244.0,240.0,8368.0,115.0,False
2618,2022-10-21 11:47:43.029709,0.0,-0.004246284501061681,0.0,-0.10000000000000142,23.45,23.5,23.5,23.55,233.0,240.0,8368.0,115.0,False
2618,2022-10-21 11:47:43.043998,0.0,-0.004246284501061681,0.0,-0.10000000000000142,23.45,23.5,23.5,23.55,233.0,246.0,8368.0,115.0,False
2618,2022-10-21 11:47:44.742295,0.0,-0.004246284501061681,0.0,-0.10000000000000142,23.45,23.5,23.5,23.55,233.0,245.0,8368.0,115.0,False
2618,2022-10-21 11:47:45.332039,0.0,-0.004246284501061681,0.0,-0.10000000000000142,23.45,23.5,23.5,23.55,233.0,247.0,8368.0,115.0,False
2618,2022-10-21 11:47:46.010658,0.0,-0.004246284501061681,0.0,-0.10000000000000142,23.45,23.5,23.5,23.55,233.0,247.0,8368.0,115.0,False
2618,2022-10-21 11:47:47.087797,0.0,-0.004246284501061681,0.0,-0.10000000000000142,23.45,23.5,23.5,23.55,233.0,247.0,8368.0,115.0,False
2618,2022-10-21 11:47:47.522673,0.0,-0.004246284501061681,0.0,-0.10000000000000142,23.45,23.5,23.5,23.55,233.0,247.0,8368.0,115.0,False
2618,2022-10-21 11:47:48.848202,0.0,-0.004246284501061681,0.0,-0.10000000000000142,23.45,23.5,23.5,23.55,234.0,247.0,8368.0,115.0,False
2618,2022-10-21 11:47:49.819644,0.0,-0.004246284501061681,0.0,-0.10000000000000142,23.45,23.5,23.5,23.55,230.0,247.0,8368.0,115.0,False
2618,2022-10-21 11:47:53.872544,0.0,-0.004246284501061681,0.0,-0.10000000000000142,23.45,23.5,23.5,23.55,229.0,247.0,8368.0,115.0,False
2618,2022-10-21 11:47:54.033534,0.0,-0.004246284501061681,0.0,-0.10000000000000142,23.45,23.5,23.5,23.55,229.0,247.0,8368.0,115.0,False
2618,2022-10-21 11:47:55.357906,0.0,-0.004246284501061681,0.0,-0.10000000000000142,23.45,23.5,23.5,23.55,229.0,247.0,8368.0,115.0,False
2618,2022-10-21 11:47:55.846630,0.0,-0.004246284501061681,0.0,-0.10000000000000142,23.45,23.5,23.5,23.55,229.0,247.0,8368.0,115.0,False
2618,2022-10-21 11:47:58.757636,0.0,-0.004246284501061681,0.0,-0.10000000000000142,23.45,23.5,23.5,23.55,229.0,247.0,8368.0,115.0,False
2618,2022-10-21 11:47:59.691958,0.0,-0.004246284501061681,0.0,-0.10000000000000142,23.45,23.5,23.5,23.55,229.0,247.0,8368.0,65.0,True
2618,2022-10-21 11:48:00.281984,0.0,-0.004246284501061681,0.0,-0.10000000000000142,23.45,23.5,23.5,23.55,229.0,247.0,8368.0,65.0,False
2618,2022-10-21 11:48:00.382544,0.0,-0.004246284501061681,0.0,-0.10000000000000142,23.45,23.5,23.5,23.55,234.0,247.0,8368.0,65.0,False
2618,2022-10-21 11:48:01.072045,0.0,-0.004246284501061681,0.0,-0.10000000000000142,23.45,23.5,23.5,23.55,234.0,247.0,8368.0,65.0,False
2618,2022-10-21 11:48:01.842804,0.0,-0.004246284501061681,0.0,-0.10000000000000142,23.45,23.5,23.5,23.55,234.0,247.0,8368.0,65.0,False
2618,2022-10-21 11:48:01.869151,0.0,-0.004246284501061681,0.0,-0.10000000000000142,23.45,23.5,23.5,23.55,234.0,241.0,8368.0,65.0,False
2618,2022-10-21 11:48:02.490953,0.0,-0.004246284501061681,0.0,-0.10000000000000142,23.45,23.5,23.5,23.55,234.0,241.0,8368.0,65.0,False
2618,2022-10-21 11:48:02.648356,0.0,-0.004246284501061681,0.0,-0.10000000000000142,23.45,23.5,23.5,23.55,239.0,241.0,8368.0,65.0,False
2618,2022-10-21 11:48:04.435099,0.0,-0.004246284501061681,0.0,-0.10000000000000142,23.45,23.5,23.5,23.55,239.0,241.0,8368.0,65.0,False
2618,2022-10-21 11:48:04.608619,0.0,-0.004246284501061681,0.0,-0.10000000000000142,23.45,23.5,23.5,23.55,239.0,239.0,8368.0,65.0,False
2618,2022-10-21 11:48:05.512470,0.0,-0.004246284501061681,0.0,-0.10000000000000142,23.45,23.5,23.5,23.55,239.0,239.0,8368.0,65.0,False
2618,2022-10-21 11:48:07.395127,0.0,-0.004246284501061681,0.0,-0.10000000000000142,23.45,23.5,23.5,23.55,238.0,239.0,8368.0,65.0,False
2618,2022-10-21 11:48:10.603117,0.0,-0.004246284501061681,0.0,-0.10000000000000142,23.45,23.5,23.5,23.55,239.0,239.0,8368.0,65.0,False
2618,2022-10-21 11:48:11.070058,0.0,-0.004246284501061681,0.0,-0.10000000000000142,23.45,23.5,23.5,23.55,239.0,239.0,8368.0,65.0,False
2618,2022-10-21 11:48:14.025446,0.0,-0.004246284501061681,0.0,-0.10000000000000142,23.45,23.5,23.5,23.55,239.0,240.0,8368.0,65.0,False
2618,2022-10-21 11:48:15.361039,0.0,-0.004246284501061681,0.0,-0.10000000000000142,23.45,23.5,23.5,23.55,239.0,241.0,8368.0,65.0,False
2618,2022-10-21 11:48:16.356226,0.0,-0.004246284501061681,0.0,-0.10000000000000142,23.45,23.5,23.5,23.55,239.0,241.0,8368.0,65.0,False
2618,2022-10-21 11:48:16.509717,0.0,-0.004246284501061681,0.0,-0.10000000000000142,23.45,23.5,23.5,23.55,239.0,240.0,8368.0,65.0,False
2618,2022-10-21 11:48:18.386162,0.0,-0.004246284501061681,0.0,-0.10000000000000142,23.45,23.5,23.5,23.55,244.0,240.0,8368.0,65.0,False
2618,2022-10-21 11:48:18.414026,0.0,-0.004246284501061681,0.0,-0.10000000000000142,23.45,23.5,23.5,23.55,244.0,240.0,8368.0,65.0,False
2618,2022-10-21 11:48:18.879501,0.0,-0.004246284501061681,0.0,-0.10000000000000142,23.45,23.5,23.5,23.55,244.0,241.0,8368.0,65.0,False
2618,2022-10-21 11:48:19.508701,0.0,-0.004246284501061681,0.0,-0.10000000000000142,23.45,23.5,23.5,23.55,244.0,241.0,8368.0,65.0,False
2618,2022-10-21 11:48:20.496562,0.0,-0.004246284501061681,0.0,-0.10000000000000142,23.45,23.5,23.5,23.55,244.0,240.0,8368.0,65.0,False
2618,2022-10-21 11:48:23.813166,0.0,-0.004246284501061681,0.0,-0.10000000000000142,23.45,23.5,23.5,23.55,244.0,239.0,8368.0,65.0,False
2618,2022-10-21 11:48:27.066601,0.0,-0.004246284501061681,0.0,-0.10000000000000142,23.45,23.5,23.5,23.55,245.0,239.0,8368.0,65.0,False
2618,2022-10-21 11:48:29.252418,0.0,-0.004246284501061681,0.0,-0.10000000000000142,23.45,23.5,23.5,23.55,245.0,241.0,8368.0,65.0,False
2618,2022-10-21 11:48:30.577140,0.0,-0.004246284501061681,0.0,-0.10000000000000142,23.45,23.5,23.5,23.55,245.0,243.0,8368.0,65.0,False
2618,2022-10-21 11:48:34.942584,0.0,-0.004246284501061681,0.0,-0.10000000000000142,23.45,23.5,23.5,23.55,245.0,242.0,8368.0,65.0,False
2618,2022-10-21 11:48:37.416150,0.0,-0.004246284501061681,0.0,-0.10000000000000142,23.45,23.5,23.5,23.55,245.0,241.0,8368.0,65.0,False
2618,2022-10-21 11:48:39.580328,0.0,-0.004246284501061681,0.0,-0.10000000000000142,23.45,23.5,23.5,23.55,246.0,241.0,8368.0,65.0,False
2618,2022-10-21 11:48:41.112320,0.0,-0.004246284501061681,0.0,-0.10000000000000142,23.45,23.5,23.5,23.55,246.0,241.0,8368.0,65.0,False
2618,2022-10-21 11:48:41.530815,0.0,-0.004246284501061681,0.0,-0.10000000000000142,23.45,23.5,23.5,23.55,245.0,241.0,8368.0,65.0,False
2618,2022-10-21 11:48:46.251207,0.0,-0.004246284501061681,0.0,-0.10000000000000142,23.45,23.5,23.5,23.55,245.0,241.0,8368.0,65.0,False
2618,2022-10-21 11:48:48.315898,0.0,-0.004246284501061681,0.0,-0.10000000000000142,23.45,23.5,23.5,23.55,245.0,240.0,8368.0,65.0,False
2618,2022-10-21 11:48:51.877698,0.0,-0.004246284501061681,0.0,-0.10000000000000142,23.45,23.5,23.5,23.55,246.0,240.0,8368.0,65.0,False
2618,2022-10-21 11:48:52.780159,0.0,-0.004246284501061681,0.0,-0.10000000000000142,23.45,23.5,23.5,23.55,251.0,240.0,8368.0,65.0,False
2618,2022-10-21 11:48:52.820188,0.0,-0.004246284501061681,0.0,-0.10000000000000142,23.45,23.5,23.5,23.55,251.0,240.0,8368.0,65.0,False
2618,2022-10-21 11:48:54.308310,0.0,-0.004246284501061681,0.0,-0.10000000000000142,23.45,23.5,23.5,23.55,251.0,235.0,8368.0,65.0,False
2618,2022-10-21 11:48:56.461993,0.0,-0.004246284501061681,0.0,-0.10000000000000142,23.45,23.5,23.5,23.55,251.0,235.0,8368.0,65.0,False
2618,2022-10-21 11:48:57.983684,0.0,-0.004246284501061681,0.0,-0.10000000000000142,23.45,23.5,23.5,23.55,251.0,235.0,8368.0,65.0,False
2618,2022-10-21 11:48:58.629081,0.0,-0.004246284501061681,0.0,-0.10000000000000142,23.45,23.5,23.5,23.55,252.0,235.0,8368.0,65.0,False
2618,2022-10-21 11:48:59.875162,0.0,-0.004246284501061681,0.0,-0.10000000000000142,23.45,23.5,23.5,23.55,252.0,235.0,8368.0,65.0,True
2618,2022-10-21 11:49:00.197353,0.0,-0.004246284501061681,0.0,-0.10000000000000142,23.45,23.5,23.5,23.55,254.0,235.0,8368.0,65.0,False
2618,2022-10-21 11:49:04.191525,0.0,-0.004246284501061681,0.0,-0.10000000000000142,23.45,23.5,23.5,23.55,254.0,235.0,8368.0,65.0,False
2618,2022-10-21 11:49:04.235641,0.0,-0.004246284501061681,0.0,-0.10000000000000142,23.45,23.5,23.5,23.55,255.0,235.0,8368.0,65.0,False
2618,2022-10-21 11:49:08.537767,0.0,-0.004246284501061681,0.0,-0.10000000000000142,23.45,23.5,23.5,23.55,255.0,235.0,8368.0,65.0,False
2618,2022-10-21 11:49:08.557628,0.0,-0.004246284501061681,0.0,-0.10000000000000142,23.45,23.5,23.5,23.55,258.0,235.0,8368.0,65.0,False
2618,2022-10-21 11:49:09.024844,0.0,-0.004246284501061681,0.0,-0.10000000000000142,23.45,23.5,23.5,23.55,258.0,235.0,8368.0,65.0,False
2618,2022-10-21 11:49:09.511194,0.0021276595744681437,-0.006355932203389925,0.05000000000000071,-0.15000000000000213,23.45,23.5,23.55,23.6,258.0,235.0,135.0,25975.0,True
2618,2022-10-21 11:49:10.624792,0.0021276595744681437,-0.006355932203389925,0.05000000000000071,-0.15000000000000213,23.45,23.5,23.55,23.6,258.0,235.0,135.0,25975.0,False
2618,2022-10-21 11:49:14.295258,0.0021276595744681437,-0.006355932203389925,0.05000000000000071,-0.15000000000000213,23.45,23.5,23.55,23.6,259.0,235.0,135.0,25975.0,False
2618,2022-10-21 11:49:14.517285,0.0021276595744681437,-0.006355932203389925,0.05000000000000071,-0.15000000000000213,23.45,23.5,23.55,23.6,259.0,135.0,135.0,25975.0,False
2618,2022-10-21 11:49:14.537141,0.0021276595744681437,-0.006355932203389925,0.05000000000000071,-0.15000000000000213,23.45,23.5,23.55,23.6,259.0,125.0,135.0,25975.0,False
2618,2022-10-21 11:49:14.538985,0.0021276595744681437,-0.006355932203389925,0.05000000000000071,-0.15000000000000213,23.45,23.5,23.55,23.6,259.0,125.0,135.0,25975.0,False
2618,2022-10-21 11:49:14.597818,0.0021276595744681437,-0.006355932203389925,0.05000000000000071,-0.15000000000000213,23.45,23.5,23.55,23.6,266.0,127.0,135.0,25975.0,False
2618,2022-10-21 11:49:14.733457,0.0021276595744681437,-0.006355932203389925,0.05000000000000071,-0.15000000000000213,23.45,23.5,23.55,23.6,266.0,117.0,135.0,25975.0,False
2618,2022-10-21 11:49:14.705481,0.0021276595744681437,-0.006355932203389925,0.05000000000000071,-0.15000000000000213,23.45,23.5,23.55,23.6,266.0,127.0,135.0,25975.0,False
2618,2022-10-21 11:49:14.995150,0.0021276595744681437,-0.006355932203389925,0.05000000000000071,-0.15000000000000213,23.45,23.5,23.55,23.6,267.0,117.0,135.0,25975.0,False
2618,2022-10-21 11:49:15.668833,0.0021276595744681437,-0.006355932203389925,0.05000000000000071,-0.15000000000000213,23.45,23.5,23.55,23.6,287.0,117.0,135.0,25975.0,False
2618,2022-10-21 11:49:17.704790,0.0021276595744681437,-0.006355932203389925,0.05000000000000071,-0.15000000000000213,23.45,23.5,23.55,23.6,287.0,116.0,135.0,25975.0,False
2618,2022-10-21 11:49:17.927702,0.0021276595744681437,-0.006355932203389925,0.05000000000000071,-0.15000000000000213,23.45,23.5,23.55,23.6,287.0,116.0,135.0,25975.0,False
2618,2022-10-21 11:49:17.965077,0.0021276595744681437,-0.006355932203389925,0.05000000000000071,-0.15000000000000213,23.45,23.5,23.55,23.6,287.0,115.0,135.0,25975.0,False
2618,2022-10-21 11:49:18.935619,0.0021276595744681437,-0.006355932203389925,0.05000000000000071,-0.15000000000000213,23.45,23.5,23.55,23.6,287.0,113.0,135.0,25975.0,False
2618,2022-10-21 11:49:19.089328,0.0021276595744681437,-0.006355932203389925,0.05000000000000071,-0.15000000000000213,23.45,23.5,23.55,23.6,287.0,112.0,135.0,25975.0,False
2618,2022-10-21 11:49:19.587039,0.0021276595744681437,-0.006355932203389925,0.05000000000000071,-0.15000000000000213,23.45,23.5,23.55,23.6,287.0,111.0,135.0,25975.0,False
2618,2022-10-21 11:49:19.589961,0.0021276595744681437,-0.006355932203389925,0.05000000000000071,-0.15000000000000213,23.45,23.5,23.55,23.6,286.0,111.0,135.0,25975.0,False
2618,2022-10-21 11:49:21.031990,0.0021276595744681437,-0.006355932203389925,0.05000000000000071,-0.15000000000000213,23.45,23.5,23.55,23.6,286.0,111.0,135.0,25975.0,False
2618,2022-10-21 11:49:21.052537,0.0021276595744681437,-0.006355932203389925,0.05000000000000071,-0.15000000000000213,23.45,23.5,23.55,23.6,280.0,111.0,135.0,25975.0,False
2618,2022-10-21 11:49:21.392335,0.0021276595744681437,-0.006355932203389925,0.05000000000000071,-0.15000000000000213,23.45,23.5,23.55,23.6,280.0,111.0,135.0,25975.0,False
2618,2022-10-21 11:49:21.741160,0.0021276595744681437,-0.006355932203389925,0.05000000000000071,-0.15000000000000213,23.45,23.5,23.55,23.6,279.0,110.0,135.0,25975.0,False
2618,2022-10-21 11:49:22.372841,0.0021276595744681437,-0.006355932203389925,0.05000000000000071,-0.15000000000000213,23.45,23.5,23.55,23.6,273.0,110.0,135.0,25975.0,False
2618,2022-10-21 11:49:22.602337,0.0021276595744681437,-0.006355932203389925,0.05000000000000071,-0.15000000000000213,23.45,23.5,23.55,23.6,273.0,109.0,135.0,25975.0,False
2618,2022-10-21 11:49:23.404514,0.0021276595744681437,-0.006355932203389925,0.05000000000000071,-0.15000000000000213,23.45,23.5,23.55,23.6,273.0,109.0,135.0,25975.0,False
2618,2022-10-21 11:49:24.420097,0.0021276595744681437,-0.006355932203389925,0.05000000000000071,-0.15000000000000213,23.45,23.5,23.55,23.6,274.0,109.0,135.0,25975.0,False
2618,2022-10-21 11:49:27.817433,0.0021276595744681437,-0.006355932203389925,0.05000000000000071,-0.15000000000000213,23.45,23.5,23.55,23.6,274.0,109.0,135.0,25975.0,False
2618,2022-10-21 11:49:30.949910,0.0021276595744681437,-0.006355932203389925,0.05000000000000071,-0.15000000000000213,23.45,23.5,23.55,23.6,274.0,110.0,135.0,25975.0,False
2618,2022-10-21 11:49:31.034542,0.0021276595744681437,-0.006355932203389925,0.05000000000000071,-0.15000000000000213,23.45,23.5,23.55,23.6,275.0,110.0,135.0,25975.0,False
2618,2022-10-21 11:49:31.488000,0.0021276595744681437,-0.006355932203389925,0.05000000000000071,-0.15000000000000213,23.45,23.5,23.55,23.6,275.0,104.0,135.0,25975.0,False
2618,2022-10-21 11:49:31.913617,0.0021276595744681437,-0.006355932203389925,0.05000000000000071,-0.15000000000000213,23.45,23.5,23.55,23.6,275.0,103.0,135.0,25975.0,False
2618,2022-10-21 11:49:33.525005,0.0021276595744681437,-0.006355932203389925,0.05000000000000071,-0.15000000000000213,23.45,23.5,23.55,23.6,275.0,102.0,135.0,25975.0,False
2618,2022-10-21 11:49:33.692118,0.0021276595744681437,-0.006355932203389925,0.05000000000000071,-0.15000000000000213,23.45,23.5,23.55,23.6,275.0,100.0,135.0,25975.0,False
2618,2022-10-21 11:49:34.817112,0.0021276595744681437,-0.006355932203389925,0.05000000000000071,-0.15000000000000213,23.45,23.5,23.55,23.6,275.0,99.0,135.0,25975.0,False
2618,2022-10-21 11:49:35.259215,0.0021276595744681437,-0.006355932203389925,0.05000000000000071,-0.15000000000000213,23.45,23.5,23.55,23.6,275.0,93.0,135.0,25975.0,False
2618,2022-10-21 11:49:35.469669,0.0021276595744681437,-0.006355932203389925,0.05000000000000071,-0.15000000000000213,23.45,23.5,23.55,23.6,275.0,93.0,135.0,25975.0,False
2618,2022-10-21 11:49:36.032350,0.0021276595744681437,-0.006355932203389925,0.05000000000000071,-0.15000000000000213,23.45,23.5,23.55,23.6,274.0,93.0,135.0,25975.0,False
2618,2022-10-21 11:49:36.033418,0.0021276595744681437,-0.006355932203389925,0.05000000000000071,-0.15000000000000213,23.45,23.5,23.55,23.6,274.0,92.0,135.0,25975.0,False
2618,2022-10-21 11:49:36.208588,0.0021276595744681437,-0.006355932203389925,0.05000000000000071,-0.15000000000000213,23.45,23.5,23.55,23.6,274.0,91.0,135.0,25975.0,False
2618,2022-10-21 11:49:36.266908,0.0021276595744681437,-0.006355932203389925,0.05000000000000071,-0.15000000000000213,23.45,23.5,23.55,23.6,274.0,90.0,135.0,25975.0,False
2618,2022-10-21 11:49:36.576318,0.0021276595744681437,-0.006355932203389925,0.05000000000000071,-0.15000000000000213,23.45,23.5,23.55,23.6,274.0,89.0,135.0,25975.0,False
2618,2022-10-21 11:49:36.934743,0.0021276595744681437,-0.006355932203389925,0.05000000000000071,-0.15000000000000213,23.45,23.5,23.55,23.6,274.0,94.0,135.0,25975.0,False
2618,2022-10-21 11:49:36.974344,0.0021276595744681437,-0.006355932203389925,0.05000000000000071,-0.15000000000000213,23.45,23.5,23.55,23.6,274.0,88.0,135.0,25975.0,False
2618,2022-10-21 11:49:37.198778,0.0021276595744681437,-0.006355932203389925,0.05000000000000071,-0.15000000000000213,23.45,23.5,23.55,23.6,274.0,108.0,135.0,25975.0,False
2618,2022-10-21 11:49:37.878647,0.0021276595744681437,-0.006355932203389925,0.05000000000000071,-0.15000000000000213,23.45,23.5,23.55,23.6,274.0,99.0,135.0,25975.0,False
2618,2022-10-21 11:49:38.578706,0.0021276595744681437,-0.006355932203389925,0.05000000000000071,-0.15000000000000213,23.45,23.5,23.55,23.6,274.0,91.0,135.0,25975.0,False
2618,2022-10-21 11:49:38.599051,0.0021276595744681437,-0.006355932203389925,0.05000000000000071,-0.15000000000000213,23.45,23.5,23.55,23.6,279.0,91.0,135.0,25975.0,False
2618,2022-10-21 11:49:39.131164,0.0021276595744681437,-0.006355932203389925,0.05000000000000071,-0.15000000000000213,23.45,23.5,23.55,23.6,279.0,94.0,135.0,25975.0,False
2618,2022-10-21 11:49:41.907700,0.0,-0.00423728813559332,0.0,-0.10000000000000142,23.5,23.55,23.55,23.6,6.0,183.0,135.0,25975.0,False
2618,2022-10-21 11:49:41.929278,0.0,-0.00423728813559332,0.0,-0.10000000000000142,23.5,23.55,23.55,23.6,6.0,163.0,135.0,25975.0,False
2618,2022-10-21 11:49:41.962337,0.0,-0.00423728813559332,0.0,-0.10000000000000142,23.5,23.55,23.55,23.6,6.0,304.0,135.0,25975.0,False
2618,2022-10-21 11:49:42.043369,0.0,-0.00423728813559332,0.0,-0.10000000000000142,23.5,23.55,23.55,23.6,10.0,304.0,135.0,25975.0,False
2618,2022-10-21 11:49:43.771556,0.0,-0.00423728813559332,0.0,-0.10000000000000142,23.5,23.55,23.55,23.6,10.0,303.0,135.0,25975.0,False
2618,2022-10-21 11:49:43.809806,0.0,-0.00423728813559332,0.0,-0.10000000000000142,23.5,23.55,23.55,23.6,10.0,303.0,135.0,25975.0,False
2618,2022-10-21 11:49:43.812593,0.0,-0.00423728813559332,0.0,-0.10000000000000142,23.5,23.55,23.55,23.6,10.0,303.0,135.0,25975.0,False
2618,2022-10-21 11:49:44.078981,0.0,-0.00423728813559332,0.0,-0.10000000000000142,23.5,23.55,23.55,23.6,10.0,303.0,135.0,25975.0,False
2618,2022-10-21 11:49:44.189500,0.0,-0.00423728813559332,0.0,-0.10000000000000142,23.5,23.55,23.55,23.6,11.0,303.0,135.0,25975.0,False
2618,2022-10-21 11:49:44.581669,0.0,-0.00423728813559332,0.0,-0.10000000000000142,23.5,23.55,23.55,23.6,12.0,303.0,135.0,25975.0,False
2618,2022-10-21 11:49:45.699046,0.0,-0.00423728813559332,0.0,-0.10000000000000142,23.5,23.55,23.55,23.6,17.0,303.0,135.0,25975.0,False
2618,2022-10-21 11:49:45.704246,0.0,-0.00423728813559332,0.0,-0.10000000000000142,23.5,23.55,23.55,23.6,17.0,301.0,135.0,25975.0,False
2618,2022-10-21 11:49:47.504873,0.0,-0.00423728813559332,0.0,-0.10000000000000142,23.5,23.55,23.55,23.6,18.0,301.0,135.0,25975.0,False
2618,2022-10-21 11:49:47.667596,0.0,-0.00423728813559332,0.0,-0.10000000000000142,23.5,23.55,23.55,23.6,18.0,301.0,135.0,25975.0,False
2618,2022-10-21 11:49:48.172807,0.0,-0.00423728813559332,0.0,-0.10000000000000142,23.5,23.55,23.55,23.6,18.0,301.0,135.0,25975.0,False
2618,2022-10-21 11:49:49.696071,0.0,-0.00423728813559332,0.0,-0.10000000000000142,23.5,23.55,23.55,23.6,18.0,301.0,135.0,25975.0,True
2618,2022-10-21 11:49:50.591939,0.0,-0.00423728813559332,0.0,-0.10000000000000142,23.5,23.55,23.55,23.6,18.0,302.0,135.0,25975.0,False
2618,2022-10-21 11:49:52.606803,0.0,-0.00423728813559332,0.0,-0.10000000000000142,23.5,23.55,23.55,23.6,28.0,302.0,135.0,25975.0,False
2618,2022-10-21 11:49:53.336777,0.0,-0.00423728813559332,0.0,-0.10000000000000142,23.5,23.55,23.55,23.6,8.0,302.0,135.0,25975.0,False
2618,2022-10-21 11:49:53.392888,0.0,-0.00423728813559332,0.0,-0.10000000000000142,23.5,23.55,23.55,23.6,9.0,302.0,135.0,25975.0,False
2618,2022-10-21 11:49:53.942939,0.0,-0.00423728813559332,0.0,-0.10000000000000142,23.5,23.55,23.55,23.6,9.0,302.0,135.0,25975.0,False
2618,2022-10-21 11:49:55.914707,0.0,-0.00423728813559332,0.0,-0.10000000000000142,23.5,23.55,23.55,23.6,9.0,302.0,135.0,25975.0,False
2618,2022-10-21 11:49:56.055201,0.0021276595744681437,-0.006355932203389925,0.05000000000000071,-0.15000000000000213,23.45,23.5,23.55,23.6,271.0,1.0,135.0,25975.0,False
2618,2022-10-21 11:49:56.082599,0.0021276595744681437,-0.006355932203389925,0.05000000000000071,-0.15000000000000213,23.45,23.5,23.55,23.6,271.0,1.0,135.0,25975.0,False
2618,2022-10-21 11:49:56.101826,0.0,-0.00423728813559332,0.0,-0.10000000000000142,23.5,23.55,23.55,23.6,3.0,300.0,135.0,25975.0,False
2618,2022-10-21 11:49:56.145774,0.0021276595744681437,-0.006355932203389925,0.05000000000000071,-0.15000000000000213,23.45,23.5,23.55,23.6,268.0,6.0,135.0,25975.0,False
2618,2022-10-21 11:49:56.165137,0.0021276595744681437,-0.006355932203389925,0.05000000000000071,-0.15000000000000213,23.45,23.5,23.55,23.6,268.0,6.0,135.0,25975.0,False
2618,2022-10-21 11:49:56.202218,0.0021276595744681437,-0.006355932203389925,0.05000000000000071,-0.15000000000000213,23.45,23.5,23.55,23.6,268.0,11.0,135.0,25975.0,False
2618,2022-10-21 11:49:57.214548,0.0021276595744681437,-0.006355932203389925,0.05000000000000071,-0.15000000000000213,23.45,23.5,23.55,23.6,268.0,15.0,135.0,25975.0,False
2618,2022-10-21 11:49:57.289212,0.0021276595744681437,-0.006355932203389925,0.05000000000000071,-0.15000000000000213,23.45,23.5,23.55,23.6,268.0,19.0,135.0,25975.0,False
2618,2022-10-21 11:49:57.693010,0.0021276595744681437,-0.006355932203389925,0.05000000000000071,-0.15000000000000213,23.45,23.5,23.55,23.6,268.0,18.0,135.0,25975.0,False
2618,2022-10-21 11:49:57.793202,0.0021276595744681437,-0.006355932203389925,0.05000000000000071,-0.15000000000000213,23.45,23.5,23.55,23.6,268.0,17.0,135.0,25975.0,False
2618,2022-10-21 11:49:59.092698,0.0021276595744681437,-0.006355932203389925,0.05000000000000071,-0.15000000000000213,23.45,23.5,23.55,23.6,268.0,21.0,135.0,25975.0,False
2618,2022-10-21 11:50:01.329918,0.0021276595744681437,-0.006355932203389925,0.05000000000000071,-0.15000000000000213,23.45,23.5,23.55,23.6,268.0,21.0,135.0,25975.0,False
2618,2022-10-21 11:50:01.455178,0.0021276595744681437,-0.006355932203389925,0.05000000000000071,-0.15000000000000213,23.45,23.5,23.55,23.6,268.0,19.0,135.0,25975.0,False
2618,2022-10-21 11:50:01.330026,0.0021276595744681437,-0.006355932203389925,0.05000000000000071,-0.15000000000000213,23.45,23.5,23.55,23.6,268.0,21.0,135.0,25975.0,False
2618,2022-10-21 11:50:03.211708,0.0021276595744681437,-0.006355932203389925,0.05000000000000071,-0.15000000000000213,23.45,23.5,23.55,23.6,288.0,19.0,135.0,25975.0,False
2618,2022-10-21 11:50:03.252300,0.0021276595744681437,-0.006355932203389925,0.05000000000000071,-0.15000000000000213,23.45,23.5,23.55,23.6,288.0,20.0,135.0,25975.0,False
2618,2022-10-21 11:50:03.723332,0.0021276595744681437,-0.006355932203389925,0.05000000000000071,-0.15000000000000213,23.45,23.5,23.55,23.6,288.0,20.0,135.0,25975.0,False
2618,2022-10-21 11:50:03.876464,0.0021276595744681437,-0.006355932203389925,0.05000000000000071,-0.15000000000000213,23.45,23.5,23.55,23.6,288.0,18.0,135.0,25975.0,False
2618,2022-10-21 11:50:04.411074,0.0021276595744681437,-0.006355932203389925,0.05000000000000071,-0.15000000000000213,23.45,23.5,23.55,23.6,288.0,17.0,135.0,25975.0,False
2618,2022-10-21 11:50:06.461326,0.0021276595744681437,-0.006355932203389925,0.05000000000000071,-0.15000000000000213,23.45,23.5,23.55,23.6,288.0,16.0,135.0,25975.0,False
2618,2022-10-21 11:50:06.901217,0.0021276595744681437,-0.006355932203389925,0.05000000000000071,-0.15000000000000213,23.45,23.5,23.55,23.6,288.0,14.0,135.0,25975.0,False
2618,2022-10-21 11:50:07.853287,0.0021276595744681437,-0.006355932203389925,0.05000000000000071,-0.15000000000000213,23.45,23.5,23.55,23.6,289.0,14.0,135.0,25975.0,False
2618,2022-10-21 11:50:09.172576,0.0021276595744681437,-0.006355932203389925,0.05000000000000071,-0.15000000000000213,23.45,23.5,23.55,23.6,289.0,9.0,135.0,25975.0,False
2618,2022-10-21 11:50:09.196163,0.0021276595744681437,-0.006355932203389925,0.05000000000000071,-0.15000000000000213,23.45,23.5,23.55,23.6,289.0,9.0,135.0,25975.0,False
2618,2022-10-21 11:50:09.903254,0.0021276595744681437,-0.006355932203389925,0.05000000000000071,-0.15000000000000213,23.45,23.5,23.55,23.6,294.0,9.0,135.0,25975.0,False
2618,2022-10-21 11:50:10.357104,0.0021276595744681437,-0.006355932203389925,0.05000000000000071,-0.15000000000000213,23.45,23.5,23.55,23.6,294.0,10.0,135.0,25975.0,False
2618,2022-10-21 11:50:11.351664,0.0021276595744681437,-0.006355932203389925,0.05000000000000071,-0.15000000000000213,23.45,23.5,23.55,23.6,294.0,9.0,135.0,25975.0,False
2618,2022-10-21 11:50:12.062755,0.0021276595744681437,-0.006355932203389925,0.05000000000000071,-0.15000000000000213,23.45,23.5,23.55,23.6,294.0,9.0,135.0,25975.0,False
2618,2022-10-21 11:50:14.002910,0.0021276595744681437,-0.006355932203389925,0.05000000000000071,-0.15000000000000213,23.45,23.5,23.55,23.6,294.0,7.0,135.0,25975.0,False
2618,2022-10-21 11:50:19.016155,0.0,-0.00423728813559332,0.0,-0.10000000000000142,23.5,23.55,23.55,23.6,93.0,302.0,135.0,25975.0,False
2618,2022-10-21 11:50:19.049551,0.0,-0.00423728813559332,0.0,-0.10000000000000142,23.5,23.55,23.55,23.6,93.0,302.0,135.0,25975.0,False
2618,2022-10-21 11:50:19.084052,0.0,-0.00423728813559332,0.0,-0.10000000000000142,23.5,23.55,23.55,23.6,93.0,302.0,135.0,25975.0,False
2618,2022-10-21 11:50:19.590860,0.0,-0.00423728813559332,0.0,-0.10000000000000142,23.5,23.55,23.55,23.6,93.0,302.0,135.0,25975.0,False
2618,2022-10-21 11:50:20.023283,0.0,-0.00423728813559332,0.0,-0.10000000000000142,23.5,23.55,23.55,23.6,89.0,302.0,135.0,25975.0,False
2618,2022-10-21 11:50:20.062874,0.0,-0.00423728813559332,0.0,-0.10000000000000142,23.5,23.55,23.55,23.6,74.0,302.0,135.0,25975.0,False
2618,2022-10-21 11:50:21.751281,0.0,-0.00423728813559332,0.0,-0.10000000000000142,23.5,23.55,23.55,23.6,78.0,302.0,135.0,25975.0,False
2618,2022-10-21 11:50:22.552019,0.0,-0.00423728813559332,0.0,-0.10000000000000142,23.5,23.55,23.55,23.6,78.0,302.0,135.0,25975.0,False
2618,2022-10-21 11:50:23.244439,0.0,-0.00423728813559332,0.0,-0.10000000000000142,23.5,23.55,23.55,23.6,78.0,300.0,135.0,25975.0,False
2618,2022-10-21 11:50:23.323419,0.0,-0.00423728813559332,0.0,-0.10000000000000142,23.5,23.55,23.55,23.6,98.0,300.0,135.0,25975.0,False
2618,2022-10-21 11:50:24.679483,0.0,-0.00423728813559332,0.0,-0.10000000000000142,23.5,23.55,23.55,23.6,108.0,300.0,135.0,25975.0,False
2618,2022-10-21 11:50:24.817903,0.0,-0.00423728813559332,0.0,-0.10000000000000142,23.5,23.55,23.55,23.6,108.0,300.0,135.0,25975.0,False
2618,2022-10-21 11:50:26.098616,0.0,-0.00423728813559332,0.0,-0.10000000000000142,23.5,23.55,23.55,23.6,107.0,300.0,135.0,25975.0,False
2618,2022-10-21 11:50:26.452093,0.0,-0.00423728813559332,0.0,-0.10000000000000142,23.5,23.55,23.55,23.6,107.0,300.0,135.0,25975.0,False
2618,2022-10-21 11:50:26.601989,0.0,-0.00423728813559332,0.0,-0.10000000000000142,23.5,23.55,23.55,23.6,108.0,300.0,135.0,25975.0,False
2618,2022-10-21 11:50:26.829897,0.0,-0.00423728813559332,0.0,-0.10000000000000142,23.5,23.55,23.55,23.6,108.0,300.0,135.0,25975.0,False
2618,2022-10-21 11:50:30.195252,0.0,-0.00423728813559332,0.0,-0.10000000000000142,23.5,23.55,23.55,23.6,108.0,300.0,135.0,25975.0,False
2618,2022-10-21 11:50:30.437366,0.0,-0.00423728813559332,0.0,-0.10000000000000142,23.5,23.55,23.55,23.6,112.0,300.0,135.0,25975.0,False
2618,2022-10-21 11:50:36.565874,0.0,-0.00423728813559332,0.0,-0.10000000000000142,23.5,23.55,23.55,23.6,112.0,300.0,135.0,25975.0,False
2618,2022-10-21 11:50:37.388772,0.0,-0.00423728813559332,0.0,-0.10000000000000142,23.5,23.55,23.55,23.6,114.0,300.0,135.0,25975.0,False
2618,2022-10-21 11:50:38.965764,0.0,-0.00423728813559332,0.0,-0.10000000000000142,23.5,23.55,23.55,23.6,113.0,300.0,135.0,25975.0,False
2618,2022-10-21 11:50:40.564666,0.0,-0.00423728813559332,0.0,-0.10000000000000142,23.5,23.55,23.55,23.6,113.0,300.0,135.0,25975.0,False
2618,2022-10-21 11:50:42.042542,0.0,-0.00423728813559332,0.0,-0.10000000000000142,23.5,23.55,23.55,23.6,113.0,300.0,135.0,25975.0,False
2618,2022-10-21 11:50:43.081806,0.0,-0.00423728813559332,0.0,-0.10000000000000142,23.5,23.55,23.55,23.6,113.0,300.0,135.0,25975.0,False
2618,2022-10-21 11:50:44.176780,0.0,-0.00423728813559332,0.0,-0.10000000000000142,23.5,23.55,23.55,23.6,113.0,300.0,135.0,25975.0,False
2618,2022-10-21 11:50:45.306434,0.0,-0.00423728813559332,0.0,-0.10000000000000142,23.5,23.55,23.55,23.6,114.0,300.0,135.0,25975.0,False
2618,2022-10-21 11:50:45.904990,0.0,-0.00423728813559332,0.0,-0.10000000000000142,23.5,23.55,23.55,23.6,114.0,299.0,135.0,25975.0,False
2618,2022-10-21 11:50:46.989863,0.0,-0.00423728813559332,0.0,-0.10000000000000142,23.5,23.55,23.55,23.6,124.0,299.0,135.0,25975.0,False
2618,2022-10-21 11:50:49.280203,0.0,-0.00423728813559332,0.0,-0.10000000000000142,23.5,23.55,23.55,23.6,124.0,299.0,135.0,25975.0,False
2618,2022-10-21 11:50:49.325786,0.0,-0.00423728813559332,0.0,-0.10000000000000142,23.5,23.55,23.55,23.6,122.0,299.0,135.0,25975.0,False
2618,2022-10-21 11:50:50.271394,0.0,-0.00423728813559332,0.0,-0.10000000000000142,23.5,23.55,23.55,23.6,122.0,300.0,135.0,25975.0,False
2618,2022-10-21 11:50:55.356271,0.0,-0.00423728813559332,0.0,-0.10000000000000142,23.5,23.55,23.55,23.6,122.0,300.0,135.0,25975.0,False
2618,2022-10-21 11:50:55.379696,0.0,-0.00423728813559332,0.0,-0.10000000000000142,23.5,23.55,23.55,23.6,142.0,300.0,135.0,25975.0,False
2618,2022-10-21 11:50:57.024641,0.0,-0.00423728813559332,0.0,-0.10000000000000142,23.5,23.55,23.55,23.6,142.0,300.0,135.0,25975.0,False
2618,2022-10-21 11:50:58.281854,0.0,-0.00423728813559332,0.0,-0.10000000000000142,23.5,23.55,23.55,23.6,142.0,300.0,135.0,25975.0,False
2618,2022-10-21 11:51:00.093246,0.0,-0.00423728813559332,0.0,-0.10000000000000142,23.5,23.55,23.55,23.6,142.0,300.0,135.0,25965.0,True
2618,2022-10-21 11:51:00.118485,0.0,-0.00423728813559332,0.0,-0.10000000000000142,23.5,23.55,23.55,23.6,142.0,300.0,135.0,25965.0,False
2618,2022-10-21 11:51:00.401244,0.0,-0.00423728813559332,0.0,-0.10000000000000142,23.5,23.55,23.55,23.6,142.0,300.0,135.0,25965.0,False
2618,2022-10-21 11:51:01.877687,0.0,-0.00423728813559332,0.0,-0.10000000000000142,23.5,23.55,23.55,23.6,154.0,300.0,135.0,25965.0,False
2618,2022-10-21 11:51:01.953168,0.0,-0.00423728813559332,0.0,-0.10000000000000142,23.5,23.55,23.55,23.6,154.0,300.0,135.0,25965.0,False
2618,2022-10-21 11:51:02.586324,0.0,-0.00423728813559332,0.0,-0.10000000000000142,23.5,23.55,23.55,23.6,156.0,300.0,135.0,25965.0,False
2618,2022-10-21 11:51:03.355307,0.0,-0.00423728813559332,0.0,-0.10000000000000142,23.5,23.55,23.55,23.6,166.0,300.0,135.0,25965.0,False
2618,2022-10-21 11:51:04.246241,0.0,-0.00423728813559332,0.0,-0.10000000000000142,23.5,23.55,23.55,23.6,166.0,300.0,135.0,25965.0,False
2618,2022-10-21 11:51:05.645225,0.0,-0.00423728813559332,0.0,-0.10000000000000142,23.5,23.55,23.55,23.6,167.0,300.0,135.0,25965.0,False
2618,2022-10-21 11:51:05.681770,0.0,-0.00423728813559332,0.0,-0.10000000000000142,23.5,23.55,23.55,23.6,167.0,300.0,135.0,25965.0,False
2618,2022-10-21 11:51:06.666777,0.0,-0.00423728813559332,0.0,-0.10000000000000142,23.5,23.55,23.55,23.6,162.0,300.0,135.0,25965.0,False
2618,2022-10-21 11:51:08.665766,0.0,-0.00423728813559332,0.0,-0.10000000000000142,23.5,23.55,23.55,23.6,162.0,300.0,135.0,25965.0,False
2618,2022-10-21 11:51:10.399754,0.0,-0.00423728813559332,0.0,-0.10000000000000142,23.5,23.55,23.55,23.6,162.0,300.0,135.0,25965.0,False
2618,2022-10-21 11:51:10.937901,0.0,-0.00423728813559332,0.0,-0.10000000000000142,23.5,23.55,23.55,23.6,160.0,300.0,135.0,25965.0,False
2618,2022-10-21 11:51:11.158420,0.0,-0.00423728813559332,0.0,-0.10000000000000142,23.5,23.55,23.55,23.6,160.0,300.0,135.0,25965.0,False
2618,2022-10-21 11:51:11.390666,0.0,-0.00423728813559332,0.0,-0.10000000000000142,23.5,23.55,23.55,23.6,160.0,300.0,135.0,25965.0,False
2618,2022-10-21 11:51:11.393120,0.0,-0.00423728813559332,0.0,-0.10000000000000142,23.5,23.55,23.55,23.6,160.0,301.0,135.0,25965.0,False
2618,2022-10-21 11:51:12.144680,0.0,-0.00423728813559332,0.0,-0.10000000000000142,23.5,23.55,23.55,23.6,160.0,301.0,135.0,25965.0,False
2618,2022-10-21 11:51:12.936082,0.0,-0.00423728813559332,0.0,-0.10000000000000142,23.5,23.55,23.55,23.6,160.0,301.0,135.0,25965.0,False
2618,2022-10-21 11:51:16.017597,0.0,-0.00423728813559332,0.0,-0.10000000000000142,23.5,23.55,23.55,23.6,160.0,301.0,135.0,25965.0,False
2618,2022-10-21 11:51:16.217758,0.0,-0.00423728813559332,0.0,-0.10000000000000142,23.5,23.55,23.55,23.6,160.0,301.0,135.0,25965.0,False
2618,2022-10-21 11:51:18.398034,0.0,-0.00423728813559332,0.0,-0.10000000000000142,23.5,23.55,23.55,23.6,170.0,301.0,135.0,25965.0,False
2618,2022-10-21 11:51:18.468132,0.0,-0.00423728813559332,0.0,-0.10000000000000142,23.5,23.55,23.55,23.6,170.0,302.0,135.0,25965.0,False
2618,2022-10-21 11:51:19.952005,0.0,-0.00423728813559332,0.0,-0.10000000000000142,23.5,23.55,23.55,23.6,168.0,302.0,135.0,25965.0,False
2618,2022-10-21 11:51:20.172392,0.0,-0.00423728813559332,0.0,-0.10000000000000142,23.5,23.55,23.55,23.6,168.0,302.0,235.0,25965.0,True
2618,2022-10-21 11:51:22.882166,0.0,-0.00423728813559332,0.0,-0.10000000000000142,23.5,23.55,23.55,23.6,168.0,302.0,235.0,25965.0,False
2618,2022-10-21 11:51:26.066064,0.0,-0.00423728813559332,0.0,-0.10000000000000142,23.5,23.55,23.55,23.6,168.0,302.0,235.0,25965.0,False
2618,2022-10-21 11:51:26.660309,0.0,-0.00423728813559332,0.0,-0.10000000000000142,23.5,23.55,23.55,23.6,170.0,302.0,235.0,25965.0,False
2618,2022-10-21 11:51:27.781327,0.0,-0.00423728813559332,0.0,-0.10000000000000142,23.5,23.55,23.55,23.6,170.0,302.0,235.0,25965.0,False
2618,2022-10-21 11:51:32.561708,0.0,-0.00423728813559332,0.0,-0.10000000000000142,23.5,23.55,23.55,23.6,169.0,302.0,235.0,25965.0,False
2618,2022-10-21 11:51:38.670916,0.0,-0.00423728813559332,0.0,-0.10000000000000142,23.5,23.55,23.55,23.6,269.0,302.0,235.0,25965.0,False
2618,2022-10-21 11:51:38.746087,0.0,-0.00423728813559332,0.0,-0.10000000000000142,23.5,23.55,23.55,23.6,269.0,303.0,235.0,25965.0,False
2618,2022-10-21 11:51:38.749458,0.0,-0.00423728813559332,0.0,-0.10000000000000142,23.5,23.55,23.55,23.6,270.0,303.0,235.0,25965.0,False
2618,2022-10-21 11:51:39.676189,0.0,-0.00423728813559332,0.0,-0.10000000000000142,23.5,23.55,23.55,23.6,270.0,303.0,235.0,25965.0,False
2618,2022-10-21 11:51:40.254984,0.0,-0.00423728813559332,0.0,-0.10000000000000142,23.5,23.55,23.55,23.6,270.0,303.0,245.0,25954.0,True
2618,2022-10-21 11:51:41.298013,0.0,-0.00423728813559332,0.0,-0.10000000000000142,23.5,23.55,23.55,23.6,270.0,303.0,245.0,25954.0,False
2618,2022-10-21 11:51:43.352509,0.0,-0.00423728813559332,0.0,-0.10000000000000142,23.5,23.55,23.55,23.6,273.0,303.0,245.0,25954.0,False
2618,2022-10-21 11:51:43.753201,0.0,-0.00423728813559332,0.0,-0.10000000000000142,23.5,23.55,23.55,23.6,272.0,303.0,245.0,25954.0,False
2618,2022-10-21 11:51:43.755420,0.0,-0.00423728813559332,0.0,-0.10000000000000142,23.5,23.55,23.55,23.6,272.0,302.0,245.0,25954.0,False
2618,2022-10-21 11:51:43.848608,0.0,-0.00423728813559332,0.0,-0.10000000000000142,23.5,23.55,23.55,23.6,272.0,302.0,245.0,25954.0,False
2618,2022-10-21 11:51:44.266867,0.0,-0.00423728813559332,0.0,-0.10000000000000142,23.5,23.55,23.55,23.6,272.0,303.0,245.0,25954.0,False
2618,2022-10-21 11:51:46.692629,0.0,-0.00423728813559332,0.0,-0.10000000000000142,23.5,23.55,23.55,23.6,272.0,303.0,245.0,25954.0,False
2618,2022-10-21 11:51:48.049779,0.0,-0.00423728813559332,0.0,-0.10000000000000142,23.5,23.55,23.55,23.6,272.0,303.0,245.0,25954.0,False
2618,2022-10-21 11:51:49.783562,0.0,-0.00423728813559332,0.0,-0.10000000000000142,23.5,23.55,23.55,23.6,272.0,303.0,245.0,25954.0,False
2618,2022-10-21 11:51:50.488291,0.0,-0.00423728813559332,0.0,-0.10000000000000142,23.5,23.55,23.55,23.6,272.0,305.0,245.0,25954.0,False
2618,2022-10-21 11:51:50.724179,0.0,-0.00423728813559332,0.0,-0.10000000000000142,23.5,23.55,23.55,23.6,271.0,305.0,245.0,25954.0,False
2618,2022-10-21 11:51:54.749659,0.0,-0.00423728813559332,0.0,-0.10000000000000142,23.5,23.55,23.55,23.6,272.0,305.0,245.0,25954.0,False
2618,2022-10-21 11:51:55.545203,0.0,-0.00423728813559332,0.0,-0.10000000000000142,23.5,23.55,23.55,23.6,272.0,305.0,245.0,25954.0,False
2618,2022-10-21 11:51:56.021370,0.0,-0.00423728813559332,0.0,-0.10000000000000142,23.5,23.55,23.55,23.6,272.0,304.0,245.0,25954.0,False
2618,2022-10-21 11:52:00.467942,0.0,-0.00423728813559332,0.0,-0.10000000000000142,23.5,23.55,23.55,23.6,273.0,304.0,245.0,25954.0,False
2618,2022-10-21 11:52:03.407426,0.0,-0.00423728813559332,0.0,-0.10000000000000142,23.5,23.55,23.55,23.6,273.0,311.0,245.0,25954.0,False
2618,2022-10-21 11:52:04.116614,0.0,-0.00423728813559332,0.0,-0.10000000000000142,23.5,23.55,23.55,23.6,273.0,311.0,245.0,25954.0,False
2618,2022-10-21 11:52:06.343309,0.0,-0.00423728813559332,0.0,-0.10000000000000142,23.5,23.55,23.55,23.6,273.0,304.0,245.0,25954.0,False
2618,2022-10-21 11:52:08.538541,0.0,-0.00423728813559332,0.0,-0.10000000000000142,23.5,23.55,23.55,23.6,273.0,309.0,245.0,25954.0,False
2618,2022-10-21 11:52:08.810800,0.0,-0.00423728813559332,0.0,-0.10000000000000142,23.5,23.55,23.55,23.6,274.0,309.0,245.0,25954.0,False
2618,2022-10-21 11:52:09.585677,0.0,-0.00423728813559332,0.0,-0.10000000000000142,23.5,23.55,23.55,23.6,274.0,309.0,245.0,979.0,True
2618,2022-10-21 11:52:10.708709,0.0,-0.00423728813559332,0.0,-0.10000000000000142,23.5,23.55,23.55,23.6,274.0,309.0,245.0,979.0,False
2618,2022-10-21 11:52:10.722201,0.0,-0.00423728813559332,0.0,-0.10000000000000142,23.5,23.55,23.55,23.6,274.0,309.0,245.0,979.0,False
2618,2022-10-21 11:52:14.439129,0.0,-0.00423728813559332,0.0,-0.10000000000000142,23.5,23.55,23.55,23.6,274.0,309.0,245.0,979.0,False
2618,2022-10-21 11:52:14.439290,0.0,-0.00423728813559332,0.0,-0.10000000000000142,23.5,23.55,23.55,23.6,276.0,309.0,245.0,979.0,False
2618,2022-10-21 11:52:17.059381,0.0,-0.00423728813559332,0.0,-0.10000000000000142,23.5,23.55,23.55,23.6,278.0,309.0,245.0,979.0,False
2618,2022-10-21 11:52:17.186940,0.0,-0.00423728813559332,0.0,-0.10000000000000142,23.5,23.55,23.55,23.6,279.0,309.0,245.0,979.0,False
2618,2022-10-21 11:52:22.405988,0.0,-0.00423728813559332,0.0,-0.10000000000000142,23.5,23.55,23.55,23.6,279.0,309.0,245.0,979.0,False
2618,2022-10-21 11:52:24.026953,0.0,-0.00423728813559332,0.0,-0.10000000000000142,23.5,23.55,23.55,23.6,279.0,309.0,245.0,979.0,False
2618,2022-10-21 11:52:27.231987,0.0,-0.00423728813559332,0.0,-0.10000000000000142,23.5,23.55,23.55,23.6,279.0,308.0,245.0,979.0,False
2618,2022-10-21 11:52:27.261266,0.0,-0.00423728813559332,0.0,-0.10000000000000142,23.5,23.55,23.55,23.6,279.0,308.0,245.0,979.0,False
2618,2022-10-21 11:52:27.663616,0.0,-0.00423728813559332,0.0,-0.10000000000000142,23.5,23.55,23.55,23.6,279.0,308.0,245.0,979.0,False
2618,2022-10-21 11:52:28.887264,0.0,-0.00423728813559332,0.0,-0.10000000000000142,23.5,23.55,23.55,23.6,279.0,308.0,245.0,979.0,False
2618,2022-10-21 11:52:29.014625,0.0,-0.00423728813559332,0.0,-0.10000000000000142,23.5,23.55,23.55,23.6,279.0,308.0,245.0,979.0,False
2618,2022-10-21 11:52:29.627285,0.0,-0.00423728813559332,0.0,-0.10000000000000142,23.5,23.55,23.55,23.6,279.0,308.0,245.0,979.0,False
2618,2022-10-21 11:52:32.330080,0.0,-0.00423728813559332,0.0,-0.10000000000000142,23.5,23.55,23.55,23.6,279.0,308.0,245.0,979.0,False
2618,2022-10-21 11:52:33.001366,0.0,-0.00423728813559332,0.0,-0.10000000000000142,23.5,23.55,23.55,23.6,279.0,308.0,245.0,979.0,False
2618,2022-10-21 11:52:34.192792,0.0,-0.00423728813559332,0.0,-0.10000000000000142,23.5,23.55,23.55,23.6,279.0,308.0,245.0,979.0,False
2618,2022-10-21 11:52:35.886948,0.0,-0.00423728813559332,0.0,-0.10000000000000142,23.5,23.55,23.55,23.6,279.0,308.0,245.0,979.0,False
2618,2022-10-21 11:52:36.301397,0.0,-0.00423728813559332,0.0,-0.10000000000000142,23.5,23.55,23.55,23.6,279.0,310.0,245.0,979.0,False
2618,2022-10-21 11:52:36.301607,0.0,-0.00423728813559332,0.0,-0.10000000000000142,23.5,23.55,23.55,23.6,279.0,310.0,245.0,979.0,False
2618,2022-10-21 11:52:36.485612,0.0,-0.00423728813559332,0.0,-0.10000000000000142,23.5,23.55,23.55,23.6,279.0,310.0,245.0,979.0,False
2618,2022-10-21 11:52:38.176238,0.0,-0.00423728813559332,0.0,-0.10000000000000142,23.5,23.55,23.55,23.6,279.0,312.0,245.0,979.0,False
2618,2022-10-21 11:52:38.557277,0.0,-0.00423728813559332,0.0,-0.10000000000000142,23.5,23.55,23.55,23.6,279.0,312.0,245.0,979.0,False
2618,2022-10-21 11:52:39.406985,0.0,-0.00423728813559332,0.0,-0.10000000000000142,23.5,23.55,23.55,23.6,282.0,312.0,245.0,979.0,False
2618,2022-10-21 11:52:39.755708,0.0,-0.00423728813559332,0.0,-0.10000000000000142,23.5,23.55,23.55,23.6,282.0,307.0,245.0,979.0,False
2618,2022-10-21 11:52:40.238516,0.0,-0.00423728813559332,0.0,-0.10000000000000142,23.5,23.55,23.55,23.6,282.0,307.0,245.0,979.0,False
2618,2022-10-21 11:52:40.489431,0.0,-0.00423728813559332,0.0,-0.10000000000000142,23.5,23.55,23.55,23.6,283.0,307.0,245.0,979.0,False
2618,2022-10-21 11:52:42.275728,0.0,-0.00423728813559332,0.0,-0.10000000000000142,23.5,23.55,23.55,23.6,281.0,305.0,245.0,979.0,False
2618,2022-10-21 11:52:43.335366,0.0,-0.00423728813559332,0.0,-0.10000000000000142,23.5,23.55,23.55,23.6,281.0,305.0,245.0,979.0,False
2618,2022-10-21 11:52:45.244368,0.0,-0.00423728813559332,0.0,-0.10000000000000142,23.5,23.55,23.55,23.6,281.0,305.0,245.0,979.0,False
2618,2022-10-21 11:52:50.856651,0.0,-0.00423728813559332,0.0,-0.10000000000000142,23.5,23.55,23.55,23.6,281.0,305.0,245.0,979.0,False
2618,2022-10-21 11:52:51.478629,0.0,-0.00423728813559332,0.0,-0.10000000000000142,23.5,23.55,23.55,23.6,281.0,355.0,245.0,979.0,False
2618,2022-10-21 11:52:53.418847,0.0,-0.00423728813559332,0.0,-0.10000000000000142,23.5,23.55,23.55,23.6,291.0,355.0,245.0,979.0,False
2618,2022-10-21 11:52:53.970541,0.0,-0.00423728813559332,0.0,-0.10000000000000142,23.5,23.55,23.55,23.6,291.0,355.0,245.0,979.0,False
2618,2022-10-21 11:52:54.428603,0.0,-0.00423728813559332,0.0,-0.10000000000000142,23.5,23.55,23.55,23.6,291.0,355.0,245.0,979.0,False
2618,2022-10-21 11:52:56.842166,0.0,-0.00423728813559332,0.0,-0.10000000000000142,23.5,23.55,23.55,23.6,291.0,355.0,245.0,979.0,False
2618,2022-10-21 11:52:58.550799,0.0,-0.00423728813559332,0.0,-0.10000000000000142,23.5,23.55,23.55,23.6,291.0,355.0,245.0,979.0,False
2618,2022-10-21 11:52:59.814136,0.0,-0.00423728813559332,0.0,-0.10000000000000142,23.5,23.55,23.55,23.6,291.0,355.0,245.0,979.0,True
2618,2022-10-21 11:53:00.913867,0.0,-0.00423728813559332,0.0,-0.10000000000000142,23.5,23.55,23.55,23.6,291.0,355.0,245.0,979.0,False
2618,2022-10-21 11:53:03.693448,0.0,-0.00423728813559332,0.0,-0.10000000000000142,23.5,23.55,23.55,23.6,291.0,360.0,245.0,979.0,False
2618,2022-10-21 11:53:03.983037,0.0,-0.00423728813559332,0.0,-0.10000000000000142,23.5,23.55,23.55,23.6,291.0,360.0,245.0,979.0,False
2618,2022-10-21 11:53:06.342777,0.0,-0.00423728813559332,0.0,-0.10000000000000142,23.5,23.55,23.55,23.6,291.0,361.0,245.0,979.0,False
2618,2022-10-21 11:53:06.897819,0.0,-0.00423728813559332,0.0,-0.10000000000000142,23.5,23.55,23.55,23.6,291.0,356.0,245.0,979.0,False
2618,2022-10-21 11:53:09.530084,0.0,-0.00423728813559332,0.0,-0.10000000000000142,23.5,23.55,23.55,23.6,293.0,356.0,245.0,979.0,False
2618,2022-10-21 11:53:09.768981,0.0,-0.00423728813559332,0.0,-0.10000000000000142,23.5,23.55,23.55,23.6,298.0,356.0,245.0,979.0,False
2618,2022-10-21 11:53:09.851270,0.0,-0.00423728813559332,0.0,-0.10000000000000142,23.5,23.55,23.55,23.6,298.0,356.0,245.0,979.0,True
2618,2022-10-21 11:53:13.745691,0.0,-0.00423728813559332,0.0,-0.10000000000000142,23.5,23.55,23.55,23.6,298.0,356.0,245.0,979.0,False
2618,2022-10-21 11:53:16.932779,0.0,-0.00423728813559332,0.0,-0.10000000000000142,23.5,23.55,23.55,23.6,298.0,356.0,245.0,979.0,False
2618,2022-10-21 11:53:20.612508,0.0,-0.00423728813559332,0.0,-0.10000000000000142,23.5,23.55,23.55,23.6,298.0,356.0,245.0,979.0,False
2618,2022-10-21 11:53:22.990342,0.0,-0.00423728813559332,0.0,-0.10000000000000142,23.5,23.55,23.55,23.6,298.0,356.0,245.0,979.0,False
2618,2022-10-21 11:53:23.340871,0.0,-0.00423728813559332,0.0,-0.10000000000000142,23.5,23.55,23.55,23.6,298.0,356.0,245.0,979.0,False
2618,2022-10-21 11:53:23.874450,0.0,-0.00423728813559332,0.0,-0.10000000000000142,23.5,23.55,23.55,23.6,298.0,356.0,245.0,979.0,False
2618,2022-10-21 11:53:25.376134,0.0,-0.00423728813559332,0.0,-0.10000000000000142,23.5,23.55,23.55,23.6,298.0,355.0,245.0,979.0,False
2618,2022-10-21 11:53:28.761152,0.0,-0.00423728813559332,0.0,-0.10000000000000142,23.5,23.55,23.55,23.6,300.0,355.0,245.0,979.0,False
2618,2022-10-21 11:53:30.960451,0.0,-0.00423728813559332,0.0,-0.10000000000000142,23.5,23.55,23.55,23.6,300.0,360.0,245.0,979.0,False
2618,2022-10-21 11:53:32.319295,0.0,-0.00423728813559332,0.0,-0.10000000000000142,23.5,23.55,23.55,23.6,300.0,359.0,245.0,979.0,False
2618,2022-10-21 11:53:33.671744,0.0,-0.00423728813559332,0.0,-0.10000000000000142,23.5,23.55,23.55,23.6,300.0,359.0,245.0,979.0,False
2618,2022-10-21 11:53:34.020935,0.0,-0.00423728813559332,0.0,-0.10000000000000142,23.5,23.55,23.55,23.6,300.0,354.0,245.0,979.0,False
2618,2022-10-21 11:53:35.148691,0.0,-0.00423728813559332,0.0,-0.10000000000000142,23.5,23.55,23.55,23.6,301.0,354.0,245.0,979.0,False
2618,2022-10-21 11:53:36.281930,0.0,-0.00423728813559332,0.0,-0.10000000000000142,23.5,23.55,23.55,23.6,300.0,354.0,245.0,979.0,False
2618,2022-10-21 11:53:37.726100,0.0,-0.00423728813559332,0.0,-0.10000000000000142,23.5,23.55,23.55,23.6,299.0,353.0,245.0,979.0,False
2618,2022-10-21 11:53:39.445446,0.0,-0.00423728813559332,0.0,-0.10000000000000142,23.5,23.55,23.55,23.6,299.0,353.0,245.0,979.0,False
2618,2022-10-21 11:53:39.992203,0.0,-0.00423728813559332,0.0,-0.10000000000000142,23.5,23.55,23.55,23.6,299.0,353.0,245.0,979.0,True
2618,2022-10-21 11:53:40.073707,0.0,-0.00423728813559332,0.0,-0.10000000000000142,23.5,23.55,23.55,23.6,289.0,353.0,245.0,979.0,False
2618,2022-10-21 11:53:40.151194,0.0,-0.00423728813559332,0.0,-0.10000000000000142,23.5,23.55,23.55,23.6,288.0,353.0,245.0,979.0,False
2618,2022-10-21 11:53:40.203525,0.0,-0.00423728813559332,0.0,-0.10000000000000142,23.5,23.55,23.55,23.6,289.0,352.0,245.0,979.0,False
2618,2022-10-21 11:53:40.666482,0.0,-0.00423728813559332,0.0,-0.10000000000000142,23.5,23.55,23.55,23.6,288.0,352.0,245.0,979.0,False
2618,2022-10-21 11:53:41.624071,0.0,-0.00423728813559332,0.0,-0.10000000000000142,23.5,23.55,23.55,23.6,288.0,352.0,245.0,979.0,False
2618,2022-10-21 11:53:43.108086,0.0,-0.00423728813559332,0.0,-0.10000000000000142,23.5,23.55,23.55,23.6,288.0,352.0,245.0,979.0,False
2618,2022-10-21 11:53:45.307728,0.0,-0.00423728813559332,0.0,-0.10000000000000142,23.5,23.55,23.55,23.6,298.0,352.0,245.0,979.0,False
2618,2022-10-21 11:53:47.500392,0.0,-0.00423728813559332,0.0,-0.10000000000000142,23.5,23.55,23.55,23.6,298.0,352.0,245.0,979.0,False
2618,2022-10-21 11:53:48.234613,0.0,-0.00423728813559332,0.0,-0.10000000000000142,23.5,23.55,23.55,23.6,299.0,352.0,245.0,979.0,False
2618,2022-10-21 11:53:49.311200,0.0,-0.00423728813559332,0.0,-0.10000000000000142,23.5,23.55,23.55,23.6,299.0,352.0,245.0,979.0,False
2618,2022-10-21 11:53:50.040518,0.0,-0.00423728813559332,0.0,-0.10000000000000142,23.5,23.55,23.55,23.6,299.0,352.0,245.0,979.0,True
2618,2022-10-21 11:53:54.330221,0.0,-0.00423728813559332,0.0,-0.10000000000000142,23.5,23.55,23.55,23.6,299.0,352.0,245.0,979.0,False
2618,2022-10-21 11:53:55.270719,0.0,-0.00423728813559332,0.0,-0.10000000000000142,23.5,23.55,23.55,23.6,300.0,352.0,245.0,979.0,False
2618,2022-10-21 11:53:56.231000,0.0,-0.00423728813559332,0.0,-0.10000000000000142,23.5,23.55,23.55,23.6,299.0,352.0,245.0,979.0,False
2618,2022-10-21 11:53:56.870117,0.0,-0.00423728813559332,0.0,-0.10000000000000142,23.5,23.55,23.55,23.6,300.0,352.0,245.0,979.0,False
2618,2022-10-21 11:54:00.886265,0.0,-0.00423728813559332,0.0,-0.10000000000000142,23.5,23.55,23.55,23.6,300.0,352.0,245.0,979.0,False
2618,2022-10-21 11:54:02.224766,0.0,-0.00423728813559332,0.0,-0.10000000000000142,23.5,23.55,23.55,23.6,290.0,352.0,245.0,979.0,False
2618,2022-10-21 11:54:02.306492,0.0,-0.00423728813559332,0.0,-0.10000000000000142,23.5,23.55,23.55,23.6,295.0,352.0,245.0,979.0,False
2618,2022-10-21 11:54:04.960806,0.0,-0.00423728813559332,0.0,-0.10000000000000142,23.5,23.55,23.55,23.6,296.0,352.0,245.0,979.0,False
2618,2022-10-21 11:54:07.318197,0.0,-0.00423728813559332,0.0,-0.10000000000000142,23.5,23.55,23.55,23.6,295.0,351.0,245.0,979.0,False
2618,2022-10-21 11:54:07.644924,0.0,-0.00423728813559332,0.0,-0.10000000000000142,23.5,23.55,23.55,23.6,295.0,351.0,245.0,979.0,False
2618,2022-10-21 11:54:10.123953,0.0,-0.00423728813559332,0.0,-0.10000000000000142,23.5,23.55,23.55,23.6,295.0,351.0,245.0,729.0,True
2618,2022-10-21 11:54:11.153052,0.0,-0.00423728813559332,0.0,-0.10000000000000142,23.5,23.55,23.55,23.6,295.0,351.0,245.0,729.0,False
2618,2022-10-21 11:54:14.303119,0.0,-0.00423728813559332,0.0,-0.10000000000000142,23.5,23.55,23.55,23.6,295.0,351.0,245.0,729.0,False
2618,2022-10-21 11:54:14.347897,0.0,-0.00423728813559332,0.0,-0.10000000000000142,23.5,23.55,23.55,23.6,294.0,350.0,245.0,729.0,False
2618,2022-10-21 11:54:14.684476,0.0,-0.00423728813559332,0.0,-0.10000000000000142,23.5,23.55,23.55,23.6,296.0,350.0,245.0,729.0,False
2618,2022-10-21 11:54:18.045672,0.0,-0.00423728813559332,0.0,-0.10000000000000142,23.5,23.55,23.55,23.6,296.0,350.0,245.0,729.0,False
2618,2022-10-21 11:54:20.237610,0.0,-0.00423728813559332,0.0,-0.10000000000000142,23.5,23.55,23.55,23.6,296.0,350.0,245.0,729.0,False
2618,2022-10-21 11:54:21.373641,0.0,-0.00423728813559332,0.0,-0.10000000000000142,23.5,23.55,23.55,23.6,295.0,349.0,245.0,729.0,False
2618,2022-10-21 11:54:24.795809,0.0,-0.00423728813559332,0.0,-0.10000000000000142,23.5,23.55,23.55,23.6,295.0,349.0,245.0,729.0,False
2618,2022-10-21 11:54:25.755265,0.0,-0.00423728813559332,0.0,-0.10000000000000142,23.5,23.55,23.55,23.6,295.0,349.0,245.0,729.0,False
2618,2022-10-21 11:54:26.994656,0.0,-0.00423728813559332,0.0,-0.10000000000000142,23.5,23.55,23.55,23.6,295.0,349.0,245.0,729.0,False
2618,2022-10-21 11:54:28.146203,0.0,-0.00423728813559332,0.0,-0.10000000000000142,23.5,23.55,23.55,23.6,295.0,349.0,245.0,729.0,False
2618,2022-10-21 11:54:29.600726,0.0,-0.00423728813559332,0.0,-0.10000000000000142,23.5,23.55,23.55,23.6,295.0,349.0,245.0,729.0,False
2618,2022-10-21 11:54:29.783220,0.0,-0.00423728813559332,0.0,-0.10000000000000142,23.5,23.55,23.55,23.6,295.0,349.0,245.0,729.0,False
2618,2022-10-21 11:54:29.885680,0.0,-0.00423728813559332,0.0,-0.10000000000000142,23.5,23.55,23.55,23.6,295.0,349.0,245.0,729.0,False
2618,2022-10-21 11:54:30.397233,0.0,-0.00423728813559332,0.0,-0.10000000000000142,23.5,23.55,23.55,23.6,294.0,349.0,245.0,729.0,False
2618,2022-10-21 11:54:32.527121,0.0,-0.00423728813559332,0.0,-0.10000000000000142,23.5,23.55,23.55,23.6,294.0,350.0,245.0,729.0,False
2618,2022-10-21 11:54:34.830671,0.0,-0.00423728813559332,0.0,-0.10000000000000142,23.5,23.55,23.55,23.6,294.0,355.0,245.0,729.0,False
2618,2022-10-21 11:54:36.213443,0.0,-0.00423728813559332,0.0,-0.10000000000000142,23.5,23.55,23.55,23.6,294.0,354.0,245.0,729.0,False
2618,2022-10-21 11:54:39.427665,0.0,-0.00423728813559332,0.0,-0.10000000000000142,23.5,23.55,23.55,23.6,294.0,354.0,245.0,729.0,False
2618,2022-10-21 11:54:41.044326,0.0,-0.00423728813559332,0.0,-0.10000000000000142,23.5,23.55,23.55,23.6,294.0,354.0,245.0,729.0,False
2618,2022-10-21 11:54:41.685551,0.0,-0.00423728813559332,0.0,-0.10000000000000142,23.5,23.55,23.55,23.6,294.0,354.0,245.0,729.0,False
2618,2022-10-21 11:54:43.052467,0.0,-0.00423728813559332,0.0,-0.10000000000000142,23.5,23.55,23.55,23.6,294.0,354.0,245.0,729.0,False
2618,2022-10-21 11:54:44.610543,0.0,-0.00423728813559332,0.0,-0.10000000000000142,23.5,23.55,23.55,23.6,294.0,354.0,245.0,729.0,False
2618,2022-10-21 11:54:44.754069,0.0,-0.00423728813559332,0.0,-0.10000000000000142,23.5,23.55,23.55,23.6,294.0,355.0,245.0,729.0,False
2618,2022-10-21 11:54:45.677248,0.0,-0.00423728813559332,0.0,-0.10000000000000142,23.5,23.55,23.55,23.6,294.0,355.0,245.0,729.0,False
2618,2022-10-21 11:54:46.250901,0.0,-0.00423728813559332,0.0,-0.10000000000000142,23.5,23.55,23.55,23.6,294.0,355.0,245.0,729.0,False
2618,2022-10-21 11:54:46.543877,0.0,-0.00423728813559332,0.0,-0.10000000000000142,23.5,23.55,23.55,23.6,294.0,355.0,245.0,729.0,False
2618,2022-10-21 11:54:49.033514,0.0,-0.00423728813559332,0.0,-0.10000000000000142,23.5,23.55,23.55,23.6,293.0,354.0,245.0,729.0,False
2618,2022-10-21 11:54:49.263899,0.0,-0.00423728813559332,0.0,-0.10000000000000142,23.5,23.55,23.55,23.6,293.0,354.0,245.0,729.0,False
2618,2022-10-21 11:54:49.407725,0.0,-0.00423728813559332,0.0,-0.10000000000000142,23.5,23.55,23.55,23.6,295.0,354.0,245.0,729.0,False
2618,2022-10-21 11:54:49.826280,0.0,-0.00423728813559332,0.0,-0.10000000000000142,23.5,23.55,23.55,23.6,315.0,354.0,245.0,729.0,False
2618,2022-10-21 11:54:49.896160,0.0,-0.00423728813559332,0.0,-0.10000000000000142,23.5,23.55,23.55,23.6,318.0,354.0,245.0,729.0,False
2618,2022-10-21 11:54:51.052276,0.0,-0.00423728813559332,0.0,-0.10000000000000142,23.5,23.55,23.55,23.6,319.0,354.0,245.0,729.0,False
2618,2022-10-21 11:54:52.857317,0.0,-0.00423728813559332,0.0,-0.10000000000000142,23.5,23.55,23.55,23.6,319.0,434.0,245.0,729.0,False
2618,2022-10-21 11:54:53.264973,0.0,-0.00423728813559332,0.0,-0.10000000000000142,23.5,23.55,23.55,23.6,319.0,433.0,245.0,729.0,False
2618,2022-10-21 11:54:55.841262,0.0,-0.00423728813559332,0.0,-0.10000000000000142,23.5,23.55,23.55,23.6,319.0,433.0,245.0,729.0,False
2618,2022-10-21 11:54:58.196735,0.0,-0.00423728813559332,0.0,-0.10000000000000142,23.5,23.55,23.55,23.6,320.0,433.0,245.0,729.0,False
2618,2022-10-21 11:54:59.258358,0.0,-0.00423728813559332,0.0,-0.10000000000000142,23.5,23.55,23.55,23.6,320.0,433.0,245.0,729.0,False
2618,2022-10-21 11:54:59.442577,0.0,-0.00423728813559332,0.0,-0.10000000000000142,23.5,23.55,23.55,23.6,320.0,432.0,245.0,729.0,False
2618,2022-10-21 11:55:02.335906,0.0,-0.00423728813559332,0.0,-0.10000000000000142,23.5,23.55,23.55,23.6,319.0,432.0,245.0,729.0,False
2618,2022-10-21 11:55:03.599936,0.0,-0.00423728813559332,0.0,-0.10000000000000142,23.5,23.55,23.55,23.6,319.0,432.0,245.0,729.0,False
2618,2022-10-21 11:55:04.192024,0.0,-0.00423728813559332,0.0,-0.10000000000000142,23.5,23.55,23.55,23.6,314.0,432.0,245.0,729.0,False
2618,2022-10-21 11:55:06.226131,0.0,-0.00423728813559332,0.0,-0.10000000000000142,23.5,23.55,23.55,23.6,309.0,432.0,245.0,729.0,False
2618,2022-10-21 11:55:06.368987,0.0,-0.00423728813559332,0.0,-0.10000000000000142,23.5,23.55,23.55,23.6,329.0,432.0,245.0,729.0,False
2618,2022-10-21 11:55:07.717704,0.0,-0.00423728813559332,0.0,-0.10000000000000142,23.5,23.55,23.55,23.6,329.0,432.0,245.0,729.0,False
2618,2022-10-21 11:55:07.805922,0.0,-0.00423728813559332,0.0,-0.10000000000000142,23.5,23.55,23.55,23.6,327.0,432.0,245.0,729.0,False
2618,2022-10-21 11:55:08.218597,0.0,-0.00423728813559332,0.0,-0.10000000000000142,23.5,23.55,23.55,23.6,327.0,432.0,245.0,729.0,False
2618,2022-10-21 11:55:08.623942,0.0,-0.00423728813559332,0.0,-0.10000000000000142,23.5,23.55,23.55,23.6,327.0,432.0,245.0,729.0,False
2618,2022-10-21 11:55:09.623711,0.0,-0.00423728813559332,0.0,-0.10000000000000142,23.5,23.55,23.55,23.6,327.0,432.0,245.0,729.0,True
2618,2022-10-21 11:55:10.710751,0.0,-0.00423728813559332,0.0,-0.10000000000000142,23.5,23.55,23.55,23.6,327.0,432.0,245.0,729.0,False
2618,2022-10-21 11:55:13.140494,0.0,-0.00423728813559332,0.0,-0.10000000000000142,23.5,23.55,23.55,23.6,326.0,432.0,245.0,729.0,False
2618,2022-10-21 11:55:13.151676,0.0,-0.00423728813559332,0.0,-0.10000000000000142,23.5,23.55,23.55,23.6,325.0,432.0,245.0,729.0,False
2618,2022-10-21 11:55:15.738639,0.0,-0.00423728813559332,0.0,-0.10000000000000142,23.5,23.55,23.55,23.6,326.0,432.0,245.0,729.0,False
2618,2022-10-21 11:55:18.648463,0.0,-0.00423728813559332,0.0,-0.10000000000000142,23.5,23.55,23.55,23.6,326.0,427.0,245.0,729.0,False
2618,2022-10-21 11:55:21.623883,0.0,-0.00423728813559332,0.0,-0.10000000000000142,23.5,23.55,23.55,23.6,326.0,427.0,245.0,729.0,False
2618,2022-10-21 11:55:22.094642,0.0,-0.00423728813559332,0.0,-0.10000000000000142,23.5,23.55,23.55,23.6,325.0,427.0,245.0,729.0,False
2618,2022-10-21 11:55:22.235583,0.0,-0.00423728813559332,0.0,-0.10000000000000142,23.5,23.55,23.55,23.6,325.0,428.0,245.0,729.0,False
2618,2022-10-21 11:55:22.299144,0.0,-0.00423728813559332,0.0,-0.10000000000000142,23.5,23.55,23.55,23.6,325.0,438.0,245.0,729.0,False
2618,2022-10-21 11:55:23.235565,0.0,-0.00423728813559332,0.0,-0.10000000000000142,23.5,23.55,23.55,23.6,325.0,439.0,245.0,729.0,False
2618,2022-10-21 11:55:25.177076,0.0,-0.00423728813559332,0.0,-0.10000000000000142,23.5,23.55,23.55,23.6,326.0,439.0,245.0,729.0,False
2618,2022-10-21 11:55:25.436117,0.0,-0.00423728813559332,0.0,-0.10000000000000142,23.5,23.55,23.55,23.6,326.0,439.0,245.0,729.0,False
2618,2022-10-21 11:55:25.436911,0.0,-0.00423728813559332,0.0,-0.10000000000000142,23.5,23.55,23.55,23.6,326.0,439.0,245.0,729.0,False
2618,2022-10-21 11:55:26.027076,0.0,-0.00423728813559332,0.0,-0.10000000000000142,23.5,23.55,23.55,23.6,325.0,439.0,245.0,729.0,False
2618,2022-10-21 11:55:26.052992,0.0,-0.00423728813559332,0.0,-0.10000000000000142,23.5,23.55,23.55,23.6,325.0,439.0,245.0,729.0,False
2618,2022-10-21 11:55:26.059186,0.0,-0.00423728813559332,0.0,-0.10000000000000142,23.5,23.55,23.55,23.6,323.0,437.0,245.0,729.0,False
2618,2022-10-21 11:55:26.078573,0.0,-0.00423728813559332,0.0,-0.10000000000000142,23.5,23.55,23.55,23.6,323.0,437.0,245.0,729.0,False
2618,2022-10-21 11:55:26.123339,0.0,-0.00423728813559332,0.0,-0.10000000000000142,23.5,23.55,23.55,23.6,323.0,437.0,245.0,729.0,False
2618,2022-10-21 11:55:26.925020,0.0,-0.00423728813559332,0.0,-0.10000000000000142,23.5,23.55,23.55,23.6,319.0,437.0,245.0,729.0,False
2618,2022-10-21 11:55:27.147657,0.0,-0.00423728813559332,0.0,-0.10000000000000142,23.5,23.55,23.55,23.6,319.0,437.0,245.0,729.0,False
2618,2022-10-21 11:55:29.229688,0.0,-0.00423728813559332,0.0,-0.10000000000000142,23.5,23.55,23.55,23.6,319.0,437.0,245.0,729.0,False
2618,2022-10-21 11:55:30.178058,0.0,-0.00423728813559332,0.0,-0.10000000000000142,23.5,23.55,23.55,23.6,318.0,437.0,245.0,729.0,False
2618,2022-10-21 11:55:30.273953,0.0,-0.00423728813559332,0.0,-0.10000000000000142,23.5,23.55,23.55,23.6,318.0,438.0,245.0,729.0,False
2618,2022-10-21 11:55:30.731050,0.0,-0.00423728813559332,0.0,-0.10000000000000142,23.5,23.55,23.55,23.6,318.0,437.0,245.0,729.0,False
2618,2022-10-21 11:55:30.798281,0.0,-0.00423728813559332,0.0,-0.10000000000000142,23.5,23.55,23.55,23.6,318.0,437.0,245.0,729.0,False
2618,2022-10-21 11:55:31.050732,0.0,-0.00423728813559332,0.0,-0.10000000000000142,23.5,23.55,23.55,23.6,317.0,437.0,245.0,729.0,False
2618,2022-10-21 11:55:31.185330,0.0,-0.00423728813559332,0.0,-0.10000000000000142,23.5,23.55,23.55,23.6,316.0,437.0,245.0,729.0,False
2618,2022-10-21 11:55:31.321080,0.0,-0.00423728813559332,0.0,-0.10000000000000142,23.5,23.55,23.55,23.6,316.0,439.0,245.0,729.0,False
2618,2022-10-21 11:55:31.335490,0.0,-0.00423728813559332,0.0,-0.10000000000000142,23.5,23.55,23.55,23.6,316.0,439.0,245.0,729.0,False
2618,2022-10-21 11:55:31.465141,0.0,-0.00423728813559332,0.0,-0.10000000000000142,23.5,23.55,23.55,23.6,310.0,439.0,245.0,729.0,False
2618,2022-10-21 11:55:31.369990,0.0,-0.00423728813559332,0.0,-0.10000000000000142,23.5,23.55,23.55,23.6,316.0,439.0,245.0,729.0,False
2618,2022-10-21 11:55:32.961489,0.0,-0.00423728813559332,0.0,-0.10000000000000142,23.5,23.55,23.55,23.6,310.0,440.0,245.0,729.0,False
2618,2022-10-21 11:55:34.443506,0.0,-0.00423728813559332,0.0,-0.10000000000000142,23.5,23.55,23.55,23.6,311.0,440.0,245.0,729.0,False
2618,2022-10-21 11:55:36.186128,0.0,-0.00423728813559332,0.0,-0.10000000000000142,23.5,23.55,23.55,23.6,306.0,440.0,245.0,729.0,False
2618,2022-10-21 11:55:36.443328,0.0,-0.00423728813559332,0.0,-0.10000000000000142,23.5,23.55,23.55,23.6,306.0,441.0,245.0,729.0,False
2618,2022-10-21 11:55:36.482846,0.0,-0.00423728813559332,0.0,-0.10000000000000142,23.5,23.55,23.55,23.6,306.0,441.0,245.0,729.0,False
2618,2022-10-21 11:55:36.977620,0.0,-0.00423728813559332,0.0,-0.10000000000000142,23.5,23.55,23.55,23.6,307.0,441.0,245.0,729.0,False
2618,2022-10-21 11:55:38.285310,0.0,-0.00423728813559332,0.0,-0.10000000000000142,23.5,23.55,23.55,23.6,307.0,440.0,245.0,729.0,False
2618,2022-10-21 11:55:39.035137,0.0,-0.00423728813559332,0.0,-0.10000000000000142,23.5,23.55,23.55,23.6,306.0,440.0,245.0,729.0,False
2618,2022-10-21 11:55:39.746403,0.0,-0.00423728813559332,0.0,-0.10000000000000142,23.5,23.55,23.55,23.6,306.0,440.0,245.0,729.0,False
2618,2022-10-21 11:55:40.020204,0.0,-0.00423728813559332,0.0,-0.10000000000000142,23.5,23.55,23.55,23.6,305.0,440.0,245.0,729.0,False
2618,2022-10-21 11:55:40.811205,0.0,-0.00423728813559332,0.0,-0.10000000000000142,23.5,23.55,23.55,23.6,303.0,440.0,245.0,729.0,False
2618,2022-10-21 11:55:42.253855,0.0,-0.00423728813559332,0.0,-0.10000000000000142,23.5,23.55,23.55,23.6,303.0,440.0,245.0,729.0,False
2618,2022-10-21 11:55:42.327328,0.0,-0.00423728813559332,0.0,-0.10000000000000142,23.5,23.55,23.55,23.6,293.0,440.0,245.0,729.0,False
2618,2022-10-21 11:55:42.355487,0.0,-0.00423728813559332,0.0,-0.10000000000000142,23.5,23.55,23.55,23.6,57.0,440.0,245.0,729.0,False
2618,2022-10-21 11:55:42.384689,0.0,-0.00423728813559332,0.0,-0.10000000000000142,23.5,23.55,23.55,23.6,11.0,440.0,245.0,729.0,False
2618,2022-10-21 11:55:42.384713,0.0,-0.006355932203389925,0.0,-0.15000000000000213,23.45,23.55,23.55,23.6,282.0,440.0,245.0,729.0,False
2618,2022-10-21 11:55:42.384730,0.0,-0.006355932203389925,0.0,-0.15000000000000213,23.45,23.55,23.55,23.6,282.0,443.0,245.0,729.0,False
2618,2022-10-21 11:55:42.415980,0.0021276595744681437,-0.006355932203389925,0.05000000000000071,-0.15000000000000213,23.45,23.5,23.55,23.6,280.0,38.0,245.0,729.0,False
2618,2022-10-21 11:55:42.462540,0.0021276595744681437,-0.006355932203389925,0.05000000000000071,-0.15000000000000213,23.45,23.5,23.55,23.6,270.0,206.0,245.0,729.0,False
2618,2022-10-21 11:55:42.454705,0.0021276595744681437,-0.006355932203389925,0.05000000000000071,-0.15000000000000213,23.45,23.5,23.55,23.6,280.0,206.0,245.0,729.0,False
2618,2022-10-21 11:55:42.528750,0.0021276595744681437,-0.006355932203389925,0.05000000000000071,-0.15000000000000213,23.45,23.5,23.55,23.6,270.0,208.0,245.0,729.0,False
2618,2022-10-21 11:55:42.724917,0.0021276595744681437,-0.006355932203389925,0.05000000000000071,-0.15000000000000213,23.45,23.5,23.55,23.6,270.0,206.0,245.0,729.0,False
2618,2022-10-21 11:55:42.756167,0.0021276595744681437,-0.006355932203389925,0.05000000000000071,-0.15000000000000213,23.45,23.5,23.55,23.6,260.0,206.0,245.0,729.0,False
2618,2022-10-21 11:55:43.044330,0.0021276595744681437,-0.006355932203389925,0.05000000000000071,-0.15000000000000213,23.45,23.5,23.55,23.6,260.0,206.0,245.0,729.0,False
2618,2022-10-21 11:55:43.081664,0.0021276595744681437,-0.006355932203389925,0.05000000000000071,-0.15000000000000213,23.45,23.5,23.55,23.6,260.0,207.0,245.0,729.0,False
2618,2022-10-21 11:55:43.553760,0.0021276595744681437,-0.006355932203389925,0.05000000000000071,-0.15000000000000213,23.45,23.5,23.55,23.6,260.0,207.0,245.0,729.0,False
2618,2022-10-21 11:55:43.653681,0.0021276595744681437,-0.006355932203389925,0.05000000000000071,-0.15000000000000213,23.45,23.5,23.55,23.6,260.0,211.0,245.0,729.0,False
2618,2022-10-21 11:55:45.964203,0.0021276595744681437,-0.006355932203389925,0.05000000000000071,-0.15000000000000213,23.45,23.5,23.55,23.6,230.0,211.0,245.0,729.0,False
2618,2022-10-21 11:55:46.480656,0.0021276595744681437,-0.006355932203389925,0.05000000000000071,-0.15000000000000213,23.45,23.5,23.55,23.6,226.0,211.0,245.0,729.0,False
2618,2022-10-21 11:55:46.830464,0.0021276595744681437,-0.006355932203389925,0.05000000000000071,-0.15000000000000213,23.45,23.5,23.55,23.6,222.0,211.0,245.0,729.0,False
2618,2022-10-21 11:55:46.881456,0.0021276595744681437,-0.006355932203389925,0.05000000000000071,-0.15000000000000213,23.45,23.5,23.55,23.6,222.0,201.0,245.0,729.0,False
2618,2022-10-21 11:55:47.483382,0.0021276595744681437,-0.006355932203389925,0.05000000000000071,-0.15000000000000213,23.45,23.5,23.55,23.6,221.0,201.0,245.0,729.0,False
2618,2022-10-21 11:55:47.514322,0.0021276595744681437,-0.006355932203389925,0.05000000000000071,-0.15000000000000213,23.45,23.5,23.55,23.6,220.0,197.0,245.0,729.0,False
2618,2022-10-21 11:55:48.441047,0.0021276595744681437,-0.006355932203389925,0.05000000000000071,-0.15000000000000213,23.45,23.5,23.55,23.6,220.0,197.0,245.0,729.0,False
2618,2022-10-21 11:55:49.084696,0.0021276595744681437,-0.006355932203389925,0.05000000000000071,-0.15000000000000213,23.45,23.5,23.55,23.6,220.0,198.0,245.0,729.0,False
2618,2022-10-21 11:55:49.722981,0.0021276595744681437,-0.006355932203389925,0.05000000000000071,-0.15000000000000213,23.45,23.5,23.55,23.6,220.0,198.0,245.0,25704.0,True
2618,2022-10-21 11:55:52.032323,0.0021276595744681437,-0.006355932203389925,0.05000000000000071,-0.15000000000000213,23.45,23.5,23.55,23.6,220.0,199.0,245.0,25704.0,False
2618,2022-10-21 11:55:52.635182,0.0021276595744681437,-0.006355932203389925,0.05000000000000071,-0.15000000000000213,23.45,23.5,23.55,23.6,220.0,196.0,245.0,25704.0,False
2618,2022-10-21 11:55:55.653515,0.0021276595744681437,-0.006355932203389925,0.05000000000000071,-0.15000000000000213,23.45,23.5,23.55,23.6,220.0,197.0,245.0,25704.0,False
2618,2022-10-21 11:55:56.860529,0.0021276595744681437,-0.006355932203389925,0.05000000000000071,-0.15000000000000213,23.45,23.5,23.55,23.6,220.0,197.0,245.0,25704.0,False
2618,2022-10-21 11:55:58.049422,0.0021276595744681437,-0.006355932203389925,0.05000000000000071,-0.15000000000000213,23.45,23.5,23.55,23.6,220.0,198.0,245.0,25704.0,False
2618,2022-10-21 11:55:58.381476,0.0021276595744681437,-0.006355932203389925,0.05000000000000071,-0.15000000000000213,23.45,23.5,23.55,23.6,220.0,198.0,245.0,25704.0,False
2618,2022-10-21 11:55:59.300900,0.0021276595744681437,-0.006355932203389925,0.05000000000000071,-0.15000000000000213,23.45,23.5,23.55,23.6,221.0,198.0,245.0,25704.0,False
2618,2022-10-21 11:55:59.748987,0.0021276595744681437,-0.006355932203389925,0.05000000000000071,-0.15000000000000213,23.45,23.5,23.55,23.6,221.0,198.0,185.0,25704.0,True
2618,2022-10-21 11:56:00.634763,0.0021276595744681437,-0.006355932203389925,0.05000000000000071,-0.15000000000000213,23.45,23.5,23.55,23.6,221.0,199.0,185.0,25704.0,False
2618,2022-10-21 11:56:00.872291,0.0021276595744681437,-0.006355932203389925,0.05000000000000071,-0.15000000000000213,23.45,23.5,23.55,23.6,221.0,199.0,185.0,25704.0,False
2618,2022-10-21 11:56:02.773160,0.0021276595744681437,-0.006355932203389925,0.05000000000000071,-0.15000000000000213,23.45,23.5,23.55,23.6,221.0,199.0,185.0,25704.0,False
2618,2022-10-21 11:56:03.210904,0.0021276595744681437,-0.006355932203389925,0.05000000000000071,-0.15000000000000213,23.45,23.5,23.55,23.6,221.0,199.0,185.0,25704.0,False
2618,2022-10-21 11:56:05.043089,0.0021276595744681437,-0.006355932203389925,0.05000000000000071,-0.15000000000000213,23.45,23.5,23.55,23.6,221.0,200.0,185.0,25704.0,False
2618,2022-10-21 11:56:05.062433,0.0021276595744681437,-0.006355932203389925,0.05000000000000071,-0.15000000000000213,23.45,23.5,23.55,23.6,221.0,199.0,185.0,25704.0,False
2618,2022-10-21 11:56:06.553340,0.0021276595744681437,-0.006355932203389925,0.05000000000000071,-0.15000000000000213,23.45,23.5,23.55,23.6,221.0,199.0,185.0,25704.0,False
2618,2022-10-21 11:56:07.009764,0.0021276595744681437,-0.006355932203389925,0.05000000000000071,-0.15000000000000213,23.45,23.5,23.55,23.6,221.0,200.0,185.0,25704.0,False
2618,2022-10-21 11:56:07.259033,0.0021276595744681437,-0.006355932203389925,0.05000000000000071,-0.15000000000000213,23.45,23.5,23.55,23.6,221.0,200.0,185.0,25704.0,False
2618,2022-10-21 11:56:08.468687,0.0021276595744681437,-0.006355932203389925,0.05000000000000071,-0.15000000000000213,23.45,23.5,23.55,23.6,221.0,200.0,185.0,25704.0,False
2618,2022-10-21 11:56:09.782639,0.0021276595744681437,-0.006355932203389925,0.05000000000000071,-0.15000000000000213,23.45,23.5,23.55,23.6,221.0,200.0,165.0,25704.0,True
2618,2022-10-21 11:56:11.252820,0.0021276595744681437,-0.006355932203389925,0.05000000000000071,-0.15000000000000213,23.45,23.5,23.55,23.6,221.0,200.0,165.0,25704.0,False
2618,2022-10-21 11:56:12.595769,0.0021276595744681437,-0.006355932203389925,0.05000000000000071,-0.15000000000000213,23.45,23.5,23.55,23.6,221.0,200.0,165.0,25704.0,False
2618,2022-10-21 11:56:14.069630,0.0021276595744681437,-0.006355932203389925,0.05000000000000071,-0.15000000000000213,23.45,23.5,23.55,23.6,221.0,200.0,165.0,25704.0,False
2618,2022-10-21 11:56:15.439105,0.0021276595744681437,-0.006355932203389925,0.05000000000000071,-0.15000000000000213,23.45,23.5,23.55,23.6,221.0,200.0,165.0,25704.0,False
2618,2022-10-21 11:56:15.440795,0.0021276595744681437,-0.006355932203389925,0.05000000000000071,-0.15000000000000213,23.45,23.5,23.55,23.6,221.0,201.0,165.0,25704.0,False
2618,2022-10-21 11:56:15.978298,0.0021276595744681437,-0.006355932203389925,0.05000000000000071,-0.15000000000000213,23.45,23.5,23.55,23.6,221.0,201.0,165.0,25704.0,False
2618,2022-10-21 11:56:16.083389,0.0021276595744681437,-0.006355932203389925,0.05000000000000071,-0.15000000000000213,23.45,23.5,23.55,23.6,221.0,202.0,165.0,25704.0,False
2618,2022-10-21 11:56:16.875784,0.0021276595744681437,-0.006355932203389925,0.05000000000000071,-0.15000000000000213,23.45,23.5,23.55,23.6,221.0,202.0,165.0,25704.0,False
2618,2022-10-21 11:56:18.051006,0.0021276595744681437,-0.006355932203389925,0.05000000000000071,-0.15000000000000213,23.45,23.5,23.55,23.6,221.0,203.0,165.0,25704.0,False
2618,2022-10-21 11:56:21.435332,0.0021276595744681437,-0.006355932203389925,0.05000000000000071,-0.15000000000000213,23.45,23.5,23.55,23.6,221.0,203.0,165.0,25704.0,False
2618,2022-10-21 11:56:21.629400,0.0021276595744681437,-0.006355932203389925,0.05000000000000071,-0.15000000000000213,23.45,23.5,23.55,23.6,521.0,203.0,165.0,25704.0,False
2618,2022-10-21 11:56:21.670451,0.0021276595744681437,-0.006355932203389925,0.05000000000000071,-0.15000000000000213,23.45,23.5,23.55,23.6,521.0,184.0,165.0,25704.0,False
2618,2022-10-21 11:56:21.718259,0.0021276595744681437,-0.006355932203389925,0.05000000000000071,-0.15000000000000213,23.45,23.5,23.55,23.6,521.0,184.0,165.0,25704.0,False
2618,2022-10-21 11:56:21.922140,0.0021276595744681437,-0.006355932203389925,0.05000000000000071,-0.15000000000000213,23.45,23.5,23.55,23.6,521.0,184.0,165.0,25704.0,False
2618,2022-10-21 11:56:22.597258,0.0021276595744681437,-0.006355932203389925,0.05000000000000071,-0.15000000000000213,23.45,23.5,23.55,23.6,521.0,184.0,165.0,25704.0,False
2618,2022-10-21 11:56:24.850059,0.0021276595744681437,-0.006355932203389925,0.05000000000000071,-0.15000000000000213,23.45,23.5,23.55,23.6,521.0,185.0,165.0,25704.0,False
2618,2022-10-21 11:56:25.046500,0.0021276595744681437,-0.006355932203389925,0.05000000000000071,-0.15000000000000213,23.45,23.5,23.55,23.6,521.0,186.0,165.0,25704.0,False
2618,2022-10-21 11:56:25.528228,0.0021276595744681437,-0.006355932203389925,0.05000000000000071,-0.15000000000000213,23.45,23.5,23.55,23.6,521.0,186.0,165.0,25704.0,False
2618,2022-10-21 11:56:25.747834,0.0021276595744681437,-0.006355932203389925,0.05000000000000071,-0.15000000000000213,23.45,23.5,23.55,23.6,526.0,186.0,165.0,25704.0,False
2618,2022-10-21 11:56:25.892217,0.0021276595744681437,-0.006355932203389925,0.05000000000000071,-0.15000000000000213,23.45,23.5,23.55,23.6,526.0,185.0,165.0,25704.0,False
2618,2022-10-21 11:56:29.848571,0.0021276595744681437,-0.006355932203389925,0.05000000000000071,-0.15000000000000213,23.45,23.5,23.55,23.6,526.0,185.0,215.0,25704.0,True
2618,2022-10-21 11:56:31.066237,0.0021276595744681437,-0.006355932203389925,0.05000000000000071,-0.15000000000000213,23.45,23.5,23.55,23.6,526.0,186.0,215.0,25704.0,False
2618,2022-10-21 11:56:31.129416,0.0021276595744681437,-0.006355932203389925,0.05000000000000071,-0.15000000000000213,23.45,23.5,23.55,23.6,526.0,185.0,215.0,25704.0,False
2618,2022-10-21 11:56:34.005852,0.0021276595744681437,-0.006355932203389925,0.05000000000000071,-0.15000000000000213,23.45,23.5,23.55,23.6,526.0,185.0,215.0,25704.0,False
2618,2022-10-21 11:56:34.033635,0.0021276595744681437,-0.006355932203389925,0.05000000000000071,-0.15000000000000213,23.45,23.5,23.55,23.6,526.0,40.0,215.0,25704.0,False
2618,2022-10-21 11:56:34.143846,0.0021276595744681437,-0.006355932203389925,0.05000000000000071,-0.15000000000000213,23.45,23.5,23.55,23.6,529.0,39.0,215.0,25704.0,False
2618,2022-10-21 11:56:34.352875,0.0021276595744681437,-0.006355932203389925,0.05000000000000071,-0.15000000000000213,23.45,23.5,23.55,23.6,529.0,39.0,215.0,25704.0,False
2618,2022-10-21 11:56:34.778675,0.0021276595744681437,-0.006355932203389925,0.05000000000000071,-0.15000000000000213,23.45,23.5,23.55,23.6,529.0,39.0,215.0,25704.0,False
2618,2022-10-21 11:56:34.980484,0.0021276595744681437,-0.006355932203389925,0.05000000000000071,-0.15000000000000213,23.45,23.5,23.55,23.6,530.0,39.0,215.0,25704.0,False
2618,2022-10-21 11:56:35.011497,0.0021276595744681437,-0.006355932203389925,0.05000000000000071,-0.15000000000000213,23.45,23.5,23.55,23.6,530.0,39.0,215.0,25704.0,False
2618,2022-10-21 11:56:37.412208,0.0021276595744681437,-0.006355932203389925,0.05000000000000071,-0.15000000000000213,23.45,23.5,23.55,23.6,530.0,39.0,215.0,25704.0,False
2618,2022-10-21 11:56:37.891226,0.0021276595744681437,-0.006355932203389925,0.05000000000000071,-0.15000000000000213,23.45,23.5,23.55,23.6,530.0,37.0,215.0,25704.0,False
2618,2022-10-21 11:56:38.428583,0.0021276595744681437,-0.006355932203389925,0.05000000000000071,-0.15000000000000213,23.45,23.5,23.55,23.6,530.0,35.0,215.0,25704.0,False
2618,2022-10-21 11:56:38.638101,0.0021276595744681437,-0.006355932203389925,0.05000000000000071,-0.15000000000000213,23.45,23.5,23.55,23.6,530.0,34.0,215.0,25704.0,False
2618,2022-10-21 11:56:40.717398,0.0021276595744681437,-0.006355932203389925,0.05000000000000071,-0.15000000000000213,23.45,23.5,23.55,23.6,530.0,29.0,215.0,25704.0,False
2618,2022-10-21 11:56:41.161134,0.0021276595744681437,-0.006355932203389925,0.05000000000000071,-0.15000000000000213,23.45,23.5,23.55,23.6,530.0,29.0,215.0,25704.0,False
2618,2022-10-21 11:56:42.484388,0.0021276595744681437,-0.006355932203389925,0.05000000000000071,-0.15000000000000213,23.45,23.5,23.55,23.6,532.0,29.0,215.0,25704.0,False
2618,2022-10-21 11:56:42.975674,0.0021276595744681437,-0.006355932203389925,0.05000000000000071,-0.15000000000000213,23.45,23.5,23.55,23.6,532.0,30.0,215.0,25704.0,False
2618,2022-10-21 11:56:43.850175,0.0021276595744681437,-0.006355932203389925,0.05000000000000071,-0.15000000000000213,23.45,23.5,23.55,23.6,532.0,33.0,215.0,25704.0,False
2618,2022-10-21 11:56:43.962495,0.0021276595744681437,-0.006355932203389925,0.05000000000000071,-0.15000000000000213,23.45,23.5,23.55,23.6,532.0,34.0,215.0,25704.0,False
2618,2022-10-21 11:56:47.111069,0.0021276595744681437,-0.006355932203389925,0.05000000000000071,-0.15000000000000213,23.45,23.5,23.55,23.6,532.0,33.0,215.0,25704.0,False
2618,2022-10-21 11:56:48.207453,0.0021276595744681437,-0.006355932203389925,0.05000000000000071,-0.15000000000000213,23.45,23.5,23.55,23.6,532.0,33.0,215.0,25704.0,False
2618,2022-10-21 11:56:51.036519,0.0021276595744681437,-0.006355932203389925,0.05000000000000071,-0.15000000000000213,23.45,23.5,23.55,23.6,532.0,33.0,215.0,25704.0,False
2618,2022-10-21 11:56:51.372774,0.0021276595744681437,-0.006355932203389925,0.05000000000000071,-0.15000000000000213,23.45,23.5,23.55,23.6,532.0,33.0,215.0,25704.0,False
2618,2022-10-21 11:56:52.048625,0.0021276595744681437,-0.006355932203389925,0.05000000000000071,-0.15000000000000213,23.45,23.5,23.55,23.6,532.0,34.0,215.0,25704.0,False
2618,2022-10-21 11:56:53.706123,0.0021276595744681437,-0.006355932203389925,0.05000000000000071,-0.15000000000000213,23.45,23.5,23.55,23.6,532.0,34.0,215.0,25704.0,False
2618,2022-10-21 11:56:54.543991,0.0021276595744681437,-0.006355932203389925,0.05000000000000071,-0.15000000000000213,23.45,23.5,23.55,23.6,532.0,34.0,215.0,25704.0,False
2618,2022-10-21 11:56:56.579325,0.0021276595744681437,-0.006355932203389925,0.05000000000000071,-0.15000000000000213,23.45,23.5,23.55,23.6,532.0,34.0,215.0,25704.0,False
2618,2022-10-21 11:56:56.970933,0.0021276595744681437,-0.006355932203389925,0.05000000000000071,-0.15000000000000213,23.45,23.5,23.55,23.6,532.0,35.0,215.0,25704.0,False
2618,2022-10-21 11:56:57.159529,0.0021276595744681437,-0.006355932203389925,0.05000000000000071,-0.15000000000000213,23.45,23.5,23.55,23.6,532.0,38.0,215.0,25704.0,False
2618,2022-10-21 11:56:57.794810,0.0021276595744681437,-0.006355932203389925,0.05000000000000071,-0.15000000000000213,23.45,23.5,23.55,23.6,532.0,34.0,215.0,25704.0,False
