symbol,datetime,NaOb_r,NbOa_r,NaOb_s,NbOa_s,bid1,ask1,odd_bid1,odd_ask11,bidQty1,askQty1,odd_bidQty1,odd_ask1Qty1,triggerbyOdd
2883,2022-10-21 09:34:11.464056,0.0,-0.008849557522124019,0.0,-0.10000000000000142,11.2,11.25,11.25,11.3,1627.0,577.0,6941.0,80420.0,False
2883,2022-10-21 09:34:13.374681,0.0,-0.008849557522124019,0.0,-0.10000000000000142,11.2,11.25,11.25,11.3,1627.0,577.0,6941.0,80420.0,False
2883,2022-10-21 09:34:14.063614,0.0,-0.008849557522124019,0.0,-0.10000000000000142,11.2,11.25,11.25,11.3,1627.0,577.0,6941.0,80420.0,False
2883,2022-10-21 09:34:16.844789,0.0,-0.008849557522124019,0.0,-0.10000000000000142,11.2,11.25,11.25,11.3,1627.0,577.0,6941.0,80420.0,False
2883,2022-10-21 09:34:21.111531,0.0,-0.008849557522124019,0.0,-0.10000000000000142,11.2,11.25,11.25,11.3,1627.0,577.0,6941.0,80420.0,True
2883,2022-10-21 09:34:25.471709,0.0,-0.008849557522124019,0.0,-0.10000000000000142,11.2,11.25,11.25,11.3,1627.0,577.0,6941.0,80420.0,False
2883,2022-10-21 09:34:27.821176,0.0,-0.008849557522124019,0.0,-0.10000000000000142,11.2,11.25,11.25,11.3,1627.0,592.0,6941.0,80420.0,False
2883,2022-10-21 09:34:28.822418,0.0,-0.008849557522124019,0.0,-0.10000000000000142,11.2,11.25,11.25,11.3,1627.0,587.0,6941.0,80420.0,False
2883,2022-10-21 09:34:28.955020,0.0,-0.008849557522124019,0.0,-0.10000000000000142,11.2,11.25,11.25,11.3,1627.0,587.0,6941.0,80420.0,False
2883,2022-10-21 09:34:29.757261,0.0,-0.008849557522124019,0.0,-0.10000000000000142,11.2,11.25,11.25,11.3,1627.0,587.0,6941.0,80420.0,False
2883,2022-10-21 09:34:31.147565,0.0,-0.008849557522124019,0.0,-0.10000000000000142,11.2,11.25,11.25,11.3,1627.0,587.0,7041.0,80420.0,True
2883,2022-10-21 09:34:31.375358,0.0,-0.008849557522124019,0.0,-0.10000000000000142,11.2,11.25,11.25,11.3,1627.0,587.0,7041.0,80420.0,False
2883,2022-10-21 09:34:31.654039,0.0,-0.008849557522124019,0.0,-0.10000000000000142,11.2,11.25,11.25,11.3,1627.0,586.0,7041.0,80420.0,False
2883,2022-10-21 09:34:31.685453,0.0,-0.008849557522124019,0.0,-0.10000000000000142,11.2,11.25,11.25,11.3,1625.0,586.0,7041.0,80420.0,False
2883,2022-10-21 09:34:31.812215,0.0,-0.008849557522124019,0.0,-0.10000000000000142,11.2,11.25,11.25,11.3,1627.0,586.0,7041.0,80420.0,False
2883,2022-10-21 09:34:34.550593,0.0,-0.008849557522124019,0.0,-0.10000000000000142,11.2,11.25,11.25,11.3,1627.0,586.0,7041.0,80420.0,False
2883,2022-10-21 09:34:34.619584,0.0,-0.008849557522124019,0.0,-0.10000000000000142,11.2,11.25,11.25,11.3,1627.0,586.0,7041.0,80420.0,False
2883,2022-10-21 09:34:34.964111,0.0,-0.008849557522124019,0.0,-0.10000000000000142,11.2,11.25,11.25,11.3,1627.0,586.0,7041.0,80420.0,False
2883,2022-10-21 09:34:35.203706,0.0,-0.008849557522124019,0.0,-0.10000000000000142,11.2,11.25,11.25,11.3,1629.0,586.0,7041.0,80420.0,False
2883,2022-10-21 09:34:35.591650,0.0,-0.008849557522124019,0.0,-0.10000000000000142,11.2,11.25,11.25,11.3,1629.0,586.0,7041.0,80420.0,False
2883,2022-10-21 09:34:36.779238,0.0,-0.008849557522124019,0.0,-0.10000000000000142,11.2,11.25,11.25,11.3,1629.0,586.0,7041.0,80420.0,False
2883,2022-10-21 09:34:40.205866,0.0,-0.008849557522124019,0.0,-0.10000000000000142,11.2,11.25,11.25,11.3,1629.0,586.0,7041.0,80420.0,False
2883,2022-10-21 09:34:41.189110,0.0,-0.008849557522124019,0.0,-0.10000000000000142,11.2,11.25,11.25,11.3,1629.0,586.0,7051.0,80420.0,True
2883,2022-10-21 09:34:41.222820,0.0,-0.008849557522124019,0.0,-0.10000000000000142,11.2,11.25,11.25,11.3,1628.0,586.0,7051.0,80420.0,False
2883,2022-10-21 09:34:44.783781,0.0,-0.008849557522124019,0.0,-0.10000000000000142,11.2,11.25,11.25,11.3,1628.0,586.0,7051.0,80420.0,False
2883,2022-10-21 09:34:45.864443,0.0,-0.008849557522124019,0.0,-0.10000000000000142,11.2,11.25,11.25,11.3,1628.0,586.0,7051.0,80420.0,False
2883,2022-10-21 09:34:46.452630,0.0,-0.008849557522124019,0.0,-0.10000000000000142,11.2,11.25,11.25,11.3,1628.0,586.0,7051.0,80420.0,False
2883,2022-10-21 09:34:46.538096,0.0,-0.008849557522124019,0.0,-0.10000000000000142,11.2,11.25,11.25,11.3,1628.0,586.0,7051.0,80420.0,False
2883,2022-10-21 09:34:48.644096,0.0,-0.008849557522124019,0.0,-0.10000000000000142,11.2,11.25,11.25,11.3,1629.0,586.0,7051.0,80420.0,False
2883,2022-10-21 09:34:49.870334,0.0,-0.008849557522124019,0.0,-0.10000000000000142,11.2,11.25,11.25,11.3,1629.0,590.0,7051.0,80420.0,False
2883,2022-10-21 09:34:51.388112,0.0,-0.008849557522124019,0.0,-0.10000000000000142,11.2,11.25,11.25,11.3,1629.0,590.0,7051.0,80420.0,True
2883,2022-10-21 09:34:51.909668,0.0,-0.008849557522124019,0.0,-0.10000000000000142,11.2,11.25,11.25,11.3,1629.0,590.0,7051.0,80420.0,False
2883,2022-10-21 09:34:54.678090,0.0,-0.008849557522124019,0.0,-0.10000000000000142,11.2,11.25,11.25,11.3,1630.0,590.0,7051.0,80420.0,False
2883,2022-10-21 09:34:55.034556,0.0,-0.008849557522124019,0.0,-0.10000000000000142,11.2,11.25,11.25,11.3,1630.0,590.0,7051.0,80420.0,False
2883,2022-10-21 09:34:55.669237,0.0,-0.008849557522124019,0.0,-0.10000000000000142,11.2,11.25,11.25,11.3,1631.0,590.0,7051.0,80420.0,False
2883,2022-10-21 09:34:57.968011,0.0,-0.008849557522124019,0.0,-0.10000000000000142,11.2,11.25,11.25,11.3,1631.0,590.0,7051.0,80420.0,False
2883,2022-10-21 09:34:59.146828,0.0,-0.008849557522124019,0.0,-0.10000000000000142,11.2,11.25,11.25,11.3,1631.0,591.0,7051.0,80420.0,False
2883,2022-10-21 09:35:00.416814,0.0,-0.008849557522124019,0.0,-0.10000000000000142,11.2,11.25,11.25,11.3,1631.0,592.0,7051.0,80420.0,False
2883,2022-10-21 09:35:00.604431,0.0,-0.008849557522124019,0.0,-0.10000000000000142,11.2,11.25,11.25,11.3,1631.0,592.0,7051.0,80420.0,False
2883,2022-10-21 09:35:00.710811,0.0,-0.008849557522124019,0.0,-0.10000000000000142,11.2,11.25,11.25,11.3,1631.0,592.0,7051.0,80420.0,False
2883,2022-10-21 09:35:01.576532,0.0,-0.008849557522124019,0.0,-0.10000000000000142,11.2,11.25,11.25,11.3,1631.0,592.0,7051.0,80420.0,True
2883,2022-10-21 09:35:04.053246,0.0,-0.008849557522124019,0.0,-0.10000000000000142,11.2,11.25,11.25,11.3,1630.0,592.0,7051.0,80420.0,False
2883,2022-10-21 09:35:07.922114,0.0,-0.008849557522124019,0.0,-0.10000000000000142,11.2,11.25,11.25,11.3,1630.0,592.0,7051.0,80420.0,False
2883,2022-10-21 09:35:11.434221,0.0,-0.008849557522124019,0.0,-0.10000000000000142,11.2,11.25,11.25,11.3,1630.0,592.0,7051.0,80420.0,False
2883,2022-10-21 09:35:11.580934,0.0,-0.008849557522124019,0.0,-0.10000000000000142,11.2,11.25,11.25,11.3,1630.0,592.0,7056.0,80406.0,True
2883,2022-10-21 09:35:12.764667,0.0,-0.008849557522124019,0.0,-0.10000000000000142,11.2,11.25,11.25,11.3,1630.0,592.0,7056.0,80406.0,False
2883,2022-10-21 09:35:12.883579,0.0,-0.008849557522124019,0.0,-0.10000000000000142,11.2,11.25,11.25,11.3,1630.0,592.0,7056.0,80406.0,False
2883,2022-10-21 09:35:12.887132,0.0,-0.008849557522124019,0.0,-0.10000000000000142,11.2,11.25,11.25,11.3,1630.0,590.0,7056.0,80406.0,False
2883,2022-10-21 09:35:14.299713,0.0,-0.008849557522124019,0.0,-0.10000000000000142,11.2,11.25,11.25,11.3,1632.0,590.0,7056.0,80406.0,False
2883,2022-10-21 09:35:14.509489,0.0,-0.008849557522124019,0.0,-0.10000000000000142,11.2,11.25,11.25,11.3,1632.0,590.0,7056.0,80406.0,False
2883,2022-10-21 09:35:16.472253,0.0,-0.008849557522124019,0.0,-0.10000000000000142,11.2,11.25,11.25,11.3,1633.0,590.0,7056.0,80406.0,False
2883,2022-10-21 09:35:16.934022,0.0,-0.008849557522124019,0.0,-0.10000000000000142,11.2,11.25,11.25,11.3,1633.0,590.0,7056.0,80406.0,False
2883,2022-10-21 09:35:19.922538,0.0,-0.008849557522124019,0.0,-0.10000000000000142,11.2,11.25,11.25,11.3,1633.0,590.0,7056.0,80406.0,False
2883,2022-10-21 09:35:20.057965,0.0,-0.008849557522124019,0.0,-0.10000000000000142,11.2,11.25,11.25,11.3,1633.0,590.0,7056.0,80406.0,False
2883,2022-10-21 09:35:20.638966,0.0,-0.008849557522124019,0.0,-0.10000000000000142,11.2,11.25,11.25,11.3,1633.0,588.0,7056.0,80406.0,False
2883,2022-10-21 09:35:21.597632,0.0,-0.008849557522124019,0.0,-0.10000000000000142,11.2,11.25,11.25,11.3,1633.0,588.0,7056.0,80406.0,True
2883,2022-10-21 09:35:21.901387,0.0,-0.008849557522124019,0.0,-0.10000000000000142,11.2,11.25,11.25,11.3,1633.0,587.0,7056.0,80406.0,False
2883,2022-10-21 09:35:22.013758,0.0,-0.008849557522124019,0.0,-0.10000000000000142,11.2,11.25,11.25,11.3,1633.0,586.0,7056.0,80406.0,False
2883,2022-10-21 09:35:22.078658,0.0,-0.008849557522124019,0.0,-0.10000000000000142,11.2,11.25,11.25,11.3,1633.0,589.0,7056.0,80406.0,False
2883,2022-10-21 09:35:22.144666,0.0,-0.008849557522124019,0.0,-0.10000000000000142,11.2,11.25,11.25,11.3,1634.0,589.0,7056.0,80406.0,False
2883,2022-10-21 09:35:24.628897,0.0,-0.008849557522124019,0.0,-0.10000000000000142,11.2,11.25,11.25,11.3,1634.0,589.0,7056.0,80406.0,False
2883,2022-10-21 09:35:25.406164,0.0,-0.008849557522124019,0.0,-0.10000000000000142,11.2,11.25,11.25,11.3,1634.0,589.0,7056.0,80406.0,False
2883,2022-10-21 09:35:26.974487,0.0,-0.008849557522124019,0.0,-0.10000000000000142,11.2,11.25,11.25,11.3,1634.0,589.0,7056.0,80406.0,False
2883,2022-10-21 09:35:27.555607,0.0,-0.008849557522124019,0.0,-0.10000000000000142,11.2,11.25,11.25,11.3,1634.0,589.0,7056.0,80406.0,False
2883,2022-10-21 09:35:29.062427,0.0,-0.008849557522124019,0.0,-0.10000000000000142,11.2,11.25,11.25,11.3,1634.0,589.0,7056.0,80406.0,False
2883,2022-10-21 09:35:29.305391,0.0,-0.008849557522124019,0.0,-0.10000000000000142,11.2,11.25,11.25,11.3,1634.0,597.0,7056.0,80406.0,False
2883,2022-10-21 09:35:31.619198,0.0,-0.008849557522124019,0.0,-0.10000000000000142,11.2,11.25,11.25,11.3,1634.0,597.0,7006.0,80406.0,True
2883,2022-10-21 09:35:32.244110,0.0,-0.008849557522124019,0.0,-0.10000000000000142,11.2,11.25,11.25,11.3,1634.0,597.0,7006.0,80406.0,False
2883,2022-10-21 09:35:33.233980,0.0,-0.008849557522124019,0.0,-0.10000000000000142,11.2,11.25,11.25,11.3,1634.0,597.0,7006.0,80406.0,False
2883,2022-10-21 09:35:34.076500,0.0,-0.008849557522124019,0.0,-0.10000000000000142,11.2,11.25,11.25,11.3,1634.0,596.0,7006.0,80406.0,False
2883,2022-10-21 09:35:35.985274,0.0,-0.008849557522124019,0.0,-0.10000000000000142,11.2,11.25,11.25,11.3,1634.0,596.0,7006.0,80406.0,False
2883,2022-10-21 09:35:36.325790,0.0,-0.008849557522124019,0.0,-0.10000000000000142,11.2,11.25,11.25,11.3,1635.0,596.0,7006.0,80406.0,False
2883,2022-10-21 09:35:37.396469,0.0,-0.008849557522124019,0.0,-0.10000000000000142,11.2,11.25,11.25,11.3,1635.0,596.0,7006.0,80406.0,False
2883,2022-10-21 09:35:38.345489,0.0,-0.008849557522124019,0.0,-0.10000000000000142,11.2,11.25,11.25,11.3,1635.0,596.0,7006.0,80406.0,False
2883,2022-10-21 09:35:38.611127,0.0,-0.008849557522124019,0.0,-0.10000000000000142,11.2,11.25,11.25,11.3,1635.0,596.0,7006.0,80406.0,False
2883,2022-10-21 09:35:38.701344,0.0,-0.008849557522124019,0.0,-0.10000000000000142,11.2,11.25,11.25,11.3,1635.0,596.0,7006.0,80406.0,False
2883,2022-10-21 09:35:39.895979,0.0,-0.008849557522124019,0.0,-0.10000000000000142,11.2,11.25,11.25,11.3,1635.0,596.0,7006.0,80406.0,False
2883,2022-10-21 09:35:41.645977,0.0,-0.008849557522124019,0.0,-0.10000000000000142,11.2,11.25,11.25,11.3,1635.0,596.0,7006.0,80396.0,True
2883,2022-10-21 09:35:43.861490,0.0,-0.008849557522124019,0.0,-0.10000000000000142,11.2,11.25,11.25,11.3,1635.0,596.0,7006.0,80396.0,False
2883,2022-10-21 09:35:45.223629,0.0,-0.008849557522124019,0.0,-0.10000000000000142,11.2,11.25,11.25,11.3,1636.0,596.0,7006.0,80396.0,False
2883,2022-10-21 09:35:46.268160,0.0,-0.008849557522124019,0.0,-0.10000000000000142,11.2,11.25,11.25,11.3,1636.0,596.0,7006.0,80396.0,False
2883,2022-10-21 09:35:50.582238,0.0,-0.008849557522124019,0.0,-0.10000000000000142,11.2,11.25,11.25,11.3,1637.0,596.0,7006.0,80396.0,False
2883,2022-10-21 09:35:50.910856,0.0,-0.008849557522124019,0.0,-0.10000000000000142,11.2,11.25,11.25,11.3,1637.0,593.0,7006.0,80396.0,False
2883,2022-10-21 09:35:51.680437,0.0,-0.008849557522124019,0.0,-0.10000000000000142,11.2,11.25,11.25,11.3,1637.0,593.0,7006.0,80396.0,True
2883,2022-10-21 09:35:55.167462,0.0,-0.008849557522124019,0.0,-0.10000000000000142,11.2,11.25,11.25,11.3,1637.0,593.0,7006.0,80396.0,False
2883,2022-10-21 09:35:56.859870,0.0,-0.008849557522124019,0.0,-0.10000000000000142,11.2,11.25,11.25,11.3,1637.0,593.0,7006.0,80396.0,False
2883,2022-10-21 09:35:56.909163,0.0,-0.008849557522124019,0.0,-0.10000000000000142,11.2,11.25,11.25,11.3,1637.0,593.0,7006.0,80396.0,False
2883,2022-10-21 09:35:57.926614,0.0,-0.008849557522124019,0.0,-0.10000000000000142,11.2,11.25,11.25,11.3,1637.0,596.0,7006.0,80396.0,False
2883,2022-10-21 09:36:01.067122,0.0,-0.008849557522124019,0.0,-0.10000000000000142,11.2,11.25,11.25,11.3,1638.0,596.0,7006.0,80396.0,False
2883,2022-10-21 09:36:01.708598,0.0,-0.008849557522124019,0.0,-0.10000000000000142,11.2,11.25,11.25,11.3,1638.0,596.0,7006.0,80381.0,True
2883,2022-10-21 09:36:02.204738,0.0,-0.008849557522124019,0.0,-0.10000000000000142,11.2,11.25,11.25,11.3,1638.0,596.0,7006.0,80381.0,False
2883,2022-10-21 09:36:06.144255,0.0,-0.008849557522124019,0.0,-0.10000000000000142,11.2,11.25,11.25,11.3,1632.0,596.0,7006.0,80381.0,False
2883,2022-10-21 09:36:07.826828,0.0,-0.008849557522124019,0.0,-0.10000000000000142,11.2,11.25,11.25,11.3,1635.0,596.0,7006.0,80381.0,False
2883,2022-10-21 09:36:09.831155,0.0,-0.008849557522124019,0.0,-0.10000000000000142,11.2,11.25,11.25,11.3,1635.0,596.0,7006.0,80381.0,False
2883,2022-10-21 09:36:11.736249,0.0,-0.008849557522124019,0.0,-0.10000000000000142,11.2,11.25,11.25,11.3,1635.0,596.0,7106.0,80381.0,True
2883,2022-10-21 09:36:14.238878,0.0,-0.008849557522124019,0.0,-0.10000000000000142,11.2,11.25,11.25,11.3,1635.0,596.0,7106.0,80381.0,False
2883,2022-10-21 09:36:19.104604,0.0,-0.008849557522124019,0.0,-0.10000000000000142,11.2,11.25,11.25,11.3,1635.0,596.0,7106.0,80381.0,False
2883,2022-10-21 09:36:19.276136,0.0,-0.008849557522124019,0.0,-0.10000000000000142,11.2,11.25,11.25,11.3,1634.0,596.0,7106.0,80381.0,False
2883,2022-10-21 09:36:20.520326,0.0,-0.008849557522124019,0.0,-0.10000000000000142,11.2,11.25,11.25,11.3,1634.0,596.0,7106.0,80381.0,False
2883,2022-10-21 09:36:21.764003,0.0,-0.008849557522124019,0.0,-0.10000000000000142,11.2,11.25,11.25,11.3,1634.0,596.0,7106.0,80361.0,True
2883,2022-10-21 09:36:24.526342,0.0,-0.008849557522124019,0.0,-0.10000000000000142,11.2,11.25,11.25,11.3,1631.0,596.0,7106.0,80361.0,False
2883,2022-10-21 09:36:24.603626,0.0,-0.008849557522124019,0.0,-0.10000000000000142,11.2,11.25,11.25,11.3,1631.0,595.0,7106.0,80361.0,False
2883,2022-10-21 09:36:24.641361,0.0,-0.008849557522124019,0.0,-0.10000000000000142,11.2,11.25,11.25,11.3,1683.0,595.0,7106.0,80361.0,False
2883,2022-10-21 09:36:24.676150,0.0,-0.008849557522124019,0.0,-0.10000000000000142,11.2,11.25,11.25,11.3,1684.0,595.0,7106.0,80361.0,False
2883,2022-10-21 09:36:27.042300,0.0,-0.008849557522124019,0.0,-0.10000000000000142,11.2,11.25,11.25,11.3,1684.0,593.0,7106.0,80361.0,False
2883,2022-10-21 09:36:30.512490,0.0,-0.008849557522124019,0.0,-0.10000000000000142,11.2,11.25,11.25,11.3,1689.0,593.0,7106.0,80361.0,False
2883,2022-10-21 09:36:30.825340,0.0,-0.008849557522124019,0.0,-0.10000000000000142,11.2,11.25,11.25,11.3,1689.0,593.0,7106.0,80361.0,False
2883,2022-10-21 09:36:31.040285,0.0,-0.008849557522124019,0.0,-0.10000000000000142,11.2,11.25,11.25,11.3,1691.0,593.0,7106.0,80361.0,False
2883,2022-10-21 09:36:31.790942,0.0,-0.008849557522124019,0.0,-0.10000000000000142,11.2,11.25,11.25,11.3,1691.0,593.0,7126.0,80349.0,True
2883,2022-10-21 09:36:31.900137,0.0,-0.008849557522124019,0.0,-0.10000000000000142,11.2,11.25,11.25,11.3,1691.0,593.0,7126.0,80349.0,False
2883,2022-10-21 09:36:32.934535,0.0,-0.008849557522124019,0.0,-0.10000000000000142,11.2,11.25,11.25,11.3,1701.0,593.0,7126.0,80349.0,False
2883,2022-10-21 09:36:34.016722,0.0,-0.008849557522124019,0.0,-0.10000000000000142,11.2,11.25,11.25,11.3,1702.0,593.0,7126.0,80349.0,False
2883,2022-10-21 09:36:34.990854,0.0,-0.008849557522124019,0.0,-0.10000000000000142,11.2,11.25,11.25,11.3,1702.0,593.0,7126.0,80349.0,False
2883,2022-10-21 09:36:36.306065,0.0,-0.008849557522124019,0.0,-0.10000000000000142,11.2,11.25,11.25,11.3,1703.0,593.0,7126.0,80349.0,False
2883,2022-10-21 09:36:39.438289,0.0,-0.008849557522124019,0.0,-0.10000000000000142,11.2,11.25,11.25,11.3,1705.0,593.0,7126.0,80349.0,False
2883,2022-10-21 09:36:42.407405,0.0,-0.008849557522124019,0.0,-0.10000000000000142,11.2,11.25,11.25,11.3,1707.0,593.0,7126.0,80349.0,False
2883,2022-10-21 09:36:43.300102,0.0,-0.008849557522124019,0.0,-0.10000000000000142,11.2,11.25,11.25,11.3,1707.0,593.0,7126.0,80349.0,False
2883,2022-10-21 09:36:43.301305,0.0,-0.008849557522124019,0.0,-0.10000000000000142,11.2,11.25,11.25,11.3,1707.0,593.0,7126.0,80349.0,False
2883,2022-10-21 09:36:43.733857,0.0,-0.008849557522124019,0.0,-0.10000000000000142,11.2,11.25,11.25,11.3,1708.0,593.0,7126.0,80349.0,False
2883,2022-10-21 09:36:44.562418,0.0,-0.008849557522124019,0.0,-0.10000000000000142,11.2,11.25,11.25,11.3,1708.0,593.0,7126.0,80349.0,False
2883,2022-10-21 09:36:44.797134,0.0,-0.008849557522124019,0.0,-0.10000000000000142,11.2,11.25,11.25,11.3,1708.0,592.0,7126.0,80349.0,False
2883,2022-10-21 09:36:44.880336,0.0,-0.008849557522124019,0.0,-0.10000000000000142,11.2,11.25,11.25,11.3,1708.0,592.0,7126.0,80349.0,False
2883,2022-10-21 09:36:47.077239,0.0,-0.008849557522124019,0.0,-0.10000000000000142,11.2,11.25,11.25,11.3,1713.0,592.0,7126.0,80349.0,False
2883,2022-10-21 09:36:47.572309,0.0,-0.008849557522124019,0.0,-0.10000000000000142,11.2,11.25,11.25,11.3,1719.0,592.0,7126.0,80349.0,False
2883,2022-10-21 09:36:48.046277,0.0,-0.008849557522124019,0.0,-0.10000000000000142,11.2,11.25,11.25,11.3,1719.0,592.0,7126.0,80349.0,False
2883,2022-10-21 09:36:48.396211,0.0,-0.008849557522124019,0.0,-0.10000000000000142,11.2,11.25,11.25,11.3,1716.0,589.0,7126.0,80349.0,False
2883,2022-10-21 09:36:49.113511,0.0,-0.008849557522124019,0.0,-0.10000000000000142,11.2,11.25,11.25,11.3,1716.0,589.0,7126.0,80349.0,False
2883,2022-10-21 09:36:50.284131,0.0,-0.008849557522124019,0.0,-0.10000000000000142,11.2,11.25,11.25,11.3,1716.0,589.0,7126.0,80349.0,False
2883,2022-10-21 09:36:50.913266,0.0,-0.008849557522124019,0.0,-0.10000000000000142,11.2,11.25,11.25,11.3,1715.0,589.0,7126.0,80349.0,False
2883,2022-10-21 09:36:51.122107,0.0,-0.008849557522124019,0.0,-0.10000000000000142,11.2,11.25,11.25,11.3,1715.0,589.0,7126.0,80349.0,False
2883,2022-10-21 09:36:51.573744,0.0,-0.008849557522124019,0.0,-0.10000000000000142,11.2,11.25,11.25,11.3,1715.0,589.0,7126.0,80349.0,False
2883,2022-10-21 09:36:51.825724,0.0,-0.008849557522124019,0.0,-0.10000000000000142,11.2,11.25,11.25,11.3,1715.0,589.0,7126.0,80349.0,False
2883,2022-10-21 09:36:51.855236,0.0,-0.008849557522124019,0.0,-0.10000000000000142,11.2,11.25,11.25,11.3,1715.0,589.0,7126.0,81238.0,True
2883,2022-10-21 09:36:53.298035,0.0,-0.008849557522124019,0.0,-0.10000000000000142,11.2,11.25,11.25,11.3,1715.0,592.0,7126.0,81238.0,False
2883,2022-10-21 09:36:54.215826,0.0,-0.008849557522124019,0.0,-0.10000000000000142,11.2,11.25,11.25,11.3,1713.0,592.0,7126.0,81238.0,False
2883,2022-10-21 09:36:54.217745,0.0,-0.008849557522124019,0.0,-0.10000000000000142,11.2,11.25,11.25,11.3,1713.0,592.0,7126.0,81238.0,False
2883,2022-10-21 09:36:54.721667,0.0,-0.008849557522124019,0.0,-0.10000000000000142,11.2,11.25,11.25,11.3,1713.0,592.0,7126.0,81238.0,False
2883,2022-10-21 09:36:55.942851,0.0,-0.008849557522124019,0.0,-0.10000000000000142,11.2,11.25,11.25,11.3,1713.0,592.0,7126.0,81238.0,False
2883,2022-10-21 09:36:56.130756,0.0,-0.008849557522124019,0.0,-0.10000000000000142,11.2,11.25,11.25,11.3,1713.0,592.0,7126.0,81238.0,False
2883,2022-10-21 09:36:56.287199,0.0,-0.008849557522124019,0.0,-0.10000000000000142,11.2,11.25,11.25,11.3,1713.0,592.0,7126.0,81238.0,False
2883,2022-10-21 09:36:56.346067,0.0,-0.008849557522124019,0.0,-0.10000000000000142,11.2,11.25,11.25,11.3,1713.0,592.0,7126.0,81238.0,False
2883,2022-10-21 09:36:56.602711,0.0,-0.008849557522124019,0.0,-0.10000000000000142,11.2,11.25,11.25,11.3,1718.0,592.0,7126.0,81238.0,False
2883,2022-10-21 09:36:58.700570,0.0,-0.008849557522124019,0.0,-0.10000000000000142,11.2,11.25,11.25,11.3,1722.0,592.0,7126.0,81238.0,False
2883,2022-10-21 09:37:01.080851,0.0,-0.008849557522124019,0.0,-0.10000000000000142,11.2,11.25,11.25,11.3,1722.0,592.0,7626.0,82237.0,True
2883,2022-10-21 09:37:02.826803,0.0,-0.008849557522124019,0.0,-0.10000000000000142,11.2,11.25,11.25,11.3,1732.0,592.0,7626.0,82237.0,False
2883,2022-10-21 09:37:04.152600,0.0,-0.008849557522124019,0.0,-0.10000000000000142,11.2,11.25,11.25,11.3,1732.0,592.0,7626.0,82237.0,False
2883,2022-10-21 09:37:04.152647,0.0,-0.008849557522124019,0.0,-0.10000000000000142,11.2,11.25,11.25,11.3,1732.0,592.0,7626.0,82237.0,False
2883,2022-10-21 09:37:04.858482,0.0,-0.008849557522124019,0.0,-0.10000000000000142,11.2,11.25,11.25,11.3,1732.0,592.0,7626.0,82237.0,False
2883,2022-10-21 09:37:06.117761,0.0,-0.008849557522124019,0.0,-0.10000000000000142,11.2,11.25,11.25,11.3,1732.0,592.0,7626.0,82237.0,False
2883,2022-10-21 09:37:06.736522,0.0,-0.008849557522124019,0.0,-0.10000000000000142,11.2,11.25,11.25,11.3,1730.0,592.0,7626.0,82237.0,False
2883,2022-10-21 09:37:07.265308,0.0,-0.008849557522124019,0.0,-0.10000000000000142,11.2,11.25,11.25,11.3,1731.0,592.0,7626.0,82237.0,False
2883,2022-10-21 09:37:10.960347,0.0,-0.008849557522124019,0.0,-0.10000000000000142,11.2,11.25,11.25,11.3,1737.0,592.0,7626.0,82237.0,False
2883,2022-10-21 09:37:11.114340,0.0,-0.008849557522124019,0.0,-0.10000000000000142,11.2,11.25,11.25,11.3,1737.0,592.0,7676.0,82238.0,True
2883,2022-10-21 09:37:11.159435,0.0,-0.008849557522124019,0.0,-0.10000000000000142,11.2,11.25,11.25,11.3,1737.0,592.0,7676.0,82238.0,False
2883,2022-10-21 09:37:13.069896,0.0,-0.008849557522124019,0.0,-0.10000000000000142,11.2,11.25,11.25,11.3,1738.0,592.0,7676.0,82238.0,False
2883,2022-10-21 09:37:13.705103,0.0,-0.008849557522124019,0.0,-0.10000000000000142,11.2,11.25,11.25,11.3,1739.0,592.0,7676.0,82238.0,False
2883,2022-10-21 09:37:18.710266,0.0,-0.008849557522124019,0.0,-0.10000000000000142,11.2,11.25,11.25,11.3,1739.0,592.0,7676.0,82238.0,False
2883,2022-10-21 09:37:21.143143,0.0,-0.008849557522124019,0.0,-0.10000000000000142,11.2,11.25,11.25,11.3,1739.0,592.0,7676.0,82238.0,True
2883,2022-10-21 09:37:23.137836,0.0,-0.008849557522124019,0.0,-0.10000000000000142,11.2,11.25,11.25,11.3,1739.0,594.0,7676.0,82238.0,False
2883,2022-10-21 09:37:23.651450,0.0,-0.008849557522124019,0.0,-0.10000000000000142,11.2,11.25,11.25,11.3,1738.0,594.0,7676.0,82238.0,False
2883,2022-10-21 09:37:23.920990,0.0,-0.008849557522124019,0.0,-0.10000000000000142,11.2,11.25,11.25,11.3,1738.0,594.0,7676.0,82238.0,False
2883,2022-10-21 09:37:26.188999,0.0,-0.008849557522124019,0.0,-0.10000000000000142,11.2,11.25,11.25,11.3,1738.0,594.0,7676.0,82238.0,False
2883,2022-10-21 09:37:27.151498,0.0,-0.008849557522124019,0.0,-0.10000000000000142,11.2,11.25,11.25,11.3,1738.0,594.0,7676.0,82238.0,False
2883,2022-10-21 09:37:27.340445,0.0,-0.008849557522124019,0.0,-0.10000000000000142,11.2,11.25,11.25,11.3,1733.0,594.0,7676.0,82238.0,False
2883,2022-10-21 09:37:27.721524,0.0,-0.008849557522124019,0.0,-0.10000000000000142,11.2,11.25,11.25,11.3,1733.0,594.0,7676.0,82238.0,False
2883,2022-10-21 09:37:28.543789,0.0,-0.008849557522124019,0.0,-0.10000000000000142,11.2,11.25,11.25,11.3,1733.0,594.0,7676.0,82238.0,False
2883,2022-10-21 09:37:28.965316,0.0,-0.008849557522124019,0.0,-0.10000000000000142,11.2,11.25,11.25,11.3,1731.0,594.0,7676.0,82238.0,False
2883,2022-10-21 09:37:29.754658,0.0,-0.008849557522124019,0.0,-0.10000000000000142,11.2,11.25,11.25,11.3,1733.0,594.0,7676.0,82238.0,False
2883,2022-10-21 09:37:30.556421,0.0,-0.008849557522124019,0.0,-0.10000000000000142,11.2,11.25,11.25,11.3,1734.0,594.0,7676.0,82238.0,False
2883,2022-10-21 09:37:30.779458,0.0,-0.008849557522124019,0.0,-0.10000000000000142,11.2,11.25,11.25,11.3,1734.0,594.0,7676.0,82238.0,False
2883,2022-10-21 09:37:31.172204,0.0,-0.008849557522124019,0.0,-0.10000000000000142,11.2,11.25,11.25,11.3,1734.0,594.0,7676.0,82465.0,True
2883,2022-10-21 09:37:32.684840,0.0,-0.008849557522124019,0.0,-0.10000000000000142,11.2,11.25,11.25,11.3,1735.0,594.0,7676.0,82465.0,False
2883,2022-10-21 09:37:33.506898,0.0,-0.008849557522124019,0.0,-0.10000000000000142,11.2,11.25,11.25,11.3,1740.0,594.0,7676.0,82465.0,False
2883,2022-10-21 09:37:34.629403,0.0,-0.008849557522124019,0.0,-0.10000000000000142,11.2,11.25,11.25,11.3,1740.0,594.0,7676.0,82465.0,False
2883,2022-10-21 09:37:35.472634,0.0,-0.008849557522124019,0.0,-0.10000000000000142,11.2,11.25,11.25,11.3,1739.0,594.0,7676.0,82465.0,False
2883,2022-10-21 09:37:37.939510,0.0,-0.008849557522124019,0.0,-0.10000000000000142,11.2,11.25,11.25,11.3,1739.0,594.0,7676.0,82465.0,False
2883,2022-10-21 09:37:41.210510,0.0,-0.008849557522124019,0.0,-0.10000000000000142,11.2,11.25,11.25,11.3,1739.0,594.0,7676.0,82465.0,True
2883,2022-10-21 09:37:42.936014,0.0,-0.008849557522124019,0.0,-0.10000000000000142,11.2,11.25,11.25,11.3,1739.0,594.0,7676.0,82465.0,False
2883,2022-10-21 09:37:43.471462,0.0,-0.008849557522124019,0.0,-0.10000000000000142,11.2,11.25,11.25,11.3,1739.0,594.0,7676.0,82465.0,False
2883,2022-10-21 09:37:44.053931,0.0,-0.008849557522124019,0.0,-0.10000000000000142,11.2,11.25,11.25,11.3,1740.0,594.0,7676.0,82465.0,False
2883,2022-10-21 09:37:45.573323,0.0,-0.008849557522124019,0.0,-0.10000000000000142,11.2,11.25,11.25,11.3,1740.0,594.0,7676.0,82465.0,False
2883,2022-10-21 09:37:47.313914,0.0,-0.008849557522124019,0.0,-0.10000000000000142,11.2,11.25,11.25,11.3,1740.0,594.0,7676.0,82465.0,False
2883,2022-10-21 09:37:47.396590,0.0,-0.008849557522124019,0.0,-0.10000000000000142,11.2,11.25,11.25,11.3,1740.0,594.0,7676.0,82465.0,False
2883,2022-10-21 09:37:48.849234,0.0,-0.008849557522124019,0.0,-0.10000000000000142,11.2,11.25,11.25,11.3,1740.0,594.0,7676.0,82465.0,False
2883,2022-10-21 09:37:49.759816,0.0,-0.008849557522124019,0.0,-0.10000000000000142,11.2,11.25,11.25,11.3,1741.0,594.0,7676.0,82465.0,False
2883,2022-10-21 09:37:49.860411,0.0,-0.008849557522124019,0.0,-0.10000000000000142,11.2,11.25,11.25,11.3,1741.0,594.0,7676.0,82465.0,False
2883,2022-10-21 09:37:49.953623,0.0,-0.008849557522124019,0.0,-0.10000000000000142,11.2,11.25,11.25,11.3,1741.0,594.0,7676.0,82465.0,False
2883,2022-10-21 09:37:51.239622,0.0,-0.008849557522124019,0.0,-0.10000000000000142,11.2,11.25,11.25,11.3,1741.0,594.0,7686.0,82465.0,True
2883,2022-10-21 09:37:52.263475,0.0,-0.008849557522124019,0.0,-0.10000000000000142,11.2,11.25,11.25,11.3,1739.0,594.0,7686.0,82465.0,False
2883,2022-10-21 09:37:54.510419,0.0,-0.008849557522124019,0.0,-0.10000000000000142,11.2,11.25,11.25,11.3,1739.0,594.0,7686.0,82465.0,False
2883,2022-10-21 09:37:54.897856,0.0,-0.008849557522124019,0.0,-0.10000000000000142,11.2,11.25,11.25,11.3,1739.0,594.0,7686.0,82465.0,False
2883,2022-10-21 09:37:54.946705,0.0,-0.008849557522124019,0.0,-0.10000000000000142,11.2,11.25,11.25,11.3,1741.0,594.0,7686.0,82465.0,False
2883,2022-10-21 09:37:55.554365,0.0,-0.008849557522124019,0.0,-0.10000000000000142,11.2,11.25,11.25,11.3,1742.0,594.0,7686.0,82465.0,False
2883,2022-10-21 09:37:56.599891,0.0,-0.008849557522124019,0.0,-0.10000000000000142,11.2,11.25,11.25,11.3,1742.0,594.0,7686.0,82465.0,False
2883,2022-10-21 09:37:57.550820,0.0,-0.008849557522124019,0.0,-0.10000000000000142,11.2,11.25,11.25,11.3,1742.0,594.0,7686.0,82465.0,False
2883,2022-10-21 09:37:58.507067,0.0,-0.008849557522124019,0.0,-0.10000000000000142,11.2,11.25,11.25,11.3,1742.0,594.0,7686.0,82465.0,False
2883,2022-10-21 09:37:59.539186,0.0,-0.008849557522124019,0.0,-0.10000000000000142,11.2,11.25,11.25,11.3,1742.0,594.0,7686.0,82465.0,False
2883,2022-10-21 09:38:00.504785,0.0,-0.008849557522124019,0.0,-0.10000000000000142,11.2,11.25,11.25,11.3,1742.0,594.0,7686.0,82465.0,False
2883,2022-10-21 09:38:01.270699,0.0,-0.008849557522124019,0.0,-0.10000000000000142,11.2,11.25,11.25,11.3,1740.0,594.0,7686.0,82465.0,False
2883,2022-10-21 09:38:01.267762,0.0,-0.008849557522124019,0.0,-0.10000000000000142,11.2,11.25,11.25,11.3,1740.0,594.0,7706.0,82465.0,True
2883,2022-10-21 09:38:01.739684,0.0,-0.008849557522124019,0.0,-0.10000000000000142,11.2,11.25,11.25,11.3,1740.0,594.0,7706.0,82465.0,False
2883,2022-10-21 09:38:02.552672,0.0,-0.008849557522124019,0.0,-0.10000000000000142,11.2,11.25,11.25,11.3,1741.0,594.0,7706.0,82465.0,False
2883,2022-10-21 09:38:02.578046,0.0,-0.008849557522124019,0.0,-0.10000000000000142,11.2,11.25,11.25,11.3,1740.0,594.0,7706.0,82465.0,False
2883,2022-10-21 09:38:04.839807,0.0,-0.008849557522124019,0.0,-0.10000000000000142,11.2,11.25,11.25,11.3,1740.0,594.0,7706.0,82465.0,False
2883,2022-10-21 09:38:08.638700,0.0,-0.008849557522124019,0.0,-0.10000000000000142,11.2,11.25,11.25,11.3,1741.0,594.0,7706.0,82465.0,False
2883,2022-10-21 09:38:09.993571,0.0,-0.008849557522124019,0.0,-0.10000000000000142,11.2,11.25,11.25,11.3,1741.0,594.0,7706.0,82465.0,False
2883,2022-10-21 09:38:11.295782,0.0,-0.008849557522124019,0.0,-0.10000000000000142,11.2,11.25,11.25,11.3,1741.0,594.0,7721.0,82415.0,True
2883,2022-10-21 09:38:11.933204,0.0,-0.008849557522124019,0.0,-0.10000000000000142,11.2,11.25,11.25,11.3,1741.0,594.0,7721.0,82415.0,False
2883,2022-10-21 09:38:12.605607,0.0,-0.008849557522124019,0.0,-0.10000000000000142,11.2,11.25,11.25,11.3,1742.0,594.0,7721.0,82415.0,False
2883,2022-10-21 09:38:13.491953,0.0,-0.008849557522124019,0.0,-0.10000000000000142,11.2,11.25,11.25,11.3,1837.0,594.0,7721.0,82415.0,False
2883,2022-10-21 09:38:23.814500,0.0,-0.008849557522124019,0.0,-0.10000000000000142,11.2,11.25,11.25,11.3,1837.0,594.0,7721.0,82415.0,False
2883,2022-10-21 09:38:24.977020,0.0,-0.008849557522124019,0.0,-0.10000000000000142,11.2,11.25,11.25,11.3,1837.0,597.0,7721.0,82415.0,False
2883,2022-10-21 09:38:25.317781,0.0,-0.008849557522124019,0.0,-0.10000000000000142,11.2,11.25,11.25,11.3,1837.0,597.0,7721.0,82415.0,False
2883,2022-10-21 09:38:29.169524,0.0,-0.008849557522124019,0.0,-0.10000000000000142,11.2,11.25,11.25,11.3,1837.0,595.0,7721.0,82415.0,False
2883,2022-10-21 09:38:29.249366,0.0,-0.008849557522124019,0.0,-0.10000000000000142,11.2,11.25,11.25,11.3,1837.0,595.0,7721.0,82415.0,False
2883,2022-10-21 09:38:30.797916,0.0,-0.008849557522124019,0.0,-0.10000000000000142,11.2,11.25,11.25,11.3,1837.0,595.0,7721.0,82415.0,False
2883,2022-10-21 09:38:31.354051,0.0,-0.008849557522124019,0.0,-0.10000000000000142,11.2,11.25,11.25,11.3,1837.0,595.0,7621.0,82415.0,True
2883,2022-10-21 09:38:31.559759,0.0,-0.008849557522124019,0.0,-0.10000000000000142,11.2,11.25,11.25,11.3,1837.0,595.0,7621.0,82415.0,False
2883,2022-10-21 09:38:31.567187,0.0,-0.008849557522124019,0.0,-0.10000000000000142,11.2,11.25,11.25,11.3,1837.0,595.0,7621.0,82415.0,False
2883,2022-10-21 09:38:31.823471,0.0,-0.008849557522124019,0.0,-0.10000000000000142,11.2,11.25,11.25,11.3,1837.0,595.0,7621.0,82415.0,False
2883,2022-10-21 09:38:31.870788,0.0,-0.008849557522124019,0.0,-0.10000000000000142,11.2,11.25,11.25,11.3,1837.0,594.0,7621.0,82415.0,False
2883,2022-10-21 09:38:35.955266,0.0,-0.008849557522124019,0.0,-0.10000000000000142,11.2,11.25,11.25,11.3,1837.0,594.0,7621.0,82415.0,False
2883,2022-10-21 09:38:38.699936,0.0,-0.008849557522124019,0.0,-0.10000000000000142,11.2,11.25,11.25,11.3,1838.0,594.0,7621.0,82415.0,False
2883,2022-10-21 09:38:41.382109,0.0,-0.008849557522124019,0.0,-0.10000000000000142,11.2,11.25,11.25,11.3,1838.0,594.0,7888.0,82415.0,True
2883,2022-10-21 09:38:43.082599,0.0,-0.008849557522124019,0.0,-0.10000000000000142,11.2,11.25,11.25,11.3,1838.0,594.0,7888.0,82415.0,False
2883,2022-10-21 09:38:44.308060,0.0,-0.008849557522124019,0.0,-0.10000000000000142,11.2,11.25,11.25,11.3,1838.0,574.0,7888.0,82415.0,False
2883,2022-10-21 09:38:44.347359,0.0,-0.008849557522124019,0.0,-0.10000000000000142,11.2,11.25,11.25,11.3,1838.0,574.0,7888.0,82415.0,False
2883,2022-10-21 09:38:44.813655,0.0,-0.008849557522124019,0.0,-0.10000000000000142,11.2,11.25,11.25,11.3,1834.0,574.0,7888.0,82415.0,False
2883,2022-10-21 09:38:44.842160,0.0,-0.008849557522124019,0.0,-0.10000000000000142,11.2,11.25,11.25,11.3,1834.0,573.0,7888.0,82415.0,False
2883,2022-10-21 09:38:44.842187,0.0,-0.008849557522124019,0.0,-0.10000000000000142,11.2,11.25,11.25,11.3,1834.0,570.0,7888.0,82415.0,False
2883,2022-10-21 09:38:48.325719,0.0,-0.008849557522124019,0.0,-0.10000000000000142,11.2,11.25,11.25,11.3,1836.0,570.0,7888.0,82415.0,False
2883,2022-10-21 09:38:48.543248,0.0,-0.008849557522124019,0.0,-0.10000000000000142,11.2,11.25,11.25,11.3,1836.0,570.0,7888.0,82415.0,False
2883,2022-10-21 09:38:49.109120,0.0,-0.008849557522124019,0.0,-0.10000000000000142,11.2,11.25,11.25,11.3,1836.0,569.0,7888.0,82415.0,False
2883,2022-10-21 09:38:49.583813,0.0,-0.008849557522124019,0.0,-0.10000000000000142,11.2,11.25,11.25,11.3,1838.0,569.0,7888.0,82415.0,False
2883,2022-10-21 09:38:51.411207,0.0,-0.008849557522124019,0.0,-0.10000000000000142,11.2,11.25,11.25,11.3,1838.0,569.0,7888.0,82415.0,False
2883,2022-10-21 09:38:51.410154,0.0,-0.008849557522124019,0.0,-0.10000000000000142,11.2,11.25,11.25,11.3,1838.0,569.0,7911.0,82215.0,True
2883,2022-10-21 09:38:51.971357,0.0,-0.008849557522124019,0.0,-0.10000000000000142,11.2,11.25,11.25,11.3,1838.0,569.0,7911.0,82215.0,False
2883,2022-10-21 09:38:52.498778,0.0,-0.008849557522124019,0.0,-0.10000000000000142,11.2,11.25,11.25,11.3,1839.0,569.0,7911.0,82215.0,False
2883,2022-10-21 09:38:54.385427,0.0,-0.008849557522124019,0.0,-0.10000000000000142,11.2,11.25,11.25,11.3,1840.0,569.0,7911.0,82215.0,False
2883,2022-10-21 09:38:54.407298,0.0,-0.008849557522124019,0.0,-0.10000000000000142,11.2,11.25,11.25,11.3,1840.0,569.0,7911.0,82215.0,False
2883,2022-10-21 09:38:54.800967,0.0,-0.008849557522124019,0.0,-0.10000000000000142,11.2,11.25,11.25,11.3,1845.0,569.0,7911.0,82215.0,False
2883,2022-10-21 09:38:55.746962,0.0,-0.008849557522124019,0.0,-0.10000000000000142,11.2,11.25,11.25,11.3,1795.0,569.0,7911.0,82215.0,False
2883,2022-10-21 09:38:55.765027,0.0,-0.008849557522124019,0.0,-0.10000000000000142,11.2,11.25,11.25,11.3,1795.0,569.0,7911.0,82215.0,False
2883,2022-10-21 09:38:56.555504,0.0,-0.008849557522124019,0.0,-0.10000000000000142,11.2,11.25,11.25,11.3,1789.0,569.0,7911.0,82215.0,False
2883,2022-10-21 09:38:56.860861,0.0,-0.008849557522124019,0.0,-0.10000000000000142,11.2,11.25,11.25,11.3,1785.0,569.0,7911.0,82215.0,False
2883,2022-10-21 09:38:56.892157,0.0,-0.008849557522124019,0.0,-0.10000000000000142,11.2,11.25,11.25,11.3,1785.0,565.0,7911.0,82215.0,False
2883,2022-10-21 09:38:57.097966,0.0,-0.008849557522124019,0.0,-0.10000000000000142,11.2,11.25,11.25,11.3,1791.0,565.0,7911.0,82215.0,False
2883,2022-10-21 09:38:57.841344,0.0,-0.008849557522124019,0.0,-0.10000000000000142,11.2,11.25,11.25,11.3,1791.0,565.0,7911.0,82215.0,False
2883,2022-10-21 09:38:57.854277,0.0,-0.008849557522124019,0.0,-0.10000000000000142,11.2,11.25,11.25,11.3,1788.0,565.0,7911.0,82215.0,False
2883,2022-10-21 09:38:58.422032,0.0,-0.008849557522124019,0.0,-0.10000000000000142,11.2,11.25,11.25,11.3,1788.0,565.0,7911.0,82215.0,False
2883,2022-10-21 09:38:58.875698,0.0,-0.008849557522124019,0.0,-0.10000000000000142,11.2,11.25,11.25,11.3,1783.0,565.0,7911.0,82215.0,False
2883,2022-10-21 09:38:58.904482,0.0,-0.008849557522124019,0.0,-0.10000000000000142,11.2,11.25,11.25,11.3,1783.0,560.0,7911.0,82215.0,False
2883,2022-10-21 09:38:59.135423,0.0,-0.008849557522124019,0.0,-0.10000000000000142,11.2,11.25,11.25,11.3,1786.0,560.0,7911.0,82215.0,False
2883,2022-10-21 09:38:59.446728,0.0,-0.008849557522124019,0.0,-0.10000000000000142,11.2,11.25,11.25,11.3,1787.0,560.0,7911.0,82215.0,False
2883,2022-10-21 09:39:00.378286,0.0,-0.008849557522124019,0.0,-0.10000000000000142,11.2,11.25,11.25,11.3,1787.0,610.0,7911.0,82215.0,False
2883,2022-10-21 09:39:01.437324,0.0,-0.008849557522124019,0.0,-0.10000000000000142,11.2,11.25,11.25,11.3,1787.0,610.0,8054.0,82244.0,True
2883,2022-10-21 09:39:01.921625,0.0,-0.008849557522124019,0.0,-0.10000000000000142,11.2,11.25,11.25,11.3,1787.0,610.0,8054.0,82244.0,False
2883,2022-10-21 09:39:02.506190,0.0,-0.008849557522124019,0.0,-0.10000000000000142,11.2,11.25,11.25,11.3,1788.0,610.0,8054.0,82244.0,False
2883,2022-10-21 09:39:03.474535,0.0,-0.008849557522124019,0.0,-0.10000000000000142,11.2,11.25,11.25,11.3,1788.0,608.0,8054.0,82244.0,False
2883,2022-10-21 09:39:04.529756,0.0,-0.008849557522124019,0.0,-0.10000000000000142,11.2,11.25,11.25,11.3,1788.0,610.0,8054.0,82244.0,False
2883,2022-10-21 09:39:04.632100,0.0,-0.008849557522124019,0.0,-0.10000000000000142,11.2,11.25,11.25,11.3,1788.0,610.0,8054.0,82244.0,False
2883,2022-10-21 09:39:04.880982,0.0,-0.008849557522124019,0.0,-0.10000000000000142,11.2,11.25,11.25,11.3,1738.0,610.0,8054.0,82244.0,False
2883,2022-10-21 09:39:04.914935,0.0,-0.008849557522124019,0.0,-0.10000000000000142,11.2,11.25,11.25,11.3,1738.0,610.0,8054.0,82244.0,False
2883,2022-10-21 09:39:04.991908,0.0,-0.008849557522124019,0.0,-0.10000000000000142,11.2,11.25,11.25,11.3,1738.0,609.0,8054.0,82244.0,False
2883,2022-10-21 09:39:05.120598,0.0,-0.008849557522124019,0.0,-0.10000000000000142,11.2,11.25,11.25,11.3,1785.0,609.0,8054.0,82244.0,False
2883,2022-10-21 09:39:05.760508,0.0,-0.008849557522124019,0.0,-0.10000000000000142,11.2,11.25,11.25,11.3,1782.0,609.0,8054.0,82244.0,False
2883,2022-10-21 09:39:05.774196,0.0,-0.008849557522124019,0.0,-0.10000000000000142,11.2,11.25,11.25,11.3,1777.0,609.0,8054.0,82244.0,False
2883,2022-10-21 09:39:06.822233,0.0,-0.008849557522124019,0.0,-0.10000000000000142,11.2,11.25,11.25,11.3,1778.0,609.0,8054.0,82244.0,False
2883,2022-10-21 09:39:06.948385,0.0,-0.008849557522124019,0.0,-0.10000000000000142,11.2,11.25,11.25,11.3,1773.0,604.0,8054.0,82244.0,False
2883,2022-10-21 09:39:06.913334,0.0,-0.008849557522124019,0.0,-0.10000000000000142,11.2,11.25,11.25,11.3,1773.0,609.0,8054.0,82244.0,False
2883,2022-10-21 09:39:07.181963,0.0,-0.008849557522124019,0.0,-0.10000000000000142,11.2,11.25,11.25,11.3,1769.0,604.0,8054.0,82244.0,False
2883,2022-10-21 09:39:07.210567,0.0,-0.008849557522124019,0.0,-0.10000000000000142,11.2,11.25,11.25,11.3,1769.0,600.0,8054.0,82244.0,False
2883,2022-10-21 09:39:07.286660,0.0,-0.008849557522124019,0.0,-0.10000000000000142,11.2,11.25,11.25,11.3,1769.0,600.0,8054.0,82244.0,False
2883,2022-10-21 09:39:07.499996,0.0,-0.008849557522124019,0.0,-0.10000000000000142,11.2,11.25,11.25,11.3,1769.0,600.0,8054.0,82244.0,False
2883,2022-10-21 09:39:08.112439,0.0,-0.008849557522124019,0.0,-0.10000000000000142,11.2,11.25,11.25,11.3,1764.0,600.0,8054.0,82244.0,False
2883,2022-10-21 09:39:08.163031,0.0,-0.008849557522124019,0.0,-0.10000000000000142,11.2,11.25,11.25,11.3,1764.0,600.0,8054.0,82244.0,False
2883,2022-10-21 09:39:08.606947,0.0,-0.008849557522124019,0.0,-0.10000000000000142,11.2,11.25,11.25,11.3,1764.0,601.0,8054.0,82244.0,False
2883,2022-10-21 09:39:09.290245,0.0,-0.008849557522124019,0.0,-0.10000000000000142,11.2,11.25,11.25,11.3,1714.0,601.0,8054.0,82244.0,False
2883,2022-10-21 09:39:09.546859,0.0,-0.008849557522124019,0.0,-0.10000000000000142,11.2,11.25,11.25,11.3,1714.0,601.0,8054.0,82244.0,False
2883,2022-10-21 09:39:09.622303,0.0,-0.008849557522124019,0.0,-0.10000000000000142,11.2,11.25,11.25,11.3,1718.0,601.0,8054.0,82244.0,False
2883,2022-10-21 09:39:10.158566,0.0,-0.008849557522124019,0.0,-0.10000000000000142,11.2,11.25,11.25,11.3,1712.0,601.0,8054.0,82244.0,False
2883,2022-10-21 09:39:10.426506,0.0,-0.008849557522124019,0.0,-0.10000000000000142,11.2,11.25,11.25,11.3,1712.0,601.0,8054.0,82244.0,False
2883,2022-10-21 09:39:11.207352,0.0,-0.008849557522124019,0.0,-0.10000000000000142,11.2,11.25,11.25,11.3,1708.0,601.0,8054.0,82244.0,False
2883,2022-10-21 09:39:11.239082,0.0,-0.008849557522124019,0.0,-0.10000000000000142,11.2,11.25,11.25,11.3,1708.0,597.0,8054.0,82244.0,False
2883,2022-10-21 09:39:11.323130,0.0,-0.008849557522124019,0.0,-0.10000000000000142,11.2,11.25,11.25,11.3,1708.0,597.0,8054.0,82244.0,False
2883,2022-10-21 09:39:11.465319,0.0,-0.008849557522124019,0.0,-0.10000000000000142,11.2,11.25,11.25,11.3,1708.0,597.0,8354.0,82244.0,True
2883,2022-10-21 09:39:11.570143,0.0,-0.008849557522124019,0.0,-0.10000000000000142,11.2,11.25,11.25,11.3,1708.0,597.0,8354.0,82244.0,False
2883,2022-10-21 09:39:11.582222,0.0,-0.008849557522124019,0.0,-0.10000000000000142,11.2,11.25,11.25,11.3,1705.0,597.0,8354.0,82244.0,False
2883,2022-10-21 09:39:13.133214,0.0,-0.008849557522124019,0.0,-0.10000000000000142,11.2,11.25,11.25,11.3,1706.0,597.0,8354.0,82244.0,False
2883,2022-10-21 09:39:13.222661,0.0,-0.008849557522124019,0.0,-0.10000000000000142,11.2,11.25,11.25,11.3,1703.0,597.0,8354.0,82244.0,False
2883,2022-10-21 09:39:13.250769,0.0,-0.008849557522124019,0.0,-0.10000000000000142,11.2,11.25,11.25,11.3,1703.0,594.0,8354.0,82244.0,False
2883,2022-10-21 09:39:13.453194,0.0,-0.008849557522124019,0.0,-0.10000000000000142,11.2,11.25,11.25,11.3,1703.0,594.0,8354.0,82244.0,False
2883,2022-10-21 09:39:17.211192,0.0,-0.008849557522124019,0.0,-0.10000000000000142,11.2,11.25,11.25,11.3,1725.0,594.0,8354.0,82244.0,False
2883,2022-10-21 09:39:19.711969,0.0,-0.008849557522124019,0.0,-0.10000000000000142,11.2,11.25,11.25,11.3,1726.0,594.0,8354.0,82244.0,False
2883,2022-10-21 09:39:20.642173,0.0,-0.008849557522124019,0.0,-0.10000000000000142,11.2,11.25,11.25,11.3,1726.0,595.0,8354.0,82244.0,False
2883,2022-10-21 09:39:21.493384,0.0,-0.008849557522124019,0.0,-0.10000000000000142,11.2,11.25,11.25,11.3,1726.0,595.0,8354.0,81644.0,True
2883,2022-10-21 09:39:22.345042,0.0,-0.008849557522124019,0.0,-0.10000000000000142,11.2,11.25,11.25,11.3,1727.0,595.0,8354.0,81644.0,False
2883,2022-10-21 09:39:22.808062,0.0,-0.008849557522124019,0.0,-0.10000000000000142,11.2,11.25,11.25,11.3,1727.0,595.0,8354.0,81644.0,False
2883,2022-10-21 09:39:22.906047,0.0,-0.008849557522124019,0.0,-0.10000000000000142,11.2,11.25,11.25,11.3,1727.0,609.0,8354.0,81644.0,False
2883,2022-10-21 09:39:23.374718,0.0,-0.008849557522124019,0.0,-0.10000000000000142,11.2,11.25,11.25,11.3,1654.0,609.0,8354.0,81644.0,False
2883,2022-10-21 09:39:23.381322,0.0,-0.008849557522124019,0.0,-0.10000000000000142,11.2,11.25,11.25,11.3,1632.0,609.0,8354.0,81644.0,False
2883,2022-10-21 09:39:24.032730,0.0,-0.008849557522124019,0.0,-0.10000000000000142,11.2,11.25,11.25,11.3,1632.0,609.0,8354.0,81644.0,False
2883,2022-10-21 09:39:25.901455,0.0,-0.008849557522124019,0.0,-0.10000000000000142,11.2,11.25,11.25,11.3,1633.0,609.0,8354.0,81644.0,False
2883,2022-10-21 09:39:28.386301,0.0,-0.008849557522124019,0.0,-0.10000000000000142,11.2,11.25,11.25,11.3,1637.0,609.0,8354.0,81644.0,False
2883,2022-10-21 09:39:29.142174,0.0,-0.008849557522124019,0.0,-0.10000000000000142,11.2,11.25,11.25,11.3,1637.0,607.0,8354.0,81644.0,False
2883,2022-10-21 09:39:29.215290,0.0,-0.008849557522124019,0.0,-0.10000000000000142,11.2,11.25,11.25,11.3,1741.0,607.0,8354.0,81644.0,False
2883,2022-10-21 09:39:30.162410,0.0,-0.008849557522124019,0.0,-0.10000000000000142,11.2,11.25,11.25,11.3,1743.0,607.0,8354.0,81644.0,False
2883,2022-10-21 09:39:31.318023,0.0,-0.008849557522124019,0.0,-0.10000000000000142,11.2,11.25,11.25,11.3,1743.0,609.0,8354.0,81644.0,False
2883,2022-10-21 09:39:31.519444,0.0,-0.008849557522124019,0.0,-0.10000000000000142,11.2,11.25,11.25,11.3,1743.0,609.0,8404.0,82230.0,True
2883,2022-10-21 09:39:32.369312,0.0,-0.008849557522124019,0.0,-0.10000000000000142,11.2,11.25,11.25,11.3,1743.0,609.0,8404.0,82230.0,False
2883,2022-10-21 09:39:32.679880,0.0,-0.008849557522124019,0.0,-0.10000000000000142,11.2,11.25,11.25,11.3,1743.0,609.0,8404.0,82230.0,False
2883,2022-10-21 09:39:36.703324,0.0,-0.008849557522124019,0.0,-0.10000000000000142,11.2,11.25,11.25,11.3,1743.0,609.0,8404.0,82230.0,False
2883,2022-10-21 09:39:38.303160,0.0,-0.008849557522124019,0.0,-0.10000000000000142,11.2,11.25,11.25,11.3,1743.0,609.0,8404.0,82230.0,False
2883,2022-10-21 09:39:39.556952,0.0,-0.008849557522124019,0.0,-0.10000000000000142,11.2,11.25,11.25,11.3,1743.0,609.0,8404.0,82230.0,False
2883,2022-10-21 09:39:40.154297,0.0,-0.008849557522124019,0.0,-0.10000000000000142,11.2,11.25,11.25,11.3,1744.0,609.0,8404.0,82230.0,False
2883,2022-10-21 09:39:40.574847,0.0,-0.008849557522124019,0.0,-0.10000000000000142,11.2,11.25,11.25,11.3,1747.0,609.0,8404.0,82230.0,False
2883,2022-10-21 09:39:41.559762,0.0,-0.008849557522124019,0.0,-0.10000000000000142,11.2,11.25,11.25,11.3,1747.0,609.0,9019.0,82234.0,True
2883,2022-10-21 09:39:42.370991,0.0,-0.008849557522124019,0.0,-0.10000000000000142,11.2,11.25,11.25,11.3,1747.0,608.0,9019.0,82234.0,False
2883,2022-10-21 09:39:42.883866,0.0,-0.008849557522124019,0.0,-0.10000000000000142,11.2,11.25,11.25,11.3,1747.0,608.0,9019.0,82234.0,False
2883,2022-10-21 09:39:42.943963,0.0,-0.008849557522124019,0.0,-0.10000000000000142,11.2,11.25,11.25,11.3,1747.0,608.0,9019.0,82234.0,False
2883,2022-10-21 09:39:44.047684,0.0,-0.008849557522124019,0.0,-0.10000000000000142,11.2,11.25,11.25,11.3,1747.0,608.0,9019.0,82234.0,False
2883,2022-10-21 09:39:44.075223,0.0,-0.008849557522124019,0.0,-0.10000000000000142,11.2,11.25,11.25,11.3,1746.0,608.0,9019.0,82234.0,False
2883,2022-10-21 09:39:45.281297,0.0,-0.008849557522124019,0.0,-0.10000000000000142,11.2,11.25,11.25,11.3,1746.0,608.0,9019.0,82234.0,False
2883,2022-10-21 09:39:45.773997,0.0,-0.008849557522124019,0.0,-0.10000000000000142,11.2,11.25,11.25,11.3,1746.0,638.0,9019.0,82234.0,False
2883,2022-10-21 09:39:46.042328,0.0,-0.008849557522124019,0.0,-0.10000000000000142,11.2,11.25,11.25,11.3,1746.0,639.0,9019.0,82234.0,False
2883,2022-10-21 09:39:46.846150,0.0,-0.008849557522124019,0.0,-0.10000000000000142,11.2,11.25,11.25,11.3,1746.0,669.0,9019.0,82234.0,False
2883,2022-10-21 09:39:49.801005,0.0,-0.008849557522124019,0.0,-0.10000000000000142,11.2,11.25,11.25,11.3,1746.0,666.0,9019.0,82234.0,False
2883,2022-10-21 09:39:50.120239,0.0,-0.008849557522124019,0.0,-0.10000000000000142,11.2,11.25,11.25,11.3,1746.0,666.0,9019.0,82234.0,False
2883,2022-10-21 09:39:50.183743,0.0,-0.008849557522124019,0.0,-0.10000000000000142,11.2,11.25,11.25,11.3,1746.0,665.0,9019.0,82234.0,False
2883,2022-10-21 09:39:50.324647,0.0,-0.008849557522124019,0.0,-0.10000000000000142,11.2,11.25,11.25,11.3,1746.0,665.0,9019.0,82234.0,False
2883,2022-10-21 09:39:51.648700,0.0,-0.008849557522124019,0.0,-0.10000000000000142,11.2,11.25,11.25,11.3,1746.0,665.0,9019.0,82184.0,True
2883,2022-10-21 09:39:51.914408,0.0,-0.008849557522124019,0.0,-0.10000000000000142,11.2,11.25,11.25,11.3,1746.0,665.0,9019.0,82184.0,False
2883,2022-10-21 09:39:52.218366,0.0,-0.008849557522124019,0.0,-0.10000000000000142,11.2,11.25,11.25,11.3,1746.0,665.0,9019.0,82184.0,False
2883,2022-10-21 09:39:53.787942,0.0,-0.008849557522124019,0.0,-0.10000000000000142,11.2,11.25,11.25,11.3,1746.0,665.0,9019.0,82184.0,False
2883,2022-10-21 09:39:56.826562,0.0,-0.008849557522124019,0.0,-0.10000000000000142,11.2,11.25,11.25,11.3,1744.0,663.0,9019.0,82184.0,False
2883,2022-10-21 09:39:59.452128,0.0,-0.008849557522124019,0.0,-0.10000000000000142,11.2,11.25,11.25,11.3,1744.0,663.0,9019.0,82184.0,False
2883,2022-10-21 09:40:00.706890,0.0,-0.008849557522124019,0.0,-0.10000000000000142,11.2,11.25,11.25,11.3,1744.0,663.0,9019.0,82184.0,False
2883,2022-10-21 09:40:01.021163,0.0,-0.008849557522124019,0.0,-0.10000000000000142,11.2,11.25,11.25,11.3,1744.0,664.0,9019.0,82184.0,False
2883,2022-10-21 09:40:01.134590,0.0,-0.008849557522124019,0.0,-0.10000000000000142,11.2,11.25,11.25,11.3,1744.0,664.0,9019.0,82244.0,True
2883,2022-10-21 09:40:01.217136,0.0,-0.008849557522124019,0.0,-0.10000000000000142,11.2,11.25,11.25,11.3,1744.0,663.0,9019.0,82244.0,False
2883,2022-10-21 09:40:03.878314,0.0,-0.008849557522124019,0.0,-0.10000000000000142,11.2,11.25,11.25,11.3,1744.0,663.0,9019.0,82244.0,False
2883,2022-10-21 09:40:07.694920,0.0,-0.008849557522124019,0.0,-0.10000000000000142,11.2,11.25,11.25,11.3,1744.0,663.0,9019.0,82244.0,False
2883,2022-10-21 09:40:07.774326,0.0,-0.008849557522124019,0.0,-0.10000000000000142,11.2,11.25,11.25,11.3,1754.0,663.0,9019.0,82244.0,False
2883,2022-10-21 09:40:08.632268,0.0,-0.008849557522124019,0.0,-0.10000000000000142,11.2,11.25,11.25,11.3,1754.0,663.0,9019.0,82244.0,False
2883,2022-10-21 09:40:11.202970,0.0,-0.008849557522124019,0.0,-0.10000000000000142,11.2,11.25,11.25,11.3,1754.0,663.0,9019.0,83079.0,True
2883,2022-10-21 09:40:13.302346,0.0,-0.008849557522124019,0.0,-0.10000000000000142,11.2,11.25,11.25,11.3,1749.0,663.0,9019.0,83079.0,False
2883,2022-10-21 09:40:14.288223,0.0,-0.008849557522124019,0.0,-0.10000000000000142,11.2,11.25,11.25,11.3,1749.0,663.0,9019.0,83079.0,False
2883,2022-10-21 09:40:14.366028,0.0,-0.008849557522124019,0.0,-0.10000000000000142,11.2,11.25,11.25,11.3,1749.0,663.0,9019.0,83079.0,False
2883,2022-10-21 09:40:14.518335,0.0,-0.008849557522124019,0.0,-0.10000000000000142,11.2,11.25,11.25,11.3,1749.0,663.0,9019.0,83079.0,False
2883,2022-10-21 09:40:14.816847,0.0,-0.008849557522124019,0.0,-0.10000000000000142,11.2,11.25,11.25,11.3,1749.0,663.0,9019.0,83079.0,False
2883,2022-10-21 09:40:16.172895,0.0,-0.008849557522124019,0.0,-0.10000000000000142,11.2,11.25,11.25,11.3,1799.0,663.0,9019.0,83079.0,False
2883,2022-10-21 09:40:16.205015,0.0,-0.008849557522124019,0.0,-0.10000000000000142,11.2,11.25,11.25,11.3,1803.0,663.0,9019.0,83079.0,False
2883,2022-10-21 09:40:18.103721,0.0,-0.008849557522124019,0.0,-0.10000000000000142,11.2,11.25,11.25,11.3,1803.0,663.0,9019.0,83079.0,False
2883,2022-10-21 09:40:18.548738,0.0,-0.008849557522124019,0.0,-0.10000000000000142,11.2,11.25,11.25,11.3,1806.0,663.0,9019.0,83079.0,False
2883,2022-10-21 09:40:19.982860,0.0,-0.008849557522124019,0.0,-0.10000000000000142,11.2,11.25,11.25,11.3,1806.0,661.0,9019.0,83079.0,False
2883,2022-10-21 09:40:21.253657,0.0,-0.008849557522124019,0.0,-0.10000000000000142,11.2,11.25,11.25,11.3,1806.0,661.0,9019.0,82979.0,True
2883,2022-10-21 09:40:21.429534,0.0,-0.008849557522124019,0.0,-0.10000000000000142,11.2,11.25,11.25,11.3,1801.0,661.0,9019.0,82979.0,False
2883,2022-10-21 09:40:21.900112,0.0,-0.008849557522124019,0.0,-0.10000000000000142,11.2,11.25,11.25,11.3,1801.0,661.0,9019.0,82979.0,False
2883,2022-10-21 09:40:22.226867,0.0,-0.008849557522124019,0.0,-0.10000000000000142,11.2,11.25,11.25,11.3,1801.0,661.0,9019.0,82979.0,False
2883,2022-10-21 09:40:23.155025,0.0,-0.008849557522124019,0.0,-0.10000000000000142,11.2,11.25,11.25,11.3,1801.0,661.0,9019.0,82979.0,False
2883,2022-10-21 09:40:23.549370,0.0,-0.008849557522124019,0.0,-0.10000000000000142,11.2,11.25,11.25,11.3,1802.0,661.0,9019.0,82979.0,False
2883,2022-10-21 09:40:23.616529,0.0,-0.008849557522124019,0.0,-0.10000000000000142,11.2,11.25,11.25,11.3,1802.0,661.0,9019.0,82979.0,False
2883,2022-10-21 09:40:23.751612,0.0,-0.008849557522124019,0.0,-0.10000000000000142,11.2,11.25,11.25,11.3,1798.0,661.0,9019.0,82979.0,False
2883,2022-10-21 09:40:23.782913,0.0,-0.008849557522124019,0.0,-0.10000000000000142,11.2,11.25,11.25,11.3,1798.0,657.0,9019.0,82979.0,False
2883,2022-10-21 09:40:25.754935,0.0,-0.008849557522124019,0.0,-0.10000000000000142,11.2,11.25,11.25,11.3,1799.0,657.0,9019.0,82979.0,False
2883,2022-10-21 09:40:26.037115,0.0,-0.008849557522124019,0.0,-0.10000000000000142,11.2,11.25,11.25,11.3,1799.0,657.0,9019.0,82979.0,False
2883,2022-10-21 09:40:26.632523,0.0,-0.008849557522124019,0.0,-0.10000000000000142,11.2,11.25,11.25,11.3,1798.0,657.0,9019.0,82979.0,False
2883,2022-10-21 09:40:26.941858,0.0,-0.008849557522124019,0.0,-0.10000000000000142,11.2,11.25,11.25,11.3,1798.0,659.0,9019.0,82979.0,False
2883,2022-10-21 09:40:27.726944,0.0,-0.008849557522124019,0.0,-0.10000000000000142,11.2,11.25,11.25,11.3,1803.0,659.0,9019.0,82979.0,False
2883,2022-10-21 09:40:28.362994,0.0,-0.008849557522124019,0.0,-0.10000000000000142,11.2,11.25,11.25,11.3,1773.0,629.0,9019.0,82979.0,False
2883,2022-10-21 09:40:28.787105,0.0,-0.008849557522124019,0.0,-0.10000000000000142,11.2,11.25,11.25,11.3,1770.0,629.0,9019.0,82979.0,False
2883,2022-10-21 09:40:28.815778,0.0,-0.008849557522124019,0.0,-0.10000000000000142,11.2,11.25,11.25,11.3,1770.0,626.0,9019.0,82979.0,False
2883,2022-10-21 09:40:28.856829,0.0,-0.008849557522124019,0.0,-0.10000000000000142,11.2,11.25,11.25,11.3,1769.0,626.0,9019.0,82979.0,False
2883,2022-10-21 09:40:28.888213,0.0,-0.008849557522124019,0.0,-0.10000000000000142,11.2,11.25,11.25,11.3,1769.0,625.0,9019.0,82979.0,False
2883,2022-10-21 09:40:29.094866,0.0,-0.008849557522124019,0.0,-0.10000000000000142,11.2,11.25,11.25,11.3,1764.0,625.0,9019.0,82979.0,False
2883,2022-10-21 09:40:31.296896,0.0,-0.008849557522124019,0.0,-0.10000000000000142,11.2,11.25,11.25,11.3,1764.0,625.0,9019.0,82979.0,True
2883,2022-10-21 09:40:32.298124,0.0,-0.008849557522124019,0.0,-0.10000000000000142,11.2,11.25,11.25,11.3,1762.0,625.0,9019.0,82979.0,False
2883,2022-10-21 09:40:33.279083,0.0,-0.008849557522124019,0.0,-0.10000000000000142,11.2,11.25,11.25,11.3,1762.0,625.0,9019.0,82979.0,False
2883,2022-10-21 09:40:33.456023,0.0,-0.008849557522124019,0.0,-0.10000000000000142,11.2,11.25,11.25,11.3,1757.0,625.0,9019.0,82979.0,False
2883,2022-10-21 09:40:33.689356,0.0,-0.008849557522124019,0.0,-0.10000000000000142,11.2,11.25,11.25,11.3,1737.0,625.0,9019.0,82979.0,False
2883,2022-10-21 09:40:33.821154,0.0,-0.008849557522124019,0.0,-0.10000000000000142,11.2,11.25,11.25,11.3,1733.0,625.0,9019.0,82979.0,False
2883,2022-10-21 09:40:33.852252,0.0,-0.008849557522124019,0.0,-0.10000000000000142,11.2,11.25,11.25,11.3,1733.0,621.0,9019.0,82979.0,False
2883,2022-10-21 09:40:34.665440,0.0,-0.008849557522124019,0.0,-0.10000000000000142,11.2,11.25,11.25,11.3,1728.0,621.0,9019.0,82979.0,False
2883,2022-10-21 09:40:36.733490,0.0,-0.008849557522124019,0.0,-0.10000000000000142,11.2,11.25,11.25,11.3,1728.0,621.0,9019.0,82979.0,False
2883,2022-10-21 09:40:36.840318,0.0,-0.008849557522124019,0.0,-0.10000000000000142,11.2,11.25,11.25,11.3,1725.0,621.0,9019.0,82979.0,False
2883,2022-10-21 09:40:36.868346,0.0,-0.008849557522124019,0.0,-0.10000000000000142,11.2,11.25,11.25,11.3,1725.0,618.0,9019.0,82979.0,False
2883,2022-10-21 09:40:41.337675,0.0,-0.008849557522124019,0.0,-0.10000000000000142,11.2,11.25,11.25,11.3,1725.0,618.0,9119.0,82979.0,True
2883,2022-10-21 09:40:42.805614,0.0,-0.008849557522124019,0.0,-0.10000000000000142,11.2,11.25,11.25,11.3,1727.0,618.0,9119.0,82979.0,False
2883,2022-10-21 09:40:46.361035,0.0,-0.008849557522124019,0.0,-0.10000000000000142,11.2,11.25,11.25,11.3,1727.0,617.0,9119.0,82979.0,False
2883,2022-10-21 09:40:48.978216,0.0,-0.008849557522124019,0.0,-0.10000000000000142,11.2,11.25,11.25,11.3,2027.0,617.0,9119.0,82979.0,False
2883,2022-10-21 09:40:49.018668,0.0,-0.008849557522124019,0.0,-0.10000000000000142,11.2,11.25,11.25,11.3,2036.0,617.0,9119.0,82979.0,False
2883,2022-10-21 09:40:49.584891,0.0,-0.008849557522124019,0.0,-0.10000000000000142,11.2,11.25,11.25,11.3,2036.0,617.0,9119.0,82979.0,False
2883,2022-10-21 09:40:51.379037,0.0,-0.008849557522124019,0.0,-0.10000000000000142,11.2,11.25,11.25,11.3,2036.0,617.0,9119.0,82979.0,True
2883,2022-10-21 09:40:51.722057,0.0,-0.008849557522124019,0.0,-0.10000000000000142,11.2,11.25,11.25,11.3,2036.0,617.0,9119.0,82979.0,False
2883,2022-10-21 09:40:52.280811,0.0,-0.008849557522124019,0.0,-0.10000000000000142,11.2,11.25,11.25,11.3,2035.0,617.0,9119.0,82979.0,False
2883,2022-10-21 09:40:56.115144,0.0,-0.008849557522124019,0.0,-0.10000000000000142,11.2,11.25,11.25,11.3,2036.0,617.0,9119.0,82979.0,False
2883,2022-10-21 09:40:56.866400,0.0,-0.008849557522124019,0.0,-0.10000000000000142,11.2,11.25,11.25,11.3,2036.0,597.0,9119.0,82979.0,False
2883,2022-10-21 09:40:57.244562,0.0,-0.008849557522124019,0.0,-0.10000000000000142,11.2,11.25,11.25,11.3,2036.0,597.0,9119.0,82979.0,False
2883,2022-10-21 09:40:57.318499,0.0,-0.008849557522124019,0.0,-0.10000000000000142,11.2,11.25,11.25,11.3,2081.0,597.0,9119.0,82979.0,False
2883,2022-10-21 09:40:57.422771,0.0,-0.008849557522124019,0.0,-0.10000000000000142,11.2,11.25,11.25,11.3,2076.0,597.0,9119.0,82979.0,False
2883,2022-10-21 09:40:58.976771,0.0,-0.008849557522124019,0.0,-0.10000000000000142,11.2,11.25,11.25,11.3,2072.0,597.0,9119.0,82979.0,False
2883,2022-10-21 09:40:59.013530,0.0,-0.008849557522124019,0.0,-0.10000000000000142,11.2,11.25,11.25,11.3,2072.0,593.0,9119.0,82979.0,False
2883,2022-10-21 09:41:00.293426,0.0,-0.008849557522124019,0.0,-0.10000000000000142,11.2,11.25,11.25,11.3,2074.0,593.0,9119.0,82979.0,False
2883,2022-10-21 09:41:01.419943,0.0,-0.008849557522124019,0.0,-0.10000000000000142,11.2,11.25,11.25,11.3,2074.0,593.0,9219.0,82979.0,True
2883,2022-10-21 09:41:01.995945,0.0,-0.008849557522124019,0.0,-0.10000000000000142,11.2,11.25,11.25,11.3,2070.0,593.0,9219.0,82979.0,False
2883,2022-10-21 09:41:02.028196,0.0,-0.008849557522124019,0.0,-0.10000000000000142,11.2,11.25,11.25,11.3,2070.0,589.0,9219.0,82979.0,False
2883,2022-10-21 09:41:03.631970,0.0,-0.008849557522124019,0.0,-0.10000000000000142,11.2,11.25,11.25,11.3,2071.0,589.0,9219.0,82979.0,False
2883,2022-10-21 09:41:04.017516,0.0,-0.008849557522124019,0.0,-0.10000000000000142,11.2,11.25,11.25,11.3,2071.0,589.0,9219.0,82979.0,False
2883,2022-10-21 09:41:06.165876,0.0,-0.008849557522124019,0.0,-0.10000000000000142,11.2,11.25,11.25,11.3,2071.0,589.0,9219.0,82979.0,False
2883,2022-10-21 09:41:11.456618,0.0,-0.008849557522124019,0.0,-0.10000000000000142,11.2,11.25,11.25,11.3,2071.0,589.0,9319.0,82979.0,True
2883,2022-10-21 09:41:12.253545,0.0,-0.008849557522124019,0.0,-0.10000000000000142,11.2,11.25,11.25,11.3,2081.0,589.0,9319.0,82979.0,False
2883,2022-10-21 09:41:14.188449,0.0,-0.008849557522124019,0.0,-0.10000000000000142,11.2,11.25,11.25,11.3,2081.0,592.0,9319.0,82979.0,False
2883,2022-10-21 09:41:15.571384,0.0,-0.008849557522124019,0.0,-0.10000000000000142,11.2,11.25,11.25,11.3,2081.0,592.0,9319.0,82979.0,False
2883,2022-10-21 09:41:19.074355,0.0,-0.008849557522124019,0.0,-0.10000000000000142,11.2,11.25,11.25,11.3,2083.0,592.0,9319.0,82979.0,False
2883,2022-10-21 09:41:20.704542,0.0,-0.008849557522124019,0.0,-0.10000000000000142,11.2,11.25,11.25,11.3,2085.0,592.0,9319.0,82979.0,False
2883,2022-10-21 09:41:21.498009,0.0,-0.008849557522124019,0.0,-0.10000000000000142,11.2,11.25,11.25,11.3,2085.0,592.0,9319.0,82976.0,True
2883,2022-10-21 09:41:21.713560,0.0,-0.008849557522124019,0.0,-0.10000000000000142,11.2,11.25,11.25,11.3,2085.0,591.0,9319.0,82976.0,False
2883,2022-10-21 09:41:23.551884,0.0,-0.008849557522124019,0.0,-0.10000000000000142,11.2,11.25,11.25,11.3,2085.0,591.0,9319.0,82976.0,False
2883,2022-10-21 09:41:23.675413,0.0,-0.008849557522124019,0.0,-0.10000000000000142,11.2,11.25,11.25,11.3,2087.0,591.0,9319.0,82976.0,False
2883,2022-10-21 09:41:24.946647,0.0,-0.008849557522124019,0.0,-0.10000000000000142,11.2,11.25,11.25,11.3,2087.0,591.0,9319.0,82976.0,False
2883,2022-10-21 09:41:25.760129,0.0,-0.008849557522124019,0.0,-0.10000000000000142,11.2,11.25,11.25,11.3,2088.0,591.0,9319.0,82976.0,False
2883,2022-10-21 09:41:27.227508,0.0,-0.008849557522124019,0.0,-0.10000000000000142,11.2,11.25,11.25,11.3,2088.0,591.0,9319.0,82976.0,False
2883,2022-10-21 09:41:27.527599,0.0,-0.008849557522124019,0.0,-0.10000000000000142,11.2,11.25,11.25,11.3,2088.0,591.0,9319.0,82976.0,False
2883,2022-10-21 09:41:27.838776,0.0,-0.008849557522124019,0.0,-0.10000000000000142,11.2,11.25,11.25,11.3,2088.0,591.0,9319.0,82976.0,False
2883,2022-10-21 09:41:29.090231,0.0,-0.008849557522124019,0.0,-0.10000000000000142,11.2,11.25,11.25,11.3,2088.0,590.0,9319.0,82976.0,False
2883,2022-10-21 09:41:29.332578,0.0,-0.008849557522124019,0.0,-0.10000000000000142,11.2,11.25,11.25,11.3,2088.0,588.0,9319.0,82976.0,False
2883,2022-10-21 09:41:29.581230,0.0,-0.008849557522124019,0.0,-0.10000000000000142,11.2,11.25,11.25,11.3,2083.0,588.0,9319.0,82976.0,False
2883,2022-10-21 09:41:31.547117,0.0,-0.008849557522124019,0.0,-0.10000000000000142,11.2,11.25,11.25,11.3,2083.0,588.0,9419.0,83076.0,True
2883,2022-10-21 09:41:31.812715,0.0,-0.008849557522124019,0.0,-0.10000000000000142,11.2,11.25,11.25,11.3,2083.0,588.0,9419.0,83076.0,False
2883,2022-10-21 09:41:33.810492,0.0,-0.008849557522124019,0.0,-0.10000000000000142,11.2,11.25,11.25,11.3,2084.0,588.0,9419.0,83076.0,False
2883,2022-10-21 09:41:36.209165,0.0,-0.008849557522124019,0.0,-0.10000000000000142,11.2,11.25,11.25,11.3,2084.0,588.0,9419.0,83076.0,False
2883,2022-10-21 09:41:39.687161,0.0,-0.008849557522124019,0.0,-0.10000000000000142,11.2,11.25,11.25,11.3,2084.0,588.0,9419.0,83076.0,False
2883,2022-10-21 09:41:40.333852,0.0,-0.008849557522124019,0.0,-0.10000000000000142,11.2,11.25,11.25,11.3,2084.0,589.0,9419.0,83076.0,False
2883,2022-10-21 09:41:40.492563,0.0,-0.008849557522124019,0.0,-0.10000000000000142,11.2,11.25,11.25,11.3,2084.0,590.0,9419.0,83076.0,False
2883,2022-10-21 09:41:40.550029,0.0,-0.008849557522124019,0.0,-0.10000000000000142,11.2,11.25,11.25,11.3,2084.0,590.0,9419.0,83076.0,False
2883,2022-10-21 09:41:41.587855,0.0,-0.008849557522124019,0.0,-0.10000000000000142,11.2,11.25,11.25,11.3,2084.0,590.0,9469.0,83076.0,True
2883,2022-10-21 09:41:43.714960,0.0,-0.008849557522124019,0.0,-0.10000000000000142,11.2,11.25,11.25,11.3,2084.0,590.0,9469.0,83076.0,False
2883,2022-10-21 09:41:44.136821,0.0,-0.008849557522124019,0.0,-0.10000000000000142,11.2,11.25,11.25,11.3,2085.0,590.0,9469.0,83076.0,False
2883,2022-10-21 09:41:45.190444,0.0,-0.008849557522124019,0.0,-0.10000000000000142,11.2,11.25,11.25,11.3,1785.0,590.0,9469.0,83076.0,False
2883,2022-10-21 09:41:45.225757,0.0,-0.008849557522124019,0.0,-0.10000000000000142,11.2,11.25,11.25,11.3,1782.0,590.0,9469.0,83076.0,False
2883,2022-10-21 09:41:45.292274,0.0,-0.008849557522124019,0.0,-0.10000000000000142,11.2,11.25,11.25,11.3,1782.0,590.0,9469.0,83076.0,False
2883,2022-10-21 09:41:47.217464,0.0,-0.008849557522124019,0.0,-0.10000000000000142,11.2,11.25,11.25,11.3,1783.0,590.0,9469.0,83076.0,False
2883,2022-10-21 09:41:47.357022,0.0,-0.008849557522124019,0.0,-0.10000000000000142,11.2,11.25,11.25,11.3,1783.0,589.0,9469.0,83076.0,False
2883,2022-10-21 09:41:47.431486,0.0,-0.008849557522124019,0.0,-0.10000000000000142,11.2,11.25,11.25,11.3,1783.0,589.0,9469.0,83076.0,False
2883,2022-10-21 09:41:51.147164,0.0,-0.008849557522124019,0.0,-0.10000000000000142,11.2,11.25,11.25,11.3,1791.0,589.0,9469.0,83076.0,False
2883,2022-10-21 09:41:51.623883,0.0,-0.008849557522124019,0.0,-0.10000000000000142,11.2,11.25,11.25,11.3,1791.0,589.0,9519.0,83026.0,True
2883,2022-10-21 09:41:53.686884,0.0,-0.008849557522124019,0.0,-0.10000000000000142,11.2,11.25,11.25,11.3,1792.0,589.0,9519.0,83026.0,False
2883,2022-10-21 09:41:55.477124,0.0,-0.008849557522124019,0.0,-0.10000000000000142,11.2,11.25,11.25,11.3,1791.0,589.0,9519.0,83026.0,False
2883,2022-10-21 09:41:58.183807,0.0,-0.008849557522124019,0.0,-0.10000000000000142,11.2,11.25,11.25,11.3,1791.0,589.0,9519.0,83026.0,False
2883,2022-10-21 09:42:01.667153,0.0,-0.008849557522124019,0.0,-0.10000000000000142,11.2,11.25,11.25,11.3,1791.0,589.0,9619.0,83026.0,True
2883,2022-10-21 09:42:03.786724,0.0,-0.008849557522124019,0.0,-0.10000000000000142,11.2,11.25,11.25,11.3,1791.0,579.0,9619.0,83026.0,False
2883,2022-10-21 09:42:04.449283,0.0,-0.008849557522124019,0.0,-0.10000000000000142,11.2,11.25,11.25,11.3,1791.0,579.0,9619.0,83026.0,False
2883,2022-10-21 09:42:04.687551,0.0,-0.008849557522124019,0.0,-0.10000000000000142,11.2,11.25,11.25,11.3,1788.0,579.0,9619.0,83026.0,False
2883,2022-10-21 09:42:05.152735,0.0,-0.008849557522124019,0.0,-0.10000000000000142,11.2,11.25,11.25,11.3,1792.0,579.0,9619.0,83026.0,False
2883,2022-10-21 09:42:06.324565,0.0,-0.008849557522124019,0.0,-0.10000000000000142,11.2,11.25,11.25,11.3,1792.0,559.0,9619.0,83026.0,False
2883,2022-10-21 09:42:07.088204,0.0,-0.008849557522124019,0.0,-0.10000000000000142,11.2,11.25,11.25,11.3,1787.0,559.0,9619.0,83026.0,False
2883,2022-10-21 09:42:07.385122,0.0,-0.008849557522124019,0.0,-0.10000000000000142,11.2,11.25,11.25,11.3,1783.0,559.0,9619.0,83026.0,False
2883,2022-10-21 09:42:07.413644,0.0,-0.008849557522124019,0.0,-0.10000000000000142,11.2,11.25,11.25,11.3,1783.0,555.0,9619.0,83026.0,False
2883,2022-10-21 09:42:10.863228,0.0,-0.008849557522124019,0.0,-0.10000000000000142,11.2,11.25,11.25,11.3,1783.0,555.0,9619.0,83026.0,False
2883,2022-10-21 09:42:11.036359,0.0,-0.008849557522124019,0.0,-0.10000000000000142,11.2,11.25,11.25,11.3,1783.0,555.0,9619.0,83026.0,False
2883,2022-10-21 09:42:11.708340,0.0,-0.008849557522124019,0.0,-0.10000000000000142,11.2,11.25,11.25,11.3,1783.0,555.0,9819.0,82825.0,True
2883,2022-10-21 09:42:15.761711,0.0,-0.008849557522124019,0.0,-0.10000000000000142,11.2,11.25,11.25,11.3,1783.0,555.0,9819.0,82825.0,False
2883,2022-10-21 09:42:16.915861,0.0,-0.008849557522124019,0.0,-0.10000000000000142,11.2,11.25,11.25,11.3,1784.0,555.0,9819.0,82825.0,False
2883,2022-10-21 09:42:18.707566,0.0,-0.008849557522124019,0.0,-0.10000000000000142,11.2,11.25,11.25,11.3,1784.0,555.0,9819.0,82825.0,False
2883,2022-10-21 09:42:19.581170,0.0,-0.008849557522124019,0.0,-0.10000000000000142,11.2,11.25,11.25,11.3,1784.0,555.0,9819.0,82825.0,False
2883,2022-10-21 09:42:19.727143,0.0,-0.008849557522124019,0.0,-0.10000000000000142,11.2,11.25,11.25,11.3,1786.0,555.0,9819.0,82825.0,False
2883,2022-10-21 09:42:21.747477,0.0,-0.008849557522124019,0.0,-0.10000000000000142,11.2,11.25,11.25,11.3,1786.0,555.0,9919.0,82825.0,True
2883,2022-10-21 09:42:23.326657,0.0,-0.008849557522124019,0.0,-0.10000000000000142,11.2,11.25,11.25,11.3,1786.0,555.0,9919.0,82825.0,False
2883,2022-10-21 09:42:30.632275,0.0,-0.008849557522124019,0.0,-0.10000000000000142,11.2,11.25,11.25,11.3,1786.0,555.0,9919.0,82825.0,False
2883,2022-10-21 09:42:31.260886,0.0,-0.008849557522124019,0.0,-0.10000000000000142,11.2,11.25,11.25,11.3,1786.0,555.0,9919.0,82825.0,False
2883,2022-10-21 09:42:31.789852,0.0,-0.008849557522124019,0.0,-0.10000000000000142,11.2,11.25,11.25,11.3,1786.0,555.0,9919.0,82815.0,True
2883,2022-10-21 09:42:34.938714,0.0,-0.008849557522124019,0.0,-0.10000000000000142,11.2,11.25,11.25,11.3,1786.0,545.0,9919.0,82815.0,False
2883,2022-10-21 09:42:35.374746,0.0,-0.008849557522124019,0.0,-0.10000000000000142,11.2,11.25,11.25,11.3,1781.0,545.0,9919.0,82815.0,False
2883,2022-10-21 09:42:35.551586,0.0,-0.008849557522124019,0.0,-0.10000000000000142,11.2,11.25,11.25,11.3,1777.0,545.0,9919.0,82815.0,False
2883,2022-10-21 09:42:35.581027,0.0,-0.008849557522124019,0.0,-0.10000000000000142,11.2,11.25,11.25,11.3,1777.0,543.0,9919.0,82815.0,False
2883,2022-10-21 09:42:35.576799,0.0,-0.008849557522124019,0.0,-0.10000000000000142,11.2,11.25,11.25,11.3,1777.0,547.0,9919.0,82815.0,False
2883,2022-10-21 09:42:38.664902,0.0,-0.008849557522124019,0.0,-0.10000000000000142,11.2,11.25,11.25,11.3,1777.0,543.0,9919.0,82815.0,False
2883,2022-10-21 09:42:39.695238,0.0,-0.008849557522124019,0.0,-0.10000000000000142,11.2,11.25,11.25,11.3,1777.0,543.0,9919.0,82815.0,False
2883,2022-10-21 09:42:40.808508,0.0,-0.008849557522124019,0.0,-0.10000000000000142,11.2,11.25,11.25,11.3,1777.0,543.0,9919.0,82815.0,False
2883,2022-10-21 09:42:41.749601,0.0,-0.008849557522124019,0.0,-0.10000000000000142,11.2,11.25,11.25,11.3,1777.0,543.0,9919.0,82815.0,False
2883,2022-10-21 09:42:41.777653,0.0,-0.008849557522124019,0.0,-0.10000000000000142,11.2,11.25,11.25,11.3,1777.0,539.0,9919.0,82815.0,False
2883,2022-10-21 09:42:42.849684,0.0,-0.008849557522124019,0.0,-0.10000000000000142,11.2,11.25,11.25,11.3,1777.0,539.0,9919.0,82815.0,False
2883,2022-10-21 09:42:43.265667,0.0,-0.008849557522124019,0.0,-0.10000000000000142,11.2,11.25,11.25,11.3,1780.0,539.0,9919.0,82815.0,False
2883,2022-10-21 09:42:50.885611,0.0,-0.008849557522124019,0.0,-0.10000000000000142,11.2,11.25,11.25,11.3,1781.0,539.0,9919.0,82815.0,False
2883,2022-10-21 09:42:51.864917,0.0,-0.008849557522124019,0.0,-0.10000000000000142,11.2,11.25,11.25,11.3,1781.0,539.0,9919.0,82805.0,True
2883,2022-10-21 09:42:51.924437,0.0,-0.008849557522124019,0.0,-0.10000000000000142,11.2,11.25,11.25,11.3,1781.0,539.0,9919.0,82805.0,False
2883,2022-10-21 09:42:55.259260,0.0,-0.008849557522124019,0.0,-0.10000000000000142,11.2,11.25,11.25,11.3,1782.0,539.0,9919.0,82805.0,False
2883,2022-10-21 09:42:56.641483,0.0,-0.008849557522124019,0.0,-0.10000000000000142,11.2,11.25,11.25,11.3,1784.0,539.0,9919.0,82805.0,False
2883,2022-10-21 09:42:57.068852,0.0,-0.008849557522124019,0.0,-0.10000000000000142,11.2,11.25,11.25,11.3,1784.0,539.0,9919.0,82805.0,False
2883,2022-10-21 09:42:58.722146,0.0,-0.008849557522124019,0.0,-0.10000000000000142,11.2,11.25,11.25,11.3,1784.0,536.0,9919.0,82805.0,False
2883,2022-10-21 09:43:00.408076,0.0,-0.008849557522124019,0.0,-0.10000000000000142,11.2,11.25,11.25,11.3,1814.0,536.0,9919.0,82805.0,False
2883,2022-10-21 09:43:00.642732,0.0,-0.008849557522124019,0.0,-0.10000000000000142,11.2,11.25,11.25,11.3,1814.0,536.0,9919.0,82805.0,False
2883,2022-10-21 09:43:01.089232,0.0,-0.008849557522124019,0.0,-0.10000000000000142,11.2,11.25,11.25,11.3,1814.0,536.0,9919.0,82805.0,False
2883,2022-10-21 09:43:01.305833,0.0,-0.008849557522124019,0.0,-0.10000000000000142,11.2,11.25,11.25,11.3,1814.0,536.0,9869.0,82805.0,True
2883,2022-10-21 09:43:01.401928,0.0,-0.008849557522124019,0.0,-0.10000000000000142,11.2,11.25,11.25,11.3,1814.0,535.0,9869.0,82805.0,False
2883,2022-10-21 09:43:01.436752,0.0,-0.008849557522124019,0.0,-0.10000000000000142,11.2,11.25,11.25,11.3,1903.0,535.0,9869.0,82805.0,False
2883,2022-10-21 09:43:01.519740,0.0,-0.008849557522124019,0.0,-0.10000000000000142,11.2,11.25,11.25,11.3,1903.0,535.0,9869.0,82805.0,False
2883,2022-10-21 09:43:02.811330,0.0,-0.008849557522124019,0.0,-0.10000000000000142,11.2,11.25,11.25,11.3,1903.0,535.0,9869.0,82805.0,False
2883,2022-10-21 09:43:05.891249,0.0,-0.008849557522124019,0.0,-0.10000000000000142,11.2,11.25,11.25,11.3,1903.0,535.0,9869.0,82805.0,False
2883,2022-10-21 09:43:05.998861,0.0,-0.008849557522124019,0.0,-0.10000000000000142,11.2,11.25,11.25,11.3,1903.0,535.0,9869.0,82805.0,False
2883,2022-10-21 09:43:06.701286,0.0,-0.008849557522124019,0.0,-0.10000000000000142,11.2,11.25,11.25,11.3,1903.0,535.0,9869.0,82805.0,False
2883,2022-10-21 09:43:07.639850,0.0,-0.008849557522124019,0.0,-0.10000000000000142,11.2,11.25,11.25,11.3,1903.0,534.0,9869.0,82805.0,False
2883,2022-10-21 09:43:09.586054,0.0,-0.008849557522124019,0.0,-0.10000000000000142,11.2,11.25,11.25,11.3,1903.0,534.0,9869.0,82805.0,False
2883,2022-10-21 09:43:11.347671,0.0,-0.008849557522124019,0.0,-0.10000000000000142,11.2,11.25,11.25,11.3,1903.0,534.0,9869.0,83378.0,True
2883,2022-10-21 09:43:11.645848,0.0,-0.008849557522124019,0.0,-0.10000000000000142,11.2,11.25,11.25,11.3,1903.0,539.0,9869.0,83378.0,False
2883,2022-10-21 09:43:12.361351,0.0,-0.008849557522124019,0.0,-0.10000000000000142,11.2,11.25,11.25,11.3,1903.0,539.0,9869.0,83378.0,False
2883,2022-10-21 09:43:15.720107,0.0,-0.008849557522124019,0.0,-0.10000000000000142,11.2,11.25,11.25,11.3,1903.0,541.0,9869.0,83378.0,False
2883,2022-10-21 09:43:15.760996,0.0,-0.008849557522124019,0.0,-0.10000000000000142,11.2,11.25,11.25,11.3,1906.0,541.0,9869.0,83378.0,False
2883,2022-10-21 09:43:19.807682,0.0,-0.008849557522124019,0.0,-0.10000000000000142,11.2,11.25,11.25,11.3,2206.0,541.0,9869.0,83378.0,False
2883,2022-10-21 09:43:19.839396,0.0,-0.008849557522124019,0.0,-0.10000000000000142,11.2,11.25,11.25,11.3,2206.0,42.0,9869.0,83378.0,False
2883,2022-10-21 09:43:19.872088,-0.004424778761062065,-0.008849557522124019,-0.05000000000000071,-0.10000000000000142,11.2,11.3,11.25,11.3,2206.0,868.0,9869.0,83378.0,False
2883,2022-10-21 09:43:19.872407,-0.004424778761062065,-0.004424778761062065,-0.05000000000000071,-0.05000000000000071,11.25,11.3,11.25,11.3,42.0,868.0,9869.0,83378.0,False
2883,2022-10-21 09:43:19.881065,-0.004424778761062065,-0.004424778761062065,-0.05000000000000071,-0.05000000000000071,11.25,11.3,11.25,11.3,42.0,866.0,9869.0,83378.0,False
2883,2022-10-21 09:43:19.914213,-0.004424778761062065,-0.004424778761062065,-0.05000000000000071,-0.05000000000000071,11.25,11.3,11.25,11.3,252.0,882.0,9869.0,83378.0,False
2883,2022-10-21 09:43:19.919492,-0.004424778761062065,-0.004424778761062065,-0.05000000000000071,-0.05000000000000071,11.25,11.3,11.25,11.3,405.0,879.0,9869.0,83378.0,False
2883,2022-10-21 09:43:19.920500,-0.004424778761062065,-0.004424778761062065,-0.05000000000000071,-0.05000000000000071,11.25,11.3,11.25,11.3,405.0,814.0,9869.0,83378.0,False
2883,2022-10-21 09:43:19.937072,-0.004424778761062065,-0.004424778761062065,-0.05000000000000071,-0.05000000000000071,11.25,11.3,11.25,11.3,405.0,814.0,9869.0,83378.0,False
2883,2022-10-21 09:43:19.960522,-0.004424778761062065,-0.004424778761062065,-0.05000000000000071,-0.05000000000000071,11.25,11.3,11.25,11.3,413.0,731.0,9869.0,83378.0,False
2883,2022-10-21 09:43:19.961128,-0.004424778761062065,-0.004424778761062065,-0.05000000000000071,-0.05000000000000071,11.25,11.3,11.25,11.3,413.0,723.0,9869.0,83378.0,False
2883,2022-10-21 09:43:20.003334,-0.004424778761062065,-0.004424778761062065,-0.05000000000000071,-0.05000000000000071,11.25,11.3,11.25,11.3,444.0,722.0,9869.0,83378.0,False
2883,2022-10-21 09:43:20.003890,-0.004424778761062065,-0.004424778761062065,-0.05000000000000071,-0.05000000000000071,11.25,11.3,11.25,11.3,444.0,707.0,9869.0,83378.0,False
2883,2022-10-21 09:43:20.008771,-0.004424778761062065,-0.004424778761062065,-0.05000000000000071,-0.05000000000000071,11.25,11.3,11.25,11.3,443.0,706.0,9869.0,83378.0,False
2883,2022-10-21 09:43:20.004662,-0.004424778761062065,-0.004424778761062065,-0.05000000000000071,-0.05000000000000071,11.25,11.3,11.25,11.3,444.0,707.0,9869.0,83378.0,False
2883,2022-10-21 09:43:20.057962,-0.004424778761062065,-0.004424778761062065,-0.05000000000000071,-0.05000000000000071,11.25,11.3,11.25,11.3,443.0,705.0,9869.0,83378.0,False
2883,2022-10-21 09:43:20.829724,-0.004424778761062065,-0.004424778761062065,-0.05000000000000071,-0.05000000000000071,11.25,11.3,11.25,11.3,443.0,705.0,9869.0,83378.0,False
2883,2022-10-21 09:43:20.866359,-0.004424778761062065,-0.004424778761062065,-0.05000000000000071,-0.05000000000000071,11.25,11.3,11.25,11.3,443.0,691.0,9869.0,83378.0,False
2883,2022-10-21 09:43:20.902447,-0.004424778761062065,-0.004424778761062065,-0.05000000000000071,-0.05000000000000071,11.25,11.3,11.25,11.3,500.0,691.0,9869.0,83378.0,False
2883,2022-10-21 09:43:20.945869,-0.004424778761062065,-0.004424778761062065,-0.05000000000000071,-0.05000000000000071,11.25,11.3,11.25,11.3,500.0,683.0,9869.0,83378.0,False
2883,2022-10-21 09:43:21.167518,-0.004424778761062065,-0.004424778761062065,-0.05000000000000071,-0.05000000000000071,11.25,11.3,11.25,11.3,500.0,683.0,9869.0,83378.0,False
2883,2022-10-21 09:43:21.339177,-0.004424778761062065,-0.004424778761062065,-0.05000000000000071,-0.05000000000000071,11.25,11.3,11.25,11.3,500.0,683.0,9869.0,83378.0,False
2883,2022-10-21 09:43:21.386181,-0.004424778761062065,-0.004424778761062065,-0.05000000000000071,-0.05000000000000071,11.25,11.3,11.25,11.3,500.0,683.0,9869.0,82445.0,True
2883,2022-10-21 09:43:21.408728,-0.004424778761062065,-0.004424778761062065,-0.05000000000000071,-0.05000000000000071,11.25,11.3,11.25,11.3,485.0,683.0,9869.0,82445.0,False
2883,2022-10-21 09:43:21.785278,-0.004424778761062065,-0.004424778761062065,-0.05000000000000071,-0.05000000000000071,11.25,11.3,11.25,11.3,495.0,683.0,9869.0,82445.0,False
2883,2022-10-21 09:43:21.980974,-0.004424778761062065,-0.004424778761062065,-0.05000000000000071,-0.05000000000000071,11.25,11.3,11.25,11.3,497.0,683.0,9869.0,82445.0,False
2883,2022-10-21 09:43:21.991814,-0.004424778761062065,-0.004424778761062065,-0.05000000000000071,-0.05000000000000071,11.25,11.3,11.25,11.3,503.0,683.0,9869.0,82445.0,False
2883,2022-10-21 09:43:22.320568,-0.004424778761062065,-0.004424778761062065,-0.05000000000000071,-0.05000000000000071,11.25,11.3,11.25,11.3,504.0,683.0,9869.0,82445.0,False
2883,2022-10-21 09:43:22.423101,-0.004424778761062065,-0.004424778761062065,-0.05000000000000071,-0.05000000000000071,11.25,11.3,11.25,11.3,504.0,683.0,9869.0,82445.0,False
2883,2022-10-21 09:43:24.088168,-0.004424778761062065,-0.004424778761062065,-0.05000000000000071,-0.05000000000000071,11.25,11.3,11.25,11.3,502.0,683.0,9869.0,82445.0,False
2883,2022-10-21 09:43:24.169085,-0.004424778761062065,-0.004424778761062065,-0.05000000000000071,-0.05000000000000071,11.25,11.3,11.25,11.3,539.0,683.0,9869.0,82445.0,False
2883,2022-10-21 09:43:24.840741,-0.004424778761062065,-0.004424778761062065,-0.05000000000000071,-0.05000000000000071,11.25,11.3,11.25,11.3,543.0,683.0,9869.0,82445.0,False
2883,2022-10-21 09:43:25.575020,-0.004424778761062065,-0.004424778761062065,-0.05000000000000071,-0.05000000000000071,11.25,11.3,11.25,11.3,544.0,683.0,9869.0,82445.0,False
2883,2022-10-21 09:43:25.860201,-0.004424778761062065,-0.004424778761062065,-0.05000000000000071,-0.05000000000000071,11.25,11.3,11.25,11.3,540.0,683.0,9869.0,82445.0,False
2883,2022-10-21 09:43:25.891617,-0.004424778761062065,-0.004424778761062065,-0.05000000000000071,-0.05000000000000071,11.25,11.3,11.25,11.3,540.0,679.0,9869.0,82445.0,False
2883,2022-10-21 09:43:26.912454,-0.004424778761062065,-0.004424778761062065,-0.05000000000000071,-0.05000000000000071,11.25,11.3,11.25,11.3,535.0,679.0,9869.0,82445.0,False
2883,2022-10-21 09:43:28.221214,-0.004424778761062065,-0.004424778761062065,-0.05000000000000071,-0.05000000000000071,11.25,11.3,11.25,11.3,535.0,679.0,9869.0,82445.0,False
2883,2022-10-21 09:43:29.188621,-0.004424778761062065,-0.004424778761062065,-0.05000000000000071,-0.05000000000000071,11.25,11.3,11.25,11.3,545.0,679.0,9869.0,82445.0,False
2883,2022-10-21 09:43:29.426580,-0.004424778761062065,-0.004424778761062065,-0.05000000000000071,-0.05000000000000071,11.25,11.3,11.25,11.3,546.0,679.0,9869.0,82445.0,False
2883,2022-10-21 09:43:30.427305,-0.004424778761062065,-0.004424778761062065,-0.05000000000000071,-0.05000000000000071,11.25,11.3,11.25,11.3,546.0,679.0,9869.0,82445.0,False
2883,2022-10-21 09:43:30.891045,-0.004424778761062065,-0.004424778761062065,-0.05000000000000071,-0.05000000000000071,11.25,11.3,11.25,11.3,542.0,679.0,9869.0,82445.0,False
2883,2022-10-21 09:43:30.922670,-0.004424778761062065,-0.004424778761062065,-0.05000000000000071,-0.05000000000000071,11.25,11.3,11.25,11.3,542.0,675.0,9869.0,82445.0,False
2883,2022-10-21 09:43:31.426219,-0.004424778761062065,-0.004424778761062065,-0.05000000000000071,-0.05000000000000071,11.25,11.3,11.25,11.3,542.0,675.0,9969.0,82445.0,True
2883,2022-10-21 09:43:31.543772,-0.004424778761062065,-0.004424778761062065,-0.05000000000000071,-0.05000000000000071,11.25,11.3,11.25,11.3,546.0,675.0,9969.0,82445.0,False
2883,2022-10-21 09:43:32.242963,-0.004424778761062065,-0.004424778761062065,-0.05000000000000071,-0.05000000000000071,11.25,11.3,11.25,11.3,546.0,675.0,9969.0,82445.0,False
2883,2022-10-21 09:43:32.881986,-0.004424778761062065,-0.004424778761062065,-0.05000000000000071,-0.05000000000000071,11.25,11.3,11.25,11.3,546.0,675.0,9969.0,82445.0,False
2883,2022-10-21 09:43:32.938813,-0.004424778761062065,-0.004424778761062065,-0.05000000000000071,-0.05000000000000071,11.25,11.3,11.25,11.3,543.0,672.0,9969.0,82445.0,False
2883,2022-10-21 09:43:32.905520,-0.004424778761062065,-0.004424778761062065,-0.05000000000000071,-0.05000000000000071,11.25,11.3,11.25,11.3,543.0,675.0,9969.0,82445.0,False
2883,2022-10-21 09:43:34.250529,-0.004424778761062065,-0.004424778761062065,-0.05000000000000071,-0.05000000000000071,11.25,11.3,11.25,11.3,547.0,672.0,9969.0,82445.0,False
2883,2022-10-21 09:43:35.665208,-0.004424778761062065,-0.004424778761062065,-0.05000000000000071,-0.05000000000000071,11.25,11.3,11.25,11.3,642.0,672.0,9969.0,82445.0,False
2883,2022-10-21 09:43:35.693857,-0.004424778761062065,-0.004424778761062065,-0.05000000000000071,-0.05000000000000071,11.25,11.3,11.25,11.3,647.0,672.0,9969.0,82445.0,False
2883,2022-10-21 09:43:37.263343,-0.004424778761062065,-0.004424778761062065,-0.05000000000000071,-0.05000000000000071,11.25,11.3,11.25,11.3,647.0,672.0,9969.0,82445.0,False
2883,2022-10-21 09:43:38.057693,-0.004424778761062065,-0.004424778761062065,-0.05000000000000071,-0.05000000000000071,11.25,11.3,11.25,11.3,649.0,672.0,9969.0,82445.0,False
2883,2022-10-21 09:43:38.564544,-0.004424778761062065,-0.004424778761062065,-0.05000000000000071,-0.05000000000000071,11.25,11.3,11.25,11.3,650.0,672.0,9969.0,82445.0,False
2883,2022-10-21 09:43:39.379778,-0.004424778761062065,-0.004424778761062065,-0.05000000000000071,-0.05000000000000071,11.25,11.3,11.25,11.3,652.0,672.0,9969.0,82445.0,False
2883,2022-10-21 09:43:41.464328,-0.004424778761062065,-0.004424778761062065,-0.05000000000000071,-0.05000000000000071,11.25,11.3,11.25,11.3,652.0,672.0,9999.0,82445.0,True
2883,2022-10-21 09:43:42.023712,-0.004424778761062065,-0.004424778761062065,-0.05000000000000071,-0.05000000000000071,11.25,11.3,11.25,11.3,652.0,668.0,9999.0,82445.0,False
2883,2022-10-21 09:43:42.402824,-0.004424778761062065,-0.004424778761062065,-0.05000000000000071,-0.05000000000000071,11.25,11.3,11.25,11.3,652.0,668.0,9999.0,82445.0,False
2883,2022-10-21 09:43:44.044834,-0.004424778761062065,-0.004424778761062065,-0.05000000000000071,-0.05000000000000071,11.25,11.3,11.25,11.3,652.0,667.0,9999.0,82445.0,False
2883,2022-10-21 09:43:44.407850,-0.004424778761062065,-0.004424778761062065,-0.05000000000000071,-0.05000000000000071,11.25,11.3,11.25,11.3,652.0,667.0,9999.0,82445.0,False
2883,2022-10-21 09:43:44.629393,-0.004424778761062065,-0.004424778761062065,-0.05000000000000071,-0.05000000000000071,11.25,11.3,11.25,11.3,652.0,667.0,9999.0,82445.0,False
2883,2022-10-21 09:43:45.141803,-0.004424778761062065,-0.004424778761062065,-0.05000000000000071,-0.05000000000000071,11.25,11.3,11.25,11.3,652.0,667.0,9999.0,82445.0,False
2883,2022-10-21 09:43:45.553077,-0.004424778761062065,-0.004424778761062065,-0.05000000000000071,-0.05000000000000071,11.25,11.3,11.25,11.3,652.0,667.0,9999.0,82445.0,False
2883,2022-10-21 09:43:47.338963,-0.004424778761062065,-0.004424778761062065,-0.05000000000000071,-0.05000000000000071,11.25,11.3,11.25,11.3,657.0,667.0,9999.0,82445.0,False
2883,2022-10-21 09:43:47.577392,-0.004424778761062065,-0.004424778761062065,-0.05000000000000071,-0.05000000000000071,11.25,11.3,11.25,11.3,688.0,667.0,9999.0,82445.0,False
2883,2022-10-21 09:43:48.003319,-0.004424778761062065,-0.004424778761062065,-0.05000000000000071,-0.05000000000000071,11.25,11.3,11.25,11.3,688.0,667.0,9999.0,82445.0,False
2883,2022-10-21 09:43:48.238611,-0.004424778761062065,-0.004424778761062065,-0.05000000000000071,-0.05000000000000071,11.25,11.3,11.25,11.3,688.0,667.0,9999.0,82445.0,False
2883,2022-10-21 09:43:49.005773,-0.004424778761062065,-0.004424778761062065,-0.05000000000000071,-0.05000000000000071,11.25,11.3,11.25,11.3,668.0,667.0,9999.0,82445.0,False
2883,2022-10-21 09:43:49.097093,-0.004424778761062065,-0.004424778761062065,-0.05000000000000071,-0.05000000000000071,11.25,11.3,11.25,11.3,668.0,667.0,9999.0,82445.0,False
2883,2022-10-21 09:43:49.176429,-0.004424778761062065,-0.004424778761062065,-0.05000000000000071,-0.05000000000000071,11.25,11.3,11.25,11.3,668.0,659.0,9999.0,82445.0,False
2883,2022-10-21 09:43:49.987500,-0.004424778761062065,-0.004424778761062065,-0.05000000000000071,-0.05000000000000071,11.25,11.3,11.25,11.3,663.0,659.0,9999.0,82445.0,False
2883,2022-10-21 09:43:50.107741,-0.004424778761062065,-0.004424778761062065,-0.05000000000000071,-0.05000000000000071,11.25,11.3,11.25,11.3,663.0,659.0,9999.0,82445.0,False
2883,2022-10-21 09:43:51.337884,-0.004424778761062065,-0.004424778761062065,-0.05000000000000071,-0.05000000000000071,11.25,11.3,11.25,11.3,668.0,659.0,9999.0,82445.0,False
2883,2022-10-21 09:43:51.507579,-0.004424778761062065,-0.004424778761062065,-0.05000000000000071,-0.05000000000000071,11.25,11.3,11.25,11.3,668.0,659.0,9999.0,82431.0,True
2883,2022-10-21 09:43:51.585404,-0.004424778761062065,-0.004424778761062065,-0.05000000000000071,-0.05000000000000071,11.25,11.3,11.25,11.3,668.0,658.0,9999.0,82431.0,False
2883,2022-10-21 09:43:51.732423,-0.004424778761062065,-0.004424778761062065,-0.05000000000000071,-0.05000000000000071,11.25,11.3,11.25,11.3,668.0,611.0,9999.0,82431.0,False
2883,2022-10-21 09:43:52.916268,-0.004424778761062065,-0.004424778761062065,-0.05000000000000071,-0.05000000000000071,11.25,11.3,11.25,11.3,658.0,601.0,9999.0,82431.0,False
2883,2022-10-21 09:43:52.988909,-0.004424778761062065,-0.004424778761062065,-0.05000000000000071,-0.05000000000000071,11.25,11.3,11.25,11.3,658.0,600.0,9999.0,82431.0,False
2883,2022-10-21 09:43:53.431067,-0.004424778761062065,-0.004424778761062065,-0.05000000000000071,-0.05000000000000071,11.25,11.3,11.25,11.3,658.0,561.0,9999.0,82431.0,False
2883,2022-10-21 09:43:53.444166,-0.004424778761062065,-0.004424778761062065,-0.05000000000000071,-0.05000000000000071,11.25,11.3,11.25,11.3,653.0,561.0,9999.0,82431.0,False
2883,2022-10-21 09:43:55.341850,-0.004424778761062065,-0.004424778761062065,-0.05000000000000071,-0.05000000000000071,11.25,11.3,11.25,11.3,658.0,561.0,9999.0,82431.0,False
2883,2022-10-21 09:43:55.950847,-0.004424778761062065,-0.004424778761062065,-0.05000000000000071,-0.05000000000000071,11.25,11.3,11.25,11.3,659.0,561.0,9999.0,82431.0,False
2883,2022-10-21 09:43:56.648817,-0.004424778761062065,-0.004424778761062065,-0.05000000000000071,-0.05000000000000071,11.25,11.3,11.25,11.3,659.0,561.0,9999.0,82431.0,False
2883,2022-10-21 09:43:56.680311,-0.004424778761062065,-0.004424778761062065,-0.05000000000000071,-0.05000000000000071,11.25,11.3,11.25,11.3,659.0,561.0,9999.0,82431.0,False
2883,2022-10-21 09:43:58.888522,-0.004424778761062065,-0.004424778761062065,-0.05000000000000071,-0.05000000000000071,11.25,11.3,11.25,11.3,660.0,561.0,9999.0,82431.0,False
2883,2022-10-21 09:43:59.562305,-0.004424778761062065,-0.004424778761062065,-0.05000000000000071,-0.05000000000000071,11.25,11.3,11.25,11.3,660.0,561.0,9999.0,82431.0,False
2883,2022-10-21 09:43:59.911247,-0.004424778761062065,-0.004424778761062065,-0.05000000000000071,-0.05000000000000071,11.25,11.3,11.25,11.3,660.0,561.0,9999.0,82431.0,False
2883,2022-10-21 09:44:00.594535,-0.004424778761062065,-0.004424778761062065,-0.05000000000000071,-0.05000000000000071,11.25,11.3,11.25,11.3,660.0,561.0,9999.0,82431.0,False
2883,2022-10-21 09:44:01.551827,-0.004424778761062065,-0.004424778761062065,-0.05000000000000071,-0.05000000000000071,11.25,11.3,11.25,11.3,660.0,561.0,10049.0,82431.0,True
2883,2022-10-21 09:44:04.637141,-0.004424778761062065,-0.004424778761062065,-0.05000000000000071,-0.05000000000000071,11.25,11.3,11.25,11.3,660.0,561.0,10049.0,82431.0,False
2883,2022-10-21 09:44:05.569030,-0.004424778761062065,-0.004424778761062065,-0.05000000000000071,-0.05000000000000071,11.25,11.3,11.25,11.3,660.0,561.0,10049.0,82431.0,False
2883,2022-10-21 09:44:05.666591,-0.004424778761062065,-0.004424778761062065,-0.05000000000000071,-0.05000000000000071,11.25,11.3,11.25,11.3,661.0,561.0,10049.0,82431.0,False
2883,2022-10-21 09:44:07.563854,-0.004424778761062065,-0.004424778761062065,-0.05000000000000071,-0.05000000000000071,11.25,11.3,11.25,11.3,663.0,561.0,10049.0,82431.0,False
2883,2022-10-21 09:44:08.778247,-0.004424778761062065,-0.004424778761062065,-0.05000000000000071,-0.05000000000000071,11.25,11.3,11.25,11.3,668.0,561.0,10049.0,82431.0,False
2883,2022-10-21 09:44:11.589966,-0.004424778761062065,-0.004424778761062065,-0.05000000000000071,-0.05000000000000071,11.25,11.3,11.25,11.3,668.0,561.0,10149.0,82431.0,True
2883,2022-10-21 09:44:13.478039,-0.004424778761062065,-0.004424778761062065,-0.05000000000000071,-0.05000000000000071,11.25,11.3,11.25,11.3,669.0,561.0,10149.0,82431.0,False
2883,2022-10-21 09:44:14.301106,-0.004424778761062065,-0.004424778761062065,-0.05000000000000071,-0.05000000000000071,11.25,11.3,11.25,11.3,669.0,556.0,10149.0,82431.0,False
2883,2022-10-21 09:44:14.566452,-0.004424778761062065,-0.004424778761062065,-0.05000000000000071,-0.05000000000000071,11.25,11.3,11.25,11.3,670.0,556.0,10149.0,82431.0,False
2883,2022-10-21 09:44:15.171077,-0.004424778761062065,-0.004424778761062065,-0.05000000000000071,-0.05000000000000071,11.25,11.3,11.25,11.3,670.0,555.0,10149.0,82431.0,False
2883,2022-10-21 09:44:17.111868,-0.004424778761062065,-0.004424778761062065,-0.05000000000000071,-0.05000000000000071,11.25,11.3,11.25,11.3,670.0,555.0,10149.0,82431.0,False
2883,2022-10-21 09:44:17.531449,-0.004424778761062065,-0.004424778761062065,-0.05000000000000071,-0.05000000000000071,11.25,11.3,11.25,11.3,670.0,555.0,10149.0,82431.0,False
2883,2022-10-21 09:44:18.615139,-0.004424778761062065,-0.004424778761062065,-0.05000000000000071,-0.05000000000000071,11.25,11.3,11.25,11.3,672.0,555.0,10149.0,82431.0,False
2883,2022-10-21 09:44:19.518234,-0.004424778761062065,-0.004424778761062065,-0.05000000000000071,-0.05000000000000071,11.25,11.3,11.25,11.3,672.0,552.0,10149.0,82431.0,False
2883,2022-10-21 09:44:20.559040,-0.004424778761062065,-0.004424778761062065,-0.05000000000000071,-0.05000000000000071,11.25,11.3,11.25,11.3,677.0,552.0,10149.0,82431.0,False
2883,2022-10-21 09:44:20.562240,-0.004424778761062065,-0.004424778761062065,-0.05000000000000071,-0.05000000000000071,11.25,11.3,11.25,11.3,677.0,552.0,10149.0,82431.0,False
2883,2022-10-21 09:44:21.278862,-0.004424778761062065,-0.004424778761062065,-0.05000000000000071,-0.05000000000000071,11.25,11.3,11.25,11.3,677.0,552.0,10149.0,82431.0,False
2883,2022-10-21 09:44:22.078869,-0.004424778761062065,-0.004424778761062065,-0.05000000000000071,-0.05000000000000071,11.25,11.3,11.25,11.3,672.0,547.0,10149.0,82431.0,False
2883,2022-10-21 09:44:24.395128,-0.004424778761062065,-0.004424778761062065,-0.05000000000000071,-0.05000000000000071,11.25,11.3,11.25,11.3,672.0,547.0,10149.0,82431.0,False
2883,2022-10-21 09:44:26.922663,-0.004424778761062065,-0.004424778761062065,-0.05000000000000071,-0.05000000000000071,11.25,11.3,11.25,11.3,672.0,547.0,10149.0,82431.0,False
2883,2022-10-21 09:44:27.594558,-0.004424778761062065,-0.004424778761062065,-0.05000000000000071,-0.05000000000000071,11.25,11.3,11.25,11.3,582.0,547.0,10149.0,82431.0,False
2883,2022-10-21 09:44:27.603654,-0.004424778761062065,-0.004424778761062065,-0.05000000000000071,-0.05000000000000071,11.25,11.3,11.25,11.3,577.0,547.0,10149.0,82431.0,False
2883,2022-10-21 09:44:27.717425,-0.004424778761062065,-0.004424778761062065,-0.05000000000000071,-0.05000000000000071,11.25,11.3,11.25,11.3,577.0,547.0,10149.0,82431.0,False
2883,2022-10-21 09:44:29.429995,-0.004424778761062065,-0.004424778761062065,-0.05000000000000071,-0.05000000000000071,11.25,11.3,11.25,11.3,578.0,547.0,10149.0,82431.0,False
2883,2022-10-21 09:44:29.941292,-0.004424778761062065,-0.004424778761062065,-0.05000000000000071,-0.05000000000000071,11.25,11.3,11.25,11.3,578.0,547.0,10149.0,82431.0,False
2883,2022-10-21 09:44:30.264205,-0.004424778761062065,-0.004424778761062065,-0.05000000000000071,-0.05000000000000071,11.25,11.3,11.25,11.3,578.0,547.0,10149.0,82431.0,False
2883,2022-10-21 09:44:30.846458,-0.004424778761062065,-0.004424778761062065,-0.05000000000000071,-0.05000000000000071,11.25,11.3,11.25,11.3,578.0,546.0,10149.0,82431.0,False
2883,2022-10-21 09:44:31.402243,-0.004424778761062065,-0.004424778761062065,-0.05000000000000071,-0.05000000000000071,11.25,11.3,11.25,11.3,579.0,546.0,10149.0,82431.0,False
2883,2022-10-21 09:44:31.599414,-0.004424778761062065,-0.004424778761062065,-0.05000000000000071,-0.05000000000000071,11.25,11.3,11.25,11.3,579.0,411.0,10149.0,82431.0,False
2883,2022-10-21 09:44:31.682567,-0.004424778761062065,-0.004424778761062065,-0.05000000000000071,-0.05000000000000071,11.25,11.3,11.25,11.3,579.0,411.0,10349.0,82431.0,True
2883,2022-10-21 09:44:31.618815,-0.004424778761062065,-0.004424778761062065,-0.05000000000000071,-0.05000000000000071,11.25,11.3,11.25,11.3,579.0,411.0,10349.0,82431.0,False
2883,2022-10-21 09:44:32.299104,-0.004424778761062065,-0.004424778761062065,-0.05000000000000071,-0.05000000000000071,11.25,11.3,11.25,11.3,579.0,411.0,10349.0,82431.0,False
2883,2022-10-21 09:44:32.513243,-0.004424778761062065,-0.004424778761062065,-0.05000000000000071,-0.05000000000000071,11.25,11.3,11.25,11.3,579.0,364.0,10349.0,82431.0,False
2883,2022-10-21 09:44:33.493813,-0.004424778761062065,-0.004424778761062065,-0.05000000000000071,-0.05000000000000071,11.25,11.3,11.25,11.3,579.0,364.0,10349.0,82431.0,False
2883,2022-10-21 09:44:33.971835,-0.004424778761062065,-0.004424778761062065,-0.05000000000000071,-0.05000000000000071,11.25,11.3,11.25,11.3,579.0,364.0,10349.0,82431.0,False
2883,2022-10-21 09:44:35.693611,-0.004424778761062065,-0.004424778761062065,-0.05000000000000071,-0.05000000000000071,11.25,11.3,11.25,11.3,580.0,364.0,10349.0,82431.0,False
2883,2022-10-21 09:44:35.849715,-0.004424778761062065,-0.004424778761062065,-0.05000000000000071,-0.05000000000000071,11.25,11.3,11.25,11.3,580.0,364.0,10349.0,82431.0,False
2883,2022-10-21 09:44:36.841689,-0.004424778761062065,-0.004424778761062065,-0.05000000000000071,-0.05000000000000071,11.25,11.3,11.25,11.3,580.0,363.0,10349.0,82431.0,False
2883,2022-10-21 09:44:36.859522,-0.004424778761062065,-0.004424778761062065,-0.05000000000000071,-0.05000000000000071,11.25,11.3,11.25,11.3,580.0,363.0,10349.0,82431.0,False
2883,2022-10-21 09:44:38.497811,-0.004424778761062065,-0.004424778761062065,-0.05000000000000071,-0.05000000000000071,11.25,11.3,11.25,11.3,427.0,363.0,10349.0,82431.0,False
2883,2022-10-21 09:44:38.503045,0.0,-0.008849557522124019,0.0,-0.10000000000000142,11.2,11.25,11.25,11.3,1838.0,72.0,10349.0,82431.0,False
2883,2022-10-21 09:44:38.509427,0.0,-0.008849557522124019,0.0,-0.10000000000000142,11.2,11.25,11.25,11.3,1838.0,571.0,10349.0,82431.0,False
2883,2022-10-21 09:44:38.581147,0.0,-0.008849557522124019,0.0,-0.10000000000000142,11.2,11.25,11.25,11.3,1866.0,767.0,10349.0,82431.0,False
2883,2022-10-21 09:44:38.582340,0.0,-0.008849557522124019,0.0,-0.10000000000000142,11.2,11.25,11.25,11.3,1866.0,750.0,10349.0,82431.0,False
2883,2022-10-21 09:44:38.617367,0.0,-0.008849557522124019,0.0,-0.10000000000000142,11.2,11.25,11.25,11.3,1866.0,721.0,10349.0,82431.0,False
2883,2022-10-21 09:44:38.581694,0.0,-0.008849557522124019,0.0,-0.10000000000000142,11.2,11.25,11.25,11.3,1866.0,778.0,10349.0,82431.0,False
2883,2022-10-21 09:44:38.640179,0.0,-0.008849557522124019,0.0,-0.10000000000000142,11.2,11.25,11.25,11.3,1750.0,721.0,10349.0,82431.0,False
2883,2022-10-21 09:44:38.647190,0.0,-0.008849557522124019,0.0,-0.10000000000000142,11.2,11.25,11.25,11.3,1750.0,696.0,10349.0,82431.0,False
2883,2022-10-21 09:44:38.648117,0.0,-0.008849557522124019,0.0,-0.10000000000000142,11.2,11.25,11.25,11.3,1750.0,695.0,10349.0,82431.0,False
2883,2022-10-21 09:44:38.679045,0.0,-0.008849557522124019,0.0,-0.10000000000000142,11.2,11.25,11.25,11.3,1750.0,670.0,10349.0,82431.0,False
2883,2022-10-21 09:44:38.679673,0.0,-0.008849557522124019,0.0,-0.10000000000000142,11.2,11.25,11.25,11.3,1750.0,669.0,10349.0,82431.0,False
2883,2022-10-21 09:44:38.720553,0.0,-0.008849557522124019,0.0,-0.10000000000000142,11.2,11.25,11.25,11.3,1750.0,668.0,10349.0,82431.0,False
2883,2022-10-21 09:44:38.722050,0.0,-0.008849557522124019,0.0,-0.10000000000000142,11.2,11.25,11.25,11.3,1750.0,656.0,10349.0,82431.0,False
2883,2022-10-21 09:44:38.720963,0.0,-0.008849557522124019,0.0,-0.10000000000000142,11.2,11.25,11.25,11.3,1750.0,668.0,10349.0,82431.0,False
2883,2022-10-21 09:44:38.761708,0.0,-0.008849557522124019,0.0,-0.10000000000000142,11.2,11.25,11.25,11.3,1750.0,655.0,10349.0,82431.0,False
2883,2022-10-21 09:44:38.842021,0.0,-0.008849557522124019,0.0,-0.10000000000000142,11.2,11.25,11.25,11.3,1796.0,655.0,10349.0,82431.0,False
2883,2022-10-21 09:44:38.874520,0.0,-0.008849557522124019,0.0,-0.10000000000000142,11.2,11.25,11.25,11.3,1796.0,655.0,10349.0,82431.0,False
2883,2022-10-21 09:44:39.140210,0.0,-0.008849557522124019,0.0,-0.10000000000000142,11.2,11.25,11.25,11.3,1843.0,655.0,10349.0,82431.0,False
2883,2022-10-21 09:44:39.140251,0.0,-0.008849557522124019,0.0,-0.10000000000000142,11.2,11.25,11.25,11.3,1890.0,655.0,10349.0,82431.0,False
2883,2022-10-21 09:44:40.073839,0.0,-0.008849557522124019,0.0,-0.10000000000000142,11.2,11.25,11.25,11.3,1890.0,655.0,10349.0,82431.0,False
2883,2022-10-21 09:44:40.074601,0.0,-0.008849557522124019,0.0,-0.10000000000000142,11.2,11.25,11.25,11.3,1890.0,655.0,10349.0,82431.0,False
2883,2022-10-21 09:44:41.715545,0.0,-0.008849557522124019,0.0,-0.10000000000000142,11.2,11.25,11.25,11.3,1890.0,650.0,10349.0,82431.0,False
2883,2022-10-21 09:44:41.723784,0.0,-0.008849557522124019,0.0,-0.10000000000000142,11.2,11.25,11.25,11.3,1890.0,650.0,10349.0,82444.0,True
2883,2022-10-21 09:44:42.385517,0.0,-0.008849557522124019,0.0,-0.10000000000000142,11.2,11.25,11.25,11.3,2337.0,650.0,10349.0,82444.0,False
2883,2022-10-21 09:44:42.454166,0.0,-0.008849557522124019,0.0,-0.10000000000000142,11.2,11.25,11.25,11.3,2350.0,650.0,10349.0,82444.0,False
2883,2022-10-21 09:44:46.108131,0.0,-0.008849557522124019,0.0,-0.10000000000000142,11.2,11.25,11.25,11.3,2350.0,648.0,10349.0,82444.0,False
2883,2022-10-21 09:44:48.324795,0.0,-0.008849557522124019,0.0,-0.10000000000000142,11.2,11.25,11.25,11.3,2350.0,648.0,10349.0,82444.0,False
2883,2022-10-21 09:44:48.907586,0.0,-0.008849557522124019,0.0,-0.10000000000000142,11.2,11.25,11.25,11.3,2350.0,648.0,10349.0,82444.0,False
2883,2022-10-21 09:44:51.057747,0.0,-0.008849557522124019,0.0,-0.10000000000000142,11.2,11.25,11.25,11.3,2350.0,648.0,10349.0,82444.0,False
2883,2022-10-21 09:44:51.174081,0.0,-0.008849557522124019,0.0,-0.10000000000000142,11.2,11.25,11.25,11.3,2352.0,648.0,10349.0,82444.0,False
2883,2022-10-21 09:44:51.190690,0.0,-0.008849557522124019,0.0,-0.10000000000000142,11.2,11.25,11.25,11.3,2352.0,648.0,10349.0,82444.0,False
2883,2022-10-21 09:44:52.028591,0.0,-0.008849557522124019,0.0,-0.10000000000000142,11.2,11.25,11.25,11.3,2354.0,648.0,10349.0,82444.0,False
2883,2022-10-21 09:44:52.396604,0.0,-0.008849557522124019,0.0,-0.10000000000000142,11.2,11.25,11.25,11.3,2356.0,648.0,10349.0,82444.0,False
2883,2022-10-21 09:44:53.225539,0.0,-0.008849557522124019,0.0,-0.10000000000000142,11.2,11.25,11.25,11.3,2357.0,648.0,10349.0,82444.0,False
2883,2022-10-21 09:44:53.630510,0.0,-0.008849557522124019,0.0,-0.10000000000000142,11.2,11.25,11.25,11.3,2357.0,648.0,10349.0,82444.0,False
2883,2022-10-21 09:44:54.952886,0.0,-0.008849557522124019,0.0,-0.10000000000000142,11.2,11.25,11.25,11.3,2357.0,648.0,10349.0,82444.0,False
2883,2022-10-21 09:44:56.534943,0.0,-0.008849557522124019,0.0,-0.10000000000000142,11.2,11.25,11.25,11.3,2357.0,648.0,10349.0,82444.0,False
2883,2022-10-21 09:44:56.600894,0.0,-0.008849557522124019,0.0,-0.10000000000000142,11.2,11.25,11.25,11.3,2358.0,648.0,10349.0,82444.0,False
2883,2022-10-21 09:44:57.108602,0.0,-0.008849557522124019,0.0,-0.10000000000000142,11.2,11.25,11.25,11.3,2358.0,647.0,10349.0,82444.0,False
2883,2022-10-21 09:44:57.283539,0.0,-0.008849557522124019,0.0,-0.10000000000000142,11.2,11.25,11.25,11.3,2376.0,647.0,10349.0,82444.0,False
2883,2022-10-21 09:44:57.972729,0.0,-0.008849557522124019,0.0,-0.10000000000000142,11.2,11.25,11.25,11.3,2376.0,656.0,10349.0,82444.0,False
2883,2022-10-21 09:44:59.498745,0.0,-0.008849557522124019,0.0,-0.10000000000000142,11.2,11.25,11.25,11.3,2397.0,656.0,10349.0,82444.0,False
2883,2022-10-21 09:45:01.308660,0.0,-0.008849557522124019,0.0,-0.10000000000000142,11.2,11.25,11.25,11.3,2397.0,656.0,10349.0,82444.0,False
2883,2022-10-21 09:45:01.341858,0.0,-0.008849557522124019,0.0,-0.10000000000000142,11.2,11.25,11.25,11.3,2415.0,158.0,10349.0,82444.0,False
2883,2022-10-21 09:45:01.322345,0.0,-0.008849557522124019,0.0,-0.10000000000000142,11.2,11.25,11.25,11.3,2415.0,656.0,10349.0,82444.0,False
2883,2022-10-21 09:45:01.374454,0.0,-0.008849557522124019,0.0,-0.10000000000000142,11.2,11.25,11.25,11.3,2415.0,60.0,10349.0,82444.0,False
2883,2022-10-21 09:45:01.424736,0.0,-0.008849557522124019,0.0,-0.10000000000000142,11.2,11.25,11.25,11.3,2415.0,46.0,10349.0,82444.0,False
2883,2022-10-21 09:45:01.429768,-0.004424778761062065,-0.008849557522124019,-0.05000000000000071,-0.10000000000000142,11.2,11.3,11.25,11.3,2415.0,335.0,10349.0,82444.0,False
2883,2022-10-21 09:45:01.466959,-0.004424778761062065,-0.004424778761062065,-0.05000000000000071,-0.05000000000000071,11.25,11.3,11.25,11.3,172.0,419.0,10349.0,82444.0,False
