symbol,datetime,NaOb_r,NbOa_r,NaOb_s,NbOa_s,bid1,ask1,odd_bid1,odd_ask11,bidQty1,askQty1,odd_bidQty1,odd_ask1Qty1,triggerbyOdd
2884,2022-10-21 09:34:17.757879,0.0,-0.004376367614879695,0.0,-0.10000000000000142,22.75,22.8,22.8,22.85,682.0,165.0,807.0,600.0,True
2884,2022-10-21 09:34:18.195376,0.0,-0.004376367614879695,0.0,-0.10000000000000142,22.75,22.8,22.8,22.85,692.0,165.0,807.0,600.0,False
2884,2022-10-21 09:34:18.258339,0.0,-0.004376367614879695,0.0,-0.10000000000000142,22.75,22.8,22.8,22.85,692.0,173.0,807.0,600.0,False
2884,2022-10-21 09:34:18.289705,0.0,-0.004376367614879695,0.0,-0.10000000000000142,22.75,22.8,22.8,22.85,692.0,228.0,807.0,600.0,False
2884,2022-10-21 09:34:18.727129,0.0,-0.004376367614879695,0.0,-0.10000000000000142,22.75,22.8,22.8,22.85,692.0,227.0,807.0,600.0,False
2884,2022-10-21 09:34:18.764813,0.0,-0.004376367614879695,0.0,-0.10000000000000142,22.75,22.8,22.8,22.85,692.0,228.0,807.0,600.0,False
2884,2022-10-21 09:34:19.453648,0.0,-0.004376367614879695,0.0,-0.10000000000000142,22.75,22.8,22.8,22.85,692.0,288.0,807.0,600.0,False
2884,2022-10-21 09:34:19.505130,0.0,-0.004376367614879695,0.0,-0.10000000000000142,22.75,22.8,22.8,22.85,692.0,289.0,807.0,600.0,False
2884,2022-10-21 09:34:19.651313,0.0,-0.004376367614879695,0.0,-0.10000000000000142,22.75,22.8,22.8,22.85,694.0,289.0,807.0,600.0,False
2884,2022-10-21 09:34:20.522075,0.0,-0.004376367614879695,0.0,-0.10000000000000142,22.75,22.8,22.8,22.85,694.0,289.0,807.0,600.0,False
2884,2022-10-21 09:34:21.729513,0.0,-0.004376367614879695,0.0,-0.10000000000000142,22.75,22.8,22.8,22.85,694.0,289.0,807.0,600.0,False
2884,2022-10-21 09:34:22.691436,0.0,-0.004376367614879695,0.0,-0.10000000000000142,22.75,22.8,22.8,22.85,694.0,291.0,807.0,600.0,False
2884,2022-10-21 09:34:23.050193,0.0,-0.004376367614879695,0.0,-0.10000000000000142,22.75,22.8,22.8,22.85,694.0,291.0,807.0,600.0,False
2884,2022-10-21 09:34:24.926706,0.0,-0.004376367614879695,0.0,-0.10000000000000142,22.75,22.8,22.8,22.85,694.0,290.0,807.0,600.0,False
2884,2022-10-21 09:34:25.322619,0.0,-0.004376367614879695,0.0,-0.10000000000000142,22.75,22.8,22.8,22.85,695.0,290.0,807.0,600.0,False
2884,2022-10-21 09:34:26.894345,0.0,-0.004376367614879695,0.0,-0.10000000000000142,22.75,22.8,22.8,22.85,695.0,285.0,807.0,600.0,False
2884,2022-10-21 09:34:27.158380,0.0,-0.004376367614879695,0.0,-0.10000000000000142,22.75,22.8,22.8,22.85,695.0,286.0,807.0,600.0,False
2884,2022-10-21 09:34:27.216336,0.0,-0.004376367614879695,0.0,-0.10000000000000142,22.75,22.8,22.8,22.85,695.0,287.0,807.0,600.0,False
2884,2022-10-21 09:34:27.675315,0.0,-0.004376367614879695,0.0,-0.10000000000000142,22.75,22.8,22.8,22.85,695.0,287.0,807.0,600.0,False
2884,2022-10-21 09:34:28.740238,0.0,-0.004376367614879695,0.0,-0.10000000000000142,22.75,22.8,22.8,22.85,698.0,287.0,807.0,600.0,False
2884,2022-10-21 09:34:29.012649,0.0,-0.004376367614879695,0.0,-0.10000000000000142,22.75,22.8,22.8,22.85,698.0,287.0,807.0,600.0,False
2884,2022-10-21 09:34:31.703598,0.0,-0.004376367614879695,0.0,-0.10000000000000142,22.75,22.8,22.8,22.85,700.0,287.0,807.0,600.0,False
2884,2022-10-21 09:34:31.791839,0.0,-0.004376367614879695,0.0,-0.10000000000000142,22.75,22.8,22.8,22.85,700.0,287.0,807.0,600.0,False
2884,2022-10-21 09:34:32.266160,0.0,-0.004376367614879695,0.0,-0.10000000000000142,22.75,22.8,22.8,22.85,700.0,287.0,807.0,600.0,False
2884,2022-10-21 09:34:33.578817,0.0,-0.004376367614879695,0.0,-0.10000000000000142,22.75,22.8,22.8,22.85,690.0,287.0,807.0,600.0,False
2884,2022-10-21 09:34:33.627337,0.0,-0.004376367614879695,0.0,-0.10000000000000142,22.75,22.8,22.8,22.85,704.0,287.0,807.0,600.0,False
2884,2022-10-21 09:34:34.055956,0.0,-0.004376367614879695,0.0,-0.10000000000000142,22.75,22.8,22.8,22.85,704.0,287.0,807.0,600.0,False
2884,2022-10-21 09:34:34.887246,0.0,-0.004376367614879695,0.0,-0.10000000000000142,22.75,22.8,22.8,22.85,704.0,287.0,807.0,600.0,False
2884,2022-10-21 09:34:36.297737,0.0,-0.004376367614879695,0.0,-0.10000000000000142,22.75,22.8,22.8,22.85,704.0,287.0,807.0,600.0,False
2884,2022-10-21 09:34:37.849435,0.0,-0.004376367614879695,0.0,-0.10000000000000142,22.75,22.8,22.8,22.85,704.0,287.0,806.0,600.0,True
2884,2022-10-21 09:34:38.835845,0.0,-0.004376367614879695,0.0,-0.10000000000000142,22.75,22.8,22.8,22.85,704.0,285.0,806.0,600.0,False
2884,2022-10-21 09:34:38.885992,0.0,-0.004376367614879695,0.0,-0.10000000000000142,22.75,22.8,22.8,22.85,704.0,286.0,806.0,600.0,False
2884,2022-10-21 09:34:40.240052,0.0,-0.004376367614879695,0.0,-0.10000000000000142,22.75,22.8,22.8,22.85,704.0,286.0,806.0,600.0,False
2884,2022-10-21 09:34:41.314463,0.0,-0.004376367614879695,0.0,-0.10000000000000142,22.75,22.8,22.8,22.85,701.0,286.0,806.0,600.0,False
2884,2022-10-21 09:34:41.325109,0.0,-0.004376367614879695,0.0,-0.10000000000000142,22.75,22.8,22.8,22.85,699.0,286.0,806.0,600.0,False
2884,2022-10-21 09:34:41.580826,0.0,-0.004376367614879695,0.0,-0.10000000000000142,22.75,22.8,22.8,22.85,697.0,286.0,806.0,600.0,False
2884,2022-10-21 09:34:41.675450,0.0,-0.004376367614879695,0.0,-0.10000000000000142,22.75,22.8,22.8,22.85,697.0,286.0,806.0,600.0,False
2884,2022-10-21 09:34:42.325999,0.0,-0.004376367614879695,0.0,-0.10000000000000142,22.75,22.8,22.8,22.85,699.0,286.0,806.0,600.0,False
2884,2022-10-21 09:34:43.159121,0.0,-0.004376367614879695,0.0,-0.10000000000000142,22.75,22.8,22.8,22.85,699.0,287.0,806.0,600.0,False
2884,2022-10-21 09:34:43.838047,0.0,-0.004376367614879695,0.0,-0.10000000000000142,22.75,22.8,22.8,22.85,699.0,292.0,806.0,600.0,False
2884,2022-10-21 09:34:44.991289,0.0,-0.004376367614879695,0.0,-0.10000000000000142,22.75,22.8,22.8,22.85,699.0,291.0,806.0,600.0,False
2884,2022-10-21 09:34:46.025961,0.0,-0.004376367614879695,0.0,-0.10000000000000142,22.75,22.8,22.8,22.85,699.0,292.0,806.0,600.0,False
2884,2022-10-21 09:34:46.129111,0.0,-0.004376367614879695,0.0,-0.10000000000000142,22.75,22.8,22.8,22.85,699.0,292.0,806.0,600.0,False
2884,2022-10-21 09:34:47.861775,0.0,-0.004376367614879695,0.0,-0.10000000000000142,22.75,22.8,22.8,22.85,699.0,292.0,1106.0,600.0,True
2884,2022-10-21 09:34:48.102235,0.0,-0.004376367614879695,0.0,-0.10000000000000142,22.75,22.8,22.8,22.85,699.0,292.0,1106.0,600.0,False
2884,2022-10-21 09:34:49.891783,0.0,-0.004376367614879695,0.0,-0.10000000000000142,22.75,22.8,22.8,22.85,699.0,292.0,1106.0,600.0,False
2884,2022-10-21 09:34:50.230884,0.0,-0.004376367614879695,0.0,-0.10000000000000142,22.75,22.8,22.8,22.85,701.0,292.0,1106.0,600.0,False
2884,2022-10-21 09:34:50.395490,0.0,-0.004376367614879695,0.0,-0.10000000000000142,22.75,22.8,22.8,22.85,701.0,292.0,1106.0,600.0,False
2884,2022-10-21 09:34:51.322418,0.0,-0.004376367614879695,0.0,-0.10000000000000142,22.75,22.8,22.8,22.85,701.0,292.0,1106.0,600.0,False
2884,2022-10-21 09:34:51.513744,0.0,-0.004376367614879695,0.0,-0.10000000000000142,22.75,22.8,22.8,22.85,701.0,293.0,1106.0,600.0,False
2884,2022-10-21 09:34:51.838688,0.0,-0.004376367614879695,0.0,-0.10000000000000142,22.75,22.8,22.8,22.85,701.0,293.0,1106.0,600.0,False
2884,2022-10-21 09:34:51.880060,0.0,-0.004376367614879695,0.0,-0.10000000000000142,22.75,22.8,22.8,22.85,701.0,295.0,1106.0,600.0,False
2884,2022-10-21 09:34:52.735638,0.0,-0.004376367614879695,0.0,-0.10000000000000142,22.75,22.8,22.8,22.85,701.0,297.0,1106.0,600.0,False
2884,2022-10-21 09:34:53.093377,0.0,-0.004376367614879695,0.0,-0.10000000000000142,22.75,22.8,22.8,22.85,701.0,298.0,1106.0,600.0,False
2884,2022-10-21 09:34:55.828162,0.0,-0.004376367614879695,0.0,-0.10000000000000142,22.75,22.8,22.8,22.85,691.0,298.0,1106.0,600.0,False
2884,2022-10-21 09:34:55.876821,0.0,-0.004376367614879695,0.0,-0.10000000000000142,22.75,22.8,22.8,22.85,691.0,299.0,1106.0,600.0,False
2884,2022-10-21 09:34:58.030801,0.0,-0.004376367614879695,0.0,-0.10000000000000142,22.75,22.8,22.8,22.85,691.0,299.0,1207.0,551.0,True
2884,2022-10-21 09:34:58.583278,0.0,-0.004376367614879695,0.0,-0.10000000000000142,22.75,22.8,22.8,22.85,691.0,300.0,1207.0,551.0,False
2884,2022-10-21 09:34:59.062306,0.0,-0.004376367614879695,0.0,-0.10000000000000142,22.75,22.8,22.8,22.85,691.0,301.0,1207.0,551.0,False
2884,2022-10-21 09:35:01.428705,0.0,-0.004376367614879695,0.0,-0.10000000000000142,22.75,22.8,22.8,22.85,691.0,300.0,1207.0,551.0,False
2884,2022-10-21 09:35:01.694410,0.0,-0.004376367614879695,0.0,-0.10000000000000142,22.75,22.8,22.8,22.85,690.0,300.0,1207.0,551.0,False
2884,2022-10-21 09:35:01.731819,0.0,-0.004376367614879695,0.0,-0.10000000000000142,22.75,22.8,22.8,22.85,690.0,308.0,1207.0,551.0,False
2884,2022-10-21 09:35:02.033236,0.0,-0.004376367614879695,0.0,-0.10000000000000142,22.75,22.8,22.8,22.85,690.0,311.0,1207.0,551.0,False
2884,2022-10-21 09:35:02.477679,0.0,-0.004376367614879695,0.0,-0.10000000000000142,22.75,22.8,22.8,22.85,690.0,331.0,1207.0,551.0,False
2884,2022-10-21 09:35:02.530672,0.0,-0.004376367614879695,0.0,-0.10000000000000142,22.75,22.8,22.8,22.85,690.0,332.0,1207.0,551.0,False
2884,2022-10-21 09:35:02.551811,0.0,-0.004376367614879695,0.0,-0.10000000000000142,22.75,22.8,22.8,22.85,690.0,407.0,1207.0,551.0,False
2884,2022-10-21 09:35:02.664189,0.0,-0.004376367614879695,0.0,-0.10000000000000142,22.75,22.8,22.8,22.85,690.0,407.0,1207.0,551.0,False
2884,2022-10-21 09:35:02.800869,0.0,-0.004376367614879695,0.0,-0.10000000000000142,22.75,22.8,22.8,22.85,690.0,409.0,1207.0,551.0,False
2884,2022-10-21 09:35:04.052402,0.0,-0.004376367614879695,0.0,-0.10000000000000142,22.75,22.8,22.8,22.85,690.0,410.0,1207.0,551.0,False
2884,2022-10-21 09:35:04.617872,0.0,-0.004376367614879695,0.0,-0.10000000000000142,22.75,22.8,22.8,22.85,690.0,410.0,1207.0,551.0,False
2884,2022-10-21 09:35:05.415220,0.0,-0.004376367614879695,0.0,-0.10000000000000142,22.75,22.8,22.8,22.85,690.0,410.0,1207.0,551.0,False
2884,2022-10-21 09:35:05.621034,0.0,-0.004376367614879695,0.0,-0.10000000000000142,22.75,22.8,22.8,22.85,692.0,410.0,1207.0,551.0,False
2884,2022-10-21 09:35:06.120832,0.0,-0.004376367614879695,0.0,-0.10000000000000142,22.75,22.8,22.8,22.85,692.0,400.0,1207.0,551.0,False
2884,2022-10-21 09:35:06.896943,0.0,-0.004376367614879695,0.0,-0.10000000000000142,22.75,22.8,22.8,22.85,692.0,400.0,1207.0,551.0,False
2884,2022-10-21 09:35:08.036002,0.0,-0.004376367614879695,0.0,-0.10000000000000142,22.75,22.8,22.8,22.85,692.0,400.0,1457.0,551.0,True
2884,2022-10-21 09:35:08.058161,0.0,-0.004376367614879695,0.0,-0.10000000000000142,22.75,22.8,22.8,22.85,697.0,400.0,1457.0,551.0,False
2884,2022-10-21 09:35:08.633431,0.0,-0.004376367614879695,0.0,-0.10000000000000142,22.75,22.8,22.8,22.85,597.0,400.0,1457.0,551.0,False
2884,2022-10-21 09:35:08.684412,0.0,-0.004376367614879695,0.0,-0.10000000000000142,22.75,22.8,22.8,22.85,597.0,403.0,1457.0,551.0,False
2884,2022-10-21 09:35:08.968888,0.0,-0.004376367614879695,0.0,-0.10000000000000142,22.75,22.8,22.8,22.85,596.0,403.0,1457.0,551.0,False
2884,2022-10-21 09:35:09.107671,0.0,-0.004376367614879695,0.0,-0.10000000000000142,22.75,22.8,22.8,22.85,598.0,403.0,1457.0,551.0,False
2884,2022-10-21 09:35:09.209069,0.0,-0.004376367614879695,0.0,-0.10000000000000142,22.75,22.8,22.8,22.85,598.0,403.0,1457.0,551.0,False
2884,2022-10-21 09:35:09.504940,0.0,-0.004376367614879695,0.0,-0.10000000000000142,22.75,22.8,22.8,22.85,591.0,403.0,1457.0,551.0,False
2884,2022-10-21 09:35:10.181146,0.0,-0.004376367614879695,0.0,-0.10000000000000142,22.75,22.8,22.8,22.85,592.0,403.0,1457.0,551.0,False
2884,2022-10-21 09:35:10.219950,0.0,-0.004376367614879695,0.0,-0.10000000000000142,22.75,22.8,22.8,22.85,582.0,393.0,1457.0,551.0,False
2884,2022-10-21 09:35:10.182495,0.0,-0.004376367614879695,0.0,-0.10000000000000142,22.75,22.8,22.8,22.85,592.0,403.0,1457.0,551.0,False
2884,2022-10-21 09:35:10.795530,0.0,-0.004376367614879695,0.0,-0.10000000000000142,22.75,22.8,22.8,22.85,584.0,393.0,1457.0,551.0,False
2884,2022-10-21 09:35:11.054056,0.0,-0.004376367614879695,0.0,-0.10000000000000142,22.75,22.8,22.8,22.85,584.0,394.0,1457.0,551.0,False
2884,2022-10-21 09:35:11.243809,0.0,-0.004376367614879695,0.0,-0.10000000000000142,22.75,22.8,22.8,22.85,584.0,394.0,1457.0,551.0,False
2884,2022-10-21 09:35:14.018081,0.0,-0.004376367614879695,0.0,-0.10000000000000142,22.75,22.8,22.8,22.85,584.0,395.0,1457.0,551.0,False
2884,2022-10-21 09:35:14.659349,0.0,-0.004376367614879695,0.0,-0.10000000000000142,22.75,22.8,22.8,22.85,585.0,395.0,1457.0,551.0,False
2884,2022-10-21 09:35:15.164434,0.0,-0.004376367614879695,0.0,-0.10000000000000142,22.75,22.8,22.8,22.85,585.0,400.0,1457.0,551.0,False
2884,2022-10-21 09:35:15.165370,0.0,-0.004376367614879695,0.0,-0.10000000000000142,22.75,22.8,22.8,22.85,585.0,400.0,1457.0,551.0,False
2884,2022-10-21 09:35:18.049446,0.0,-0.004376367614879695,0.0,-0.10000000000000142,22.75,22.8,22.8,22.85,585.0,400.0,1507.0,532.0,True
2884,2022-10-21 09:35:18.080143,0.0,-0.004376367614879695,0.0,-0.10000000000000142,22.75,22.8,22.8,22.85,585.0,400.0,1507.0,532.0,False
2884,2022-10-21 09:35:18.709778,0.0,-0.004376367614879695,0.0,-0.10000000000000142,22.75,22.8,22.8,22.85,585.0,400.0,1507.0,532.0,False
2884,2022-10-21 09:35:18.711741,0.0,-0.004376367614879695,0.0,-0.10000000000000142,22.75,22.8,22.8,22.85,586.0,400.0,1507.0,532.0,False
2884,2022-10-21 09:35:18.913119,0.0,-0.004376367614879695,0.0,-0.10000000000000142,22.75,22.8,22.8,22.85,586.0,403.0,1507.0,532.0,False
2884,2022-10-21 09:35:19.211602,0.0,-0.004376367614879695,0.0,-0.10000000000000142,22.75,22.8,22.8,22.85,586.0,402.0,1507.0,532.0,False
2884,2022-10-21 09:35:19.499001,0.0,-0.004376367614879695,0.0,-0.10000000000000142,22.75,22.8,22.8,22.85,573.0,402.0,1507.0,532.0,False
2884,2022-10-21 09:35:20.196608,0.0,-0.004376367614879695,0.0,-0.10000000000000142,22.75,22.8,22.8,22.85,578.0,402.0,1507.0,532.0,False
2884,2022-10-21 09:35:20.654628,0.0,-0.004376367614879695,0.0,-0.10000000000000142,22.75,22.8,22.8,22.85,578.0,402.0,1507.0,532.0,False
2884,2022-10-21 09:35:21.007574,0.0,-0.004376367614879695,0.0,-0.10000000000000142,22.75,22.8,22.8,22.85,578.0,402.0,1507.0,532.0,False
2884,2022-10-21 09:35:21.009471,0.0,-0.004376367614879695,0.0,-0.10000000000000142,22.75,22.8,22.8,22.85,578.0,408.0,1507.0,532.0,False
2884,2022-10-21 09:35:22.877903,0.0,-0.004376367614879695,0.0,-0.10000000000000142,22.75,22.8,22.8,22.85,573.0,408.0,1507.0,532.0,False
2884,2022-10-21 09:35:24.841069,0.0,-0.004376367614879695,0.0,-0.10000000000000142,22.75,22.8,22.8,22.85,573.0,408.0,1507.0,532.0,False
2884,2022-10-21 09:35:24.917934,0.0,-0.004376367614879695,0.0,-0.10000000000000142,22.75,22.8,22.8,22.85,573.0,433.0,1507.0,532.0,False
2884,2022-10-21 09:35:25.272504,0.0,-0.004376367614879695,0.0,-0.10000000000000142,22.75,22.8,22.8,22.85,574.0,433.0,1507.0,532.0,False
2884,2022-10-21 09:35:26.670603,0.0,-0.004376367614879695,0.0,-0.10000000000000142,22.75,22.8,22.8,22.85,574.0,433.0,1507.0,532.0,False
2884,2022-10-21 09:35:27.229711,0.0,-0.004376367614879695,0.0,-0.10000000000000142,22.75,22.8,22.8,22.85,574.0,433.0,1507.0,532.0,False
2884,2022-10-21 09:35:27.375429,0.0,-0.004376367614879695,0.0,-0.10000000000000142,22.75,22.8,22.8,22.85,574.0,433.0,1507.0,532.0,False
2884,2022-10-21 09:35:28.069288,0.0,-0.004376367614879695,0.0,-0.10000000000000142,22.75,22.8,22.8,22.85,574.0,433.0,1957.0,532.0,True
2884,2022-10-21 09:35:29.694110,0.0,-0.004376367614879695,0.0,-0.10000000000000142,22.75,22.8,22.8,22.85,577.0,433.0,1957.0,532.0,False
2884,2022-10-21 09:35:29.993871,0.0,-0.004376367614879695,0.0,-0.10000000000000142,22.75,22.8,22.8,22.85,577.0,434.0,1957.0,532.0,False
2884,2022-10-21 09:35:30.178894,0.0,-0.004376367614879695,0.0,-0.10000000000000142,22.75,22.8,22.8,22.85,577.0,434.0,1957.0,532.0,False
2884,2022-10-21 09:35:30.679621,0.0,-0.004376367614879695,0.0,-0.10000000000000142,22.75,22.8,22.8,22.85,577.0,435.0,1957.0,532.0,False
2884,2022-10-21 09:35:30.748775,0.0,-0.004376367614879695,0.0,-0.10000000000000142,22.75,22.8,22.8,22.85,577.0,435.0,1957.0,532.0,False
2884,2022-10-21 09:35:31.686116,0.0,-0.004376367614879695,0.0,-0.10000000000000142,22.75,22.8,22.8,22.85,578.0,435.0,1957.0,532.0,False
2884,2022-10-21 09:35:32.243442,0.0,-0.004376367614879695,0.0,-0.10000000000000142,22.75,22.8,22.8,22.85,578.0,485.0,1957.0,532.0,False
2884,2022-10-21 09:35:32.305246,0.0,-0.004376367614879695,0.0,-0.10000000000000142,22.75,22.8,22.8,22.85,578.0,488.0,1957.0,532.0,False
2884,2022-10-21 09:35:32.430239,0.0,-0.004376367614879695,0.0,-0.10000000000000142,22.75,22.8,22.8,22.85,578.0,488.0,1957.0,532.0,False
2884,2022-10-21 09:35:32.763003,0.0,-0.004376367614879695,0.0,-0.10000000000000142,22.75,22.8,22.8,22.85,579.0,488.0,1957.0,532.0,False
2884,2022-10-21 09:35:32.993300,0.0,-0.004376367614879695,0.0,-0.10000000000000142,22.75,22.8,22.8,22.85,579.0,483.0,1957.0,532.0,False
2884,2022-10-21 09:35:33.059657,0.0,-0.004376367614879695,0.0,-0.10000000000000142,22.75,22.8,22.8,22.85,579.0,485.0,1957.0,532.0,False
2884,2022-10-21 09:35:38.094898,0.0,-0.004376367614879695,0.0,-0.10000000000000142,22.75,22.8,22.8,22.85,579.0,485.0,2255.0,332.0,True
2884,2022-10-21 09:35:38.248841,0.0,-0.004376367614879695,0.0,-0.10000000000000142,22.75,22.8,22.8,22.85,641.0,485.0,2255.0,332.0,False
2884,2022-10-21 09:35:38.514224,0.0,-0.004376367614879695,0.0,-0.10000000000000142,22.75,22.8,22.8,22.85,640.0,485.0,2255.0,332.0,False
2884,2022-10-21 09:35:41.196381,0.0,-0.004376367614879695,0.0,-0.10000000000000142,22.75,22.8,22.8,22.85,640.0,485.0,2255.0,332.0,False
2884,2022-10-21 09:35:41.569117,0.0,-0.004376367614879695,0.0,-0.10000000000000142,22.75,22.8,22.8,22.85,638.0,485.0,2255.0,332.0,False
2884,2022-10-21 09:35:41.825654,0.0,-0.004376367614879695,0.0,-0.10000000000000142,22.75,22.8,22.8,22.85,638.0,486.0,2255.0,332.0,False
2884,2022-10-21 09:35:43.808411,0.0,-0.004376367614879695,0.0,-0.10000000000000142,22.75,22.8,22.8,22.85,638.0,486.0,2255.0,332.0,False
2884,2022-10-21 09:35:44.166013,0.0,-0.004376367614879695,0.0,-0.10000000000000142,22.75,22.8,22.8,22.85,638.0,486.0,2255.0,332.0,False
2884,2022-10-21 09:35:44.473963,0.0,-0.004376367614879695,0.0,-0.10000000000000142,22.75,22.8,22.8,22.85,638.0,486.0,2255.0,332.0,False
2884,2022-10-21 09:35:44.694809,0.0,-0.004376367614879695,0.0,-0.10000000000000142,22.75,22.8,22.8,22.85,639.0,486.0,2255.0,332.0,False
2884,2022-10-21 09:35:44.933467,0.0,-0.004376367614879695,0.0,-0.10000000000000142,22.75,22.8,22.8,22.85,640.0,486.0,2255.0,332.0,False
2884,2022-10-21 09:35:45.982217,0.0,-0.004376367614879695,0.0,-0.10000000000000142,22.75,22.8,22.8,22.85,640.0,487.0,2255.0,332.0,False
2884,2022-10-21 09:35:46.194592,0.0,-0.004376367614879695,0.0,-0.10000000000000142,22.75,22.8,22.8,22.85,640.0,492.0,2255.0,332.0,False
2884,2022-10-21 09:35:46.920230,0.0,-0.004376367614879695,0.0,-0.10000000000000142,22.75,22.8,22.8,22.85,640.0,496.0,2255.0,332.0,False
2884,2022-10-21 09:35:47.217202,0.0,-0.004376367614879695,0.0,-0.10000000000000142,22.75,22.8,22.8,22.85,640.0,496.0,2255.0,332.0,False
2884,2022-10-21 09:35:48.122733,0.0,-0.004376367614879695,0.0,-0.10000000000000142,22.75,22.8,22.8,22.85,640.0,496.0,2255.0,922.0,True
2884,2022-10-21 09:35:49.107830,0.0,-0.004376367614879695,0.0,-0.10000000000000142,22.75,22.8,22.8,22.85,642.0,496.0,2255.0,922.0,False
2884,2022-10-21 09:35:49.172947,0.0,-0.004376367614879695,0.0,-0.10000000000000142,22.75,22.8,22.8,22.85,642.0,497.0,2255.0,922.0,False
2884,2022-10-21 09:35:49.331032,0.0,-0.004376367614879695,0.0,-0.10000000000000142,22.75,22.8,22.8,22.85,643.0,497.0,2255.0,922.0,False
2884,2022-10-21 09:35:50.230021,0.0,-0.004376367614879695,0.0,-0.10000000000000142,22.75,22.8,22.8,22.85,644.0,497.0,2255.0,922.0,False
2884,2022-10-21 09:35:52.094430,0.0,-0.004376367614879695,0.0,-0.10000000000000142,22.75,22.8,22.8,22.85,645.0,497.0,2255.0,922.0,False
2884,2022-10-21 09:35:53.159723,0.0,-0.004376367614879695,0.0,-0.10000000000000142,22.75,22.8,22.8,22.85,644.0,497.0,2255.0,922.0,False
2884,2022-10-21 09:35:54.256845,0.0,-0.004376367614879695,0.0,-0.10000000000000142,22.75,22.8,22.8,22.85,644.0,497.0,2255.0,922.0,False
2884,2022-10-21 09:35:54.473982,0.0,-0.004376367614879695,0.0,-0.10000000000000142,22.75,22.8,22.8,22.85,644.0,487.0,2255.0,922.0,False
2884,2022-10-21 09:35:55.193674,0.0,-0.004376367614879695,0.0,-0.10000000000000142,22.75,22.8,22.8,22.85,639.0,487.0,2255.0,922.0,False
2884,2022-10-21 09:35:56.824007,0.0,-0.004376367614879695,0.0,-0.10000000000000142,22.75,22.8,22.8,22.85,640.0,487.0,2255.0,922.0,False
2884,2022-10-21 09:35:58.159869,0.0,-0.004376367614879695,0.0,-0.10000000000000142,22.75,22.8,22.8,22.85,640.0,487.0,2255.0,1346.0,True
2884,2022-10-21 09:35:58.191906,0.0,-0.004376367614879695,0.0,-0.10000000000000142,22.75,22.8,22.8,22.85,640.0,487.0,2255.0,1346.0,False
2884,2022-10-21 09:35:59.057809,0.0,-0.004376367614879695,0.0,-0.10000000000000142,22.75,22.8,22.8,22.85,640.0,488.0,2255.0,1346.0,False
2884,2022-10-21 09:36:00.269195,0.0,-0.004376367614879695,0.0,-0.10000000000000142,22.75,22.8,22.8,22.85,640.0,488.0,2255.0,1346.0,False
2884,2022-10-21 09:36:00.829009,0.0,-0.004376367614879695,0.0,-0.10000000000000142,22.75,22.8,22.8,22.85,641.0,488.0,2255.0,1346.0,False
2884,2022-10-21 09:36:01.969129,0.0,-0.004376367614879695,0.0,-0.10000000000000142,22.75,22.8,22.8,22.85,641.0,489.0,2255.0,1346.0,False
2884,2022-10-21 09:36:02.243940,0.0,-0.004376367614879695,0.0,-0.10000000000000142,22.75,22.8,22.8,22.85,641.0,489.0,2255.0,1346.0,False
2884,2022-10-21 09:36:02.262104,0.0,-0.004376367614879695,0.0,-0.10000000000000142,22.75,22.8,22.8,22.85,639.0,489.0,2255.0,1346.0,False
2884,2022-10-21 09:36:02.738225,0.0,-0.004376367614879695,0.0,-0.10000000000000142,22.75,22.8,22.8,22.85,639.0,490.0,2255.0,1346.0,False
2884,2022-10-21 09:36:04.907857,0.0,-0.004376367614879695,0.0,-0.10000000000000142,22.75,22.8,22.8,22.85,639.0,489.0,2255.0,1346.0,False
2884,2022-10-21 09:36:06.153130,0.0,-0.004376367614879695,0.0,-0.10000000000000142,22.75,22.8,22.8,22.85,639.0,491.0,2255.0,1346.0,False
2884,2022-10-21 09:36:06.207555,0.0,-0.004376367614879695,0.0,-0.10000000000000142,22.75,22.8,22.8,22.85,640.0,491.0,2255.0,1346.0,False
2884,2022-10-21 09:36:07.590972,0.0,-0.004376367614879695,0.0,-0.10000000000000142,22.75,22.8,22.8,22.85,640.0,491.0,2255.0,1346.0,False
2884,2022-10-21 09:36:07.621917,0.0,-0.004376367614879695,0.0,-0.10000000000000142,22.75,22.8,22.8,22.85,642.0,491.0,2255.0,1346.0,False
2884,2022-10-21 09:36:07.963318,0.0,-0.004376367614879695,0.0,-0.10000000000000142,22.75,22.8,22.8,22.85,642.0,492.0,2255.0,1346.0,False
2884,2022-10-21 09:36:08.200639,0.0,-0.004376367614879695,0.0,-0.10000000000000142,22.75,22.8,22.8,22.85,642.0,492.0,2434.0,1346.0,True
2884,2022-10-21 09:36:08.678267,0.0,-0.004376367614879695,0.0,-0.10000000000000142,22.75,22.8,22.8,22.85,642.0,492.0,2434.0,1346.0,False
2884,2022-10-21 09:36:09.100358,0.0,-0.004376367614879695,0.0,-0.10000000000000142,22.75,22.8,22.8,22.85,642.0,493.0,2434.0,1346.0,False
2884,2022-10-21 09:36:09.427433,0.0,-0.004376367614879695,0.0,-0.10000000000000142,22.75,22.8,22.8,22.85,642.0,494.0,2434.0,1346.0,False
2884,2022-10-21 09:36:11.275693,0.0,-0.004376367614879695,0.0,-0.10000000000000142,22.75,22.8,22.8,22.85,642.0,496.0,2434.0,1346.0,False
2884,2022-10-21 09:36:11.828679,0.0,-0.004376367614879695,0.0,-0.10000000000000142,22.75,22.8,22.8,22.85,642.0,496.0,2434.0,1346.0,False
2884,2022-10-21 09:36:12.408444,0.0,-0.004376367614879695,0.0,-0.10000000000000142,22.75,22.8,22.8,22.85,639.0,493.0,2434.0,1346.0,False
2884,2022-10-21 09:36:14.034157,0.0,-0.004376367614879695,0.0,-0.10000000000000142,22.75,22.8,22.8,22.85,640.0,493.0,2434.0,1346.0,False
2884,2022-10-21 09:36:15.096998,0.0,-0.004376367614879695,0.0,-0.10000000000000142,22.75,22.8,22.8,22.85,640.0,509.0,2434.0,1346.0,False
2884,2022-10-21 09:36:15.969621,0.0,-0.004376367614879695,0.0,-0.10000000000000142,22.75,22.8,22.8,22.85,640.0,509.0,2434.0,1346.0,False
2884,2022-10-21 09:36:16.817792,0.0,-0.004376367614879695,0.0,-0.10000000000000142,22.75,22.8,22.8,22.85,639.0,508.0,2434.0,1346.0,False
2884,2022-10-21 09:36:16.960182,0.0,-0.004376367614879695,0.0,-0.10000000000000142,22.75,22.8,22.8,22.85,639.0,509.0,2434.0,1346.0,False
2884,2022-10-21 09:36:17.538240,0.0,-0.004376367614879695,0.0,-0.10000000000000142,22.75,22.8,22.8,22.85,639.0,508.0,2434.0,1346.0,False
2884,2022-10-21 09:36:18.002902,0.0,-0.004376367614879695,0.0,-0.10000000000000142,22.75,22.8,22.8,22.85,639.0,507.0,2434.0,1346.0,False
2884,2022-10-21 09:36:18.229408,0.0,-0.004376367614879695,0.0,-0.10000000000000142,22.75,22.8,22.8,22.85,639.0,507.0,2951.0,1346.0,True
2884,2022-10-21 09:36:19.192774,0.0,-0.004376367614879695,0.0,-0.10000000000000142,22.75,22.8,22.8,22.85,640.0,507.0,2951.0,1346.0,False
2884,2022-10-21 09:36:23.611639,0.0,-0.004376367614879695,0.0,-0.10000000000000142,22.75,22.8,22.8,22.85,640.0,506.0,2951.0,1346.0,False
2884,2022-10-21 09:36:27.697598,0.0,-0.004376367614879695,0.0,-0.10000000000000142,22.75,22.8,22.8,22.85,640.0,526.0,2951.0,1346.0,False
2884,2022-10-21 09:36:27.752049,0.0,-0.004376367614879695,0.0,-0.10000000000000142,22.75,22.8,22.8,22.85,640.0,525.0,2951.0,1346.0,False
2884,2022-10-21 09:36:28.266540,0.0,-0.004376367614879695,0.0,-0.10000000000000142,22.75,22.8,22.8,22.85,640.0,525.0,3468.0,1346.0,True
2884,2022-10-21 09:36:28.383135,0.0,-0.004376367614879695,0.0,-0.10000000000000142,22.75,22.8,22.8,22.85,640.0,525.0,3468.0,1346.0,False
2884,2022-10-21 09:36:28.742969,0.0,-0.004376367614879695,0.0,-0.10000000000000142,22.75,22.8,22.8,22.85,640.0,525.0,3468.0,1346.0,False
2884,2022-10-21 09:36:30.886123,0.0,-0.004376367614879695,0.0,-0.10000000000000142,22.75,22.8,22.8,22.85,643.0,525.0,3468.0,1346.0,False
2884,2022-10-21 09:36:32.062758,0.0,-0.004376367614879695,0.0,-0.10000000000000142,22.75,22.8,22.8,22.85,643.0,526.0,3468.0,1346.0,False
2884,2022-10-21 09:36:32.582502,0.0,-0.004376367614879695,0.0,-0.10000000000000142,22.75,22.8,22.8,22.85,643.0,526.0,3468.0,1346.0,False
2884,2022-10-21 09:36:32.950675,0.0,-0.004376367614879695,0.0,-0.10000000000000142,22.75,22.8,22.8,22.85,643.0,527.0,3468.0,1346.0,False
2884,2022-10-21 09:36:33.569945,0.0,-0.004376367614879695,0.0,-0.10000000000000142,22.75,22.8,22.8,22.85,645.0,527.0,3468.0,1346.0,False
2884,2022-10-21 09:36:35.113415,0.0,-0.004376367614879695,0.0,-0.10000000000000142,22.75,22.8,22.8,22.85,645.0,528.0,3468.0,1346.0,False
2884,2022-10-21 09:36:35.354790,0.0,-0.004376367614879695,0.0,-0.10000000000000142,22.75,22.8,22.8,22.85,646.0,528.0,3468.0,1346.0,False
2884,2022-10-21 09:36:35.494739,0.0,-0.004376367614879695,0.0,-0.10000000000000142,22.75,22.8,22.8,22.85,646.0,528.0,3468.0,1346.0,False
2884,2022-10-21 09:36:38.297587,0.0,-0.004376367614879695,0.0,-0.10000000000000142,22.75,22.8,22.8,22.85,646.0,528.0,3468.0,846.0,True
2884,2022-10-21 09:36:38.701373,0.0,-0.004376367614879695,0.0,-0.10000000000000142,22.75,22.8,22.8,22.85,646.0,527.0,3468.0,846.0,False
2884,2022-10-21 09:36:38.905192,0.0,-0.004376367614879695,0.0,-0.10000000000000142,22.75,22.8,22.8,22.85,644.0,527.0,3468.0,846.0,False
2884,2022-10-21 09:36:38.964297,0.0,-0.004376367614879695,0.0,-0.10000000000000142,22.75,22.8,22.8,22.85,643.0,527.0,3468.0,846.0,False
2884,2022-10-21 09:36:39.193370,0.0,-0.004376367614879695,0.0,-0.10000000000000142,22.75,22.8,22.8,22.85,643.0,513.0,3468.0,846.0,False
2884,2022-10-21 09:36:39.219611,0.0,-0.004376367614879695,0.0,-0.10000000000000142,22.75,22.8,22.8,22.85,643.0,497.0,3468.0,846.0,False
2884,2022-10-21 09:36:42.328655,0.0,-0.004376367614879695,0.0,-0.10000000000000142,22.75,22.8,22.8,22.85,643.0,497.0,3468.0,846.0,False
2884,2022-10-21 09:36:42.721933,0.0,-0.004376367614879695,0.0,-0.10000000000000142,22.75,22.8,22.8,22.85,643.0,510.0,3468.0,846.0,False
2884,2022-10-21 09:36:42.961203,0.0,-0.004376367614879695,0.0,-0.10000000000000142,22.75,22.8,22.8,22.85,643.0,510.0,3468.0,846.0,False
2884,2022-10-21 09:36:44.348611,0.0,-0.004376367614879695,0.0,-0.10000000000000142,22.75,22.8,22.8,22.85,644.0,510.0,3468.0,846.0,False
2884,2022-10-21 09:36:44.617061,0.0,-0.004376367614879695,0.0,-0.10000000000000142,22.75,22.8,22.8,22.85,644.0,510.0,3468.0,846.0,False
2884,2022-10-21 09:36:45.407021,0.0,-0.004376367614879695,0.0,-0.10000000000000142,22.75,22.8,22.8,22.85,644.0,511.0,3468.0,846.0,False
2884,2022-10-21 09:36:46.204553,0.0,-0.004376367614879695,0.0,-0.10000000000000142,22.75,22.8,22.8,22.85,644.0,510.0,3468.0,846.0,False
2884,2022-10-21 09:36:47.007530,0.0,-0.004376367614879695,0.0,-0.10000000000000142,22.75,22.8,22.8,22.85,644.0,509.0,3468.0,846.0,False
2884,2022-10-21 09:36:47.454416,0.0,-0.004376367614879695,0.0,-0.10000000000000142,22.75,22.8,22.8,22.85,647.0,509.0,3468.0,846.0,False
2884,2022-10-21 09:36:48.336349,0.0,-0.004376367614879695,0.0,-0.10000000000000142,22.75,22.8,22.8,22.85,647.0,509.0,3478.0,846.0,True
2884,2022-10-21 09:36:48.943484,0.0,-0.004376367614879695,0.0,-0.10000000000000142,22.75,22.8,22.8,22.85,647.0,510.0,3478.0,846.0,False
2884,2022-10-21 09:36:52.382048,0.0,-0.004376367614879695,0.0,-0.10000000000000142,22.75,22.8,22.8,22.85,646.0,509.0,3478.0,846.0,False
2884,2022-10-21 09:36:53.921421,0.0,-0.004376367614879695,0.0,-0.10000000000000142,22.75,22.8,22.8,22.85,646.0,509.0,3478.0,846.0,False
2884,2022-10-21 09:36:53.979876,0.0,-0.004376367614879695,0.0,-0.10000000000000142,22.75,22.8,22.8,22.85,646.0,509.0,3478.0,846.0,False
2884,2022-10-21 09:36:54.900902,0.0,-0.004376367614879695,0.0,-0.10000000000000142,22.75,22.8,22.8,22.85,646.0,508.0,3478.0,846.0,False
2884,2022-10-21 09:36:56.059971,0.0,-0.004376367614879695,0.0,-0.10000000000000142,22.75,22.8,22.8,22.85,648.0,508.0,3478.0,846.0,False
2884,2022-10-21 09:36:58.374649,0.0,-0.004376367614879695,0.0,-0.10000000000000142,22.75,22.8,22.8,22.85,648.0,508.0,3479.0,847.0,True
2884,2022-10-21 09:36:59.757591,0.0,-0.004376367614879695,0.0,-0.10000000000000142,22.75,22.8,22.8,22.85,650.0,508.0,3479.0,847.0,False
2884,2022-10-21 09:37:01.240800,0.0,-0.004376367614879695,0.0,-0.10000000000000142,22.75,22.8,22.8,22.85,715.0,508.0,3479.0,847.0,False
2884,2022-10-21 09:37:01.313615,0.0,-0.004376367614879695,0.0,-0.10000000000000142,22.75,22.8,22.8,22.85,715.0,533.0,3479.0,847.0,False
2884,2022-10-21 09:37:01.384582,0.0,-0.004376367614879695,0.0,-0.10000000000000142,22.75,22.8,22.8,22.85,715.0,555.0,3479.0,847.0,False
2884,2022-10-21 09:37:02.658058,0.0,-0.004376367614879695,0.0,-0.10000000000000142,22.75,22.8,22.8,22.85,716.0,555.0,3479.0,847.0,False
2884,2022-10-21 09:37:03.935851,0.0,-0.004376367614879695,0.0,-0.10000000000000142,22.75,22.8,22.8,22.85,716.0,556.0,3479.0,847.0,False
2884,2022-10-21 09:37:05.005869,0.0,-0.004376367614879695,0.0,-0.10000000000000142,22.75,22.8,22.8,22.85,716.0,556.0,3479.0,847.0,False
2884,2022-10-21 09:37:05.721514,0.0,-0.004376367614879695,0.0,-0.10000000000000142,22.75,22.8,22.8,22.85,715.0,555.0,3479.0,847.0,False
2884,2022-10-21 09:37:07.547795,0.0,-0.004376367614879695,0.0,-0.10000000000000142,22.75,22.8,22.8,22.85,714.0,554.0,3479.0,847.0,False
2884,2022-10-21 09:37:07.808159,0.0,-0.004376367614879695,0.0,-0.10000000000000142,22.75,22.8,22.8,22.85,714.0,554.0,3679.0,847.0,True
2884,2022-10-21 09:37:08.184377,0.0,-0.004376367614879695,0.0,-0.10000000000000142,22.75,22.8,22.8,22.85,714.0,554.0,3679.0,847.0,False
2884,2022-10-21 09:37:09.440358,0.0,-0.004376367614879695,0.0,-0.10000000000000142,22.75,22.8,22.8,22.85,715.0,554.0,3679.0,847.0,False
2884,2022-10-21 09:37:09.467167,0.0,-0.004376367614879695,0.0,-0.10000000000000142,22.75,22.8,22.8,22.85,715.0,554.0,3679.0,847.0,False
2884,2022-10-21 09:37:11.754138,0.0,-0.004376367614879695,0.0,-0.10000000000000142,22.75,22.8,22.8,22.85,715.0,554.0,3679.0,847.0,False
2884,2022-10-21 09:37:12.288714,0.0,-0.004376367614879695,0.0,-0.10000000000000142,22.75,22.8,22.8,22.85,715.0,554.0,3679.0,847.0,False
2884,2022-10-21 09:37:12.922638,0.0,-0.004376367614879695,0.0,-0.10000000000000142,22.75,22.8,22.8,22.85,715.0,554.0,3679.0,847.0,False
2884,2022-10-21 09:37:16.693893,0.0,-0.004376367614879695,0.0,-0.10000000000000142,22.75,22.8,22.8,22.85,715.0,553.0,3679.0,847.0,False
2884,2022-10-21 09:37:17.363713,0.0,-0.004376367614879695,0.0,-0.10000000000000142,22.75,22.8,22.8,22.85,715.0,601.0,3679.0,847.0,False
2884,2022-10-21 09:37:17.836854,0.0,-0.004376367614879695,0.0,-0.10000000000000142,22.75,22.8,22.8,22.85,715.0,601.0,3679.0,847.0,True
2884,2022-10-21 09:37:19.927565,0.0,-0.004376367614879695,0.0,-0.10000000000000142,22.75,22.8,22.8,22.85,715.0,602.0,3679.0,847.0,False
2884,2022-10-21 09:37:21.738468,0.0,-0.004376367614879695,0.0,-0.10000000000000142,22.75,22.8,22.8,22.85,715.0,602.0,3679.0,847.0,False
2884,2022-10-21 09:37:22.051565,0.0,-0.004376367614879695,0.0,-0.10000000000000142,22.75,22.8,22.8,22.85,718.0,602.0,3679.0,847.0,False
2884,2022-10-21 09:37:22.525623,0.0,-0.004376367614879695,0.0,-0.10000000000000142,22.75,22.8,22.8,22.85,718.0,602.0,3679.0,847.0,False
2884,2022-10-21 09:37:23.310873,0.0,-0.004376367614879695,0.0,-0.10000000000000142,22.75,22.8,22.8,22.85,721.0,602.0,3679.0,847.0,False
2884,2022-10-21 09:37:24.084933,0.0,-0.004376367614879695,0.0,-0.10000000000000142,22.75,22.8,22.8,22.85,723.0,602.0,3679.0,847.0,False
2884,2022-10-21 09:37:26.923535,0.0,-0.004376367614879695,0.0,-0.10000000000000142,22.75,22.8,22.8,22.85,723.0,603.0,3679.0,847.0,False
2884,2022-10-21 09:37:27.865732,0.0,-0.004376367614879695,0.0,-0.10000000000000142,22.75,22.8,22.8,22.85,723.0,603.0,3679.0,747.0,True
2884,2022-10-21 09:37:28.457430,0.0,-0.004376367614879695,0.0,-0.10000000000000142,22.75,22.8,22.8,22.85,723.0,603.0,3679.0,747.0,False
2884,2022-10-21 09:37:28.740733,0.0,-0.004376367614879695,0.0,-0.10000000000000142,22.75,22.8,22.8,22.85,723.0,604.0,3679.0,747.0,False
2884,2022-10-21 09:37:29.906055,0.0,-0.004376367614879695,0.0,-0.10000000000000142,22.75,22.8,22.8,22.85,723.0,604.0,3679.0,747.0,False
2884,2022-10-21 09:37:33.150969,0.0,-0.004376367614879695,0.0,-0.10000000000000142,22.75,22.8,22.8,22.85,723.0,604.0,3679.0,747.0,False
2884,2022-10-21 09:37:35.917853,0.0,-0.004376367614879695,0.0,-0.10000000000000142,22.75,22.8,22.8,22.85,723.0,605.0,3679.0,747.0,False
2884,2022-10-21 09:37:37.049083,0.0,-0.004376367614879695,0.0,-0.10000000000000142,22.75,22.8,22.8,22.85,723.0,615.0,3679.0,747.0,False
2884,2022-10-21 09:37:37.902924,0.0,-0.004376367614879695,0.0,-0.10000000000000142,22.75,22.8,22.8,22.85,723.0,615.0,3694.0,747.0,True
2884,2022-10-21 09:37:39.377227,0.0,-0.004376367614879695,0.0,-0.10000000000000142,22.75,22.8,22.8,22.85,723.0,616.0,3694.0,747.0,False
2884,2022-10-21 09:37:43.655746,0.0,-0.004376367614879695,0.0,-0.10000000000000142,22.75,22.8,22.8,22.85,724.0,616.0,3694.0,747.0,False
2884,2022-10-21 09:37:43.678009,0.0,-0.004376367614879695,0.0,-0.10000000000000142,22.75,22.8,22.8,22.85,724.0,616.0,3694.0,747.0,False
2884,2022-10-21 09:37:44.299975,0.0,-0.004376367614879695,0.0,-0.10000000000000142,22.75,22.8,22.8,22.85,724.0,616.0,3694.0,747.0,False
2884,2022-10-21 09:37:44.818306,0.0,-0.004376367614879695,0.0,-0.10000000000000142,22.75,22.8,22.8,22.85,724.0,615.0,3694.0,747.0,False
2884,2022-10-21 09:37:45.520777,0.0,-0.004376367614879695,0.0,-0.10000000000000142,22.75,22.8,22.8,22.85,787.0,615.0,3694.0,747.0,False
2884,2022-10-21 09:37:47.558592,0.0,-0.004376367614879695,0.0,-0.10000000000000142,22.75,22.8,22.8,22.85,787.0,614.0,3694.0,747.0,False
2884,2022-10-21 09:37:47.931115,0.0,-0.004376367614879695,0.0,-0.10000000000000142,22.75,22.8,22.8,22.85,787.0,614.0,3794.0,737.0,True
2884,2022-10-21 09:37:50.912122,0.0,-0.004376367614879695,0.0,-0.10000000000000142,22.75,22.8,22.8,22.85,787.0,615.0,3794.0,737.0,False
2884,2022-10-21 09:37:52.939691,0.0,-0.004376367614879695,0.0,-0.10000000000000142,22.75,22.8,22.8,22.85,787.0,615.0,3794.0,737.0,False
2884,2022-10-21 09:37:53.335422,0.0,-0.004376367614879695,0.0,-0.10000000000000142,22.75,22.8,22.8,22.85,787.0,622.0,3794.0,737.0,False
2884,2022-10-21 09:37:53.594619,0.0,-0.004376367614879695,0.0,-0.10000000000000142,22.75,22.8,22.8,22.85,786.0,622.0,3794.0,737.0,False
2884,2022-10-21 09:37:53.633979,0.0,-0.004376367614879695,0.0,-0.10000000000000142,22.75,22.8,22.8,22.85,786.0,622.0,3794.0,737.0,False
2884,2022-10-21 09:37:54.183416,0.0,-0.004376367614879695,0.0,-0.10000000000000142,22.75,22.8,22.8,22.85,786.0,622.0,3794.0,737.0,False
2884,2022-10-21 09:37:57.916805,0.0,-0.004376367614879695,0.0,-0.10000000000000142,22.75,22.8,22.8,22.85,787.0,622.0,3794.0,737.0,False
2884,2022-10-21 09:37:57.965523,0.0,-0.004376367614879695,0.0,-0.10000000000000142,22.75,22.8,22.8,22.85,787.0,622.0,3994.0,637.0,True
2884,2022-10-21 09:38:00.222845,0.0,-0.004376367614879695,0.0,-0.10000000000000142,22.75,22.8,22.8,22.85,787.0,623.0,3994.0,637.0,False
2884,2022-10-21 09:38:00.381022,0.0,-0.004376367614879695,0.0,-0.10000000000000142,22.75,22.8,22.8,22.85,787.0,624.0,3994.0,637.0,False
2884,2022-10-21 09:38:00.468762,0.0,-0.004376367614879695,0.0,-0.10000000000000142,22.75,22.8,22.8,22.85,787.0,625.0,3994.0,637.0,False
2884,2022-10-21 09:38:02.951052,0.0,-0.004376367614879695,0.0,-0.10000000000000142,22.75,22.8,22.8,22.85,787.0,625.0,3994.0,637.0,False
2884,2022-10-21 09:38:03.217703,0.0,-0.004376367614879695,0.0,-0.10000000000000142,22.75,22.8,22.8,22.85,788.0,625.0,3994.0,637.0,False
2884,2022-10-21 09:38:03.245890,0.0,-0.004376367614879695,0.0,-0.10000000000000142,22.75,22.8,22.8,22.85,788.0,625.0,3994.0,637.0,False
2884,2022-10-21 09:38:03.438966,0.0,-0.004376367614879695,0.0,-0.10000000000000142,22.75,22.8,22.8,22.85,788.0,625.0,3994.0,637.0,False
2884,2022-10-21 09:38:03.496187,0.0,-0.004376367614879695,0.0,-0.10000000000000142,22.75,22.8,22.8,22.85,788.0,625.0,3994.0,637.0,False
2884,2022-10-21 09:38:04.230993,0.0,-0.004376367614879695,0.0,-0.10000000000000142,22.75,22.8,22.8,22.85,788.0,625.0,3994.0,637.0,False
2884,2022-10-21 09:38:05.546829,0.0,-0.004376367614879695,0.0,-0.10000000000000142,22.75,22.8,22.8,22.85,788.0,625.0,3994.0,637.0,False
2884,2022-10-21 09:38:06.008052,0.0,-0.004376367614879695,0.0,-0.10000000000000142,22.75,22.8,22.8,22.85,786.0,625.0,3994.0,637.0,False
2884,2022-10-21 09:38:06.904280,0.0,-0.004376367614879695,0.0,-0.10000000000000142,22.75,22.8,22.8,22.85,786.0,626.0,3994.0,637.0,False
2884,2022-10-21 09:38:07.075687,0.0,-0.004376367614879695,0.0,-0.10000000000000142,22.75,22.8,22.8,22.85,786.0,626.0,3994.0,637.0,False
2884,2022-10-21 09:38:07.698325,0.0,-0.004376367614879695,0.0,-0.10000000000000142,22.75,22.8,22.8,22.85,788.0,626.0,3994.0,637.0,False
2884,2022-10-21 09:38:13.497574,0.0,-0.004376367614879695,0.0,-0.10000000000000142,22.75,22.8,22.8,22.85,864.0,626.0,3994.0,637.0,False
2884,2022-10-21 09:38:13.579728,0.0,-0.004376367614879695,0.0,-0.10000000000000142,22.75,22.8,22.8,22.85,877.0,626.0,3994.0,637.0,False
2884,2022-10-21 09:38:14.653051,0.0,-0.004376367614879695,0.0,-0.10000000000000142,22.75,22.8,22.8,22.85,877.0,625.0,3994.0,637.0,False
2884,2022-10-21 09:38:17.494096,0.0,-0.004376367614879695,0.0,-0.10000000000000142,22.75,22.8,22.8,22.85,881.0,625.0,3994.0,637.0,False
2884,2022-10-21 09:38:17.885001,0.0,-0.004376367614879695,0.0,-0.10000000000000142,22.75,22.8,22.8,22.85,881.0,625.0,3994.0,637.0,False
2884,2022-10-21 09:38:18.032737,0.0,-0.004376367614879695,0.0,-0.10000000000000142,22.75,22.8,22.8,22.85,881.0,625.0,3994.0,753.0,True
2884,2022-10-21 09:38:18.337748,0.0,-0.004376367614879695,0.0,-0.10000000000000142,22.75,22.8,22.8,22.85,881.0,625.0,3994.0,753.0,False
2884,2022-10-21 09:38:18.516150,0.0,-0.004376367614879695,0.0,-0.10000000000000142,22.75,22.8,22.8,22.85,881.0,620.0,3994.0,753.0,False
2884,2022-10-21 09:38:18.565098,0.0,-0.004376367614879695,0.0,-0.10000000000000142,22.75,22.8,22.8,22.85,881.0,622.0,3994.0,753.0,False
2884,2022-10-21 09:38:18.926354,0.0,-0.004376367614879695,0.0,-0.10000000000000142,22.75,22.8,22.8,22.85,881.0,617.0,3994.0,753.0,False
2884,2022-10-21 09:38:19.400644,0.0,-0.004376367614879695,0.0,-0.10000000000000142,22.75,22.8,22.8,22.85,881.0,612.0,3994.0,753.0,False
2884,2022-10-21 09:38:19.431467,0.0,-0.004376367614879695,0.0,-0.10000000000000142,22.75,22.8,22.8,22.85,879.0,612.0,3994.0,753.0,False
2884,2022-10-21 09:38:20.579842,0.0,-0.004376367614879695,0.0,-0.10000000000000142,22.75,22.8,22.8,22.85,884.0,612.0,3994.0,753.0,False
2884,2022-10-21 09:38:20.592495,0.0,-0.004376367614879695,0.0,-0.10000000000000142,22.75,22.8,22.8,22.85,885.0,612.0,3994.0,753.0,False
2884,2022-10-21 09:38:21.437752,0.0,-0.004376367614879695,0.0,-0.10000000000000142,22.75,22.8,22.8,22.85,890.0,612.0,3994.0,753.0,False
2884,2022-10-21 09:38:21.448503,0.0,-0.004376367614879695,0.0,-0.10000000000000142,22.75,22.8,22.8,22.85,890.0,612.0,3994.0,753.0,False
2884,2022-10-21 09:38:21.519530,0.0,-0.004376367614879695,0.0,-0.10000000000000142,22.75,22.8,22.8,22.85,892.0,612.0,3994.0,753.0,False
2884,2022-10-21 09:38:21.737169,0.0,-0.004376367614879695,0.0,-0.10000000000000142,22.75,22.8,22.8,22.85,892.0,612.0,3994.0,753.0,False
2884,2022-10-21 09:38:22.210765,0.0,-0.004376367614879695,0.0,-0.10000000000000142,22.75,22.8,22.8,22.85,887.0,612.0,3994.0,753.0,False
2884,2022-10-21 09:38:22.446384,0.0,-0.004376367614879695,0.0,-0.10000000000000142,22.75,22.8,22.8,22.85,890.0,612.0,3994.0,753.0,False
2884,2022-10-21 09:38:23.012350,0.0,-0.004376367614879695,0.0,-0.10000000000000142,22.75,22.8,22.8,22.85,890.0,613.0,3994.0,753.0,False
2884,2022-10-21 09:38:23.021510,0.0,-0.004376367614879695,0.0,-0.10000000000000142,22.75,22.8,22.8,22.85,895.0,613.0,3994.0,753.0,False
2884,2022-10-21 09:38:24.193260,0.0,-0.004376367614879695,0.0,-0.10000000000000142,22.75,22.8,22.8,22.85,895.0,608.0,3994.0,753.0,False
2884,2022-10-21 09:38:24.887753,0.0,-0.004376367614879695,0.0,-0.10000000000000142,22.75,22.8,22.8,22.85,895.0,607.0,3994.0,753.0,False
2884,2022-10-21 09:38:25.340282,0.0,-0.004376367614879695,0.0,-0.10000000000000142,22.75,22.8,22.8,22.85,898.0,607.0,3994.0,753.0,False
2884,2022-10-21 09:38:27.002096,0.0,-0.004376367614879695,0.0,-0.10000000000000142,22.75,22.8,22.8,22.85,898.0,606.0,3994.0,753.0,False
2884,2022-10-21 09:38:27.428925,0.0,-0.004376367614879695,0.0,-0.10000000000000142,22.75,22.8,22.8,22.85,898.0,606.0,3994.0,753.0,False
2884,2022-10-21 09:38:28.065884,0.0,-0.004376367614879695,0.0,-0.10000000000000142,22.75,22.8,22.8,22.85,898.0,606.0,3994.0,869.0,True
2884,2022-10-21 09:38:28.085757,0.0,-0.004376367614879695,0.0,-0.10000000000000142,22.75,22.8,22.8,22.85,893.0,606.0,3994.0,869.0,False
2884,2022-10-21 09:38:28.335075,0.0,-0.004376367614879695,0.0,-0.10000000000000142,22.75,22.8,22.8,22.85,891.0,606.0,3994.0,869.0,False
2884,2022-10-21 09:38:29.709733,0.0,-0.004376367614879695,0.0,-0.10000000000000142,22.75,22.8,22.8,22.85,887.0,606.0,3994.0,869.0,False
2884,2022-10-21 09:38:31.172983,0.0,-0.004376367614879695,0.0,-0.10000000000000142,22.75,22.8,22.8,22.85,887.0,606.0,3994.0,869.0,False
2884,2022-10-21 09:38:32.589672,0.0,-0.004376367614879695,0.0,-0.10000000000000142,22.75,22.8,22.8,22.85,887.0,606.0,3994.0,869.0,False
2884,2022-10-21 09:38:33.846079,0.0,-0.004376367614879695,0.0,-0.10000000000000142,22.75,22.8,22.8,22.85,887.0,604.0,3994.0,869.0,False
2884,2022-10-21 09:38:34.232958,0.0,-0.004376367614879695,0.0,-0.10000000000000142,22.75,22.8,22.8,22.85,887.0,603.0,3994.0,869.0,False
2884,2022-10-21 09:38:34.612748,0.0,-0.004376367614879695,0.0,-0.10000000000000142,22.75,22.8,22.8,22.85,887.0,605.0,3994.0,869.0,False
2884,2022-10-21 09:38:37.327563,0.0,-0.004376367614879695,0.0,-0.10000000000000142,22.75,22.8,22.8,22.85,887.0,606.0,3994.0,869.0,False
2884,2022-10-21 09:38:37.897459,0.0,-0.004376367614879695,0.0,-0.10000000000000142,22.75,22.8,22.8,22.85,887.0,607.0,3994.0,869.0,False
2884,2022-10-21 09:38:37.900188,0.0,-0.004376367614879695,0.0,-0.10000000000000142,22.75,22.8,22.8,22.85,887.0,608.0,3994.0,869.0,False
2884,2022-10-21 09:38:38.105226,0.0,-0.004376367614879695,0.0,-0.10000000000000142,22.75,22.8,22.8,22.85,887.0,608.0,4004.0,1584.0,True
2884,2022-10-21 09:38:39.045097,0.0,-0.004376367614879695,0.0,-0.10000000000000142,22.75,22.8,22.8,22.85,888.0,608.0,4004.0,1584.0,False
2884,2022-10-21 09:38:39.745890,0.0,-0.004376367614879695,0.0,-0.10000000000000142,22.75,22.8,22.8,22.85,888.0,608.0,4004.0,1584.0,False
2884,2022-10-21 09:38:40.973632,0.0,-0.004376367614879695,0.0,-0.10000000000000142,22.75,22.8,22.8,22.85,885.0,608.0,4004.0,1584.0,False
2884,2022-10-21 09:38:44.260405,0.0,-0.004376367614879695,0.0,-0.10000000000000142,22.75,22.8,22.8,22.85,885.0,606.0,4004.0,1584.0,False
2884,2022-10-21 09:38:48.136365,0.0,-0.004376367614879695,0.0,-0.10000000000000142,22.75,22.8,22.8,22.85,885.0,606.0,4004.0,1600.0,True
2884,2022-10-21 09:38:48.791300,0.0,-0.004376367614879695,0.0,-0.10000000000000142,22.75,22.8,22.8,22.85,885.0,605.0,4004.0,1600.0,False
2884,2022-10-21 09:38:48.972650,0.0,-0.004376367614879695,0.0,-0.10000000000000142,22.75,22.8,22.8,22.85,885.0,605.0,4004.0,1600.0,False
2884,2022-10-21 09:38:50.215026,0.0,-0.004376367614879695,0.0,-0.10000000000000142,22.75,22.8,22.8,22.85,885.0,604.0,4004.0,1600.0,False
2884,2022-10-21 09:38:51.075743,0.0,-0.004376367614879695,0.0,-0.10000000000000142,22.75,22.8,22.8,22.85,885.0,603.0,4004.0,1600.0,False
2884,2022-10-21 09:38:51.823262,0.0,-0.004376367614879695,0.0,-0.10000000000000142,22.75,22.8,22.8,22.85,885.0,603.0,4004.0,1600.0,False
2884,2022-10-21 09:38:52.107056,0.0,-0.004376367614879695,0.0,-0.10000000000000142,22.75,22.8,22.8,22.85,885.0,603.0,4004.0,1600.0,False
2884,2022-10-21 09:38:52.530712,0.0,-0.004376367614879695,0.0,-0.10000000000000142,22.75,22.8,22.8,22.85,888.0,603.0,4004.0,1600.0,False
2884,2022-10-21 09:38:53.562781,0.0,-0.004376367614879695,0.0,-0.10000000000000142,22.75,22.8,22.8,22.85,888.0,603.0,4004.0,1600.0,False
2884,2022-10-21 09:38:53.882199,0.0,-0.004376367614879695,0.0,-0.10000000000000142,22.75,22.8,22.8,22.85,888.0,604.0,4004.0,1600.0,False
2884,2022-10-21 09:38:54.122181,0.0,-0.004376367614879695,0.0,-0.10000000000000142,22.75,22.8,22.8,22.85,973.0,604.0,4004.0,1600.0,False
2884,2022-10-21 09:38:54.198427,0.0,-0.004376367614879695,0.0,-0.10000000000000142,22.75,22.8,22.8,22.85,973.0,734.0,4004.0,1600.0,False
2884,2022-10-21 09:38:54.245640,0.0,-0.004376367614879695,0.0,-0.10000000000000142,22.75,22.8,22.8,22.85,973.0,737.0,4004.0,1600.0,False
2884,2022-10-21 09:38:58.168548,0.0,-0.004376367614879695,0.0,-0.10000000000000142,22.75,22.8,22.8,22.85,973.0,737.0,3994.0,1716.0,True
2884,2022-10-21 09:38:59.808957,0.0,-0.004376367614879695,0.0,-0.10000000000000142,22.75,22.8,22.8,22.85,973.0,737.0,3994.0,1716.0,False
2884,2022-10-21 09:39:00.815930,0.0,-0.004376367614879695,0.0,-0.10000000000000142,22.75,22.8,22.8,22.85,973.0,742.0,3994.0,1716.0,False
2884,2022-10-21 09:39:02.260752,0.0,-0.004376367614879695,0.0,-0.10000000000000142,22.75,22.8,22.8,22.85,973.0,742.0,3994.0,1716.0,False
2884,2022-10-21 09:39:04.613776,0.0,-0.004376367614879695,0.0,-0.10000000000000142,22.75,22.8,22.8,22.85,970.0,742.0,3994.0,1716.0,False
2884,2022-10-21 09:39:04.715830,0.0,-0.004376367614879695,0.0,-0.10000000000000142,22.75,22.8,22.8,22.85,971.0,742.0,3994.0,1716.0,False
2884,2022-10-21 09:39:05.142909,0.0,-0.004376367614879695,0.0,-0.10000000000000142,22.75,22.8,22.8,22.85,971.0,740.0,3994.0,1716.0,False
2884,2022-10-21 09:39:05.499022,0.0,-0.004376367614879695,0.0,-0.10000000000000142,22.75,22.8,22.8,22.85,971.0,740.0,3994.0,1716.0,False
2884,2022-10-21 09:39:08.200695,0.0,-0.004376367614879695,0.0,-0.10000000000000142,22.75,22.8,22.8,22.85,971.0,740.0,4147.0,1666.0,True
2884,2022-10-21 09:39:08.925799,0.0,-0.004376367614879695,0.0,-0.10000000000000142,22.75,22.8,22.8,22.85,968.0,740.0,4147.0,1666.0,False
2884,2022-10-21 09:39:09.872173,0.0,-0.004376367614879695,0.0,-0.10000000000000142,22.75,22.8,22.8,22.85,968.0,741.0,4147.0,1666.0,False
2884,2022-10-21 09:39:10.611545,0.0,-0.004376367614879695,0.0,-0.10000000000000142,22.75,22.8,22.8,22.85,968.0,741.0,4147.0,1666.0,False
2884,2022-10-21 09:39:11.481265,0.0,-0.004376367614879695,0.0,-0.10000000000000142,22.75,22.8,22.8,22.85,968.0,743.0,4147.0,1666.0,False
2884,2022-10-21 09:39:13.124992,0.0,-0.004376367614879695,0.0,-0.10000000000000142,22.75,22.8,22.8,22.85,968.0,741.0,4147.0,1666.0,False
2884,2022-10-21 09:39:14.360146,0.0,-0.004376367614879695,0.0,-0.10000000000000142,22.75,22.8,22.8,22.85,967.0,741.0,4147.0,1666.0,False
2884,2022-10-21 09:39:17.684177,0.0,-0.004376367614879695,0.0,-0.10000000000000142,22.75,22.8,22.8,22.85,1030.0,741.0,4147.0,1666.0,False
2884,2022-10-21 09:39:17.899877,0.0,-0.004376367614879695,0.0,-0.10000000000000142,22.75,22.8,22.8,22.85,1030.0,741.0,4147.0,1666.0,False
2884,2022-10-21 09:39:18.234917,0.0,-0.004376367614879695,0.0,-0.10000000000000142,22.75,22.8,22.8,22.85,1030.0,741.0,4247.0,2372.0,True
2884,2022-10-21 09:39:18.338661,0.0,-0.004376367614879695,0.0,-0.10000000000000142,22.75,22.8,22.8,22.85,1030.0,739.0,4247.0,2372.0,False
2884,2022-10-21 09:39:19.679444,0.0,-0.004376367614879695,0.0,-0.10000000000000142,22.75,22.8,22.8,22.85,1030.0,739.0,4247.0,2372.0,False
2884,2022-10-21 09:39:23.387793,0.0,-0.004376367614879695,0.0,-0.10000000000000142,22.75,22.8,22.8,22.85,954.0,739.0,4247.0,2372.0,False
2884,2022-10-21 09:39:25.571787,0.0,-0.004376367614879695,0.0,-0.10000000000000142,22.75,22.8,22.8,22.85,954.0,740.0,4247.0,2372.0,False
2884,2022-10-21 09:39:26.759455,0.0,-0.004376367614879695,0.0,-0.10000000000000142,22.75,22.8,22.8,22.85,954.0,740.0,4247.0,2372.0,False
2884,2022-10-21 09:39:27.992510,0.0,-0.004376367614879695,0.0,-0.10000000000000142,22.75,22.8,22.8,22.85,954.0,740.0,4247.0,2372.0,False
2884,2022-10-21 09:39:28.271248,0.0,-0.004376367614879695,0.0,-0.10000000000000142,22.75,22.8,22.8,22.85,954.0,740.0,4246.0,2870.0,True
2884,2022-10-21 09:39:28.368811,0.0,-0.004376367614879695,0.0,-0.10000000000000142,22.75,22.8,22.8,22.85,954.0,740.0,4246.0,2870.0,False
2884,2022-10-21 09:39:28.801138,0.0,-0.004376367614879695,0.0,-0.10000000000000142,22.75,22.8,22.8,22.85,954.0,740.0,4246.0,2870.0,False
2884,2022-10-21 09:39:28.837613,0.0,-0.004376367614879695,0.0,-0.10000000000000142,22.75,22.8,22.8,22.85,954.0,741.0,4246.0,2870.0,False
2884,2022-10-21 09:39:28.948780,0.0,-0.004376367614879695,0.0,-0.10000000000000142,22.75,22.8,22.8,22.85,954.0,681.0,4246.0,2870.0,False
2884,2022-10-21 09:39:30.083126,0.0,-0.004376367614879695,0.0,-0.10000000000000142,22.75,22.8,22.8,22.85,955.0,681.0,4246.0,2870.0,False
2884,2022-10-21 09:39:30.336125,0.0,-0.004376367614879695,0.0,-0.10000000000000142,22.75,22.8,22.8,22.85,955.0,678.0,4246.0,2870.0,False
2884,2022-10-21 09:39:31.346205,0.0,-0.004376367614879695,0.0,-0.10000000000000142,22.75,22.8,22.8,22.85,958.0,678.0,4246.0,2870.0,False
2884,2022-10-21 09:39:33.535033,0.0,-0.004376367614879695,0.0,-0.10000000000000142,22.75,22.8,22.8,22.85,958.0,675.0,4246.0,2870.0,False
2884,2022-10-21 09:39:35.512530,0.0,-0.004376367614879695,0.0,-0.10000000000000142,22.75,22.8,22.8,22.85,958.0,675.0,4246.0,2870.0,False
2884,2022-10-21 09:39:38.107930,0.0,-0.004376367614879695,0.0,-0.10000000000000142,22.75,22.8,22.8,22.85,958.0,674.0,4246.0,2870.0,False
2884,2022-10-21 09:39:38.126387,0.0,-0.004376367614879695,0.0,-0.10000000000000142,22.75,22.8,22.8,22.85,958.0,675.0,4246.0,2870.0,False
2884,2022-10-21 09:39:38.210295,0.0,-0.004376367614879695,0.0,-0.10000000000000142,22.75,22.8,22.8,22.85,958.0,675.0,4246.0,2870.0,False
2884,2022-10-21 09:39:38.301303,0.0,-0.004376367614879695,0.0,-0.10000000000000142,22.75,22.8,22.8,22.85,958.0,675.0,4246.0,2670.0,True
2884,2022-10-21 09:39:38.779689,0.0,-0.004376367614879695,0.0,-0.10000000000000142,22.75,22.8,22.8,22.85,958.0,675.0,4246.0,2670.0,False
2884,2022-10-21 09:39:39.127327,0.0,-0.004376367614879695,0.0,-0.10000000000000142,22.75,22.8,22.8,22.85,959.0,675.0,4246.0,2670.0,False
2884,2022-10-21 09:39:39.570216,0.0,-0.004376367614879695,0.0,-0.10000000000000142,22.75,22.8,22.8,22.85,959.0,675.0,4246.0,2670.0,False
2884,2022-10-21 09:39:40.283679,0.0,-0.004376367614879695,0.0,-0.10000000000000142,22.75,22.8,22.8,22.85,959.0,673.0,4246.0,2670.0,False
2884,2022-10-21 09:39:40.342372,0.0,-0.004376367614879695,0.0,-0.10000000000000142,22.75,22.8,22.8,22.85,959.0,673.0,4246.0,2670.0,False
2884,2022-10-21 09:39:40.857181,0.0,-0.004376367614879695,0.0,-0.10000000000000142,22.75,22.8,22.8,22.85,959.0,674.0,4246.0,2670.0,False
2884,2022-10-21 09:39:40.959261,0.0,-0.004376367614879695,0.0,-0.10000000000000142,22.75,22.8,22.8,22.85,959.0,674.0,4246.0,2670.0,False
2884,2022-10-21 09:39:41.654903,0.0,-0.004376367614879695,0.0,-0.10000000000000142,22.75,22.8,22.8,22.85,960.0,674.0,4246.0,2670.0,False
2884,2022-10-21 09:39:43.878818,0.0,-0.004376367614879695,0.0,-0.10000000000000142,22.75,22.8,22.8,22.85,960.0,674.0,4246.0,2670.0,False
2884,2022-10-21 09:39:45.824242,0.0,-0.004376367614879695,0.0,-0.10000000000000142,22.75,22.8,22.8,22.85,960.0,674.0,4246.0,2670.0,False
2884,2022-10-21 09:39:48.365353,0.0,-0.004376367614879695,0.0,-0.10000000000000142,22.75,22.8,22.8,22.85,960.0,674.0,4836.0,3170.0,True
2884,2022-10-21 09:39:50.122774,0.0,-0.004376367614879695,0.0,-0.10000000000000142,22.75,22.8,22.8,22.85,959.0,673.0,4836.0,3170.0,False
2884,2022-10-21 09:39:52.115296,0.0,-0.004376367614879695,0.0,-0.10000000000000142,22.75,22.8,22.8,22.85,959.0,672.0,4836.0,3170.0,False
2884,2022-10-21 09:39:52.920871,0.0,-0.004376367614879695,0.0,-0.10000000000000142,22.75,22.8,22.8,22.85,959.0,673.0,4836.0,3170.0,False
2884,2022-10-21 09:39:53.232146,0.0,-0.004376367614879695,0.0,-0.10000000000000142,22.75,22.8,22.8,22.85,961.0,673.0,4836.0,3170.0,False
2884,2022-10-21 09:39:54.241674,0.0,-0.004376367614879695,0.0,-0.10000000000000142,22.75,22.8,22.8,22.85,961.0,674.0,4836.0,3170.0,False
2884,2022-10-21 09:39:55.607913,0.0,-0.004376367614879695,0.0,-0.10000000000000142,22.75,22.8,22.8,22.85,961.0,679.0,4836.0,3170.0,False
2884,2022-10-21 09:39:55.637548,0.0,-0.004376367614879695,0.0,-0.10000000000000142,22.75,22.8,22.8,22.85,961.0,675.0,4836.0,3170.0,False
2884,2022-10-21 09:39:56.626666,0.0,-0.004376367614879695,0.0,-0.10000000000000142,22.75,22.8,22.8,22.85,961.0,675.0,4836.0,3170.0,False
2884,2022-10-21 09:39:56.808022,0.0,-0.004376367614879695,0.0,-0.10000000000000142,22.75,22.8,22.8,22.85,961.0,675.0,4836.0,3170.0,False
2884,2022-10-21 09:39:56.944139,0.0,-0.004376367614879695,0.0,-0.10000000000000142,22.75,22.8,22.8,22.85,961.0,676.0,4836.0,3170.0,False
2884,2022-10-21 09:39:57.810134,0.0,-0.004376367614879695,0.0,-0.10000000000000142,22.75,22.8,22.8,22.85,961.0,674.0,4836.0,3170.0,False
2884,2022-10-21 09:39:58.468091,0.0,-0.004376367614879695,0.0,-0.10000000000000142,22.75,22.8,22.8,22.85,961.0,674.0,5192.0,3020.0,True
2884,2022-10-21 09:40:00.043369,0.0,-0.004376367614879695,0.0,-0.10000000000000142,22.75,22.8,22.8,22.85,961.0,674.0,5192.0,3020.0,False
2884,2022-10-21 09:40:01.826126,0.0,-0.004376367614879695,0.0,-0.10000000000000142,22.75,22.8,22.8,22.85,961.0,673.0,5192.0,3020.0,False
2884,2022-10-21 09:40:02.327910,0.0,-0.004376367614879695,0.0,-0.10000000000000142,22.75,22.8,22.8,22.85,961.0,667.0,5192.0,3020.0,False
2884,2022-10-21 09:40:02.678386,0.0,-0.004376367614879695,0.0,-0.10000000000000142,22.75,22.8,22.8,22.85,961.0,665.0,5192.0,3020.0,False
2884,2022-10-21 09:40:05.144569,0.0,-0.004376367614879695,0.0,-0.10000000000000142,22.75,22.8,22.8,22.85,961.0,665.0,5192.0,3020.0,False
2884,2022-10-21 09:40:06.202012,0.0,-0.004376367614879695,0.0,-0.10000000000000142,22.75,22.8,22.8,22.85,962.0,665.0,5192.0,3020.0,False
2884,2022-10-21 09:40:07.936996,0.0,-0.004376367614879695,0.0,-0.10000000000000142,22.75,22.8,22.8,22.85,962.0,665.0,5192.0,3020.0,True
2884,2022-10-21 09:40:10.779898,0.0,-0.004376367614879695,0.0,-0.10000000000000142,22.75,22.8,22.8,22.85,964.0,665.0,5192.0,3020.0,False
2884,2022-10-21 09:40:11.790010,0.0,-0.004376367614879695,0.0,-0.10000000000000142,22.75,22.8,22.8,22.85,964.0,666.0,5192.0,3020.0,False
2884,2022-10-21 09:40:12.536034,0.0,-0.004376367614879695,0.0,-0.10000000000000142,22.75,22.8,22.8,22.85,964.0,674.0,5192.0,3020.0,False
2884,2022-10-21 09:40:12.537387,0.0,-0.004376367614879695,0.0,-0.10000000000000142,22.75,22.8,22.8,22.85,964.0,674.0,5192.0,3020.0,False
2884,2022-10-21 09:40:12.778821,0.0,-0.004376367614879695,0.0,-0.10000000000000142,22.75,22.8,22.8,22.85,964.0,676.0,5192.0,3020.0,False
2884,2022-10-21 09:40:12.996236,0.0,-0.004376367614879695,0.0,-0.10000000000000142,22.75,22.8,22.8,22.85,964.0,677.0,5192.0,3020.0,False
2884,2022-10-21 09:40:13.316451,0.0,-0.004376367614879695,0.0,-0.10000000000000142,22.75,22.8,22.8,22.85,964.0,677.0,5192.0,3020.0,False
2884,2022-10-21 09:40:17.334985,0.0,-0.004376367614879695,0.0,-0.10000000000000142,22.75,22.8,22.8,22.85,964.0,677.0,5192.0,3020.0,False
2884,2022-10-21 09:40:17.995166,0.0,-0.004376367614879695,0.0,-0.10000000000000142,22.75,22.8,22.8,22.85,964.0,677.0,5063.0,3020.0,True
2884,2022-10-21 09:40:18.039587,0.0,-0.004376367614879695,0.0,-0.10000000000000142,22.75,22.8,22.8,22.85,969.0,677.0,5063.0,3020.0,False
2884,2022-10-21 09:40:18.041384,0.0,-0.004376367614879695,0.0,-0.10000000000000142,22.75,22.8,22.8,22.85,969.0,677.0,5063.0,3020.0,False
2884,2022-10-21 09:40:20.639411,0.0,-0.004376367614879695,0.0,-0.10000000000000142,22.75,22.8,22.8,22.85,969.0,676.0,5063.0,3020.0,False
2884,2022-10-21 09:40:22.002340,0.0,-0.004376367614879695,0.0,-0.10000000000000142,22.75,22.8,22.8,22.85,969.0,676.0,5063.0,3020.0,False
2884,2022-10-21 09:40:23.803737,0.0,-0.004376367614879695,0.0,-0.10000000000000142,22.75,22.8,22.8,22.85,969.0,693.0,5063.0,3020.0,False
2884,2022-10-21 09:40:23.805118,0.0,-0.004376367614879695,0.0,-0.10000000000000142,22.75,22.8,22.8,22.85,969.0,693.0,5063.0,3020.0,False
2884,2022-10-21 09:40:24.224659,0.0,-0.004376367614879695,0.0,-0.10000000000000142,22.75,22.8,22.8,22.85,969.0,693.0,5063.0,3020.0,False
2884,2022-10-21 09:40:24.225992,0.0,-0.004376367614879695,0.0,-0.10000000000000142,22.75,22.8,22.8,22.85,969.0,693.0,5063.0,3020.0,False
2884,2022-10-21 09:40:24.877230,0.0,-0.004376367614879695,0.0,-0.10000000000000142,22.75,22.8,22.8,22.85,969.0,693.0,5063.0,3020.0,False
2884,2022-10-21 09:40:24.952818,0.0,-0.004376367614879695,0.0,-0.10000000000000142,22.75,22.8,22.8,22.85,969.0,693.0,5063.0,3020.0,False
2884,2022-10-21 09:40:27.830688,0.0,-0.004376367614879695,0.0,-0.10000000000000142,22.75,22.8,22.8,22.85,969.0,693.0,5063.0,3020.0,False
2884,2022-10-21 09:40:27.884796,0.0,-0.004376367614879695,0.0,-0.10000000000000142,22.75,22.8,22.8,22.85,970.0,693.0,5063.0,3020.0,False
2884,2022-10-21 09:40:28.017075,0.0,-0.004376367614879695,0.0,-0.10000000000000142,22.75,22.8,22.8,22.85,970.0,694.0,5063.0,3020.0,False
2884,2022-10-21 09:40:28.049162,0.0,-0.004376367614879695,0.0,-0.10000000000000142,22.75,22.8,22.8,22.85,970.0,694.0,4963.0,2817.0,True
2884,2022-10-21 09:40:28.190534,0.0,-0.004376367614879695,0.0,-0.10000000000000142,22.75,22.8,22.8,22.85,970.0,691.0,4963.0,2817.0,False
2884,2022-10-21 09:40:28.316325,0.0,-0.004376367614879695,0.0,-0.10000000000000142,22.75,22.8,22.8,22.85,970.0,690.0,4963.0,2817.0,False
2884,2022-10-21 09:40:28.329814,0.0,-0.004376367614879695,0.0,-0.10000000000000142,22.75,22.8,22.8,22.85,970.0,689.0,4963.0,2817.0,False
2884,2022-10-21 09:40:32.851727,0.0,-0.004376367614879695,0.0,-0.10000000000000142,22.75,22.8,22.8,22.85,970.0,688.0,4963.0,2817.0,False
2884,2022-10-21 09:40:35.506010,0.0,-0.004376367614879695,0.0,-0.10000000000000142,22.75,22.8,22.8,22.85,970.0,687.0,4963.0,2817.0,False
2884,2022-10-21 09:40:35.812515,0.0,-0.004376367614879695,0.0,-0.10000000000000142,22.75,22.8,22.8,22.85,969.0,686.0,4963.0,2817.0,False
2884,2022-10-21 09:40:36.002593,0.0,-0.004376367614879695,0.0,-0.10000000000000142,22.75,22.8,22.8,22.85,969.0,686.0,4963.0,2817.0,False
2884,2022-10-21 09:40:37.148939,0.0,-0.004376367614879695,0.0,-0.10000000000000142,22.75,22.8,22.8,22.85,969.0,686.0,4963.0,2817.0,False
2884,2022-10-21 09:40:38.093395,0.0,-0.004376367614879695,0.0,-0.10000000000000142,22.75,22.8,22.8,22.85,969.0,686.0,4963.0,1912.0,True
2884,2022-10-21 09:40:38.246189,0.0,-0.004376367614879695,0.0,-0.10000000000000142,22.75,22.8,22.8,22.85,969.0,684.0,4963.0,1912.0,False
2884,2022-10-21 09:40:42.329167,0.0,-0.004376367614879695,0.0,-0.10000000000000142,22.75,22.8,22.8,22.85,969.0,684.0,4963.0,1912.0,False
2884,2022-10-21 09:40:42.340463,0.0,-0.004376367614879695,0.0,-0.10000000000000142,22.75,22.8,22.8,22.85,968.0,684.0,4963.0,1912.0,False
2884,2022-10-21 09:40:42.344051,0.0,-0.004376367614879695,0.0,-0.10000000000000142,22.75,22.8,22.8,22.85,968.0,683.0,4963.0,1912.0,False
2884,2022-10-21 09:40:42.398076,0.0,-0.004376367614879695,0.0,-0.10000000000000142,22.75,22.8,22.8,22.85,968.0,683.0,4963.0,1912.0,False
2884,2022-10-21 09:40:43.212013,0.0,-0.004376367614879695,0.0,-0.10000000000000142,22.75,22.8,22.8,22.85,969.0,683.0,4963.0,1912.0,False
2884,2022-10-21 09:40:44.036634,0.0,-0.004376367614879695,0.0,-0.10000000000000142,22.75,22.8,22.8,22.85,969.0,684.0,4963.0,1912.0,False
2884,2022-10-21 09:40:44.333545,0.0,-0.004376367614879695,0.0,-0.10000000000000142,22.75,22.8,22.8,22.85,969.0,684.0,4963.0,1912.0,False
2884,2022-10-21 09:40:44.832036,0.0,-0.004376367614879695,0.0,-0.10000000000000142,22.75,22.8,22.8,22.85,968.0,683.0,4963.0,1912.0,False
2884,2022-10-21 09:40:45.111031,0.0,-0.004376367614879695,0.0,-0.10000000000000142,22.75,22.8,22.8,22.85,971.0,683.0,4963.0,1912.0,False
2884,2022-10-21 09:40:47.367944,0.0,-0.004376367614879695,0.0,-0.10000000000000142,22.75,22.8,22.8,22.85,972.0,683.0,4963.0,1912.0,False
2884,2022-10-21 09:40:47.456224,0.0,-0.004376367614879695,0.0,-0.10000000000000142,22.75,22.8,22.8,22.85,972.0,683.0,4963.0,1912.0,False
2884,2022-10-21 09:40:48.137128,0.0,-0.004376367614879695,0.0,-0.10000000000000142,22.75,22.8,22.8,22.85,972.0,683.0,4761.0,2415.0,True
2884,2022-10-21 09:40:49.579607,0.0,-0.004376367614879695,0.0,-0.10000000000000142,22.75,22.8,22.8,22.85,972.0,683.0,4761.0,2415.0,False
2884,2022-10-21 09:40:50.980232,0.0,-0.004376367614879695,0.0,-0.10000000000000142,22.75,22.8,22.8,22.85,972.0,683.0,4761.0,2415.0,False
2884,2022-10-21 09:40:52.159765,0.0,-0.004376367614879695,0.0,-0.10000000000000142,22.75,22.8,22.8,22.85,972.0,683.0,4761.0,2415.0,False
2884,2022-10-21 09:40:54.197459,0.0,-0.004376367614879695,0.0,-0.10000000000000142,22.75,22.8,22.8,22.85,972.0,683.0,4761.0,2415.0,False
2884,2022-10-21 09:40:55.317060,0.0,-0.004376367614879695,0.0,-0.10000000000000142,22.75,22.8,22.8,22.85,971.0,682.0,4761.0,2415.0,False
2884,2022-10-21 09:40:56.215453,0.0,-0.004376367614879695,0.0,-0.10000000000000142,22.75,22.8,22.8,22.85,971.0,683.0,4761.0,2415.0,False
2884,2022-10-21 09:40:56.611375,0.0,-0.004376367614879695,0.0,-0.10000000000000142,22.75,22.8,22.8,22.85,1071.0,683.0,4761.0,2415.0,False
2884,2022-10-21 09:40:56.972113,0.0,-0.004376367614879695,0.0,-0.10000000000000142,22.75,22.8,22.8,22.85,1071.0,684.0,4761.0,2415.0,False
2884,2022-10-21 09:40:58.174306,0.0,-0.004376367614879695,0.0,-0.10000000000000142,22.75,22.8,22.8,22.85,1071.0,684.0,4511.0,2473.0,True
2884,2022-10-21 09:40:59.733605,0.0,-0.004376367614879695,0.0,-0.10000000000000142,22.75,22.8,22.8,22.85,1071.0,683.0,4511.0,2473.0,False
2884,2022-10-21 09:41:00.043225,0.0,-0.004376367614879695,0.0,-0.10000000000000142,22.75,22.8,22.8,22.85,1071.0,684.0,4511.0,2473.0,False
2884,2022-10-21 09:41:00.092239,0.0,-0.004376367614879695,0.0,-0.10000000000000142,22.75,22.8,22.8,22.85,1071.0,685.0,4511.0,2473.0,False
2884,2022-10-21 09:41:00.851057,0.0,-0.004376367614879695,0.0,-0.10000000000000142,22.75,22.8,22.8,22.85,1072.0,685.0,4511.0,2473.0,False
2884,2022-10-21 09:41:05.874174,0.0,-0.004376367614879695,0.0,-0.10000000000000142,22.75,22.8,22.8,22.85,1075.0,685.0,4511.0,2473.0,False
2884,2022-10-21 09:41:08.045232,0.0,-0.004376367614879695,0.0,-0.10000000000000142,22.75,22.8,22.8,22.85,1075.0,686.0,4511.0,2473.0,False
2884,2022-10-21 09:41:08.217183,0.0,-0.004376367614879695,0.0,-0.10000000000000142,22.75,22.8,22.8,22.85,1075.0,686.0,5011.0,2531.0,True
2884,2022-10-21 09:41:09.415674,0.0,-0.004376367614879695,0.0,-0.10000000000000142,22.75,22.8,22.8,22.85,1075.0,685.0,5011.0,2531.0,False
2884,2022-10-21 09:41:09.845062,0.0,-0.004376367614879695,0.0,-0.10000000000000142,22.75,22.8,22.8,22.85,1075.0,684.0,5011.0,2531.0,False
2884,2022-10-21 09:41:10.073205,0.0,-0.004376367614879695,0.0,-0.10000000000000142,22.75,22.8,22.8,22.85,1075.0,684.0,5011.0,2531.0,False
2884,2022-10-21 09:41:10.482431,0.0,-0.004376367614879695,0.0,-0.10000000000000142,22.75,22.8,22.8,22.85,1075.0,684.0,5011.0,2531.0,False
2884,2022-10-21 09:41:10.635532,0.0,-0.004376367614879695,0.0,-0.10000000000000142,22.75,22.8,22.8,22.85,1066.0,684.0,5011.0,2531.0,False
2884,2022-10-21 09:41:11.820331,0.0,-0.004376367614879695,0.0,-0.10000000000000142,22.75,22.8,22.8,22.85,1064.0,684.0,5011.0,2531.0,False
2884,2022-10-21 09:41:11.821849,0.0,-0.004376367614879695,0.0,-0.10000000000000142,22.75,22.8,22.8,22.85,1061.0,684.0,5011.0,2531.0,False
2884,2022-10-21 09:41:12.584835,0.0,-0.004376367614879695,0.0,-0.10000000000000142,22.75,22.8,22.8,22.85,1063.0,684.0,5011.0,2531.0,False
2884,2022-10-21 09:41:13.584142,0.0,-0.004376367614879695,0.0,-0.10000000000000142,22.75,22.8,22.8,22.85,1063.0,683.0,5011.0,2531.0,False
2884,2022-10-21 09:41:15.054005,0.0,-0.004376367614879695,0.0,-0.10000000000000142,22.75,22.8,22.8,22.85,1063.0,684.0,5011.0,2531.0,False
2884,2022-10-21 09:41:15.609820,0.0,-0.004376367614879695,0.0,-0.10000000000000142,22.75,22.8,22.8,22.85,1053.0,684.0,5011.0,2531.0,False
2884,2022-10-21 09:41:16.846625,0.0,-0.004376367614879695,0.0,-0.10000000000000142,22.75,22.8,22.8,22.85,1051.0,684.0,5011.0,2531.0,False
2884,2022-10-21 09:41:18.275075,0.0,-0.004376367614879695,0.0,-0.10000000000000142,22.75,22.8,22.8,22.85,1051.0,684.0,4971.0,2531.0,True
2884,2022-10-21 09:41:22.757487,0.0,-0.004376367614879695,0.0,-0.10000000000000142,22.75,22.8,22.8,22.85,1051.0,686.0,4971.0,2531.0,False
2884,2022-10-21 09:41:25.033163,0.0,-0.004376367614879695,0.0,-0.10000000000000142,22.75,22.8,22.8,22.85,1051.0,684.0,4971.0,2531.0,False
2884,2022-10-21 09:41:25.661857,0.0,-0.004376367614879695,0.0,-0.10000000000000142,22.75,22.8,22.8,22.85,1051.0,685.0,4971.0,2531.0,False
2884,2022-10-21 09:41:25.923043,0.0,-0.004376367614879695,0.0,-0.10000000000000142,22.75,22.8,22.8,22.85,1051.0,685.0,4971.0,2531.0,False
2884,2022-10-21 09:41:27.325010,0.0,-0.004376367614879695,0.0,-0.10000000000000142,22.75,22.8,22.8,22.85,1051.0,685.0,4971.0,2531.0,False
2884,2022-10-21 09:41:28.315532,0.0,-0.004376367614879695,0.0,-0.10000000000000142,22.75,22.8,22.8,22.85,1051.0,685.0,4509.0,2531.0,True
2884,2022-10-21 09:41:28.567182,0.0,-0.004376367614879695,0.0,-0.10000000000000142,22.75,22.8,22.8,22.85,1051.0,682.0,4509.0,2531.0,False
2884,2022-10-21 09:41:31.059791,0.0,-0.004376367614879695,0.0,-0.10000000000000142,22.75,22.8,22.8,22.85,1051.0,683.0,4509.0,2531.0,False
2884,2022-10-21 09:41:35.166300,0.0,-0.004376367614879695,0.0,-0.10000000000000142,22.75,22.8,22.8,22.85,1052.0,683.0,4509.0,2531.0,False
2884,2022-10-21 09:41:37.261243,0.0,-0.004376367614879695,0.0,-0.10000000000000142,22.75,22.8,22.8,22.85,1052.0,683.0,4509.0,2531.0,False
2884,2022-10-21 09:41:38.354638,0.0,-0.004376367614879695,0.0,-0.10000000000000142,22.75,22.8,22.8,22.85,1052.0,683.0,4534.0,2531.0,True
2884,2022-10-21 09:41:38.826424,0.0,-0.004376367614879695,0.0,-0.10000000000000142,22.75,22.8,22.8,22.85,1052.0,683.0,4534.0,2531.0,False
2884,2022-10-21 09:41:38.849905,0.0,-0.004376367614879695,0.0,-0.10000000000000142,22.75,22.8,22.8,22.85,1051.0,683.0,4534.0,2531.0,False
2884,2022-10-21 09:41:39.854623,0.0,-0.004376367614879695,0.0,-0.10000000000000142,22.75,22.8,22.8,22.85,1051.0,683.0,4534.0,2531.0,False
2884,2022-10-21 09:41:40.366724,0.0,-0.004376367614879695,0.0,-0.10000000000000142,22.75,22.8,22.8,22.85,1051.0,685.0,4534.0,2531.0,False
2884,2022-10-21 09:41:40.541661,0.0,-0.004376367614879695,0.0,-0.10000000000000142,22.75,22.8,22.8,22.85,1051.0,686.0,4534.0,2531.0,False
2884,2022-10-21 09:41:41.241571,0.0,-0.004376367614879695,0.0,-0.10000000000000142,22.75,22.8,22.8,22.85,1051.0,693.0,4534.0,2531.0,False
2884,2022-10-21 09:41:44.130717,0.0,-0.004376367614879695,0.0,-0.10000000000000142,22.75,22.8,22.8,22.85,1051.0,692.0,4534.0,2531.0,False
2884,2022-10-21 09:41:45.727339,0.0,-0.004376367614879695,0.0,-0.10000000000000142,22.75,22.8,22.8,22.85,1051.0,692.0,4534.0,2531.0,False
2884,2022-10-21 09:41:46.785439,0.0,-0.004376367614879695,0.0,-0.10000000000000142,22.75,22.8,22.8,22.85,1051.0,692.0,4534.0,2531.0,False
2884,2022-10-21 09:41:47.072853,0.0,-0.004376367614879695,0.0,-0.10000000000000142,22.75,22.8,22.8,22.85,1051.0,693.0,4534.0,2531.0,False
2884,2022-10-21 09:41:48.394834,0.0,-0.004376367614879695,0.0,-0.10000000000000142,22.75,22.8,22.8,22.85,1051.0,693.0,4534.0,2531.0,True
2884,2022-10-21 09:41:50.084506,0.0,-0.004376367614879695,0.0,-0.10000000000000142,22.75,22.8,22.8,22.85,1052.0,693.0,4534.0,2531.0,False
2884,2022-10-21 09:41:50.136706,0.0,-0.004376367614879695,0.0,-0.10000000000000142,22.75,22.8,22.8,22.85,1051.0,693.0,4534.0,2531.0,False
2884,2022-10-21 09:41:50.530879,0.0,-0.004376367614879695,0.0,-0.10000000000000142,22.75,22.8,22.8,22.85,1052.0,693.0,4534.0,2531.0,False
2884,2022-10-21 09:41:51.661567,0.0,-0.004376367614879695,0.0,-0.10000000000000142,22.75,22.8,22.8,22.85,1052.0,692.0,4534.0,2531.0,False
2884,2022-10-21 09:41:54.260119,0.0,-0.004376367614879695,0.0,-0.10000000000000142,22.75,22.8,22.8,22.85,1052.0,691.0,4534.0,2531.0,False
2884,2022-10-21 09:41:54.284825,0.0,-0.004376367614879695,0.0,-0.10000000000000142,22.75,22.8,22.8,22.85,1052.0,691.0,4534.0,2531.0,False
2884,2022-10-21 09:41:54.705122,0.0,-0.004376367614879695,0.0,-0.10000000000000142,22.75,22.8,22.8,22.85,1055.0,691.0,4534.0,2531.0,False
2884,2022-10-21 09:41:54.910653,0.0,-0.004376367614879695,0.0,-0.10000000000000142,22.75,22.8,22.8,22.85,1056.0,691.0,4534.0,2531.0,False
2884,2022-10-21 09:41:55.475455,0.0,-0.004376367614879695,0.0,-0.10000000000000142,22.75,22.8,22.8,22.85,1056.0,690.0,4534.0,2531.0,False
2884,2022-10-21 09:41:55.507773,0.0,-0.004376367614879695,0.0,-0.10000000000000142,22.75,22.8,22.8,22.85,1056.0,691.0,4534.0,2531.0,False
2884,2022-10-21 09:41:56.088490,0.0,-0.004376367614879695,0.0,-0.10000000000000142,22.75,22.8,22.8,22.85,1056.0,692.0,4534.0,2531.0,False
2884,2022-10-21 09:41:57.534110,0.0,-0.004376367614879695,0.0,-0.10000000000000142,22.75,22.8,22.8,22.85,1056.0,692.0,4534.0,2531.0,False
2884,2022-10-21 09:41:58.437070,0.0,-0.004376367614879695,0.0,-0.10000000000000142,22.75,22.8,22.8,22.85,1056.0,692.0,4634.0,2531.0,True
2884,2022-10-21 09:41:58.871463,0.0,-0.004376367614879695,0.0,-0.10000000000000142,22.75,22.8,22.8,22.85,1053.0,692.0,4634.0,2531.0,False
2884,2022-10-21 09:42:01.456947,0.0,-0.004376367614879695,0.0,-0.10000000000000142,22.75,22.8,22.8,22.85,1056.0,692.0,4634.0,2531.0,False
2884,2022-10-21 09:42:01.989953,0.0,-0.004376367614879695,0.0,-0.10000000000000142,22.75,22.8,22.8,22.85,1058.0,692.0,4634.0,2531.0,False
2884,2022-10-21 09:42:02.074876,0.0,-0.004376367614879695,0.0,-0.10000000000000142,22.75,22.8,22.8,22.85,1058.0,693.0,4634.0,2531.0,False
2884,2022-10-21 09:42:03.579545,0.0,-0.004376367614879695,0.0,-0.10000000000000142,22.75,22.8,22.8,22.85,1060.0,693.0,4634.0,2531.0,False
2884,2022-10-21 09:42:05.039366,0.0,-0.004376367614879695,0.0,-0.10000000000000142,22.75,22.8,22.8,22.85,1060.0,693.0,4634.0,2531.0,False
2884,2022-10-21 09:42:05.636953,0.0,-0.004376367614879695,0.0,-0.10000000000000142,22.75,22.8,22.8,22.85,1060.0,692.0,4634.0,2531.0,False
2884,2022-10-21 09:42:06.547885,0.0,-0.004376367614879695,0.0,-0.10000000000000142,22.75,22.8,22.8,22.85,1060.0,688.0,4634.0,2531.0,False
2884,2022-10-21 09:42:08.041035,0.0,-0.004376367614879695,0.0,-0.10000000000000142,22.75,22.8,22.8,22.85,1068.0,688.0,4634.0,2531.0,False
2884,2022-10-21 09:42:08.482352,0.0,-0.004376367614879695,0.0,-0.10000000000000142,22.75,22.8,22.8,22.85,1068.0,688.0,4649.0,2531.0,True
2884,2022-10-21 09:42:09.855892,0.0,-0.004376367614879695,0.0,-0.10000000000000142,22.75,22.8,22.8,22.85,1068.0,687.0,4649.0,2531.0,False
2884,2022-10-21 09:42:10.439461,0.0,-0.004376367614879695,0.0,-0.10000000000000142,22.75,22.8,22.8,22.85,1068.0,688.0,4649.0,2531.0,False
2884,2022-10-21 09:42:13.119629,0.0,-0.004376367614879695,0.0,-0.10000000000000142,22.75,22.8,22.8,22.85,1068.0,690.0,4649.0,2531.0,False
2884,2022-10-21 09:42:15.204812,0.0,-0.004376367614879695,0.0,-0.10000000000000142,22.75,22.8,22.8,22.85,1067.0,690.0,4649.0,2531.0,False
2884,2022-10-21 09:42:15.434978,0.0,-0.004376367614879695,0.0,-0.10000000000000142,22.75,22.8,22.8,22.85,1069.0,690.0,4649.0,2531.0,False
2884,2022-10-21 09:42:16.063820,0.0,-0.004376367614879695,0.0,-0.10000000000000142,22.75,22.8,22.8,22.85,1070.0,690.0,4649.0,2531.0,False
2884,2022-10-21 09:42:17.635815,0.0,-0.004376367614879695,0.0,-0.10000000000000142,22.75,22.8,22.8,22.85,1070.0,690.0,4649.0,2531.0,False
2884,2022-10-21 09:42:17.854668,0.0,-0.004376367614879695,0.0,-0.10000000000000142,22.75,22.8,22.8,22.85,1071.0,690.0,4649.0,2531.0,False
2884,2022-10-21 09:42:18.088396,0.0,-0.004376367614879695,0.0,-0.10000000000000142,22.75,22.8,22.8,22.85,1071.0,691.0,4649.0,2531.0,False
2884,2022-10-21 09:42:18.524565,0.0,-0.004376367614879695,0.0,-0.10000000000000142,22.75,22.8,22.8,22.85,1071.0,691.0,4679.0,2531.0,True
2884,2022-10-21 09:42:21.954477,0.0,-0.004376367614879695,0.0,-0.10000000000000142,22.75,22.8,22.8,22.85,1071.0,688.0,4679.0,2531.0,False
2884,2022-10-21 09:42:23.084761,0.0,-0.004376367614879695,0.0,-0.10000000000000142,22.75,22.8,22.8,22.85,1071.0,689.0,4679.0,2531.0,False
2884,2022-10-21 09:42:23.748811,0.0,-0.004376367614879695,0.0,-0.10000000000000142,22.75,22.8,22.8,22.85,1072.0,689.0,4679.0,2531.0,False
2884,2022-10-21 09:42:25.881502,0.0,-0.004376367614879695,0.0,-0.10000000000000142,22.75,22.8,22.8,22.85,1072.0,735.0,4679.0,2531.0,False
2884,2022-10-21 09:42:25.940628,0.0,-0.004376367614879695,0.0,-0.10000000000000142,22.75,22.8,22.8,22.85,1072.0,737.0,4679.0,2531.0,False
2884,2022-10-21 09:42:28.130026,0.0,-0.004376367614879695,0.0,-0.10000000000000142,22.75,22.8,22.8,22.85,1074.0,737.0,4679.0,2531.0,False
2884,2022-10-21 09:42:28.563694,0.0,-0.004376367614879695,0.0,-0.10000000000000142,22.75,22.8,22.8,22.85,1074.0,737.0,4797.0,2531.0,True
2884,2022-10-21 09:42:29.929593,0.0,-0.004376367614879695,0.0,-0.10000000000000142,22.75,22.8,22.8,22.85,1064.0,737.0,4797.0,2531.0,False
2884,2022-10-21 09:42:30.655793,0.0,-0.004376367614879695,0.0,-0.10000000000000142,22.75,22.8,22.8,22.85,1064.0,737.0,4797.0,2531.0,False
2884,2022-10-21 09:42:31.578741,0.0,-0.004376367614879695,0.0,-0.10000000000000142,22.75,22.8,22.8,22.85,1064.0,738.0,4797.0,2531.0,False
2884,2022-10-21 09:42:32.346953,0.0,-0.004376367614879695,0.0,-0.10000000000000142,22.75,22.8,22.8,22.85,1070.0,738.0,4797.0,2531.0,False
2884,2022-10-21 09:42:32.352637,0.0,-0.004376367614879695,0.0,-0.10000000000000142,22.75,22.8,22.8,22.85,1070.0,738.0,4797.0,2531.0,False
2884,2022-10-21 09:42:32.654580,0.0,-0.004376367614879695,0.0,-0.10000000000000142,22.75,22.8,22.8,22.85,1070.0,738.0,4797.0,2531.0,False
2884,2022-10-21 09:42:33.043166,0.0,-0.004376367614879695,0.0,-0.10000000000000142,22.75,22.8,22.8,22.85,1071.0,738.0,4797.0,2531.0,False
2884,2022-10-21 09:42:34.092986,0.0,-0.004376367614879695,0.0,-0.10000000000000142,22.75,22.8,22.8,22.85,1071.0,739.0,4797.0,2531.0,False
2884,2022-10-21 09:42:34.850714,0.0,-0.004376367614879695,0.0,-0.10000000000000142,22.75,22.8,22.8,22.85,1071.0,738.0,4797.0,2531.0,False
2884,2022-10-21 09:42:35.320861,0.0,-0.004376367614879695,0.0,-0.10000000000000142,22.75,22.8,22.8,22.85,1071.0,738.0,4797.0,2531.0,False
2884,2022-10-21 09:42:36.663753,0.0,-0.004376367614879695,0.0,-0.10000000000000142,22.75,22.8,22.8,22.85,1071.0,738.0,4797.0,2531.0,False
2884,2022-10-21 09:42:36.865201,0.0,-0.004376367614879695,0.0,-0.10000000000000142,22.75,22.8,22.8,22.85,1071.0,739.0,4797.0,2531.0,False
2884,2022-10-21 09:42:38.602828,0.0,-0.004376367614879695,0.0,-0.10000000000000142,22.75,22.8,22.8,22.85,1071.0,739.0,5380.0,2531.0,True
2884,2022-10-21 09:42:38.728063,0.0,-0.004376367614879695,0.0,-0.10000000000000142,22.75,22.8,22.8,22.85,1071.0,740.0,5380.0,2531.0,False
2884,2022-10-21 09:42:39.289719,0.0,-0.004376367614879695,0.0,-0.10000000000000142,22.75,22.8,22.8,22.85,1071.0,740.0,5380.0,2531.0,False
2884,2022-10-21 09:42:39.308213,0.0,-0.004376367614879695,0.0,-0.10000000000000142,22.75,22.8,22.8,22.85,1071.0,740.0,5380.0,2531.0,False
2884,2022-10-21 09:42:40.150042,0.0,-0.004376367614879695,0.0,-0.10000000000000142,22.75,22.8,22.8,22.85,1070.0,740.0,5380.0,2531.0,False
2884,2022-10-21 09:42:42.548943,0.0,-0.004376367614879695,0.0,-0.10000000000000142,22.75,22.8,22.8,22.85,1071.0,740.0,5380.0,2531.0,False
2884,2022-10-21 09:42:42.903455,0.0,-0.004376367614879695,0.0,-0.10000000000000142,22.75,22.8,22.8,22.85,1071.0,740.0,5380.0,2531.0,False
2884,2022-10-21 09:42:44.487742,0.0,-0.004376367614879695,0.0,-0.10000000000000142,22.75,22.8,22.8,22.85,1071.0,749.0,5380.0,2531.0,False
2884,2022-10-21 09:42:46.162629,0.0,-0.004376367614879695,0.0,-0.10000000000000142,22.75,22.8,22.8,22.85,1074.0,749.0,5380.0,2531.0,False
2884,2022-10-21 09:42:46.874569,0.0,-0.004376367614879695,0.0,-0.10000000000000142,22.75,22.8,22.8,22.85,1078.0,749.0,5380.0,2531.0,False
2884,2022-10-21 09:42:47.075461,0.0,-0.004376367614879695,0.0,-0.10000000000000142,22.75,22.8,22.8,22.85,1076.0,749.0,5380.0,2531.0,False
2884,2022-10-21 09:42:48.327612,0.0,-0.004376367614879695,0.0,-0.10000000000000142,22.75,22.8,22.8,22.85,1083.0,749.0,5380.0,2531.0,False
2884,2022-10-21 09:42:48.562143,0.0,-0.004376367614879695,0.0,-0.10000000000000142,22.75,22.8,22.8,22.85,1083.0,750.0,5380.0,2531.0,False
2884,2022-10-21 09:42:48.642063,0.0,-0.004376367614879695,0.0,-0.10000000000000142,22.75,22.8,22.8,22.85,1083.0,750.0,5480.0,2531.0,True
2884,2022-10-21 09:42:49.100907,0.0,-0.004376367614879695,0.0,-0.10000000000000142,22.75,22.8,22.8,22.85,1083.0,751.0,5480.0,2531.0,False
2884,2022-10-21 09:42:52.454882,0.0,-0.004376367614879695,0.0,-0.10000000000000142,22.75,22.8,22.8,22.85,1083.0,751.0,5480.0,2531.0,False
2884,2022-10-21 09:42:58.688287,0.0,-0.004376367614879695,0.0,-0.10000000000000142,22.75,22.8,22.8,22.85,1083.0,751.0,5330.0,2531.0,True
2884,2022-10-21 09:42:59.912325,0.0,-0.004376367614879695,0.0,-0.10000000000000142,22.75,22.8,22.8,22.85,1080.0,751.0,5330.0,2531.0,False
2884,2022-10-21 09:43:00.071103,0.0,-0.004376367614879695,0.0,-0.10000000000000142,22.75,22.8,22.8,22.85,1080.0,753.0,5330.0,2531.0,False
2884,2022-10-21 09:43:00.123607,0.0,-0.004376367614879695,0.0,-0.10000000000000142,22.75,22.8,22.8,22.85,1082.0,753.0,5330.0,2531.0,False
2884,2022-10-21 09:43:01.017079,0.0,-0.004376367614879695,0.0,-0.10000000000000142,22.75,22.8,22.8,22.85,1082.0,752.0,5330.0,2531.0,False
2884,2022-10-21 09:43:01.199446,0.0,-0.004376367614879695,0.0,-0.10000000000000142,22.75,22.8,22.8,22.85,1082.0,750.0,5330.0,2531.0,False
2884,2022-10-21 09:43:01.418784,0.0,-0.004376367614879695,0.0,-0.10000000000000142,22.75,22.8,22.8,22.85,1083.0,750.0,5330.0,2531.0,False
2884,2022-10-21 09:43:03.744481,0.0,-0.004376367614879695,0.0,-0.10000000000000142,22.75,22.8,22.8,22.85,1157.0,750.0,5330.0,2531.0,False
2884,2022-10-21 09:43:04.200581,0.0,-0.004376367614879695,0.0,-0.10000000000000142,22.75,22.8,22.8,22.85,1157.0,750.0,5330.0,2531.0,False
2884,2022-10-21 09:43:04.525854,0.0,-0.004376367614879695,0.0,-0.10000000000000142,22.75,22.8,22.8,22.85,1157.0,751.0,5330.0,2531.0,False
2884,2022-10-21 09:43:04.647844,0.0,-0.004376367614879695,0.0,-0.10000000000000142,22.75,22.8,22.8,22.85,1157.0,751.0,5330.0,2531.0,False
2884,2022-10-21 09:43:06.492566,0.0,-0.004376367614879695,0.0,-0.10000000000000142,22.75,22.8,22.8,22.85,1158.0,751.0,5330.0,2531.0,False
2884,2022-10-21 09:43:07.757714,0.0,-0.004376367614879695,0.0,-0.10000000000000142,22.75,22.8,22.8,22.85,1158.0,745.0,5330.0,2531.0,False
2884,2022-10-21 09:43:07.937317,0.0,-0.004376367614879695,0.0,-0.10000000000000142,22.75,22.8,22.8,22.85,1158.0,745.0,4454.0,2531.0,True
2884,2022-10-21 09:43:08.021696,0.0,-0.004376367614879695,0.0,-0.10000000000000142,22.75,22.8,22.8,22.85,1162.0,745.0,4454.0,2531.0,False
2884,2022-10-21 09:43:08.685045,0.0,-0.004376367614879695,0.0,-0.10000000000000142,22.75,22.8,22.8,22.85,1160.0,745.0,4454.0,2531.0,False
2884,2022-10-21 09:43:08.695659,0.0,-0.004376367614879695,0.0,-0.10000000000000142,22.75,22.8,22.8,22.85,1157.0,745.0,4454.0,2531.0,False
2884,2022-10-21 09:43:09.399906,0.0,-0.004376367614879695,0.0,-0.10000000000000142,22.75,22.8,22.8,22.85,1157.0,746.0,4454.0,2531.0,False
2884,2022-10-21 09:43:09.411595,0.0,-0.004376367614879695,0.0,-0.10000000000000142,22.75,22.8,22.8,22.85,1157.0,745.0,4454.0,2531.0,False
2884,2022-10-21 09:43:13.235329,0.0,-0.004376367614879695,0.0,-0.10000000000000142,22.75,22.8,22.8,22.85,1157.0,738.0,4454.0,2531.0,False
2884,2022-10-21 09:43:13.285267,0.0,-0.004376367614879695,0.0,-0.10000000000000142,22.75,22.8,22.8,22.85,1154.0,738.0,4454.0,2531.0,False
2884,2022-10-21 09:43:13.285582,0.0,-0.004376367614879695,0.0,-0.10000000000000142,22.75,22.8,22.8,22.85,1152.0,738.0,4454.0,2531.0,False
2884,2022-10-21 09:43:14.975888,0.0,-0.004376367614879695,0.0,-0.10000000000000142,22.75,22.8,22.8,22.85,1152.0,737.0,4454.0,2531.0,False
2884,2022-10-21 09:43:15.408848,0.0,-0.004376367614879695,0.0,-0.10000000000000142,22.75,22.8,22.8,22.85,1152.0,736.0,4454.0,2531.0,False
2884,2022-10-21 09:43:15.922710,0.0,-0.004376367614879695,0.0,-0.10000000000000142,22.75,22.8,22.8,22.85,1152.0,736.0,4454.0,2531.0,False
2884,2022-10-21 09:43:16.665528,0.0,-0.004376367614879695,0.0,-0.10000000000000142,22.75,22.8,22.8,22.85,1152.0,735.0,4454.0,2531.0,False
2884,2022-10-21 09:43:17.976096,0.0,-0.004376367614879695,0.0,-0.10000000000000142,22.75,22.8,22.8,22.85,1152.0,735.0,4654.0,2531.0,True
2884,2022-10-21 09:43:19.461321,0.0,-0.004376367614879695,0.0,-0.10000000000000142,22.75,22.8,22.8,22.85,1152.0,732.0,4654.0,2531.0,False
2884,2022-10-21 09:43:21.115116,0.0,-0.004376367614879695,0.0,-0.10000000000000142,22.75,22.8,22.8,22.85,1152.0,733.0,4654.0,2531.0,False
2884,2022-10-21 09:43:21.432629,0.0,-0.004376367614879695,0.0,-0.10000000000000142,22.75,22.8,22.8,22.85,1151.0,732.0,4654.0,2531.0,False
2884,2022-10-21 09:43:23.081552,0.0,-0.004376367614879695,0.0,-0.10000000000000142,22.75,22.8,22.8,22.85,1151.0,728.0,4654.0,2531.0,False
2884,2022-10-21 09:43:26.780632,0.0,-0.004376367614879695,0.0,-0.10000000000000142,22.75,22.8,22.8,22.85,1151.0,729.0,4654.0,2531.0,False
2884,2022-10-21 09:43:27.209267,0.0,-0.004376367614879695,0.0,-0.10000000000000142,22.75,22.8,22.8,22.85,1148.0,729.0,4654.0,2531.0,False
2884,2022-10-21 09:43:27.345890,0.0,-0.004376367614879695,0.0,-0.10000000000000142,22.75,22.8,22.8,22.85,1148.0,729.0,4654.0,2531.0,False
2884,2022-10-21 09:43:27.831943,0.0,-0.004376367614879695,0.0,-0.10000000000000142,22.75,22.8,22.8,22.85,1148.0,719.0,4654.0,2531.0,False
2884,2022-10-21 09:43:28.001177,0.0,-0.004376367614879695,0.0,-0.10000000000000142,22.75,22.8,22.8,22.85,1148.0,717.0,4654.0,2531.0,False
2884,2022-10-21 09:43:28.015072,0.0,-0.004376367614879695,0.0,-0.10000000000000142,22.75,22.8,22.8,22.85,1148.0,717.0,4689.0,2331.0,True
2884,2022-10-21 09:43:30.170369,0.0,-0.004376367614879695,0.0,-0.10000000000000142,22.75,22.8,22.8,22.85,1147.0,717.0,4689.0,2331.0,False
2884,2022-10-21 09:43:30.248069,0.0,-0.004376367614879695,0.0,-0.10000000000000142,22.75,22.8,22.8,22.85,1147.0,722.0,4689.0,2331.0,False
2884,2022-10-21 09:43:35.670856,0.0,-0.004376367614879695,0.0,-0.10000000000000142,22.75,22.8,22.8,22.85,1223.0,722.0,4689.0,2331.0,False
2884,2022-10-21 09:43:35.729986,0.0,-0.004376367614879695,0.0,-0.10000000000000142,22.75,22.8,22.8,22.85,1214.0,722.0,4689.0,2331.0,False
2884,2022-10-21 09:43:35.883826,0.0,-0.004376367614879695,0.0,-0.10000000000000142,22.75,22.8,22.8,22.85,1214.0,720.0,4689.0,2331.0,False
2884,2022-10-21 09:43:35.911839,0.0,-0.004376367614879695,0.0,-0.10000000000000142,22.75,22.8,22.8,22.85,1214.0,714.0,4689.0,2331.0,False
2884,2022-10-21 09:43:37.127796,0.0,-0.004376367614879695,0.0,-0.10000000000000142,22.75,22.8,22.8,22.85,1214.0,715.0,4689.0,2331.0,False
2884,2022-10-21 09:43:38.052890,0.0,-0.004376367614879695,0.0,-0.10000000000000142,22.75,22.8,22.8,22.85,1214.0,715.0,5189.0,2331.0,True
2884,2022-10-21 09:43:39.126142,0.0,-0.004376367614879695,0.0,-0.10000000000000142,22.75,22.8,22.8,22.85,1214.0,716.0,5189.0,2331.0,False
2884,2022-10-21 09:43:39.205352,0.0,-0.004376367614879695,0.0,-0.10000000000000142,22.75,22.8,22.8,22.85,1214.0,716.0,5189.0,2331.0,False
2884,2022-10-21 09:43:39.313686,0.0,-0.004376367614879695,0.0,-0.10000000000000142,22.75,22.8,22.8,22.85,1214.0,714.0,5189.0,2331.0,False
2884,2022-10-21 09:43:40.398334,0.0,-0.004376367614879695,0.0,-0.10000000000000142,22.75,22.8,22.8,22.85,1215.0,714.0,5189.0,2331.0,False
2884,2022-10-21 09:43:43.969992,0.0,-0.004376367614879695,0.0,-0.10000000000000142,22.75,22.8,22.8,22.85,1215.0,713.0,5189.0,2331.0,False
2884,2022-10-21 09:43:45.099320,0.0,-0.004376367614879695,0.0,-0.10000000000000142,22.75,22.8,22.8,22.85,1215.0,713.0,5189.0,2331.0,False
2884,2022-10-21 09:43:47.553276,0.0,-0.004376367614879695,0.0,-0.10000000000000142,22.75,22.8,22.8,22.85,1215.0,698.0,5189.0,2331.0,False
2884,2022-10-21 09:43:47.565753,0.0,-0.004376367614879695,0.0,-0.10000000000000142,22.75,22.8,22.8,22.85,1239.0,698.0,5189.0,2331.0,False
2884,2022-10-21 09:43:47.585900,0.0,-0.004376367614879695,0.0,-0.10000000000000142,22.75,22.8,22.8,22.85,1239.0,698.0,5189.0,2331.0,False
2884,2022-10-21 09:43:48.038955,0.0,-0.004376367614879695,0.0,-0.10000000000000142,22.75,22.8,22.8,22.85,1240.0,698.0,5189.0,2331.0,False
2884,2022-10-21 09:43:48.100178,0.0,-0.004376367614879695,0.0,-0.10000000000000142,22.75,22.8,22.8,22.85,1240.0,698.0,5657.0,2423.0,True
2884,2022-10-21 09:43:48.423052,0.0,-0.004376367614879695,0.0,-0.10000000000000142,22.75,22.8,22.8,22.85,1240.0,698.0,5657.0,2423.0,False
2884,2022-10-21 09:43:48.869831,0.0,-0.004376367614879695,0.0,-0.10000000000000142,22.75,22.8,22.8,22.85,1242.0,698.0,5657.0,2423.0,False
2884,2022-10-21 09:43:49.324351,0.0,-0.004376367614879695,0.0,-0.10000000000000142,22.75,22.8,22.8,22.85,1242.0,697.0,5657.0,2423.0,False
2884,2022-10-21 09:43:49.775464,0.0,-0.004376367614879695,0.0,-0.10000000000000142,22.75,22.8,22.8,22.85,1242.0,696.0,5657.0,2423.0,False
2884,2022-10-21 09:43:50.777781,0.0,-0.004376367614879695,0.0,-0.10000000000000142,22.75,22.8,22.8,22.85,1242.0,697.0,5657.0,2423.0,False
2884,2022-10-21 09:43:51.414672,0.0,-0.004376367614879695,0.0,-0.10000000000000142,22.75,22.8,22.8,22.85,1242.0,235.0,5657.0,2423.0,False
2884,2022-10-21 09:43:51.441044,-0.002188183807439903,-0.004376367614879695,-0.05000000000000071,-0.10000000000000142,22.75,22.85,22.8,22.85,1242.0,544.0,5657.0,2423.0,False
2884,2022-10-21 09:43:51.441082,-0.002188183807439903,-0.002188183807439903,-0.05000000000000071,-0.05000000000000071,22.8,22.85,22.8,22.85,235.0,544.0,5657.0,2423.0,False
2884,2022-10-21 09:43:51.462085,-0.002188183807439903,-0.002188183807439903,-0.05000000000000071,-0.05000000000000071,22.8,22.85,22.8,22.85,235.0,461.0,5657.0,2423.0,False
2884,2022-10-21 09:43:51.484893,-0.002188183807439903,-0.002188183807439903,-0.05000000000000071,-0.05000000000000071,22.8,22.85,22.8,22.85,217.0,479.0,5657.0,2423.0,False
2884,2022-10-21 09:43:51.552728,-0.002188183807439903,-0.002188183807439903,-0.05000000000000071,-0.05000000000000071,22.8,22.85,22.8,22.85,240.0,479.0,5657.0,2423.0,False
2884,2022-10-21 09:43:51.695307,-0.002188183807439903,-0.002188183807439903,-0.05000000000000071,-0.05000000000000071,22.8,22.85,22.8,22.85,243.0,479.0,5657.0,2423.0,False
2884,2022-10-21 09:43:51.732465,-0.002188183807439903,-0.002188183807439903,-0.05000000000000071,-0.05000000000000071,22.8,22.85,22.8,22.85,226.0,478.0,5657.0,2423.0,False
2884,2022-10-21 09:43:51.772151,-0.002188183807439903,-0.002188183807439903,-0.05000000000000071,-0.05000000000000071,22.8,22.85,22.8,22.85,282.0,478.0,5657.0,2423.0,False
2884,2022-10-21 09:43:51.853245,-0.002188183807439903,-0.002188183807439903,-0.05000000000000071,-0.05000000000000071,22.8,22.85,22.8,22.85,208.0,478.0,5657.0,2423.0,False
2884,2022-10-21 09:43:51.861618,-0.002188183807439903,-0.002188183807439903,-0.05000000000000071,-0.05000000000000071,22.8,22.85,22.8,22.85,232.0,478.0,5657.0,2423.0,False
2884,2022-10-21 09:43:51.961727,-0.002188183807439903,-0.002188183807439903,-0.05000000000000071,-0.05000000000000071,22.8,22.85,22.8,22.85,232.0,473.0,5657.0,2423.0,False
2884,2022-10-21 09:43:52.125208,-0.002188183807439903,-0.002188183807439903,-0.05000000000000071,-0.05000000000000071,22.8,22.85,22.8,22.85,232.0,443.0,5657.0,2423.0,False
2884,2022-10-21 09:43:52.135273,-0.002188183807439903,-0.002188183807439903,-0.05000000000000071,-0.05000000000000071,22.8,22.85,22.8,22.85,231.0,443.0,5657.0,2423.0,False
2884,2022-10-21 09:43:52.392119,-0.002188183807439903,-0.002188183807439903,-0.05000000000000071,-0.05000000000000071,22.8,22.85,22.8,22.85,233.0,443.0,5657.0,2423.0,False
2884,2022-10-21 09:43:52.410125,-0.002188183807439903,-0.002188183807439903,-0.05000000000000071,-0.05000000000000071,22.8,22.85,22.8,22.85,233.0,443.0,5657.0,2423.0,False
2884,2022-10-21 09:43:52.975934,-0.002188183807439903,-0.002188183807439903,-0.05000000000000071,-0.05000000000000071,22.8,22.85,22.8,22.85,233.0,436.0,5657.0,2423.0,False
2884,2022-10-21 09:43:53.012351,-0.002188183807439903,-0.002188183807439903,-0.05000000000000071,-0.05000000000000071,22.8,22.85,22.8,22.85,276.0,436.0,5657.0,2423.0,False
2884,2022-10-21 09:43:53.234028,-0.002188183807439903,-0.002188183807439903,-0.05000000000000071,-0.05000000000000071,22.8,22.85,22.8,22.85,276.0,436.0,5657.0,2423.0,False
2884,2022-10-21 09:43:53.327018,-0.002188183807439903,-0.002188183807439903,-0.05000000000000071,-0.05000000000000071,22.8,22.85,22.8,22.85,276.0,436.0,5657.0,2423.0,False
2884,2022-10-21 09:43:53.438436,-0.002188183807439903,-0.002188183807439903,-0.05000000000000071,-0.05000000000000071,22.8,22.85,22.8,22.85,356.0,436.0,5657.0,2423.0,False
2884,2022-10-21 09:43:53.517938,-0.002188183807439903,-0.002188183807439903,-0.05000000000000071,-0.05000000000000071,22.8,22.85,22.8,22.85,357.0,436.0,5657.0,2423.0,False
2884,2022-10-21 09:43:53.684388,-0.002188183807439903,-0.002188183807439903,-0.05000000000000071,-0.05000000000000071,22.8,22.85,22.8,22.85,325.0,436.0,5657.0,2423.0,False
2884,2022-10-21 09:43:54.047038,-0.002188183807439903,-0.002188183807439903,-0.05000000000000071,-0.05000000000000071,22.8,22.85,22.8,22.85,325.0,436.0,5657.0,2423.0,False
2884,2022-10-21 09:43:54.239893,-0.002188183807439903,-0.002188183807439903,-0.05000000000000071,-0.05000000000000071,22.8,22.85,22.8,22.85,325.0,436.0,5657.0,2423.0,False
2884,2022-10-21 09:43:55.232694,-0.002188183807439903,-0.002188183807439903,-0.05000000000000071,-0.05000000000000071,22.8,22.85,22.8,22.85,324.0,436.0,5657.0,2423.0,False
2884,2022-10-21 09:43:55.314371,-0.002188183807439903,-0.002188183807439903,-0.05000000000000071,-0.05000000000000071,22.8,22.85,22.8,22.85,326.0,436.0,5657.0,2423.0,False
2884,2022-10-21 09:43:56.496954,-0.002188183807439903,-0.002188183807439903,-0.05000000000000071,-0.05000000000000071,22.8,22.85,22.8,22.85,214.0,436.0,5657.0,2423.0,False
2884,2022-10-21 09:43:56.530610,-0.002188183807439903,-0.002188183807439903,-0.05000000000000071,-0.05000000000000071,22.8,22.85,22.8,22.85,171.0,436.0,5657.0,2423.0,False
2884,2022-10-21 09:43:57.330079,-0.002188183807439903,-0.002188183807439903,-0.05000000000000071,-0.05000000000000071,22.8,22.85,22.8,22.85,115.0,436.0,5657.0,2423.0,False
2884,2022-10-21 09:43:58.144423,-0.002188183807439903,-0.002188183807439903,-0.05000000000000071,-0.05000000000000071,22.8,22.85,22.8,22.85,115.0,436.0,5657.0,2423.0,True
2884,2022-10-21 09:44:00.159059,-0.002188183807439903,-0.002188183807439903,-0.05000000000000071,-0.05000000000000071,22.8,22.85,22.8,22.85,117.0,436.0,5657.0,2423.0,False
2884,2022-10-21 09:44:00.163505,-0.002188183807439903,-0.002188183807439903,-0.05000000000000071,-0.05000000000000071,22.8,22.85,22.8,22.85,119.0,436.0,5657.0,2423.0,False
2884,2022-10-21 09:44:00.429436,-0.002188183807439903,-0.002188183807439903,-0.05000000000000071,-0.05000000000000071,22.8,22.85,22.8,22.85,112.0,436.0,5657.0,2423.0,False
2884,2022-10-21 09:44:00.797612,-0.002188183807439903,-0.002188183807439903,-0.05000000000000071,-0.05000000000000071,22.8,22.85,22.8,22.85,112.0,437.0,5657.0,2423.0,False
2884,2022-10-21 09:44:01.025300,-0.002188183807439903,-0.002188183807439903,-0.05000000000000071,-0.05000000000000071,22.8,22.85,22.8,22.85,112.0,438.0,5657.0,2423.0,False
2884,2022-10-21 09:44:01.250440,-0.002188183807439903,-0.002188183807439903,-0.05000000000000071,-0.05000000000000071,22.8,22.85,22.8,22.85,113.0,438.0,5657.0,2423.0,False
2884,2022-10-21 09:44:01.438467,-0.002188183807439903,-0.002188183807439903,-0.05000000000000071,-0.05000000000000071,22.8,22.85,22.8,22.85,114.0,438.0,5657.0,2423.0,False
2884,2022-10-21 09:44:01.483731,-0.002188183807439903,-0.002188183807439903,-0.05000000000000071,-0.05000000000000071,22.8,22.85,22.8,22.85,114.0,438.0,5657.0,2423.0,False
2884,2022-10-21 09:44:01.915672,-0.002188183807439903,-0.002188183807439903,-0.05000000000000071,-0.05000000000000071,22.8,22.85,22.8,22.85,115.0,438.0,5657.0,2423.0,False
2884,2022-10-21 09:44:02.326411,-0.002188183807439903,-0.002188183807439903,-0.05000000000000071,-0.05000000000000071,22.8,22.85,22.8,22.85,116.0,438.0,5657.0,2423.0,False
2884,2022-10-21 09:44:03.240352,-0.002188183807439903,-0.002188183807439903,-0.05000000000000071,-0.05000000000000071,22.8,22.85,22.8,22.85,116.0,438.0,5657.0,2423.0,False
2884,2022-10-21 09:44:03.321292,-0.002188183807439903,-0.002188183807439903,-0.05000000000000071,-0.05000000000000071,22.8,22.85,22.8,22.85,864.0,438.0,5657.0,2423.0,False
2884,2022-10-21 09:44:03.375802,-0.002188183807439903,-0.002188183807439903,-0.05000000000000071,-0.05000000000000071,22.8,22.85,22.8,22.85,891.0,438.0,5657.0,2423.0,False
2884,2022-10-21 09:44:03.690501,-0.002188183807439903,-0.002188183807439903,-0.05000000000000071,-0.05000000000000071,22.8,22.85,22.8,22.85,930.0,438.0,5657.0,2423.0,False
2884,2022-10-21 09:44:04.005645,-0.002188183807439903,-0.002188183807439903,-0.05000000000000071,-0.05000000000000071,22.8,22.85,22.8,22.85,931.0,438.0,5657.0,2423.0,False
2884,2022-10-21 09:44:04.214612,-0.002188183807439903,-0.002188183807439903,-0.05000000000000071,-0.05000000000000071,22.8,22.85,22.8,22.85,931.0,438.0,5657.0,2423.0,False
2884,2022-10-21 09:44:04.367033,-0.002188183807439903,-0.002188183807439903,-0.05000000000000071,-0.05000000000000071,22.8,22.85,22.8,22.85,931.0,438.0,5657.0,2423.0,False
2884,2022-10-21 09:44:04.405251,-0.002188183807439903,-0.002188183807439903,-0.05000000000000071,-0.05000000000000071,22.8,22.85,22.8,22.85,932.0,438.0,5657.0,2423.0,False
2884,2022-10-21 09:44:04.616323,-0.002188183807439903,-0.002188183807439903,-0.05000000000000071,-0.05000000000000071,22.8,22.85,22.8,22.85,932.0,438.0,5657.0,2423.0,False
2884,2022-10-21 09:44:05.333623,-0.002188183807439903,-0.002188183807439903,-0.05000000000000071,-0.05000000000000071,22.8,22.85,22.8,22.85,932.0,440.0,5657.0,2423.0,False
2884,2022-10-21 09:44:05.409008,-0.002188183807439903,-0.002188183807439903,-0.05000000000000071,-0.05000000000000071,22.8,22.85,22.8,22.85,933.0,440.0,5657.0,2423.0,False
2884,2022-10-21 09:44:06.361117,-0.002188183807439903,-0.002188183807439903,-0.05000000000000071,-0.05000000000000071,22.8,22.85,22.8,22.85,933.0,440.0,5657.0,2423.0,False
2884,2022-10-21 09:44:06.545847,-0.002188183807439903,-0.002188183807439903,-0.05000000000000071,-0.05000000000000071,22.8,22.85,22.8,22.85,933.0,440.0,5657.0,2423.0,False
2884,2022-10-21 09:44:06.553967,-0.002188183807439903,-0.002188183807439903,-0.05000000000000071,-0.05000000000000071,22.8,22.85,22.8,22.85,933.0,440.0,5657.0,2423.0,False
2884,2022-10-21 09:44:06.602804,-0.002188183807439903,-0.002188183807439903,-0.05000000000000071,-0.05000000000000071,22.8,22.85,22.8,22.85,933.0,437.0,5657.0,2423.0,False
2884,2022-10-21 09:44:06.605895,-0.002188183807439903,-0.002188183807439903,-0.05000000000000071,-0.05000000000000071,22.8,22.85,22.8,22.85,971.0,437.0,5657.0,2423.0,False
2884,2022-10-21 09:44:07.650224,-0.002188183807439903,-0.002188183807439903,-0.05000000000000071,-0.05000000000000071,22.8,22.85,22.8,22.85,975.0,437.0,5657.0,2423.0,False
2884,2022-10-21 09:44:08.141830,-0.002188183807439903,-0.002188183807439903,-0.05000000000000071,-0.05000000000000071,22.8,22.85,22.8,22.85,974.0,437.0,5657.0,2423.0,False
2884,2022-10-21 09:44:08.185669,-0.002188183807439903,-0.002188183807439903,-0.05000000000000071,-0.05000000000000071,22.8,22.85,22.8,22.85,974.0,437.0,5539.0,2423.0,True
2884,2022-10-21 09:44:09.137662,-0.002188183807439903,-0.002188183807439903,-0.05000000000000071,-0.05000000000000071,22.8,22.85,22.8,22.85,974.0,437.0,5539.0,2423.0,False
2884,2022-10-21 09:44:09.353664,-0.002188183807439903,-0.002188183807439903,-0.05000000000000071,-0.05000000000000071,22.8,22.85,22.8,22.85,974.0,437.0,5539.0,2423.0,False
2884,2022-10-21 09:44:09.393884,-0.002188183807439903,-0.002188183807439903,-0.05000000000000071,-0.05000000000000071,22.8,22.85,22.8,22.85,1021.0,437.0,5539.0,2423.0,False
2884,2022-10-21 09:44:10.002665,-0.002188183807439903,-0.002188183807439903,-0.05000000000000071,-0.05000000000000071,22.8,22.85,22.8,22.85,1024.0,437.0,5539.0,2423.0,False
2884,2022-10-21 09:44:10.638802,-0.002188183807439903,-0.002188183807439903,-0.05000000000000071,-0.05000000000000071,22.8,22.85,22.8,22.85,1024.0,437.0,5539.0,2423.0,False
2884,2022-10-21 09:44:10.741646,-0.002188183807439903,-0.002188183807439903,-0.05000000000000071,-0.05000000000000071,22.8,22.85,22.8,22.85,1024.0,437.0,5539.0,2423.0,False
2884,2022-10-21 09:44:11.537950,-0.002188183807439903,-0.002188183807439903,-0.05000000000000071,-0.05000000000000071,22.8,22.85,22.8,22.85,1024.0,438.0,5539.0,2423.0,False
2884,2022-10-21 09:44:13.135263,-0.002188183807439903,-0.002188183807439903,-0.05000000000000071,-0.05000000000000071,22.8,22.85,22.8,22.85,1024.0,438.0,5539.0,2423.0,False
2884,2022-10-21 09:44:13.737349,-0.002188183807439903,-0.002188183807439903,-0.05000000000000071,-0.05000000000000071,22.8,22.85,22.8,22.85,1024.0,439.0,5539.0,2423.0,False
2884,2022-10-21 09:44:13.876054,-0.002188183807439903,-0.002188183807439903,-0.05000000000000071,-0.05000000000000071,22.8,22.85,22.8,22.85,1025.0,439.0,5539.0,2423.0,False
2884,2022-10-21 09:44:14.212653,-0.002188183807439903,-0.002188183807439903,-0.05000000000000071,-0.05000000000000071,22.8,22.85,22.8,22.85,1026.0,439.0,5539.0,2423.0,False
2884,2022-10-21 09:44:15.257964,-0.002188183807439903,-0.002188183807439903,-0.05000000000000071,-0.05000000000000071,22.8,22.85,22.8,22.85,1028.0,439.0,5539.0,2423.0,False
2884,2022-10-21 09:44:16.069638,-0.002188183807439903,-0.002188183807439903,-0.05000000000000071,-0.05000000000000071,22.8,22.85,22.8,22.85,1031.0,439.0,5539.0,2423.0,False
2884,2022-10-21 09:44:16.905051,-0.002188183807439903,-0.002188183807439903,-0.05000000000000071,-0.05000000000000071,22.8,22.85,22.8,22.85,1032.0,439.0,5539.0,2423.0,False
2884,2022-10-21 09:44:16.998440,-0.002188183807439903,-0.002188183807439903,-0.05000000000000071,-0.05000000000000071,22.8,22.85,22.8,22.85,1034.0,439.0,5539.0,2423.0,False
2884,2022-10-21 09:44:17.563871,-0.002188183807439903,-0.002188183807439903,-0.05000000000000071,-0.05000000000000071,22.8,22.85,22.8,22.85,1033.0,439.0,5539.0,2423.0,False
2884,2022-10-21 09:44:18.224256,-0.002188183807439903,-0.002188183807439903,-0.05000000000000071,-0.05000000000000071,22.8,22.85,22.8,22.85,1033.0,439.0,5894.0,2423.0,True
2884,2022-10-21 09:44:18.224640,-0.002188183807439903,-0.002188183807439903,-0.05000000000000071,-0.05000000000000071,22.8,22.85,22.8,22.85,1033.0,439.0,5894.0,2423.0,False
2884,2022-10-21 09:44:19.147380,-0.002188183807439903,-0.002188183807439903,-0.05000000000000071,-0.05000000000000071,22.8,22.85,22.8,22.85,1033.0,439.0,5894.0,2423.0,False
