symbol,datetime,NaOb_r,NbOa_r,NaOb_s,NbOa_s,bid1,ask1,odd_bid1,odd_ask11,bidQty1,askQty1,odd_bidQty1,odd_ask1Qty1,triggerbyOdd
2890,2022-10-21 09:34:25.788786,0.0,-0.006211180124223725,0.0,-0.10000000000000142,16.0,16.05,16.05,16.1,126.0,342.0,1564.0,154.0,True
2890,2022-10-21 09:34:31.880918,0.0,-0.006211180124223725,0.0,-0.10000000000000142,16.0,16.05,16.05,16.1,127.0,342.0,1564.0,154.0,False
2890,2022-10-21 09:34:38.983717,0.0,-0.006211180124223725,0.0,-0.10000000000000142,16.0,16.05,16.05,16.1,127.0,337.0,1564.0,154.0,False
2890,2022-10-21 09:34:39.706480,0.0,-0.006211180124223725,0.0,-0.10000000000000142,16.0,16.05,16.05,16.1,127.0,337.0,1564.0,154.0,False
2890,2022-10-21 09:34:39.723101,0.0,-0.006211180124223725,0.0,-0.10000000000000142,16.0,16.05,16.05,16.1,127.0,337.0,1564.0,154.0,False
2890,2022-10-21 09:34:41.466681,0.0,-0.006211180124223725,0.0,-0.10000000000000142,16.0,16.05,16.05,16.1,127.0,337.0,1564.0,154.0,False
2890,2022-10-21 09:34:41.552546,0.0,-0.006211180124223725,0.0,-0.10000000000000142,16.0,16.05,16.05,16.1,127.0,339.0,1564.0,154.0,False
2890,2022-10-21 09:34:44.280317,0.0,-0.006211180124223725,0.0,-0.10000000000000142,16.0,16.05,16.05,16.1,127.0,339.0,1564.0,154.0,False
2890,2022-10-21 09:34:46.824077,0.0,-0.006211180124223725,0.0,-0.10000000000000142,16.0,16.05,16.05,16.1,127.0,339.0,1564.0,154.0,False
2890,2022-10-21 09:34:46.904209,0.0,-0.006211180124223725,0.0,-0.10000000000000142,16.0,16.05,16.05,16.1,128.0,339.0,1564.0,154.0,False
2890,2022-10-21 09:34:48.410187,0.0,-0.006211180124223725,0.0,-0.10000000000000142,16.0,16.05,16.05,16.1,130.0,339.0,1564.0,154.0,False
2890,2022-10-21 09:34:52.657033,0.0,-0.006211180124223725,0.0,-0.10000000000000142,16.0,16.05,16.05,16.1,130.0,339.0,1564.0,154.0,False
2890,2022-10-21 09:34:53.086004,0.0,-0.006211180124223725,0.0,-0.10000000000000142,16.0,16.05,16.05,16.1,130.0,340.0,1564.0,154.0,False
2890,2022-10-21 09:34:53.761608,0.0,-0.006211180124223725,0.0,-0.10000000000000142,16.0,16.05,16.05,16.1,130.0,340.0,1564.0,154.0,False
2890,2022-10-21 09:35:06.032970,0.0,-0.006211180124223725,0.0,-0.10000000000000142,16.0,16.05,16.05,16.1,130.0,340.0,1564.0,154.0,True
2890,2022-10-21 09:35:08.075671,0.0,-0.006211180124223725,0.0,-0.10000000000000142,16.0,16.05,16.05,16.1,130.0,340.0,1564.0,154.0,False
2890,2022-10-21 09:35:09.721958,0.0,-0.006211180124223725,0.0,-0.10000000000000142,16.0,16.05,16.05,16.1,130.0,340.0,1564.0,154.0,False
2890,2022-10-21 09:35:14.101936,0.0,-0.006211180124223725,0.0,-0.10000000000000142,16.0,16.05,16.05,16.1,128.0,340.0,1564.0,154.0,False
2890,2022-10-21 09:35:16.044618,0.0,-0.006211180124223725,0.0,-0.10000000000000142,16.0,16.05,16.05,16.1,128.0,340.0,1576.0,146.0,True
2890,2022-10-21 09:35:22.411185,0.0,-0.006211180124223725,0.0,-0.10000000000000142,16.0,16.05,16.05,16.1,131.0,340.0,1576.0,146.0,False
2890,2022-10-21 09:35:22.413111,0.0,-0.006211180124223725,0.0,-0.10000000000000142,16.0,16.05,16.05,16.1,131.0,340.0,1576.0,146.0,False
2890,2022-10-21 09:35:26.064236,0.0,-0.006211180124223725,0.0,-0.10000000000000142,16.0,16.05,16.05,16.1,131.0,340.0,1676.0,146.0,True
2890,2022-10-21 09:35:26.220841,0.0,-0.006211180124223725,0.0,-0.10000000000000142,16.0,16.05,16.05,16.1,130.0,340.0,1676.0,146.0,False
2890,2022-10-21 09:35:27.578489,0.0,-0.006211180124223725,0.0,-0.10000000000000142,16.0,16.05,16.05,16.1,131.0,340.0,1676.0,146.0,False
2890,2022-10-21 09:35:30.338249,0.0,-0.006211180124223725,0.0,-0.10000000000000142,16.0,16.05,16.05,16.1,131.0,340.0,1676.0,146.0,False
2890,2022-10-21 09:35:33.758147,0.0,-0.006211180124223725,0.0,-0.10000000000000142,16.0,16.05,16.05,16.1,131.0,340.0,1676.0,146.0,False
2890,2022-10-21 09:35:34.893536,0.0,-0.006211180124223725,0.0,-0.10000000000000142,16.0,16.05,16.05,16.1,131.0,339.0,1676.0,146.0,False
2890,2022-10-21 09:35:36.088464,0.0,-0.006211180124223725,0.0,-0.10000000000000142,16.0,16.05,16.05,16.1,131.0,339.0,1676.0,296.0,True
2890,2022-10-21 09:35:42.301231,0.0,-0.006211180124223725,0.0,-0.10000000000000142,16.0,16.05,16.05,16.1,131.0,339.0,1676.0,296.0,False
2890,2022-10-21 09:35:43.254074,0.0,-0.006211180124223725,0.0,-0.10000000000000142,16.0,16.05,16.05,16.1,132.0,339.0,1676.0,296.0,False
2890,2022-10-21 09:35:43.877213,0.0,-0.006211180124223725,0.0,-0.10000000000000142,16.0,16.05,16.05,16.1,132.0,339.0,1676.0,296.0,False
2890,2022-10-21 09:35:44.206201,0.0,-0.006211180124223725,0.0,-0.10000000000000142,16.0,16.05,16.05,16.1,132.0,339.0,1676.0,296.0,False
2890,2022-10-21 09:35:44.368154,0.0,-0.006211180124223725,0.0,-0.10000000000000142,16.0,16.05,16.05,16.1,132.0,339.0,1676.0,296.0,False
2890,2022-10-21 09:35:46.117049,0.0,-0.006211180124223725,0.0,-0.10000000000000142,16.0,16.05,16.05,16.1,132.0,339.0,1676.0,350.0,True
2890,2022-10-21 09:35:51.756747,0.0,-0.006211180124223725,0.0,-0.10000000000000142,16.0,16.05,16.05,16.1,132.0,339.0,1676.0,350.0,False
2890,2022-10-21 09:35:54.812643,0.0,-0.006211180124223725,0.0,-0.10000000000000142,16.0,16.05,16.05,16.1,157.0,339.0,1676.0,350.0,False
2890,2022-10-21 09:35:56.154384,0.0,-0.006211180124223725,0.0,-0.10000000000000142,16.0,16.05,16.05,16.1,157.0,339.0,1676.0,350.0,True
2890,2022-10-21 09:35:59.317121,0.0,-0.006211180124223725,0.0,-0.10000000000000142,16.0,16.05,16.05,16.1,158.0,339.0,1676.0,350.0,False
2890,2022-10-21 09:36:06.189584,0.0,-0.006211180124223725,0.0,-0.10000000000000142,16.0,16.05,16.05,16.1,158.0,339.0,1676.0,350.0,True
2890,2022-10-21 09:36:07.043025,0.0,-0.006211180124223725,0.0,-0.10000000000000142,16.0,16.05,16.05,16.1,158.0,339.0,1676.0,350.0,False
2890,2022-10-21 09:36:09.440850,0.0,-0.006211180124223725,0.0,-0.10000000000000142,16.0,16.05,16.05,16.1,157.0,339.0,1676.0,350.0,False
2890,2022-10-21 09:36:13.767645,0.0,-0.006211180124223725,0.0,-0.10000000000000142,16.0,16.05,16.05,16.1,157.0,339.0,1676.0,350.0,False
2890,2022-10-21 09:36:16.224656,0.0,-0.006211180124223725,0.0,-0.10000000000000142,16.0,16.05,16.05,16.1,157.0,339.0,1696.0,350.0,True
2890,2022-10-21 09:36:18.725363,0.0,-0.006211180124223725,0.0,-0.10000000000000142,16.0,16.05,16.05,16.1,157.0,340.0,1696.0,350.0,False
2890,2022-10-21 09:36:20.038341,0.0,-0.006211180124223725,0.0,-0.10000000000000142,16.0,16.05,16.05,16.1,156.0,340.0,1696.0,350.0,False
2890,2022-10-21 09:36:21.473716,0.0,-0.006211180124223725,0.0,-0.10000000000000142,16.0,16.05,16.05,16.1,156.0,339.0,1696.0,350.0,False
2890,2022-10-21 09:36:24.083432,0.0,-0.006211180124223725,0.0,-0.10000000000000142,16.0,16.05,16.05,16.1,156.0,337.0,1696.0,350.0,False
2890,2022-10-21 09:36:24.085874,0.0,-0.006211180124223725,0.0,-0.10000000000000142,16.0,16.05,16.05,16.1,156.0,337.0,1696.0,350.0,False
2890,2022-10-21 09:36:24.177070,0.0,-0.006211180124223725,0.0,-0.10000000000000142,16.0,16.05,16.05,16.1,156.0,340.0,1696.0,350.0,False
2890,2022-10-21 09:36:26.260558,0.0,-0.006211180124223725,0.0,-0.10000000000000142,16.0,16.05,16.05,16.1,156.0,340.0,1796.0,350.0,True
2890,2022-10-21 09:36:31.628716,0.0,-0.006211180124223725,0.0,-0.10000000000000142,16.0,16.05,16.05,16.1,156.0,340.0,1796.0,350.0,False
2890,2022-10-21 09:36:31.655723,0.0,-0.006211180124223725,0.0,-0.10000000000000142,16.0,16.05,16.05,16.1,160.0,340.0,1796.0,350.0,False
2890,2022-10-21 09:36:32.233996,0.0,-0.006211180124223725,0.0,-0.10000000000000142,16.0,16.05,16.05,16.1,160.0,341.0,1796.0,350.0,False
2890,2022-10-21 09:36:34.335159,0.0,-0.006211180124223725,0.0,-0.10000000000000142,16.0,16.05,16.05,16.1,160.0,340.0,1796.0,350.0,False
2890,2022-10-21 09:36:36.290580,0.0,-0.006211180124223725,0.0,-0.10000000000000142,16.0,16.05,16.05,16.1,160.0,340.0,1796.0,320.0,True
2890,2022-10-21 09:36:40.263542,0.0,-0.006211180124223725,0.0,-0.10000000000000142,16.0,16.05,16.05,16.1,160.0,340.0,1796.0,320.0,False
2890,2022-10-21 09:36:41.871938,0.0,-0.006211180124223725,0.0,-0.10000000000000142,16.0,16.05,16.05,16.1,160.0,340.0,1796.0,320.0,False
2890,2022-10-21 09:36:42.337831,0.0,-0.006211180124223725,0.0,-0.10000000000000142,16.0,16.05,16.05,16.1,161.0,340.0,1796.0,320.0,False
2890,2022-10-21 09:36:43.139580,0.0,-0.006211180124223725,0.0,-0.10000000000000142,16.0,16.05,16.05,16.1,161.0,338.0,1796.0,320.0,False
2890,2022-10-21 09:36:44.560537,0.0,-0.006211180124223725,0.0,-0.10000000000000142,16.0,16.05,16.05,16.1,161.0,333.0,1796.0,320.0,False
2890,2022-10-21 09:36:44.600884,0.0,-0.006211180124223725,0.0,-0.10000000000000142,16.0,16.05,16.05,16.1,161.0,334.0,1796.0,320.0,False
2890,2022-10-21 09:36:46.327776,0.0,-0.006211180124223725,0.0,-0.10000000000000142,16.0,16.05,16.05,16.1,161.0,334.0,1796.0,350.0,True
2890,2022-10-21 09:36:47.980860,0.0,-0.006211180124223725,0.0,-0.10000000000000142,16.0,16.05,16.05,16.1,169.0,334.0,1796.0,350.0,False
2890,2022-10-21 09:36:54.743247,0.0,-0.006211180124223725,0.0,-0.10000000000000142,16.0,16.05,16.05,16.1,170.0,334.0,1796.0,350.0,False
2890,2022-10-21 09:36:59.435741,0.0,-0.006211180124223725,0.0,-0.10000000000000142,16.0,16.05,16.05,16.1,170.0,335.0,1796.0,350.0,False
2890,2022-10-21 09:36:59.672852,0.0,-0.006211180124223725,0.0,-0.10000000000000142,16.0,16.05,16.05,16.1,170.0,335.0,1796.0,350.0,False
2890,2022-10-21 09:37:01.547807,0.0,-0.006211180124223725,0.0,-0.10000000000000142,16.0,16.05,16.05,16.1,169.0,335.0,1796.0,350.0,False
2890,2022-10-21 09:37:05.801523,0.0,-0.006211180124223725,0.0,-0.10000000000000142,16.0,16.05,16.05,16.1,169.0,335.0,1796.0,350.0,True
2890,2022-10-21 09:37:13.622177,0.0,-0.006211180124223725,0.0,-0.10000000000000142,16.0,16.05,16.05,16.1,169.0,335.0,1796.0,350.0,False
2890,2022-10-21 09:37:15.233217,0.0,-0.006211180124223725,0.0,-0.10000000000000142,16.0,16.05,16.05,16.1,169.0,335.0,1796.0,350.0,False
2890,2022-10-21 09:37:15.830706,0.0,-0.006211180124223725,0.0,-0.10000000000000142,16.0,16.05,16.05,16.1,169.0,335.0,1796.0,350.0,True
2890,2022-10-21 09:37:19.392455,0.0,-0.006211180124223725,0.0,-0.10000000000000142,16.0,16.05,16.05,16.1,162.0,335.0,1796.0,350.0,False
2890,2022-10-21 09:37:24.152954,0.0,-0.006211180124223725,0.0,-0.10000000000000142,16.0,16.05,16.05,16.1,162.0,335.0,1796.0,350.0,False
2890,2022-10-21 09:37:25.430812,0.0,-0.006211180124223725,0.0,-0.10000000000000142,16.0,16.05,16.05,16.1,162.0,335.0,1796.0,350.0,False
2890,2022-10-21 09:37:25.859705,0.0,-0.006211180124223725,0.0,-0.10000000000000142,16.0,16.05,16.05,16.1,162.0,335.0,2296.0,340.0,True
2890,2022-10-21 09:37:28.065678,0.0,-0.006211180124223725,0.0,-0.10000000000000142,16.0,16.05,16.05,16.1,166.0,335.0,2296.0,340.0,False
2890,2022-10-21 09:37:33.366748,0.0,-0.006211180124223725,0.0,-0.10000000000000142,16.0,16.05,16.05,16.1,165.0,335.0,2296.0,340.0,False
2890,2022-10-21 09:37:34.195320,0.0,-0.006211180124223725,0.0,-0.10000000000000142,16.0,16.05,16.05,16.1,166.0,335.0,2296.0,340.0,False
2890,2022-10-21 09:37:34.313654,0.0,-0.006211180124223725,0.0,-0.10000000000000142,16.0,16.05,16.05,16.1,167.0,335.0,2296.0,340.0,False
2890,2022-10-21 09:37:35.896478,0.0,-0.006211180124223725,0.0,-0.10000000000000142,16.0,16.05,16.05,16.1,167.0,335.0,2296.0,340.0,True
2890,2022-10-21 09:37:43.126101,0.0,-0.006211180124223725,0.0,-0.10000000000000142,16.0,16.05,16.05,16.1,167.0,335.0,2296.0,340.0,False
2890,2022-10-21 09:37:44.045259,0.0,-0.006211180124223725,0.0,-0.10000000000000142,16.0,16.05,16.05,16.1,167.0,332.0,2296.0,340.0,False
2890,2022-10-21 09:37:44.048189,0.0,-0.006211180124223725,0.0,-0.10000000000000142,16.0,16.05,16.05,16.1,167.0,332.0,2296.0,340.0,False
2890,2022-10-21 09:37:44.132225,0.0,-0.006211180124223725,0.0,-0.10000000000000142,16.0,16.05,16.05,16.1,167.0,336.0,2296.0,340.0,False
2890,2022-10-21 09:37:45.926320,0.0,-0.006211180124223725,0.0,-0.10000000000000142,16.0,16.05,16.05,16.1,167.0,336.0,2296.0,340.0,True
2890,2022-10-21 09:37:55.959027,0.0,-0.006211180124223725,0.0,-0.10000000000000142,16.0,16.05,16.05,16.1,167.0,336.0,1803.0,350.0,True
2890,2022-10-21 09:38:03.514349,0.0,-0.006211180124223725,0.0,-0.10000000000000142,16.0,16.05,16.05,16.1,167.0,336.0,1803.0,350.0,False
2890,2022-10-21 09:38:03.792890,0.0,-0.006211180124223725,0.0,-0.10000000000000142,16.0,16.05,16.05,16.1,166.0,336.0,1803.0,350.0,False
2890,2022-10-21 09:38:04.927675,0.0,-0.006211180124223725,0.0,-0.10000000000000142,16.0,16.05,16.05,16.1,156.0,326.0,1803.0,350.0,False
2890,2022-10-21 09:38:06.000691,0.0,-0.006211180124223725,0.0,-0.10000000000000142,16.0,16.05,16.05,16.1,156.0,326.0,1880.0,350.0,True
2890,2022-10-21 09:38:09.129711,0.0,-0.006211180124223725,0.0,-0.10000000000000142,16.0,16.05,16.05,16.1,156.0,326.0,1880.0,350.0,False
2890,2022-10-21 09:38:11.490143,0.0,-0.006211180124223725,0.0,-0.10000000000000142,16.0,16.05,16.05,16.1,156.0,326.0,1880.0,350.0,False
2890,2022-10-21 09:38:13.525602,0.0,-0.006211180124223725,0.0,-0.10000000000000142,16.0,16.05,16.05,16.1,191.0,326.0,1880.0,350.0,False
2890,2022-10-21 09:38:16.028720,0.0,-0.006211180124223725,0.0,-0.10000000000000142,16.0,16.05,16.05,16.1,191.0,326.0,1880.0,350.0,True
2890,2022-10-21 09:38:23.941425,0.0,-0.006211180124223725,0.0,-0.10000000000000142,16.0,16.05,16.05,16.1,191.0,326.0,1880.0,350.0,False
2890,2022-10-21 09:38:24.691525,0.0,-0.006211180124223725,0.0,-0.10000000000000142,16.0,16.05,16.05,16.1,191.0,326.0,1880.0,350.0,False
2890,2022-10-21 09:38:26.059919,0.0,-0.006211180124223725,0.0,-0.10000000000000142,16.0,16.05,16.05,16.1,191.0,326.0,1930.0,350.0,True
2890,2022-10-21 09:38:27.281069,0.0,-0.006211180124223725,0.0,-0.10000000000000142,16.0,16.05,16.05,16.1,181.0,316.0,1930.0,350.0,False
2890,2022-10-21 09:38:27.581627,0.0,-0.006211180124223725,0.0,-0.10000000000000142,16.0,16.05,16.05,16.1,181.0,315.0,1930.0,350.0,False
2890,2022-10-21 09:38:27.583144,0.0,-0.006211180124223725,0.0,-0.10000000000000142,16.0,16.05,16.05,16.1,181.0,314.0,1930.0,350.0,False
2890,2022-10-21 09:38:28.461982,0.0,-0.006211180124223725,0.0,-0.10000000000000142,16.0,16.05,16.05,16.1,183.0,314.0,1930.0,350.0,False
2890,2022-10-21 09:38:29.650892,0.0,-0.006211180124223725,0.0,-0.10000000000000142,16.0,16.05,16.05,16.1,182.0,314.0,1930.0,350.0,False
2890,2022-10-21 09:38:31.521355,0.0,-0.006211180124223725,0.0,-0.10000000000000142,16.0,16.05,16.05,16.1,181.0,314.0,1930.0,350.0,False
2890,2022-10-21 09:38:36.096131,0.0,-0.006211180124223725,0.0,-0.10000000000000142,16.0,16.05,16.05,16.1,181.0,314.0,1930.0,350.0,True
2890,2022-10-21 09:38:37.025460,0.0,-0.006211180124223725,0.0,-0.10000000000000142,16.0,16.05,16.05,16.1,181.0,314.0,1930.0,350.0,False
2890,2022-10-21 09:38:40.383845,0.0,-0.006211180124223725,0.0,-0.10000000000000142,16.0,16.05,16.05,16.1,181.0,314.0,1930.0,350.0,False
2890,2022-10-21 09:38:46.129312,0.0,-0.006211180124223725,0.0,-0.10000000000000142,16.0,16.05,16.05,16.1,181.0,314.0,1929.0,350.0,True
2890,2022-10-21 09:38:51.607783,0.0,-0.006211180124223725,0.0,-0.10000000000000142,16.0,16.05,16.05,16.1,182.0,314.0,1929.0,350.0,False
2890,2022-10-21 09:38:56.160476,0.0,-0.006211180124223725,0.0,-0.10000000000000142,16.0,16.05,16.05,16.1,182.0,314.0,1929.0,350.0,True
2890,2022-10-21 09:38:58.764287,0.0,-0.006211180124223725,0.0,-0.10000000000000142,16.0,16.05,16.05,16.1,183.0,314.0,1929.0,350.0,False
2890,2022-10-21 09:39:02.131100,0.0,-0.006211180124223725,0.0,-0.10000000000000142,16.0,16.05,16.05,16.1,183.0,314.0,1929.0,350.0,False
2890,2022-10-21 09:39:03.093516,0.0,-0.006211180124223725,0.0,-0.10000000000000142,16.0,16.05,16.05,16.1,183.0,314.0,1929.0,350.0,False
2890,2022-10-21 09:39:03.150584,0.0,-0.006211180124223725,0.0,-0.10000000000000142,16.0,16.05,16.05,16.1,183.0,314.0,1929.0,350.0,False
2890,2022-10-21 09:39:04.101579,0.0,-0.006211180124223725,0.0,-0.10000000000000142,16.0,16.05,16.05,16.1,183.0,314.0,1929.0,350.0,False
2890,2022-10-21 09:39:04.208119,0.0,-0.006211180124223725,0.0,-0.10000000000000142,16.0,16.05,16.05,16.1,183.0,316.0,1929.0,350.0,False
2890,2022-10-21 09:39:05.896843,0.0,-0.006211180124223725,0.0,-0.10000000000000142,16.0,16.05,16.05,16.1,185.0,316.0,1929.0,350.0,False
2890,2022-10-21 09:39:06.194792,0.0,-0.006211180124223725,0.0,-0.10000000000000142,16.0,16.05,16.05,16.1,185.0,316.0,1929.0,350.0,True
2890,2022-10-21 09:39:07.411897,0.0,-0.006211180124223725,0.0,-0.10000000000000142,16.0,16.05,16.05,16.1,185.0,316.0,1929.0,350.0,False
2890,2022-10-21 09:39:09.372399,0.0,-0.006211180124223725,0.0,-0.10000000000000142,16.0,16.05,16.05,16.1,185.0,317.0,1929.0,350.0,False
2890,2022-10-21 09:39:12.591115,0.0,-0.006211180124223725,0.0,-0.10000000000000142,16.0,16.05,16.05,16.1,195.0,317.0,1929.0,350.0,False
2890,2022-10-21 09:39:14.008996,0.0,-0.006211180124223725,0.0,-0.10000000000000142,16.0,16.05,16.05,16.1,195.0,322.0,1929.0,350.0,False
2890,2022-10-21 09:39:16.226836,0.0,-0.006211180124223725,0.0,-0.10000000000000142,16.0,16.05,16.05,16.1,195.0,322.0,1873.0,350.0,True
2890,2022-10-21 09:39:16.436907,0.0,-0.006211180124223725,0.0,-0.10000000000000142,16.0,16.05,16.05,16.1,196.0,322.0,1873.0,350.0,False
2890,2022-10-21 09:39:18.874508,0.0,-0.006211180124223725,0.0,-0.10000000000000142,16.0,16.05,16.05,16.1,197.0,322.0,1873.0,350.0,False
2890,2022-10-21 09:39:21.318920,0.0,-0.006211180124223725,0.0,-0.10000000000000142,16.0,16.05,16.05,16.1,197.0,324.0,1873.0,350.0,False
2890,2022-10-21 09:39:23.427481,0.0,-0.006211180124223725,0.0,-0.10000000000000142,16.0,16.05,16.05,16.1,162.0,324.0,1873.0,350.0,False
2890,2022-10-21 09:39:24.015052,0.0,-0.006211180124223725,0.0,-0.10000000000000142,16.0,16.05,16.05,16.1,162.0,321.0,1873.0,350.0,False
2890,2022-10-21 09:39:24.018046,0.0,-0.006211180124223725,0.0,-0.10000000000000142,16.0,16.05,16.05,16.1,162.0,321.0,1873.0,350.0,False
2890,2022-10-21 09:39:24.110559,0.0,-0.006211180124223725,0.0,-0.10000000000000142,16.0,16.05,16.05,16.1,162.0,325.0,1873.0,350.0,False
2890,2022-10-21 09:39:26.162983,0.0,-0.006211180124223725,0.0,-0.10000000000000142,16.0,16.05,16.05,16.1,167.0,325.0,1873.0,350.0,False
2890,2022-10-21 09:39:26.264141,0.0,-0.006211180124223725,0.0,-0.10000000000000142,16.0,16.05,16.05,16.1,167.0,325.0,1881.0,350.0,True
2890,2022-10-21 09:39:27.282489,0.0,-0.006211180124223725,0.0,-0.10000000000000142,16.0,16.05,16.05,16.1,167.0,325.0,1881.0,350.0,False
2890,2022-10-21 09:39:32.315986,0.0,-0.006211180124223725,0.0,-0.10000000000000142,16.0,16.05,16.05,16.1,167.0,325.0,1881.0,350.0,False
2890,2022-10-21 09:39:32.670887,0.0,-0.006211180124223725,0.0,-0.10000000000000142,16.0,16.05,16.05,16.1,167.0,325.0,1881.0,350.0,False
2890,2022-10-21 09:39:36.865115,0.0,-0.006211180124223725,0.0,-0.10000000000000142,16.0,16.05,16.05,16.1,167.0,349.0,1881.0,350.0,False
2890,2022-10-21 09:39:40.173429,0.0,-0.006211180124223725,0.0,-0.10000000000000142,16.0,16.05,16.05,16.1,168.0,349.0,1881.0,350.0,False
2890,2022-10-21 09:39:46.340021,0.0,-0.006211180124223725,0.0,-0.10000000000000142,16.0,16.05,16.05,16.1,168.0,349.0,1881.0,350.0,True
2890,2022-10-21 09:39:48.256596,0.0,-0.006211180124223725,0.0,-0.10000000000000142,16.0,16.05,16.05,16.1,168.0,349.0,1881.0,350.0,False
2890,2022-10-21 09:39:49.539021,0.0,-0.006211180124223725,0.0,-0.10000000000000142,16.0,16.05,16.05,16.1,168.0,349.0,1881.0,350.0,False
2890,2022-10-21 09:39:51.406745,0.0,-0.006211180124223725,0.0,-0.10000000000000142,16.0,16.05,16.05,16.1,168.0,349.0,1881.0,350.0,False
2890,2022-10-21 09:39:53.019778,0.0,-0.006211180124223725,0.0,-0.10000000000000142,16.0,16.05,16.05,16.1,168.0,349.0,1881.0,350.0,False
2890,2022-10-21 09:39:55.038975,0.0,-0.006211180124223725,0.0,-0.10000000000000142,16.0,16.05,16.05,16.1,167.0,349.0,1881.0,350.0,False
2890,2022-10-21 09:39:57.679229,0.0,-0.006211180124223725,0.0,-0.10000000000000142,16.0,16.05,16.05,16.1,167.0,351.0,1881.0,350.0,False
2890,2022-10-21 09:39:57.716242,0.0,-0.006211180124223725,0.0,-0.10000000000000142,16.0,16.05,16.05,16.1,167.0,352.0,1881.0,350.0,False
2890,2022-10-21 09:40:02.770069,0.0,-0.006211180124223725,0.0,-0.10000000000000142,16.0,16.05,16.05,16.1,172.0,352.0,1881.0,350.0,False
2890,2022-10-21 09:40:05.924639,0.0,-0.006211180124223725,0.0,-0.10000000000000142,16.0,16.05,16.05,16.1,172.0,352.0,1881.0,350.0,True
2890,2022-10-21 09:40:06.252647,0.0,-0.006211180124223725,0.0,-0.10000000000000142,16.0,16.05,16.05,16.1,174.0,352.0,1881.0,350.0,False
2890,2022-10-21 09:40:08.409556,0.0,-0.006211180124223725,0.0,-0.10000000000000142,16.0,16.05,16.05,16.1,174.0,352.0,1881.0,350.0,False
2890,2022-10-21 09:40:12.379704,0.0,-0.006211180124223725,0.0,-0.10000000000000142,16.0,16.05,16.05,16.1,194.0,352.0,1881.0,350.0,False
2890,2022-10-21 09:40:13.941061,0.0,-0.006211180124223725,0.0,-0.10000000000000142,16.0,16.05,16.05,16.1,194.0,349.0,1881.0,350.0,False
2890,2022-10-21 09:40:14.645603,0.0,-0.006211180124223725,0.0,-0.10000000000000142,16.0,16.05,16.05,16.1,194.0,349.0,1881.0,350.0,False
2890,2022-10-21 09:40:15.342614,0.0,-0.006211180124223725,0.0,-0.10000000000000142,16.0,16.05,16.05,16.1,194.0,349.0,1881.0,350.0,False
2890,2022-10-21 09:40:15.984468,0.0,-0.006211180124223725,0.0,-0.10000000000000142,16.0,16.05,16.05,16.1,194.0,349.0,1881.0,350.0,True
2890,2022-10-21 09:40:21.213701,0.0,-0.006211180124223725,0.0,-0.10000000000000142,16.0,16.05,16.05,16.1,194.0,349.0,1881.0,350.0,False
2890,2022-10-21 09:40:22.212948,0.0,-0.006211180124223725,0.0,-0.10000000000000142,16.0,16.05,16.05,16.1,194.0,349.0,1881.0,350.0,False
2890,2022-10-21 09:40:26.040288,0.0,-0.006211180124223725,0.0,-0.10000000000000142,16.0,16.05,16.05,16.1,194.0,349.0,1881.0,350.0,True
2890,2022-10-21 09:40:38.842277,0.0,-0.006211180124223725,0.0,-0.10000000000000142,16.0,16.05,16.05,16.1,194.0,349.0,1881.0,350.0,False
2890,2022-10-21 09:40:42.009522,0.0,-0.006211180124223725,0.0,-0.10000000000000142,16.0,16.05,16.05,16.1,152.0,349.0,1881.0,350.0,False
2890,2022-10-21 09:40:43.077589,0.0,-0.006211180124223725,0.0,-0.10000000000000142,16.0,16.05,16.05,16.1,152.0,359.0,1881.0,350.0,False
2890,2022-10-21 09:40:44.261324,0.0,-0.006211180124223725,0.0,-0.10000000000000142,16.0,16.05,16.05,16.1,152.0,359.0,1881.0,350.0,False
2890,2022-10-21 09:40:44.321072,0.0,-0.006211180124223725,0.0,-0.10000000000000142,16.0,16.05,16.05,16.1,152.0,359.0,1881.0,350.0,False
2890,2022-10-21 09:40:46.128578,0.0,-0.006211180124223725,0.0,-0.10000000000000142,16.0,16.05,16.05,16.1,152.0,359.0,2419.0,350.0,True
2890,2022-10-21 09:40:48.742746,0.0,-0.006211180124223725,0.0,-0.10000000000000142,16.0,16.05,16.05,16.1,155.0,359.0,2419.0,350.0,False
2890,2022-10-21 09:40:52.858872,0.0,-0.006211180124223725,0.0,-0.10000000000000142,16.0,16.05,16.05,16.1,155.0,359.0,2419.0,350.0,False
2890,2022-10-21 09:40:57.916815,0.0,-0.006211180124223725,0.0,-0.10000000000000142,16.0,16.05,16.05,16.1,145.0,349.0,2419.0,350.0,False
2890,2022-10-21 09:40:58.625729,0.0,-0.006211180124223725,0.0,-0.10000000000000142,16.0,16.05,16.05,16.1,150.0,349.0,2419.0,350.0,False
2890,2022-10-21 09:40:58.980539,0.0,-0.006211180124223725,0.0,-0.10000000000000142,16.0,16.05,16.05,16.1,151.0,349.0,2419.0,350.0,False
2890,2022-10-21 09:41:03.013233,0.0,-0.006211180124223725,0.0,-0.10000000000000142,16.0,16.05,16.05,16.1,157.0,349.0,2419.0,350.0,False
2890,2022-10-21 09:41:06.206496,0.0,-0.006211180124223725,0.0,-0.10000000000000142,16.0,16.05,16.05,16.1,157.0,349.0,2669.0,350.0,True
2890,2022-10-21 09:41:18.883400,0.0,-0.006211180124223725,0.0,-0.10000000000000142,16.0,16.05,16.05,16.1,157.0,349.0,2669.0,350.0,False
2890,2022-10-21 09:41:19.552497,0.0,-0.006211180124223725,0.0,-0.10000000000000142,16.0,16.05,16.05,16.1,157.0,350.0,2669.0,350.0,False
2890,2022-10-21 09:41:22.445241,0.0,-0.006211180124223725,0.0,-0.10000000000000142,16.0,16.05,16.05,16.1,153.0,350.0,2669.0,350.0,False
2890,2022-10-21 09:41:24.182697,0.0,-0.006211180124223725,0.0,-0.10000000000000142,16.0,16.05,16.05,16.1,153.0,346.0,2669.0,350.0,False
2890,2022-10-21 09:41:24.185952,0.0,-0.006211180124223725,0.0,-0.10000000000000142,16.0,16.05,16.05,16.1,153.0,346.0,2669.0,350.0,False
2890,2022-10-21 09:41:24.278748,0.0,-0.006211180124223725,0.0,-0.10000000000000142,16.0,16.05,16.05,16.1,153.0,351.0,2669.0,350.0,False
2890,2022-10-21 09:41:25.263592,0.0,-0.006211180124223725,0.0,-0.10000000000000142,16.0,16.05,16.05,16.1,158.0,351.0,2669.0,350.0,False
2890,2022-10-21 09:41:26.218445,0.0,-0.006211180124223725,0.0,-0.10000000000000142,16.0,16.05,16.05,16.1,158.0,351.0,2669.0,350.0,False
2890,2022-10-21 09:41:27.331078,0.0,-0.006211180124223725,0.0,-0.10000000000000142,16.0,16.05,16.05,16.1,159.0,351.0,2669.0,350.0,False
2890,2022-10-21 09:41:28.749269,0.0,-0.006211180124223725,0.0,-0.10000000000000142,16.0,16.05,16.05,16.1,159.0,352.0,2669.0,350.0,False
2890,2022-10-21 09:41:28.967480,0.0,-0.006211180124223725,0.0,-0.10000000000000142,16.0,16.05,16.05,16.1,159.0,357.0,2669.0,350.0,False
2890,2022-10-21 09:41:30.978403,0.0,-0.006211180124223725,0.0,-0.10000000000000142,16.0,16.05,16.05,16.1,158.0,356.0,2669.0,350.0,False
2890,2022-10-21 09:41:31.520924,0.0,-0.006211180124223725,0.0,-0.10000000000000142,16.0,16.05,16.05,16.1,158.0,356.0,2669.0,350.0,False
2890,2022-10-21 09:41:34.957878,0.0,-0.006211180124223725,0.0,-0.10000000000000142,16.0,16.05,16.05,16.1,158.0,356.0,2669.0,350.0,False
2890,2022-10-21 09:41:36.347686,0.0,-0.006211180124223725,0.0,-0.10000000000000142,16.0,16.05,16.05,16.1,158.0,356.0,2669.0,350.0,True
2890,2022-10-21 09:41:40.349934,0.0,-0.006211180124223725,0.0,-0.10000000000000142,16.0,16.05,16.05,16.1,163.0,356.0,2669.0,350.0,False
2890,2022-10-21 09:41:46.386793,0.0,-0.006211180124223725,0.0,-0.10000000000000142,16.0,16.05,16.05,16.1,163.0,356.0,2669.0,350.0,True
2890,2022-10-21 09:41:46.504024,0.0,-0.006211180124223725,0.0,-0.10000000000000142,16.0,16.05,16.05,16.1,168.0,356.0,2669.0,350.0,False
2890,2022-10-21 09:41:56.429029,0.0,-0.006211180124223725,0.0,-0.10000000000000142,16.0,16.05,16.05,16.1,168.0,356.0,2669.0,343.0,True
2890,2022-10-21 09:41:58.911945,0.0,-0.006211180124223725,0.0,-0.10000000000000142,16.0,16.05,16.05,16.1,168.0,356.0,2669.0,343.0,False
2890,2022-10-21 09:42:01.794905,0.0,-0.006211180124223725,0.0,-0.10000000000000142,16.0,16.05,16.05,16.1,168.0,357.0,2669.0,343.0,False
2890,2022-10-21 09:42:05.943709,0.0,-0.006211180124223725,0.0,-0.10000000000000142,16.0,16.05,16.05,16.1,229.0,357.0,2669.0,343.0,False
2890,2022-10-21 09:42:06.288745,0.0,-0.006211180124223725,0.0,-0.10000000000000142,16.0,16.05,16.05,16.1,236.0,357.0,2669.0,343.0,False
2890,2022-10-21 09:42:06.474313,0.0,-0.006211180124223725,0.0,-0.10000000000000142,16.0,16.05,16.05,16.1,236.0,357.0,2600.0,350.0,True
2890,2022-10-21 09:42:07.734570,0.0,-0.006211180124223725,0.0,-0.10000000000000142,16.0,16.05,16.05,16.1,236.0,357.0,2600.0,350.0,False
2890,2022-10-21 09:42:10.961894,0.0,-0.006211180124223725,0.0,-0.10000000000000142,16.0,16.05,16.05,16.1,237.0,357.0,2600.0,350.0,False
2890,2022-10-21 09:42:14.167199,0.0,-0.006211180124223725,0.0,-0.10000000000000142,16.0,16.05,16.05,16.1,237.0,357.0,2600.0,350.0,False
2890,2022-10-21 09:42:16.516531,0.0,-0.006211180124223725,0.0,-0.10000000000000142,16.0,16.05,16.05,16.1,237.0,357.0,2600.0,350.0,True
2890,2022-10-21 09:42:17.016460,0.0,-0.006211180124223725,0.0,-0.10000000000000142,16.0,16.05,16.05,16.1,237.0,357.0,2600.0,350.0,False
2890,2022-10-21 09:42:17.846970,0.0,-0.006211180124223725,0.0,-0.10000000000000142,16.0,16.05,16.05,16.1,238.0,357.0,2600.0,350.0,False
2890,2022-10-21 09:42:19.446440,0.0,-0.006211180124223725,0.0,-0.10000000000000142,16.0,16.05,16.05,16.1,240.0,357.0,2600.0,350.0,False
2890,2022-10-21 09:42:19.506652,0.0,-0.006211180124223725,0.0,-0.10000000000000142,16.0,16.05,16.05,16.1,241.0,357.0,2600.0,350.0,False
2890,2022-10-21 09:42:21.038652,0.0,-0.006211180124223725,0.0,-0.10000000000000142,16.0,16.05,16.05,16.1,241.0,357.0,2600.0,350.0,False
2890,2022-10-21 09:42:24.310539,0.0,-0.006211180124223725,0.0,-0.10000000000000142,16.0,16.05,16.05,16.1,241.0,357.0,2600.0,350.0,False
2890,2022-10-21 09:42:26.555758,0.0,-0.006211180124223725,0.0,-0.10000000000000142,16.0,16.05,16.05,16.1,241.0,357.0,2590.0,350.0,True
2890,2022-10-21 09:42:27.013956,0.0,-0.006211180124223725,0.0,-0.10000000000000142,16.0,16.05,16.05,16.1,242.0,357.0,2590.0,350.0,False
2890,2022-10-21 09:42:27.074973,0.0,-0.006211180124223725,0.0,-0.10000000000000142,16.0,16.05,16.05,16.1,242.0,357.0,2590.0,350.0,False
2890,2022-10-21 09:42:34.298271,0.0,-0.006211180124223725,0.0,-0.10000000000000142,16.0,16.05,16.05,16.1,242.0,357.0,2590.0,350.0,False
2890,2022-10-21 09:42:36.594849,0.0,-0.006211180124223725,0.0,-0.10000000000000142,16.0,16.05,16.05,16.1,242.0,357.0,2590.0,350.0,True
2890,2022-10-21 09:42:44.155104,0.0,-0.006211180124223725,0.0,-0.10000000000000142,16.0,16.05,16.05,16.1,242.0,357.0,2590.0,350.0,False
2890,2022-10-21 09:42:46.634028,0.0,-0.006211180124223725,0.0,-0.10000000000000142,16.0,16.05,16.05,16.1,242.0,357.0,2590.0,350.0,True
2890,2022-10-21 09:42:49.850755,0.0,-0.006211180124223725,0.0,-0.10000000000000142,16.0,16.05,16.05,16.1,242.0,357.0,2590.0,350.0,False
2890,2022-10-21 09:42:52.222991,0.0,-0.006211180124223725,0.0,-0.10000000000000142,16.0,16.05,16.05,16.1,242.0,357.0,2590.0,350.0,False
2890,2022-10-21 09:42:55.206703,0.0,-0.006211180124223725,0.0,-0.10000000000000142,16.0,16.05,16.05,16.1,242.0,357.0,2590.0,350.0,False
2890,2022-10-21 09:42:56.679212,0.0,-0.006211180124223725,0.0,-0.10000000000000142,16.0,16.05,16.05,16.1,242.0,357.0,2590.0,350.0,True
2890,2022-10-21 09:43:00.987717,0.0,-0.006211180124223725,0.0,-0.10000000000000142,16.0,16.05,16.05,16.1,242.0,357.0,2590.0,350.0,False
2890,2022-10-21 09:43:05.928473,0.0,-0.006211180124223725,0.0,-0.10000000000000142,16.0,16.05,16.05,16.1,242.0,357.0,2590.0,350.0,True
2890,2022-10-21 09:43:05.970809,0.0,-0.006211180124223725,0.0,-0.10000000000000142,16.0,16.05,16.05,16.1,327.0,357.0,2590.0,350.0,False
2890,2022-10-21 09:43:06.039449,0.0,-0.006211180124223725,0.0,-0.10000000000000142,16.0,16.05,16.05,16.1,327.0,355.0,2590.0,350.0,False
2890,2022-10-21 09:43:07.814309,0.0,-0.006211180124223725,0.0,-0.10000000000000142,16.0,16.05,16.05,16.1,327.0,355.0,2590.0,350.0,False
2890,2022-10-21 09:43:07.950381,0.0,-0.006211180124223725,0.0,-0.10000000000000142,16.0,16.05,16.05,16.1,327.0,348.0,2590.0,350.0,False
2890,2022-10-21 09:43:07.984473,0.0,-0.006211180124223725,0.0,-0.10000000000000142,16.0,16.05,16.05,16.1,327.0,328.0,2590.0,350.0,False
2890,2022-10-21 09:43:08.020251,0.0,-0.006211180124223725,0.0,-0.10000000000000142,16.0,16.05,16.05,16.1,354.0,323.0,2590.0,350.0,False
2890,2022-10-21 09:43:08.053536,-0.0031055900621118626,-0.006211180124223725,-0.05000000000000071,-0.10000000000000142,16.0,16.1,16.05,16.1,354.0,245.0,2590.0,350.0,False
2890,2022-10-21 09:43:08.018778,0.0,-0.006211180124223725,0.0,-0.10000000000000142,16.0,16.05,16.05,16.1,354.0,328.0,2590.0,350.0,False
2890,2022-10-21 09:43:08.142286,-0.0031055900621118626,-0.0031055900621118626,-0.05000000000000071,-0.05000000000000071,16.05,16.1,16.05,16.1,26.0,237.0,2590.0,350.0,False
2890,2022-10-21 09:43:08.186518,-0.0031055900621118626,-0.0031055900621118626,-0.05000000000000071,-0.05000000000000071,16.05,16.1,16.05,16.1,95.0,238.0,2590.0,350.0,False
2890,2022-10-21 09:43:08.182526,-0.0031055900621118626,-0.0031055900621118626,-0.05000000000000071,-0.05000000000000071,16.05,16.1,16.05,16.1,96.0,238.0,2590.0,350.0,False
2890,2022-10-21 09:43:08.196709,-0.0031055900621118626,-0.0031055900621118626,-0.05000000000000071,-0.05000000000000071,16.05,16.1,16.05,16.1,95.0,213.0,2590.0,350.0,False
2890,2022-10-21 09:43:08.306565,-0.0031055900621118626,-0.0031055900621118626,-0.05000000000000071,-0.05000000000000071,16.05,16.1,16.05,16.1,195.0,213.0,2590.0,350.0,False
2890,2022-10-21 09:43:08.446509,-0.0031055900621118626,-0.0031055900621118626,-0.05000000000000071,-0.05000000000000071,16.05,16.1,16.05,16.1,195.0,240.0,2590.0,350.0,False
2890,2022-10-21 09:43:08.577392,-0.0031055900621118626,-0.0031055900621118626,-0.05000000000000071,-0.05000000000000071,16.05,16.1,16.05,16.1,195.0,240.0,2590.0,350.0,False
2890,2022-10-21 09:43:08.628575,-0.0031055900621118626,-0.0031055900621118626,-0.05000000000000071,-0.05000000000000071,16.05,16.1,16.05,16.1,236.0,240.0,2590.0,350.0,False
2890,2022-10-21 09:43:09.819575,-0.0031055900621118626,-0.0031055900621118626,-0.05000000000000071,-0.05000000000000071,16.05,16.1,16.05,16.1,240.0,240.0,2590.0,350.0,False
2890,2022-10-21 09:43:10.080705,-0.0031055900621118626,-0.0031055900621118626,-0.05000000000000071,-0.05000000000000071,16.05,16.1,16.05,16.1,240.0,240.0,2590.0,350.0,False
2890,2022-10-21 09:43:10.147959,-0.0031055900621118626,-0.0031055900621118626,-0.05000000000000071,-0.05000000000000071,16.05,16.1,16.05,16.1,240.0,240.0,2590.0,350.0,False
2890,2022-10-21 09:43:11.379000,-0.0031055900621118626,-0.0031055900621118626,-0.05000000000000071,-0.05000000000000071,16.05,16.1,16.05,16.1,240.0,240.0,2590.0,350.0,False
2890,2022-10-21 09:43:11.423071,-0.0031055900621118626,-0.0031055900621118626,-0.05000000000000071,-0.05000000000000071,16.05,16.1,16.05,16.1,295.0,240.0,2590.0,350.0,False
2890,2022-10-21 09:43:15.968642,-0.0031055900621118626,-0.0031055900621118626,-0.05000000000000071,-0.05000000000000071,16.05,16.1,16.05,16.1,295.0,240.0,2590.0,266.0,True
2890,2022-10-21 09:43:16.898777,-0.0031055900621118626,-0.0031055900621118626,-0.05000000000000071,-0.05000000000000071,16.05,16.1,16.05,16.1,295.0,239.0,2590.0,266.0,False
2890,2022-10-21 09:43:16.931804,-0.0031055900621118626,-0.0031055900621118626,-0.05000000000000071,-0.05000000000000071,16.05,16.1,16.05,16.1,323.0,239.0,2590.0,266.0,False
2890,2022-10-21 09:43:17.163654,-0.0031055900621118626,-0.0031055900621118626,-0.05000000000000071,-0.05000000000000071,16.05,16.1,16.05,16.1,323.0,239.0,2590.0,266.0,False
2890,2022-10-21 09:43:17.216747,-0.0031055900621118626,-0.0031055900621118626,-0.05000000000000071,-0.05000000000000071,16.05,16.1,16.05,16.1,335.0,239.0,2590.0,266.0,False
2890,2022-10-21 09:43:18.157239,-0.0031055900621118626,-0.0031055900621118626,-0.05000000000000071,-0.05000000000000071,16.05,16.1,16.05,16.1,343.0,239.0,2590.0,266.0,False
2890,2022-10-21 09:43:23.386440,-0.0031055900621118626,-0.0031055900621118626,-0.05000000000000071,-0.05000000000000071,16.05,16.1,16.05,16.1,362.0,239.0,2590.0,266.0,False
2890,2022-10-21 09:43:24.115256,-0.0031055900621118626,-0.0031055900621118626,-0.05000000000000071,-0.05000000000000071,16.05,16.1,16.05,16.1,352.0,239.0,2590.0,266.0,False
2890,2022-10-21 09:43:24.512063,-0.0031055900621118626,-0.0031055900621118626,-0.05000000000000071,-0.05000000000000071,16.05,16.1,16.05,16.1,352.0,239.0,2590.0,266.0,False
2890,2022-10-21 09:43:25.963156,-0.0031055900621118626,-0.0031055900621118626,-0.05000000000000071,-0.05000000000000071,16.05,16.1,16.05,16.1,352.0,239.0,2590.0,266.0,False
2890,2022-10-21 09:43:27.605862,-0.0031055900621118626,-0.0031055900621118626,-0.05000000000000071,-0.05000000000000071,16.05,16.1,16.05,16.1,357.0,239.0,2590.0,266.0,False
2890,2022-10-21 09:43:29.829589,-0.0031055900621118626,-0.0031055900621118626,-0.05000000000000071,-0.05000000000000071,16.05,16.1,16.05,16.1,358.0,239.0,2590.0,266.0,False
2890,2022-10-21 09:43:30.727467,-0.0031055900621118626,-0.0031055900621118626,-0.05000000000000071,-0.05000000000000071,16.05,16.1,16.05,16.1,358.0,239.0,2590.0,266.0,False
2890,2022-10-21 09:43:34.693134,-0.0031055900621118626,-0.0031055900621118626,-0.05000000000000071,-0.05000000000000071,16.05,16.1,16.05,16.1,358.0,239.0,2590.0,266.0,False
2890,2022-10-21 09:43:35.727262,-0.0031055900621118626,-0.0031055900621118626,-0.05000000000000071,-0.05000000000000071,16.05,16.1,16.05,16.1,393.0,239.0,2590.0,266.0,False
2890,2022-10-21 09:43:36.046117,-0.0031055900621118626,-0.0031055900621118626,-0.05000000000000071,-0.05000000000000071,16.05,16.1,16.05,16.1,393.0,239.0,2640.0,266.0,True
2890,2022-10-21 09:43:44.569463,-0.0031055900621118626,-0.0031055900621118626,-0.05000000000000071,-0.05000000000000071,16.05,16.1,16.05,16.1,393.0,239.0,2640.0,266.0,False
2890,2022-10-21 09:43:46.093237,-0.0031055900621118626,-0.0031055900621118626,-0.05000000000000071,-0.05000000000000071,16.05,16.1,16.05,16.1,393.0,239.0,2640.0,258.0,True
2890,2022-10-21 09:43:46.916037,-0.0031055900621118626,-0.0031055900621118626,-0.05000000000000071,-0.05000000000000071,16.05,16.1,16.05,16.1,393.0,239.0,2640.0,258.0,False
2890,2022-10-21 09:43:56.882662,-0.0031055900621118626,-0.0031055900621118626,-0.05000000000000071,-0.05000000000000071,16.05,16.1,16.05,16.1,393.0,239.0,2640.0,258.0,False
2890,2022-10-21 09:43:57.335298,-0.0031055900621118626,-0.0031055900621118626,-0.05000000000000071,-0.05000000000000071,16.05,16.1,16.05,16.1,418.0,239.0,2640.0,258.0,False
2890,2022-10-21 09:44:02.858392,-0.0031055900621118626,-0.0031055900621118626,-0.05000000000000071,-0.05000000000000071,16.05,16.1,16.05,16.1,418.0,239.0,2640.0,258.0,False
2890,2022-10-21 09:44:06.179560,-0.0031055900621118626,-0.0031055900621118626,-0.05000000000000071,-0.05000000000000071,16.05,16.1,16.05,16.1,403.0,239.0,2640.0,258.0,False
2890,2022-10-21 09:44:09.222666,-0.0031055900621118626,-0.0031055900621118626,-0.05000000000000071,-0.05000000000000071,16.05,16.1,16.05,16.1,402.0,239.0,2640.0,258.0,False
2890,2022-10-21 09:44:14.937499,-0.0031055900621118626,-0.0031055900621118626,-0.05000000000000071,-0.05000000000000071,16.05,16.1,16.05,16.1,402.0,239.0,2640.0,258.0,False
2890,2022-10-21 09:44:26.250175,-0.0031055900621118626,-0.0031055900621118626,-0.05000000000000071,-0.05000000000000071,16.05,16.1,16.05,16.1,402.0,239.0,2640.0,258.0,True
2890,2022-10-21 09:44:26.316232,-0.0031055900621118626,-0.0031055900621118626,-0.05000000000000071,-0.05000000000000071,16.05,16.1,16.05,16.1,402.0,239.0,2640.0,258.0,False
2890,2022-10-21 09:44:27.654364,-0.0031055900621118626,-0.0031055900621118626,-0.05000000000000071,-0.05000000000000071,16.05,16.1,16.05,16.1,367.0,239.0,2640.0,258.0,False
2890,2022-10-21 09:44:27.660762,-0.0031055900621118626,-0.0031055900621118626,-0.05000000000000071,-0.05000000000000071,16.05,16.1,16.05,16.1,342.0,239.0,2640.0,258.0,False
2890,2022-10-21 09:44:27.745882,-0.0031055900621118626,-0.0031055900621118626,-0.05000000000000071,-0.05000000000000071,16.05,16.1,16.05,16.1,342.0,242.0,2640.0,258.0,False
2890,2022-10-21 09:44:28.655972,-0.0031055900621118626,-0.0031055900621118626,-0.05000000000000071,-0.05000000000000071,16.05,16.1,16.05,16.1,342.0,242.0,2640.0,258.0,False
2890,2022-10-21 09:44:30.987102,-0.0031055900621118626,-0.0031055900621118626,-0.05000000000000071,-0.05000000000000071,16.05,16.1,16.05,16.1,342.0,242.0,2640.0,258.0,False
2890,2022-10-21 09:44:36.289850,-0.0031055900621118626,-0.0031055900621118626,-0.05000000000000071,-0.05000000000000071,16.05,16.1,16.05,16.1,342.0,242.0,2640.0,258.0,True
2890,2022-10-21 09:44:36.994977,-0.0031055900621118626,-0.0031055900621118626,-0.05000000000000071,-0.05000000000000071,16.05,16.1,16.05,16.1,344.0,242.0,2640.0,258.0,False
2890,2022-10-21 09:44:40.794450,-0.0031055900621118626,-0.0031055900621118626,-0.05000000000000071,-0.05000000000000071,16.05,16.1,16.05,16.1,344.0,242.0,2640.0,258.0,False
2890,2022-10-21 09:44:45.424792,-0.0031055900621118626,-0.0031055900621118626,-0.05000000000000071,-0.05000000000000071,16.05,16.1,16.05,16.1,344.0,242.0,2640.0,258.0,False
2890,2022-10-21 09:44:45.674666,-0.0031055900621118626,-0.0031055900621118626,-0.05000000000000071,-0.05000000000000071,16.05,16.1,16.05,16.1,345.0,242.0,2640.0,258.0,False
2890,2022-10-21 09:44:46.221233,-0.0031055900621118626,-0.0031055900621118626,-0.05000000000000071,-0.05000000000000071,16.05,16.1,16.05,16.1,345.0,243.0,2640.0,258.0,False
2890,2022-10-21 09:44:48.158858,-0.0031055900621118626,-0.0031055900621118626,-0.05000000000000071,-0.05000000000000071,16.05,16.1,16.05,16.1,335.0,243.0,2640.0,258.0,False
2890,2022-10-21 09:44:56.498237,-0.0031055900621118626,-0.0031055900621118626,-0.05000000000000071,-0.05000000000000071,16.05,16.1,16.05,16.1,335.0,243.0,2640.0,278.0,True
2890,2022-10-21 09:45:04.674825,-0.0031055900621118626,-0.0031055900621118626,-0.05000000000000071,-0.05000000000000071,16.05,16.1,16.05,16.1,335.0,243.0,2640.0,278.0,False
2890,2022-10-21 09:45:08.425408,-0.0031055900621118626,-0.0031055900621118626,-0.05000000000000071,-0.05000000000000071,16.05,16.1,16.05,16.1,330.0,243.0,2640.0,278.0,False
2890,2022-10-21 09:45:08.463488,-0.0031055900621118626,-0.0031055900621118626,-0.05000000000000071,-0.05000000000000071,16.05,16.1,16.05,16.1,330.0,244.0,2640.0,278.0,False
2890,2022-10-21 09:45:08.512939,-0.0031055900621118626,-0.0031055900621118626,-0.05000000000000071,-0.05000000000000071,16.05,16.1,16.05,16.1,330.0,241.0,2640.0,278.0,False
2890,2022-10-21 09:45:09.447010,-0.0031055900621118626,-0.0031055900621118626,-0.05000000000000071,-0.05000000000000071,16.05,16.1,16.05,16.1,330.0,241.0,2640.0,278.0,False
2890,2022-10-21 09:45:16.639950,-0.0031055900621118626,-0.0031055900621118626,-0.05000000000000071,-0.05000000000000071,16.05,16.1,16.05,16.1,340.0,241.0,2640.0,278.0,False
2890,2022-10-21 09:45:18.051502,-0.0031055900621118626,-0.0031055900621118626,-0.05000000000000071,-0.05000000000000071,16.05,16.1,16.05,16.1,332.0,233.0,2640.0,278.0,False
2890,2022-10-21 09:45:23.363898,-0.0031055900621118626,-0.0031055900621118626,-0.05000000000000071,-0.05000000000000071,16.05,16.1,16.05,16.1,332.0,233.0,2640.0,278.0,False
2890,2022-10-21 09:45:24.031630,-0.0031055900621118626,-0.0031055900621118626,-0.05000000000000071,-0.05000000000000071,16.05,16.1,16.05,16.1,332.0,228.0,2640.0,278.0,False
2890,2022-10-21 09:45:24.811813,-0.0031055900621118626,-0.0031055900621118626,-0.05000000000000071,-0.05000000000000071,16.05,16.1,16.05,16.1,332.0,228.0,2640.0,278.0,False
2890,2022-10-21 09:45:24.813839,-0.0031055900621118626,-0.0031055900621118626,-0.05000000000000071,-0.05000000000000071,16.05,16.1,16.05,16.1,333.0,228.0,2640.0,278.0,False
2890,2022-10-21 09:45:25.695368,-0.0031055900621118626,-0.0031055900621118626,-0.05000000000000071,-0.05000000000000071,16.05,16.1,16.05,16.1,334.0,228.0,2640.0,278.0,False
2890,2022-10-21 09:45:26.735004,-0.0031055900621118626,-0.0031055900621118626,-0.05000000000000071,-0.05000000000000071,16.05,16.1,16.05,16.1,334.0,228.0,2440.0,278.0,True
2890,2022-10-21 09:45:27.935160,-0.0031055900621118626,-0.0031055900621118626,-0.05000000000000071,-0.05000000000000071,16.05,16.1,16.05,16.1,334.0,228.0,2440.0,278.0,False
2890,2022-10-21 09:45:29.191536,-0.0031055900621118626,-0.0031055900621118626,-0.05000000000000071,-0.05000000000000071,16.05,16.1,16.05,16.1,334.0,227.0,2440.0,278.0,False
2890,2022-10-21 09:45:29.194413,-0.0031055900621118626,-0.0031055900621118626,-0.05000000000000071,-0.05000000000000071,16.05,16.1,16.05,16.1,334.0,227.0,2440.0,278.0,False
2890,2022-10-21 09:45:29.197529,-0.0031055900621118626,-0.0031055900621118626,-0.05000000000000071,-0.05000000000000071,16.05,16.1,16.05,16.1,334.0,227.0,2440.0,278.0,False
2890,2022-10-21 09:45:29.427388,-0.0031055900621118626,-0.0031055900621118626,-0.05000000000000071,-0.05000000000000071,16.05,16.1,16.05,16.1,338.0,227.0,2440.0,278.0,False
2890,2022-10-21 09:45:36.771462,-0.0031055900621118626,-0.0031055900621118626,-0.05000000000000071,-0.05000000000000071,16.05,16.1,16.05,16.1,338.0,227.0,2640.0,278.0,True
2890,2022-10-21 09:45:37.488480,-0.0031055900621118626,-0.0031055900621118626,-0.05000000000000071,-0.05000000000000071,16.05,16.1,16.05,16.1,338.0,228.0,2640.0,278.0,False
2890,2022-10-21 09:45:41.866590,-0.0031055900621118626,-0.0031055900621118626,-0.05000000000000071,-0.05000000000000071,16.05,16.1,16.05,16.1,339.0,228.0,2640.0,278.0,False
2890,2022-10-21 09:45:43.616285,-0.0031055900621118626,-0.0031055900621118626,-0.05000000000000071,-0.05000000000000071,16.05,16.1,16.05,16.1,339.0,229.0,2640.0,278.0,False
2890,2022-10-21 09:45:46.805493,-0.0031055900621118626,-0.0031055900621118626,-0.05000000000000071,-0.05000000000000071,16.05,16.1,16.05,16.1,339.0,229.0,2640.0,279.0,True
2890,2022-10-21 09:45:49.169240,-0.0031055900621118626,-0.0031055900621118626,-0.05000000000000071,-0.05000000000000071,16.05,16.1,16.05,16.1,339.0,229.0,2640.0,279.0,False
2890,2022-10-21 09:45:49.249465,-0.0031055900621118626,-0.0031055900621118626,-0.05000000000000071,-0.05000000000000071,16.05,16.1,16.05,16.1,341.0,229.0,2640.0,279.0,False
2890,2022-10-21 09:45:51.246675,-0.0031055900621118626,-0.0031055900621118626,-0.05000000000000071,-0.05000000000000071,16.05,16.1,16.05,16.1,341.0,229.0,2640.0,279.0,False
2890,2022-10-21 09:45:53.991037,-0.0031055900621118626,-0.0031055900621118626,-0.05000000000000071,-0.05000000000000071,16.05,16.1,16.05,16.1,341.0,229.0,2640.0,279.0,False
2890,2022-10-21 09:45:55.247435,-0.0031055900621118626,-0.0031055900621118626,-0.05000000000000071,-0.05000000000000071,16.05,16.1,16.05,16.1,341.0,229.0,2640.0,279.0,False
2890,2022-10-21 09:45:55.251210,-0.0031055900621118626,-0.0031055900621118626,-0.05000000000000071,-0.05000000000000071,16.05,16.1,16.05,16.1,341.0,229.0,2640.0,279.0,False
2890,2022-10-21 09:45:55.309953,-0.0031055900621118626,-0.0031055900621118626,-0.05000000000000071,-0.05000000000000071,16.05,16.1,16.05,16.1,341.0,229.0,2640.0,279.0,False
2890,2022-10-21 09:45:56.836405,-0.0031055900621118626,-0.0031055900621118626,-0.05000000000000071,-0.05000000000000071,16.05,16.1,16.05,16.1,341.0,229.0,2640.0,776.0,True
2890,2022-10-21 09:46:03.475340,-0.0031055900621118626,-0.0031055900621118626,-0.05000000000000071,-0.05000000000000071,16.05,16.1,16.05,16.1,341.0,229.0,2640.0,776.0,False
2890,2022-10-21 09:46:06.078091,-0.0031055900621118626,-0.0031055900621118626,-0.05000000000000071,-0.05000000000000071,16.05,16.1,16.05,16.1,341.0,229.0,2453.0,776.0,True
2890,2022-10-21 09:46:06.137703,-0.0031055900621118626,-0.0031055900621118626,-0.05000000000000071,-0.05000000000000071,16.05,16.1,16.05,16.1,341.0,229.0,2453.0,776.0,False
2890,2022-10-21 09:46:08.325171,-0.0031055900621118626,-0.0031055900621118626,-0.05000000000000071,-0.05000000000000071,16.05,16.1,16.05,16.1,341.0,224.0,2453.0,776.0,False
2890,2022-10-21 09:46:10.479957,-0.0031055900621118626,-0.0031055900621118626,-0.05000000000000071,-0.05000000000000071,16.05,16.1,16.05,16.1,341.0,224.0,2453.0,776.0,False
2890,2022-10-21 09:46:16.106553,-0.0031055900621118626,-0.0031055900621118626,-0.05000000000000071,-0.05000000000000071,16.05,16.1,16.05,16.1,341.0,224.0,2453.0,747.0,True
2890,2022-10-21 09:46:16.988418,-0.0031055900621118626,-0.0031055900621118626,-0.05000000000000071,-0.05000000000000071,16.05,16.1,16.05,16.1,341.0,224.0,2453.0,747.0,False
2890,2022-10-21 09:46:19.443103,-0.0031055900621118626,-0.0031055900621118626,-0.05000000000000071,-0.05000000000000071,16.05,16.1,16.05,16.1,343.0,224.0,2453.0,747.0,False
2890,2022-10-21 09:46:26.021313,-0.0031055900621118626,-0.0031055900621118626,-0.05000000000000071,-0.05000000000000071,16.05,16.1,16.05,16.1,343.0,224.0,2453.0,747.0,False
2890,2022-10-21 09:46:26.586031,-0.0031055900621118626,-0.0031055900621118626,-0.05000000000000071,-0.05000000000000071,16.05,16.1,16.05,16.1,343.0,218.0,2453.0,747.0,False
2890,2022-10-21 09:46:27.869872,-0.0031055900621118626,-0.0031055900621118626,-0.05000000000000071,-0.05000000000000071,16.05,16.1,16.05,16.1,343.0,218.0,2453.0,747.0,False
2890,2022-10-21 09:46:29.207888,-0.0031055900621118626,-0.0031055900621118626,-0.05000000000000071,-0.05000000000000071,16.05,16.1,16.05,16.1,343.0,217.0,2453.0,747.0,False
2890,2022-10-21 09:46:33.019920,-0.0031055900621118626,-0.0031055900621118626,-0.05000000000000071,-0.05000000000000071,16.05,16.1,16.05,16.1,343.0,217.0,2453.0,747.0,False
2890,2022-10-21 09:46:41.018838,-0.0031055900621118626,-0.0031055900621118626,-0.05000000000000071,-0.05000000000000071,16.05,16.1,16.05,16.1,343.0,212.0,2453.0,747.0,False
2890,2022-10-21 09:46:43.956001,-0.0031055900621118626,-0.0031055900621118626,-0.05000000000000071,-0.05000000000000071,16.05,16.1,16.05,16.1,343.0,212.0,2453.0,747.0,False
2890,2022-10-21 09:46:46.206770,-0.0031055900621118626,-0.0031055900621118626,-0.05000000000000071,-0.05000000000000071,16.05,16.1,16.05,16.1,343.0,212.0,2453.0,746.0,True
2890,2022-10-21 09:46:48.200032,-0.0031055900621118626,-0.0031055900621118626,-0.05000000000000071,-0.05000000000000071,16.05,16.1,16.05,16.1,343.0,230.0,2453.0,746.0,False
2890,2022-10-21 09:46:56.234808,-0.0031055900621118626,-0.0031055900621118626,-0.05000000000000071,-0.05000000000000071,16.05,16.1,16.05,16.1,343.0,230.0,2453.0,646.0,True
2890,2022-10-21 09:47:02.979605,-0.0031055900621118626,-0.0031055900621118626,-0.05000000000000071,-0.05000000000000071,16.05,16.1,16.05,16.1,343.0,224.0,2453.0,646.0,False
2890,2022-10-21 09:47:10.525185,-0.0031055900621118626,-0.0031055900621118626,-0.05000000000000071,-0.05000000000000071,16.05,16.1,16.05,16.1,343.0,224.0,2453.0,646.0,False
2890,2022-10-21 09:47:11.998846,-0.0031055900621118626,-0.0031055900621118626,-0.05000000000000071,-0.05000000000000071,16.05,16.1,16.05,16.1,343.0,224.0,2453.0,646.0,False
2890,2022-10-21 09:47:13.129477,-0.0031055900621118626,-0.0031055900621118626,-0.05000000000000071,-0.05000000000000071,16.05,16.1,16.05,16.1,343.0,224.0,2453.0,646.0,False
2890,2022-10-21 09:47:13.653001,-0.0031055900621118626,-0.0031055900621118626,-0.05000000000000071,-0.05000000000000071,16.05,16.1,16.05,16.1,343.0,234.0,2453.0,646.0,False
2890,2022-10-21 09:47:14.442880,-0.0031055900621118626,-0.0031055900621118626,-0.05000000000000071,-0.05000000000000071,16.05,16.1,16.05,16.1,343.0,234.0,2453.0,646.0,False
2890,2022-10-21 09:47:15.744330,-0.0031055900621118626,-0.0031055900621118626,-0.05000000000000071,-0.05000000000000071,16.05,16.1,16.05,16.1,343.0,234.0,2453.0,646.0,False
2890,2022-10-21 09:47:16.292087,-0.0031055900621118626,-0.0031055900621118626,-0.05000000000000071,-0.05000000000000071,16.05,16.1,16.05,16.1,343.0,234.0,2553.0,646.0,True
2890,2022-10-21 09:47:17.427627,-0.0031055900621118626,-0.0031055900621118626,-0.05000000000000071,-0.05000000000000071,16.05,16.1,16.05,16.1,343.0,233.0,2553.0,646.0,False
2890,2022-10-21 09:47:18.655683,-0.0031055900621118626,-0.0031055900621118626,-0.05000000000000071,-0.05000000000000071,16.05,16.1,16.05,16.1,343.0,231.0,2553.0,646.0,False
2890,2022-10-21 09:47:18.710124,-0.0031055900621118626,-0.0031055900621118626,-0.05000000000000071,-0.05000000000000071,16.05,16.1,16.05,16.1,343.0,87.0,2553.0,646.0,False
2890,2022-10-21 09:47:18.733103,-0.0031055900621118626,-0.0031055900621118626,-0.05000000000000071,-0.05000000000000071,16.05,16.1,16.05,16.1,343.0,82.0,2553.0,646.0,False
2890,2022-10-21 09:47:18.734181,-0.006191950464396134,-0.0031055900621118626,-0.09999999999999787,-0.05000000000000071,16.05,16.15,16.05,16.1,343.0,218.0,2553.0,646.0,False
2890,2022-10-21 09:47:18.761895,-0.006191950464396134,-0.0031055900621118626,-0.09999999999999787,-0.05000000000000071,16.05,16.15,16.05,16.1,343.0,218.0,2553.0,646.0,False
2890,2022-10-21 09:47:18.794250,-0.006191950464396134,0.0,-0.09999999999999787,0.0,16.1,16.15,16.05,16.1,46.0,211.0,2553.0,646.0,False
2890,2022-10-21 09:47:18.877178,-0.006191950464396134,0.0,-0.09999999999999787,0.0,16.1,16.15,16.05,16.1,156.0,211.0,2553.0,646.0,False
2890,2022-10-21 09:47:19.011648,-0.006191950464396134,0.0,-0.09999999999999787,0.0,16.1,16.15,16.05,16.1,183.0,213.0,2553.0,646.0,False
2890,2022-10-21 09:47:19.083648,-0.006191950464396134,0.0,-0.09999999999999787,0.0,16.1,16.15,16.05,16.1,184.0,213.0,2553.0,646.0,False
2890,2022-10-21 09:47:19.781931,-0.006191950464396134,0.0,-0.09999999999999787,0.0,16.1,16.15,16.05,16.1,184.0,213.0,2553.0,646.0,False
2890,2022-10-21 09:47:19.825367,-0.006191950464396134,0.0,-0.09999999999999787,0.0,16.1,16.15,16.05,16.1,201.0,206.0,2553.0,646.0,False
2890,2022-10-21 09:47:20.038970,-0.006191950464396134,0.0,-0.09999999999999787,0.0,16.1,16.15,16.05,16.1,201.0,206.0,2553.0,646.0,False
2890,2022-10-21 09:47:20.039066,-0.006191950464396134,0.0,-0.09999999999999787,0.0,16.1,16.15,16.05,16.1,201.0,206.0,2553.0,646.0,False
2890,2022-10-21 09:47:20.823231,-0.006191950464396134,0.0,-0.09999999999999787,0.0,16.1,16.15,16.05,16.1,204.0,206.0,2553.0,646.0,False
2890,2022-10-21 09:47:20.829742,-0.006191950464396134,0.0,-0.09999999999999787,0.0,16.1,16.15,16.05,16.1,205.0,206.0,2553.0,646.0,False
2890,2022-10-21 09:47:21.189417,-0.006191950464396134,0.0,-0.09999999999999787,0.0,16.1,16.15,16.05,16.1,205.0,206.0,2553.0,646.0,False
2890,2022-10-21 09:47:21.190303,-0.006191950464396134,0.0,-0.09999999999999787,0.0,16.1,16.15,16.05,16.1,359.0,206.0,2553.0,646.0,False
2890,2022-10-21 09:47:21.334474,-0.006191950464396134,0.0,-0.09999999999999787,0.0,16.1,16.15,16.05,16.1,359.0,169.0,2553.0,646.0,False
2890,2022-10-21 09:47:21.366342,-0.006191950464396134,0.0,-0.09999999999999787,0.0,16.1,16.15,16.05,16.1,386.0,169.0,2553.0,646.0,False
2890,2022-10-21 09:47:21.593862,-0.006191950464396134,0.0,-0.09999999999999787,0.0,16.1,16.15,16.05,16.1,386.0,205.0,2553.0,646.0,False
2890,2022-10-21 09:47:21.785918,-0.006191950464396134,0.0,-0.09999999999999787,0.0,16.1,16.15,16.05,16.1,391.0,205.0,2553.0,646.0,False
2890,2022-10-21 09:47:26.332346,-0.006191950464396134,0.0,-0.09999999999999787,0.0,16.1,16.15,16.05,16.1,391.0,205.0,2833.0,546.0,True
2890,2022-10-21 09:47:26.378154,-0.006191950464396134,0.0,-0.09999999999999787,0.0,16.1,16.15,16.05,16.1,391.0,205.0,2833.0,546.0,False
2890,2022-10-21 09:47:28.125401,-0.006191950464396134,0.0,-0.09999999999999787,0.0,16.1,16.15,16.05,16.1,390.0,205.0,2833.0,546.0,False
2890,2022-10-21 09:47:28.923642,-0.006191950464396134,0.0,-0.09999999999999787,0.0,16.1,16.15,16.05,16.1,392.0,205.0,2833.0,546.0,False
2890,2022-10-21 09:47:28.952316,-0.006191950464396134,0.0,-0.09999999999999787,0.0,16.1,16.15,16.05,16.1,392.0,205.0,2833.0,546.0,False
2890,2022-10-21 09:47:31.970666,-0.006191950464396134,0.0,-0.09999999999999787,0.0,16.1,16.15,16.05,16.1,392.0,205.0,2833.0,546.0,False
2890,2022-10-21 09:47:32.025773,-0.006191950464396134,0.0,-0.09999999999999787,0.0,16.1,16.15,16.05,16.1,392.0,205.0,2833.0,546.0,False
2890,2022-10-21 09:47:33.200953,-0.006191950464396134,0.0,-0.09999999999999787,0.0,16.1,16.15,16.05,16.1,392.0,205.0,2833.0,546.0,False
2890,2022-10-21 09:47:33.251805,-0.006191950464396134,0.0,-0.09999999999999787,0.0,16.1,16.15,16.05,16.1,392.0,205.0,2833.0,546.0,False
2890,2022-10-21 09:47:33.255156,-0.006191950464396134,0.0,-0.09999999999999787,0.0,16.1,16.15,16.05,16.1,430.0,205.0,2833.0,546.0,False
2890,2022-10-21 09:47:34.728617,-0.006191950464396134,0.0,-0.09999999999999787,0.0,16.1,16.15,16.05,16.1,430.0,205.0,2833.0,546.0,False
2890,2022-10-21 09:47:36.467468,-0.006191950464396134,0.0,-0.09999999999999787,0.0,16.1,16.15,16.05,16.1,430.0,205.0,2833.0,546.0,False
2890,2022-10-21 09:47:39.663280,-0.006191950464396134,0.0,-0.09999999999999787,0.0,16.1,16.15,16.05,16.1,430.0,200.0,2833.0,546.0,False
2890,2022-10-21 09:47:41.198060,-0.006191950464396134,0.0,-0.09999999999999787,0.0,16.1,16.15,16.05,16.1,430.0,194.0,2833.0,546.0,False
2890,2022-10-21 09:47:43.340404,-0.006191950464396134,0.0,-0.09999999999999787,0.0,16.1,16.15,16.05,16.1,430.0,194.0,2833.0,546.0,False
2890,2022-10-21 09:47:43.447338,-0.006191950464396134,0.0,-0.09999999999999787,0.0,16.1,16.15,16.05,16.1,430.0,194.0,2833.0,546.0,False
2890,2022-10-21 09:47:44.484480,-0.006191950464396134,0.0,-0.09999999999999787,0.0,16.1,16.15,16.05,16.1,330.0,194.0,2833.0,546.0,False
2890,2022-10-21 09:47:45.035733,-0.006191950464396134,0.0,-0.09999999999999787,0.0,16.1,16.15,16.05,16.1,325.0,194.0,2833.0,546.0,False
2890,2022-10-21 09:47:45.065645,-0.006191950464396134,0.0,-0.09999999999999787,0.0,16.1,16.15,16.05,16.1,325.0,194.0,2833.0,546.0,False
2890,2022-10-21 09:47:45.242176,-0.006191950464396134,0.0,-0.09999999999999787,0.0,16.1,16.15,16.05,16.1,326.0,194.0,2833.0,546.0,False
2890,2022-10-21 09:47:46.397704,-0.006191950464396134,0.0,-0.09999999999999787,0.0,16.1,16.15,16.05,16.1,326.0,194.0,2833.0,46.0,True
2890,2022-10-21 09:47:49.232083,-0.006191950464396134,0.0,-0.09999999999999787,0.0,16.1,16.15,16.05,16.1,326.0,294.0,2833.0,46.0,False
2890,2022-10-21 09:47:49.288805,-0.006191950464396134,0.0,-0.09999999999999787,0.0,16.1,16.15,16.05,16.1,271.0,294.0,2833.0,46.0,False
2890,2022-10-21 09:47:49.311038,-0.006191950464396134,0.0,-0.09999999999999787,0.0,16.1,16.15,16.05,16.1,393.0,293.0,2833.0,46.0,False
2890,2022-10-21 09:47:49.317935,-0.006191950464396134,0.0,-0.09999999999999787,0.0,16.1,16.15,16.05,16.1,393.0,300.0,2833.0,46.0,False
2890,2022-10-21 09:47:50.080456,-0.006191950464396134,0.0,-0.09999999999999787,0.0,16.1,16.15,16.05,16.1,393.0,300.0,2833.0,46.0,False
2890,2022-10-21 09:47:50.083954,-0.006191950464396134,0.0,-0.09999999999999787,0.0,16.1,16.15,16.05,16.1,467.0,300.0,2833.0,46.0,False
2890,2022-10-21 09:47:52.955059,-0.006191950464396134,0.0,-0.09999999999999787,0.0,16.1,16.15,16.05,16.1,467.0,290.0,2833.0,46.0,False
2890,2022-10-21 09:47:52.984509,-0.006191950464396134,0.0,-0.09999999999999787,0.0,16.1,16.15,16.05,16.1,467.0,283.0,2833.0,46.0,False
2890,2022-10-21 09:47:56.226765,-0.006191950464396134,0.0,-0.09999999999999787,0.0,16.1,16.15,16.05,16.1,472.0,283.0,2833.0,46.0,False
2890,2022-10-21 09:47:57.410901,-0.006191950464396134,0.0,-0.09999999999999787,0.0,16.1,16.15,16.05,16.1,473.0,283.0,2833.0,46.0,False
2890,2022-10-21 09:47:57.486885,-0.006191950464396134,0.0,-0.09999999999999787,0.0,16.1,16.15,16.05,16.1,473.0,283.0,2833.0,46.0,False
2890,2022-10-21 09:47:57.726047,-0.006191950464396134,0.0,-0.09999999999999787,0.0,16.1,16.15,16.05,16.1,473.0,283.0,2833.0,46.0,False
2890,2022-10-21 09:47:58.428954,-0.006191950464396134,0.0,-0.09999999999999787,0.0,16.1,16.15,16.05,16.1,472.0,283.0,2833.0,46.0,False
2890,2022-10-21 09:47:59.618563,-0.006191950464396134,0.0,-0.09999999999999787,0.0,16.1,16.15,16.05,16.1,472.0,233.0,2833.0,46.0,False
2890,2022-10-21 09:48:02.711417,-0.006191950464396134,0.0,-0.09999999999999787,0.0,16.1,16.15,16.05,16.1,472.0,233.0,2833.0,46.0,False
2890,2022-10-21 09:48:03.408992,-0.006191950464396134,0.0,-0.09999999999999787,0.0,16.1,16.15,16.05,16.1,472.0,233.0,2833.0,46.0,False
2890,2022-10-21 09:48:06.100433,-0.006191950464396134,0.0,-0.09999999999999787,0.0,16.1,16.15,16.05,16.1,445.0,233.0,2833.0,46.0,False
2890,2022-10-21 09:48:06.106922,-0.006191950464396134,0.0,-0.09999999999999787,0.0,16.1,16.15,16.05,16.1,445.0,233.0,2833.0,46.0,False
2890,2022-10-21 09:48:06.354337,-0.006191950464396134,0.0,-0.09999999999999787,0.0,16.1,16.15,16.05,16.1,445.0,233.0,2833.0,46.0,False
2890,2022-10-21 09:48:06.463075,-0.006191950464396134,0.0,-0.09999999999999787,0.0,16.1,16.15,16.05,16.1,445.0,233.0,2833.0,38.0,True
2890,2022-10-21 09:48:06.662617,-0.006191950464396134,0.0,-0.09999999999999787,0.0,16.1,16.15,16.05,16.1,445.0,233.0,2833.0,38.0,False
2890,2022-10-21 09:48:07.336688,-0.006191950464396134,0.0,-0.09999999999999787,0.0,16.1,16.15,16.05,16.1,445.0,231.0,2833.0,38.0,False
2890,2022-10-21 09:48:08.979061,-0.006191950464396134,0.0,-0.09999999999999787,0.0,16.1,16.15,16.05,16.1,445.0,231.0,2833.0,38.0,False
2890,2022-10-21 09:48:12.111716,-0.006191950464396134,0.0,-0.09999999999999787,0.0,16.1,16.15,16.05,16.1,445.0,231.0,2833.0,38.0,False
2890,2022-10-21 09:48:15.932019,-0.006191950464396134,0.0,-0.09999999999999787,0.0,16.1,16.15,16.05,16.1,445.0,231.0,2833.0,38.0,False
2890,2022-10-21 09:48:17.463382,-0.006191950464396134,0.0,-0.09999999999999787,0.0,16.1,16.15,16.05,16.1,445.0,231.0,2833.0,38.0,False
2890,2022-10-21 09:48:17.746691,-0.006191950464396134,0.0,-0.09999999999999787,0.0,16.1,16.15,16.05,16.1,445.0,231.0,2833.0,38.0,False
2890,2022-10-21 09:48:20.261076,-0.006191950464396134,0.0,-0.09999999999999787,0.0,16.1,16.15,16.05,16.1,445.0,231.0,2833.0,38.0,False
2890,2022-10-21 09:48:20.644187,-0.006191950464396134,0.0,-0.09999999999999787,0.0,16.1,16.15,16.05,16.1,444.0,230.0,2833.0,38.0,False
2890,2022-10-21 09:48:21.148395,-0.006191950464396134,0.0,-0.09999999999999787,0.0,16.1,16.15,16.05,16.1,444.0,230.0,2833.0,38.0,False
2890,2022-10-21 09:48:22.326159,-0.006191950464396134,0.0,-0.09999999999999787,0.0,16.1,16.15,16.05,16.1,448.0,230.0,2833.0,38.0,False
2890,2022-10-21 09:48:24.702887,-0.006191950464396134,0.0,-0.09999999999999787,0.0,16.1,16.15,16.05,16.1,448.0,230.0,2833.0,38.0,False
2890,2022-10-21 09:48:25.119817,-0.006191950464396134,0.0,-0.09999999999999787,0.0,16.1,16.15,16.05,16.1,448.0,233.0,2833.0,38.0,False
2890,2022-10-21 09:48:25.421320,-0.006191950464396134,0.0,-0.09999999999999787,0.0,16.1,16.15,16.05,16.1,448.0,233.0,2833.0,38.0,False
2890,2022-10-21 09:48:26.530900,-0.006191950464396134,0.0,-0.09999999999999787,0.0,16.1,16.15,16.05,16.1,448.0,233.0,2973.0,58.0,True
2890,2022-10-21 09:48:29.374778,-0.006191950464396134,0.0,-0.09999999999999787,0.0,16.1,16.15,16.05,16.1,453.0,233.0,2973.0,58.0,False
2890,2022-10-21 09:48:32.338019,-0.006191950464396134,0.0,-0.09999999999999787,0.0,16.1,16.15,16.05,16.1,453.0,233.0,2973.0,58.0,False
2890,2022-10-21 09:48:37.896773,-0.006191950464396134,0.0,-0.09999999999999787,0.0,16.1,16.15,16.05,16.1,453.0,232.0,2973.0,58.0,False
2890,2022-10-21 09:48:39.924895,-0.006191950464396134,0.0,-0.09999999999999787,0.0,16.1,16.15,16.05,16.1,453.0,230.0,2973.0,58.0,False
2890,2022-10-21 09:48:41.377413,-0.006191950464396134,0.0,-0.09999999999999787,0.0,16.1,16.15,16.05,16.1,453.0,230.0,2973.0,58.0,False
2890,2022-10-21 09:48:41.694530,-0.006191950464396134,0.0,-0.09999999999999787,0.0,16.1,16.15,16.05,16.1,453.0,230.0,2973.0,58.0,False
2890,2022-10-21 09:48:42.914935,-0.006191950464396134,0.0,-0.09999999999999787,0.0,16.1,16.15,16.05,16.1,453.0,230.0,2973.0,58.0,False
2890,2022-10-21 09:48:45.564694,-0.006191950464396134,0.0,-0.09999999999999787,0.0,16.1,16.15,16.05,16.1,453.0,232.0,2973.0,58.0,False
2890,2022-10-21 09:48:46.045050,-0.006191950464396134,0.0,-0.09999999999999787,0.0,16.1,16.15,16.05,16.1,453.0,232.0,2973.0,58.0,False
2890,2022-10-21 09:48:46.124609,-0.006191950464396134,0.0,-0.09999999999999787,0.0,16.1,16.15,16.05,16.1,453.0,232.0,2973.0,58.0,False
2890,2022-10-21 09:48:56.490025,-0.006191950464396134,0.0,-0.09999999999999787,0.0,16.1,16.15,16.05,16.1,453.0,232.0,2973.0,58.0,False
2890,2022-10-21 09:48:56.623685,-0.006191950464396134,0.0,-0.09999999999999787,0.0,16.1,16.15,16.05,16.1,453.0,232.0,2973.0,58.0,True
2890,2022-10-21 09:49:00.699913,-0.006191950464396134,0.0,-0.09999999999999787,0.0,16.1,16.15,16.05,16.1,453.0,232.0,2973.0,58.0,False
2890,2022-10-21 09:49:02.468129,-0.006191950464396134,0.0,-0.09999999999999787,0.0,16.1,16.15,16.05,16.1,453.0,233.0,2973.0,58.0,False
2890,2022-10-21 09:49:03.046213,-0.006191950464396134,0.0,-0.09999999999999787,0.0,16.1,16.15,16.05,16.1,453.0,231.0,2973.0,58.0,False
2890,2022-10-21 09:49:05.950309,-0.006191950464396134,0.0,-0.09999999999999787,0.0,16.1,16.15,16.05,16.1,453.0,232.0,2973.0,58.0,False
2890,2022-10-21 09:49:06.268131,-0.006191950464396134,0.0,-0.09999999999999787,0.0,16.1,16.15,16.05,16.1,453.0,232.0,2973.0,59.0,True
2890,2022-10-21 09:49:08.447936,-0.006191950464396134,0.0,-0.09999999999999787,0.0,16.1,16.15,16.05,16.1,453.0,232.0,2973.0,59.0,False
2890,2022-10-21 09:49:10.740417,-0.006191950464396134,0.0,-0.09999999999999787,0.0,16.1,16.15,16.05,16.1,453.0,232.0,2973.0,59.0,False
2890,2022-10-21 09:49:16.299737,-0.003095975232197956,-0.003095975232197956,-0.04999999999999716,-0.04999999999999716,16.1,16.15,16.1,16.15,453.0,232.0,41.0,463.0,True
2890,2022-10-21 09:49:16.431189,-0.003095975232197956,-0.003095975232197956,-0.04999999999999716,-0.04999999999999716,16.1,16.15,16.1,16.15,453.0,232.0,41.0,463.0,False
2890,2022-10-21 09:49:16.541765,-0.003095975232197956,-0.003095975232197956,-0.04999999999999716,-0.04999999999999716,16.1,16.15,16.1,16.15,460.0,232.0,41.0,463.0,False
2890,2022-10-21 09:49:17.377457,-0.003095975232197956,-0.003095975232197956,-0.04999999999999716,-0.04999999999999716,16.1,16.15,16.1,16.15,460.0,232.0,41.0,463.0,False
2890,2022-10-21 09:49:19.485664,-0.003095975232197956,-0.003095975232197956,-0.04999999999999716,-0.04999999999999716,16.1,16.15,16.1,16.15,460.0,230.0,41.0,463.0,False
2890,2022-10-21 09:49:21.435773,-0.003095975232197956,-0.003095975232197956,-0.04999999999999716,-0.04999999999999716,16.1,16.15,16.1,16.15,460.0,230.0,41.0,463.0,False
2890,2022-10-21 09:49:22.972808,-0.003095975232197956,-0.003095975232197956,-0.04999999999999716,-0.04999999999999716,16.1,16.15,16.1,16.15,460.0,230.0,41.0,463.0,False
2890,2022-10-21 09:49:28.139831,-0.003095975232197956,-0.003095975232197956,-0.04999999999999716,-0.04999999999999716,16.1,16.15,16.1,16.15,461.0,230.0,41.0,463.0,False
2890,2022-10-21 09:49:28.857321,-0.003095975232197956,-0.003095975232197956,-0.04999999999999716,-0.04999999999999716,16.1,16.15,16.1,16.15,461.0,229.0,41.0,463.0,False
2890,2022-10-21 09:49:28.881966,-0.003095975232197956,-0.003095975232197956,-0.04999999999999716,-0.04999999999999716,16.1,16.15,16.1,16.15,461.0,229.0,41.0,463.0,False
2890,2022-10-21 09:49:35.371606,-0.003095975232197956,-0.003095975232197956,-0.04999999999999716,-0.04999999999999716,16.1,16.15,16.1,16.15,461.0,229.0,41.0,463.0,False
2890,2022-10-21 09:49:36.354388,-0.003095975232197956,-0.003095975232197956,-0.04999999999999716,-0.04999999999999716,16.1,16.15,16.1,16.15,461.0,229.0,41.0,463.0,True
2890,2022-10-21 09:49:36.550464,-0.003095975232197956,-0.003095975232197956,-0.04999999999999716,-0.04999999999999716,16.1,16.15,16.1,16.15,461.0,232.0,41.0,463.0,False
2890,2022-10-21 09:49:40.209449,-0.003095975232197956,-0.003095975232197956,-0.04999999999999716,-0.04999999999999716,16.1,16.15,16.1,16.15,461.0,232.0,41.0,463.0,False
2890,2022-10-21 09:49:40.663296,-0.003095975232197956,-0.003095975232197956,-0.04999999999999716,-0.04999999999999716,16.1,16.15,16.1,16.15,461.0,212.0,41.0,463.0,False
2890,2022-10-21 09:49:43.156149,-0.003095975232197956,-0.003095975232197956,-0.04999999999999716,-0.04999999999999716,16.1,16.15,16.1,16.15,461.0,212.0,41.0,463.0,False
2890,2022-10-21 09:49:43.420903,-0.003095975232197956,-0.003095975232197956,-0.04999999999999716,-0.04999999999999716,16.1,16.15,16.1,16.15,461.0,212.0,41.0,463.0,False
2890,2022-10-21 09:49:44.901604,-0.003095975232197956,-0.003095975232197956,-0.04999999999999716,-0.04999999999999716,16.1,16.15,16.1,16.15,461.0,212.0,41.0,463.0,False
2890,2022-10-21 09:49:46.887884,-0.003095975232197956,-0.003095975232197956,-0.04999999999999716,-0.04999999999999716,16.1,16.15,16.1,16.15,461.0,212.0,41.0,463.0,False
2890,2022-10-21 09:49:54.270689,-0.003095975232197956,-0.003095975232197956,-0.04999999999999716,-0.04999999999999716,16.1,16.15,16.1,16.15,461.0,212.0,41.0,463.0,False
2890,2022-10-21 09:49:56.507370,-0.003095975232197956,-0.003095975232197956,-0.04999999999999716,-0.04999999999999716,16.1,16.15,16.1,16.15,461.0,212.0,541.0,463.0,True
2890,2022-10-21 09:49:56.622551,-0.003095975232197956,-0.003095975232197956,-0.04999999999999716,-0.04999999999999716,16.1,16.15,16.1,16.15,461.0,212.0,541.0,463.0,False
2890,2022-10-21 09:49:56.834738,-0.003095975232197956,-0.003095975232197956,-0.04999999999999716,-0.04999999999999716,16.1,16.15,16.1,16.15,461.0,207.0,541.0,463.0,False
2890,2022-10-21 09:49:58.278303,-0.003095975232197956,-0.003095975232197956,-0.04999999999999716,-0.04999999999999716,16.1,16.15,16.1,16.15,461.0,207.0,541.0,463.0,False
2890,2022-10-21 09:50:01.009708,-0.003095975232197956,-0.003095975232197956,-0.04999999999999716,-0.04999999999999716,16.1,16.15,16.1,16.15,461.0,209.0,541.0,463.0,False
2890,2022-10-21 09:50:02.886814,-0.003095975232197956,-0.003095975232197956,-0.04999999999999716,-0.04999999999999716,16.1,16.15,16.1,16.15,461.0,209.0,541.0,463.0,False
2890,2022-10-21 09:50:06.140436,-0.003095975232197956,-0.003095975232197956,-0.04999999999999716,-0.04999999999999716,16.1,16.15,16.1,16.15,461.0,209.0,541.0,463.0,False
2890,2022-10-21 09:50:09.378953,-0.003095975232197956,-0.003095975232197956,-0.04999999999999716,-0.04999999999999716,16.1,16.15,16.1,16.15,461.0,208.0,541.0,463.0,False
2890,2022-10-21 09:50:16.039834,-0.003095975232197956,-0.003095975232197956,-0.04999999999999716,-0.04999999999999716,16.1,16.15,16.1,16.15,453.0,208.0,541.0,463.0,False
2890,2022-10-21 09:50:16.651541,-0.003095975232197956,-0.003095975232197956,-0.04999999999999716,-0.04999999999999716,16.1,16.15,16.1,16.15,453.0,208.0,1041.0,463.0,True
2890,2022-10-21 09:50:19.385313,-0.003095975232197956,-0.003095975232197956,-0.04999999999999716,-0.04999999999999716,16.1,16.15,16.1,16.15,453.0,208.0,1041.0,463.0,False
2890,2022-10-21 09:50:22.993391,-0.003095975232197956,-0.003095975232197956,-0.04999999999999716,-0.04999999999999716,16.1,16.15,16.1,16.15,453.0,208.0,1041.0,463.0,False
2890,2022-10-21 09:50:22.994764,-0.003095975232197956,-0.003095975232197956,-0.04999999999999716,-0.04999999999999716,16.1,16.15,16.1,16.15,453.0,208.0,1041.0,463.0,False
2890,2022-10-21 09:50:23.117023,-0.003095975232197956,-0.003095975232197956,-0.04999999999999716,-0.04999999999999716,16.1,16.15,16.1,16.15,453.0,208.0,1041.0,463.0,False
2890,2022-10-21 09:50:26.702325,-0.003095975232197956,-0.003095975232197956,-0.04999999999999716,-0.04999999999999716,16.1,16.15,16.1,16.15,453.0,208.0,1100.0,322.0,True
2890,2022-10-21 09:50:28.517199,-0.003095975232197956,-0.003095975232197956,-0.04999999999999716,-0.04999999999999716,16.1,16.15,16.1,16.15,453.0,208.0,1100.0,322.0,False
2890,2022-10-21 09:50:28.585920,-0.003095975232197956,-0.003095975232197956,-0.04999999999999716,-0.04999999999999716,16.1,16.15,16.1,16.15,454.0,208.0,1100.0,322.0,False
2890,2022-10-21 09:50:33.686880,-0.003095975232197956,-0.003095975232197956,-0.04999999999999716,-0.04999999999999716,16.1,16.15,16.1,16.15,454.0,208.0,1100.0,322.0,False
2890,2022-10-21 09:50:34.459966,-0.003095975232197956,-0.003095975232197956,-0.04999999999999716,-0.04999999999999716,16.1,16.15,16.1,16.15,454.0,208.0,1100.0,322.0,False
2890,2022-10-21 09:50:34.460319,-0.003095975232197956,-0.003095975232197956,-0.04999999999999716,-0.04999999999999716,16.1,16.15,16.1,16.15,454.0,205.0,1100.0,322.0,False
2890,2022-10-21 09:50:34.460083,-0.003095975232197956,-0.003095975232197956,-0.04999999999999716,-0.04999999999999716,16.1,16.15,16.1,16.15,454.0,207.0,1100.0,322.0,False
2890,2022-10-21 09:50:34.713449,-0.003095975232197956,-0.003095975232197956,-0.04999999999999716,-0.04999999999999716,16.1,16.15,16.1,16.15,454.0,216.0,1100.0,322.0,False
2890,2022-10-21 09:50:36.378996,-0.003095975232197956,-0.003095975232197956,-0.04999999999999716,-0.04999999999999716,16.1,16.15,16.1,16.15,454.0,217.0,1100.0,322.0,False
2890,2022-10-21 09:50:38.607703,-0.003095975232197956,-0.003095975232197956,-0.04999999999999716,-0.04999999999999716,16.1,16.15,16.1,16.15,454.0,217.0,1100.0,322.0,False
2890,2022-10-21 09:50:46.307980,-0.003095975232197956,-0.003095975232197956,-0.04999999999999716,-0.04999999999999716,16.1,16.15,16.1,16.15,455.0,217.0,1100.0,322.0,False
2890,2022-10-21 09:50:56.835917,-0.003095975232197956,-0.003095975232197956,-0.04999999999999716,-0.04999999999999716,16.1,16.15,16.1,16.15,455.0,217.0,1219.0,322.0,True
2890,2022-10-21 09:51:02.600947,-0.003095975232197956,-0.003095975232197956,-0.04999999999999716,-0.04999999999999716,16.1,16.15,16.1,16.15,455.0,217.0,1219.0,322.0,False
2890,2022-10-21 09:51:04.491361,-0.003095975232197956,-0.003095975232197956,-0.04999999999999716,-0.04999999999999716,16.1,16.15,16.1,16.15,455.0,217.0,1219.0,322.0,False
2890,2022-10-21 09:51:06.121075,-0.003095975232197956,-0.003095975232197956,-0.04999999999999716,-0.04999999999999716,16.1,16.15,16.1,16.15,455.0,218.0,1219.0,322.0,False
2890,2022-10-21 09:51:06.875760,-0.003095975232197956,-0.003095975232197956,-0.04999999999999716,-0.04999999999999716,16.1,16.15,16.1,16.15,455.0,218.0,1219.0,303.0,True
2890,2022-10-21 09:51:14.355489,-0.003095975232197956,-0.003095975232197956,-0.04999999999999716,-0.04999999999999716,16.1,16.15,16.1,16.15,455.0,218.0,1219.0,303.0,False
2890,2022-10-21 09:51:14.379707,-0.003095975232197956,-0.003095975232197956,-0.04999999999999716,-0.04999999999999716,16.1,16.15,16.1,16.15,455.0,218.0,1219.0,303.0,False
2890,2022-10-21 09:51:14.914443,-0.003095975232197956,-0.003095975232197956,-0.04999999999999716,-0.04999999999999716,16.1,16.15,16.1,16.15,455.0,217.0,1219.0,303.0,False
2890,2022-10-21 09:51:15.502774,-0.003095975232197956,-0.003095975232197956,-0.04999999999999716,-0.04999999999999716,16.1,16.15,16.1,16.15,455.0,217.0,1219.0,303.0,False
2890,2022-10-21 09:51:20.383824,-0.003095975232197956,-0.003095975232197956,-0.04999999999999716,-0.04999999999999716,16.1,16.15,16.1,16.15,456.0,217.0,1219.0,303.0,False
2890,2022-10-21 09:51:23.066681,-0.003095975232197956,-0.003095975232197956,-0.04999999999999716,-0.04999999999999716,16.1,16.15,16.1,16.15,456.0,217.0,1219.0,303.0,False
2890,2022-10-21 09:51:25.823027,-0.003095975232197956,-0.003095975232197956,-0.04999999999999716,-0.04999999999999716,16.1,16.15,16.1,16.15,457.0,217.0,1219.0,303.0,False
2890,2022-10-21 09:51:26.958699,-0.003095975232197956,-0.003095975232197956,-0.04999999999999716,-0.04999999999999716,16.1,16.15,16.1,16.15,457.0,217.0,1269.0,303.0,True
2890,2022-10-21 09:51:36.142982,-0.003095975232197956,-0.003095975232197956,-0.04999999999999716,-0.04999999999999716,16.1,16.15,16.1,16.15,457.0,217.0,1269.0,303.0,False
2890,2022-10-21 09:51:40.172462,-0.003095975232197956,-0.003095975232197956,-0.04999999999999716,-0.04999999999999716,16.1,16.15,16.1,16.15,457.0,217.0,1269.0,303.0,False
2890,2022-10-21 09:51:40.659419,-0.003095975232197956,-0.003095975232197956,-0.04999999999999716,-0.04999999999999716,16.1,16.15,16.1,16.15,457.0,212.0,1269.0,303.0,False
2890,2022-10-21 09:51:47.041537,-0.003095975232197956,-0.003095975232197956,-0.04999999999999716,-0.04999999999999716,16.1,16.15,16.1,16.15,457.0,212.0,1269.0,353.0,True
2890,2022-10-21 09:51:57.098776,-0.003095975232197956,-0.003095975232197956,-0.04999999999999716,-0.04999999999999716,16.1,16.15,16.1,16.15,457.0,212.0,1769.0,353.0,True
2890,2022-10-21 09:51:58.584331,-0.003095975232197956,-0.003095975232197956,-0.04999999999999716,-0.04999999999999716,16.1,16.15,16.1,16.15,457.0,213.0,1769.0,353.0,False
2890,2022-10-21 09:51:58.933496,-0.003095975232197956,-0.003095975232197956,-0.04999999999999716,-0.04999999999999716,16.1,16.15,16.1,16.15,457.0,213.0,1769.0,353.0,False
2890,2022-10-21 09:52:06.246951,-0.003095975232197956,-0.003095975232197956,-0.04999999999999716,-0.04999999999999716,16.1,16.15,16.1,16.15,457.0,213.0,1769.0,353.0,False
2890,2022-10-21 09:52:06.372750,-0.003095975232197956,-0.003095975232197956,-0.04999999999999716,-0.04999999999999716,16.1,16.15,16.1,16.15,457.0,213.0,1769.0,353.0,True
2890,2022-10-21 09:52:06.748544,-0.003095975232197956,-0.003095975232197956,-0.04999999999999716,-0.04999999999999716,16.1,16.15,16.1,16.15,457.0,213.0,1769.0,353.0,False
2890,2022-10-21 09:52:16.413852,-0.003095975232197956,-0.003095975232197956,-0.04999999999999716,-0.04999999999999716,16.1,16.15,16.1,16.15,457.0,213.0,1769.0,345.0,True
2890,2022-10-21 09:52:16.869285,-0.003095975232197956,-0.003095975232197956,-0.04999999999999716,-0.04999999999999716,16.1,16.15,16.1,16.15,457.0,213.0,1769.0,345.0,False
2890,2022-10-21 09:52:17.560811,-0.003095975232197956,-0.003095975232197956,-0.04999999999999716,-0.04999999999999716,16.1,16.15,16.1,16.15,457.0,208.0,1769.0,345.0,False
2890,2022-10-21 09:52:18.986177,-0.003095975232197956,-0.003095975232197956,-0.04999999999999716,-0.04999999999999716,16.1,16.15,16.1,16.15,457.0,213.0,1769.0,345.0,False
2890,2022-10-21 09:52:20.239291,-0.003095975232197956,-0.003095975232197956,-0.04999999999999716,-0.04999999999999716,16.1,16.15,16.1,16.15,457.0,214.0,1769.0,345.0,False
2890,2022-10-21 09:52:20.806036,-0.003095975232197956,-0.003095975232197956,-0.04999999999999716,-0.04999999999999716,16.1,16.15,16.1,16.15,457.0,214.0,1769.0,345.0,False
2890,2022-10-21 09:52:20.830011,-0.003095975232197956,-0.003095975232197956,-0.04999999999999716,-0.04999999999999716,16.1,16.15,16.1,16.15,457.0,214.0,1769.0,345.0,False
2890,2022-10-21 09:52:21.240802,-0.003095975232197956,-0.003095975232197956,-0.04999999999999716,-0.04999999999999716,16.1,16.15,16.1,16.15,457.0,214.0,1769.0,345.0,False
2890,2022-10-21 09:52:21.821254,-0.003095975232197956,-0.003095975232197956,-0.04999999999999716,-0.04999999999999716,16.1,16.15,16.1,16.15,457.0,213.0,1769.0,345.0,False
2890,2022-10-21 09:52:26.461264,-0.003095975232197956,-0.003095975232197956,-0.04999999999999716,-0.04999999999999716,16.1,16.15,16.1,16.15,457.0,213.0,1769.0,126.0,True
2890,2022-10-21 09:52:27.622344,-0.003095975232197956,-0.003095975232197956,-0.04999999999999716,-0.04999999999999716,16.1,16.15,16.1,16.15,458.0,213.0,1769.0,126.0,False
2890,2022-10-21 09:52:28.409638,-0.003095975232197956,-0.003095975232197956,-0.04999999999999716,-0.04999999999999716,16.1,16.15,16.1,16.15,458.0,212.0,1769.0,126.0,False
2890,2022-10-21 09:52:34.365325,-0.003095975232197956,-0.003095975232197956,-0.04999999999999716,-0.04999999999999716,16.1,16.15,16.1,16.15,459.0,212.0,1769.0,126.0,False
2890,2022-10-21 09:52:35.775335,-0.003095975232197956,-0.003095975232197956,-0.04999999999999716,-0.04999999999999716,16.1,16.15,16.1,16.15,459.0,212.0,1769.0,126.0,False
2890,2022-10-21 09:52:35.971648,-0.003095975232197956,-0.003095975232197956,-0.04999999999999716,-0.04999999999999716,16.1,16.15,16.1,16.15,459.0,212.0,1769.0,126.0,False
2890,2022-10-21 09:52:36.506509,-0.003095975232197956,-0.003095975232197956,-0.04999999999999716,-0.04999999999999716,16.1,16.15,16.1,16.15,459.0,212.0,1769.0,126.0,True
2890,2022-10-21 09:52:37.405804,-0.003095975232197956,-0.003095975232197956,-0.04999999999999716,-0.04999999999999716,16.1,16.15,16.1,16.15,457.0,212.0,1769.0,126.0,False
2890,2022-10-21 09:52:46.120195,-0.003095975232197956,-0.003095975232197956,-0.04999999999999716,-0.04999999999999716,16.1,16.15,16.1,16.15,457.0,212.0,1769.0,126.0,False
2890,2022-10-21 09:52:50.056600,-0.003095975232197956,-0.003095975232197956,-0.04999999999999716,-0.04999999999999716,16.1,16.15,16.1,16.15,457.0,212.0,1769.0,126.0,False
2890,2022-10-21 09:52:50.060456,-0.003095975232197956,-0.003095975232197956,-0.04999999999999716,-0.04999999999999716,16.1,16.15,16.1,16.15,457.0,212.0,1769.0,126.0,False
2890,2022-10-21 09:53:04.139352,-0.003095975232197956,-0.003095975232197956,-0.04999999999999716,-0.04999999999999716,16.1,16.15,16.1,16.15,457.0,208.0,1769.0,126.0,False
2890,2022-10-21 09:53:05.197748,-0.003095975232197956,-0.003095975232197956,-0.04999999999999716,-0.04999999999999716,16.1,16.15,16.1,16.15,457.0,208.0,1769.0,126.0,False
2890,2022-10-21 09:53:06.170950,-0.003095975232197956,-0.003095975232197956,-0.04999999999999716,-0.04999999999999716,16.1,16.15,16.1,16.15,457.0,208.0,1769.0,126.0,False
2890,2022-10-21 09:53:14.126788,-0.003095975232197956,-0.003095975232197956,-0.04999999999999716,-0.04999999999999716,16.1,16.15,16.1,16.15,457.0,208.0,1769.0,126.0,False
2890,2022-10-21 09:53:16.953460,-0.003095975232197956,-0.003095975232197956,-0.04999999999999716,-0.04999999999999716,16.1,16.15,16.1,16.15,456.0,208.0,1769.0,126.0,False
2890,2022-10-21 09:53:17.453382,-0.003095975232197956,-0.003095975232197956,-0.04999999999999716,-0.04999999999999716,16.1,16.15,16.1,16.15,456.0,209.0,1769.0,126.0,False
2890,2022-10-21 09:53:26.698030,-0.003095975232197956,-0.003095975232197956,-0.04999999999999716,-0.04999999999999716,16.1,16.15,16.1,16.15,456.0,209.0,1719.0,276.0,True
2890,2022-10-21 09:53:29.110660,-0.003095975232197956,-0.003095975232197956,-0.04999999999999716,-0.04999999999999716,16.1,16.15,16.1,16.15,456.0,209.0,1719.0,276.0,False
2890,2022-10-21 09:53:29.370276,-0.003095975232197956,-0.003095975232197956,-0.04999999999999716,-0.04999999999999716,16.1,16.15,16.1,16.15,456.0,209.0,1719.0,276.0,False
2890,2022-10-21 09:53:29.636138,-0.003095975232197956,-0.003095975232197956,-0.04999999999999716,-0.04999999999999716,16.1,16.15,16.1,16.15,456.0,209.0,1719.0,276.0,False
2890,2022-10-21 09:53:31.532380,-0.003095975232197956,-0.003095975232197956,-0.04999999999999716,-0.04999999999999716,16.1,16.15,16.1,16.15,456.0,210.0,1719.0,276.0,False
2890,2022-10-21 09:53:32.220731,-0.003095975232197956,-0.003095975232197956,-0.04999999999999716,-0.04999999999999716,16.1,16.15,16.1,16.15,456.0,210.0,1719.0,276.0,False
2890,2022-10-21 09:53:34.322681,-0.003095975232197956,-0.003095975232197956,-0.04999999999999716,-0.04999999999999716,16.1,16.15,16.1,16.15,456.0,210.0,1719.0,276.0,False
2890,2022-10-21 09:53:34.429862,-0.003095975232197956,-0.003095975232197956,-0.04999999999999716,-0.04999999999999716,16.1,16.15,16.1,16.15,560.0,210.0,1719.0,276.0,False
2890,2022-10-21 09:53:34.383002,-0.003095975232197956,-0.003095975232197956,-0.04999999999999716,-0.04999999999999716,16.1,16.15,16.1,16.15,575.0,210.0,1719.0,276.0,False
2890,2022-10-21 09:53:34.577203,-0.003095975232197956,-0.003095975232197956,-0.04999999999999716,-0.04999999999999716,16.1,16.15,16.1,16.15,560.0,206.0,1719.0,276.0,False
2890,2022-10-21 09:53:39.018047,-0.003095975232197956,-0.003095975232197956,-0.04999999999999716,-0.04999999999999716,16.1,16.15,16.1,16.15,560.0,206.0,1719.0,276.0,False
2890,2022-10-21 09:53:43.241633,-0.003095975232197956,-0.003095975232197956,-0.04999999999999716,-0.04999999999999716,16.1,16.15,16.1,16.15,560.0,200.0,1719.0,276.0,False
2890,2022-10-21 09:53:46.779508,-0.003095975232197956,-0.003095975232197956,-0.04999999999999716,-0.04999999999999716,16.1,16.15,16.1,16.15,560.0,200.0,1719.0,326.0,True
2890,2022-10-21 09:53:52.205947,-0.003095975232197956,-0.003095975232197956,-0.04999999999999716,-0.04999999999999716,16.1,16.15,16.1,16.15,565.0,200.0,1719.0,326.0,False
2890,2022-10-21 09:53:54.800358,-0.003095975232197956,-0.003095975232197956,-0.04999999999999716,-0.04999999999999716,16.1,16.15,16.1,16.15,565.0,200.0,1719.0,326.0,False
2890,2022-10-21 09:53:55.286028,-0.003095975232197956,-0.003095975232197956,-0.04999999999999716,-0.04999999999999716,16.1,16.15,16.1,16.15,565.0,199.0,1719.0,326.0,False
2890,2022-10-21 09:53:56.818566,-0.003095975232197956,-0.003095975232197956,-0.04999999999999716,-0.04999999999999716,16.1,16.15,16.1,16.15,565.0,199.0,1719.0,326.0,True
2890,2022-10-21 09:54:02.014536,-0.003095975232197956,-0.003095975232197956,-0.04999999999999716,-0.04999999999999716,16.1,16.15,16.1,16.15,565.0,199.0,1719.0,326.0,False
2890,2022-10-21 09:54:02.410749,-0.003095975232197956,-0.003095975232197956,-0.04999999999999716,-0.04999999999999716,16.1,16.15,16.1,16.15,566.0,199.0,1719.0,326.0,False
2890,2022-10-21 09:54:04.152629,-0.003095975232197956,-0.003095975232197956,-0.04999999999999716,-0.04999999999999716,16.1,16.15,16.1,16.15,566.0,200.0,1719.0,326.0,False
2890,2022-10-21 09:54:05.588318,-0.003095975232197956,-0.003095975232197956,-0.04999999999999716,-0.04999999999999716,16.1,16.15,16.1,16.15,567.0,200.0,1719.0,326.0,False
2890,2022-10-21 09:54:06.306939,-0.003095975232197956,-0.003095975232197956,-0.04999999999999716,-0.04999999999999716,16.1,16.15,16.1,16.15,567.0,200.0,1719.0,326.0,False
2890,2022-10-21 09:54:06.857628,-0.003095975232197956,-0.003095975232197956,-0.04999999999999716,-0.04999999999999716,16.1,16.15,16.1,16.15,567.0,200.0,1719.0,126.0,True
2890,2022-10-21 09:54:13.715055,-0.003095975232197956,-0.003095975232197956,-0.04999999999999716,-0.04999999999999716,16.1,16.15,16.1,16.15,627.0,200.0,1719.0,126.0,False
2890,2022-10-21 09:54:15.823918,-0.003095975232197956,-0.003095975232197956,-0.04999999999999716,-0.04999999999999716,16.1,16.15,16.1,16.15,627.0,200.0,1719.0,126.0,False
2890,2022-10-21 09:54:15.824884,-0.003095975232197956,-0.003095975232197956,-0.04999999999999716,-0.04999999999999716,16.1,16.15,16.1,16.15,627.0,105.0,1719.0,126.0,False
2890,2022-10-21 09:54:15.825382,-0.003095975232197956,-0.003095975232197956,-0.04999999999999716,-0.04999999999999716,16.1,16.15,16.1,16.15,627.0,105.0,1719.0,126.0,False
2890,2022-10-21 09:54:15.859780,-0.003095975232197956,-0.003095975232197956,-0.04999999999999716,-0.04999999999999716,16.1,16.15,16.1,16.15,627.0,101.0,1719.0,126.0,False
2890,2022-10-21 09:54:15.919393,-0.003095975232197956,-0.003095975232197956,-0.04999999999999716,-0.04999999999999716,16.1,16.15,16.1,16.15,662.0,52.0,1719.0,126.0,False
2890,2022-10-21 09:54:15.931300,-0.003095975232197956,-0.003095975232197956,-0.04999999999999716,-0.04999999999999716,16.1,16.15,16.1,16.15,662.0,51.0,1719.0,126.0,False
2890,2022-10-21 09:54:15.965721,-0.003095975232197956,-0.003095975232197956,-0.04999999999999716,-0.04999999999999716,16.1,16.15,16.1,16.15,662.0,42.0,1719.0,126.0,False
2890,2022-10-21 09:54:15.908002,-0.003095975232197956,-0.003095975232197956,-0.04999999999999716,-0.04999999999999716,16.1,16.15,16.1,16.15,662.0,102.0,1719.0,126.0,False
2890,2022-10-21 09:54:15.997768,-0.003095975232197956,-0.003095975232197956,-0.04999999999999716,-0.04999999999999716,16.1,16.15,16.1,16.15,680.0,42.0,1719.0,126.0,False
2890,2022-10-21 09:54:16.205145,-0.003095975232197956,-0.003095975232197956,-0.04999999999999716,-0.04999999999999716,16.1,16.15,16.1,16.15,680.0,43.0,1719.0,126.0,False
2890,2022-10-21 09:54:16.250732,-0.003095975232197956,-0.003095975232197956,-0.04999999999999716,-0.04999999999999716,16.1,16.15,16.1,16.15,698.0,43.0,1719.0,126.0,False
2890,2022-10-21 09:54:16.830980,-0.003095975232197956,-0.003095975232197956,-0.04999999999999716,-0.04999999999999716,16.1,16.15,16.1,16.15,698.0,43.0,1719.0,126.0,False
2890,2022-10-21 09:54:16.899837,-0.003095975232197956,-0.003095975232197956,-0.04999999999999716,-0.04999999999999716,16.1,16.15,16.1,16.15,698.0,43.0,1719.0,76.0,True
2890,2022-10-21 09:54:17.407045,-0.006172839506172756,-0.003095975232197956,-0.09999999999999787,-0.04999999999999716,16.1,16.2,16.1,16.15,698.0,287.0,1719.0,76.0,False
2890,2022-10-21 09:54:17.429743,-0.006172839506172756,-0.003095975232197956,-0.09999999999999787,-0.04999999999999716,16.1,16.2,16.1,16.15,707.0,287.0,1719.0,76.0,False
2890,2022-10-21 09:54:17.461763,-0.006172839506172756,-0.003095975232197956,-0.09999999999999787,-0.04999999999999716,16.1,16.2,16.1,16.15,730.0,286.0,1719.0,76.0,False
2890,2022-10-21 09:54:17.525626,-0.006172839506172756,-0.003095975232197956,-0.09999999999999787,-0.04999999999999716,16.1,16.2,16.1,16.15,730.0,287.0,1719.0,76.0,False
2890,2022-10-21 09:54:17.656730,-0.006172839506172756,-0.003095975232197956,-0.09999999999999787,-0.04999999999999716,16.1,16.2,16.1,16.15,730.0,287.0,1719.0,76.0,False
2890,2022-10-21 09:54:17.934199,-0.006172839506172756,0.0,-0.09999999999999787,0.0,16.15,16.2,16.1,16.15,2.0,287.0,1719.0,76.0,False
2890,2022-10-21 09:54:17.975265,-0.006172839506172756,0.0,-0.09999999999999787,0.0,16.15,16.2,16.1,16.15,3.0,287.0,1719.0,76.0,False
2890,2022-10-21 09:54:18.053560,-0.006172839506172756,0.0,-0.09999999999999787,0.0,16.15,16.2,16.1,16.15,169.0,287.0,1719.0,76.0,False
2890,2022-10-21 09:54:18.044012,-0.006172839506172756,0.0,-0.09999999999999787,0.0,16.15,16.2,16.1,16.15,170.0,287.0,1719.0,76.0,False
2890,2022-10-21 09:54:18.126291,-0.006172839506172756,0.0,-0.09999999999999787,0.0,16.15,16.2,16.1,16.15,197.0,287.0,1719.0,76.0,False
2890,2022-10-21 09:54:18.270662,-0.006172839506172756,0.0,-0.09999999999999787,0.0,16.15,16.2,16.1,16.15,214.0,287.0,1719.0,76.0,False
2890,2022-10-21 09:54:19.415169,-0.006172839506172756,0.0,-0.09999999999999787,0.0,16.15,16.2,16.1,16.15,214.0,287.0,1719.0,76.0,False
2890,2022-10-21 09:54:19.613248,-0.006172839506172756,0.0,-0.09999999999999787,0.0,16.15,16.2,16.1,16.15,214.0,287.0,1719.0,76.0,False
2890,2022-10-21 09:54:19.686997,-0.006172839506172756,0.0,-0.09999999999999787,0.0,16.15,16.2,16.1,16.15,148.0,287.0,1719.0,76.0,False
2890,2022-10-21 09:54:20.034209,-0.006172839506172756,0.0,-0.09999999999999787,0.0,16.15,16.2,16.1,16.15,148.0,286.0,1719.0,76.0,False
2890,2022-10-21 09:54:20.046156,-0.006172839506172756,0.0,-0.09999999999999787,0.0,16.15,16.2,16.1,16.15,150.0,286.0,1719.0,76.0,False
2890,2022-10-21 09:54:26.224989,-0.006172839506172756,0.0,-0.09999999999999787,0.0,16.15,16.2,16.1,16.15,150.0,287.0,1719.0,76.0,False
2890,2022-10-21 09:54:26.944247,-0.006172839506172756,0.0,-0.09999999999999787,0.0,16.15,16.2,16.1,16.15,150.0,287.0,1734.0,76.0,True
2890,2022-10-21 09:54:27.411872,-0.006172839506172756,0.0,-0.09999999999999787,0.0,16.15,16.2,16.1,16.15,150.0,287.0,1734.0,76.0,False
2890,2022-10-21 09:54:27.490626,-0.006172839506172756,0.0,-0.09999999999999787,0.0,16.15,16.2,16.1,16.15,210.0,287.0,1734.0,76.0,False
2890,2022-10-21 09:54:32.252063,-0.006172839506172756,0.0,-0.09999999999999787,0.0,16.15,16.2,16.1,16.15,217.0,287.0,1734.0,76.0,False
2890,2022-10-21 09:54:34.020739,-0.006172839506172756,0.0,-0.09999999999999787,0.0,16.15,16.2,16.1,16.15,177.0,287.0,1734.0,76.0,False
2890,2022-10-21 09:54:34.080815,-0.006172839506172756,0.0,-0.09999999999999787,0.0,16.15,16.2,16.1,16.15,177.0,288.0,1734.0,76.0,False
2890,2022-10-21 09:54:35.307666,-0.006172839506172756,0.0,-0.09999999999999787,0.0,16.15,16.2,16.1,16.15,178.0,288.0,1734.0,76.0,False
2890,2022-10-21 09:54:36.915297,-0.006172839506172756,0.0,-0.09999999999999787,0.0,16.15,16.2,16.1,16.15,178.0,288.0,1734.0,76.0,False
2890,2022-10-21 09:54:36.985053,-0.006172839506172756,0.0,-0.09999999999999787,0.0,16.15,16.2,16.1,16.15,178.0,288.0,1734.0,26.0,True
2890,2022-10-21 09:54:39.066807,-0.006172839506172756,0.0,-0.09999999999999787,0.0,16.15,16.2,16.1,16.15,178.0,288.0,1734.0,26.0,False
2890,2022-10-21 09:54:39.101195,-0.006172839506172756,0.0,-0.09999999999999787,0.0,16.15,16.2,16.1,16.15,221.0,288.0,1734.0,26.0,False
2890,2022-10-21 09:54:39.192220,-0.006172839506172756,0.0,-0.09999999999999787,0.0,16.15,16.2,16.1,16.15,270.0,288.0,1734.0,26.0,False
2890,2022-10-21 09:54:42.290758,-0.006172839506172756,0.0,-0.09999999999999787,0.0,16.15,16.2,16.1,16.15,270.0,288.0,1734.0,26.0,False
2890,2022-10-21 09:54:42.353919,-0.006172839506172756,0.0,-0.09999999999999787,0.0,16.15,16.2,16.1,16.15,270.0,288.0,1734.0,26.0,False
2890,2022-10-21 09:54:42.405279,-0.006172839506172756,0.0,-0.09999999999999787,0.0,16.15,16.2,16.1,16.15,346.0,288.0,1734.0,26.0,False
2890,2022-10-21 09:54:42.983400,-0.006172839506172756,0.0,-0.09999999999999787,0.0,16.15,16.2,16.1,16.15,346.0,288.0,1734.0,26.0,False
2890,2022-10-21 09:54:42.988144,-0.006172839506172756,0.0,-0.09999999999999787,0.0,16.15,16.2,16.1,16.15,346.0,283.0,1734.0,26.0,False
2890,2022-10-21 09:54:42.996065,-0.006172839506172756,0.0,-0.09999999999999787,0.0,16.15,16.2,16.1,16.15,346.0,283.0,1734.0,26.0,False
2890,2022-10-21 09:54:43.054907,-0.006172839506172756,0.0,-0.09999999999999787,0.0,16.15,16.2,16.1,16.15,346.0,283.0,1734.0,26.0,False
2890,2022-10-21 09:54:45.512519,-0.006172839506172756,0.0,-0.09999999999999787,0.0,16.15,16.2,16.1,16.15,346.0,283.0,1734.0,26.0,False
2890,2022-10-21 09:54:46.924647,-0.006172839506172756,0.0,-0.09999999999999787,0.0,16.15,16.2,16.1,16.15,346.0,283.0,1734.0,26.0,False
2890,2022-10-21 09:54:47.668739,-0.006172839506172756,0.0,-0.09999999999999787,0.0,16.15,16.2,16.1,16.15,286.0,283.0,1734.0,26.0,False
2890,2022-10-21 09:54:47.773663,-0.006172839506172756,0.0,-0.09999999999999787,0.0,16.15,16.2,16.1,16.15,286.0,283.0,1734.0,26.0,False
2890,2022-10-21 09:54:47.777239,-0.006172839506172756,0.0,-0.09999999999999787,0.0,16.15,16.2,16.1,16.15,286.0,283.0,1734.0,26.0,False
2890,2022-10-21 09:54:50.037862,-0.006172839506172756,0.0,-0.09999999999999787,0.0,16.15,16.2,16.1,16.15,286.0,283.0,1734.0,26.0,False
2890,2022-10-21 09:54:52.926377,-0.006172839506172756,0.0,-0.09999999999999787,0.0,16.15,16.2,16.1,16.15,286.0,283.0,1734.0,26.0,False
2890,2022-10-21 09:54:54.889894,-0.006172839506172756,0.0,-0.09999999999999787,0.0,16.15,16.2,16.1,16.15,286.0,283.0,1734.0,26.0,False
2890,2022-10-21 09:54:57.174708,-0.006172839506172756,0.0,-0.09999999999999787,0.0,16.15,16.2,16.1,16.15,286.0,283.0,1734.0,41.0,True
2890,2022-10-21 09:54:57.880601,-0.006172839506172756,0.0,-0.09999999999999787,0.0,16.15,16.2,16.1,16.15,286.0,283.0,1734.0,41.0,False
2890,2022-10-21 09:54:58.755108,-0.006172839506172756,0.0,-0.09999999999999787,0.0,16.15,16.2,16.1,16.15,286.0,283.0,1734.0,41.0,False
2890,2022-10-21 09:55:00.779944,-0.006172839506172756,0.0,-0.09999999999999787,0.0,16.15,16.2,16.1,16.15,286.0,283.0,1734.0,41.0,False
2890,2022-10-21 09:55:04.362596,-0.006172839506172756,0.0,-0.09999999999999787,0.0,16.15,16.2,16.1,16.15,291.0,283.0,1734.0,41.0,False
2890,2022-10-21 09:55:06.068107,-0.006172839506172756,0.0,-0.09999999999999787,0.0,16.15,16.2,16.1,16.15,291.0,283.0,1734.0,41.0,False
2890,2022-10-21 09:55:06.376817,-0.0030864197530864335,-0.0030864197530864335,-0.05000000000000071,-0.05000000000000071,16.15,16.2,16.15,16.2,291.0,283.0,239.0,605.0,True
2890,2022-10-21 09:55:09.163311,-0.0030864197530864335,-0.0030864197530864335,-0.05000000000000071,-0.05000000000000071,16.15,16.2,16.15,16.2,291.0,283.0,239.0,605.0,False
2890,2022-10-21 09:55:09.903463,-0.0030864197530864335,-0.0030864197530864335,-0.05000000000000071,-0.05000000000000071,16.15,16.2,16.15,16.2,253.0,283.0,239.0,605.0,False
2890,2022-10-21 09:55:09.935517,-0.0030864197530864335,-0.0030864197530864335,-0.05000000000000071,-0.05000000000000071,16.15,16.2,16.15,16.2,281.0,278.0,239.0,605.0,False
2890,2022-10-21 09:55:09.944062,-0.0030864197530864335,-0.0030864197530864335,-0.05000000000000071,-0.05000000000000071,16.15,16.2,16.15,16.2,281.0,278.0,239.0,605.0,False
2890,2022-10-21 09:55:14.626545,-0.0030864197530864335,-0.0030864197530864335,-0.05000000000000071,-0.05000000000000071,16.15,16.2,16.15,16.2,283.0,278.0,239.0,605.0,False
2890,2022-10-21 09:55:15.425226,-0.0030864197530864335,-0.0030864197530864335,-0.05000000000000071,-0.05000000000000071,16.15,16.2,16.15,16.2,283.0,278.0,239.0,605.0,False
2890,2022-10-21 09:55:16.394631,-0.0030864197530864335,-0.0030864197530864335,-0.05000000000000071,-0.05000000000000071,16.15,16.2,16.15,16.2,283.0,278.0,239.0,605.0,True
2890,2022-10-21 09:55:17.969720,-0.0030864197530864335,-0.0030864197530864335,-0.05000000000000071,-0.05000000000000071,16.15,16.2,16.15,16.2,283.0,278.0,239.0,605.0,False
2890,2022-10-21 09:55:18.814488,-0.0030864197530864335,-0.0030864197530864335,-0.05000000000000071,-0.05000000000000071,16.15,16.2,16.15,16.2,283.0,278.0,239.0,605.0,False
2890,2022-10-21 09:55:21.137341,-0.0030864197530864335,-0.0030864197530864335,-0.05000000000000071,-0.05000000000000071,16.15,16.2,16.15,16.2,285.0,278.0,239.0,605.0,False
2890,2022-10-21 09:55:23.681598,-0.0030864197530864335,-0.0030864197530864335,-0.05000000000000071,-0.05000000000000071,16.15,16.2,16.15,16.2,305.0,278.0,239.0,605.0,False
2890,2022-10-21 09:55:23.683218,-0.0030864197530864335,-0.0030864197530864335,-0.05000000000000071,-0.05000000000000071,16.15,16.2,16.15,16.2,305.0,278.0,239.0,605.0,False
2890,2022-10-21 09:55:24.012391,-0.0030864197530864335,-0.0030864197530864335,-0.05000000000000071,-0.05000000000000071,16.15,16.2,16.15,16.2,305.0,279.0,239.0,605.0,False
2890,2022-10-21 09:55:26.418727,-0.0030864197530864335,-0.0030864197530864335,-0.05000000000000071,-0.05000000000000071,16.15,16.2,16.15,16.2,305.0,279.0,239.0,605.0,True
2890,2022-10-21 09:55:29.201051,-0.0030864197530864335,-0.0030864197530864335,-0.05000000000000071,-0.05000000000000071,16.15,16.2,16.15,16.2,306.0,279.0,239.0,605.0,False
2890,2022-10-21 09:55:33.794201,-0.0030864197530864335,-0.0030864197530864335,-0.05000000000000071,-0.05000000000000071,16.15,16.2,16.15,16.2,306.0,280.0,239.0,605.0,False
2890,2022-10-21 09:55:34.056396,-0.0030864197530864335,-0.0030864197530864335,-0.05000000000000071,-0.05000000000000071,16.15,16.2,16.15,16.2,305.0,280.0,239.0,605.0,False
2890,2022-10-21 09:55:36.446134,-0.0030864197530864335,-0.0030864197530864335,-0.05000000000000071,-0.05000000000000071,16.15,16.2,16.15,16.2,305.0,280.0,239.0,605.0,True
2890,2022-10-21 09:55:37.508843,-0.0030864197530864335,-0.0030864197530864335,-0.05000000000000071,-0.05000000000000071,16.15,16.2,16.15,16.2,305.0,282.0,239.0,605.0,False
2890,2022-10-21 09:55:44.412766,-0.0030864197530864335,-0.0030864197530864335,-0.05000000000000071,-0.05000000000000071,16.15,16.2,16.15,16.2,305.0,278.0,239.0,605.0,False
2890,2022-10-21 09:55:44.905530,-0.0030864197530864335,-0.0030864197530864335,-0.05000000000000071,-0.05000000000000071,16.15,16.2,16.15,16.2,305.0,278.0,239.0,605.0,False
2890,2022-10-21 09:55:45.663652,-0.0030864197530864335,-0.0030864197530864335,-0.05000000000000071,-0.05000000000000071,16.15,16.2,16.15,16.2,305.0,278.0,239.0,605.0,False
2890,2022-10-21 09:55:46.152074,-0.0030864197530864335,-0.0030864197530864335,-0.05000000000000071,-0.05000000000000071,16.15,16.2,16.15,16.2,305.0,278.0,239.0,605.0,False
2890,2022-10-21 09:55:46.472762,-0.0030864197530864335,-0.0030864197530864335,-0.05000000000000071,-0.05000000000000071,16.15,16.2,16.15,16.2,305.0,278.0,239.0,605.0,True
2890,2022-10-21 09:55:49.003341,-0.0030864197530864335,-0.0030864197530864335,-0.05000000000000071,-0.05000000000000071,16.15,16.2,16.15,16.2,300.0,278.0,239.0,605.0,False
2890,2022-10-21 09:55:54.246525,-0.0030864197530864335,-0.0030864197530864335,-0.05000000000000071,-0.05000000000000071,16.15,16.2,16.15,16.2,301.0,278.0,239.0,605.0,False
2890,2022-10-21 09:55:56.504435,-0.0030864197530864335,-0.0030864197530864335,-0.05000000000000071,-0.05000000000000071,16.15,16.2,16.15,16.2,301.0,278.0,238.0,605.0,True
2890,2022-10-21 09:55:56.904572,-0.0030864197530864335,-0.0030864197530864335,-0.05000000000000071,-0.05000000000000071,16.15,16.2,16.15,16.2,301.0,278.0,238.0,605.0,False
2890,2022-10-21 09:56:00.289070,-0.0030864197530864335,-0.0030864197530864335,-0.05000000000000071,-0.05000000000000071,16.15,16.2,16.15,16.2,301.0,278.0,238.0,605.0,False
2890,2022-10-21 09:56:06.041306,-0.0030864197530864335,-0.0030864197530864335,-0.05000000000000071,-0.05000000000000071,16.15,16.2,16.15,16.2,301.0,279.0,238.0,605.0,False
2890,2022-10-21 09:56:07.239203,-0.0030864197530864335,-0.0030864197530864335,-0.05000000000000071,-0.05000000000000071,16.15,16.2,16.15,16.2,306.0,279.0,238.0,605.0,False
2890,2022-10-21 09:56:09.825234,-0.0030864197530864335,-0.0030864197530864335,-0.05000000000000071,-0.05000000000000071,16.15,16.2,16.15,16.2,306.0,279.0,238.0,605.0,False
2890,2022-10-21 09:56:11.023701,-0.0030864197530864335,-0.0030864197530864335,-0.05000000000000071,-0.05000000000000071,16.15,16.2,16.15,16.2,306.0,279.0,238.0,605.0,False
2890,2022-10-21 09:56:11.232813,-0.0030864197530864335,-0.0030864197530864335,-0.05000000000000071,-0.05000000000000071,16.15,16.2,16.15,16.2,306.0,279.0,238.0,605.0,False
2890,2022-10-21 09:56:14.509510,-0.0030864197530864335,-0.0030864197530864335,-0.05000000000000071,-0.05000000000000071,16.15,16.2,16.15,16.2,306.0,259.0,238.0,605.0,False
2890,2022-10-21 09:56:18.042577,-0.0030864197530864335,-0.0030864197530864335,-0.05000000000000071,-0.05000000000000071,16.15,16.2,16.15,16.2,307.0,259.0,238.0,605.0,False
2890,2022-10-21 09:56:18.936860,-0.0030864197530864335,-0.0030864197530864335,-0.05000000000000071,-0.05000000000000071,16.15,16.2,16.15,16.2,305.0,259.0,238.0,605.0,False
2890,2022-10-21 09:56:19.461527,-0.0030864197530864335,-0.0030864197530864335,-0.05000000000000071,-0.05000000000000071,16.15,16.2,16.15,16.2,365.0,259.0,238.0,605.0,False
2890,2022-10-21 09:56:19.803239,-0.0030864197530864335,-0.0030864197530864335,-0.05000000000000071,-0.05000000000000071,16.15,16.2,16.15,16.2,367.0,259.0,238.0,605.0,False
2890,2022-10-21 09:56:24.273683,-0.0030864197530864335,-0.0030864197530864335,-0.05000000000000071,-0.05000000000000071,16.15,16.2,16.15,16.2,366.0,259.0,238.0,605.0,False
2890,2022-10-21 09:56:29.055741,-0.0030864197530864335,-0.0030864197530864335,-0.05000000000000071,-0.05000000000000071,16.15,16.2,16.15,16.2,366.0,259.0,238.0,605.0,False
2890,2022-10-21 09:56:29.668635,-0.0030864197530864335,-0.0030864197530864335,-0.05000000000000071,-0.05000000000000071,16.15,16.2,16.15,16.2,427.0,259.0,238.0,605.0,False
2890,2022-10-21 09:56:30.357704,-0.0030864197530864335,-0.0030864197530864335,-0.05000000000000071,-0.05000000000000071,16.15,16.2,16.15,16.2,432.0,259.0,238.0,605.0,False
2890,2022-10-21 09:56:34.244755,-0.0030864197530864335,-0.0030864197530864335,-0.05000000000000071,-0.05000000000000071,16.15,16.2,16.15,16.2,436.0,259.0,238.0,605.0,False
