symbol,datetime,NaOb_r,NbOa_r,NaOb_s,NbOa_s,bid1,ask1,odd_bid1,odd_ask11,bidQty1,askQty1,odd_bidQty1,odd_ask1Qty1,triggerbyOdd
3481,2022-10-21 09:34:17.097502,0.0,-0.007575757575757569,0.0,-0.09999999999999964,13.1,13.15,13.15,13.2,1111.0,26.0,1295.0,53925.0,True
3481,2022-10-21 09:34:17.184928,0.0,-0.007575757575757569,0.0,-0.09999999999999964,13.1,13.15,13.15,13.2,1111.0,32.0,1295.0,53925.0,False
3481,2022-10-21 09:34:17.467629,0.0,-0.007575757575757569,0.0,-0.09999999999999964,13.1,13.15,13.15,13.2,1111.0,32.0,1295.0,53925.0,False
3481,2022-10-21 09:34:17.696572,0.0,-0.007575757575757569,0.0,-0.09999999999999964,13.1,13.15,13.15,13.2,1111.0,42.0,1295.0,53925.0,False
3481,2022-10-21 09:34:17.697370,0.0,-0.007575757575757569,0.0,-0.09999999999999964,13.1,13.15,13.15,13.2,1111.0,132.0,1295.0,53925.0,False
3481,2022-10-21 09:34:17.766034,0.0,-0.007575757575757569,0.0,-0.09999999999999964,13.1,13.15,13.15,13.2,1111.0,131.0,1295.0,53925.0,False
3481,2022-10-21 09:34:17.825768,0.0,-0.007575757575757569,0.0,-0.09999999999999964,13.1,13.15,13.15,13.2,1111.0,126.0,1295.0,53925.0,False
3481,2022-10-21 09:34:17.771552,0.0,-0.007575757575757569,0.0,-0.09999999999999964,13.1,13.15,13.15,13.2,1111.0,131.0,1295.0,53925.0,False
3481,2022-10-21 09:34:17.920751,0.0,-0.007575757575757569,0.0,-0.09999999999999964,13.1,13.15,13.15,13.2,1111.0,129.0,1295.0,53925.0,False
3481,2022-10-21 09:34:18.019689,0.0,-0.007575757575757569,0.0,-0.09999999999999964,13.1,13.15,13.15,13.2,1111.0,131.0,1295.0,53925.0,False
3481,2022-10-21 09:34:18.124419,0.0,-0.007575757575757569,0.0,-0.09999999999999964,13.1,13.15,13.15,13.2,1111.0,126.0,1295.0,53925.0,False
3481,2022-10-21 09:34:18.159598,0.0,-0.007575757575757569,0.0,-0.09999999999999964,13.1,13.15,13.15,13.2,1111.0,126.0,1295.0,53925.0,False
3481,2022-10-21 09:34:18.311919,0.0,-0.007575757575757569,0.0,-0.09999999999999964,13.1,13.15,13.15,13.2,1111.0,126.0,1295.0,53925.0,False
3481,2022-10-21 09:34:18.883893,0.0,-0.007575757575757569,0.0,-0.09999999999999964,13.1,13.15,13.15,13.2,1111.0,125.0,1295.0,53925.0,False
3481,2022-10-21 09:34:19.038923,0.0,-0.007575757575757569,0.0,-0.09999999999999964,13.1,13.15,13.15,13.2,1111.0,125.0,1295.0,53925.0,False
3481,2022-10-21 09:34:19.044446,0.0,-0.007575757575757569,0.0,-0.09999999999999964,13.1,13.15,13.15,13.2,1112.0,125.0,1295.0,53925.0,False
3481,2022-10-21 09:34:19.287098,0.0,-0.007575757575757569,0.0,-0.09999999999999964,13.1,13.15,13.15,13.2,1113.0,125.0,1295.0,53925.0,False
3481,2022-10-21 09:34:19.372003,0.0,-0.007575757575757569,0.0,-0.09999999999999964,13.1,13.15,13.15,13.2,1113.0,122.0,1295.0,53925.0,False
3481,2022-10-21 09:34:19.496496,0.0,-0.007575757575757569,0.0,-0.09999999999999964,13.1,13.15,13.15,13.2,1113.0,121.0,1295.0,53925.0,False
3481,2022-10-21 09:34:19.684732,0.0,-0.007575757575757569,0.0,-0.09999999999999964,13.1,13.15,13.15,13.2,1114.0,121.0,1295.0,53925.0,False
3481,2022-10-21 09:34:19.887450,0.0,-0.007575757575757569,0.0,-0.09999999999999964,13.1,13.15,13.15,13.2,1115.0,121.0,1295.0,53925.0,False
3481,2022-10-21 09:34:19.965178,0.0,-0.007575757575757569,0.0,-0.09999999999999964,13.1,13.15,13.15,13.2,1115.0,124.0,1295.0,53925.0,False
3481,2022-10-21 09:34:20.077518,0.0,-0.007575757575757569,0.0,-0.09999999999999964,13.1,13.15,13.15,13.2,1115.0,133.0,1295.0,53925.0,False
3481,2022-10-21 09:34:20.502960,0.0,-0.007575757575757569,0.0,-0.09999999999999964,13.1,13.15,13.15,13.2,1115.0,128.0,1295.0,53925.0,False
3481,2022-10-21 09:34:20.608987,0.0,-0.007575757575757569,0.0,-0.09999999999999964,13.1,13.15,13.15,13.2,1115.0,110.0,1295.0,53925.0,False
3481,2022-10-21 09:34:20.651479,0.0,-0.007575757575757569,0.0,-0.09999999999999964,13.1,13.15,13.15,13.2,1115.0,130.0,1295.0,53925.0,False
3481,2022-10-21 09:34:20.839431,0.0,-0.007575757575757569,0.0,-0.09999999999999964,13.1,13.15,13.15,13.2,1115.0,128.0,1295.0,53925.0,False
3481,2022-10-21 09:34:20.834566,0.0,-0.007575757575757569,0.0,-0.09999999999999964,13.1,13.15,13.15,13.2,1115.0,130.0,1295.0,53925.0,False
3481,2022-10-21 09:34:20.895881,0.0,-0.007575757575757569,0.0,-0.09999999999999964,13.1,13.15,13.15,13.2,1116.0,128.0,1295.0,53925.0,False
3481,2022-10-21 09:34:21.171612,0.0,-0.007575757575757569,0.0,-0.09999999999999964,13.1,13.15,13.15,13.2,1116.0,78.0,1295.0,53925.0,False
3481,2022-10-21 09:34:21.181972,0.0,-0.007575757575757569,0.0,-0.09999999999999964,13.1,13.15,13.15,13.2,1116.0,73.0,1295.0,53925.0,False
3481,2022-10-21 09:34:21.541942,0.0,-0.007575757575757569,0.0,-0.09999999999999964,13.1,13.15,13.15,13.2,1116.0,73.0,1295.0,53925.0,False
3481,2022-10-21 09:34:22.030261,0.0,-0.007575757575757569,0.0,-0.09999999999999964,13.1,13.15,13.15,13.2,1116.0,73.0,1295.0,53925.0,False
3481,2022-10-21 09:34:22.219350,0.0,-0.007575757575757569,0.0,-0.09999999999999964,13.1,13.15,13.15,13.2,1116.0,63.0,1295.0,53925.0,False
3481,2022-10-21 09:34:22.339404,0.0,-0.007575757575757569,0.0,-0.09999999999999964,13.1,13.15,13.15,13.2,1117.0,63.0,1295.0,53925.0,False
3481,2022-10-21 09:34:22.341583,0.0,-0.007575757575757569,0.0,-0.09999999999999964,13.1,13.15,13.15,13.2,1120.0,63.0,1295.0,53925.0,False
3481,2022-10-21 09:34:22.554683,0.0,-0.007575757575757569,0.0,-0.09999999999999964,13.1,13.15,13.15,13.2,1120.0,63.0,1295.0,53925.0,False
3481,2022-10-21 09:34:22.687396,0.0,-0.007575757575757569,0.0,-0.09999999999999964,13.1,13.15,13.15,13.2,806.0,66.0,1295.0,53925.0,False
3481,2022-10-21 09:34:22.782904,0.0,-0.007575757575757569,0.0,-0.09999999999999964,13.1,13.15,13.15,13.2,806.0,65.0,1295.0,53925.0,False
3481,2022-10-21 09:34:22.850119,0.0,-0.007575757575757569,0.0,-0.09999999999999964,13.1,13.15,13.15,13.2,806.0,68.0,1295.0,53925.0,False
3481,2022-10-21 09:34:23.423246,0.0,-0.007575757575757569,0.0,-0.09999999999999964,13.1,13.15,13.15,13.2,806.0,119.0,1295.0,53925.0,False
3481,2022-10-21 09:34:23.517812,0.0,-0.007575757575757569,0.0,-0.09999999999999964,13.1,13.15,13.15,13.2,806.0,118.0,1295.0,53925.0,False
3481,2022-10-21 09:34:23.870295,0.0,-0.007575757575757569,0.0,-0.09999999999999964,13.1,13.15,13.15,13.2,807.0,118.0,1295.0,53925.0,False
3481,2022-10-21 09:34:23.941620,0.0,-0.007575757575757569,0.0,-0.09999999999999964,13.1,13.15,13.15,13.2,807.0,118.0,1295.0,53925.0,False
3481,2022-10-21 09:34:24.069123,0.0,-0.007575757575757569,0.0,-0.09999999999999964,13.1,13.15,13.15,13.2,807.0,181.0,1295.0,53925.0,False
3481,2022-10-21 09:34:24.008883,0.0,-0.007575757575757569,0.0,-0.09999999999999964,13.1,13.15,13.15,13.2,807.0,183.0,1295.0,53925.0,False
3481,2022-10-21 09:34:24.131447,0.0,-0.007575757575757569,0.0,-0.09999999999999964,13.1,13.15,13.15,13.2,807.0,180.0,1295.0,53925.0,False
3481,2022-10-21 09:34:24.299273,0.0,-0.007575757575757569,0.0,-0.09999999999999964,13.1,13.15,13.15,13.2,817.0,180.0,1295.0,53925.0,False
3481,2022-10-21 09:34:24.351999,0.0,-0.007575757575757569,0.0,-0.09999999999999964,13.1,13.15,13.15,13.2,817.0,180.0,1295.0,53925.0,False
3481,2022-10-21 09:34:24.441459,0.0,-0.007575757575757569,0.0,-0.09999999999999964,13.1,13.15,13.15,13.2,854.0,180.0,1295.0,53925.0,False
3481,2022-10-21 09:34:24.521462,0.0,-0.007575757575757569,0.0,-0.09999999999999964,13.1,13.15,13.15,13.2,854.0,180.0,1295.0,53925.0,False
3481,2022-10-21 09:34:25.076136,0.0,-0.007575757575757569,0.0,-0.09999999999999964,13.1,13.15,13.15,13.2,854.0,180.0,1295.0,53925.0,False
3481,2022-10-21 09:34:25.227050,0.0,-0.007575757575757569,0.0,-0.09999999999999964,13.1,13.15,13.15,13.2,854.0,180.0,1295.0,53925.0,False
3481,2022-10-21 09:34:26.058860,0.0,-0.007575757575757569,0.0,-0.09999999999999964,13.1,13.15,13.15,13.2,852.0,178.0,1295.0,53925.0,False
3481,2022-10-21 09:34:26.078760,0.0,-0.007575757575757569,0.0,-0.09999999999999964,13.1,13.15,13.15,13.2,860.0,178.0,1295.0,53925.0,False
3481,2022-10-21 09:34:26.205409,0.0,-0.007575757575757569,0.0,-0.09999999999999964,13.1,13.15,13.15,13.2,860.0,178.0,1295.0,53925.0,False
3481,2022-10-21 09:34:26.433459,0.0,-0.007575757575757569,0.0,-0.09999999999999964,13.1,13.15,13.15,13.2,861.0,178.0,1295.0,53925.0,False
3481,2022-10-21 09:34:26.465032,0.0,-0.007575757575757569,0.0,-0.09999999999999964,13.1,13.15,13.15,13.2,861.0,178.0,1295.0,53925.0,False
3481,2022-10-21 09:34:26.468625,0.0,-0.007575757575757569,0.0,-0.09999999999999964,13.1,13.15,13.15,13.2,861.0,177.0,1295.0,53925.0,False
3481,2022-10-21 09:34:26.483596,0.0,-0.007575757575757569,0.0,-0.09999999999999964,13.1,13.15,13.15,13.2,861.0,177.0,1295.0,53925.0,False
3481,2022-10-21 09:34:26.668540,0.0,-0.007575757575757569,0.0,-0.09999999999999964,13.1,13.15,13.15,13.2,866.0,177.0,1295.0,53925.0,False
3481,2022-10-21 09:34:26.752867,0.0,-0.007575757575757569,0.0,-0.09999999999999964,13.1,13.15,13.15,13.2,866.0,176.0,1295.0,53925.0,False
3481,2022-10-21 09:34:27.133622,0.0,-0.007575757575757569,0.0,-0.09999999999999964,13.1,13.15,13.15,13.2,866.0,176.0,1295.0,54025.0,True
3481,2022-10-21 09:34:27.304784,0.0,-0.007575757575757569,0.0,-0.09999999999999964,13.1,13.15,13.15,13.2,861.0,176.0,1295.0,54025.0,False
3481,2022-10-21 09:34:27.898159,0.0,-0.007575757575757569,0.0,-0.09999999999999964,13.1,13.15,13.15,13.2,862.0,176.0,1295.0,54025.0,False
3481,2022-10-21 09:34:27.974348,0.0,-0.007575757575757569,0.0,-0.09999999999999964,13.1,13.15,13.15,13.2,862.0,176.0,1295.0,54025.0,False
3481,2022-10-21 09:34:28.257573,0.0,-0.007575757575757569,0.0,-0.09999999999999964,13.1,13.15,13.15,13.2,857.0,171.0,1295.0,54025.0,False
3481,2022-10-21 09:34:28.270384,0.0,-0.007575757575757569,0.0,-0.09999999999999964,13.1,13.15,13.15,13.2,857.0,169.0,1295.0,54025.0,False
3481,2022-10-21 09:34:28.279398,0.0,-0.007575757575757569,0.0,-0.09999999999999964,13.1,13.15,13.15,13.2,857.0,163.0,1295.0,54025.0,False
3481,2022-10-21 09:34:28.446346,0.0,-0.007575757575757569,0.0,-0.09999999999999964,13.1,13.15,13.15,13.2,857.0,163.0,1295.0,54025.0,False
3481,2022-10-21 09:34:28.478722,0.0,-0.007575757575757569,0.0,-0.09999999999999964,13.1,13.15,13.15,13.2,859.0,163.0,1295.0,54025.0,False
3481,2022-10-21 09:34:28.618891,0.0,-0.007575757575757569,0.0,-0.09999999999999964,13.1,13.15,13.15,13.2,860.0,163.0,1295.0,54025.0,False
3481,2022-10-21 09:34:28.764257,0.0,-0.007575757575757569,0.0,-0.09999999999999964,13.1,13.15,13.15,13.2,860.0,163.0,1295.0,54025.0,False
3481,2022-10-21 09:34:28.989761,0.0,-0.007575757575757569,0.0,-0.09999999999999964,13.1,13.15,13.15,13.2,862.0,163.0,1295.0,54025.0,False
3481,2022-10-21 09:34:29.153441,0.0,-0.007575757575757569,0.0,-0.09999999999999964,13.1,13.15,13.15,13.2,862.0,163.0,1295.0,54025.0,False
3481,2022-10-21 09:34:29.270932,0.0,-0.007575757575757569,0.0,-0.09999999999999964,13.1,13.15,13.15,13.2,862.0,158.0,1295.0,54025.0,False
3481,2022-10-21 09:34:29.271882,0.0,-0.007575757575757569,0.0,-0.09999999999999964,13.1,13.15,13.15,13.2,862.0,157.0,1295.0,54025.0,False
3481,2022-10-21 09:34:29.314180,0.0,-0.007575757575757569,0.0,-0.09999999999999964,13.1,13.15,13.15,13.2,862.0,157.0,1295.0,54025.0,False
3481,2022-10-21 09:34:29.770480,0.0,-0.007575757575757569,0.0,-0.09999999999999964,13.1,13.15,13.15,13.2,862.0,157.0,1295.0,54025.0,False
3481,2022-10-21 09:34:29.983593,0.0,-0.007575757575757569,0.0,-0.09999999999999964,13.1,13.15,13.15,13.2,862.0,157.0,1295.0,54025.0,False
3481,2022-10-21 09:34:30.198760,0.0,-0.007575757575757569,0.0,-0.09999999999999964,13.1,13.15,13.15,13.2,869.0,157.0,1295.0,54025.0,False
3481,2022-10-21 09:34:30.365979,0.0,-0.007575757575757569,0.0,-0.09999999999999964,13.1,13.15,13.15,13.2,869.0,157.0,1295.0,54025.0,False
3481,2022-10-21 09:34:30.562043,0.0,-0.007575757575757569,0.0,-0.09999999999999964,13.1,13.15,13.15,13.2,870.0,157.0,1295.0,54025.0,False
3481,2022-10-21 09:34:30.605453,0.0,-0.007575757575757569,0.0,-0.09999999999999964,13.1,13.15,13.15,13.2,870.0,171.0,1295.0,54025.0,False
3481,2022-10-21 09:34:30.645719,0.0,-0.007575757575757569,0.0,-0.09999999999999964,13.1,13.15,13.15,13.2,870.0,151.0,1295.0,54025.0,False
3481,2022-10-21 09:34:30.736891,0.0,-0.007575757575757569,0.0,-0.09999999999999964,13.1,13.15,13.15,13.2,870.0,146.0,1295.0,54025.0,False
3481,2022-10-21 09:34:30.762835,0.0,-0.007575757575757569,0.0,-0.09999999999999964,13.1,13.15,13.15,13.2,870.0,87.0,1295.0,54025.0,False
3481,2022-10-21 09:34:30.841362,0.0,-0.007575757575757569,0.0,-0.09999999999999964,13.1,13.15,13.15,13.2,870.0,91.0,1295.0,54025.0,False
3481,2022-10-21 09:34:30.889767,0.0,-0.007575757575757569,0.0,-0.09999999999999964,13.1,13.15,13.15,13.2,870.0,81.0,1295.0,54025.0,False
3481,2022-10-21 09:34:30.950142,0.0,-0.007575757575757569,0.0,-0.09999999999999964,13.1,13.15,13.15,13.2,859.0,81.0,1295.0,54025.0,False
3481,2022-10-21 09:34:31.123243,0.0,-0.007575757575757569,0.0,-0.09999999999999964,13.1,13.15,13.15,13.2,859.0,86.0,1295.0,54025.0,False
3481,2022-10-21 09:34:31.434316,0.0,-0.007575757575757569,0.0,-0.09999999999999964,13.1,13.15,13.15,13.2,859.0,86.0,1295.0,54025.0,False
3481,2022-10-21 09:34:31.489209,0.0,-0.007575757575757569,0.0,-0.09999999999999964,13.1,13.15,13.15,13.2,859.0,85.0,1295.0,54025.0,False
3481,2022-10-21 09:34:31.832465,0.0,-0.007575757575757569,0.0,-0.09999999999999964,13.1,13.15,13.15,13.2,859.0,80.0,1295.0,54025.0,False
3481,2022-10-21 09:34:31.942914,0.0,-0.007575757575757569,0.0,-0.09999999999999964,13.1,13.15,13.15,13.2,859.0,60.0,1295.0,54025.0,False
3481,2022-10-21 09:34:32.119351,0.0,-0.007575757575757569,0.0,-0.09999999999999964,13.1,13.15,13.15,13.2,861.0,60.0,1295.0,54025.0,False
3481,2022-10-21 09:34:32.247617,0.0,-0.007575757575757569,0.0,-0.09999999999999964,13.1,13.15,13.15,13.2,861.0,60.0,1295.0,54025.0,False
3481,2022-10-21 09:34:32.326033,0.0,-0.007575757575757569,0.0,-0.09999999999999964,13.1,13.15,13.15,13.2,861.0,59.0,1295.0,54025.0,False
3481,2022-10-21 09:34:32.313708,0.0,-0.007575757575757569,0.0,-0.09999999999999964,13.1,13.15,13.15,13.2,861.0,60.0,1295.0,54025.0,False
3481,2022-10-21 09:34:32.440568,0.0,-0.007575757575757569,0.0,-0.09999999999999964,13.1,13.15,13.15,13.2,863.0,59.0,1295.0,54025.0,False
3481,2022-10-21 09:34:32.473936,0.0,-0.007575757575757569,0.0,-0.09999999999999964,13.1,13.15,13.15,13.2,863.0,59.0,1295.0,54025.0,False
3481,2022-10-21 09:34:32.947792,0.0,-0.007575757575757569,0.0,-0.09999999999999964,13.1,13.15,13.15,13.2,862.0,59.0,1295.0,54025.0,False
3481,2022-10-21 09:34:33.069136,0.0,-0.007575757575757569,0.0,-0.09999999999999964,13.1,13.15,13.15,13.2,866.0,59.0,1295.0,54025.0,False
3481,2022-10-21 09:34:33.105015,0.0,-0.007575757575757569,0.0,-0.09999999999999964,13.1,13.15,13.15,13.2,866.0,54.0,1295.0,54025.0,False
3481,2022-10-21 09:34:33.119439,0.0,-0.007575757575757569,0.0,-0.09999999999999964,13.1,13.15,13.15,13.2,868.0,54.0,1295.0,54025.0,False
3481,2022-10-21 09:34:33.173963,0.0,-0.007575757575757569,0.0,-0.09999999999999964,13.1,13.15,13.15,13.2,868.0,49.0,1295.0,54025.0,False
3481,2022-10-21 09:34:33.230266,0.0,-0.007575757575757569,0.0,-0.09999999999999964,13.1,13.15,13.15,13.2,874.0,49.0,1295.0,54025.0,False
3481,2022-10-21 09:34:33.320120,0.0,-0.007575757575757569,0.0,-0.09999999999999964,13.1,13.15,13.15,13.2,874.0,39.0,1295.0,54025.0,False
3481,2022-10-21 09:34:33.313593,0.0,-0.007575757575757569,0.0,-0.09999999999999964,13.1,13.15,13.15,13.2,874.0,49.0,1295.0,54025.0,False
3481,2022-10-21 09:34:33.453007,0.0,-0.007575757575757569,0.0,-0.09999999999999964,13.1,13.15,13.15,13.2,874.0,38.0,1295.0,54025.0,False
3481,2022-10-21 09:34:33.537689,0.0,-0.007575757575757569,0.0,-0.09999999999999964,13.1,13.15,13.15,13.2,874.0,38.0,1295.0,54025.0,False
3481,2022-10-21 09:34:33.594749,0.0,-0.007575757575757569,0.0,-0.09999999999999964,13.1,13.15,13.15,13.2,874.0,68.0,1295.0,54025.0,False
3481,2022-10-21 09:34:33.629011,0.0,-0.007575757575757569,0.0,-0.09999999999999964,13.1,13.15,13.15,13.2,874.0,68.0,1295.0,54025.0,False
3481,2022-10-21 09:34:33.776076,0.0,-0.007575757575757569,0.0,-0.09999999999999964,13.1,13.15,13.15,13.2,876.0,68.0,1295.0,54025.0,False
3481,2022-10-21 09:34:33.863194,0.0,-0.007575757575757569,0.0,-0.09999999999999964,13.1,13.15,13.15,13.2,876.0,67.0,1295.0,54025.0,False
3481,2022-10-21 09:34:34.321768,0.0,-0.007575757575757569,0.0,-0.09999999999999964,13.1,13.15,13.15,13.2,876.0,67.0,1295.0,54025.0,False
3481,2022-10-21 09:34:34.665314,0.0,-0.007575757575757569,0.0,-0.09999999999999964,13.1,13.15,13.15,13.2,876.0,67.0,1295.0,54025.0,False
3481,2022-10-21 09:34:34.734445,0.0,-0.007575757575757569,0.0,-0.09999999999999964,13.1,13.15,13.15,13.2,876.0,47.0,1295.0,54025.0,False
3481,2022-10-21 09:34:34.777647,0.0,-0.007575757575757569,0.0,-0.09999999999999964,13.1,13.15,13.15,13.2,876.0,57.0,1295.0,54025.0,False
3481,2022-10-21 09:34:34.982316,0.0,-0.007575757575757569,0.0,-0.09999999999999964,13.1,13.15,13.15,13.2,876.0,57.0,1295.0,54025.0,False
3481,2022-10-21 09:34:35.033168,0.0,-0.007575757575757569,0.0,-0.09999999999999964,13.1,13.15,13.15,13.2,876.0,60.0,1295.0,54025.0,False
3481,2022-10-21 09:34:35.032709,0.0,-0.007575757575757569,0.0,-0.09999999999999964,13.1,13.15,13.15,13.2,876.0,61.0,1295.0,54025.0,False
3481,2022-10-21 09:34:35.127679,0.0,-0.007575757575757569,0.0,-0.09999999999999964,13.1,13.15,13.15,13.2,877.0,59.0,1295.0,54025.0,False
3481,2022-10-21 09:34:35.138863,0.0,-0.007575757575757569,0.0,-0.09999999999999964,13.1,13.15,13.15,13.2,877.0,61.0,1295.0,54025.0,False
3481,2022-10-21 09:34:35.277238,0.0,-0.007575757575757569,0.0,-0.09999999999999964,13.1,13.15,13.15,13.2,877.0,65.0,1295.0,54025.0,False
3481,2022-10-21 09:34:35.416774,0.0,-0.007575757575757569,0.0,-0.09999999999999964,13.1,13.15,13.15,13.2,878.0,65.0,1295.0,54025.0,False
3481,2022-10-21 09:34:35.559472,0.0,-0.007575757575757569,0.0,-0.09999999999999964,13.1,13.15,13.15,13.2,878.0,67.0,1295.0,54025.0,False
3481,2022-10-21 09:34:35.617784,0.0,-0.007575757575757569,0.0,-0.09999999999999964,13.1,13.15,13.15,13.2,878.0,66.0,1295.0,54025.0,False
3481,2022-10-21 09:34:35.750902,0.0,-0.007575757575757569,0.0,-0.09999999999999964,13.1,13.15,13.15,13.2,873.0,66.0,1295.0,54025.0,False
3481,2022-10-21 09:34:35.832253,0.0,-0.007575757575757569,0.0,-0.09999999999999964,13.1,13.15,13.15,13.2,878.0,65.0,1295.0,54025.0,False
3481,2022-10-21 09:34:35.835143,0.0,-0.007575757575757569,0.0,-0.09999999999999964,13.1,13.15,13.15,13.2,878.0,65.0,1295.0,54025.0,False
3481,2022-10-21 09:34:36.061852,0.0,-0.007575757575757569,0.0,-0.09999999999999964,13.1,13.15,13.15,13.2,883.0,65.0,1295.0,54025.0,False
3481,2022-10-21 09:34:36.275739,0.0,-0.007575757575757569,0.0,-0.09999999999999964,13.1,13.15,13.15,13.2,888.0,65.0,1295.0,54025.0,False
3481,2022-10-21 09:34:36.521078,0.0,-0.007575757575757569,0.0,-0.09999999999999964,13.1,13.15,13.15,13.2,888.0,65.0,1295.0,54025.0,False
3481,2022-10-21 09:34:36.602964,0.0,-0.007575757575757569,0.0,-0.09999999999999964,13.1,13.15,13.15,13.2,893.0,65.0,1295.0,54025.0,False
3481,2022-10-21 09:34:36.659290,0.0,-0.007575757575757569,0.0,-0.09999999999999964,13.1,13.15,13.15,13.2,893.0,65.0,1295.0,54025.0,False
3481,2022-10-21 09:34:37.046684,0.0,-0.007575757575757569,0.0,-0.09999999999999964,13.1,13.15,13.15,13.2,893.0,64.0,1295.0,54025.0,False
3481,2022-10-21 09:34:37.173712,0.0,-0.007575757575757569,0.0,-0.09999999999999964,13.1,13.15,13.15,13.2,893.0,64.0,1295.0,54025.0,True
3481,2022-10-21 09:34:37.219060,0.0,-0.007575757575757569,0.0,-0.09999999999999964,13.1,13.15,13.15,13.2,893.0,64.0,1295.0,54025.0,False
3481,2022-10-21 09:34:37.391835,0.0,-0.007575757575757569,0.0,-0.09999999999999964,13.1,13.15,13.15,13.2,893.0,64.0,1295.0,54025.0,False
3481,2022-10-21 09:34:37.597524,0.0,-0.007575757575757569,0.0,-0.09999999999999964,13.1,13.15,13.15,13.2,893.0,64.0,1295.0,54025.0,False
3481,2022-10-21 09:34:37.843402,0.0,-0.007575757575757569,0.0,-0.09999999999999964,13.1,13.15,13.15,13.2,893.0,64.0,1295.0,54025.0,False
3481,2022-10-21 09:34:38.054272,0.0,-0.007575757575757569,0.0,-0.09999999999999964,13.1,13.15,13.15,13.2,894.0,64.0,1295.0,54025.0,False
3481,2022-10-21 09:34:38.136510,0.0,-0.007575757575757569,0.0,-0.09999999999999964,13.1,13.15,13.15,13.2,894.0,64.0,1295.0,54025.0,False
3481,2022-10-21 09:34:38.158296,0.0,-0.007575757575757569,0.0,-0.09999999999999964,13.1,13.15,13.15,13.2,895.0,64.0,1295.0,54025.0,False
3481,2022-10-21 09:34:38.323623,0.0,-0.007575757575757569,0.0,-0.09999999999999964,13.1,13.15,13.15,13.2,895.0,44.0,1295.0,54025.0,False
3481,2022-10-21 09:34:38.349718,0.0,-0.007575757575757569,0.0,-0.09999999999999964,13.1,13.15,13.15,13.2,895.0,22.0,1295.0,54025.0,False
3481,2022-10-21 09:34:38.444814,0.0,-0.007575757575757569,0.0,-0.09999999999999964,13.1,13.15,13.15,13.2,900.0,22.0,1295.0,54025.0,False
3481,2022-10-21 09:34:38.593746,-0.0037878787878786735,-0.007575757575757569,-0.049999999999998934,-0.09999999999999964,13.1,13.2,13.15,13.2,900.0,437.0,1295.0,54025.0,False
3481,2022-10-21 09:34:38.532105,0.0,-0.007575757575757569,0.0,-0.09999999999999964,13.1,13.15,13.15,13.2,900.0,12.0,1295.0,54025.0,False
3481,2022-10-21 09:34:38.720512,-0.0037878787878786735,-0.007575757575757569,-0.049999999999998934,-0.09999999999999964,13.1,13.2,13.15,13.2,940.0,506.0,1295.0,54025.0,False
3481,2022-10-21 09:34:38.780033,-0.0037878787878786735,-0.007575757575757569,-0.049999999999998934,-0.09999999999999964,13.1,13.2,13.15,13.2,903.0,543.0,1295.0,54025.0,False
3481,2022-10-21 09:34:38.895183,-0.0037878787878786735,-0.007575757575757569,-0.049999999999998934,-0.09999999999999964,13.1,13.2,13.15,13.2,903.0,543.0,1295.0,54025.0,False
3481,2022-10-21 09:34:39.078019,-0.0037878787878786735,-0.007575757575757569,-0.049999999999998934,-0.09999999999999964,13.1,13.2,13.15,13.2,903.0,543.0,1295.0,54025.0,False
3481,2022-10-21 09:34:39.097479,-0.0037878787878786735,-0.007575757575757569,-0.049999999999998934,-0.09999999999999964,13.1,13.2,13.15,13.2,913.0,543.0,1295.0,54025.0,False
3481,2022-10-21 09:34:39.616494,-0.0037878787878786735,-0.007575757575757569,-0.049999999999998934,-0.09999999999999964,13.1,13.2,13.15,13.2,913.0,543.0,1295.0,54025.0,False
3481,2022-10-21 09:34:39.839992,-0.0037878787878786735,-0.007575757575757569,-0.049999999999998934,-0.09999999999999964,13.1,13.2,13.15,13.2,913.0,543.0,1295.0,54025.0,False
3481,2022-10-21 09:34:40.006567,-0.0037878787878786735,-0.007575757575757569,-0.049999999999998934,-0.09999999999999964,13.1,13.2,13.15,13.2,913.0,554.0,1295.0,54025.0,False
3481,2022-10-21 09:34:40.111760,0.0,-0.007575757575757569,0.0,-0.09999999999999964,13.1,13.15,13.15,13.2,913.0,1.0,1295.0,54025.0,False
3481,2022-10-21 09:34:40.194588,0.0,-0.007575757575757569,0.0,-0.09999999999999964,13.1,13.15,13.15,13.2,913.0,21.0,1295.0,54025.0,False
3481,2022-10-21 09:34:40.420211,0.0,-0.007575757575757569,0.0,-0.09999999999999964,13.1,13.15,13.15,13.2,913.0,21.0,1295.0,54025.0,False
3481,2022-10-21 09:34:40.465895,0.0,-0.007575757575757569,0.0,-0.09999999999999964,13.1,13.15,13.15,13.2,913.0,21.0,1295.0,54025.0,False
3481,2022-10-21 09:34:40.695102,0.0,-0.007575757575757569,0.0,-0.09999999999999964,13.1,13.15,13.15,13.2,913.0,19.0,1295.0,54025.0,False
3481,2022-10-21 09:34:40.765225,0.0,-0.007575757575757569,0.0,-0.09999999999999964,13.1,13.15,13.15,13.2,913.0,15.0,1295.0,54025.0,False
3481,2022-10-21 09:34:40.883063,0.0,-0.007575757575757569,0.0,-0.09999999999999964,13.1,13.15,13.15,13.2,915.0,15.0,1295.0,54025.0,False
3481,2022-10-21 09:34:40.961080,0.0,-0.007575757575757569,0.0,-0.09999999999999964,13.1,13.15,13.15,13.2,915.0,20.0,1295.0,54025.0,False
3481,2022-10-21 09:34:41.329154,0.0,-0.007575757575757569,0.0,-0.09999999999999964,13.1,13.15,13.15,13.2,915.0,19.0,1295.0,54025.0,False
3481,2022-10-21 09:34:41.411576,0.0,-0.007575757575757569,0.0,-0.09999999999999964,13.1,13.15,13.15,13.2,915.0,18.0,1295.0,54025.0,False
3481,2022-10-21 09:34:41.454226,0.0,-0.007575757575757569,0.0,-0.09999999999999964,13.1,13.15,13.15,13.2,915.0,18.0,1295.0,54025.0,False
3481,2022-10-21 09:34:41.462442,0.0,-0.007575757575757569,0.0,-0.09999999999999964,13.1,13.15,13.15,13.2,915.0,18.0,1295.0,54025.0,False
3481,2022-10-21 09:34:41.666635,0.0,-0.007575757575757569,0.0,-0.09999999999999964,13.1,13.15,13.15,13.2,915.0,18.0,1295.0,54025.0,False
3481,2022-10-21 09:34:41.685542,-0.0037878787878786735,-0.007575757575757569,-0.049999999999998934,-0.09999999999999964,13.1,13.2,13.15,13.2,915.0,942.0,1295.0,54025.0,False
3481,2022-10-21 09:34:41.721470,-0.0037878787878786735,-0.007575757575757569,-0.049999999999998934,-0.09999999999999964,13.1,13.2,13.15,13.2,915.0,942.0,1295.0,54025.0,False
3481,2022-10-21 09:34:41.816975,-0.0037878787878786735,-0.007575757575757569,-0.049999999999998934,-0.09999999999999964,13.1,13.2,13.15,13.2,915.0,1054.0,1295.0,54025.0,False
3481,2022-10-21 09:34:42.307880,-0.0037878787878786735,-0.007575757575757569,-0.049999999999998934,-0.09999999999999964,13.1,13.2,13.15,13.2,914.0,1054.0,1295.0,54025.0,False
3481,2022-10-21 09:34:42.478507,-0.0037878787878786735,-0.007575757575757569,-0.049999999999998934,-0.09999999999999964,13.1,13.2,13.15,13.2,914.0,1054.0,1295.0,54025.0,False
3481,2022-10-21 09:34:42.527827,-0.0037878787878786735,-0.007575757575757569,-0.049999999999998934,-0.09999999999999964,13.1,13.2,13.15,13.2,914.0,1054.0,1295.0,54025.0,False
3481,2022-10-21 09:34:42.682220,-0.0037878787878786735,-0.007575757575757569,-0.049999999999998934,-0.09999999999999964,13.1,13.2,13.15,13.2,914.0,1054.0,1295.0,54025.0,False
3481,2022-10-21 09:34:42.724345,-0.0037878787878786735,-0.007575757575757569,-0.049999999999998934,-0.09999999999999964,13.1,13.2,13.15,13.2,914.0,1054.0,1295.0,54025.0,False
3481,2022-10-21 09:34:42.977323,0.0,-0.007575757575757569,0.0,-0.09999999999999964,13.1,13.15,13.15,13.2,914.0,2.0,1295.0,54025.0,False
3481,2022-10-21 09:34:42.986145,0.0,-0.007575757575757569,0.0,-0.09999999999999964,13.1,13.15,13.15,13.2,914.0,2.0,1295.0,54025.0,False
3481,2022-10-21 09:34:43.004846,-0.0037878787878786735,-0.0037878787878786735,-0.049999999999998934,-0.049999999999998934,13.15,13.2,13.15,13.2,3.0,1054.0,1295.0,54025.0,False
3481,2022-10-21 09:34:43.036059,-0.0037878787878786735,-0.007575757575757569,-0.049999999999998934,-0.09999999999999964,13.1,13.2,13.15,13.2,914.0,954.0,1295.0,54025.0,False
3481,2022-10-21 09:34:43.078847,-0.0037878787878786735,-0.007575757575757569,-0.049999999999998934,-0.09999999999999964,13.1,13.2,13.15,13.2,914.0,1054.0,1295.0,54025.0,False
3481,2022-10-21 09:34:43.484106,-0.0037878787878786735,-0.0037878787878786735,-0.049999999999998934,-0.049999999999998934,13.15,13.2,13.15,13.2,1.0,1054.0,1295.0,54025.0,False
3481,2022-10-21 09:34:43.508004,-0.0037878787878786735,-0.007575757575757569,-0.049999999999998934,-0.09999999999999964,13.1,13.2,13.15,13.2,914.0,1054.0,1295.0,54025.0,False
3481,2022-10-21 09:34:43.561564,-0.0037878787878786735,-0.007575757575757569,-0.049999999999998934,-0.09999999999999964,13.1,13.2,13.15,13.2,914.0,1054.0,1295.0,54025.0,False
3481,2022-10-21 09:34:43.629899,-0.0037878787878786735,-0.007575757575757569,-0.049999999999998934,-0.09999999999999964,13.1,13.2,13.15,13.2,914.0,1054.0,1295.0,54025.0,False
3481,2022-10-21 09:34:43.676681,-0.0037878787878786735,-0.007575757575757569,-0.049999999999998934,-0.09999999999999964,13.1,13.2,13.15,13.2,914.0,1054.0,1295.0,54025.0,False
3481,2022-10-21 09:34:43.709017,-0.0037878787878786735,-0.007575757575757569,-0.049999999999998934,-0.09999999999999964,13.1,13.2,13.15,13.2,914.0,1054.0,1295.0,54025.0,False
3481,2022-10-21 09:34:43.766025,-0.0037878787878786735,-0.007575757575757569,-0.049999999999998934,-0.09999999999999964,13.1,13.2,13.15,13.2,914.0,1054.0,1295.0,54025.0,False
3481,2022-10-21 09:34:43.834387,-0.0037878787878786735,-0.007575757575757569,-0.049999999999998934,-0.09999999999999964,13.1,13.2,13.15,13.2,951.0,1054.0,1295.0,54025.0,False
3481,2022-10-21 09:34:44.330698,-0.0037878787878786735,-0.007575757575757569,-0.049999999999998934,-0.09999999999999964,13.1,13.2,13.15,13.2,951.0,1054.0,1295.0,54025.0,False
3481,2022-10-21 09:34:44.354176,-0.0037878787878786735,-0.007575757575757569,-0.049999999999998934,-0.09999999999999964,13.1,13.2,13.15,13.2,951.0,1054.0,1295.0,54025.0,False
3481,2022-10-21 09:34:44.599027,-0.0037878787878786735,-0.0037878787878786735,-0.049999999999998934,-0.049999999999998934,13.15,13.2,13.15,13.2,5.0,1054.0,1295.0,54025.0,False
3481,2022-10-21 09:34:44.627101,-0.0037878787878786735,-0.0037878787878786735,-0.049999999999998934,-0.049999999999998934,13.15,13.2,13.15,13.2,5.0,1054.0,1295.0,54025.0,False
3481,2022-10-21 09:34:44.627641,-0.0037878787878786735,-0.007575757575757569,-0.049999999999998934,-0.09999999999999964,13.1,13.2,13.15,13.2,951.0,1054.0,1295.0,54025.0,False
3481,2022-10-21 09:34:44.694663,-0.0037878787878786735,-0.007575757575757569,-0.049999999999998934,-0.09999999999999964,13.1,13.2,13.15,13.2,914.0,1066.0,1295.0,54025.0,False
3481,2022-10-21 09:34:44.974500,-0.0037878787878786735,-0.007575757575757569,-0.049999999999998934,-0.09999999999999964,13.1,13.2,13.15,13.2,914.0,1066.0,1295.0,54025.0,False
3481,2022-10-21 09:34:45.204049,-0.0037878787878786735,-0.0037878787878786735,-0.049999999999998934,-0.049999999999998934,13.15,13.2,13.15,13.2,1.0,1066.0,1295.0,54025.0,False
3481,2022-10-21 09:34:45.229423,-0.0037878787878786735,-0.007575757575757569,-0.049999999999998934,-0.09999999999999964,13.1,13.2,13.15,13.2,914.0,1066.0,1295.0,54025.0,False
3481,2022-10-21 09:34:45.228558,-0.0037878787878786735,-0.0037878787878786735,-0.049999999999998934,-0.049999999999998934,13.15,13.2,13.15,13.2,1.0,1066.0,1295.0,54025.0,False
3481,2022-10-21 09:34:45.330652,-0.0037878787878786735,-0.0037878787878786735,-0.049999999999998934,-0.049999999999998934,13.15,13.2,13.15,13.2,2.0,1066.0,1295.0,54025.0,False
3481,2022-10-21 09:34:45.365454,-0.0037878787878786735,-0.007575757575757569,-0.049999999999998934,-0.09999999999999964,13.1,13.2,13.15,13.2,914.0,1066.0,1295.0,54025.0,False
3481,2022-10-21 09:34:45.407904,-0.0037878787878786735,-0.007575757575757569,-0.049999999999998934,-0.09999999999999964,13.1,13.2,13.15,13.2,913.0,966.0,1295.0,54025.0,False
3481,2022-10-21 09:34:45.444204,-0.0037878787878786735,-0.007575757575757569,-0.049999999999998934,-0.09999999999999964,13.1,13.2,13.15,13.2,913.0,966.0,1295.0,54025.0,False
3481,2022-10-21 09:34:45.474173,-0.0037878787878786735,-0.007575757575757569,-0.049999999999998934,-0.09999999999999964,13.1,13.2,13.15,13.2,913.0,966.0,1295.0,54025.0,False
3481,2022-10-21 09:34:45.895587,-0.0037878787878786735,-0.007575757575757569,-0.049999999999998934,-0.09999999999999964,13.1,13.2,13.15,13.2,912.0,966.0,1295.0,54025.0,False
3481,2022-10-21 09:34:46.270642,-0.0037878787878786735,-0.0037878787878786735,-0.049999999999998934,-0.049999999999998934,13.15,13.2,13.15,13.2,3.0,966.0,1295.0,54025.0,False
3481,2022-10-21 09:34:46.305503,-0.0037878787878786735,-0.007575757575757569,-0.049999999999998934,-0.09999999999999964,13.1,13.2,13.15,13.2,912.0,966.0,1295.0,54025.0,False
3481,2022-10-21 09:34:46.346258,-0.0037878787878786735,-0.007575757575757569,-0.049999999999998934,-0.09999999999999964,13.1,13.2,13.15,13.2,912.0,966.0,1295.0,54025.0,False
3481,2022-10-21 09:34:46.654953,-0.0037878787878786735,-0.007575757575757569,-0.049999999999998934,-0.09999999999999964,13.1,13.2,13.15,13.2,912.0,966.0,1295.0,54025.0,False
3481,2022-10-21 09:34:47.177692,-0.0037878787878786735,-0.007575757575757569,-0.049999999999998934,-0.09999999999999964,13.1,13.2,13.15,13.2,912.0,966.0,1295.0,54025.0,False
3481,2022-10-21 09:34:47.189835,-0.0037878787878786735,-0.007575757575757569,-0.049999999999998934,-0.09999999999999964,13.1,13.2,13.15,13.2,912.0,966.0,1365.0,54025.0,True
3481,2022-10-21 09:34:47.429432,-0.0037878787878786735,-0.007575757575757569,-0.049999999999998934,-0.09999999999999964,13.1,13.2,13.15,13.2,912.0,966.0,1365.0,54025.0,False
3481,2022-10-21 09:34:47.459684,-0.0037878787878786735,-0.007575757575757569,-0.049999999999998934,-0.09999999999999964,13.1,13.2,13.15,13.2,912.0,966.0,1365.0,54025.0,False
3481,2022-10-21 09:34:47.553559,-0.0037878787878786735,-0.007575757575757569,-0.049999999999998934,-0.09999999999999964,13.1,13.2,13.15,13.2,918.0,966.0,1365.0,54025.0,False
3481,2022-10-21 09:34:49.070278,-0.0037878787878786735,-0.007575757575757569,-0.049999999999998934,-0.09999999999999964,13.1,13.2,13.15,13.2,918.0,966.0,1365.0,54025.0,False
3481,2022-10-21 09:34:49.148296,-0.0037878787878786735,-0.007575757575757569,-0.049999999999998934,-0.09999999999999964,13.1,13.2,13.15,13.2,918.0,966.0,1365.0,54025.0,False
3481,2022-10-21 09:34:49.252896,-0.0037878787878786735,-0.007575757575757569,-0.049999999999998934,-0.09999999999999964,13.1,13.2,13.15,13.2,918.0,966.0,1365.0,54025.0,False
3481,2022-10-21 09:34:49.280389,-0.0037878787878786735,-0.007575757575757569,-0.049999999999998934,-0.09999999999999964,13.1,13.2,13.15,13.2,918.0,1066.0,1365.0,54025.0,False
3481,2022-10-21 09:34:49.463141,-0.0037878787878786735,-0.007575757575757569,-0.049999999999998934,-0.09999999999999964,13.1,13.2,13.15,13.2,920.0,1066.0,1365.0,54025.0,False
3481,2022-10-21 09:34:49.595961,-0.0037878787878786735,-0.007575757575757569,-0.049999999999998934,-0.09999999999999964,13.1,13.2,13.15,13.2,920.0,1066.0,1365.0,54025.0,False
3481,2022-10-21 09:34:50.379486,-0.0037878787878786735,-0.007575757575757569,-0.049999999999998934,-0.09999999999999964,13.1,13.2,13.15,13.2,921.0,1066.0,1365.0,54025.0,False
3481,2022-10-21 09:34:50.438712,-0.0037878787878786735,-0.007575757575757569,-0.049999999999998934,-0.09999999999999964,13.1,13.2,13.15,13.2,921.0,1066.0,1365.0,54025.0,False
3481,2022-10-21 09:34:50.441554,-0.0037878787878786735,-0.007575757575757569,-0.049999999999998934,-0.09999999999999964,13.1,13.2,13.15,13.2,921.0,966.0,1365.0,54025.0,False
3481,2022-10-21 09:34:50.515402,-0.0037878787878786735,-0.007575757575757569,-0.049999999999998934,-0.09999999999999964,13.1,13.2,13.15,13.2,923.0,966.0,1365.0,54025.0,False
3481,2022-10-21 09:34:50.684374,0.0,-0.007575757575757569,0.0,-0.09999999999999964,13.1,13.15,13.15,13.2,923.0,1.0,1365.0,54025.0,False
3481,2022-10-21 09:34:50.734788,0.0,-0.007575757575757569,0.0,-0.09999999999999964,13.1,13.15,13.15,13.2,923.0,1.0,1365.0,54025.0,False
3481,2022-10-21 09:34:50.934940,-0.0037878787878786735,-0.007575757575757569,-0.049999999999998934,-0.09999999999999964,13.1,13.2,13.15,13.2,927.0,961.0,1365.0,54025.0,False
3481,2022-10-21 09:34:50.890140,0.0,-0.007575757575757569,0.0,-0.09999999999999964,13.1,13.15,13.15,13.2,927.0,1.0,1365.0,54025.0,False
3481,2022-10-21 09:34:51.033235,-0.0037878787878786735,-0.007575757575757569,-0.049999999999998934,-0.09999999999999964,13.1,13.2,13.15,13.2,927.0,962.0,1365.0,54025.0,False
3481,2022-10-21 09:34:51.191811,-0.0037878787878786735,-0.007575757575757569,-0.049999999999998934,-0.09999999999999964,13.1,13.2,13.15,13.2,927.0,963.0,1365.0,54025.0,False
3481,2022-10-21 09:34:51.300642,-0.0037878787878786735,-0.007575757575757569,-0.049999999999998934,-0.09999999999999964,13.1,13.2,13.15,13.2,937.0,963.0,1365.0,54025.0,False
3481,2022-10-21 09:34:51.437764,-0.0037878787878786735,-0.007575757575757569,-0.049999999999998934,-0.09999999999999964,13.1,13.2,13.15,13.2,935.0,963.0,1365.0,54025.0,False
3481,2022-10-21 09:34:51.536839,-0.0037878787878786735,-0.007575757575757569,-0.049999999999998934,-0.09999999999999964,13.1,13.2,13.15,13.2,937.0,963.0,1365.0,54025.0,False
3481,2022-10-21 09:34:51.669677,-0.0037878787878786735,-0.007575757575757569,-0.049999999999998934,-0.09999999999999964,13.1,13.2,13.15,13.2,937.0,963.0,1365.0,54025.0,False
3481,2022-10-21 09:34:51.669253,-0.0037878787878786735,-0.0037878787878786735,-0.049999999999998934,-0.049999999999998934,13.15,13.2,13.15,13.2,1.0,963.0,1365.0,54025.0,False
3481,2022-10-21 09:34:51.710663,-0.0037878787878786735,-0.007575757575757569,-0.049999999999998934,-0.09999999999999964,13.1,13.2,13.15,13.2,937.0,963.0,1365.0,54025.0,False
3481,2022-10-21 09:34:51.993057,-0.0037878787878786735,-0.0037878787878786735,-0.049999999999998934,-0.049999999999998934,13.15,13.2,13.15,13.2,1.0,963.0,1365.0,54025.0,False
3481,2022-10-21 09:34:52.018108,-0.0037878787878786735,-0.007575757575757569,-0.049999999999998934,-0.09999999999999964,13.1,13.2,13.15,13.2,937.0,963.0,1365.0,54025.0,False
3481,2022-10-21 09:34:52.058380,-0.0037878787878786735,-0.007575757575757569,-0.049999999999998934,-0.09999999999999964,13.1,13.2,13.15,13.2,937.0,963.0,1365.0,54025.0,False
3481,2022-10-21 09:34:52.071025,-0.0037878787878786735,-0.007575757575757569,-0.049999999999998934,-0.09999999999999964,13.1,13.2,13.15,13.2,937.0,978.0,1365.0,54025.0,False
3481,2022-10-21 09:34:52.851455,-0.0037878787878786735,-0.007575757575757569,-0.049999999999998934,-0.09999999999999964,13.1,13.2,13.15,13.2,942.0,978.0,1365.0,54025.0,False
3481,2022-10-21 09:34:52.954969,-0.0037878787878786735,-0.0037878787878786735,-0.049999999999998934,-0.049999999999998934,13.15,13.2,13.15,13.2,1.0,978.0,1365.0,54025.0,False
3481,2022-10-21 09:34:52.988912,-0.0037878787878786735,-0.007575757575757569,-0.049999999999998934,-0.09999999999999964,13.1,13.2,13.15,13.2,942.0,978.0,1365.0,54025.0,False
3481,2022-10-21 09:34:53.016076,-0.0037878787878786735,-0.007575757575757569,-0.049999999999998934,-0.09999999999999964,13.1,13.2,13.15,13.2,942.0,904.0,1365.0,54025.0,False
3481,2022-10-21 09:34:53.019959,-0.0037878787878786735,-0.007575757575757569,-0.049999999999998934,-0.09999999999999964,13.1,13.2,13.15,13.2,942.0,904.0,1365.0,54025.0,False
3481,2022-10-21 09:34:53.053179,-0.0037878787878786735,-0.007575757575757569,-0.049999999999998934,-0.09999999999999964,13.1,13.2,13.15,13.2,942.0,904.0,1365.0,54025.0,False
3481,2022-10-21 09:34:53.492608,-0.0037878787878786735,-0.007575757575757569,-0.049999999999998934,-0.09999999999999964,13.1,13.2,13.15,13.2,942.0,904.0,1365.0,54025.0,False
3481,2022-10-21 09:34:53.534714,0.0,-0.007575757575757569,0.0,-0.09999999999999964,13.1,13.15,13.15,13.2,942.0,6.0,1365.0,54025.0,False
3481,2022-10-21 09:34:53.634830,0.0,-0.007575757575757569,0.0,-0.09999999999999964,13.1,13.15,13.15,13.2,942.0,11.0,1365.0,54025.0,False
3481,2022-10-21 09:34:53.757118,0.0,-0.007575757575757569,0.0,-0.09999999999999964,13.1,13.15,13.15,13.2,942.0,5.0,1365.0,54025.0,False
3481,2022-10-21 09:34:53.768291,0.0,-0.007575757575757569,0.0,-0.09999999999999964,13.1,13.15,13.15,13.2,942.0,4.0,1365.0,54025.0,False
3481,2022-10-21 09:34:53.668448,0.0,-0.007575757575757569,0.0,-0.09999999999999964,13.1,13.15,13.15,13.2,942.0,11.0,1365.0,54025.0,False
3481,2022-10-21 09:34:54.058279,0.0,-0.007575757575757569,0.0,-0.09999999999999964,13.1,13.15,13.15,13.2,942.0,4.0,1365.0,54025.0,False
3481,2022-10-21 09:34:54.308105,0.0,-0.007575757575757569,0.0,-0.09999999999999964,13.1,13.15,13.15,13.2,943.0,4.0,1365.0,54025.0,False
3481,2022-10-21 09:34:54.542696,0.0,-0.007575757575757569,0.0,-0.09999999999999964,13.1,13.15,13.15,13.2,943.0,3.0,1365.0,54025.0,False
3481,2022-10-21 09:34:54.591666,-0.0037878787878786735,-0.0037878787878786735,-0.049999999999998934,-0.049999999999998934,13.15,13.2,13.15,13.2,7.0,903.0,1365.0,54025.0,False
3481,2022-10-21 09:34:54.625088,-0.0037878787878786735,-0.0037878787878786735,-0.049999999999998934,-0.049999999999998934,13.15,13.2,13.15,13.2,7.0,903.0,1365.0,54025.0,False
3481,2022-10-21 09:34:54.625612,-0.0037878787878786735,-0.007575757575757569,-0.049999999999998934,-0.09999999999999964,13.1,13.2,13.15,13.2,943.0,903.0,1365.0,54025.0,False
3481,2022-10-21 09:34:54.627195,-0.0037878787878786735,-0.007575757575757569,-0.049999999999998934,-0.09999999999999964,13.1,13.2,13.15,13.2,943.0,903.0,1365.0,54025.0,False
3481,2022-10-21 09:34:54.741312,-0.0037878787878786735,-0.007575757575757569,-0.049999999999998934,-0.09999999999999964,13.1,13.2,13.15,13.2,943.0,904.0,1365.0,54025.0,False
3481,2022-10-21 09:34:54.960980,-0.0037878787878786735,-0.007575757575757569,-0.049999999999998934,-0.09999999999999964,13.1,13.2,13.15,13.2,943.0,904.0,1365.0,54025.0,False
3481,2022-10-21 09:34:55.413865,-0.0037878787878786735,-0.007575757575757569,-0.049999999999998934,-0.09999999999999964,13.1,13.2,13.15,13.2,944.0,904.0,1365.0,54025.0,False
3481,2022-10-21 09:34:55.826282,-0.0037878787878786735,-0.0037878787878786735,-0.049999999999998934,-0.049999999999998934,13.15,13.2,13.15,13.2,1.0,904.0,1365.0,54025.0,False
3481,2022-10-21 09:34:55.858007,-0.0037878787878786735,-0.007575757575757569,-0.049999999999998934,-0.09999999999999964,13.1,13.2,13.15,13.2,944.0,904.0,1365.0,54025.0,False
3481,2022-10-21 09:34:55.902406,-0.0037878787878786735,-0.007575757575757569,-0.049999999999998934,-0.09999999999999964,13.1,13.2,13.15,13.2,944.0,904.0,1365.0,54025.0,False
3481,2022-10-21 09:34:56.003568,0.0,-0.007575757575757569,0.0,-0.09999999999999964,13.1,13.15,13.15,13.2,944.0,1.0,1365.0,54025.0,False
3481,2022-10-21 09:34:56.024390,0.0,-0.007575757575757569,0.0,-0.09999999999999964,13.1,13.15,13.15,13.2,944.0,1.0,1365.0,54025.0,False
3481,2022-10-21 09:34:56.188739,-0.0037878787878786735,-0.007575757575757569,-0.049999999999998934,-0.09999999999999964,13.1,13.2,13.15,13.2,946.0,904.0,1365.0,54025.0,False
3481,2022-10-21 09:34:56.234191,-0.0037878787878786735,-0.007575757575757569,-0.049999999999998934,-0.09999999999999964,13.1,13.2,13.15,13.2,946.0,903.0,1365.0,54025.0,False
3481,2022-10-21 09:34:56.331573,-0.0037878787878786735,-0.007575757575757569,-0.049999999999998934,-0.09999999999999964,13.1,13.2,13.15,13.2,946.0,904.0,1365.0,54025.0,False
3481,2022-10-21 09:34:56.748613,-0.0037878787878786735,-0.007575757575757569,-0.049999999999998934,-0.09999999999999964,13.1,13.2,13.15,13.2,944.0,904.0,1365.0,54025.0,False
3481,2022-10-21 09:34:57.144345,-0.0037878787878786735,-0.007575757575757569,-0.049999999999998934,-0.09999999999999964,13.1,13.2,13.15,13.2,944.0,904.0,1365.0,54025.0,False
3481,2022-10-21 09:34:57.187356,-0.0037878787878786735,-0.007575757575757569,-0.049999999999998934,-0.09999999999999964,13.1,13.2,13.15,13.2,944.0,904.0,1365.0,54025.0,False
3481,2022-10-21 09:34:57.374292,-0.0037878787878786735,-0.007575757575757569,-0.049999999999998934,-0.09999999999999964,13.1,13.2,13.15,13.2,944.0,904.0,1465.0,54025.0,True
3481,2022-10-21 09:34:57.552546,-0.0037878787878786735,-0.0037878787878786735,-0.049999999999998934,-0.049999999999998934,13.15,13.2,13.15,13.2,1.0,904.0,1465.0,54025.0,False
3481,2022-10-21 09:34:57.590263,-0.0037878787878786735,-0.007575757575757569,-0.049999999999998934,-0.09999999999999964,13.1,13.2,13.15,13.2,944.0,904.0,1465.0,54025.0,False
3481,2022-10-21 09:34:57.635246,-0.0037878787878786735,-0.007575757575757569,-0.049999999999998934,-0.09999999999999964,13.1,13.2,13.15,13.2,944.0,1004.0,1465.0,54025.0,False
3481,2022-10-21 09:34:57.664089,-0.0037878787878786735,-0.007575757575757569,-0.049999999999998934,-0.09999999999999964,13.1,13.2,13.15,13.2,944.0,1004.0,1465.0,54025.0,False
3481,2022-10-21 09:34:58.263014,-0.0037878787878786735,-0.007575757575757569,-0.049999999999998934,-0.09999999999999964,13.1,13.2,13.15,13.2,944.0,1004.0,1465.0,54025.0,False
3481,2022-10-21 09:34:58.300137,-0.0037878787878786735,-0.007575757575757569,-0.049999999999998934,-0.09999999999999964,13.1,13.2,13.15,13.2,944.0,1004.0,1465.0,54025.0,False
3481,2022-10-21 09:34:58.404005,-0.0037878787878786735,-0.0037878787878786735,-0.049999999999998934,-0.049999999999998934,13.15,13.2,13.15,13.2,5.0,1004.0,1465.0,54025.0,False
3481,2022-10-21 09:34:58.433728,-0.0037878787878786735,-0.007575757575757569,-0.049999999999998934,-0.09999999999999964,13.1,13.2,13.15,13.2,944.0,1004.0,1465.0,54025.0,False
3481,2022-10-21 09:34:58.496408,-0.0037878787878786735,-0.007575757575757569,-0.049999999999998934,-0.09999999999999964,13.1,13.2,13.15,13.2,944.0,904.0,1465.0,54025.0,False
3481,2022-10-21 09:34:58.550141,-0.0037878787878786735,-0.0037878787878786735,-0.049999999999998934,-0.049999999999998934,13.15,13.2,13.15,13.2,5.0,904.0,1465.0,54025.0,False
3481,2022-10-21 09:34:58.557997,-0.0037878787878786735,-0.007575757575757569,-0.049999999999998934,-0.09999999999999964,13.1,13.2,13.15,13.2,944.0,904.0,1465.0,54025.0,False
3481,2022-10-21 09:34:58.598238,-0.0037878787878786735,-0.007575757575757569,-0.049999999999998934,-0.09999999999999964,13.1,13.2,13.15,13.2,944.0,904.0,1465.0,54025.0,False
3481,2022-10-21 09:34:59.145317,-0.0037878787878786735,-0.007575757575757569,-0.049999999999998934,-0.09999999999999964,13.1,13.2,13.15,13.2,944.0,904.0,1465.0,54025.0,False
3481,2022-10-21 09:34:59.265143,-0.0037878787878786735,-0.007575757575757569,-0.049999999999998934,-0.09999999999999964,13.1,13.2,13.15,13.2,944.0,914.0,1465.0,54025.0,False
3481,2022-10-21 09:34:59.323068,-0.0037878787878786735,-0.007575757575757569,-0.049999999999998934,-0.09999999999999964,13.1,13.2,13.15,13.2,944.0,914.0,1465.0,54025.0,False
3481,2022-10-21 09:34:59.449072,-0.0037878787878786735,-0.007575757575757569,-0.049999999999998934,-0.09999999999999964,13.1,13.2,13.15,13.2,947.0,914.0,1465.0,54025.0,False
3481,2022-10-21 09:34:59.803984,-0.0037878787878786735,-0.007575757575757569,-0.049999999999998934,-0.09999999999999964,13.1,13.2,13.15,13.2,947.0,914.0,1465.0,54025.0,False
3481,2022-10-21 09:35:00.034388,-0.0037878787878786735,-0.007575757575757569,-0.049999999999998934,-0.09999999999999964,13.1,13.2,13.15,13.2,947.0,914.0,1465.0,54025.0,False
3481,2022-10-21 09:35:00.114019,-0.0037878787878786735,-0.0037878787878786735,-0.049999999999998934,-0.049999999999998934,13.15,13.2,13.15,13.2,5.0,914.0,1465.0,54025.0,False
3481,2022-10-21 09:35:00.152844,-0.0037878787878786735,-0.007575757575757569,-0.049999999999998934,-0.09999999999999964,13.1,13.2,13.15,13.2,947.0,914.0,1465.0,54025.0,False
3481,2022-10-21 09:35:00.197668,-0.0037878787878786735,-0.007575757575757569,-0.049999999999998934,-0.09999999999999964,13.1,13.2,13.15,13.2,947.0,914.0,1465.0,54025.0,False
3481,2022-10-21 09:35:00.356365,0.0,-0.007575757575757569,0.0,-0.09999999999999964,13.1,13.15,13.15,13.2,947.0,1.0,1465.0,54025.0,False
3481,2022-10-21 09:35:00.407035,0.0,-0.007575757575757569,0.0,-0.09999999999999964,13.1,13.15,13.15,13.2,947.0,1.0,1465.0,54025.0,False
3481,2022-10-21 09:35:00.576700,-0.0037878787878786735,-0.007575757575757569,-0.049999999999998934,-0.09999999999999964,13.1,13.2,13.15,13.2,947.0,926.0,1465.0,54025.0,False
3481,2022-10-21 09:35:00.612101,-0.0037878787878786735,-0.007575757575757569,-0.049999999999998934,-0.09999999999999964,13.1,13.2,13.15,13.2,947.0,926.0,1465.0,54025.0,False
3481,2022-10-21 09:35:00.731897,-0.0037878787878786735,-0.007575757575757569,-0.049999999999998934,-0.09999999999999964,13.1,13.2,13.15,13.2,984.0,926.0,1465.0,54025.0,False
3481,2022-10-21 09:35:01.060704,-0.0037878787878786735,-0.007575757575757569,-0.049999999999998934,-0.09999999999999964,13.1,13.2,13.15,13.2,987.0,926.0,1465.0,54025.0,False
3481,2022-10-21 09:35:01.067213,-0.0037878787878786735,-0.007575757575757569,-0.049999999999998934,-0.09999999999999964,13.1,13.2,13.15,13.2,987.0,926.0,1465.0,54025.0,False
3481,2022-10-21 09:35:01.128122,-0.0037878787878786735,-0.007575757575757569,-0.049999999999998934,-0.09999999999999964,13.1,13.2,13.15,13.2,997.0,926.0,1465.0,54025.0,False
3481,2022-10-21 09:35:01.525191,-0.0037878787878786735,-0.0037878787878786735,-0.049999999999998934,-0.049999999999998934,13.15,13.2,13.15,13.2,2.0,926.0,1465.0,54025.0,False
3481,2022-10-21 09:35:01.554960,-0.0037878787878786735,-0.007575757575757569,-0.049999999999998934,-0.09999999999999964,13.1,13.2,13.15,13.2,997.0,926.0,1465.0,54025.0,False
3481,2022-10-21 09:35:01.588501,-0.0037878787878786735,-0.007575757575757569,-0.049999999999998934,-0.09999999999999964,13.1,13.2,13.15,13.2,997.0,926.0,1465.0,54025.0,False
3481,2022-10-21 09:35:01.727787,-0.0037878787878786735,-0.007575757575757569,-0.049999999999998934,-0.09999999999999964,13.1,13.2,13.15,13.2,992.0,927.0,1465.0,54025.0,False
3481,2022-10-21 09:35:02.155769,-0.0037878787878786735,-0.007575757575757569,-0.049999999999998934,-0.09999999999999964,13.1,13.2,13.15,13.2,991.0,927.0,1465.0,54025.0,False
3481,2022-10-21 09:35:02.234184,-0.0037878787878786735,-0.007575757575757569,-0.049999999999998934,-0.09999999999999964,13.1,13.2,13.15,13.2,993.0,927.0,1465.0,54025.0,False
3481,2022-10-21 09:35:02.340670,-0.0037878787878786735,-0.007575757575757569,-0.049999999999998934,-0.09999999999999964,13.1,13.2,13.15,13.2,993.0,927.0,1465.0,54025.0,False
3481,2022-10-21 09:35:02.489565,-0.0037878787878786735,-0.007575757575757569,-0.049999999999998934,-0.09999999999999964,13.1,13.2,13.15,13.2,994.0,927.0,1465.0,54025.0,False
3481,2022-10-21 09:35:03.892072,-0.0037878787878786735,-0.007575757575757569,-0.049999999999998934,-0.09999999999999964,13.1,13.2,13.15,13.2,1044.0,927.0,1465.0,54025.0,False
3481,2022-10-21 09:35:03.942912,-0.0037878787878786735,-0.007575757575757569,-0.049999999999998934,-0.09999999999999964,13.1,13.2,13.15,13.2,1037.0,927.0,1465.0,54025.0,False
3481,2022-10-21 09:35:03.977463,-0.0037878787878786735,-0.007575757575757569,-0.049999999999998934,-0.09999999999999964,13.1,13.2,13.15,13.2,1037.0,927.0,1465.0,54025.0,False
3481,2022-10-21 09:35:04.006438,-0.0037878787878786735,-0.007575757575757569,-0.049999999999998934,-0.09999999999999964,13.1,13.2,13.15,13.2,1037.0,927.0,1465.0,54025.0,False
3481,2022-10-21 09:35:04.691574,-0.0037878787878786735,-0.0037878787878786735,-0.049999999999998934,-0.049999999999998934,13.15,13.2,13.15,13.2,5.0,927.0,1465.0,54025.0,False
3481,2022-10-21 09:35:04.714104,-0.0037878787878786735,-0.007575757575757569,-0.049999999999998934,-0.09999999999999964,13.1,13.2,13.15,13.2,1037.0,927.0,1465.0,54025.0,False
3481,2022-10-21 09:35:04.734996,-0.0037878787878786735,-0.007575757575757569,-0.049999999999998934,-0.09999999999999964,13.1,13.2,13.15,13.2,1037.0,928.0,1465.0,54025.0,False
3481,2022-10-21 09:35:04.843308,-0.0037878787878786735,-0.007575757575757569,-0.049999999999998934,-0.09999999999999964,13.1,13.2,13.15,13.2,1037.0,920.0,1465.0,54025.0,False
3481,2022-10-21 09:35:04.888428,-0.0037878787878786735,-0.007575757575757569,-0.049999999999998934,-0.09999999999999964,13.1,13.2,13.15,13.2,1042.0,920.0,1465.0,54025.0,False
3481,2022-10-21 09:35:05.110970,-0.0037878787878786735,-0.007575757575757569,-0.049999999999998934,-0.09999999999999964,13.1,13.2,13.15,13.2,1042.0,926.0,1465.0,54025.0,False
3481,2022-10-21 09:35:05.336527,-0.0037878787878786735,-0.007575757575757569,-0.049999999999998934,-0.09999999999999964,13.1,13.2,13.15,13.2,1042.0,926.0,1465.0,54025.0,False
3481,2022-10-21 09:35:05.522436,-0.0037878787878786735,-0.0037878787878786735,-0.049999999999998934,-0.049999999999998934,13.15,13.2,13.15,13.2,10.0,926.0,1465.0,54025.0,False
3481,2022-10-21 09:35:05.546126,-0.0037878787878786735,-0.007575757575757569,-0.049999999999998934,-0.09999999999999964,13.1,13.2,13.15,13.2,1042.0,926.0,1465.0,54025.0,False
3481,2022-10-21 09:35:05.586519,-0.0037878787878786735,-0.007575757575757569,-0.049999999999998934,-0.09999999999999964,13.1,13.2,13.15,13.2,1042.0,926.0,1465.0,54025.0,False
3481,2022-10-21 09:35:05.678389,-0.0037878787878786735,-0.007575757575757569,-0.049999999999998934,-0.09999999999999964,13.1,13.2,13.15,13.2,1084.0,926.0,1465.0,54025.0,False
3481,2022-10-21 09:35:05.849593,-0.0037878787878786735,-0.007575757575757569,-0.049999999999998934,-0.09999999999999964,13.1,13.2,13.15,13.2,1084.0,926.0,1465.0,54025.0,False
3481,2022-10-21 09:35:05.849768,-0.0037878787878786735,-0.007575757575757569,-0.049999999999998934,-0.09999999999999964,13.1,13.2,13.15,13.2,1084.0,926.0,1465.0,54025.0,False
3481,2022-10-21 09:35:05.908951,-0.0037878787878786735,-0.007575757575757569,-0.049999999999998934,-0.09999999999999964,13.1,13.2,13.15,13.2,1084.0,926.0,1465.0,54025.0,False
3481,2022-10-21 09:35:06.059514,-0.0037878787878786735,-0.007575757575757569,-0.049999999999998934,-0.09999999999999964,13.1,13.2,13.15,13.2,1085.0,926.0,1465.0,54025.0,False
3481,2022-10-21 09:35:06.091399,-0.0037878787878786735,-0.0037878787878786735,-0.049999999999998934,-0.049999999999998934,13.15,13.2,13.15,13.2,5.0,926.0,1465.0,54025.0,False
3481,2022-10-21 09:35:06.121657,-0.0037878787878786735,-0.007575757575757569,-0.049999999999998934,-0.09999999999999964,13.1,13.2,13.15,13.2,1085.0,926.0,1465.0,54025.0,False
3481,2022-10-21 09:35:06.189176,-0.0037878787878786735,-0.007575757575757569,-0.049999999999998934,-0.09999999999999964,13.1,13.2,13.15,13.2,1085.0,925.0,1465.0,54025.0,False
3481,2022-10-21 09:35:06.321212,-0.0037878787878786735,-0.007575757575757569,-0.049999999999998934,-0.09999999999999964,13.1,13.2,13.15,13.2,1085.0,926.0,1465.0,54025.0,False
3481,2022-10-21 09:35:06.435523,-0.0037878787878786735,-0.007575757575757569,-0.049999999999998934,-0.09999999999999964,13.1,13.2,13.15,13.2,1086.0,926.0,1465.0,54025.0,False
3481,2022-10-21 09:35:07.038591,0.0,-0.007575757575757569,0.0,-0.09999999999999964,13.1,13.15,13.15,13.2,1086.0,11.0,1465.0,54025.0,False
3481,2022-10-21 09:35:07.091072,0.0,-0.007575757575757569,0.0,-0.09999999999999964,13.1,13.15,13.15,13.2,1086.0,21.0,1465.0,54025.0,False
3481,2022-10-21 09:35:07.126544,0.0,-0.007575757575757569,0.0,-0.09999999999999964,13.1,13.15,13.15,13.2,1086.0,21.0,1465.0,54025.0,False
3481,2022-10-21 09:35:07.274337,0.0,-0.007575757575757569,0.0,-0.09999999999999964,13.1,13.15,13.15,13.2,1086.0,20.0,1465.0,54025.0,False
3481,2022-10-21 09:35:07.342779,0.0,-0.007575757575757569,0.0,-0.09999999999999964,13.1,13.15,13.15,13.2,1086.0,20.0,1465.0,54025.0,False
3481,2022-10-21 09:35:07.378452,0.0,-0.007575757575757569,0.0,-0.09999999999999964,13.1,13.15,13.15,13.2,1086.0,20.0,1515.0,54025.0,True
3481,2022-10-21 09:35:07.591625,0.0,-0.007575757575757569,0.0,-0.09999999999999964,13.1,13.15,13.15,13.2,1086.0,28.0,1515.0,54025.0,False
3481,2022-10-21 09:35:07.661364,0.0,-0.007575757575757569,0.0,-0.09999999999999964,13.1,13.15,13.15,13.2,1091.0,28.0,1515.0,54025.0,False
3481,2022-10-21 09:35:07.981906,0.0,-0.007575757575757569,0.0,-0.09999999999999964,13.1,13.15,13.15,13.2,1094.0,28.0,1515.0,54025.0,False
3481,2022-10-21 09:35:08.028599,0.0,-0.007575757575757569,0.0,-0.09999999999999964,13.1,13.15,13.15,13.2,1095.0,28.0,1515.0,54025.0,False
3481,2022-10-21 09:35:08.461969,0.0,-0.007575757575757569,0.0,-0.09999999999999964,13.1,13.15,13.15,13.2,1095.0,33.0,1515.0,54025.0,False
3481,2022-10-21 09:35:08.493713,0.0,-0.007575757575757569,0.0,-0.09999999999999964,13.1,13.15,13.15,13.2,1093.0,33.0,1515.0,54025.0,False
3481,2022-10-21 09:35:08.550192,0.0,-0.007575757575757569,0.0,-0.09999999999999964,13.1,13.15,13.15,13.2,1093.0,32.0,1515.0,54025.0,False
3481,2022-10-21 09:35:08.644707,0.0,-0.007575757575757569,0.0,-0.09999999999999964,13.1,13.15,13.15,13.2,1093.0,32.0,1515.0,54025.0,False
3481,2022-10-21 09:35:08.733127,0.0,-0.007575757575757569,0.0,-0.09999999999999964,13.1,13.15,13.15,13.2,1095.0,32.0,1515.0,54025.0,False
3481,2022-10-21 09:35:08.829034,0.0,-0.007575757575757569,0.0,-0.09999999999999964,13.1,13.15,13.15,13.2,1085.0,32.0,1515.0,54025.0,False
3481,2022-10-21 09:35:09.031729,0.0,-0.007575757575757569,0.0,-0.09999999999999964,13.1,13.15,13.15,13.2,1095.0,32.0,1515.0,54025.0,False
3481,2022-10-21 09:35:09.293577,0.0,-0.007575757575757569,0.0,-0.09999999999999964,13.1,13.15,13.15,13.2,1095.0,531.0,1515.0,54025.0,False
3481,2022-10-21 09:35:09.354230,0.0,-0.007575757575757569,0.0,-0.09999999999999964,13.1,13.15,13.15,13.2,1093.0,542.0,1515.0,54025.0,False
3481,2022-10-21 09:35:09.361480,0.0,-0.007575757575757569,0.0,-0.09999999999999964,13.1,13.15,13.15,13.2,943.0,542.0,1515.0,54025.0,False
3481,2022-10-21 09:35:09.462616,0.0,-0.007575757575757569,0.0,-0.09999999999999964,13.1,13.15,13.15,13.2,916.0,542.0,1515.0,54025.0,False
3481,2022-10-21 09:35:09.528781,0.0,-0.007575757575757569,0.0,-0.09999999999999964,13.1,13.15,13.15,13.2,906.0,562.0,1515.0,54025.0,False
3481,2022-10-21 09:35:09.678552,0.0,-0.007575757575757569,0.0,-0.09999999999999964,13.1,13.15,13.15,13.2,908.0,562.0,1515.0,54025.0,False
3481,2022-10-21 09:35:09.842165,0.0,-0.007575757575757569,0.0,-0.09999999999999964,13.1,13.15,13.15,13.2,908.0,562.0,1515.0,54025.0,False
3481,2022-10-21 09:35:09.972390,0.0,-0.007575757575757569,0.0,-0.09999999999999964,13.1,13.15,13.15,13.2,911.0,567.0,1515.0,54025.0,False
3481,2022-10-21 09:35:10.429443,0.0,-0.007575757575757569,0.0,-0.09999999999999964,13.1,13.15,13.15,13.2,911.0,567.0,1515.0,54025.0,False
3481,2022-10-21 09:35:10.707859,0.0,-0.007575757575757569,0.0,-0.09999999999999964,13.1,13.15,13.15,13.2,822.0,567.0,1515.0,54025.0,False
3481,2022-10-21 09:35:10.777495,0.0,-0.007575757575757569,0.0,-0.09999999999999964,13.1,13.15,13.15,13.2,822.0,557.0,1515.0,54025.0,False
3481,2022-10-21 09:35:10.852219,0.0,-0.007575757575757569,0.0,-0.09999999999999964,13.1,13.15,13.15,13.2,822.0,556.0,1515.0,54025.0,False
3481,2022-10-21 09:35:10.862164,0.0,-0.007575757575757569,0.0,-0.09999999999999964,13.1,13.15,13.15,13.2,822.0,553.0,1515.0,54025.0,False
3481,2022-10-21 09:35:11.212150,0.0,-0.007575757575757569,0.0,-0.09999999999999964,13.1,13.15,13.15,13.2,822.0,553.0,1515.0,54025.0,False
3481,2022-10-21 09:35:11.504776,0.0,-0.007575757575757569,0.0,-0.09999999999999964,13.1,13.15,13.15,13.2,822.0,556.0,1515.0,54025.0,False
3481,2022-10-21 09:35:11.511991,0.0,-0.007575757575757569,0.0,-0.09999999999999964,13.1,13.15,13.15,13.2,822.0,556.0,1515.0,54025.0,False
3481,2022-10-21 09:35:11.703953,0.0,-0.007575757575757569,0.0,-0.09999999999999964,13.1,13.15,13.15,13.2,821.0,556.0,1515.0,54025.0,False
3481,2022-10-21 09:35:11.749063,0.0,-0.007575757575757569,0.0,-0.09999999999999964,13.1,13.15,13.15,13.2,821.0,556.0,1515.0,54025.0,False
3481,2022-10-21 09:35:11.850522,0.0,-0.007575757575757569,0.0,-0.09999999999999964,13.1,13.15,13.15,13.2,821.0,561.0,1515.0,54025.0,False
3481,2022-10-21 09:35:11.987830,0.0,-0.007575757575757569,0.0,-0.09999999999999964,13.1,13.15,13.15,13.2,821.0,563.0,1515.0,54025.0,False
3481,2022-10-21 09:35:12.733369,0.0,-0.007575757575757569,0.0,-0.09999999999999964,13.1,13.15,13.15,13.2,820.0,563.0,1515.0,54025.0,False
3481,2022-10-21 09:35:12.794888,0.0,-0.007575757575757569,0.0,-0.09999999999999964,13.1,13.15,13.15,13.2,820.0,563.0,1515.0,54025.0,False
3481,2022-10-21 09:35:13.165036,0.0,-0.007575757575757569,0.0,-0.09999999999999964,13.1,13.15,13.15,13.2,821.0,563.0,1515.0,54025.0,False
3481,2022-10-21 09:35:13.194844,0.0,-0.007575757575757569,0.0,-0.09999999999999964,13.1,13.15,13.15,13.2,822.0,563.0,1515.0,54025.0,False
3481,2022-10-21 09:35:13.591507,0.0,-0.007575757575757569,0.0,-0.09999999999999964,13.1,13.15,13.15,13.2,822.0,563.0,1515.0,54025.0,False
3481,2022-10-21 09:35:13.704239,0.0,-0.007575757575757569,0.0,-0.09999999999999964,13.1,13.15,13.15,13.2,821.0,563.0,1515.0,54025.0,False
3481,2022-10-21 09:35:13.593129,0.0,-0.007575757575757569,0.0,-0.09999999999999964,13.1,13.15,13.15,13.2,822.0,563.0,1515.0,54025.0,False
3481,2022-10-21 09:35:13.893166,0.0,-0.007575757575757569,0.0,-0.09999999999999964,13.1,13.15,13.15,13.2,820.0,563.0,1515.0,54025.0,False
3481,2022-10-21 09:35:14.111733,0.0,-0.007575757575757569,0.0,-0.09999999999999964,13.1,13.15,13.15,13.2,820.0,563.0,1515.0,54025.0,False
3481,2022-10-21 09:35:14.441917,0.0,-0.007575757575757569,0.0,-0.09999999999999964,13.1,13.15,13.15,13.2,820.0,563.0,1515.0,54025.0,False
3481,2022-10-21 09:35:14.634643,0.0,-0.007575757575757569,0.0,-0.09999999999999964,13.1,13.15,13.15,13.2,820.0,564.0,1515.0,54025.0,False
3481,2022-10-21 09:35:14.702418,0.0,-0.007575757575757569,0.0,-0.09999999999999964,13.1,13.15,13.15,13.2,819.0,564.0,1515.0,54025.0,False
3481,2022-10-21 09:35:14.755485,0.0,-0.007575757575757569,0.0,-0.09999999999999964,13.1,13.15,13.15,13.2,819.0,565.0,1515.0,54025.0,False
3481,2022-10-21 09:35:14.815707,0.0,-0.007575757575757569,0.0,-0.09999999999999964,13.1,13.15,13.15,13.2,819.0,565.0,1515.0,54025.0,False
3481,2022-10-21 09:35:14.930418,0.0,-0.007575757575757569,0.0,-0.09999999999999964,13.1,13.15,13.15,13.2,819.0,575.0,1515.0,54025.0,False
3481,2022-10-21 09:35:14.985315,0.0,-0.007575757575757569,0.0,-0.09999999999999964,13.1,13.15,13.15,13.2,819.0,575.0,1515.0,54025.0,False
3481,2022-10-21 09:35:15.475859,0.0,-0.007575757575757569,0.0,-0.09999999999999964,13.1,13.15,13.15,13.2,819.0,577.0,1515.0,54025.0,False
3481,2022-10-21 09:35:15.701872,0.0,-0.007575757575757569,0.0,-0.09999999999999964,13.1,13.15,13.15,13.2,817.0,577.0,1515.0,54025.0,False
3481,2022-10-21 09:35:15.779615,0.0,-0.007575757575757569,0.0,-0.09999999999999964,13.1,13.15,13.15,13.2,817.0,577.0,1515.0,54025.0,False
3481,2022-10-21 09:35:16.144504,0.0,-0.007575757575757569,0.0,-0.09999999999999964,13.1,13.15,13.15,13.2,822.0,577.0,1515.0,54025.0,False
3481,2022-10-21 09:35:16.150775,0.0,-0.007575757575757569,0.0,-0.09999999999999964,13.1,13.15,13.15,13.2,823.0,577.0,1515.0,54025.0,False
3481,2022-10-21 09:35:16.425907,0.0,-0.007575757575757569,0.0,-0.09999999999999964,13.1,13.15,13.15,13.2,822.0,577.0,1515.0,54025.0,False
3481,2022-10-21 09:35:16.450946,0.0,-0.007575757575757569,0.0,-0.09999999999999964,13.1,13.15,13.15,13.2,833.0,589.0,1515.0,54025.0,False
3481,2022-10-21 09:35:16.563280,0.0,-0.007575757575757569,0.0,-0.09999999999999964,13.1,13.15,13.15,13.2,833.0,589.0,1515.0,54025.0,False
3481,2022-10-21 09:35:16.723974,0.0,-0.007575757575757569,0.0,-0.09999999999999964,13.1,13.15,13.15,13.2,832.0,589.0,1515.0,54025.0,False
3481,2022-10-21 09:35:17.140028,0.0,-0.007575757575757569,0.0,-0.09999999999999964,13.1,13.15,13.15,13.2,832.0,589.0,1515.0,54025.0,False
3481,2022-10-21 09:35:17.390258,0.0,-0.007575757575757569,0.0,-0.09999999999999964,13.1,13.15,13.15,13.2,832.0,589.0,1870.0,54025.0,True
3481,2022-10-21 09:35:17.700527,0.0,-0.007575757575757569,0.0,-0.09999999999999964,13.1,13.15,13.15,13.2,831.0,589.0,1870.0,54025.0,False
3481,2022-10-21 09:35:17.972297,0.0,-0.007575757575757569,0.0,-0.09999999999999964,13.1,13.15,13.15,13.2,831.0,589.0,1870.0,54025.0,False
3481,2022-10-21 09:35:18.076429,0.0,-0.007575757575757569,0.0,-0.09999999999999964,13.1,13.15,13.15,13.2,831.0,584.0,1870.0,54025.0,False
3481,2022-10-21 09:35:18.452997,0.0,-0.007575757575757569,0.0,-0.09999999999999964,13.1,13.15,13.15,13.2,830.0,584.0,1870.0,54025.0,False
3481,2022-10-21 09:35:18.527334,0.0,-0.007575757575757569,0.0,-0.09999999999999964,13.1,13.15,13.15,13.2,830.0,584.0,1870.0,54025.0,False
3481,2022-10-21 09:35:18.617674,0.0,-0.007575757575757569,0.0,-0.09999999999999964,13.1,13.15,13.15,13.2,830.0,584.0,1870.0,54025.0,False
3481,2022-10-21 09:35:18.697575,0.0,-0.007575757575757569,0.0,-0.09999999999999964,13.1,13.15,13.15,13.2,829.0,584.0,1870.0,54025.0,False
3481,2022-10-21 09:35:18.748646,0.0,-0.007575757575757569,0.0,-0.09999999999999964,13.1,13.15,13.15,13.2,829.0,584.0,1870.0,54025.0,False
3481,2022-10-21 09:35:18.900736,0.0,-0.007575757575757569,0.0,-0.09999999999999964,13.1,13.15,13.15,13.2,829.0,584.0,1870.0,54025.0,False
3481,2022-10-21 09:35:19.094242,0.0,-0.007575757575757569,0.0,-0.09999999999999964,13.1,13.15,13.15,13.2,829.0,584.0,1870.0,54025.0,False
3481,2022-10-21 09:35:19.314122,0.0,-0.007575757575757569,0.0,-0.09999999999999964,13.1,13.15,13.15,13.2,828.0,584.0,1870.0,54025.0,False
3481,2022-10-21 09:35:19.699082,0.0,-0.007575757575757569,0.0,-0.09999999999999964,13.1,13.15,13.15,13.2,827.0,584.0,1870.0,54025.0,False
3481,2022-10-21 09:35:19.803754,0.0,-0.007575757575757569,0.0,-0.09999999999999964,13.1,13.15,13.15,13.2,825.0,584.0,1870.0,54025.0,False
3481,2022-10-21 09:35:19.995833,0.0,-0.007575757575757569,0.0,-0.09999999999999964,13.1,13.15,13.15,13.2,824.0,584.0,1870.0,54025.0,False
3481,2022-10-21 09:35:20.712226,0.0,-0.007575757575757569,0.0,-0.09999999999999964,13.1,13.15,13.15,13.2,823.0,584.0,1870.0,54025.0,False
3481,2022-10-21 09:35:20.796722,0.0,-0.007575757575757569,0.0,-0.09999999999999964,13.1,13.15,13.15,13.2,833.0,584.0,1870.0,54025.0,False
3481,2022-10-21 09:35:21.051398,0.0,-0.007575757575757569,0.0,-0.09999999999999964,13.1,13.15,13.15,13.2,833.0,585.0,1870.0,54025.0,False
3481,2022-10-21 09:35:21.216764,0.0,-0.007575757575757569,0.0,-0.09999999999999964,13.1,13.15,13.15,13.2,833.0,585.0,1870.0,54025.0,False
3481,2022-10-21 09:35:21.317901,0.0,-0.007575757575757569,0.0,-0.09999999999999964,13.1,13.15,13.15,13.2,833.0,591.0,1870.0,54025.0,False
3481,2022-10-21 09:35:21.649445,0.0,-0.007575757575757569,0.0,-0.09999999999999964,13.1,13.15,13.15,13.2,833.0,591.0,1870.0,54025.0,False
3481,2022-10-21 09:35:21.698949,0.0,-0.007575757575757569,0.0,-0.09999999999999964,13.1,13.15,13.15,13.2,832.0,591.0,1870.0,54025.0,False
3481,2022-10-21 09:35:21.789528,0.0,-0.007575757575757569,0.0,-0.09999999999999964,13.1,13.15,13.15,13.2,835.0,591.0,1870.0,54025.0,False
3481,2022-10-21 09:35:21.858788,0.0,-0.007575757575757569,0.0,-0.09999999999999964,13.1,13.15,13.15,13.2,836.0,591.0,1870.0,54025.0,False
3481,2022-10-21 09:35:22.378810,0.0,-0.007575757575757569,0.0,-0.09999999999999964,13.1,13.15,13.15,13.2,841.0,591.0,1870.0,54025.0,False
3481,2022-10-21 09:35:22.554889,0.0,-0.007575757575757569,0.0,-0.09999999999999964,13.1,13.15,13.15,13.2,836.0,591.0,1870.0,54025.0,False
3481,2022-10-21 09:35:22.558217,0.0,-0.007575757575757569,0.0,-0.09999999999999964,13.1,13.15,13.15,13.2,846.0,591.0,1870.0,54025.0,False
3481,2022-10-21 09:35:22.695048,0.0,-0.007575757575757569,0.0,-0.09999999999999964,13.1,13.15,13.15,13.2,845.0,591.0,1870.0,54025.0,False
3481,2022-10-21 09:35:23.037277,0.0,-0.007575757575757569,0.0,-0.09999999999999964,13.1,13.15,13.15,13.2,846.0,591.0,1870.0,54025.0,False
3481,2022-10-21 09:35:23.352397,0.0,-0.007575757575757569,0.0,-0.09999999999999964,13.1,13.15,13.15,13.2,846.0,603.0,1870.0,54025.0,False
3481,2022-10-21 09:35:23.433560,0.0,-0.007575757575757569,0.0,-0.09999999999999964,13.1,13.15,13.15,13.2,846.0,603.0,1870.0,54025.0,False
3481,2022-10-21 09:35:23.647952,0.0,-0.007575757575757569,0.0,-0.09999999999999964,13.1,13.15,13.15,13.2,856.0,603.0,1870.0,54025.0,False
3481,2022-10-21 09:35:23.693603,0.0,-0.007575757575757569,0.0,-0.09999999999999964,13.1,13.15,13.15,13.2,854.0,603.0,1870.0,54025.0,False
3481,2022-10-21 09:35:23.838077,0.0,-0.007575757575757569,0.0,-0.09999999999999964,13.1,13.15,13.15,13.2,856.0,603.0,1870.0,54025.0,False
3481,2022-10-21 09:35:24.017017,0.0,-0.007575757575757569,0.0,-0.09999999999999964,13.1,13.15,13.15,13.2,857.0,603.0,1870.0,54025.0,False
3481,2022-10-21 09:35:24.064435,0.0,-0.007575757575757569,0.0,-0.09999999999999964,13.1,13.15,13.15,13.2,857.0,608.0,1870.0,54025.0,False
3481,2022-10-21 09:35:24.182668,0.0,-0.007575757575757569,0.0,-0.09999999999999964,13.1,13.15,13.15,13.2,857.0,608.0,1870.0,54025.0,False
3481,2022-10-21 09:35:24.240238,0.0,-0.007575757575757569,0.0,-0.09999999999999964,13.1,13.15,13.15,13.2,877.0,608.0,1870.0,54025.0,False
3481,2022-10-21 09:35:24.715920,0.0,-0.007575757575757569,0.0,-0.09999999999999964,13.1,13.15,13.15,13.2,879.0,608.0,1870.0,54025.0,False
3481,2022-10-21 09:35:24.719230,0.0,-0.007575757575757569,0.0,-0.09999999999999964,13.1,13.15,13.15,13.2,878.0,608.0,1870.0,54025.0,False
3481,2022-10-21 09:35:25.421937,0.0,-0.007575757575757569,0.0,-0.09999999999999964,13.1,13.15,13.15,13.2,888.0,608.0,1870.0,54025.0,False
3481,2022-10-21 09:35:25.534403,0.0,-0.007575757575757569,0.0,-0.09999999999999964,13.1,13.15,13.15,13.2,888.0,608.0,1870.0,54025.0,False
3481,2022-10-21 09:35:25.674026,0.0,-0.007575757575757569,0.0,-0.09999999999999964,13.1,13.15,13.15,13.2,885.0,608.0,1870.0,54025.0,False
3481,2022-10-21 09:35:25.694965,0.0,-0.007575757575757569,0.0,-0.09999999999999964,13.1,13.15,13.15,13.2,884.0,608.0,1870.0,54025.0,False
3481,2022-10-21 09:35:26.185586,0.0,-0.007575757575757569,0.0,-0.09999999999999964,13.1,13.15,13.15,13.2,884.0,608.0,1870.0,54025.0,False
3481,2022-10-21 09:35:26.369404,0.0,-0.007575757575757569,0.0,-0.09999999999999964,13.1,13.15,13.15,13.2,885.0,608.0,1870.0,54025.0,False
3481,2022-10-21 09:35:26.508604,0.0,-0.007575757575757569,0.0,-0.09999999999999964,13.1,13.15,13.15,13.2,886.0,608.0,1870.0,54025.0,False
3481,2022-10-21 09:35:26.700999,0.0,-0.007575757575757569,0.0,-0.09999999999999964,13.1,13.15,13.15,13.2,885.0,608.0,1870.0,54025.0,False
3481,2022-10-21 09:35:26.744900,0.0,-0.007575757575757569,0.0,-0.09999999999999964,13.1,13.15,13.15,13.2,885.0,610.0,1870.0,54025.0,False
3481,2022-10-21 09:35:27.122778,0.0,-0.007575757575757569,0.0,-0.09999999999999964,13.1,13.15,13.15,13.2,886.0,610.0,1870.0,54025.0,False
3481,2022-10-21 09:35:27.330545,0.0,-0.007575757575757569,0.0,-0.09999999999999964,13.1,13.15,13.15,13.2,886.0,619.0,1870.0,54025.0,False
3481,2022-10-21 09:35:27.408778,0.0,-0.007575757575757569,0.0,-0.09999999999999964,13.1,13.15,13.15,13.2,886.0,619.0,1870.0,54025.0,True
3481,2022-10-21 09:35:27.696146,0.0,-0.007575757575757569,0.0,-0.09999999999999964,13.1,13.15,13.15,13.2,885.0,619.0,1870.0,54025.0,False
3481,2022-10-21 09:35:27.851459,0.0,-0.007575757575757569,0.0,-0.09999999999999964,13.1,13.15,13.15,13.2,885.0,619.0,1870.0,54025.0,False
3481,2022-10-21 09:35:28.693316,0.0,-0.007575757575757569,0.0,-0.09999999999999964,13.1,13.15,13.15,13.2,884.0,619.0,1870.0,54025.0,False
3481,2022-10-21 09:35:29.015514,0.0,-0.007575757575757569,0.0,-0.09999999999999964,13.1,13.15,13.15,13.2,884.0,629.0,1870.0,54025.0,False
3481,2022-10-21 09:35:29.032723,0.0,-0.007575757575757569,0.0,-0.09999999999999964,13.1,13.15,13.15,13.2,884.0,629.0,1870.0,54025.0,False
3481,2022-10-21 09:35:29.172225,0.0,-0.007575757575757569,0.0,-0.09999999999999964,13.1,13.15,13.15,13.2,884.0,629.0,1870.0,54025.0,False
3481,2022-10-21 09:35:29.256868,0.0,-0.007575757575757569,0.0,-0.09999999999999964,13.1,13.15,13.15,13.2,884.0,647.0,1870.0,54025.0,False
3481,2022-10-21 09:35:29.694632,0.0,-0.007575757575757569,0.0,-0.09999999999999964,13.1,13.15,13.15,13.2,883.0,647.0,1870.0,54025.0,False
3481,2022-10-21 09:35:29.719919,0.0,-0.007575757575757569,0.0,-0.09999999999999964,13.1,13.15,13.15,13.2,883.0,647.0,1870.0,54025.0,False
3481,2022-10-21 09:35:29.972115,0.0,-0.007575757575757569,0.0,-0.09999999999999964,13.1,13.15,13.15,13.2,883.0,651.0,1870.0,54025.0,False
3481,2022-10-21 09:35:30.186570,0.0,-0.007575757575757569,0.0,-0.09999999999999964,13.1,13.15,13.15,13.2,878.0,651.0,1870.0,54025.0,False
3481,2022-10-21 09:35:30.703708,0.0,-0.007575757575757569,0.0,-0.09999999999999964,13.1,13.15,13.15,13.2,877.0,651.0,1870.0,54025.0,False
3481,2022-10-21 09:35:31.086622,0.0,-0.007575757575757569,0.0,-0.09999999999999964,13.1,13.15,13.15,13.2,874.0,651.0,1870.0,54025.0,False
3481,2022-10-21 09:35:31.388224,0.0,-0.007575757575757569,0.0,-0.09999999999999964,13.1,13.15,13.15,13.2,875.0,651.0,1870.0,54025.0,False
3481,2022-10-21 09:35:31.642270,0.0,-0.007575757575757569,0.0,-0.09999999999999964,13.1,13.15,13.15,13.2,875.0,652.0,1870.0,54025.0,False
3481,2022-10-21 09:35:31.656653,0.0,-0.007575757575757569,0.0,-0.09999999999999964,13.1,13.15,13.15,13.2,874.0,652.0,1870.0,54025.0,False
3481,2022-10-21 09:35:31.674129,0.0,-0.007575757575757569,0.0,-0.09999999999999964,13.1,13.15,13.15,13.2,879.0,652.0,1870.0,54025.0,False
3481,2022-10-21 09:35:31.701047,0.0,-0.007575757575757569,0.0,-0.09999999999999964,13.1,13.15,13.15,13.2,877.0,652.0,1870.0,54025.0,False
3481,2022-10-21 09:35:32.002691,0.0,-0.007575757575757569,0.0,-0.09999999999999964,13.1,13.15,13.15,13.2,887.0,652.0,1870.0,54025.0,False
3481,2022-10-21 09:35:32.047765,0.0,-0.007575757575757569,0.0,-0.09999999999999964,13.1,13.15,13.15,13.2,887.0,652.0,1870.0,54025.0,False
3481,2022-10-21 09:35:32.408138,0.0,-0.007575757575757569,0.0,-0.09999999999999964,13.1,13.15,13.15,13.2,887.0,652.0,1870.0,54025.0,False
3481,2022-10-21 09:35:32.436656,0.0,-0.007575757575757569,0.0,-0.09999999999999964,13.1,13.15,13.15,13.2,879.0,656.0,1870.0,54025.0,False
3481,2022-10-21 09:35:32.533577,0.0,-0.007575757575757569,0.0,-0.09999999999999964,13.1,13.15,13.15,13.2,879.0,656.0,1870.0,54025.0,False
3481,2022-10-21 09:35:32.698341,0.0,-0.007575757575757569,0.0,-0.09999999999999964,13.1,13.15,13.15,13.2,878.0,656.0,1870.0,54025.0,False
3481,2022-10-21 09:35:33.123294,0.0,-0.007575757575757569,0.0,-0.09999999999999964,13.1,13.15,13.15,13.2,878.0,656.0,1870.0,54025.0,False
3481,2022-10-21 09:35:33.484040,0.0,-0.007575757575757569,0.0,-0.09999999999999964,13.1,13.15,13.15,13.2,878.0,658.0,1870.0,54025.0,False
3481,2022-10-21 09:35:33.579517,0.0,-0.007575757575757569,0.0,-0.09999999999999964,13.1,13.15,13.15,13.2,878.0,658.0,1870.0,54025.0,False
3481,2022-10-21 09:35:33.633926,0.0,-0.007575757575757569,0.0,-0.09999999999999964,13.1,13.15,13.15,13.2,878.0,658.0,1870.0,54025.0,False
3481,2022-10-21 09:35:33.701112,0.0,-0.007575757575757569,0.0,-0.09999999999999964,13.1,13.15,13.15,13.2,877.0,658.0,1870.0,54025.0,False
3481,2022-10-21 09:35:33.740059,0.0,-0.007575757575757569,0.0,-0.09999999999999964,13.1,13.15,13.15,13.2,877.0,658.0,1870.0,54025.0,False
3481,2022-10-21 09:35:34.291184,0.0,-0.007575757575757569,0.0,-0.09999999999999964,13.1,13.15,13.15,13.2,877.0,653.0,1870.0,54025.0,False
3481,2022-10-21 09:35:34.597626,0.0,-0.007575757575757569,0.0,-0.09999999999999964,13.1,13.15,13.15,13.2,877.0,669.0,1870.0,54025.0,False
3481,2022-10-21 09:35:34.694582,0.0,-0.007575757575757569,0.0,-0.09999999999999964,13.1,13.15,13.15,13.2,876.0,669.0,1870.0,54025.0,False
3481,2022-10-21 09:35:35.223731,0.0,-0.007575757575757569,0.0,-0.09999999999999964,13.1,13.15,13.15,13.2,876.0,669.0,1870.0,54025.0,False
3481,2022-10-21 09:35:35.697656,0.0,-0.007575757575757569,0.0,-0.09999999999999964,13.1,13.15,13.15,13.2,875.0,669.0,1870.0,54025.0,False
3481,2022-10-21 09:35:35.711363,0.0,-0.007575757575757569,0.0,-0.09999999999999964,13.1,13.15,13.15,13.2,880.0,669.0,1870.0,54025.0,False
3481,2022-10-21 09:35:35.904665,0.0,-0.007575757575757569,0.0,-0.09999999999999964,13.1,13.15,13.15,13.2,881.0,669.0,1870.0,54025.0,False
3481,2022-10-21 09:35:36.010205,0.0,-0.007575757575757569,0.0,-0.09999999999999964,13.1,13.15,13.15,13.2,891.0,669.0,1870.0,54025.0,False
3481,2022-10-21 09:35:36.358206,0.0,-0.007575757575757569,0.0,-0.09999999999999964,13.1,13.15,13.15,13.2,891.0,669.0,1870.0,54025.0,False
3481,2022-10-21 09:35:36.697612,0.0,-0.007575757575757569,0.0,-0.09999999999999964,13.1,13.15,13.15,13.2,890.0,669.0,1870.0,54025.0,False
3481,2022-10-21 09:35:36.774863,0.0,-0.007575757575757569,0.0,-0.09999999999999964,13.1,13.15,13.15,13.2,890.0,669.0,1870.0,54025.0,False
3481,2022-10-21 09:35:36.814958,0.0,-0.007575757575757569,0.0,-0.09999999999999964,13.1,13.15,13.15,13.2,890.0,669.0,1870.0,54025.0,False
3481,2022-10-21 09:35:36.892821,0.0,-0.007575757575757569,0.0,-0.09999999999999964,13.1,13.15,13.15,13.2,890.0,669.0,1870.0,54025.0,False
3481,2022-10-21 09:35:36.982415,0.0,-0.007575757575757569,0.0,-0.09999999999999964,13.1,13.15,13.15,13.2,890.0,669.0,1870.0,54025.0,False
3481,2022-10-21 09:35:37.434447,0.0,-0.007575757575757569,0.0,-0.09999999999999964,13.1,13.15,13.15,13.2,890.0,669.0,1345.0,54025.0,True
3481,2022-10-21 09:35:37.701522,0.0,-0.007575757575757569,0.0,-0.09999999999999964,13.1,13.15,13.15,13.2,889.0,669.0,1345.0,54025.0,False
3481,2022-10-21 09:35:38.654410,0.0,-0.007575757575757569,0.0,-0.09999999999999964,13.1,13.15,13.15,13.2,887.0,669.0,1345.0,54025.0,False
3481,2022-10-21 09:35:38.699025,0.0,-0.007575757575757569,0.0,-0.09999999999999964,13.1,13.15,13.15,13.2,886.0,669.0,1345.0,54025.0,False
3481,2022-10-21 09:35:38.952866,0.0,-0.007575757575757569,0.0,-0.09999999999999964,13.1,13.15,13.15,13.2,886.0,669.0,1345.0,54025.0,False
3481,2022-10-21 09:35:39.298340,0.0,-0.007575757575757569,0.0,-0.09999999999999964,13.1,13.15,13.15,13.2,886.0,669.0,1345.0,54025.0,False
3481,2022-10-21 09:35:39.700324,0.0,-0.007575757575757569,0.0,-0.09999999999999964,13.1,13.15,13.15,13.2,884.0,669.0,1345.0,54025.0,False
3481,2022-10-21 09:35:39.888007,0.0,-0.007575757575757569,0.0,-0.09999999999999964,13.1,13.15,13.15,13.2,884.0,679.0,1345.0,54025.0,False
3481,2022-10-21 09:35:39.942984,0.0,-0.007575757575757569,0.0,-0.09999999999999964,13.1,13.15,13.15,13.2,884.0,679.0,1345.0,54025.0,False
3481,2022-10-21 09:35:40.404293,0.0,-0.007575757575757569,0.0,-0.09999999999999964,13.1,13.15,13.15,13.2,884.0,678.0,1345.0,54025.0,False
3481,2022-10-21 09:35:40.700434,0.0,-0.007575757575757569,0.0,-0.09999999999999964,13.1,13.15,13.15,13.2,883.0,678.0,1345.0,54025.0,False
3481,2022-10-21 09:35:40.761599,0.0,-0.007575757575757569,0.0,-0.09999999999999964,13.1,13.15,13.15,13.2,883.0,678.0,1345.0,54025.0,False
3481,2022-10-21 09:35:40.979403,0.0,-0.007575757575757569,0.0,-0.09999999999999964,13.1,13.15,13.15,13.2,888.0,678.0,1345.0,54025.0,False
3481,2022-10-21 09:35:41.668802,0.0,-0.007575757575757569,0.0,-0.09999999999999964,13.1,13.15,13.15,13.2,898.0,678.0,1345.0,54025.0,False
3481,2022-10-21 09:35:41.700212,0.0,-0.007575757575757569,0.0,-0.09999999999999964,13.1,13.15,13.15,13.2,897.0,678.0,1345.0,54025.0,False
3481,2022-10-21 09:35:41.714085,0.0,-0.007575757575757569,0.0,-0.09999999999999964,13.1,13.15,13.15,13.2,897.0,678.0,1345.0,54025.0,False
3481,2022-10-21 09:35:41.752730,0.0,-0.007575757575757569,0.0,-0.09999999999999964,13.1,13.15,13.15,13.2,897.0,679.0,1345.0,54025.0,False
3481,2022-10-21 09:35:41.926773,0.0,-0.007575757575757569,0.0,-0.09999999999999964,13.1,13.15,13.15,13.2,896.0,679.0,1345.0,54025.0,False
3481,2022-10-21 09:35:42.149743,0.0,-0.007575757575757569,0.0,-0.09999999999999964,13.1,13.15,13.15,13.2,896.0,679.0,1345.0,54025.0,False
3481,2022-10-21 09:35:42.437032,0.0,-0.007575757575757569,0.0,-0.09999999999999964,13.1,13.15,13.15,13.2,896.0,679.0,1345.0,54025.0,False
3481,2022-10-21 09:35:42.699543,0.0,-0.007575757575757569,0.0,-0.09999999999999964,13.1,13.15,13.15,13.2,895.0,679.0,1345.0,54025.0,False
3481,2022-10-21 09:35:42.930444,0.0,-0.007575757575757569,0.0,-0.09999999999999964,13.1,13.15,13.15,13.2,900.0,679.0,1345.0,54025.0,False
3481,2022-10-21 09:35:42.995206,0.0,-0.007575757575757569,0.0,-0.09999999999999964,13.1,13.15,13.15,13.2,900.0,678.0,1345.0,54025.0,False
3481,2022-10-21 09:35:43.703448,0.0,-0.007575757575757569,0.0,-0.09999999999999964,13.1,13.15,13.15,13.2,899.0,678.0,1345.0,54025.0,False
3481,2022-10-21 09:35:43.735675,0.0,-0.007575757575757569,0.0,-0.09999999999999964,13.1,13.15,13.15,13.2,899.0,678.0,1345.0,54025.0,False
3481,2022-10-21 09:35:43.870988,0.0,-0.007575757575757569,0.0,-0.09999999999999964,13.1,13.15,13.15,13.2,899.0,678.0,1345.0,54025.0,False
3481,2022-10-21 09:35:43.912473,0.0,-0.007575757575757569,0.0,-0.09999999999999964,13.1,13.15,13.15,13.2,898.0,678.0,1345.0,54025.0,False
3481,2022-10-21 09:35:43.923670,0.0,-0.007575757575757569,0.0,-0.09999999999999964,13.1,13.15,13.15,13.2,903.0,678.0,1345.0,54025.0,False
3481,2022-10-21 09:35:44.544743,0.0,-0.007575757575757569,0.0,-0.09999999999999964,13.1,13.15,13.15,13.2,903.0,715.0,1345.0,54025.0,False
3481,2022-10-21 09:35:44.620296,0.0,-0.007575757575757569,0.0,-0.09999999999999964,13.1,13.15,13.15,13.2,903.0,720.0,1345.0,54025.0,False
3481,2022-10-21 09:35:44.620781,0.0,-0.007575757575757569,0.0,-0.09999999999999964,13.1,13.15,13.15,13.2,903.0,720.0,1345.0,54025.0,False
3481,2022-10-21 09:35:44.706297,0.0,-0.007575757575757569,0.0,-0.09999999999999964,13.1,13.15,13.15,13.2,902.0,720.0,1345.0,54025.0,False
3481,2022-10-21 09:35:44.854577,0.0,-0.007575757575757569,0.0,-0.09999999999999964,13.1,13.15,13.15,13.2,902.0,720.0,1345.0,54025.0,False
3481,2022-10-21 09:35:45.183754,0.0,-0.007575757575757569,0.0,-0.09999999999999964,13.1,13.15,13.15,13.2,901.0,720.0,1345.0,54025.0,False
3481,2022-10-21 09:35:45.276540,0.0,-0.007575757575757569,0.0,-0.09999999999999964,13.1,13.15,13.15,13.2,901.0,719.0,1345.0,54025.0,False
3481,2022-10-21 09:35:45.706465,0.0,-0.007575757575757569,0.0,-0.09999999999999964,13.1,13.15,13.15,13.2,900.0,719.0,1345.0,54025.0,False
3481,2022-10-21 09:35:45.865444,0.0,-0.007575757575757569,0.0,-0.09999999999999964,13.1,13.15,13.15,13.2,900.0,719.0,1345.0,54025.0,False
3481,2022-10-21 09:35:46.228651,0.0,-0.007575757575757569,0.0,-0.09999999999999964,13.1,13.15,13.15,13.2,900.0,719.0,1345.0,54025.0,False
3481,2022-10-21 09:35:46.250758,0.0,-0.007575757575757569,0.0,-0.09999999999999964,13.1,13.15,13.15,13.2,895.0,719.0,1345.0,54025.0,False
3481,2022-10-21 09:35:47.099404,0.0,-0.007575757575757569,0.0,-0.09999999999999964,13.1,13.15,13.15,13.2,895.0,719.0,1345.0,54025.0,False
3481,2022-10-21 09:35:47.322452,0.0,-0.007575757575757569,0.0,-0.09999999999999964,13.1,13.15,13.15,13.2,896.0,719.0,1345.0,54025.0,False
3481,2022-10-21 09:35:47.410204,0.0,-0.007575757575757569,0.0,-0.09999999999999964,13.1,13.15,13.15,13.2,894.0,719.0,1345.0,54025.0,False
3481,2022-10-21 09:35:47.468358,0.0,-0.007575757575757569,0.0,-0.09999999999999964,13.1,13.15,13.15,13.2,894.0,719.0,1345.0,54025.0,True
3481,2022-10-21 09:35:47.938382,0.0,-0.007575757575757569,0.0,-0.09999999999999964,13.1,13.15,13.15,13.2,895.0,719.0,1345.0,54025.0,False
3481,2022-10-21 09:35:48.136051,0.0,-0.007575757575757569,0.0,-0.09999999999999964,13.1,13.15,13.15,13.2,905.0,719.0,1345.0,54025.0,False
3481,2022-10-21 09:35:48.332962,0.0,-0.007575757575757569,0.0,-0.09999999999999964,13.1,13.15,13.15,13.2,906.0,719.0,1345.0,54025.0,False
3481,2022-10-21 09:35:48.410997,0.0,-0.007575757575757569,0.0,-0.09999999999999964,13.1,13.15,13.15,13.2,905.0,719.0,1345.0,54025.0,False
3481,2022-10-21 09:35:48.489231,0.0,-0.007575757575757569,0.0,-0.09999999999999964,13.1,13.15,13.15,13.2,905.0,738.0,1345.0,54025.0,False
3481,2022-10-21 09:35:48.991354,0.0,-0.007575757575757569,0.0,-0.09999999999999964,13.1,13.15,13.15,13.2,906.0,738.0,1345.0,54025.0,False
3481,2022-10-21 09:35:49.466186,0.0,-0.007575757575757569,0.0,-0.09999999999999964,13.1,13.15,13.15,13.2,906.0,738.0,1345.0,54025.0,False
3481,2022-10-21 09:35:49.707626,0.0,-0.007575757575757569,0.0,-0.09999999999999964,13.1,13.15,13.15,13.2,904.0,738.0,1345.0,54025.0,False
3481,2022-10-21 09:35:49.828981,0.0,-0.007575757575757569,0.0,-0.09999999999999964,13.1,13.15,13.15,13.2,904.0,738.0,1345.0,54025.0,False
3481,2022-10-21 09:35:49.887094,0.0,-0.007575757575757569,0.0,-0.09999999999999964,13.1,13.15,13.15,13.2,905.0,738.0,1345.0,54025.0,False
3481,2022-10-21 09:35:50.037342,0.0,-0.007575757575757569,0.0,-0.09999999999999964,13.1,13.15,13.15,13.2,905.0,738.0,1345.0,54025.0,False
3481,2022-10-21 09:35:50.150444,0.0,-0.007575757575757569,0.0,-0.09999999999999964,13.1,13.15,13.15,13.2,908.0,738.0,1345.0,54025.0,False
3481,2022-10-21 09:35:50.466203,0.0,-0.007575757575757569,0.0,-0.09999999999999964,13.1,13.15,13.15,13.2,909.0,738.0,1345.0,54025.0,False
3481,2022-10-21 09:35:50.713175,0.0,-0.007575757575757569,0.0,-0.09999999999999964,13.1,13.15,13.15,13.2,908.0,738.0,1345.0,54025.0,False
3481,2022-10-21 09:35:50.764742,0.0,-0.007575757575757569,0.0,-0.09999999999999964,13.1,13.15,13.15,13.2,908.0,738.0,1345.0,54025.0,False
3481,2022-10-21 09:35:50.791266,0.0,-0.007575757575757569,0.0,-0.09999999999999964,13.1,13.15,13.15,13.2,908.0,738.0,1345.0,54025.0,False
3481,2022-10-21 09:35:50.898216,0.0,-0.007575757575757569,0.0,-0.09999999999999964,13.1,13.15,13.15,13.2,908.0,738.0,1345.0,54025.0,False
3481,2022-10-21 09:35:50.939403,0.0,-0.007575757575757569,0.0,-0.09999999999999964,13.1,13.15,13.15,13.2,908.0,738.0,1345.0,54025.0,False
3481,2022-10-21 09:35:51.061162,0.0,-0.007575757575757569,0.0,-0.09999999999999964,13.1,13.15,13.15,13.2,918.0,738.0,1345.0,54025.0,False
3481,2022-10-21 09:35:51.408098,0.0,-0.007575757575757569,0.0,-0.09999999999999964,13.1,13.15,13.15,13.2,918.0,738.0,1345.0,54025.0,False
3481,2022-10-21 09:35:51.717426,0.0,-0.007575757575757569,0.0,-0.09999999999999964,13.1,13.15,13.15,13.2,917.0,738.0,1345.0,54025.0,False
3481,2022-10-21 09:35:51.857874,0.0,-0.007575757575757569,0.0,-0.09999999999999964,13.1,13.15,13.15,13.2,918.0,738.0,1345.0,54025.0,False
3481,2022-10-21 09:35:51.930076,0.0,-0.007575757575757569,0.0,-0.09999999999999964,13.1,13.15,13.15,13.2,915.0,738.0,1345.0,54025.0,False
3481,2022-10-21 09:35:52.211337,0.0,-0.007575757575757569,0.0,-0.09999999999999964,13.1,13.15,13.15,13.2,914.0,738.0,1345.0,54025.0,False
3481,2022-10-21 09:35:52.502837,0.0,-0.007575757575757569,0.0,-0.09999999999999964,13.1,13.15,13.15,13.2,914.0,738.0,1345.0,54025.0,False
3481,2022-10-21 09:35:52.721872,0.0,-0.007575757575757569,0.0,-0.09999999999999964,13.1,13.15,13.15,13.2,913.0,738.0,1345.0,54025.0,False
3481,2022-10-21 09:35:52.909409,0.0,-0.007575757575757569,0.0,-0.09999999999999964,13.1,13.15,13.15,13.2,913.0,738.0,1345.0,54025.0,False
3481,2022-10-21 09:35:53.077517,0.0,-0.007575757575757569,0.0,-0.09999999999999964,13.1,13.15,13.15,13.2,913.0,738.0,1345.0,54025.0,False
3481,2022-10-21 09:35:53.324884,0.0,-0.007575757575757569,0.0,-0.09999999999999964,13.1,13.15,13.15,13.2,918.0,738.0,1345.0,54025.0,False
3481,2022-10-21 09:35:53.443404,0.0,-0.007575757575757569,0.0,-0.09999999999999964,13.1,13.15,13.15,13.2,923.0,738.0,1345.0,54025.0,False
3481,2022-10-21 09:35:53.724629,0.0,-0.007575757575757569,0.0,-0.09999999999999964,13.1,13.15,13.15,13.2,922.0,738.0,1345.0,54025.0,False
3481,2022-10-21 09:35:54.367292,0.0,-0.007575757575757569,0.0,-0.09999999999999964,13.1,13.15,13.15,13.2,923.0,738.0,1345.0,54025.0,False
3481,2022-10-21 09:35:54.723300,0.0,-0.007575757575757569,0.0,-0.09999999999999964,13.1,13.15,13.15,13.2,921.0,738.0,1345.0,54025.0,False
3481,2022-10-21 09:35:54.815829,0.0,-0.007575757575757569,0.0,-0.09999999999999964,13.1,13.15,13.15,13.2,920.0,738.0,1345.0,54025.0,False
3481,2022-10-21 09:35:55.555885,0.0,-0.007575757575757569,0.0,-0.09999999999999964,13.1,13.15,13.15,13.2,970.0,738.0,1345.0,54025.0,False
3481,2022-10-21 09:35:55.724297,0.0,-0.007575757575757569,0.0,-0.09999999999999964,13.1,13.15,13.15,13.2,969.0,738.0,1345.0,54025.0,False
3481,2022-10-21 09:35:55.845517,0.0,-0.007575757575757569,0.0,-0.09999999999999964,13.1,13.15,13.15,13.2,969.0,738.0,1345.0,54025.0,False
3481,2022-10-21 09:35:55.949333,0.0,-0.007575757575757569,0.0,-0.09999999999999964,13.1,13.15,13.15,13.2,949.0,738.0,1345.0,54025.0,False
3481,2022-10-21 09:35:56.462261,0.0,-0.007575757575757569,0.0,-0.09999999999999964,13.1,13.15,13.15,13.2,949.0,738.0,1345.0,54025.0,False
3481,2022-10-21 09:35:56.508725,0.0,-0.007575757575757569,0.0,-0.09999999999999964,13.1,13.15,13.15,13.2,949.0,740.0,1345.0,54025.0,False
3481,2022-10-21 09:35:56.724731,0.0,-0.007575757575757569,0.0,-0.09999999999999964,13.1,13.15,13.15,13.2,948.0,740.0,1345.0,54025.0,False
3481,2022-10-21 09:35:56.794664,0.0,-0.007575757575757569,0.0,-0.09999999999999964,13.1,13.15,13.15,13.2,948.0,740.0,1345.0,54025.0,False
3481,2022-10-21 09:35:57.026773,0.0,-0.007575757575757569,0.0,-0.09999999999999964,13.1,13.15,13.15,13.2,953.0,740.0,1345.0,54025.0,False
3481,2022-10-21 09:35:57.329656,0.0,-0.007575757575757569,0.0,-0.09999999999999964,13.1,13.15,13.15,13.2,953.0,740.0,1345.0,54025.0,False
3481,2022-10-21 09:35:57.496253,0.0,-0.007575757575757569,0.0,-0.09999999999999964,13.1,13.15,13.15,13.2,953.0,740.0,845.0,54025.0,True
3481,2022-10-21 09:35:57.527325,0.0,-0.007575757575757569,0.0,-0.09999999999999964,13.1,13.15,13.15,13.2,953.0,740.0,845.0,54025.0,False
3481,2022-10-21 09:35:57.587461,0.0,-0.007575757575757569,0.0,-0.09999999999999964,13.1,13.15,13.15,13.2,953.0,740.0,845.0,54025.0,False
3481,2022-10-21 09:35:57.603943,0.0,-0.007575757575757569,0.0,-0.09999999999999964,13.1,13.15,13.15,13.2,954.0,740.0,845.0,54025.0,False
3481,2022-10-21 09:35:57.729856,0.0,-0.007575757575757569,0.0,-0.09999999999999964,13.1,13.15,13.15,13.2,953.0,740.0,845.0,54025.0,False
3481,2022-10-21 09:35:57.969295,0.0,-0.007575757575757569,0.0,-0.09999999999999964,13.1,13.15,13.15,13.2,953.0,733.0,845.0,54025.0,False
3481,2022-10-21 09:35:58.259679,0.0,-0.007575757575757569,0.0,-0.09999999999999964,13.1,13.15,13.15,13.2,454.0,733.0,845.0,54025.0,False
3481,2022-10-21 09:35:58.288708,0.0,-0.011363636363636243,0.0,-0.14999999999999858,13.05,13.15,13.15,13.2,2063.0,733.0,845.0,54025.0,False
3481,2022-10-21 09:35:58.288946,0.0,-0.011363636363636243,0.0,-0.14999999999999858,13.05,13.15,13.15,13.2,2061.0,733.0,845.0,54025.0,False
3481,2022-10-21 09:35:58.316698,0.003816793893129722,-0.011363636363636243,0.05000000000000071,-0.14999999999999858,13.05,13.1,13.15,13.2,2061.0,61.0,845.0,54025.0,False
3481,2022-10-21 09:35:58.411589,0.003816793893129722,-0.011363636363636243,0.05000000000000071,-0.14999999999999858,13.05,13.1,13.15,13.2,2051.0,15.0,845.0,54025.0,False
3481,2022-10-21 09:35:58.474200,0.003816793893129722,-0.011363636363636243,0.05000000000000071,-0.14999999999999858,13.05,13.1,13.15,13.2,2051.0,35.0,845.0,54025.0,False
3481,2022-10-21 09:35:58.643489,0.003816793893129722,-0.011363636363636243,0.05000000000000071,-0.14999999999999858,13.05,13.1,13.15,13.2,2051.0,13.0,845.0,54025.0,False
3481,2022-10-21 09:35:58.596359,0.003816793893129722,-0.011363636363636243,0.05000000000000071,-0.14999999999999858,13.05,13.1,13.15,13.2,2051.0,27.0,845.0,54025.0,False
3481,2022-10-21 09:35:58.781785,0.003816793893129722,-0.011363636363636243,0.05000000000000071,-0.14999999999999858,13.05,13.1,13.15,13.2,2051.0,15.0,845.0,54025.0,False
3481,2022-10-21 09:35:58.850177,0.003816793893129722,-0.011363636363636243,0.05000000000000071,-0.14999999999999858,13.05,13.1,13.15,13.2,2051.0,7.0,845.0,54025.0,False
3481,2022-10-21 09:35:59.036503,0.003816793893129722,-0.011363636363636243,0.05000000000000071,-0.14999999999999858,13.05,13.1,13.15,13.2,2050.0,50.0,845.0,54025.0,False
3481,2022-10-21 09:35:59.026191,0.003816793893129722,-0.011363636363636243,0.05000000000000071,-0.14999999999999858,13.05,13.1,13.15,13.2,2051.0,50.0,845.0,54025.0,False
3481,2022-10-21 09:35:59.057748,0.003816793893129722,-0.011363636363636243,0.05000000000000071,-0.14999999999999858,13.05,13.1,13.15,13.2,1945.0,50.0,845.0,54025.0,False
3481,2022-10-21 09:35:59.058165,0.003816793893129722,-0.011363636363636243,0.05000000000000071,-0.14999999999999858,13.05,13.1,13.15,13.2,1840.0,50.0,845.0,54025.0,False
3481,2022-10-21 09:35:59.101118,0.003816793893129722,-0.011363636363636243,0.05000000000000071,-0.14999999999999858,13.05,13.1,13.15,13.2,1840.0,60.0,845.0,54025.0,False
3481,2022-10-21 09:35:59.176528,0.003816793893129722,-0.011363636363636243,0.05000000000000071,-0.14999999999999858,13.05,13.1,13.15,13.2,1840.0,60.0,845.0,54025.0,False
3481,2022-10-21 09:35:59.279358,0.003816793893129722,-0.011363636363636243,0.05000000000000071,-0.14999999999999858,13.05,13.1,13.15,13.2,1840.0,168.0,845.0,54025.0,False
3481,2022-10-21 09:35:59.373517,0.003816793893129722,-0.011363636363636243,0.05000000000000071,-0.14999999999999858,13.05,13.1,13.15,13.2,1840.0,231.0,845.0,54025.0,False
3481,2022-10-21 09:35:59.528678,0.003816793893129722,-0.011363636363636243,0.05000000000000071,-0.14999999999999858,13.05,13.1,13.15,13.2,1840.0,233.0,845.0,54025.0,False
3481,2022-10-21 09:35:59.649851,0.003816793893129722,-0.011363636363636243,0.05000000000000071,-0.14999999999999858,13.05,13.1,13.15,13.2,1840.0,285.0,845.0,54025.0,False
3481,2022-10-21 09:35:59.778636,0.003816793893129722,-0.011363636363636243,0.05000000000000071,-0.14999999999999858,13.05,13.1,13.15,13.2,1840.0,285.0,845.0,54025.0,False
3481,2022-10-21 09:35:59.855120,0.003816793893129722,-0.011363636363636243,0.05000000000000071,-0.14999999999999858,13.05,13.1,13.15,13.2,1840.0,282.0,845.0,54025.0,False
3481,2022-10-21 09:35:59.932280,0.003816793893129722,-0.011363636363636243,0.05000000000000071,-0.14999999999999858,13.05,13.1,13.15,13.2,1839.0,282.0,845.0,54025.0,False
3481,2022-10-21 09:36:00.260912,0.003816793893129722,-0.011363636363636243,0.05000000000000071,-0.14999999999999858,13.05,13.1,13.15,13.2,1839.0,282.0,845.0,54025.0,False
3481,2022-10-21 09:36:00.324456,0.003816793893129722,-0.011363636363636243,0.05000000000000071,-0.14999999999999858,13.05,13.1,13.15,13.2,1839.0,290.0,845.0,54025.0,False
3481,2022-10-21 09:36:00.442987,0.003816793893129722,-0.011363636363636243,0.05000000000000071,-0.14999999999999858,13.05,13.1,13.15,13.2,1840.0,290.0,845.0,54025.0,False
3481,2022-10-21 09:36:00.533572,0.003816793893129722,-0.011363636363636243,0.05000000000000071,-0.14999999999999858,13.05,13.1,13.15,13.2,1840.0,295.0,845.0,54025.0,False
3481,2022-10-21 09:36:00.706491,0.003816793893129722,-0.011363636363636243,0.05000000000000071,-0.14999999999999858,13.05,13.1,13.15,13.2,1840.0,295.0,845.0,54025.0,False
3481,2022-10-21 09:36:00.822601,0.003816793893129722,-0.011363636363636243,0.05000000000000071,-0.14999999999999858,13.05,13.1,13.15,13.2,1840.0,285.0,845.0,54025.0,False
3481,2022-10-21 09:36:00.856588,0.003816793893129722,-0.011363636363636243,0.05000000000000071,-0.14999999999999858,13.05,13.1,13.15,13.2,1840.0,287.0,845.0,54025.0,False
3481,2022-10-21 09:36:01.068556,0.003816793893129722,-0.011363636363636243,0.05000000000000071,-0.14999999999999858,13.05,13.1,13.15,13.2,1840.0,288.0,845.0,54025.0,False
3481,2022-10-21 09:36:01.275406,0.003816793893129722,-0.011363636363636243,0.05000000000000071,-0.14999999999999858,13.05,13.1,13.15,13.2,1840.0,294.0,845.0,54025.0,False
3481,2022-10-21 09:36:01.323867,0.003816793893129722,-0.011363636363636243,0.05000000000000071,-0.14999999999999858,13.05,13.1,13.15,13.2,1840.0,304.0,845.0,54025.0,False
3481,2022-10-21 09:36:01.400241,0.003816793893129722,-0.011363636363636243,0.05000000000000071,-0.14999999999999858,13.05,13.1,13.15,13.2,1833.0,304.0,845.0,54025.0,False
3481,2022-10-21 09:36:01.643424,0.003816793893129722,-0.011363636363636243,0.05000000000000071,-0.14999999999999858,13.05,13.1,13.15,13.2,1833.0,314.0,845.0,54025.0,False
3481,2022-10-21 09:36:02.180943,0.003816793893129722,-0.011363636363636243,0.05000000000000071,-0.14999999999999858,13.05,13.1,13.15,13.2,1833.0,296.0,845.0,54025.0,False
3481,2022-10-21 09:36:02.225398,0.003816793893129722,-0.011363636363636243,0.05000000000000071,-0.14999999999999858,13.05,13.1,13.15,13.2,1833.0,316.0,845.0,54025.0,False
3481,2022-10-21 09:36:02.795646,0.003816793893129722,-0.011363636363636243,0.05000000000000071,-0.14999999999999858,13.05,13.1,13.15,13.2,1833.0,314.0,845.0,54025.0,False
3481,2022-10-21 09:36:03.226824,0.003816793893129722,-0.011363636363636243,0.05000000000000071,-0.14999999999999858,13.05,13.1,13.15,13.2,1833.0,319.0,845.0,54025.0,False
3481,2022-10-21 09:36:03.635364,0.003816793893129722,-0.011363636363636243,0.05000000000000071,-0.14999999999999858,13.05,13.1,13.15,13.2,1833.0,322.0,845.0,54025.0,False
3481,2022-10-21 09:36:03.651673,0.003816793893129722,-0.011363636363636243,0.05000000000000071,-0.14999999999999858,13.05,13.1,13.15,13.2,1833.0,326.0,845.0,54025.0,False
3481,2022-10-21 09:36:03.701285,0.003816793893129722,-0.011363636363636243,0.05000000000000071,-0.14999999999999858,13.05,13.1,13.15,13.2,1833.0,326.0,845.0,54025.0,False
3481,2022-10-21 09:36:04.034985,0.003816793893129722,-0.011363636363636243,0.05000000000000071,-0.14999999999999858,13.05,13.1,13.15,13.2,1835.0,326.0,845.0,54025.0,False
3481,2022-10-21 09:36:04.473146,0.003816793893129722,-0.011363636363636243,0.05000000000000071,-0.14999999999999858,13.05,13.1,13.15,13.2,1835.0,326.0,845.0,54025.0,False
3481,2022-10-21 09:36:04.589250,0.003816793893129722,-0.011363636363636243,0.05000000000000071,-0.14999999999999858,13.05,13.1,13.15,13.2,1834.0,326.0,845.0,54025.0,False
3481,2022-10-21 09:36:04.643342,0.003816793893129722,-0.011363636363636243,0.05000000000000071,-0.14999999999999858,13.05,13.1,13.15,13.2,1814.0,326.0,845.0,54025.0,False
3481,2022-10-21 09:36:04.949311,0.003816793893129722,-0.011363636363636243,0.05000000000000071,-0.14999999999999858,13.05,13.1,13.15,13.2,1814.0,326.0,845.0,54025.0,False
3481,2022-10-21 09:36:05.364662,0.003816793893129722,-0.011363636363636243,0.05000000000000071,-0.14999999999999858,13.05,13.1,13.15,13.2,1814.0,327.0,845.0,54025.0,False
3481,2022-10-21 09:36:05.451990,0.003816793893129722,-0.011363636363636243,0.05000000000000071,-0.14999999999999858,13.05,13.1,13.15,13.2,1814.0,327.0,845.0,54025.0,False
3481,2022-10-21 09:36:06.116441,0.003816793893129722,-0.011363636363636243,0.05000000000000071,-0.14999999999999858,13.05,13.1,13.15,13.2,1814.0,327.0,845.0,54025.0,False
3481,2022-10-21 09:36:06.119910,0.003816793893129722,-0.011363636363636243,0.05000000000000071,-0.14999999999999858,13.05,13.1,13.15,13.2,1814.0,343.0,845.0,54025.0,False
3481,2022-10-21 09:36:06.582734,0.003816793893129722,-0.011363636363636243,0.05000000000000071,-0.14999999999999858,13.05,13.1,13.15,13.2,1814.0,343.0,845.0,54025.0,False
3481,2022-10-21 09:36:06.848051,0.003816793893129722,-0.011363636363636243,0.05000000000000071,-0.14999999999999858,13.05,13.1,13.15,13.2,1813.0,343.0,845.0,54025.0,False
3481,2022-10-21 09:36:06.879227,0.003816793893129722,-0.011363636363636243,0.05000000000000071,-0.14999999999999858,13.05,13.1,13.15,13.2,1813.0,341.0,845.0,54025.0,False
3481,2022-10-21 09:36:07.488804,0.003816793893129722,-0.011363636363636243,0.05000000000000071,-0.14999999999999858,13.05,13.1,13.15,13.2,1812.0,341.0,845.0,54025.0,False
3481,2022-10-21 09:36:07.524713,0.0,-0.0076045627376425395,0.0,-0.09999999999999964,13.05,13.1,13.1,13.15,1812.0,341.0,59658.0,51635.0,True
3481,2022-10-21 09:36:07.514834,0.0,-0.0076045627376425395,0.0,-0.09999999999999964,13.05,13.1,13.1,13.15,1812.0,341.0,59658.0,51635.0,False
3481,2022-10-21 09:36:07.889036,0.0,-0.0076045627376425395,0.0,-0.09999999999999964,13.05,13.1,13.1,13.15,1812.0,342.0,59658.0,51635.0,False
3481,2022-10-21 09:36:08.197706,0.0,-0.0076045627376425395,0.0,-0.09999999999999964,13.05,13.1,13.1,13.15,1812.0,342.0,59658.0,51635.0,False
3481,2022-10-21 09:36:08.206363,0.0,-0.0076045627376425395,0.0,-0.09999999999999964,13.05,13.1,13.1,13.15,1812.0,337.0,59658.0,51635.0,False
3481,2022-10-21 09:36:08.253138,0.0,-0.0076045627376425395,0.0,-0.09999999999999964,13.05,13.1,13.1,13.15,1812.0,836.0,59658.0,51635.0,False
3481,2022-10-21 09:36:08.323920,0.0,-0.0076045627376425395,0.0,-0.09999999999999964,13.05,13.1,13.1,13.15,1800.0,836.0,59658.0,51635.0,False
3481,2022-10-21 09:36:08.345282,0.0,-0.0076045627376425395,0.0,-0.09999999999999964,13.05,13.1,13.1,13.15,1800.0,853.0,59658.0,51635.0,False
3481,2022-10-21 09:36:08.531236,0.0,-0.0076045627376425395,0.0,-0.09999999999999964,13.05,13.1,13.1,13.15,1790.0,756.0,59658.0,51635.0,False
3481,2022-10-21 09:36:08.517146,0.0,-0.0076045627376425395,0.0,-0.09999999999999964,13.05,13.1,13.1,13.15,1790.0,853.0,59658.0,51635.0,False
3481,2022-10-21 09:36:08.644053,0.0,-0.0076045627376425395,0.0,-0.09999999999999964,13.05,13.1,13.1,13.15,1786.0,756.0,59658.0,51635.0,False
3481,2022-10-21 09:36:08.768991,0.0,-0.0076045627376425395,0.0,-0.09999999999999964,13.05,13.1,13.1,13.15,1796.0,755.0,59658.0,51635.0,False
3481,2022-10-21 09:36:08.779902,0.0,-0.0076045627376425395,0.0,-0.09999999999999964,13.05,13.1,13.1,13.15,1796.0,753.0,59658.0,51635.0,False
3481,2022-10-21 09:36:08.734804,0.0,-0.0076045627376425395,0.0,-0.09999999999999964,13.05,13.1,13.1,13.15,1796.0,756.0,59658.0,51635.0,False
3481,2022-10-21 09:36:09.044001,0.0,-0.0076045627376425395,0.0,-0.09999999999999964,13.05,13.1,13.1,13.15,1799.0,753.0,59658.0,51635.0,False
3481,2022-10-21 09:36:09.107920,0.0,-0.0076045627376425395,0.0,-0.09999999999999964,13.05,13.1,13.1,13.15,1799.0,758.0,59658.0,51635.0,False
3481,2022-10-21 09:36:09.391932,0.0,-0.0076045627376425395,0.0,-0.09999999999999964,13.05,13.1,13.1,13.15,1799.0,758.0,59658.0,51635.0,False
3481,2022-10-21 09:36:10.450916,0.0,-0.0076045627376425395,0.0,-0.09999999999999964,13.05,13.1,13.1,13.15,1800.0,758.0,59658.0,51635.0,False
3481,2022-10-21 09:36:10.663832,0.0,-0.0076045627376425395,0.0,-0.09999999999999964,13.05,13.1,13.1,13.15,1800.0,788.0,59658.0,51635.0,False
3481,2022-10-21 09:36:10.966864,0.0,-0.0076045627376425395,0.0,-0.09999999999999964,13.05,13.1,13.1,13.15,1801.0,788.0,59658.0,51635.0,False
3481,2022-10-21 09:36:11.034709,0.0,-0.0076045627376425395,0.0,-0.09999999999999964,13.05,13.1,13.1,13.15,1796.0,788.0,59658.0,51635.0,False
3481,2022-10-21 09:36:11.253835,0.0,-0.0076045627376425395,0.0,-0.09999999999999964,13.05,13.1,13.1,13.15,1796.0,788.0,59658.0,51635.0,False
3481,2022-10-21 09:36:11.899484,0.0,-0.0076045627376425395,0.0,-0.09999999999999964,13.05,13.1,13.1,13.15,1796.0,788.0,59658.0,51635.0,False
3481,2022-10-21 09:36:12.200658,0.0,-0.0076045627376425395,0.0,-0.09999999999999964,13.05,13.1,13.1,13.15,1796.0,788.0,59658.0,51635.0,False
