ts,close,volume,bid_price,bid_volume,ask_price,ask_volume,tick_type,datetime
1642496526969506000,284.5,547,284.5,21,285.0,18,1,2022-01-18 09:02:06
1642496527011088000,285.0,3,284.5,21,285.0,15,1,2022-01-18 09:02:07
1642496527011145000,285.0,15,284.5,21,285.5,5,1,2022-01-18 09:02:07
1642496527041671000,285.5,5,284.5,21,286.0,16,1,2022-01-18 09:02:07
1642496527093306000,284.5,4,284.5,17,285.0,1,2,2022-01-18 09:02:07
1642496527107600000,285.0,1,284.5,17,286.0,16,1,2022-01-18 09:02:07
1642496527252833000,285.0,1,284.5,17,286.0,16,1,2022-01-18 09:02:07
1642496528728016000,286.0,1,284.5,20,286.0,15,1,2022-01-18 09:02:08
1642496529450710000,285.5,1,284.5,21,286.0,15,1,2022-01-18 09:02:09
1642496530050473000,284.5,1,284.5,21,286.0,15,2,2022-01-18 09:02:10
1642496531564046000,285.0,1,284.5,20,286.0,16,2,2022-01-18 09:02:11
1642496531564046000,284.5,2,284.5,20,286.0,16,2,2022-01-18 09:02:11
1642496531565952000,284.5,7,284.5,13,286.0,16,2,2022-01-18 09:02:11
1642496531573197000,284.5,13,284.0,70,286.0,16,2,2022-01-18 09:02:11
1642496531573197000,284.0,4,284.0,70,286.0,16,2,2022-01-18 09:02:11
1642496531580759000,286.0,5,284.0,70,286.0,11,1,2022-01-18 09:02:11
1642496531726134000,286.0,1,284.0,70,286.0,10,1,2022-01-18 09:02:11
1642496532103246000,284.0,1,284.0,69,286.0,11,2,2022-01-18 09:02:12
1642496532667823000,285.5,1,284.5,16,286.0,11,1,2022-01-18 09:02:12
1642496532720163000,286.0,2,284.5,17,286.0,9,1,2022-01-18 09:02:12
1642496532881342000,286.0,1,285.0,1,286.0,8,1,2022-01-18 09:02:12
1642496532943014000,285.5,2,285.0,1,286.0,8,1,2022-01-18 09:02:12
1642496533016105000,285.5,1,285.0,1,286.0,8,1,2022-01-18 09:02:13
1642496533285936000,286.0,1,285.0,1,286.0,7,1,2022-01-18 09:02:13
1642496533582521000,286.0,2,285.0,1,286.0,5,1,2022-01-18 09:02:13
1642496534404810000,286.0,5,285.0,7,286.5,5,1,2022-01-18 09:02:14
1642496535374860000,286.5,1,286.0,1,286.5,5,1,2022-01-18 09:02:15
1642496535490967000,286.5,1,286.0,1,286.5,7,1,2022-01-18 09:02:15
1642496535655767000,286.5,5,286.0,1,286.5,2,1,2022-01-18 09:02:15
1642496535887659000,286.5,1,286.0,1,286.5,1,1,2022-01-18 09:02:15
1642496535984191000,286.5,1,286.0,1,287.0,17,1,2022-01-18 09:02:15
1642496536098092000,287.0,2,286.0,1,287.0,15,1,2022-01-18 09:02:16
1642496536123294000,286.0,1,285.5,1,287.0,15,2,2022-01-18 09:02:16
1642496536574943000,286.0,1,286.0,1,287.0,15,2,2022-01-18 09:02:16
1642496536843984000,286.0,1,285.5,1,287.0,16,2,2022-01-18 09:02:16
1642496537642244000,287.0,2,286.0,1,287.0,14,1,2022-01-18 09:02:17
1642496537698460000,287.0,3,286.0,1,287.0,11,1,2022-01-18 09:02:17
1642496538707778000,287.0,1,286.0,1,287.0,10,1,2022-01-18 09:02:18
1642496538900070000,287.0,10,286.0,3,287.5,2,1,2022-01-18 09:02:18
1642496539254667000,287.5,1,287.0,2,287.5,1,1,2022-01-18 09:02:19
1642496540456821000,287.5,1,287.0,2,288.0,31,1,2022-01-18 09:02:20
1642496540456821000,288.0,1,287.0,2,288.0,31,1,2022-01-18 09:02:20
1642496540712525000,288.0,1,287.0,3,288.0,30,1,2022-01-18 09:02:20
1642496540845446000,288.0,1,287.0,4,288.0,29,1,2022-01-18 09:02:20
1642496541016720000,287.0,3,287.0,1,288.0,29,2,2022-01-18 09:02:21
1642496541254469000,287.0,1,287.0,2,288.0,29,2,2022-01-18 09:02:21
1642496541279405000,287.0,2,286.5,1,288.0,29,2,2022-01-18 09:02:21
1642496541736582000,287.5,1,287.0,1,287.5,39,1,2022-01-18 09:02:21
1642496542002533000,287.0,1,286.5,2,287.5,40,2,2022-01-18 09:02:22
1642496542127730000,287.5,1,286.5,2,287.5,39,1,2022-01-18 09:02:22
1642496542525801000,287.0,1,286.5,3,287.0,2,1,2022-01-18 09:02:22
1642496542600474000,287.0,2,286.5,3,287.0,2,1,2022-01-18 09:02:22
1642496542602106000,287.0,1,286.5,3,287.0,1,1,2022-01-18 09:02:22
1642496542618943000,287.0,1,286.5,3,287.5,39,1,2022-01-18 09:02:22
1642496542901735000,287.0,1,286.5,3,287.5,39,2,2022-01-18 09:02:22
1642496542971496000,287.5,1,286.5,3,287.5,38,1,2022-01-18 09:02:22
1642496543220975000,287.0,1,286.5,3,287.5,38,1,2022-01-18 09:02:23
1642496543594574000,287.0,1,286.5,3,287.5,38,1,2022-01-18 09:02:23
1642496543858749000,287.5,1,287.0,1,287.5,37,1,2022-01-18 09:02:23
1642496543932788000,287.5,1,287.0,1,287.5,36,1,2022-01-18 09:02:23
1642496543999865000,287.5,1,287.0,5,287.5,35,1,2022-01-18 09:02:23
1642496544000307000,287.0,1,287.0,4,287.5,35,2,2022-01-18 09:02:24
1642496544408624000,287.5,1,287.0,7,287.5,34,1,2022-01-18 09:02:24
1642496544449085000,287.5,4,287.0,7,287.5,31,1,2022-01-18 09:02:24
1642496544588460000,287.0,1,287.0,6,287.5,31,2,2022-01-18 09:02:24
1642496544624954000,287.5,2,287.0,6,287.5,29,1,2022-01-18 09:02:24
1642496544663146000,287.5,4,287.0,6,287.5,25,1,2022-01-18 09:02:24
1642496544691165000,287.5,25,287.0,6,288.0,27,1,2022-01-18 09:02:24
1642496544763768000,287.0,1,287.0,5,288.0,27,2,2022-01-18 09:02:24
1642496544829919000,288.0,2,287.5,2,288.0,25,1,2022-01-18 09:02:24
1642496544853601000,287.5,2,287.0,5,287.5,4,2,2022-01-18 09:02:24
1642496544881204000,287.5,4,287.0,6,288.0,24,1,2022-01-18 09:02:24
1642496544881204000,288.0,1,287.0,6,288.0,24,1,2022-01-18 09:02:24
1642496545045235000,287.0,1,287.0,5,288.0,24,2,2022-01-18 09:02:25
1642496545103258000,287.0,1,287.0,3,288.0,25,2,2022-01-18 09:02:25
1642496545317705000,287.0,2,287.0,2,288.0,25,2,2022-01-18 09:02:25
1642496545443055000,287.5,1,287.0,3,288.0,25,2,2022-01-18 09:02:25
1642496545770004000,288.0,2,287.5,2,288.0,23,1,2022-01-18 09:02:25
1642496545814123000,288.0,1,287.5,2,288.0,22,1,2022-01-18 09:02:25
1642496546070103000,288.0,2,287.5,3,288.0,20,1,2022-01-18 09:02:26
1642496546200117000,288.0,4,287.5,3,288.0,15,1,2022-01-18 09:02:26
1642496546521460000,288.0,1,287.5,3,288.0,14,1,2022-01-18 09:02:26
1642496546522507000,288.0,5,287.5,3,288.0,9,1,2022-01-18 09:02:26
1642496546545821000,288.0,3,287.5,3,288.0,6,1,2022-01-18 09:02:26
1642496546582862000,288.0,1,287.5,3,288.0,5,1,2022-01-18 09:02:26
1642496546797252000,288.0,5,287.5,3,288.5,1,1,2022-01-18 09:02:26
1642496547280776000,288.5,1,287.5,3,289.0,29,1,2022-01-18 09:02:27
1642496547482012000,289.0,1,287.5,3,289.0,28,1,2022-01-18 09:02:27
1642496547508988000,288.0,1,288.0,1,289.0,28,1,2022-01-18 09:02:27
1642496547634106000,288.0,1,287.5,3,288.5,1,2,2022-01-18 09:02:27
1642496548241709000,288.5,1,288.0,5,289.0,28,1,2022-01-18 09:02:28
1642496548248220000,289.0,1,288.0,5,289.0,27,1,2022-01-18 09:02:28
1642496548512416000,288.0,1,288.0,7,289.0,27,2,2022-01-18 09:02:28
1642496548615180000,288.0,1,288.0,6,289.0,27,2,2022-01-18 09:02:28
1642496548647770000,288.0,3,288.0,3,289.0,27,2,2022-01-18 09:02:28
1642496548696724000,288.0,2,288.0,1,289.0,27,2,2022-01-18 09:02:28
1642496548853698000,289.0,1,288.5,1,289.0,26,1,2022-01-18 09:02:28
1642496549031895000,289.0,1,288.5,6,289.0,25,1,2022-01-18 09:02:29
1642496549083407000,288.5,6,288.0,1,288.5,34,2,2022-01-18 09:02:29
1642496549179513000,288.5,1,288.0,3,288.5,33,1,2022-01-18 09:02:29
1642496549282867000,288.0,1,288.0,4,288.5,33,2,2022-01-18 09:02:29
1642496549289944000,288.5,1,288.0,4,288.5,32,1,2022-01-18 09:02:29
1642496549416664000,288.5,1,288.0,4,288.5,31,1,2022-01-18 09:02:29
1642496549744070000,288.5,1,288.0,13,288.5,30,1,2022-01-18 09:02:29
1642496549992815000,288.0,10,288.0,8,288.5,30,2,2022-01-18 09:02:29
1642496550586392000,288.0,3,288.0,7,288.5,30,2,2022-01-18 09:02:30
1642496550631428000,288.5,1,288.0,9,288.5,29,1,2022-01-18 09:02:30
1642496551072838000,288.0,10,287.5,9,288.5,29,2,2022-01-18 09:02:31
1642496551160610000,288.0,1,287.5,9,288.0,7,1,2022-01-18 09:02:31
1642496551179557000,287.5,9,287.0,25,288.0,7,2,2022-01-18 09:02:31
1642496551306798000,288.0,1,287.0,25,288.0,6,1,2022-01-18 09:02:31
1642496551353894000,288.0,1,287.0,25,288.0,5,1,2022-01-18 09:02:31
1642496551511599000,288.0,1,287.0,26,288.0,4,1,2022-01-18 09:02:31
1642496551569471000,288.0,1,287.0,26,288.0,3,1,2022-01-18 09:02:31
1642496551710800000,288.0,1,287.0,25,288.0,2,1,2022-01-18 09:02:31
1642496551805063000,288.0,1,287.5,7,288.0,3,1,2022-01-18 09:02:31
1642496551841362000,288.0,1,287.5,7,288.0,2,1,2022-01-18 09:02:31
1642496551922439000,288.0,2,287.5,7,288.5,25,1,2022-01-18 09:02:31
1642496551922439000,288.5,4,287.5,7,288.5,25,1,2022-01-18 09:02:31
1642496551950437000,288.5,1,287.5,7,288.5,24,1,2022-01-18 09:02:31
1642496552019641000,288.0,1,287.5,7,288.0,10,1,2022-01-18 09:02:32
1642496552054703000,287.5,7,287.0,12,288.0,10,2,2022-01-18 09:02:32
1642496552054703000,287.0,13,287.0,12,288.0,10,2,2022-01-18 09:02:32
1642496552469655000,288.0,1,287.0,12,288.0,19,1,2022-01-18 09:02:32
1642496552724956000,288.0,1,287.0,12,288.0,19,1,2022-01-18 09:02:32
1642496552753584000,288.0,1,287.0,12,288.0,18,1,2022-01-18 09:02:32
1642496552761492000,287.0,1,287.0,11,288.0,18,2,2022-01-18 09:02:32
1642496552768296000,288.0,1,287.0,11,288.0,17,1,2022-01-18 09:02:32
1642496552773159000,288.0,1,287.0,11,288.0,16,1,2022-01-18 09:02:32
1642496552781261000,288.0,1,287.0,11,288.0,15,1,2022-01-18 09:02:32
1642496552816415000,288.0,1,287.0,11,288.0,14,1,2022-01-18 09:02:32
1642496553080154000,288.0,3,287.0,12,288.0,12,1,2022-01-18 09:02:33
1642496553159840000,288.0,1,287.5,3,288.0,11,1,2022-01-18 09:02:33
1642496553252741000,288.0,1,287.5,3,288.0,10,1,2022-01-18 09:02:33
1642496553341529000,288.0,1,287.5,3,288.0,9,1,2022-01-18 09:02:33
1642496553349234000,288.0,1,287.5,3,288.0,8,1,2022-01-18 09:02:33
1642496553373730000,288.0,1,287.5,3,288.0,7,1,2022-01-18 09:02:33
1642496553568642000,288.0,1,287.5,4,288.0,6,1,2022-01-18 09:02:33
1642496554107919000,288.0,1,287.5,4,288.0,22,1,2022-01-18 09:02:34
1642496554148435000,288.0,1,287.5,4,288.0,21,1,2022-01-18 09:02:34
1642496554173564000,288.0,2,287.5,4,288.0,19,1,2022-01-18 09:02:34
1642496554307861000,288.0,1,287.5,4,288.0,18,1,2022-01-18 09:02:34
1642496554415941000,288.0,1,287.5,4,288.0,17,1,2022-01-18 09:02:34
1642496554461741000,288.0,1,287.5,5,288.0,16,1,2022-01-18 09:02:34
1642496554504783000,288.0,1,287.5,5,288.0,15,1,2022-01-18 09:02:34
1642496554578225000,288.0,1,287.5,5,288.0,14,1,2022-01-18 09:02:34
1642496554684522000,288.0,1,287.5,5,288.0,14,1,2022-01-18 09:02:34
1642496554769810000,288.0,1,287.5,6,288.0,13,1,2022-01-18 09:02:34
1642496554791554000,288.0,1,287.5,6,288.0,12,1,2022-01-18 09:02:34
1642496554844892000,288.0,1,287.5,6,288.0,11,1,2022-01-18 09:02:34
1642496555048051000,288.0,1,287.5,6,288.0,10,1,2022-01-18 09:02:35
1642496555331000000,288.0,5,287.5,6,288.0,5,1,2022-01-18 09:02:35
1642496555351798000,287.5,1,287.5,5,288.0,5,2,2022-01-18 09:02:35
1642496555423468000,288.0,2,287.5,5,288.0,4,1,2022-01-18 09:02:35
1642496555485573000,288.0,1,287.5,5,288.0,3,1,2022-01-18 09:02:35
1642496555500134000,288.0,1,287.5,5,288.0,2,1,2022-01-18 09:02:35
1642496555751547000,288.0,1,287.5,5,288.0,1,1,2022-01-18 09:02:35
1642496555903452000,288.0,1,288.0,1,288.5,25,1,2022-01-18 09:02:35
1642496556227679000,288.5,1,288.0,2,288.5,24,1,2022-01-18 09:02:36
1642496556374852000,288.5,1,288.0,3,288.5,23,1,2022-01-18 09:02:36
1642496556432153000,288.0,1,288.0,2,288.5,23,2,2022-01-18 09:02:36
1642496556470890000,288.0,2,287.5,6,288.5,23,2,2022-01-18 09:02:36
1642496556492356000,287.5,5,287.5,1,288.5,23,2,2022-01-18 09:02:36
1642496556652873000,288.5,1,288.0,1,288.5,22,1,2022-01-18 09:02:36
1642496556664930000,288.0,1,287.5,1,288.0,9,2,2022-01-18 09:02:36
1642496556737415000,288.0,6,287.5,1,288.0,3,1,2022-01-18 09:02:36
1642496556771560000,287.5,1,287.0,17,288.0,3,2,2022-01-18 09:02:36
1642496556786567000,288.0,1,287.0,17,288.0,2,1,2022-01-18 09:02:36
1642496556980636000,288.0,1,287.0,17,288.0,1,1,2022-01-18 09:02:36
1642496557221425000,288.0,1,287.5,2,288.5,22,1,2022-01-18 09:02:37
1642496557474666000,288.0,1,288.0,6,288.5,22,2,2022-01-18 09:02:37
1642496557617230000,288.0,2,288.0,4,288.5,22,2,2022-01-18 09:02:37
1642496557915954000,288.5,1,288.0,7,288.5,21,1,2022-01-18 09:02:37
1642496557959653000,288.0,1,288.0,6,288.5,21,2,2022-01-18 09:02:37
1642496557974171000,288.0,6,287.5,2,288.0,4,2,2022-01-18 09:02:37
1642496558027307000,288.0,1,287.5,2,288.0,3,1,2022-01-18 09:02:38
1642496558380360000,288.0,1,287.5,2,288.0,9,1,2022-01-18 09:02:38
1642496558435438000,288.0,3,287.5,2,288.0,6,1,2022-01-18 09:02:38
1642496558524433000,288.0,1,287.5,2,288.0,5,1,2022-01-18 09:02:38
1642496558744629000,288.0,1,287.5,2,288.0,4,1,2022-01-18 09:02:38
1642496559014610000,288.0,1,287.5,2,288.0,4,1,2022-01-18 09:02:39
1642496559106821000,288.0,5,288.0,5,288.5,22,1,2022-01-18 09:02:39
1642496559233843000,288.5,5,288.0,5,288.5,18,1,2022-01-18 09:02:39
1642496559304712000,288.0,5,287.5,2,288.0,5,2,2022-01-18 09:02:39
1642496559341908000,287.5,2,287.0,19,288.0,5,2,2022-01-18 09:02:39
1642496559466356000,288.0,1,287.0,19,288.0,4,1,2022-01-18 09:02:39
1642496559549446000,288.0,2,287.0,22,288.0,2,1,2022-01-18 09:02:39
1642496559593995000,288.0,1,287.0,23,288.0,1,1,2022-01-18 09:02:39
1642496559894393000,288.0,1,287.0,23,288.0,1,1,2022-01-18 09:02:39
1642496559980557000,288.0,1,287.0,23,288.5,18,1,2022-01-18 09:02:39
1642496560192098000,288.0,1,287.0,23,288.5,18,2,2022-01-18 09:02:40
1642496560238728000,288.0,1,287.0,23,288.0,10,1,2022-01-18 09:02:40
1642496560521621000,287.0,1,287.0,24,288.0,12,2,2022-01-18 09:02:40
1642496560636265000,287.5,1,287.0,25,288.0,12,1,2022-01-18 09:02:40
1642496560740940000,288.0,1,287.0,25,288.0,21,1,2022-01-18 09:02:40
1642496560993940000,287.5,1,287.5,1,288.0,31,2,2022-01-18 09:02:40
1642496561005277000,287.5,1,287.0,25,288.0,31,2,2022-01-18 09:02:41
1642496561251794000,288.0,1,287.0,25,288.0,30,1,2022-01-18 09:02:41
1642496561486906000,288.0,2,287.0,25,288.0,28,1,2022-01-18 09:02:41
1642496561584580000,288.0,1,287.0,24,288.0,27,1,2022-01-18 09:02:41
1642496561713996000,288.0,1,287.0,24,288.0,27,1,2022-01-18 09:02:41
1642496561717483000,288.0,1,287.0,24,288.0,26,1,2022-01-18 09:02:41
1642496561831874000,288.0,1,287.0,24,288.0,26,1,2022-01-18 09:02:41
1642496562086136000,287.0,22,287.0,3,287.5,6,2,2022-01-18 09:02:42
1642496562125769000,287.0,3,286.5,10,287.5,6,2,2022-01-18 09:02:42
1642496562276066000,287.5,6,286.5,10,288.0,27,1,2022-01-18 09:02:42
1642496562531763000,287.5,1,287.0,3,287.5,4,1,2022-01-18 09:02:42
1642496562569049000,287.5,1,287.0,3,287.5,3,1,2022-01-18 09:02:42
1642496562673953000,287.5,1,287.0,3,287.5,7,1,2022-01-18 09:02:42
1642496562679154000,287.0,3,286.5,10,287.0,1,2,2022-01-18 09:02:42
1642496562694372000,287.0,1,286.5,10,287.5,7,1,2022-01-18 09:02:42
1642496562711513000,287.5,1,286.5,10,287.5,6,1,2022-01-18 09:02:42
1642496562762155000,287.5,1,286.5,10,287.5,5,1,2022-01-18 09:02:42
1642496562843397000,287.5,1,286.5,10,287.5,4,1,2022-01-18 09:02:42
1642496562979031000,287.5,2,286.5,10,287.5,3,1,2022-01-18 09:02:42
1642496563275353000,287.5,2,287.0,1,287.5,4,1,2022-01-18 09:02:43
1642496563292232000,287.5,1,287.0,1,287.5,3,1,2022-01-18 09:02:43
1642496563310486000,287.5,1,287.0,1,287.5,2,1,2022-01-18 09:02:43
1642496563373328000,287.5,1,287.0,1,287.5,1,1,2022-01-18 09:02:43
1642496563612783000,287.5,1,287.0,1,288.0,26,1,2022-01-18 09:02:43
1642496563675099000,288.0,1,287.0,2,288.0,25,1,2022-01-18 09:02:43
1642496563872055000,288.0,1,287.0,2,288.0,25,1,2022-01-18 09:02:43
1642496563996101000,288.0,1,287.5,1,288.0,24,1,2022-01-18 09:02:43
1642496564046808000,288.0,2,287.5,1,288.0,22,1,2022-01-18 09:02:44
1642496564312873000,287.5,2,287.0,2,287.5,3,2,2022-01-18 09:02:44
1642496564569977000,287.5,1,287.0,2,287.5,2,1,2022-01-18 09:02:44
1642496565911395000,287.5,1,287.0,4,287.5,3,1,2022-01-18 09:02:45
1642496566417146000,287.5,1,287.0,4,287.5,2,1,2022-01-18 09:02:46
1642496566456138000,287.5,1,287.0,4,287.5,1,1,2022-01-18 09:02:46
1642496566469085000,287.5,1,287.0,4,288.0,27,1,2022-01-18 09:02:46
1642496566472376000,287.0,1,287.0,3,288.0,27,2,2022-01-18 09:02:46
1642496567006844000,288.0,1,287.5,1,288.0,26,1,2022-01-18 09:02:47
1642496567072771000,288.0,1,287.5,1,288.0,25,1,2022-01-18 09:02:47
1642496567244621000,288.0,1,287.5,3,288.0,24,1,2022-01-18 09:02:47
1642496567581915000,288.0,1,287.5,3,288.0,24,1,2022-01-18 09:02:47
1642496567707895000,287.5,1,287.5,2,288.0,24,2,2022-01-18 09:02:47
1642496568194891000,287.5,2,287.0,7,288.0,24,2,2022-01-18 09:02:48
1642496568293794000,288.0,1,287.0,7,288.0,23,1,2022-01-18 09:02:48
1642496568799679000,288.0,1,287.0,9,288.0,24,1,2022-01-18 09:02:48
1642496569040094000,288.0,10,287.0,10,288.0,14,1,2022-01-18 09:02:49
1642496569329851000,288.0,1,287.0,10,288.0,13,1,2022-01-18 09:02:49
1642496569469634000,288.0,1,287.5,1,288.0,12,1,2022-01-18 09:02:49
1642496569498338000,288.0,1,287.5,1,288.0,11,1,2022-01-18 09:02:49
1642496569811613000,288.0,1,287.5,1,288.0,11,1,2022-01-18 09:02:49
1642496570092581000,288.0,4,287.5,1,288.0,8,1,2022-01-18 09:02:50
1642496570358504000,288.0,3,287.5,1,288.0,6,1,2022-01-18 09:02:50
1642496570383135000,287.5,1,287.0,10,288.0,6,2,2022-01-18 09:02:50
1642496570383620000,288.0,6,288.0,4,288.5,19,1,2022-01-18 09:02:50
1642496570513840000,288.0,2,288.0,7,288.5,19,2,2022-01-18 09:02:50
1642496570637102000,288.0,1,288.0,6,288.5,19,2,2022-01-18 09:02:50
1642496571298257000,288.0,1,288.0,8,288.5,19,2,2022-01-18 09:02:51
1642496571789733000,288.0,1,288.0,8,288.5,19,2,2022-01-18 09:02:51
1642496571992679000,288.0,1,288.0,7,288.5,19,2,2022-01-18 09:02:51
1642496573058673000,288.0,9,288.0,3,288.5,20,2,2022-01-18 09:02:53
1642496573164774000,288.0,1,288.0,2,288.5,20,2,2022-01-18 09:02:53
1642496573264310000,288.0,1,288.0,1,288.5,20,2,2022-01-18 09:02:53
1642496573486823000,288.0,1,287.5,13,288.5,20,2,2022-01-18 09:02:53
1642496573820112000,288.5,1,287.5,13,288.5,19,1,2022-01-18 09:02:53
1642496574357115000,288.0,2,288.0,1,288.5,19,2,2022-01-18 09:02:54
1642496574526317000,288.5,2,288.0,2,288.5,17,1,2022-01-18 09:02:54
1642496574726736000,288.0,1,288.0,1,288.5,17,2,2022-01-18 09:02:54
1642496574914961000,288.0,3,287.5,14,288.0,2,2,2022-01-18 09:02:54
1642496575023217000,288.0,2,288.0,3,288.5,17,1,2022-01-18 09:02:55
1642496575067599000,288.0,1,288.0,2,288.5,17,2,2022-01-18 09:02:55
1642496575474763000,288.0,2,287.5,17,288.0,8,2,2022-01-18 09:02:55
1642496575593791000,288.0,1,287.5,17,288.0,7,1,2022-01-18 09:02:55
1642496575695501000,288.0,1,287.5,17,288.0,6,1,2022-01-18 09:02:55
1642496576100484000,288.0,1,287.5,17,288.0,5,1,2022-01-18 09:02:56
1642496576444026000,288.0,1,287.5,17,288.0,4,1,2022-01-18 09:02:56
1642496576521427000,288.0,1,287.5,17,288.0,3,1,2022-01-18 09:02:56
1642496576908514000,288.0,1,287.5,17,288.0,2,1,2022-01-18 09:02:56
1642496576996425000,288.0,1,287.5,17,288.0,1,1,2022-01-18 09:02:56
1642496577211621000,288.0,1,287.5,17,288.0,12,1,2022-01-18 09:02:57
1642496577242132000,288.0,1,287.5,17,288.0,11,1,2022-01-18 09:02:57
1642496577496192000,288.0,1,287.5,17,288.0,10,1,2022-01-18 09:02:57
1642496577523430000,288.0,1,287.5,17,288.0,9,1,2022-01-18 09:02:57
1642496577915494000,288.0,5,287.5,17,288.0,6,1,2022-01-18 09:02:57
1642496577929147000,288.0,1,287.5,17,288.0,5,1,2022-01-18 09:02:57
1642496578220348000,288.0,2,287.5,17,288.0,5,1,2022-01-18 09:02:58
1642496578251267000,288.0,1,287.5,17,288.0,4,1,2022-01-18 09:02:58
1642496578297266000,288.0,1,287.5,17,288.0,3,1,2022-01-18 09:02:58
1642496578892448000,288.0,1,287.5,18,288.0,3,1,2022-01-18 09:02:58
1642496578936077000,288.0,1,287.5,18,288.0,2,1,2022-01-18 09:02:58
1642496579079914000,288.0,1,287.5,18,288.0,1,1,2022-01-18 09:02:59
1642496579744644000,288.0,1,287.5,18,288.0,2,1,2022-01-18 09:02:59
1642496580525785000,288.0,1,287.5,21,288.0,4,1,2022-01-18 09:03:00
1642496580724372000,288.0,1,287.5,21,288.0,3,1,2022-01-18 09:03:00
1642496580989036000,288.0,2,287.5,21,288.0,2,1,2022-01-18 09:03:00
1642496581003294000,287.5,4,287.5,17,288.0,2,2,2022-01-18 09:03:01
1642496581040299000,288.0,2,287.5,17,288.5,40,1,2022-01-18 09:03:01
1642496581057156000,287.5,3,287.5,14,288.5,40,2,2022-01-18 09:03:01
1642496581137155000,288.0,1,287.5,14,288.5,40,2,2022-01-18 09:03:01
1642496581459417000,288.0,1,287.5,14,288.5,39,2,2022-01-18 09:03:01
1642496581488581000,288.5,1,287.5,14,288.5,38,1,2022-01-18 09:03:01
1642496582685153000,288.0,3,287.5,15,288.0,1,2,2022-01-18 09:03:02
1642496582698016000,288.0,1,288.0,1,288.5,38,1,2022-01-18 09:03:02
1642496584026103000,288.0,1,288.0,6,288.5,38,2,2022-01-18 09:03:04
1642496585114415000,288.0,11,288.0,3,288.5,38,2,2022-01-18 09:03:05
1642496585341641000,288.0,3,287.5,10,288.5,39,2,2022-01-18 09:03:05
1642496585594561000,288.5,2,287.5,10,288.5,37,1,2022-01-18 09:03:05
1642496585973121000,288.0,3,287.5,10,288.0,1,1,2022-01-18 09:03:05
1642496585992223000,288.0,1,287.5,10,288.5,37,1,2022-01-18 09:03:05
1642496586115847000,288.5,1,287.5,10,288.5,36,1,2022-01-18 09:03:06
1642496586304930000,287.5,1,287.5,9,288.0,2,2,2022-01-18 09:03:06
1642496586442120000,288.0,2,287.5,10,288.0,4,1,2022-01-18 09:03:06
1642496586587602000,288.0,2,287.5,10,288.0,2,1,2022-01-18 09:03:06
1642496586763852000,288.0,1,287.5,10,288.0,4,1,2022-01-18 09:03:06
1642496587421050000,288.0,3,287.5,11,288.0,1,1,2022-01-18 09:03:07
1642496587714039000,288.0,1,287.5,11,288.5,39,1,2022-01-18 09:03:07
1642496587770997000,288.0,1,287.5,11,288.0,3,1,2022-01-18 09:03:07
1642496587878380000,288.0,1,287.5,11,288.0,3,1,2022-01-18 09:03:07
1642496587966184000,288.0,3,287.5,11,288.5,32,1,2022-01-18 09:03:07
1642496587966184000,288.5,7,287.5,11,288.5,32,1,2022-01-18 09:03:07
1642496588311376000,288.0,1,287.5,11,288.5,32,2,2022-01-18 09:03:08
1642496588630785000,288.5,1,287.5,11,288.5,31,1,2022-01-18 09:03:08
1642496588808783000,288.0,1,287.5,11,288.0,1,1,2022-01-18 09:03:08
1642496588903157000,288.0,1,287.5,11,288.5,31,1,2022-01-18 09:03:08
1642496589222033000,288.0,1,287.5,11,288.5,31,2,2022-01-18 09:03:09
1642496589337419000,288.0,1,287.5,11,288.5,31,1,2022-01-18 09:03:09
1642496589637447000,287.5,4,287.5,7,288.5,32,2,2022-01-18 09:03:09
1642496589730062000,288.0,1,287.5,7,288.5,32,1,2022-01-18 09:03:09
1642496590065103000,288.5,1,288.0,1,288.5,31,1,2022-01-18 09:03:10
1642496590145513000,288.0,1,287.5,7,288.0,4,2,2022-01-18 09:03:10
1642496590157986000,288.0,1,287.5,7,288.0,3,1,2022-01-18 09:03:10
1642496590321207000,288.0,1,287.5,7,288.0,2,1,2022-01-18 09:03:10
1642496590425505000,288.0,1,287.5,7,288.0,2,1,2022-01-18 09:03:10
1642496590472730000,288.0,5,287.5,7,288.0,27,1,2022-01-18 09:03:10
1642496590540008000,288.0,1,287.5,7,288.0,26,1,2022-01-18 09:03:10
1642496590910781000,287.5,1,287.5,6,288.0,30,2,2022-01-18 09:03:10
1642496590951340000,287.5,6,287.0,46,288.0,30,2,2022-01-18 09:03:10
1642496591065517000,288.0,1,287.0,47,288.0,32,1,2022-01-18 09:03:11
1642496591223674000,288.0,5,287.0,47,288.0,27,1,2022-01-18 09:03:11
1642496592426025000,287.5,1,287.0,46,287.5,4,1,2022-01-18 09:03:12
1642496592503029000,287.5,3,287.0,46,287.5,1,1,2022-01-18 09:03:12
1642496592552070000,287.5,1,287.5,2,288.0,36,1,2022-01-18 09:03:12
1642496592588963000,287.5,2,287.0,46,288.0,36,2,2022-01-18 09:03:12
1642496592606128000,288.0,1,287.0,46,288.0,35,1,2022-01-18 09:03:12
1642496592763087000,288.0,2,287.0,45,288.0,33,1,2022-01-18 09:03:12
1642496592962669000,288.0,1,287.0,45,288.0,32,1,2022-01-18 09:03:12
1642496593410083000,288.0,1,287.5,1,288.0,31,1,2022-01-18 09:03:13
1642496593492462000,288.0,1,287.5,2,288.0,30,1,2022-01-18 09:03:13
1642496593596568000,288.0,2,287.5,2,288.0,18,1,2022-01-18 09:03:13
1642496593894642000,288.0,1,287.5,4,288.0,17,1,2022-01-18 09:03:13
1642496594002342000,288.0,1,287.5,4,288.0,16,1,2022-01-18 09:03:14
1642496594230361000,288.0,1,287.5,5,288.0,15,1,2022-01-18 09:03:14
1642496594269070000,287.5,1,287.5,4,288.0,15,2,2022-01-18 09:03:14
1642496594295950000,288.0,2,287.5,4,288.0,13,1,2022-01-18 09:03:14
1642496594641857000,288.0,1,287.5,5,288.0,13,1,2022-01-18 09:03:14
1642496594643577000,287.5,1,287.5,4,288.0,13,2,2022-01-18 09:03:14
1642496594693768000,288.0,1,287.5,4,288.0,12,1,2022-01-18 09:03:14
1642496594744888000,288.0,2,287.5,4,288.0,10,1,2022-01-18 09:03:14
1642496595129049000,287.5,1,287.5,3,288.0,10,2,2022-01-18 09:03:15
1642496595533599000,288.0,1,287.5,3,288.0,10,1,2022-01-18 09:03:15
1642496595848917000,288.0,1,287.5,4,288.0,9,1,2022-01-18 09:03:15
1642496595952531000,287.5,4,287.0,46,287.5,6,2,2022-01-18 09:03:15
1642496596120319000,287.5,1,287.0,46,287.5,5,1,2022-01-18 09:03:16
1642496596254793000,287.5,2,287.0,46,287.5,3,1,2022-01-18 09:03:16
1642496596292582000,287.5,1,287.0,46,287.5,2,1,2022-01-18 09:03:16
1642496596301552000,287.5,1,287.0,46,287.5,1,1,2022-01-18 09:03:16
1642496596473648000,287.5,1,287.0,46,288.0,6,1,2022-01-18 09:03:16
1642496596639633000,287.5,1,287.0,46,287.5,9,2,2022-01-18 09:03:16
1642496597352314000,287.0,11,287.0,35,287.5,14,2,2022-01-18 09:03:17
1642496597462275000,287.5,1,287.0,35,287.5,13,1,2022-01-18 09:03:17
1642496598556760000,287.5,1,287.0,36,287.5,24,1,2022-01-18 09:03:18
1642496598904868000,287.5,1,287.0,36,287.5,23,1,2022-01-18 09:03:18
1642496599380551000,287.5,1,287.0,37,287.5,22,1,2022-01-18 09:03:19
1642496599736884000,287.5,2,287.0,37,287.5,20,1,2022-01-18 09:03:19
1642496600370615000,287.0,3,287.0,34,287.5,10,2,2022-01-18 09:03:20
1642496600398405000,287.0,10,287.0,24,287.5,10,2,2022-01-18 09:03:20
1642496600399388000,287.0,10,287.0,14,287.5,10,2,2022-01-18 09:03:20
1642496600400389000,287.0,10,287.0,4,287.5,10,2,2022-01-18 09:03:20
1642496600401464000,287.0,4,286.5,8,287.0,6,2,2022-01-18 09:03:20
1642496600469368000,287.0,1,286.5,8,287.0,8,1,2022-01-18 09:03:20
1642496600581215000,287.0,2,286.5,8,287.0,6,1,2022-01-18 09:03:20
1642496600880673000,287.0,1,286.5,8,287.0,5,1,2022-01-18 09:03:20
1642496600920964000,286.5,1,286.5,7,287.0,5,2,2022-01-18 09:03:20
1642496601110199000,287.0,1,286.5,7,287.0,4,1,2022-01-18 09:03:21
1642496601193567000,287.0,1,286.5,7,287.0,3,1,2022-01-18 09:03:21
1642496601459716000,286.5,1,286.5,6,287.0,4,2,2022-01-18 09:03:21
1642496601664403000,287.0,1,286.5,6,287.0,3,1,2022-01-18 09:03:21
1642496601716514000,286.5,6,286.0,22,287.0,8,2,2022-01-18 09:03:21
1642496602981942000,287.0,1,286.0,22,287.0,14,1,2022-01-18 09:03:22
1642496603000151000,287.0,1,286.0,22,287.0,13,1,2022-01-18 09:03:23
1642496603003969000,287.0,10,286.0,22,287.0,3,1,2022-01-18 09:03:23
1642496604012286000,286.5,3,286.0,22,287.0,14,2,2022-01-18 09:03:24
1642496604306232000,287.0,1,286.5,1,287.0,13,1,2022-01-18 09:03:24
1642496604721511000,287.0,1,286.5,1,287.0,18,1,2022-01-18 09:03:24
1642496605962227000,286.5,1,286.5,1,287.0,21,2,2022-01-18 09:03:25
1642496606249684000,286.5,1,286.0,22,287.0,22,2,2022-01-18 09:03:26
1642496606705435000,287.0,5,286.0,22,287.0,18,1,2022-01-18 09:03:26
1642496606768209000,287.0,2,286.0,22,287.0,16,1,2022-01-18 09:03:26
1642496607022979000,287.0,2,286.0,22,287.0,14,1,2022-01-18 09:03:27
1642496607023790000,287.0,1,286.0,22,287.0,13,1,2022-01-18 09:03:27
1642496607586556000,286.5,2,286.5,2,287.0,11,2,2022-01-18 09:03:27
1642496607980449000,286.5,3,286.0,17,287.0,11,2,2022-01-18 09:03:27
1642496607980449000,286.0,5,286.0,17,287.0,11,2,2022-01-18 09:03:27
1642496608033446000,287.0,1,286.0,17,287.0,10,1,2022-01-18 09:03:28
1642496608286969000,286.5,1,286.0,17,286.5,3,1,2022-01-18 09:03:28
1642496608360983000,286.5,1,286.0,17,286.5,2,1,2022-01-18 09:03:28
1642496608439150000,286.5,1,286.0,17,286.5,1,1,2022-01-18 09:03:28
1642496609472517000,286.5,1,286.0,18,287.0,12,1,2022-01-18 09:03:29
1642496609599488000,287.0,1,286.0,19,287.0,11,1,2022-01-18 09:03:29
1642496609824792000,287.0,1,286.0,20,287.0,11,1,2022-01-18 09:03:29
1642496610447679000,287.0,1,286.5,3,287.0,10,1,2022-01-18 09:03:30
1642496610993588000,286.5,8,286.0,18,287.0,13,2,2022-01-18 09:03:30
1642496610993588000,286.0,2,286.0,18,287.0,13,2,2022-01-18 09:03:30
1642496611688963000,286.0,1,286.0,18,287.0,17,2,2022-01-18 09:03:31
1642496611740733000,286.0,2,286.0,16,287.0,17,2,2022-01-18 09:03:31
1642496611758490000,286.0,16,285.5,19,287.0,17,2,2022-01-18 09:03:31
1642496611758490000,285.5,4,285.5,19,287.0,17,2,2022-01-18 09:03:31
1642496612295593000,286.0,1,285.5,20,287.0,18,2,2022-01-18 09:03:32
1642496612835918000,285.5,1,285.5,19,287.0,22,2,2022-01-18 09:03:32
1642496612971608000,286.0,1,286.0,2,286.5,10,1,2022-01-18 09:03:32
1642496613054868000,286.0,1,286.0,1,286.5,10,2,2022-01-18 09:03:33
1642496613517666000,286.5,1,286.0,2,286.5,15,1,2022-01-18 09:03:33
1642496613733562000,286.0,1,286.0,1,286.5,16,2,2022-01-18 09:03:33
1642496614104991000,286.0,1,286.0,1,286.5,18,2,2022-01-18 09:03:34
1642496614191666000,286.0,1,285.5,17,286.5,23,2,2022-01-18 09:03:34
1642496614191666000,285.5,2,285.5,17,286.5,23,2,2022-01-18 09:03:34
1642496614955701000,285.5,1,285.5,17,286.5,21,2,2022-01-18 09:03:34
1642496615403095000,286.0,1,285.5,18,286.0,2,1,2022-01-18 09:03:35
1642496615738834000,285.5,1,285.5,17,286.0,2,2,2022-01-18 09:03:35
1642496615902144000,285.5,1,285.5,16,286.0,2,2,2022-01-18 09:03:35
1642496616905534000,285.5,1,285.5,16,286.0,9,2,2022-01-18 09:03:36
1642496616921372000,285.5,1,285.5,15,286.0,9,2,2022-01-18 09:03:36
1642496617421364000,286.0,1,285.5,15,286.0,20,1,2022-01-18 09:03:37
1642496617689960000,285.5,1,285.5,14,286.0,20,2,2022-01-18 09:03:37
1642496618759962000,285.5,2,285.5,14,286.0,21,2,2022-01-18 09:03:38
1642496620500081000,285.5,1,285.5,20,286.0,36,2,2022-01-18 09:03:40
1642496620695031000,285.5,1,285.5,19,286.0,37,2,2022-01-18 09:03:40
1642496620822490000,285.5,10,285.5,9,286.0,37,2,2022-01-18 09:03:40
1642496620938394000,285.5,1,285.5,8,286.0,37,2,2022-01-18 09:03:40
1642496621060441000,285.5,1,285.5,8,286.0,37,2,2022-01-18 09:03:41
1642496621722457000,285.5,1,285.5,8,286.0,38,2,2022-01-18 09:03:41
1642496621805757000,285.5,1,285.5,7,286.0,38,2,2022-01-18 09:03:41
1642496621929688000,286.0,1,285.5,7,286.0,37,1,2022-01-18 09:03:41
1642496621955776000,285.5,1,285.5,11,286.0,37,2,2022-01-18 09:03:41
1642496622098684000,285.5,1,285.5,10,286.0,37,2,2022-01-18 09:03:42
1642496622242627000,285.5,1,285.5,9,286.0,37,2,2022-01-18 09:03:42
1642496622504072000,285.5,1,285.5,8,286.0,37,2,2022-01-18 09:03:42
1642496622724743000,285.5,1,285.5,7,286.0,37,2,2022-01-18 09:03:42
1642496622846472000,285.5,5,285.5,2,286.0,37,2,2022-01-18 09:03:42
1642496623157821000,285.5,1,285.5,1,286.0,37,2,2022-01-18 09:03:43
1642496623201476000,285.5,1,285.0,41,285.5,8,2,2022-01-18 09:03:43
1642496623340195000,285.5,1,285.0,41,285.5,7,1,2022-01-18 09:03:43
1642496623609892000,285.0,3,285.0,38,285.5,8,2,2022-01-18 09:03:43
1642496623652338000,285.5,1,285.0,38,285.5,7,1,2022-01-18 09:03:43
1642496623780106000,285.0,1,285.0,37,285.5,7,2,2022-01-18 09:03:43
1642496623876704000,285.5,3,285.0,37,285.5,4,1,2022-01-18 09:03:43
1642496623912508000,285.0,1,285.0,36,285.5,4,2,2022-01-18 09:03:43
1642496625556770000,285.0,1,285.0,36,285.5,8,2,2022-01-18 09:03:45
1642496625570687000,285.5,1,285.0,36,285.5,7,1,2022-01-18 09:03:45
1642496626464573000,285.5,2,285.0,36,285.5,5,1,2022-01-18 09:03:46
1642496626558138000,285.5,5,285.0,36,286.0,35,1,2022-01-18 09:03:46
1642496626775358000,285.5,1,285.0,36,285.5,3,2,2022-01-18 09:03:46
1642496626816139000,285.5,2,285.0,36,285.5,1,1,2022-01-18 09:03:46
1642496627101933000,285.5,1,285.0,36,285.5,1,1,2022-01-18 09:03:47
1642496627167613000,285.5,1,285.5,2,286.0,32,1,2022-01-18 09:03:47
1642496627416110000,285.5,3,285.0,35,286.0,33,2,2022-01-18 09:03:47
1642496627501535000,285.0,2,285.0,33,286.0,33,2,2022-01-18 09:03:47
1642496627720683000,285.5,1,285.5,5,286.0,33,2,2022-01-18 09:03:47
1642496627738252000,285.5,2,285.5,3,286.0,33,2,2022-01-18 09:03:47
1642496628944972000,285.5,4,285.0,31,285.5,1,2,2022-01-18 09:03:48
1642496628983750000,285.5,1,285.0,31,286.0,27,1,2022-01-18 09:03:48
1642496630179989000,285.5,1,285.5,1,286.0,27,2,2022-01-18 09:03:50
1642496630462217000,285.5,1,285.0,32,286.0,27,2,2022-01-18 09:03:50
1642496630540415000,285.5,1,285.0,32,286.0,27,1,2022-01-18 09:03:50
1642496630841846000,285.0,1,285.0,31,286.0,27,2,2022-01-18 09:03:50
1642496631369717000,285.5,1,285.0,31,286.0,27,2,2022-01-18 09:03:51
1642496632297915000,285.5,1,285.0,30,286.0,27,1,2022-01-18 09:03:52
1642496632629497000,285.5,1,285.0,30,286.0,27,2,2022-01-18 09:03:52
1642496633384873000,286.0,1,285.5,4,286.0,26,1,2022-01-18 09:03:53
1642496633416925000,285.5,4,285.0,18,286.0,26,2,2022-01-18 09:03:53
1642496633416925000,285.0,14,285.0,18,286.0,26,2,2022-01-18 09:03:53
1642496633642286000,285.0,18,284.5,13,285.0,2,2,2022-01-18 09:03:53
1642496633665255000,285.0,1,284.5,13,285.0,1,1,2022-01-18 09:03:53
1642496633677578000,285.0,1,284.5,13,285.5,1,1,2022-01-18 09:03:53
1642496633825627000,285.5,1,284.5,13,286.0,26,1,2022-01-18 09:03:53
1642496634333005000,285.5,1,285.5,1,286.0,25,2,2022-01-18 09:03:54
1642496635654803000,286.0,1,285.5,1,286.0,26,1,2022-01-18 09:03:55
1642496636225622000,285.5,1,285.5,1,286.0,26,2,2022-01-18 09:03:56
1642496637766818000,285.5,1,285.5,3,286.0,27,2,2022-01-18 09:03:57
1642496637858499000,285.5,1,285.5,2,286.0,27,2,2022-01-18 09:03:57
1642496637869718000,285.5,1,285.5,1,286.0,27,2,2022-01-18 09:03:57
1642496637923361000,285.5,1,285.0,9,286.0,27,2,2022-01-18 09:03:57
1642496638106522000,285.5,1,285.0,9,286.0,27,2,2022-01-18 09:03:58
1642496638212493000,286.0,1,285.0,9,286.0,26,1,2022-01-18 09:03:58
1642496638561765000,285.5,1,285.0,9,286.0,26,1,2022-01-18 09:03:58
1642496638824330000,286.0,1,285.0,9,286.0,25,1,2022-01-18 09:03:58
1642496639169550000,285.0,1,285.0,8,286.0,25,2,2022-01-18 09:03:59
1642496639699158000,285.5,1,285.5,1,286.0,31,2,2022-01-18 09:03:59
1642496639823332000,285.5,1,285.0,9,286.0,31,2,2022-01-18 09:03:59
1642496640529244000,285.0,10,284.5,17,286.0,31,2,2022-01-18 09:04:00
1642496640926947000,285.0,1,284.5,15,286.0,32,2,2022-01-18 09:04:00
1642496640926947000,284.5,2,284.5,15,286.0,32,2,2022-01-18 09:04:00
1642496641170377000,286.0,1,284.5,15,286.0,31,1,2022-01-18 09:04:01
1642496642808573000,285.5,1,284.5,14,286.0,31,1,2022-01-18 09:04:02
1642496643401596000,285.5,1,285.0,1,285.5,6,1,2022-01-18 09:04:03
1642496645346566000,285.0,4,285.0,2,285.5,8,2,2022-01-18 09:04:05
1642496646028856000,285.5,1,285.0,7,285.5,6,1,2022-01-18 09:04:06
1642496648126459000,285.0,1,285.0,18,285.5,9,2,2022-01-18 09:04:08
1642496649514346000,285.5,4,285.0,22,285.5,5,1,2022-01-18 09:04:09
1642496649536969000,285.5,3,285.0,22,285.5,2,1,2022-01-18 09:04:09
1642496649557020000,285.5,2,285.0,22,286.0,39,1,2022-01-18 09:04:09
1642496650450467000,285.5,1,285.0,33,286.0,38,1,2022-01-18 09:04:10
1642496651045013000,286.0,1,285.0,33,286.0,37,1,2022-01-18 09:04:11
1642496651557730000,285.5,1,285.5,1,286.0,37,2,2022-01-18 09:04:11
1642496652408204000,285.5,1,285.0,38,286.0,35,2,2022-01-18 09:04:12
1642496653437750000,285.5,1,285.0,38,285.5,1,1,2022-01-18 09:04:13
1642496653657470000,285.5,1,285.0,38,286.0,35,1,2022-01-18 09:04:13
1642496653910765000,285.5,1,285.0,39,286.0,35,1,2022-01-18 09:04:13
1642496654492357000,285.5,1,285.0,40,286.0,35,2,2022-01-18 09:04:14
1642496655671702000,285.5,1,285.0,42,286.0,37,1,2022-01-18 09:04:15
1642496655906061000,286.0,1,285.0,42,286.0,36,1,2022-01-18 09:04:15
1642496655940040000,285.0,1,285.0,41,286.0,36,2,2022-01-18 09:04:15
1642496656483818000,285.5,1,285.5,3,286.0,39,2,2022-01-18 09:04:16
1642496657037722000,285.5,1,285.5,3,286.0,39,2,2022-01-18 09:04:17
1642496658771763000,286.0,1,285.5,6,286.0,39,1,2022-01-18 09:04:18
1642496660448794000,285.5,8,285.5,3,286.0,39,2,2022-01-18 09:04:20
1642496660557763000,285.5,1,285.5,2,286.0,39,2,2022-01-18 09:04:20
1642496661565909000,285.5,1,285.5,1,286.0,39,2,2022-01-18 09:04:21
1642496662167005000,285.5,1,285.0,57,285.5,5,2,2022-01-18 09:04:22
1642496663141814000,285.5,1,285.0,58,285.5,4,1,2022-01-18 09:04:23
1642496663343857000,285.5,2,285.0,58,285.5,3,1,2022-01-18 09:04:23
1642496663412426000,285.5,1,285.0,58,285.5,2,1,2022-01-18 09:04:23
1642496663566429000,285.5,1,285.0,58,285.5,2,1,2022-01-18 09:04:23
1642496663626208000,285.5,1,285.0,58,285.5,1,1,2022-01-18 09:04:23
1642496664020023000,285.5,1,285.0,58,286.0,40,1,2022-01-18 09:04:24
1642496664922855000,286.0,1,285.0,61,286.0,39,1,2022-01-18 09:04:24
1642496670800241000,285.5,9,285.0,67,286.0,44,2,2022-01-18 09:04:30
1642496670870606000,286.0,44,286.0,6,286.5,3,1,2022-01-18 09:04:30
1642496670987876000,286.0,1,286.0,5,286.5,3,2,2022-01-18 09:04:30
1642496671011010000,286.0,5,285.0,68,285.5,5,2,2022-01-18 09:04:31
1642496671031549000,285.5,1,285.0,68,285.5,4,1,2022-01-18 09:04:31
1642496671074690000,285.5,1,285.0,69,285.5,3,1,2022-01-18 09:04:31
1642496671219146000,285.5,1,285.0,69,285.5,2,1,2022-01-18 09:04:31
1642496671713422000,285.5,1,285.0,71,285.5,1,1,2022-01-18 09:04:31
1642496671801826000,285.5,1,285.0,71,286.5,3,1,2022-01-18 09:04:31
1642496673137861000,285.5,1,285.5,1,286.0,10,2,2022-01-18 09:04:33
1642496673320818000,285.5,1,285.0,71,285.5,1,2,2022-01-18 09:04:33
1642496673363203000,285.5,1,285.0,70,286.0,10,1,2022-01-18 09:04:33
1642496676127225000,285.5,1,285.5,19,286.0,12,2,2022-01-18 09:04:36
1642496678246855000,286.0,12,286.0,38,286.5,14,1,2022-01-18 09:04:38
1642496678544755000,285.5,2,285.5,22,286.5,14,2,2022-01-18 09:04:38
1642496681039788000,286.0,1,286.0,1,286.5,14,2,2022-01-18 09:04:41
1642496683644349000,286.0,1,286.0,2,286.5,15,2,2022-01-18 09:04:43
1642496683689572000,286.0,2,285.5,45,286.5,15,2,2022-01-18 09:04:43
1642496685798372000,286.0,1,285.5,47,286.5,15,1,2022-01-18 09:04:45
1642496686099438000,286.0,1,286.0,1,286.5,15,2,2022-01-18 09:04:46
1642496686688638000,286.0,2,286.0,7,286.5,15,2,2022-01-18 09:04:46
1642496686826523000,286.0,1,286.0,6,286.5,15,2,2022-01-18 09:04:46
1642496687669244000,286.0,3,286.0,3,286.5,15,2,2022-01-18 09:04:47
1642496690738452000,286.0,1,286.0,6,286.5,15,2,2022-01-18 09:04:50
1642496691438672000,286.0,6,285.5,66,286.5,15,2,2022-01-18 09:04:51
1642496694255536000,286.0,1,285.5,71,286.0,1,1,2022-01-18 09:04:54
1642496694674689000,286.0,1,285.5,70,286.5,15,1,2022-01-18 09:04:54
1642496695170188000,286.5,3,285.5,67,286.5,12,1,2022-01-18 09:04:55
1642496695515362000,286.0,1,286.0,9,286.5,12,2,2022-01-18 09:04:55
1642496697645535000,286.0,1,286.0,12,286.5,14,2,2022-01-18 09:04:57
1642496697997552000,286.5,1,286.0,14,286.5,13,1,2022-01-18 09:04:57
1642496698203828000,286.0,11,286.0,4,286.5,13,2,2022-01-18 09:04:58
1642496698482375000,286.0,1,286.0,3,286.5,13,2,2022-01-18 09:04:58
1642496698911125000,286.0,3,285.5,66,286.5,13,2,2022-01-18 09:04:58
1642496699121431000,286.0,1,285.5,68,286.5,13,1,2022-01-18 09:04:59
1642496699871632000,286.5,4,285.5,68,286.5,10,1,2022-01-18 09:04:59
1642496699974234000,285.5,3,285.5,65,286.5,10,2,2022-01-18 09:04:59
1642496701732001000,286.0,8,285.5,60,286.5,10,2,2022-01-18 09:05:01
1642496701992116000,286.5,1,285.5,60,286.5,9,1,2022-01-18 09:05:01
1642496702075882000,285.5,1,285.5,59,286.5,9,2,2022-01-18 09:05:02
1642496702084181000,285.5,1,285.5,58,286.5,9,2,2022-01-18 09:05:02
1642496702085997000,285.5,2,285.5,56,286.5,9,2,2022-01-18 09:05:02
1642496702091125000,285.5,1,285.5,55,286.5,9,2,2022-01-18 09:05:02
1642496702125524000,285.5,1,285.5,54,286.5,9,2,2022-01-18 09:05:02
1642496702397961000,286.0,1,285.5,55,286.5,9,1,2022-01-18 09:05:02
1642496704746776000,286.0,1,285.5,56,286.0,10,1,2022-01-18 09:05:04
1642496704890166000,286.0,1,285.5,56,286.0,9,1,2022-01-18 09:05:04
1642496705588507000,286.0,1,285.5,56,286.0,8,1,2022-01-18 09:05:05
1642496706022752000,286.0,1,285.5,56,286.0,7,1,2022-01-18 09:05:06
1642496706460637000,286.0,1,285.5,56,286.0,6,1,2022-01-18 09:05:06
1642496707064073000,286.0,1,285.5,56,286.0,7,1,2022-01-18 09:05:07
1642496707947934000,286.0,1,285.5,56,286.0,6,1,2022-01-18 09:05:07
1642496708749191000,286.0,1,285.5,57,286.0,6,1,2022-01-18 09:05:08
1642496710002765000,286.0,1,285.5,58,286.0,7,1,2022-01-18 09:05:10
1642496710407680000,286.0,1,285.5,58,286.0,6,1,2022-01-18 09:05:10
1642496710660024000,286.0,1,285.5,58,286.0,5,1,2022-01-18 09:05:10
1642496710945013000,286.0,1,285.5,58,286.0,4,1,2022-01-18 09:05:10
1642496711028767000,286.0,1,285.5,58,286.0,3,1,2022-01-18 09:05:11
1642496711197366000,286.0,1,285.5,58,286.0,2,1,2022-01-18 09:05:11
1642496711323799000,286.0,2,286.0,48,286.5,11,1,2022-01-18 09:05:11
1642496712258970000,286.0,1,285.5,58,286.5,11,2,2022-01-18 09:05:12
1642496713353916000,286.0,1,285.5,59,286.5,13,2,2022-01-18 09:05:13
1642496713534360000,286.0,1,286.0,1,286.5,13,2,2022-01-18 09:05:13
1642496714081582000,286.5,1,286.0,2,286.5,12,1,2022-01-18 09:05:14
1642496716979929000,286.0,1,286.0,62,286.5,12,2,2022-01-18 09:05:16
1642496717784051000,286.5,1,286.0,65,286.5,12,1,2022-01-18 09:05:17
1642496718508172000,286.0,5,286.0,63,286.5,12,2,2022-01-18 09:05:18
1642496719781034000,286.5,5,286.0,63,286.5,7,1,2022-01-18 09:05:19
1642496720418851000,286.5,1,286.0,64,286.5,6,1,2022-01-18 09:05:20
1642496721856413000,286.5,3,286.0,70,286.5,3,1,2022-01-18 09:05:21
1642496722032239000,286.0,1,286.0,69,286.5,3,2,2022-01-18 09:05:22
1642496722865569000,286.5,1,286.0,79,286.5,2,1,2022-01-18 09:05:22
1642496722969536000,286.5,2,286.0,79,287.0,34,1,2022-01-18 09:05:22
1642496722969536000,287.0,2,286.0,79,287.0,34,1,2022-01-18 09:05:22
1642496723283136000,286.5,1,286.0,78,287.0,34,2,2022-01-18 09:05:23
1642496724241181000,286.5,1,286.0,78,287.0,34,2,2022-01-18 09:05:24
1642496725298787000,286.5,1,286.5,11,287.0,34,2,2022-01-18 09:05:25
1642496725593943000,286.5,8,286.5,3,287.0,34,2,2022-01-18 09:05:25
1642496727077156000,286.5,2,286.5,3,287.0,34,2,2022-01-18 09:05:27
1642496727814884000,286.5,1,286.5,3,287.0,34,2,2022-01-18 09:05:27
1642496728376847000,286.5,1,286.5,6,287.0,34,2,2022-01-18 09:05:28
1642496728476150000,286.5,1,286.5,10,287.0,34,2,2022-01-18 09:05:28
1642496728627033000,287.0,1,286.5,10,287.0,33,1,2022-01-18 09:05:28
1642496731236980000,287.0,1,286.5,35,287.0,32,1,2022-01-18 09:05:31
1642496732235985000,287.0,1,286.5,36,287.0,32,1,2022-01-18 09:05:32
1642496732502470000,286.5,1,286.5,35,287.0,32,2,2022-01-18 09:05:32
1642496732532998000,286.5,16,286.5,19,287.0,32,2,2022-01-18 09:05:32
1642496734925986000,287.0,1,286.5,21,287.0,30,1,2022-01-18 09:05:34
1642496736196449000,287.0,3,286.5,24,287.0,27,1,2022-01-18 09:05:36
1642496736914555000,286.5,1,286.5,23,287.0,27,2,2022-01-18 09:05:36
1642496737238949000,287.0,1,286.5,23,287.0,26,1,2022-01-18 09:05:37
1642496737868454000,286.5,2,286.5,21,287.0,26,2,2022-01-18 09:05:37
1642496738479487000,287.0,1,286.5,21,287.0,25,1,2022-01-18 09:05:38
1642496738730841000,286.5,1,286.5,20,287.0,25,2,2022-01-18 09:05:38
1642496740188633000,287.0,1,286.5,23,287.0,34,1,2022-01-18 09:05:40
1642496741339076000,286.5,24,286.0,95,287.0,34,2,2022-01-18 09:05:41
1642496741760818000,286.5,1,286.0,95,287.0,34,2,2022-01-18 09:05:41
1642496742122579000,286.5,1,286.0,95,287.0,34,1,2022-01-18 09:05:42
1642496742393575000,286.0,50,286.0,45,287.0,34,2,2022-01-18 09:05:42
1642496742421941000,286.0,22,286.0,23,287.0,34,2,2022-01-18 09:05:42
1642496742422444000,286.0,9,286.0,14,287.0,34,2,2022-01-18 09:05:42
1642496742423864000,286.0,14,285.5,44,287.0,34,2,2022-01-18 09:05:42
1642496742843120000,286.5,1,286.0,1,287.0,34,2,2022-01-18 09:05:42
1642496743319529000,286.5,1,286.0,1,287.0,34,1,2022-01-18 09:05:43
1642496743507745000,287.0,1,286.0,1,287.0,33,1,2022-01-18 09:05:43
1642496743775320000,286.0,1,285.5,42,287.0,33,2,2022-01-18 09:05:43
1642496743775320000,285.5,2,285.5,42,287.0,33,2,2022-01-18 09:05:43
1642496743807119000,285.5,10,285.5,32,287.0,33,2,2022-01-18 09:05:43
1642496743808305000,285.5,10,285.5,22,287.0,33,2,2022-01-18 09:05:43
1642496743809320000,285.5,10,285.5,12,287.0,33,2,2022-01-18 09:05:43
1642496743810539000,285.5,10,285.5,2,287.0,33,2,2022-01-18 09:05:43
1642496743811680000,285.5,2,285.0,75,285.5,8,2,2022-01-18 09:05:43
1642496743891462000,285.5,1,285.0,75,285.5,17,1,2022-01-18 09:05:43
1642496744192913000,285.5,10,285.0,75,285.5,7,1,2022-01-18 09:05:44
1642496744439183000,285.5,1,285.0,75,285.5,6,1,2022-01-18 09:05:44
1642496744721874000,285.5,2,285.0,75,285.5,4,1,2022-01-18 09:05:44
1642496745061139000,285.5,1,285.0,75,285.5,3,1,2022-01-18 09:05:45
1642496746703753000,285.5,1,285.0,74,285.5,2,1,2022-01-18 09:05:46
1642496747595727000,285.5,2,285.0,75,286.5,5,1,2022-01-18 09:05:47
1642496747595727000,286.5,3,285.0,75,286.5,5,1,2022-01-18 09:05:47
1642496750670724000,286.0,1,285.5,5,286.0,3,1,2022-01-18 09:05:50
1642496751708283000,285.5,6,285.0,87,286.0,1,2,2022-01-18 09:05:51
1642496752469788000,286.0,1,286.0,2,286.5,9,1,2022-01-18 09:05:52
1642496752501363000,286.0,2,285.5,1,286.5,9,2,2022-01-18 09:05:52
1642496756168578000,286.5,1,285.5,7,286.5,9,1,2022-01-18 09:05:56
1642496756426498000,286.5,1,285.5,9,286.5,8,1,2022-01-18 09:05:56
1642496756553735000,286.5,1,285.5,9,286.5,7,1,2022-01-18 09:05:56
1642496756882820000,286.0,1,285.5,24,286.0,1,1,2022-01-18 09:05:56
1642496758133906000,286.0,1,285.5,24,286.0,2,1,2022-01-18 09:05:58
1642496759441903000,286.0,2,285.5,28,286.0,1,1,2022-01-18 09:05:59
1642496760475933000,286.0,1,285.5,28,286.5,10,1,2022-01-18 09:06:00
1642496760708043000,285.5,1,285.5,27,286.5,10,2,2022-01-18 09:06:00
1642496760904322000,285.5,1,285.5,26,286.5,18,2,2022-01-18 09:06:00
1642496760939876000,285.5,1,285.5,25,286.5,18,2,2022-01-18 09:06:00
1642496761212620000,285.5,24,285.5,2,286.5,18,2,2022-01-18 09:06:01
1642496761245818000,285.5,2,285.0,88,286.5,18,2,2022-01-18 09:06:01
1642496763279845000,286.0,1,285.5,4,286.5,18,1,2022-01-18 09:06:03
1642496764590325000,285.5,2,285.5,7,286.5,18,2,2022-01-18 09:06:04
1642496771014505000,286.0,1,286.0,7,286.5,18,2,2022-01-18 09:06:11
1642496772229186000,286.5,1,286.0,8,286.5,18,1,2022-01-18 09:06:12
1642496775509204000,286.5,5,286.0,10,286.5,15,1,2022-01-18 09:06:15
1642496777215716000,286.5,1,286.0,11,286.5,14,1,2022-01-18 09:06:17
1642496781904285000,286.5,1,286.0,18,286.5,15,1,2022-01-18 09:06:21
1642496782130615000,286.5,1,286.0,18,286.5,14,1,2022-01-18 09:06:22
1642496782547735000,286.5,1,286.0,18,286.5,13,1,2022-01-18 09:06:22
1642496782735361000,286.5,1,286.0,18,286.5,12,1,2022-01-18 09:06:22
1642496784164488000,286.5,1,286.0,19,286.5,12,1,2022-01-18 09:06:24
1642496785168106000,286.5,1,286.0,19,286.5,12,1,2022-01-18 09:06:25
1642496786528271000,286.5,1,286.0,21,286.5,11,1,2022-01-18 09:06:26
1642496787941470000,286.5,1,286.0,22,286.5,10,1,2022-01-18 09:06:27
1642496788211272000,286.5,2,286.0,22,286.5,8,1,2022-01-18 09:06:28
1642496788449821000,286.5,1,286.0,22,286.5,7,1,2022-01-18 09:06:28
1642496788726404000,286.5,1,286.0,22,286.5,6,1,2022-01-18 09:06:28
1642496789778658000,286.5,1,286.0,73,286.5,5,1,2022-01-18 09:06:29
1642496789855760000,286.5,4,286.0,74,286.5,1,1,2022-01-18 09:06:29
1642496790823975000,286.5,1,286.0,75,286.5,1,1,2022-01-18 09:06:30
1642496791042296000,286.5,1,286.0,75,287.0,53,1,2022-01-18 09:06:31
1642496795355102000,287.0,1,286.5,15,287.0,53,1,2022-01-18 09:06:35
1642496799377789000,286.5,1,286.5,58,287.0,53,2,2022-01-18 09:06:39
1642496799573251000,287.0,1,286.5,57,287.0,52,1,2022-01-18 09:06:39
1642496801763789000,287.0,1,286.5,58,287.0,50,1,2022-01-18 09:06:41
1642496803288995000,287.0,1,286.5,58,287.0,51,1,2022-01-18 09:06:43
1642496804480935000,287.0,1,286.5,79,287.0,52,1,2022-01-18 09:06:44
1642496804718264000,287.0,5,286.5,79,287.0,47,1,2022-01-18 09:06:44
1642496805067120000,287.0,47,286.5,80,287.5,20,1,2022-01-18 09:06:45
1642496805067120000,287.5,4,286.5,80,287.5,20,1,2022-01-18 09:06:45
1642496805296046000,287.5,3,287.0,1,287.5,17,1,2022-01-18 09:06:45
1642496806047699000,287.5,1,287.0,10,287.5,16,1,2022-01-18 09:06:46
1642496807002683000,287.0,10,286.5,80,287.5,16,2,2022-01-18 09:06:47
1642496807419777000,287.5,5,286.5,80,287.5,11,1,2022-01-18 09:06:47
1642496807701547000,287.5,5,286.5,80,287.5,6,1,2022-01-18 09:06:47
1642496808755501000,287.5,1,287.0,3,287.5,5,1,2022-01-18 09:06:48
1642496809567855000,287.5,1,287.0,3,287.5,3,1,2022-01-18 09:06:49
1642496809596485000,287.5,1,287.0,3,287.5,2,1,2022-01-18 09:06:49
1642496809807284000,287.5,1,287.0,3,287.5,1,1,2022-01-18 09:06:49
1642496809832948000,287.5,1,287.0,3,288.0,89,1,2022-01-18 09:06:49
1642496811096172000,287.5,1,286.5,79,287.0,2,2,2022-01-18 09:06:51
1642496811096172000,287.0,3,286.5,79,287.0,2,2,2022-01-18 09:06:51
1642496811448628000,287.0,1,286.5,79,287.0,1,1,2022-01-18 09:06:51
1642496812587229000,287.0,1,286.5,78,287.5,15,1,2022-01-18 09:06:52
1642496813228896000,287.0,1,286.5,78,287.5,15,2,2022-01-18 09:06:53
1642496813824710000,287.5,1,286.5,78,287.5,14,1,2022-01-18 09:06:53
1642496814493534000,287.5,1,287.0,2,287.5,13,1,2022-01-18 09:06:54
1642496816878769000,287.5,1,287.0,14,287.5,17,1,2022-01-18 09:06:56
1642496816926117000,287.0,3,287.0,11,287.5,17,2,2022-01-18 09:06:56
1642496816934714000,287.5,1,287.0,11,287.5,16,1,2022-01-18 09:06:56
1642496818154071000,287.5,1,287.0,12,287.5,15,1,2022-01-18 09:06:58
1642496819721671000,287.5,1,287.0,12,287.5,12,1,2022-01-18 09:06:59
1642496820435482000,287.5,1,287.0,13,287.5,11,1,2022-01-18 09:07:00
1642496820570258000,287.5,1,287.0,13,287.5,10,1,2022-01-18 09:07:00
1642496820989989000,287.0,1,287.0,12,287.5,10,2,2022-01-18 09:07:00
1642496820995497000,287.0,1,287.0,11,287.5,10,2,2022-01-18 09:07:00
1642496821382472000,287.5,1,287.0,11,287.5,10,1,2022-01-18 09:07:01
1642496821406861000,287.0,11,286.5,81,287.5,10,2,2022-01-18 09:07:01
1642496821697398000,287.5,1,286.5,81,287.5,9,1,2022-01-18 09:07:01
1642496823703613000,287.0,3,286.5,82,287.5,12,1,2022-01-18 09:07:03
1642496823703613000,287.5,2,286.5,82,287.5,12,1,2022-01-18 09:07:03
1642496824324397000,287.5,1,287.0,10,287.5,12,1,2022-01-18 09:07:04
1642496824425219000,287.5,5,287.0,10,287.5,7,1,2022-01-18 09:07:04
1642496826048192000,287.5,1,287.0,13,287.5,23,1,2022-01-18 09:07:06
1642496828242796000,287.0,1,287.0,14,287.5,25,2,2022-01-18 09:07:08
1642496828259424000,287.0,1,287.0,13,287.5,25,2,2022-01-18 09:07:08
1642496828293344000,287.0,13,286.5,86,287.5,25,2,2022-01-18 09:07:08
1642496828459625000,286.5,1,286.5,85,287.5,26,2,2022-01-18 09:07:08
1642496829748010000,287.0,2,287.0,1,287.5,26,1,2022-01-18 09:07:09
1642496829841182000,287.5,1,287.0,1,287.5,25,1,2022-01-18 09:07:09
1642496829991435000,287.0,1,286.5,85,287.0,1,2,2022-01-18 09:07:09
1642496830738783000,286.5,4,286.5,89,287.0,1,2,2022-01-18 09:07:10
1642496831337182000,286.5,41,286.5,48,287.5,25,2,2022-01-18 09:07:11
1642496832714841000,287.0,1,286.5,8,287.5,25,1,2022-01-18 09:07:12
1642496834269729000,287.0,1,286.5,8,287.5,25,2,2022-01-18 09:07:14
1642496835856491000,286.5,1,286.5,8,287.0,11,2,2022-01-18 09:07:15
1642496836031249000,287.0,1,286.5,8,287.0,10,1,2022-01-18 09:07:16
1642496837575180000,287.0,2,286.5,9,287.0,10,1,2022-01-18 09:07:17
1642496838376540000,287.0,1,286.5,11,287.0,9,1,2022-01-18 09:07:18
1642496838403965000,287.0,2,286.5,11,287.0,7,1,2022-01-18 09:07:18
1642496838455095000,287.0,3,286.5,11,287.0,4,1,2022-01-18 09:07:18
1642496838791288000,287.0,1,286.5,11,287.0,4,1,2022-01-18 09:07:18
1642496840270656000,287.0,1,286.5,11,287.0,3,1,2022-01-18 09:07:20
1642496841337213000,287.0,2,286.5,11,287.0,1,1,2022-01-18 09:07:21
1642496841470000000,287.0,1,286.5,11,287.5,26,1,2022-01-18 09:07:21
1642496843382980000,287.0,1,286.5,12,287.5,27,1,2022-01-18 09:07:23
1642496846560248000,287.0,1,287.0,2,287.5,18,2,2022-01-18 09:07:26
1642496847592980000,287.5,1,287.0,4,287.5,19,1,2022-01-18 09:07:27
1642496847799743000,287.0,3,287.0,1,287.5,19,2,2022-01-18 09:07:27
1642496848014717000,287.0,1,286.5,15,287.0,9,2,2022-01-18 09:07:28
1642496848269807000,287.0,1,286.5,15,287.0,8,1,2022-01-18 09:07:28
1642496848352488000,287.0,1,286.5,15,287.0,7,1,2022-01-18 09:07:28
1642496848551928000,287.0,1,286.5,15,287.0,6,1,2022-01-18 09:07:28
1642496851592188000,287.0,1,286.5,15,287.0,7,1,2022-01-18 09:07:31
1642496851944151000,287.0,1,286.5,15,287.0,6,1,2022-01-18 09:07:31
1642496855212191000,287.0,2,286.5,16,287.0,4,1,2022-01-18 09:07:35
1642496857102789000,287.0,1,286.5,16,287.0,3,1,2022-01-18 09:07:37
1642496858058415000,287.0,1,286.5,16,287.0,5,1,2022-01-18 09:07:38
1642496858696197000,287.0,2,286.5,16,287.0,3,1,2022-01-18 09:07:38
1642496858853702000,287.0,1,286.5,16,287.0,2,1,2022-01-18 09:07:38
1642496860524200000,287.0,1,286.5,16,287.0,1,1,2022-01-18 09:07:40
1642496860692210000,287.0,1,286.5,16,287.5,56,1,2022-01-18 09:07:40
1642496861966341000,287.5,1,286.5,16,287.5,54,1,2022-01-18 09:07:41
1642496869096629000,287.0,1,287.0,5,287.5,45,2,2022-01-18 09:07:49
1642496869695167000,287.5,1,287.0,5,287.5,44,1,2022-01-18 09:07:49
1642496871388207000,287.0,1,287.0,7,287.5,44,2,2022-01-18 09:07:51
1642496875198014000,287.5,5,287.0,13,287.5,40,1,2022-01-18 09:07:55
1642496876401608000,287.0,1,287.0,13,287.5,40,2,2022-01-18 09:07:56
1642496878793780000,287.5,1,287.0,14,287.5,46,1,2022-01-18 09:07:58
1642496878995032000,287.0,1,287.0,13,287.5,46,2,2022-01-18 09:07:58
1642496879807985000,287.0,1,287.0,12,287.5,46,2,2022-01-18 09:07:59
1642496884229913000,287.5,1,287.0,12,287.5,46,1,2022-01-18 09:08:04
1642496887553479000,287.0,1,287.0,12,287.5,55,2,2022-01-18 09:08:07
1642496888553714000,287.0,10,287.0,3,287.5,56,2,2022-01-18 09:08:08
1642496888583766000,287.0,3,286.5,23,287.5,56,2,2022-01-18 09:08:08
1642496888742116000,287.0,1,286.5,23,287.0,9,1,2022-01-18 09:08:08
1642496889921629000,287.0,1,286.5,23,287.0,8,1,2022-01-18 09:08:09
1642496890360456000,286.5,3,286.5,20,287.0,8,2,2022-01-18 09:08:10
1642496890419731000,286.5,4,286.5,16,287.0,8,2,2022-01-18 09:08:10
1642496890455812000,286.5,1,286.5,15,287.0,8,2,2022-01-18 09:08:10
1642496891087537000,286.5,15,286.0,36,287.0,8,2,2022-01-18 09:08:11
1642496891087537000,286.0,85,286.0,36,287.0,8,2,2022-01-18 09:08:11
1642496896149249000,286.0,1,286.0,28,286.5,3,2,2022-01-18 09:08:16
1642496896349923000,286.0,2,286.0,26,286.5,3,2,2022-01-18 09:08:16
1642496898119753000,286.5,1,286.0,27,286.5,2,1,2022-01-18 09:08:18
1642496898584767000,286.0,1,286.0,25,286.5,2,2,2022-01-18 09:08:18
1642496899648854000,286.0,2,286.0,22,286.5,2,2,2022-01-18 09:08:19
1642496902223351000,286.5,1,286.0,27,286.5,1,1,2022-01-18 09:08:22
1642496906123493000,286.5,1,286.0,27,286.5,11,1,2022-01-18 09:08:26
1642496906406952000,286.0,1,286.0,26,286.5,11,2,2022-01-18 09:08:26
1642496907622785000,286.0,1,286.0,25,286.5,12,2,2022-01-18 09:08:27
1642496908497130000,286.0,1,286.0,24,286.5,12,2,2022-01-18 09:08:28
1642496908734904000,286.0,1,286.0,23,286.5,12,2,2022-01-18 09:08:28
1642496908755763000,286.0,16,286.0,7,286.5,12,2,2022-01-18 09:08:28
1642496909530350000,286.0,1,286.0,6,286.5,18,2,2022-01-18 09:08:29
1642496909552220000,286.0,6,285.5,72,286.5,18,2,2022-01-18 09:08:29
1642496909717130000,285.5,72,285.0,64,286.5,22,2,2022-01-18 09:08:29
1642496909717130000,285.0,28,285.0,64,286.5,22,2,2022-01-18 09:08:29
1642496909848493000,286.5,1,285.0,64,286.5,20,1,2022-01-18 09:08:29
1642496910206409000,286.0,2,285.0,64,286.0,3,1,2022-01-18 09:08:30
1642496910994495000,286.0,1,285.0,64,286.0,3,1,2022-01-18 09:08:30
1642496911464532000,285.0,1,285.0,63,286.0,3,2,2022-01-18 09:08:31
1642496914230268000,286.0,1,285.0,62,286.0,7,1,2022-01-18 09:08:34
1642496915498099000,286.0,1,285.0,62,286.0,9,1,2022-01-18 09:08:35
1642496916588158000,285.0,1,285.0,61,286.0,11,2,2022-01-18 09:08:36
1642496917194206000,285.0,61,284.5,1,286.0,11,2,2022-01-18 09:08:37
1642496917194206000,284.5,39,284.5,1,286.0,11,2,2022-01-18 09:08:37
1642496917450491000,285.0,1,284.5,1,286.0,11,2,2022-01-18 09:08:37
1642496918626461000,284.5,1,284.0,82,286.0,11,2,2022-01-18 09:08:38
1642496919053624000,284.5,1,284.5,1,285.5,4,2,2022-01-18 09:08:39
1642496919248417000,284.5,1,284.0,82,285.0,1,2,2022-01-18 09:08:39
1642496919878316000,284.5,1,284.0,81,285.0,1,2,2022-01-18 09:08:39
1642496919878316000,284.0,1,284.0,81,285.0,1,2,2022-01-18 09:08:39
1642496920639962000,285.0,1,284.0,81,285.5,7,1,2022-01-18 09:08:40
1642496920859640000,285.5,2,284.0,80,285.5,5,1,2022-01-18 09:08:40
1642496922527786000,284.0,3,284.0,77,284.5,2,2,2022-01-18 09:08:42
1642496923200602000,284.5,1,284.0,75,284.5,1,1,2022-01-18 09:08:43
1642496924304108000,284.0,1,284.0,73,284.5,1,2,2022-01-18 09:08:44
1642496926635386000,284.0,1,284.0,72,285.0,6,2,2022-01-18 09:08:46
1642496926709986000,284.0,1,284.0,71,285.0,6,2,2022-01-18 09:08:46
1642496927503918000,285.0,1,284.5,3,285.0,5,1,2022-01-18 09:08:47
1642496927543065000,284.5,3,284.0,71,284.5,1,2,2022-01-18 09:08:47
1642496927570709000,284.5,1,284.0,71,285.0,5,1,2022-01-18 09:08:47
1642496929362358000,284.5,1,284.5,2,285.0,2,2,2022-01-18 09:08:49
1642496931531370000,284.5,1,284.5,2,285.0,4,2,2022-01-18 09:08:51
1642496931748086000,284.5,1,284.5,1,285.0,4,2,2022-01-18 09:08:51
1642496934193172000,284.5,5,284.0,27,285.0,10,2,2022-01-18 09:08:54
1642496934193172000,284.0,45,284.0,27,285.0,10,2,2022-01-18 09:08:54
1642496934239595000,284.0,10,284.0,17,285.0,10,2,2022-01-18 09:08:54
1642496934241116000,284.0,10,284.0,7,285.0,10,2,2022-01-18 09:08:54
1642496934241839000,284.0,7,283.5,62,284.0,3,2,2022-01-18 09:08:54
1642496935415338000,284.0,1,283.5,62,284.0,2,1,2022-01-18 09:08:55
1642496936570274000,284.0,1,283.5,62,284.0,21,1,2022-01-18 09:08:56
1642496937350641000,284.0,5,283.5,62,284.0,16,1,2022-01-18 09:08:57
1642496937551426000,284.0,1,283.5,62,284.0,15,1,2022-01-18 09:08:57
1642496938304103000,283.5,1,283.5,62,284.0,15,2,2022-01-18 09:08:58
1642496938402379000,283.5,1,283.5,61,284.0,15,2,2022-01-18 09:08:58
1642496938475143000,283.5,1,283.5,60,284.0,15,2,2022-01-18 09:08:58
1642496938781156000,284.0,1,283.5,60,284.0,14,1,2022-01-18 09:08:58
1642496939161283000,283.5,1,283.5,59,284.0,14,2,2022-01-18 09:08:59
1642496939204053000,283.5,1,283.5,58,284.0,14,2,2022-01-18 09:08:59
1642496939948096000,284.0,5,283.5,58,284.0,10,1,2022-01-18 09:08:59
1642496939988981000,283.5,1,283.5,57,284.0,10,2,2022-01-18 09:08:59
1642496940062561000,283.5,1,283.5,56,284.0,12,2,2022-01-18 09:09:00
1642496940156459000,284.0,4,283.5,56,284.0,8,1,2022-01-18 09:09:00
1642496940456667000,283.5,1,283.5,54,284.0,8,2,2022-01-18 09:09:00
1642496940973570000,283.5,1,283.5,54,284.0,8,2,2022-01-18 09:09:00
1642496941478316000,284.0,1,283.5,51,284.0,7,1,2022-01-18 09:09:01
1642496942471707000,284.0,1,283.5,46,284.0,7,1,2022-01-18 09:09:02
1642496942620073000,283.5,1,283.5,46,284.0,7,2,2022-01-18 09:09:02
1642496942709923000,284.0,1,283.5,46,284.0,6,1,2022-01-18 09:09:02
1642496943166286000,284.0,1,283.5,46,284.0,5,1,2022-01-18 09:09:03
1642496944729425000,283.5,5,283.5,41,284.0,5,2,2022-01-18 09:09:04
1642496944779022000,283.5,1,283.5,40,284.0,5,2,2022-01-18 09:09:04
1642496945632211000,284.0,2,283.5,40,284.0,3,1,2022-01-18 09:09:05
1642496945680731000,283.5,1,283.5,39,284.0,3,2,2022-01-18 09:09:05
1642496946538658000,283.5,2,283.5,42,284.0,3,2,2022-01-18 09:09:06
1642496947496706000,283.5,1,283.5,41,284.0,3,2,2022-01-18 09:09:07
1642496947566576000,283.5,1,283.5,40,284.0,3,2,2022-01-18 09:09:07
1642496948085193000,283.5,41,283.0,24,283.5,9,2,2022-01-18 09:09:08
1642496948587879000,283.5,1,283.0,24,283.5,14,1,2022-01-18 09:09:08
1642496948591629000,283.0,24,282.5,21,283.5,14,2,2022-01-18 09:09:08
1642496948722661000,282.5,2,282.5,19,283.5,14,2,2022-01-18 09:09:08
1642496948756152000,282.5,17,282.5,2,283.5,14,2,2022-01-18 09:09:08
1642496948787482000,282.5,1,282.5,1,283.5,14,2,2022-01-18 09:09:08
1642496949456530000,282.5,1,282.0,11,282.5,4,2,2022-01-18 09:09:09
1642496949632178000,282.5,1,282.0,11,282.5,3,1,2022-01-18 09:09:09
1642496949805891000,282.5,1,282.0,11,282.5,2,1,2022-01-18 09:09:09
1642496949940617000,282.5,1,282.0,11,282.5,1,1,2022-01-18 09:09:09
1642496950133728000,282.0,5,282.0,6,282.5,6,2,2022-01-18 09:09:10
1642496950265746000,282.0,5,282.0,1,282.5,6,2,2022-01-18 09:09:10
1642496950396417000,282.0,1,281.5,8,282.5,6,2,2022-01-18 09:09:10
1642496951255952000,281.5,2,281.5,8,282.5,6,2,2022-01-18 09:09:11
1642496951386215000,281.5,1,281.5,7,282.5,6,2,2022-01-18 09:09:11
1642496951913522000,282.0,1,281.5,7,282.5,6,2,2022-01-18 09:09:11
1642496952170677000,282.5,1,281.5,7,283.0,6,1,2022-01-18 09:09:12
1642496952176688000,283.0,1,281.5,7,283.0,5,1,2022-01-18 09:09:12
1642496953112176000,282.5,2,282.0,1,282.5,2,1,2022-01-18 09:09:13
1642496953235581000,282.0,1,282.0,2,282.5,2,2,2022-01-18 09:09:13
1642496953761250000,282.0,1,282.0,1,282.5,2,2,2022-01-18 09:09:13
1642496953931040000,282.0,3,281.5,5,282.5,2,2,2022-01-18 09:09:13
1642496953931040000,281.5,1,281.5,5,282.5,2,2,2022-01-18 09:09:13
1642496953934262000,282.5,2,281.5,5,283.0,4,1,2022-01-18 09:09:13
1642496954144055000,281.5,1,281.5,4,283.0,2,2,2022-01-18 09:09:14
1642496954155266000,283.0,1,281.5,4,283.0,1,1,2022-01-18 09:09:14
1642496954270903000,282.5,1,281.5,3,283.5,23,1,2022-01-18 09:09:14
1642496954270903000,283.0,3,281.5,3,283.5,23,1,2022-01-18 09:09:14
1642496954501603000,282.0,1,282.0,1,283.0,2,2,2022-01-18 09:09:14
1642496954532555000,282.0,1,282.0,1,283.0,4,2,2022-01-18 09:09:14
1642496954613785000,282.0,1,281.5,3,283.0,4,2,2022-01-18 09:09:14
1642496954926274000,282.0,1,282.0,10,283.0,4,2,2022-01-18 09:09:14
1642496954975688000,282.0,1,282.0,10,283.0,2,2,2022-01-18 09:09:14
1642496955586824000,282.5,1,282.0,10,283.0,2,1,2022-01-18 09:09:15
1642496956620816000,283.0,3,282.5,2,283.5,15,1,2022-01-18 09:09:16
1642496956620816000,283.5,7,282.5,2,283.5,15,1,2022-01-18 09:09:16
1642496956992851000,282.5,1,282.5,2,283.5,15,2,2022-01-18 09:09:16
1642496957276975000,283.5,10,282.5,2,283.5,5,1,2022-01-18 09:09:17
1642496957745743000,282.5,1,282.5,3,283.5,5,2,2022-01-18 09:09:17
1642496958095300000,282.5,2,282.5,1,283.5,5,2,2022-01-18 09:09:18
1642496958356216000,283.0,1,282.0,12,283.5,5,1,2022-01-18 09:09:18
1642496958419231000,282.5,1,282.0,12,283.5,5,1,2022-01-18 09:09:18
1642496959081204000,282.0,1,282.0,11,283.0,1,2,2022-01-18 09:09:19
1642496959751725000,282.5,1,282.0,11,283.0,1,1,2022-01-18 09:09:19
1642496961147584000,282.0,1,282.0,11,283.0,4,2,2022-01-18 09:09:21
1642496961488793000,282.0,1,282.0,10,283.0,4,2,2022-01-18 09:09:21
1642496961670662000,282.5,1,282.0,10,283.0,4,1,2022-01-18 09:09:21
1642496962783507000,282.5,1,282.0,11,283.0,5,2,2022-01-18 09:09:22
1642496962895944000,282.5,1,282.0,11,282.5,1,1,2022-01-18 09:09:22
1642496962921618000,282.0,6,282.0,5,282.5,1,2,2022-01-18 09:09:22
1642496963152702000,282.5,1,283.5,37,284.0,2,1,2022-01-18 09:09:23
1642496963152702000,283.0,5,283.5,37,284.0,2,1,2022-01-18 09:09:23
1642496963152702000,283.5,7,283.5,37,284.0,2,1,2022-01-18 09:09:23
1642496963265491000,283.5,1,283.5,36,284.0,2,2,2022-01-18 09:09:23
1642496963385345000,283.5,10,283.5,26,284.0,2,2,2022-01-18 09:09:23
1642496963426707000,283.5,1,283.5,25,284.0,2,2,2022-01-18 09:09:23
1642496963963392000,282.5,1,282.5,1,283.5,2,2,2022-01-18 09:09:23
1642496964347341000,283.5,2,283.5,48,284.0,2,1,2022-01-18 09:09:24
1642496964408065000,283.5,1,283.5,47,284.0,2,2,2022-01-18 09:09:24
1642496964474479000,283.5,1,283.5,46,284.0,2,2,2022-01-18 09:09:24
1642496964839554000,283.0,1,282.5,1,284.0,4,1,2022-01-18 09:09:24
1642496965493262000,283.5,4,283.5,6,284.0,2,1,2022-01-18 09:09:25
1642496965613156000,283.5,1,283.5,55,284.0,2,2,2022-01-18 09:09:25
1642496965771581000,283.5,1,283.5,54,284.0,4,2,2022-01-18 09:09:25
1642496966898839000,283.5,4,282.5,3,284.0,4,2,2022-01-18 09:09:26
1642496968066686000,282.5,1,282.5,5,283.5,4,2,2022-01-18 09:09:28
1642496968527924000,283.5,1,282.5,5,283.5,4,1,2022-01-18 09:09:28
1642496968550402000,282.5,1,282.5,4,283.5,4,2,2022-01-18 09:09:28
1642496968687737000,282.5,1,282.5,4,283.5,4,2,2022-01-18 09:09:28
1642496968891251000,283.5,1,282.5,4,283.5,3,1,2022-01-18 09:09:28
1642496969348359000,283.0,1,282.5,4,283.0,1,1,2022-01-18 09:09:29
1642496969386421000,283.0,1,282.5,5,283.5,3,1,2022-01-18 09:09:29
1642496969518884000,283.5,1,282.5,5,283.5,2,1,2022-01-18 09:09:29
1642496971271251000,283.5,1,283.0,1,283.5,1,1,2022-01-18 09:09:31
1642496974552807000,283.5,1,283.0,3,283.5,8,1,2022-01-18 09:09:34
1642496975228038000,283.0,1,283.0,2,283.5,8,2,2022-01-18 09:09:35
1642496975541851000,283.0,1,283.0,4,283.5,8,2,2022-01-18 09:09:35
1642496978952877000,283.5,1,283.0,6,283.5,7,1,2022-01-18 09:09:38
1642496978956630000,283.0,1,283.0,5,283.5,7,2,2022-01-18 09:09:38
1642496978986620000,283.0,5,282.5,11,283.5,7,2,2022-01-18 09:09:38
1642496979698273000,283.5,1,282.5,12,283.5,6,1,2022-01-18 09:09:39
1642496981059511000,283.0,1,283.0,10,283.5,8,2,2022-01-18 09:09:41
1642496982054359000,283.0,1,283.0,9,283.5,9,2,2022-01-18 09:09:42
1642496982499580000,283.5,1,283.0,9,283.5,8,1,2022-01-18 09:09:42
1642496984028517000,283.5,2,283.0,10,283.5,7,1,2022-01-18 09:09:44
1642496984928689000,283.5,5,283.0,12,283.5,2,1,2022-01-18 09:09:44
1642496984961421000,283.5,2,283.0,12,284.0,5,1,2022-01-18 09:09:44
1642496985276968000,284.0,1,283.0,13,284.0,4,1,2022-01-18 09:09:45
1642496985327905000,283.0,1,283.0,12,284.0,4,2,2022-01-18 09:09:45
1642496985391198000,284.0,1,283.0,12,284.0,3,1,2022-01-18 09:09:45
1642496985531811000,283.5,1,283.0,12,284.0,3,2,2022-01-18 09:09:45
1642496986471883000,283.5,1,283.0,13,284.0,3,2,2022-01-18 09:09:46
1642496988102233000,283.0,1,283.0,12,283.5,6,2,2022-01-18 09:09:48
1642496989637950000,283.0,1,283.0,11,283.5,7,2,2022-01-18 09:09:49
1642496990174084000,283.5,1,283.0,15,283.5,6,1,2022-01-18 09:09:50
1642496991259586000,283.5,5,283.0,15,283.5,2,1,2022-01-18 09:09:51
1642496991373389000,283.5,1,283.0,15,283.5,1,1,2022-01-18 09:09:51
1642496991403727000,283.5,1,283.0,15,284.0,2,1,2022-01-18 09:09:51
1642496991443106000,283.0,1,283.0,14,284.0,2,2,2022-01-18 09:09:51
1642496991608400000,283.5,1,283.5,9,284.0,2,2,2022-01-18 09:09:51
1642496991957728000,283.0,6,283.0,9,284.0,2,2,2022-01-18 09:09:51
1642496992028059000,284.0,1,283.0,9,284.0,2,1,2022-01-18 09:09:52
1642496993740518000,283.5,2,283.5,2,284.0,2,2,2022-01-18 09:09:53
1642496996935485000,284.0,1,283.5,6,284.0,8,1,2022-01-18 09:09:56
1642496997081701000,283.5,6,283.0,18,283.5,12,2,2022-01-18 09:09:57
1642496997421842000,283.5,1,283.0,18,283.5,11,1,2022-01-18 09:09:57
1642496999322606000,283.5,11,283.5,39,284.0,8,1,2022-01-18 09:09:59
1642497000036530000,283.5,1,283.0,18,284.0,8,2,2022-01-18 09:10:00
1642497004054785000,283.5,2,283.5,7,284.0,9,2,2022-01-18 09:10:04
1642497007222706000,283.5,1,283.5,12,284.0,13,2,2022-01-18 09:10:07
1642497007275815000,283.5,3,283.5,9,284.0,13,2,2022-01-18 09:10:07
1642497010208556000,284.0,1,283.5,12,284.0,12,1,2022-01-18 09:10:10
1642497010382076000,284.0,1,283.5,12,284.0,11,1,2022-01-18 09:10:10
1642497011384678000,283.5,1,283.5,21,284.0,11,2,2022-01-18 09:10:11
1642497012611423000,283.5,1,283.5,20,284.0,12,2,2022-01-18 09:10:12
1642497013112574000,283.5,2,283.5,18,284.0,12,2,2022-01-18 09:10:13
1642497013411081000,283.5,1,283.5,17,284.0,12,2,2022-01-18 09:10:13
1642497016659222000,283.5,1,283.5,18,284.0,13,2,2022-01-18 09:10:16
1642497018471698000,284.0,1,283.5,19,284.0,13,1,2022-01-18 09:10:18
1642497019303856000,284.0,1,283.5,21,284.0,12,1,2022-01-18 09:10:19
1642497022027394000,283.5,1,283.5,18,284.0,12,2,2022-01-18 09:10:22
1642497022888020000,283.5,1,283.5,18,284.0,12,2,2022-01-18 09:10:22
1642497023048284000,283.5,1,283.5,17,284.0,12,2,2022-01-18 09:10:23
1642497026367537000,284.0,2,283.5,17,284.0,12,1,2022-01-18 09:10:26
1642497026376355000,284.0,1,283.5,17,284.0,11,1,2022-01-18 09:10:26
1642497027698681000,283.5,1,283.5,18,284.0,11,2,2022-01-18 09:10:27
1642497033446869000,284.0,1,283.5,27,284.0,15,1,2022-01-18 09:10:33
1642497036277232000,284.0,1,283.5,33,284.0,14,1,2022-01-18 09:10:36
1642497036485532000,284.0,10,283.5,33,284.0,4,1,2022-01-18 09:10:36
1642497036511789000,284.0,4,283.5,33,284.5,20,1,2022-01-18 09:10:36
1642497037908454000,284.5,10,284.0,1,284.5,21,1,2022-01-18 09:10:37
1642497038753950000,284.5,1,284.0,2,284.5,20,1,2022-01-18 09:10:38
1642497039895787000,284.0,1,284.0,1,284.5,20,2,2022-01-18 09:10:39
1642497041175483000,284.5,1,284.0,5,284.5,19,1,2022-01-18 09:10:41
1642497042180223000,284.5,1,284.0,8,284.5,18,1,2022-01-18 09:10:42
1642497043230649000,284.0,7,283.5,37,284.0,15,2,2022-01-18 09:10:43
1642497043747977000,284.0,1,283.5,37,284.0,14,1,2022-01-18 09:10:43
1642497044250149000,284.0,1,283.5,37,284.0,13,1,2022-01-18 09:10:44
1642497044371426000,284.0,3,283.5,37,284.0,10,1,2022-01-18 09:10:44
1642497044716608000,284.0,1,283.5,37,284.0,9,1,2022-01-18 09:10:44
1642497045092210000,284.0,1,283.5,39,284.0,9,1,2022-01-18 09:10:45
1642497046438089000,283.5,4,283.5,35,284.0,12,2,2022-01-18 09:10:46
1642497046498622000,284.0,1,283.5,35,284.0,11,1,2022-01-18 09:10:46
1642497046742997000,284.0,4,283.5,35,284.0,7,1,2022-01-18 09:10:46
1642497046957677000,284.0,1,283.5,35,284.0,3,1,2022-01-18 09:10:46
1642497047283746000,284.0,1,283.5,36,284.0,2,1,2022-01-18 09:10:47
1642497047316624000,284.0,1,283.5,36,284.0,1,1,2022-01-18 09:10:47
1642497048697932000,284.0,1,283.5,36,284.5,19,1,2022-01-18 09:10:48
1642497050145393000,284.0,1,284.0,1,284.5,19,2,2022-01-18 09:10:50
1642497053718245000,284.0,1,284.0,3,284.5,19,2,2022-01-18 09:10:53
1642497053739781000,284.0,3,283.5,36,284.5,19,2,2022-01-18 09:10:53
1642497054993969000,284.0,1,284.0,1,284.5,19,2,2022-01-18 09:10:54
1642497054994247000,284.5,2,284.0,1,284.5,17,1,2022-01-18 09:10:54
1642497055273982000,284.0,1,283.5,37,284.5,17,2,2022-01-18 09:10:55
1642497056378567000,284.0,1,283.5,37,284.5,16,1,2022-01-18 09:10:56
1642497056378567000,284.5,1,283.5,37,284.5,16,1,2022-01-18 09:10:56
1642497057953659000,284.0,2,283.5,37,284.0,1,1,2022-01-18 09:10:57
1642497058373810000,284.0,1,283.5,37,284.5,16,1,2022-01-18 09:10:58
1642497059356327000,284.0,1,283.5,37,284.5,15,1,2022-01-18 09:10:59
1642497059356327000,284.5,1,283.5,37,284.5,15,1,2022-01-18 09:10:59
1642497060668826000,284.0,1,284.0,2,284.5,15,2,2022-01-18 09:11:00
1642497060956039000,284.0,1,284.0,1,284.5,15,2,2022-01-18 09:11:00
1642497060969826000,284.5,2,284.0,1,284.5,13,1,2022-01-18 09:11:00
1642497062352984000,284.5,1,284.0,5,284.5,12,1,2022-01-18 09:11:02
1642497063238023000,284.5,1,284.0,7,284.5,11,1,2022-01-18 09:11:03
1642497063554128000,284.5,2,284.0,7,284.5,9,1,2022-01-18 09:11:03
1642497065217670000,284.5,10,284.0,8,285.0,48,1,2022-01-18 09:11:05
1642497065264563000,285.0,2,284.0,8,285.0,46,1,2022-01-18 09:11:05
1642497065900577000,284.5,1,284.0,8,285.0,46,1,2022-01-18 09:11:05
1642497066790271000,285.0,2,284.0,11,285.0,44,1,2022-01-18 09:11:06
1642497069353161000,285.0,2,284.5,1,285.0,42,1,2022-01-18 09:11:09
1642497069756559000,285.0,1,284.5,1,285.0,41,1,2022-01-18 09:11:09
1642497071172679000,285.0,2,284.5,1,285.0,39,1,2022-01-18 09:11:11
1642497072759663000,284.5,1,284.5,6,285.0,40,2,2022-01-18 09:11:12
1642497073099731000,285.0,2,284.5,9,285.0,38,1,2022-01-18 09:11:13
1642497074125009000,285.0,1,284.5,10,285.0,37,1,2022-01-18 09:11:14
1642497075060658000,285.0,6,284.5,10,285.0,31,1,2022-01-18 09:11:15
1642497075363985000,285.0,1,284.5,10,285.0,30,1,2022-01-18 09:11:15
1642497075393657000,285.0,1,284.5,10,285.0,29,1,2022-01-18 09:11:15
1642497075512364000,285.0,2,284.5,10,285.0,27,1,2022-01-18 09:11:15
1642497075537070000,285.0,2,284.5,10,285.0,25,1,2022-01-18 09:11:15
1642497076573712000,285.0,5,284.5,10,285.0,20,1,2022-01-18 09:11:16
1642497076606889000,285.0,4,284.5,10,285.0,16,1,2022-01-18 09:11:16
1642497076694684000,285.0,5,284.5,10,285.0,11,1,2022-01-18 09:11:16
1642497076717368000,285.0,6,284.5,10,285.0,5,1,2022-01-18 09:11:16
1642497076739476000,285.0,5,284.5,10,285.5,28,1,2022-01-18 09:11:16
1642497077133500000,285.5,2,285.0,5,285.5,27,1,2022-01-18 09:11:17
1642497078979576000,285.5,2,285.0,6,285.5,25,1,2022-01-18 09:11:18
1642497079665974000,285.0,8,284.5,11,285.0,2,2,2022-01-18 09:11:19
1642497080206291000,285.0,1,284.5,9,285.0,1,1,2022-01-18 09:11:20
1642497080373155000,285.0,1,284.5,9,285.5,24,1,2022-01-18 09:11:20
1642497080373155000,285.5,1,284.5,9,285.5,24,1,2022-01-18 09:11:20
1642497082120632000,285.0,1,285.0,2,285.5,34,2,2022-01-18 09:11:22
1642497082120761000,285.5,2,285.0,2,285.5,32,1,2022-01-18 09:11:22
1642497082529171000,285.0,1,285.0,1,285.5,32,2,2022-01-18 09:11:22
1642497083583489000,285.0,2,284.5,9,285.5,34,2,2022-01-18 09:11:23
1642497084116416000,285.5,1,284.5,9,285.5,28,1,2022-01-18 09:11:24
1642497084679004000,285.5,1,284.5,10,285.5,27,1,2022-01-18 09:11:24
1642497084847938000,284.5,4,284.5,6,285.0,15,2,2022-01-18 09:11:24
1642497084881976000,284.5,1,284.5,5,285.0,15,2,2022-01-18 09:11:24
1642497084943156000,285.0,2,284.5,5,285.0,13,1,2022-01-18 09:11:24
1642497084956751000,285.0,1,284.5,5,285.0,12,1,2022-01-18 09:11:24
1642497085044510000,284.5,5,284.0,25,285.0,22,2,2022-01-18 09:11:25
1642497086050337000,284.5,1,284.0,25,284.5,5,1,2022-01-18 09:11:26
1642497086828349000,284.0,10,284.0,15,284.5,5,2,2022-01-18 09:11:26
1642497086855910000,284.0,1,284.0,14,284.5,5,2,2022-01-18 09:11:26
1642497086884241000,284.5,1,284.0,14,284.5,4,1,2022-01-18 09:11:26
1642497087104614000,284.5,2,284.0,14,284.5,2,1,2022-01-18 09:11:27
1642497087218822000,284.5,1,284.0,14,284.5,1,1,2022-01-18 09:11:27
1642497088160761000,284.5,2,284.0,14,285.0,26,1,2022-01-18 09:11:28
1642497088463366000,284.5,2,284.0,15,285.0,24,2,2022-01-18 09:11:28
1642497089112227000,285.0,2,284.0,15,285.0,23,1,2022-01-18 09:11:29
1642497090193902000,285.0,2,284.5,1,285.0,22,1,2022-01-18 09:11:30
1642497091793158000,285.0,2,284.5,2,285.0,19,1,2022-01-18 09:11:31
1642497092385321000,285.0,1,284.5,2,285.0,18,1,2022-01-18 09:11:32
1642497092938753000,285.0,2,284.5,2,285.0,16,1,2022-01-18 09:11:32
1642497094080805000,285.0,2,284.5,3,285.0,15,1,2022-01-18 09:11:34
1642497094321454000,285.0,2,284.5,5,285.0,13,1,2022-01-18 09:11:34
1642497094370958000,284.5,1,284.5,4,285.0,13,2,2022-01-18 09:11:34
1642497096132474000,284.5,1,284.5,3,285.0,13,2,2022-01-18 09:11:36
1642497096190566000,285.0,2,284.5,3,285.0,11,1,2022-01-18 09:11:36
1642497097402671000,285.0,2,284.5,3,285.0,9,1,2022-01-18 09:11:37
1642497099782814000,285.0,1,284.5,8,285.0,12,1,2022-01-18 09:11:39
1642497100476717000,285.0,2,284.5,10,285.0,11,1,2022-01-18 09:11:40
1642497100846893000,285.0,1,284.5,10,285.0,12,1,2022-01-18 09:11:40
1642497101161938000,284.5,1,284.5,9,285.0,12,2,2022-01-18 09:11:41
1642497102515211000,285.0,2,284.5,8,285.0,10,1,2022-01-18 09:11:42
1642497103697888000,284.5,1,284.5,8,285.0,10,2,2022-01-18 09:11:43
1642497103935621000,284.5,1,284.5,7,285.0,10,2,2022-01-18 09:11:43
1642497104155577000,284.5,1,284.5,6,285.0,10,2,2022-01-18 09:11:44
1642497104377300000,284.5,1,284.5,6,285.0,12,2,2022-01-18 09:11:44
1642497105670769000,285.0,2,284.5,6,285.0,10,1,2022-01-18 09:11:45
1642497106070567000,284.5,5,284.5,1,285.0,10,2,2022-01-18 09:11:46
1642497106378090000,284.5,1,284.0,17,285.0,10,2,2022-01-18 09:11:46
1642497108322429000,285.0,2,284.0,17,285.0,13,1,2022-01-18 09:11:48
1642497109656096000,284.5,2,284.0,17,285.0,13,2,2022-01-18 09:11:49
1642497117120274000,285.0,2,284.5,3,285.0,15,1,2022-01-18 09:11:57
1642497117201740000,285.0,1,284.5,3,285.0,14,1,2022-01-18 09:11:57
1642497120390561000,285.0,1,284.5,4,285.0,12,1,2022-01-18 09:12:00
1642497121226470000,285.0,3,284.5,4,285.0,9,1,2022-01-18 09:12:01
1642497122516429000,285.0,1,284.5,6,285.0,8,1,2022-01-18 09:12:02
1642497126681366000,285.0,1,284.5,7,285.0,5,1,2022-01-18 09:12:06
1642497127213444000,285.0,2,284.5,7,285.0,3,1,2022-01-18 09:12:07
1642497128588515000,285.0,2,284.5,8,285.0,2,1,2022-01-18 09:12:08
1642497131160563000,284.5,2,284.5,6,285.0,2,2,2022-01-18 09:12:11
1642497131459558000,285.0,1,284.5,6,285.0,1,1,2022-01-18 09:12:11
1642497133976379000,285.0,1,284.5,8,285.5,44,1,2022-01-18 09:12:13
1642497134503709000,285.0,1,285.0,1,285.5,44,2,2022-01-18 09:12:14
1642497144544961000,285.0,1,285.0,3,285.5,45,2,2022-01-18 09:12:24
1642497148129549000,285.0,1,285.0,3,285.5,45,2,2022-01-18 09:12:28
1642497149875402000,285.0,3,284.5,19,285.0,2,2,2022-01-18 09:12:29
1642497150581167000,285.0,1,284.5,19,285.0,2,1,2022-01-18 09:12:30
1642497153080882000,285.0,1,284.5,20,285.0,2,1,2022-01-18 09:12:33
1642497158493589000,285.0,1,284.5,22,285.0,8,1,2022-01-18 09:12:38
1642497159001428000,285.0,1,284.5,22,285.0,8,1,2022-01-18 09:12:39
1642497161141133000,285.0,1,284.5,24,285.0,7,1,2022-01-18 09:12:41
1642497161737797000,285.0,1,284.5,24,285.0,6,1,2022-01-18 09:12:41
1642497164152178000,285.0,1,284.5,25,285.0,8,1,2022-01-18 09:12:44
1642497166535725000,285.0,1,284.5,25,285.0,8,1,2022-01-18 09:12:46
1642497166868853000,284.5,1,284.5,24,285.0,28,2,2022-01-18 09:12:46
1642497168969876000,284.5,1,284.5,23,285.0,28,2,2022-01-18 09:12:48
1642497169794543000,284.5,6,284.5,17,285.0,28,2,2022-01-18 09:12:49
1642497169831756000,284.5,15,284.5,2,285.0,28,2,2022-01-18 09:12:49
1642497169861936000,284.5,2,284.0,30,285.0,28,2,2022-01-18 09:12:49
1642497170590650000,284.5,1,284.0,30,285.0,28,2,2022-01-18 09:12:50
1642497178403253000,284.5,1,284.0,30,284.5,7,1,2022-01-18 09:12:58
1642497179071006000,284.5,2,284.0,30,284.5,5,1,2022-01-18 09:12:59
1642497181909944000,284.5,1,284.0,30,284.5,5,1,2022-01-18 09:13:01
1642497186011383000,284.5,2,284.0,29,284.5,4,1,2022-01-18 09:13:06
1642497187558769000,284.5,2,284.0,29,284.5,2,1,2022-01-18 09:13:07
1642497191248861000,284.5,1,284.0,29,284.5,1,1,2022-01-18 09:13:11
1642497192753904000,284.5,1,284.0,29,285.0,39,1,2022-01-18 09:13:12
1642497200259164000,284.5,1,284.0,29,284.5,1,2,2022-01-18 09:13:20
1642497201262617000,284.5,1,284.0,31,285.0,18,1,2022-01-18 09:13:21
1642497207530979000,284.5,1,284.0,31,285.0,20,2,2022-01-18 09:13:27
1642497209906669000,285.0,1,284.0,31,285.0,29,1,2022-01-18 09:13:29
1642497211537720000,284.5,1,284.0,31,285.0,29,1,2022-01-18 09:13:31
1642497213752292000,285.0,1,284.0,31,285.0,27,1,2022-01-18 09:13:33
1642497217475225000,284.5,1,284.0,32,285.0,27,1,2022-01-18 09:13:37
1642497218852610000,285.0,1,284.0,32,285.0,28,1,2022-01-18 09:13:38
1642497222571414000,285.0,1,284.0,33,285.0,27,1,2022-01-18 09:13:42
1642497224033087000,284.5,1,284.0,33,285.0,27,1,2022-01-18 09:13:44
1642497225447016000,285.0,1,284.0,33,285.0,26,1,2022-01-18 09:13:45
1642497226822565000,285.0,1,284.0,33,285.0,25,1,2022-01-18 09:13:46
1642497228390806000,285.0,1,284.0,34,285.0,24,1,2022-01-18 09:13:48
1642497229561747000,285.0,1,284.0,34,285.0,23,1,2022-01-18 09:13:49
1642497230723592000,285.0,1,284.5,1,285.0,23,1,2022-01-18 09:13:50
1642497231631134000,285.0,1,284.5,1,285.0,22,1,2022-01-18 09:13:51
1642497232516161000,285.0,1,284.5,1,285.0,21,1,2022-01-18 09:13:52
1642497233638437000,285.0,1,284.5,1,285.0,20,1,2022-01-18 09:13:53
1642497235415024000,285.0,1,284.5,1,285.0,19,1,2022-01-18 09:13:55
1642497236097165000,285.0,19,286.0,5,286.5,14,1,2022-01-18 09:13:56
1642497236097165000,285.5,33,286.0,5,286.5,14,1,2022-01-18 09:13:56
1642497236097165000,286.0,63,286.0,5,286.5,14,1,2022-01-18 09:13:56
1642497236712965000,286.0,1,286.0,4,286.5,14,2,2022-01-18 09:13:56
1642497237132101000,286.5,1,286.0,4,286.5,13,1,2022-01-18 09:13:57
1642497237168547000,286.5,13,286.0,4,287.0,27,1,2022-01-18 09:13:57
1642497237312490000,287.0,1,286.0,4,287.0,26,1,2022-01-18 09:13:57
1642497237758133000,287.0,4,286.0,4,287.0,22,1,2022-01-18 09:13:57
1642497237790955000,287.0,20,286.0,4,287.0,2,1,2022-01-18 09:13:57
1642497237806877000,287.0,2,286.0,4,287.5,27,1,2022-01-18 09:13:57
1642497239783444000,287.5,1,287.0,1,287.5,26,1,2022-01-18 09:13:59
1642497240611394000,287.5,16,287.0,100,287.5,10,1,2022-01-18 09:14:00
1642497240840282000,287.5,2,287.0,100,287.5,8,1,2022-01-18 09:14:00
1642497240980241000,287.5,8,287.0,150,288.0,171,1,2022-01-18 09:14:00
1642497242689930000,287.5,1,286.0,4,288.0,172,2,2022-01-18 09:14:02
1642497243137493000,287.5,1,287.5,1,288.0,171,1,2022-01-18 09:14:03
1642497243161255000,288.0,5,287.5,1,288.0,166,1,2022-01-18 09:14:03
1642497243173529000,287.5,1,286.0,4,288.0,166,2,2022-01-18 09:14:03
1642497244027008000,287.5,1,287.0,1,288.0,165,1,2022-01-18 09:14:04
1642497244069233000,288.0,6,287.0,500,288.0,159,1,2022-01-18 09:14:04
1642497244809864000,287.0,1,287.0,998,288.0,159,2,2022-01-18 09:14:04
1642497245126794000,287.5,2,287.5,10,288.0,159,1,2022-01-18 09:14:05
1642497245168035000,287.5,8,287.5,2,288.0,159,2,2022-01-18 09:14:05
1642497245389049000,288.0,2,287.5,2,288.0,157,1,2022-01-18 09:14:05
1642497246502536000,288.0,1,287.5,2,288.0,156,1,2022-01-18 09:14:06
1642497247097508000,288.0,1,287.5,2,288.0,155,1,2022-01-18 09:14:07
1642497247845126000,288.0,3,287.5,3,288.0,154,1,2022-01-18 09:14:07
1642497248245616000,288.0,1,287.5,3,288.0,151,1,2022-01-18 09:14:08
1642497249018340000,288.0,1,287.5,1001,288.0,150,1,2022-01-18 09:14:09
1642497249653820000,288.0,1,287.5,3,288.0,149,1,2022-01-18 09:14:09
1642497249865425000,287.5,1,287.5,2,288.0,149,2,2022-01-18 09:14:09
1642497249892472000,287.5,1,287.5,1,288.0,149,2,2022-01-18 09:14:09
1642497249918133000,288.0,3,287.5,1,288.0,146,1,2022-01-18 09:14:09
1642497249943613000,287.5,1,287.0,2,288.0,146,2,2022-01-18 09:14:09
1642497249997278000,288.0,1,287.0,2,288.0,145,1,2022-01-18 09:14:09
1642497250040054000,288.0,1,287.0,2,288.0,144,1,2022-01-18 09:14:10
1642497250083746000,288.0,1,287.0,3,288.0,143,1,2022-01-18 09:14:10
1642497250499686000,287.5,1,287.0,3,288.0,139,1,2022-01-18 09:14:10
1642497250499686000,288.0,4,287.0,3,288.0,139,1,2022-01-18 09:14:10
1642497250540154000,287.0,3,286.5,2,288.0,139,2,2022-01-18 09:14:10
1642497251234392000,288.0,1,286.5,2,288.0,137,1,2022-01-18 09:14:11
1642497251819220000,287.5,1,286.5,2,288.0,138,2,2022-01-18 09:14:11
1642497252233546000,288.0,1,286.5,2,288.0,137,1,2022-01-18 09:14:12
1642497253619185000,288.0,1,286.5,2,288.0,137,1,2022-01-18 09:14:13
1642497253816231000,288.0,1,287.0,1,288.0,136,1,2022-01-18 09:14:13
1642497253845045000,288.0,1,287.0,1,288.0,135,1,2022-01-18 09:14:13
1642497254128456000,287.5,3,287.0,1,288.0,135,2,2022-01-18 09:14:14
1642497255459527000,287.5,1,287.0,1,288.0,136,1,2022-01-18 09:14:15
1642497255704397000,288.0,1,287.0,1,288.0,135,1,2022-01-18 09:14:15
1642497256604393000,287.0,1,286.5,2,287.5,1,2,2022-01-18 09:14:16
1642497259663961000,287.0,2,287.0,11,287.5,2,2,2022-01-18 09:14:19
1642497260814158000,287.5,1,287.0,11,287.5,2,1,2022-01-18 09:14:20
1642497261640026000,287.5,1,287.0,11,287.5,1,1,2022-01-18 09:14:21
1642497261670013000,287.5,1,287.0,11,288.0,136,1,2022-01-18 09:14:21
1642497264438444000,287.0,1,287.0,12,287.5,8,2,2022-01-18 09:14:24
1642497266177567000,287.0,4,287.0,8,287.5,11,2,2022-01-18 09:14:26
1642497266204133000,287.0,8,286.5,2,287.5,11,2,2022-01-18 09:14:26
1642497266328926000,287.0,2,286.5,2,287.5,13,2,2022-01-18 09:14:26
1642497267363276000,286.5,2,286.0,6,287.0,4,2,2022-01-18 09:14:27
1642497269383203000,286.5,1,286.0,5,286.5,2,1,2022-01-18 09:14:29
1642497269887874000,286.0,1,286.0,5,286.5,2,2,2022-01-18 09:14:29
1642497270215172000,286.5,1,286.0,5,287.0,8,1,2022-01-18 09:14:30
1642497276150926000,286.5,1,286.0,6,286.5,2,1,2022-01-18 09:14:36
1642497284902892000,286.5,1,286.0,7,286.5,1,1,2022-01-18 09:14:44
1642497287958148000,286.5,1,286.0,7,286.5,1,1,2022-01-18 09:14:47
1642497290853741000,286.5,1,286.0,7,287.0,20,1,2022-01-18 09:14:50
1642497291042432000,286.5,1,286.0,7,287.0,20,2,2022-01-18 09:14:51
1642497293004560000,287.0,1,286.0,8,287.0,20,1,2022-01-18 09:14:53
1642497293783384000,286.5,1,286.0,8,287.0,20,2,2022-01-18 09:14:53
1642497294412032000,287.0,1,286.0,8,287.0,18,1,2022-01-18 09:14:54
1642497296012401000,286.0,8,285.5,1,286.0,2,2,2022-01-18 09:14:56
1642497296792569000,286.0,1,285.5,1,286.0,1,1,2022-01-18 09:14:56
1642497300012015000,286.0,1,285.5,1,286.0,9,1,2022-01-18 09:15:00
1642497302282370000,286.0,1,285.5,1,286.0,12,1,2022-01-18 09:15:02
1642497302428682000,286.0,5,285.5,1,286.0,7,1,2022-01-18 09:15:02
1642497304382207000,286.0,1,285.5,1,286.0,6,1,2022-01-18 09:15:04
1642497306087711000,286.0,1,285.5,2,286.0,7,1,2022-01-18 09:15:06
1642497306127697000,286.0,7,285.5,2,286.5,17,1,2022-01-18 09:15:06
1642497306331705000,286.5,1,285.5,2,286.5,16,1,2022-01-18 09:15:06
1642497307859186000,286.5,1,285.5,2,286.5,16,1,2022-01-18 09:15:07
1642497309916411000,286.0,1,285.5,2,286.5,28,2,2022-01-18 09:15:09
1642497311589994000,286.5,1,286.0,7,286.5,27,1,2022-01-18 09:15:11
1642497312383369000,286.5,1,286.0,7,286.5,26,1,2022-01-18 09:15:12
1642497314074183000,286.0,1,286.0,6,286.5,26,2,2022-01-18 09:15:14
1642497318350103000,286.0,2,286.0,6,286.5,26,2,2022-01-18 09:15:18
1642497318701360000,286.5,1,286.0,6,286.5,14,1,2022-01-18 09:15:18
1642497319435124000,286.5,1,286.0,6,286.5,13,1,2022-01-18 09:15:19
1642497319485865000,286.5,13,286.5,7,287.0,40,1,2022-01-18 09:15:19
1642497320581704000,287.0,1,286.5,8,287.0,39,1,2022-01-18 09:15:20
1642497321182011000,287.0,2,286.5,8,287.0,37,1,2022-01-18 09:15:21
1642497322402206000,287.0,1,286.5,9,287.0,36,1,2022-01-18 09:15:22
1642497322474369000,287.0,2,286.5,9,287.0,34,1,2022-01-18 09:15:22
1642497325480388000,287.0,1,286.5,9,287.0,33,1,2022-01-18 09:15:25
1642497325642788000,286.5,1,286.5,8,287.0,33,2,2022-01-18 09:15:25
1642497325890690000,287.0,1,286.5,8,287.0,32,1,2022-01-18 09:15:25
1642497326545936000,287.0,1,286.5,8,287.0,31,1,2022-01-18 09:15:26
1642497326717413000,287.0,1,286.5,8,287.0,30,1,2022-01-18 09:15:26
1642497328023640000,287.0,1,286.5,8,287.0,29,1,2022-01-18 09:15:28
1642497328449165000,287.0,2,286.5,8,287.0,27,1,2022-01-18 09:15:28
1642497328591052000,286.5,1,286.5,7,287.0,27,2,2022-01-18 09:15:28
1642497329343752000,287.0,1,286.5,7,287.0,26,1,2022-01-18 09:15:29
1642497329763216000,287.0,2,286.5,7,287.0,25,1,2022-01-18 09:15:29
1642497329828739000,286.5,3,286.5,4,287.0,25,2,2022-01-18 09:15:29
1642497330066691000,286.5,1,286.5,4,287.0,25,2,2022-01-18 09:15:30
1642497330193381000,287.0,1,286.5,4,287.0,24,1,2022-01-18 09:15:30
1642497332077247000,287.0,6,286.5,14,287.0,18,1,2022-01-18 09:15:32
1642497332098677000,287.0,1,286.5,19,287.0,17,1,2022-01-18 09:15:32
1642497332099370000,287.0,17,286.5,19,287.5,47,1,2022-01-18 09:15:32
1642497338467148000,287.5,1,287.0,7,287.5,43,1,2022-01-18 09:15:38
1642497338809947000,287.5,1,287.0,7,287.5,42,1,2022-01-18 09:15:38
1642497340034767000,287.5,2,287.0,8,287.5,41,1,2022-01-18 09:15:40
1642497340934704000,287.5,2,287.0,8,287.5,39,1,2022-01-18 09:15:40
1642497341876678000,287.5,13,287.0,10,287.5,26,1,2022-01-18 09:15:41
1642497341907442000,287.5,9,287.0,10,287.5,17,1,2022-01-18 09:15:41
1642497342107553000,287.5,2,287.0,10,287.5,15,1,2022-01-18 09:15:42
1642497342142158000,287.5,6,287.0,10,287.5,9,1,2022-01-18 09:15:42
1642497342198690000,287.5,1,287.0,10,287.5,8,1,2022-01-18 09:15:42
1642497342224371000,287.5,4,287.0,10,287.5,4,1,2022-01-18 09:15:42
1642497342225930000,287.5,2,287.0,10,287.5,2,1,2022-01-18 09:15:42
1642497342508147000,287.5,2,287.0,10,288.0,129,1,2022-01-18 09:15:42
1642497343149922000,288.0,2,287.5,1,288.0,127,1,2022-01-18 09:15:43
1642497343601894000,288.0,1,287.5,2,288.0,126,1,2022-01-18 09:15:43
1642497344166676000,288.0,1,287.5,4,288.0,125,1,2022-01-18 09:15:44
1642497344418616000,288.0,5,287.5,5,288.0,120,1,2022-01-18 09:15:44
1642497344776288000,288.0,1,287.5,6,288.0,119,1,2022-01-18 09:15:44
1642497347119301000,288.0,5,287.5,7,288.0,114,1,2022-01-18 09:15:47
1642497348686756000,288.0,1,287.5,28,288.0,116,1,2022-01-18 09:15:48
1642497348930322000,288.0,1,287.5,28,288.0,115,1,2022-01-18 09:15:48
1642497349066959000,288.0,1,287.5,27,288.0,114,1,2022-01-18 09:15:49
1642497349226729000,287.5,1,287.5,26,288.0,114,2,2022-01-18 09:15:49
1642497349247269000,288.0,1,287.5,26,288.0,113,1,2022-01-18 09:15:49
1642497349345437000,288.0,5,287.5,26,288.0,108,1,2022-01-18 09:15:49
1642497350404224000,288.0,5,287.5,26,288.0,101,1,2022-01-18 09:15:50
1642497350521374000,288.0,5,287.5,26,288.0,96,1,2022-01-18 09:15:50
1642497350829898000,288.0,1,287.5,26,288.0,95,1,2022-01-18 09:15:50
1642497351519435000,288.0,5,287.5,26,288.0,90,1,2022-01-18 09:15:51
1642497351643228000,288.0,1,287.5,26,288.0,89,1,2022-01-18 09:15:51
1642497351889940000,288.0,1,287.5,26,288.0,88,1,2022-01-18 09:15:51
1642497352871492000,288.0,1,287.5,41,288.0,87,1,2022-01-18 09:15:52
1642497352878160000,288.0,1,287.5,41,288.0,86,1,2022-01-18 09:15:52
1642497353037553000,288.0,5,287.5,41,288.0,80,1,2022-01-18 09:15:53
1642497353348579000,288.0,1,287.5,41,288.0,79,1,2022-01-18 09:15:53
1642497353520265000,288.0,1,287.5,41,288.0,78,1,2022-01-18 09:15:53
1642497353574935000,288.0,1,287.5,41,288.0,77,1,2022-01-18 09:15:53
1642497354021907000,288.0,3,287.5,41,288.0,73,1,2022-01-18 09:15:54
1642497354044196000,288.0,3,287.5,41,288.0,70,1,2022-01-18 09:15:54
1642497354292865000,288.0,12,287.5,46,288.0,58,1,2022-01-18 09:15:54
1642497354323583000,288.0,18,287.5,46,288.0,40,1,2022-01-18 09:15:54
1642497354354299000,288.0,16,287.5,46,288.0,24,1,2022-01-18 09:15:54
1642497354452818000,288.0,1,287.5,51,288.0,23,1,2022-01-18 09:15:54
1642497354492636000,288.0,2,287.5,51,288.0,21,1,2022-01-18 09:15:54
1642497354628969000,288.0,5,287.5,55,288.0,16,1,2022-01-18 09:15:54
1642497354637555000,288.0,1,287.5,55,288.0,15,1,2022-01-18 09:15:54
1642497354683962000,288.0,15,287.5,55,288.5,18,1,2022-01-18 09:15:54
1642497355234717000,288.0,1,288.0,7,288.5,18,2,2022-01-18 09:15:55
1642497355790187000,288.5,2,288.0,13,288.5,21,1,2022-01-18 09:15:55
1642497355854415000,288.5,1,288.0,13,288.5,20,1,2022-01-18 09:15:55
1642497356038253000,288.0,1,288.0,13,288.5,20,2,2022-01-18 09:15:56
1642497356706321000,288.5,10,288.0,21,288.5,10,1,2022-01-18 09:15:56
1642497356974764000,288.5,1,288.0,21,288.5,9,1,2022-01-18 09:15:56
1642497357416020000,288.5,1,288.0,20,288.5,28,1,2022-01-18 09:15:57
1642497357994427000,288.5,1,288.0,21,288.5,27,1,2022-01-18 09:15:57
1642497358170545000,288.5,1,288.0,21,288.5,26,1,2022-01-18 09:15:58
1642497358378389000,288.5,1,288.0,21,288.5,25,1,2022-01-18 09:15:58
1642497358741203000,288.0,1,288.0,20,288.5,25,2,2022-01-18 09:15:58
1642497359498440000,288.5,2,288.0,21,288.5,23,1,2022-01-18 09:15:59
1642497360136941000,288.5,2,288.0,20,288.5,22,1,2022-01-18 09:16:00
1642497360141279000,288.5,1,288.0,18,288.5,21,1,2022-01-18 09:16:00
1642497360602518000,288.5,2,288.0,18,288.5,19,1,2022-01-18 09:16:00
1642497361101929000,288.5,1,288.0,18,288.5,18,1,2022-01-18 09:16:01
1642497362073055000,288.5,2,288.0,19,288.5,16,1,2022-01-18 09:16:02
1642497363391317000,288.5,4,288.0,20,288.5,13,1,2022-01-18 09:16:03
1642497363533838000,288.5,1,288.0,20,288.5,12,1,2022-01-18 09:16:03
1642497363558116000,288.5,1,288.0,20,288.5,11,1,2022-01-18 09:16:03
1642497363752351000,288.5,1,288.0,20,288.5,10,1,2022-01-18 09:16:03
1642497363881752000,288.5,4,288.0,20,288.5,6,1,2022-01-18 09:16:03
1642497364091697000,288.0,1,288.0,19,288.5,6,2,2022-01-18 09:16:04
1642497365126384000,288.5,1,288.0,20,288.5,6,1,2022-01-18 09:16:05
1642497365142919000,288.5,1,288.0,20,288.5,5,1,2022-01-18 09:16:05
1642497365470742000,288.5,1,288.0,20,288.5,4,1,2022-01-18 09:16:05
1642497365635909000,288.5,1,288.0,20,288.5,3,1,2022-01-18 09:16:05
1642497365756082000,288.5,1,288.0,19,288.5,2,1,2022-01-18 09:16:05
1642497365883905000,288.5,1,288.0,19,288.5,1,1,2022-01-18 09:16:05
1642497366869650000,288.5,2,288.0,20,288.5,2,1,2022-01-18 09:16:06
1642497367085595000,288.5,2,288.0,20,289.0,78,1,2022-01-18 09:16:07
1642497368781397000,288.5,2,288.0,21,288.5,9,1,2022-01-18 09:16:08
1642497368967755000,288.5,2,288.0,21,288.5,9,1,2022-01-18 09:16:08
1642497370522474000,288.0,1,288.0,18,288.5,13,2,2022-01-18 09:16:10
1642497370676381000,288.0,1,288.0,14,288.5,13,2,2022-01-18 09:16:10
1642497370713440000,288.0,1,288.0,13,288.5,13,2,2022-01-18 09:16:10
1642497370947076000,288.0,10,288.0,3,288.5,13,2,2022-01-18 09:16:10
1642497370975273000,288.0,3,287.5,153,288.5,13,2,2022-01-18 09:16:10
1642497371206406000,288.5,1,288.0,1,288.5,14,1,2022-01-18 09:16:11
1642497371418172000,288.5,1,288.0,1,288.5,12,1,2022-01-18 09:16:11
1642497371469934000,288.0,1,287.5,153,288.0,2,2,2022-01-18 09:16:11
1642497371666912000,288.0,1,287.5,153,288.0,5,1,2022-01-18 09:16:11
1642497371696299000,288.0,1,287.5,153,288.0,4,1,2022-01-18 09:16:11
1642497372074010000,288.0,2,287.5,153,288.0,9,1,2022-01-18 09:16:12
1642497372335151000,288.0,1,287.5,153,288.0,12,1,2022-01-18 09:16:12
1642497372470373000,288.0,1,287.5,153,288.0,13,1,2022-01-18 09:16:12
1642497372917025000,287.5,2,287.5,151,288.0,13,2,2022-01-18 09:16:12
1642497373593768000,288.0,1,287.5,3,288.0,15,1,2022-01-18 09:16:13
1642497373867971000,287.5,3,287.0,211,288.0,15,2,2022-01-18 09:16:13
1642497373867971000,287.0,2,287.0,211,288.0,15,2,2022-01-18 09:16:13
1642497374224225000,287.0,7,287.0,204,287.5,1,2,2022-01-18 09:16:14
1642497374419836000,287.0,7,286.5,25,287.5,1,2,2022-01-18 09:16:14
1642497375200358000,286.5,1,286.5,4,287.0,3,2,2022-01-18 09:16:15
1642497375228480000,286.5,4,286.0,158,287.0,3,2,2022-01-18 09:16:15
1642497375268407000,287.0,3,286.0,158,287.5,15,1,2022-01-18 09:16:15
1642497376056493000,286.0,1,286.0,8,286.5,1,2,2022-01-18 09:16:16
1642497376082965000,286.0,7,286.0,1,286.5,1,2,2022-01-18 09:16:16
1642497376083325000,286.0,1,285.5,25,286.5,1,2,2022-01-18 09:16:16
1642497379832271000,286.0,1,285.5,5,287.0,1,1,2022-01-18 09:16:19
1642497380258068000,285.5,1,285.5,4,287.0,4,2,2022-01-18 09:16:20
1642497380263850000,287.0,1,285.5,4,287.0,3,1,2022-01-18 09:16:20
1642497380798438000,285.5,4,285.0,58,287.0,3,2,2022-01-18 09:16:20
1642497382994381000,286.0,13,285.5,19,287.0,3,2,2022-01-18 09:16:22
1642497384036887000,287.0,1,285.5,19,287.0,2,1,2022-01-18 09:16:24
1642497394252062000,286.5,1,286.0,12,286.5,1,1,2022-01-18 09:16:34
1642497394281096000,286.5,1,286.0,12,287.0,25,1,2022-01-18 09:16:34
1642497394923800000,287.0,1,286.0,12,287.0,24,1,2022-01-18 09:16:34
1642497399233881000,287.0,1,286.0,17,287.0,23,1,2022-01-18 09:16:39
1642497400586403000,286.5,1,286.5,2,287.0,24,1,2022-01-18 09:16:40
1642497401366254000,286.5,2,286.0,17,287.0,24,2,2022-01-18 09:16:41
1642497404933468000,286.5,1,286.0,12,286.5,11,1,2022-01-18 09:16:44
1642497405407268000,286.5,1,286.0,13,286.5,10,1,2022-01-18 09:16:45
1642497408568593000,286.5,1,286.0,14,286.5,9,1,2022-01-18 09:16:48
1642497408589844000,286.5,2,286.0,14,286.5,7,1,2022-01-18 09:16:48
1642497409465527000,286.0,1,286.0,13,286.5,7,2,2022-01-18 09:16:49
1642497412173053000,286.5,1,286.0,15,286.5,8,1,2022-01-18 09:16:52
1642497414743797000,286.5,1,286.0,16,286.5,8,1,2022-01-18 09:16:54
1642497415771693000,286.5,1,286.0,16,286.5,9,1,2022-01-18 09:16:55
1642497416966805000,286.0,1,286.0,16,286.5,9,2,2022-01-18 09:16:56
1642497421367976000,286.5,1,286.0,18,286.5,18,1,2022-01-18 09:17:01
1642497421762106000,286.5,2,286.0,18,286.5,16,1,2022-01-18 09:17:01
1642497421801290000,286.5,1,286.0,18,286.5,15,1,2022-01-18 09:17:01
1642497423616300000,286.5,2,286.0,20,286.5,3,1,2022-01-18 09:17:03
1642497423646679000,286.5,1,286.0,20,286.5,2,1,2022-01-18 09:17:03
1642497423740445000,286.5,2,286.0,20,287.0,43,1,2022-01-18 09:17:03
1642497424785030000,287.0,2,286.5,8,287.0,41,1,2022-01-18 09:17:04
1642497424824931000,286.5,8,286.0,18,287.0,42,2,2022-01-18 09:17:04
1642497425911261000,287.0,2,286.0,18,287.0,40,1,2022-01-18 09:17:05
1642497430820150000,287.0,1,286.0,18,287.0,39,1,2022-01-18 09:17:10
1642497432893502000,287.0,1,286.5,2,287.0,38,1,2022-01-18 09:17:12
1642497433808394000,286.5,2,286.0,38,287.0,38,2,2022-01-18 09:17:13
1642497435582807000,287.0,1,286.5,1,287.0,37,1,2022-01-18 09:17:15
1642497439917044000,286.5,1,286.5,1,287.0,37,2,2022-01-18 09:17:19
1642497443119980000,287.0,3,286.5,102,287.0,35,1,2022-01-18 09:17:23
1642497443154644000,287.0,4,286.5,102,287.0,31,1,2022-01-18 09:17:23
1642497446238663000,287.0,5,286.5,105,287.0,26,1,2022-01-18 09:17:26
1642497446269324000,287.0,2,286.5,105,287.0,24,1,2022-01-18 09:17:26
1642497446599784000,287.0,3,286.5,106,287.0,21,1,2022-01-18 09:17:26
1642497446629671000,287.0,1,286.5,106,287.0,20,1,2022-01-18 09:17:26
1642497448110704000,287.0,1,286.5,106,287.0,20,1,2022-01-18 09:17:28
1642497448664707000,287.0,5,286.5,106,287.0,15,1,2022-01-18 09:17:28
1642497448771746000,287.0,1,286.5,106,287.0,14,1,2022-01-18 09:17:28
1642497448962006000,287.0,3,286.5,106,287.0,11,1,2022-01-18 09:17:28
1642497449010222000,287.0,1,286.5,106,287.0,10,1,2022-01-18 09:17:29
1642497449218451000,287.0,1,286.5,106,287.0,9,1,2022-01-18 09:17:29
1642497450233448000,287.0,1,286.5,107,287.0,8,1,2022-01-18 09:17:30
1642497451727089000,287.0,1,286.5,108,287.0,7,1,2022-01-18 09:17:31
1642497451913930000,287.0,1,286.5,108,287.0,6,1,2022-01-18 09:17:31
1642497453698137000,287.0,1,286.5,108,287.0,5,1,2022-01-18 09:17:33
1642497454131204000,287.0,2,286.5,108,287.0,3,1,2022-01-18 09:17:34
1642497454327062000,287.0,1,286.5,108,287.0,2,1,2022-01-18 09:17:34
1642497455218129000,287.0,2,286.5,108,287.0,1,1,2022-01-18 09:17:35
1642497455298806000,287.0,1,286.5,108,287.5,5,1,2022-01-18 09:17:35
1642497455344224000,287.5,1,286.5,108,287.5,4,1,2022-01-18 09:17:35
1642497457765274000,287.5,6,287.0,4,287.5,3,1,2022-01-18 09:17:37
1642497467749228000,288.0,1,287.5,5,288.0,19,1,2022-01-18 09:17:47
1642497469407145000,288.0,6,287.5,6,288.0,13,1,2022-01-18 09:17:49
1642497472185468000,288.0,1,287.5,6,288.0,12,1,2022-01-18 09:17:52
1642497475273587000,288.0,5,287.5,6,288.0,7,1,2022-01-18 09:17:55
1642497476282121000,288.0,1,287.5,6,288.0,7,1,2022-01-18 09:17:56
1642497477567199000,288.0,1,287.5,6,288.0,9,1,2022-01-18 09:17:57
1642497479617903000,287.5,1,287.5,5,288.0,10,2,2022-01-18 09:17:59
1642497480642714000,287.5,1,287.5,4,288.0,11,2,2022-01-18 09:18:00
1642497480648648000,288.0,1,287.5,4,288.0,10,1,2022-01-18 09:18:00
1642497481183707000,288.0,1,287.5,4,288.0,9,1,2022-01-18 09:18:01
1642497485820205000,287.5,1,287.5,8,288.0,12,2,2022-01-18 09:18:05
1642497486561313000,288.0,1,287.5,8,288.0,12,1,2022-01-18 09:18:06
1642497487836557000,288.0,1,287.5,9,288.0,16,1,2022-01-18 09:18:07
1642497488705080000,288.0,1,287.5,13,288.0,18,1,2022-01-18 09:18:08
1642497489293406000,288.0,2,287.5,13,288.0,16,1,2022-01-18 09:18:09
1642497491720809000,287.5,1,287.5,12,288.0,18,2,2022-01-18 09:18:11
1642497491950574000,287.5,11,287.5,1,288.0,23,2,2022-01-18 09:18:11
1642497492797446000,287.5,1,287.0,54,288.0,24,2,2022-01-18 09:18:12
1642497493440974000,287.5,1,287.0,54,287.5,9,1,2022-01-18 09:18:13
1642497493928002000,287.0,1,287.0,53,287.5,9,2,2022-01-18 09:18:13
1642497494156540000,287.0,4,287.0,49,287.5,9,2,2022-01-18 09:18:14
1642497497184124000,287.0,1,286.5,27,287.0,1,1,2022-01-18 09:18:17
1642497499145121000,287.0,1,286.5,27,287.5,12,1,2022-01-18 09:18:19
1642497504882682000,287.5,5,287.0,1,287.5,8,1,2022-01-18 09:18:24
1642497509632555000,287.5,1,287.0,2,287.5,7,1,2022-01-18 09:18:29
1642497510534128000,287.0,1,287.0,1,287.5,7,2,2022-01-18 09:18:30
1642497510695408000,287.0,2,286.5,26,287.5,8,2,2022-01-18 09:18:30
1642497511585248000,287.5,7,286.5,26,287.5,1,1,2022-01-18 09:18:31
1642497514210810000,286.5,1,286.5,25,287.0,3,2,2022-01-18 09:18:34
1642497515115879000,287.0,1,286.5,25,287.0,2,1,2022-01-18 09:18:35
1642497516158868000,287.0,2,286.5,25,287.5,4,1,2022-01-18 09:18:36
1642497517340897000,287.5,2,286.5,26,287.5,4,1,2022-01-18 09:18:37
1642497519381033000,287.5,2,287.0,1,288.0,81,1,2022-01-18 09:18:39
1642497521176180000,288.0,2,287.0,2,288.0,88,1,2022-01-18 09:18:41
1642497521366770000,287.0,1,287.0,6,288.0,88,2,2022-01-18 09:18:41
1642497523276411000,287.5,1,287.0,6,288.0,90,2,2022-01-18 09:18:43
1642497524345163000,288.0,1,287.0,6,288.0,82,1,2022-01-18 09:18:44
1642497525739961000,288.0,1,287.0,7,288.0,79,1,2022-01-18 09:18:45
1642497526784557000,288.0,1,287.0,8,288.0,78,1,2022-01-18 09:18:46
1642497527025294000,288.0,5,287.0,8,288.0,73,1,2022-01-18 09:18:47
1642497528155632000,288.0,1,287.0,8,288.0,72,1,2022-01-18 09:18:48
1642497529484801000,288.0,1,287.0,8,288.0,73,1,2022-01-18 09:18:49
1642497530861001000,287.5,1,287.0,8,288.0,73,1,2022-01-18 09:18:50
1642497531648505000,288.0,1,287.0,8,288.0,72,1,2022-01-18 09:18:51
1642497532764695000,287.5,1,287.0,9,288.0,72,1,2022-01-18 09:18:52
1642497534064111000,287.5,1,287.0,9,288.0,72,1,2022-01-18 09:18:54
1642497534141996000,288.0,1,287.0,9,288.0,71,1,2022-01-18 09:18:54
1642497535028065000,288.0,1,287.0,9,288.0,71,1,2022-01-18 09:18:55
1642497535763952000,287.5,1,287.0,9,288.0,71,1,2022-01-18 09:18:55
1642497536499948000,288.0,1,287.5,1,288.0,70,1,2022-01-18 09:18:56
1642497536618937000,288.0,1,287.5,1,288.0,69,1,2022-01-18 09:18:56
1642497538315288000,288.0,1,287.5,2,288.0,68,1,2022-01-18 09:18:58
1642497539351940000,287.5,1,287.5,11,288.0,68,2,2022-01-18 09:18:59
1642497542105627000,288.0,1,287.5,24,288.0,67,1,2022-01-18 09:19:02
1642497542161980000,287.5,1,287.5,23,288.0,67,2,2022-01-18 09:19:02
1642497543229942000,288.0,1,287.5,24,288.0,66,1,2022-01-18 09:19:03
1642497543866817000,287.5,1,287.5,23,288.0,67,2,2022-01-18 09:19:03
1642497543977056000,288.0,1,287.5,23,288.0,66,1,2022-01-18 09:19:03
1642497544639702000,288.0,1,287.5,23,288.0,65,1,2022-01-18 09:19:04
1642497545674239000,288.0,1,287.5,23,288.0,65,1,2022-01-18 09:19:05
