ts,close,volume,bid_price,bid_volume,ask_price,ask_volume,tick_type,datetime
1661936535844361000,108.0,516,108.0,56,108.5,50,1,2022-08-31 09:02:15
1661936535916328000,108.0,5,108.0,53,108.5,51,2,2022-08-31 09:02:15
1661936535954035000,108.0,3,108.0,50,108.5,76,2,2022-08-31 09:02:15
1661936536536468000,108.0,1,108.0,52,108.5,101,2,2022-08-31 09:02:16
1661936537003734000,108.0,2,108.0,49,108.5,101,2,2022-08-31 09:02:17
1661936537554497000,108.0,1,108.0,48,108.5,101,2,2022-08-31 09:02:17
1661936539109831000,108.0,5,108.0,52,108.5,101,2,2022-08-31 09:02:19
1661936539713628000,108.0,10,108.0,42,108.5,101,2,2022-08-31 09:02:19
1661936540446404000,108.5,1,108.0,41,108.5,100,1,2022-08-31 09:02:20
1661936540624536000,108.0,1,108.0,40,108.5,100,2,2022-08-31 09:02:20
1661936541995925000,108.0,20,108.0,22,108.5,100,2,2022-08-31 09:02:21
1661936542475864000,108.5,1,108.0,22,108.5,99,1,2022-08-31 09:02:22
1661936542961089000,108.0,3,108.0,20,108.5,100,2,2022-08-31 09:02:22
1661936543071218000,108.0,5,108.0,23,108.5,100,2,2022-08-31 09:02:23
1661936543147114000,108.0,10,108.0,5,108.5,100,2,2022-08-31 09:02:23
1661936543179227000,108.0,4,108.0,1,108.5,100,2,2022-08-31 09:02:23
1661936543179546000,108.0,1,107.5,15,108.5,100,2,2022-08-31 09:02:23
1661936543508202000,108.5,1,107.5,15,108.5,99,1,2022-08-31 09:02:23
1661936543612220000,107.5,2,107.5,15,108.5,100,2,2022-08-31 09:02:23
1661936543775935000,108.5,1,107.5,13,108.5,98,1,2022-08-31 09:02:23
1661936545463590000,107.5,13,107.0,16,108.0,25,2,2022-08-31 09:02:25
1661936545489677000,108.0,1,107.0,16,108.0,24,1,2022-08-31 09:02:25
1661936545946607000,107.0,3,107.0,15,107.5,2,2,2022-08-31 09:02:25
1661936546547775000,107.5,1,107.0,21,107.5,6,1,2022-08-31 09:02:26
1661936546718597000,107.5,5,107.0,21,107.5,11,1,2022-08-31 09:02:26
1661936547326521000,107.5,1,107.0,21,107.5,15,1,2022-08-31 09:02:27
1661936547840898000,107.5,3,107.0,21,107.5,12,1,2022-08-31 09:02:27
1661936548651644000,107.5,5,107.0,21,107.5,7,1,2022-08-31 09:02:28
1661936548697901000,107.0,1,107.0,38,107.5,7,2,2022-08-31 09:02:28
1661936549160955000,107.5,3,107.0,38,107.5,4,1,2022-08-31 09:02:29
1661936549249256000,107.5,4,107.0,38,108.0,52,1,2022-08-31 09:02:29
1661936550461107000,107.5,1,107.0,40,108.0,54,1,2022-08-31 09:02:30
1661936550681717000,107.5,1,107.5,1,108.0,55,2,2022-08-31 09:02:30
1661936550714913000,107.5,1,107.0,40,108.0,55,2,2022-08-31 09:02:30
1661936551017692000,107.0,1,107.0,44,107.5,1,2,2022-08-31 09:02:31
1661936551135651000,107.5,1,107.0,44,107.5,2,1,2022-08-31 09:02:31
1661936551140636000,107.5,1,107.0,44,108.0,55,1,2022-08-31 09:02:31
1661936551309881000,108.0,1,107.5,10,108.0,54,1,2022-08-31 09:02:31
1661936552645519000,107.5,1,107.5,24,108.0,54,2,2022-08-31 09:02:32
1661936552842978000,107.5,24,107.0,44,108.0,54,2,2022-08-31 09:02:32
1661936553080848000,107.5,1,107.0,44,107.5,4,1,2022-08-31 09:02:33
1661936553082410000,107.5,1,107.0,44,107.5,3,1,2022-08-31 09:02:33
1661936553187612000,107.5,1,107.0,44,107.5,5,1,2022-08-31 09:02:33
1661936553368930000,107.5,1,107.0,44,107.5,4,1,2022-08-31 09:02:33
1661936553563718000,107.5,1,107.0,44,107.5,3,1,2022-08-31 09:02:33
1661936553606243000,107.0,1,107.0,44,107.5,5,2,2022-08-31 09:02:33
1661936553686359000,107.5,1,107.0,43,107.5,2,1,2022-08-31 09:02:33
1661936553996629000,107.5,1,107.0,44,107.5,1,1,2022-08-31 09:02:33
1661936554011074000,107.5,1,107.0,44,108.0,52,1,2022-08-31 09:02:34
1661936554011074000,108.0,2,107.0,44,108.0,52,1,2022-08-31 09:02:34
1661936554199226000,108.0,5,107.5,1,108.0,47,1,2022-08-31 09:02:34
1661936554365902000,107.5,1,107.0,44,108.0,49,2,2022-08-31 09:02:34
1661936555287363000,107.5,1,107.5,23,108.0,49,1,2022-08-31 09:02:35
1661936555747303000,107.5,5,107.5,20,108.0,50,2,2022-08-31 09:02:35
1661936555799302000,107.5,1,107.5,30,108.0,50,2,2022-08-31 09:02:35
1661936556652627000,107.5,1,107.5,36,108.0,49,2,2022-08-31 09:02:36
1661936557814159000,108.0,1,107.5,38,108.0,42,1,2022-08-31 09:02:37
1661936557828168000,108.0,1,107.5,38,108.0,41,1,2022-08-31 09:02:37
1661936558119318000,107.5,5,107.5,39,108.0,41,2,2022-08-31 09:02:38
1661936558357969000,107.5,1,107.5,34,108.0,41,2,2022-08-31 09:02:38
1661936558983512000,107.5,5,107.5,41,108.0,41,2,2022-08-31 09:02:38
1661936558984962000,107.5,1,107.5,40,108.0,41,2,2022-08-31 09:02:38
1661936559209212000,107.5,5,107.5,36,108.0,41,2,2022-08-31 09:02:39
1661936561283557000,107.5,1,107.5,46,108.0,44,2,2022-08-31 09:02:41
1661936562131774000,108.0,2,107.5,49,108.0,44,1,2022-08-31 09:02:42
1661936562183506000,108.0,2,107.5,49,108.0,40,1,2022-08-31 09:02:42
1661936562379796000,108.0,1,107.5,49,108.0,40,1,2022-08-31 09:02:42
1661936562648455000,108.0,1,107.5,49,108.0,40,1,2022-08-31 09:02:42
1661936563027534000,108.0,1,107.5,49,108.0,41,1,2022-08-31 09:02:43
1661936563167418000,108.0,3,107.5,49,108.0,37,1,2022-08-31 09:02:43
1661936563694456000,107.5,4,107.5,44,108.0,37,2,2022-08-31 09:02:43
1661936563777033000,108.0,1,107.5,44,108.0,36,1,2022-08-31 09:02:43
1661936564263868000,108.0,1,107.5,44,108.0,36,1,2022-08-31 09:02:44
1661936564281550000,108.0,26,107.5,44,108.0,10,1,2022-08-31 09:02:44
1661936564332485000,108.0,1,107.5,44,108.0,9,1,2022-08-31 09:02:44
1661936564496550000,108.0,5,107.5,45,108.0,4,1,2022-08-31 09:02:44
1661936564553356000,108.0,1,107.5,45,108.0,3,1,2022-08-31 09:02:44
1661936564719926000,107.5,1,107.5,48,108.0,3,2,2022-08-31 09:02:44
1661936564746472000,108.0,1,107.5,48,108.0,2,1,2022-08-31 09:02:44
1661936564805538000,108.0,2,108.0,3,108.5,126,1,2022-08-31 09:02:44
1661936564865805000,108.0,3,107.5,49,108.5,126,2,2022-08-31 09:02:44
1661936565106592000,108.5,1,108.0,13,108.5,125,1,2022-08-31 09:02:45
1661936567085116000,108.0,1,108.0,27,108.5,126,2,2022-08-31 09:02:47
1661936567122898000,108.0,1,108.0,28,108.5,126,2,2022-08-31 09:02:47
1661936567571002000,108.0,1,108.0,28,108.5,126,2,2022-08-31 09:02:47
1661936567718926000,108.5,1,108.0,27,108.5,125,1,2022-08-31 09:02:47
1661936567950331000,108.0,10,108.0,27,108.5,125,2,2022-08-31 09:02:47
1661936569602176000,108.5,2,108.0,49,108.5,125,1,2022-08-31 09:02:49
1661936570080366000,108.0,33,108.0,23,108.5,123,2,2022-08-31 09:02:50
1661936570297609000,108.0,1,108.0,22,108.5,123,2,2022-08-31 09:02:50
1661936571213087000,108.5,1,108.0,24,108.5,122,1,2022-08-31 09:02:51
1661936571391278000,108.5,1,108.0,24,108.5,121,1,2022-08-31 09:02:51
1661936571494967000,108.5,1,108.0,25,108.5,120,1,2022-08-31 09:02:51
1661936571515194000,108.5,1,108.0,25,108.5,119,1,2022-08-31 09:02:51
1661936571657202000,108.0,1,108.0,30,108.5,119,2,2022-08-31 09:02:51
1661936571763309000,108.5,3,108.0,30,108.5,116,1,2022-08-31 09:02:51
1661936571794016000,108.5,1,108.0,30,108.5,115,1,2022-08-31 09:02:51
1661936572281690000,108.5,2,108.0,31,108.5,115,1,2022-08-31 09:02:52
1661936573582493000,108.5,2,108.0,43,108.5,113,1,2022-08-31 09:02:53
1661936573688192000,108.5,1,108.0,43,108.5,112,1,2022-08-31 09:02:53
1661936573792968000,108.0,3,108.0,40,108.5,112,2,2022-08-31 09:02:53
1661936574484784000,108.5,2,108.0,42,108.5,110,1,2022-08-31 09:02:54
1661936574536467000,108.5,2,108.0,42,108.5,110,1,2022-08-31 09:02:54
1661936574653517000,108.5,1,108.0,42,108.5,107,1,2022-08-31 09:02:54
1661936575028367000,108.5,2,108.0,43,108.5,107,1,2022-08-31 09:02:55
1661936575337566000,108.5,1,108.0,43,108.5,104,1,2022-08-31 09:02:55
1661936575978706000,108.5,1,108.0,45,108.5,106,1,2022-08-31 09:02:55
1661936576156401000,108.5,1,108.0,45,108.5,104,1,2022-08-31 09:02:56
1661936576700112000,108.5,1,108.0,48,108.5,103,1,2022-08-31 09:02:56
1661936577009669000,108.5,1,108.0,50,108.5,102,1,2022-08-31 09:02:57
1661936577073634000,108.0,2,108.0,48,108.5,102,2,2022-08-31 09:02:57
1661936577139334000,108.0,1,108.0,47,108.5,102,2,2022-08-31 09:02:57
1661936577470097000,108.5,1,108.0,48,108.5,101,1,2022-08-31 09:02:57
1661936577829958000,108.0,2,108.0,46,108.5,102,2,2022-08-31 09:02:57
1661936577983592000,108.5,2,108.0,56,108.5,100,1,2022-08-31 09:02:57
1661936578257907000,108.5,1,108.0,56,108.5,99,1,2022-08-31 09:02:58
1661936579048016000,108.5,1,108.0,58,108.5,106,1,2022-08-31 09:02:59
1661936579441052000,108.5,1,108.0,60,108.5,104,1,2022-08-31 09:02:59
1661936579492486000,108.5,1,108.0,60,108.5,103,1,2022-08-31 09:02:59
1661936579499017000,108.5,1,108.0,60,108.5,102,1,2022-08-31 09:02:59
1661936579650054000,108.5,1,108.0,63,108.5,101,1,2022-08-31 09:02:59
1661936580856226000,108.5,2,108.0,64,108.5,103,1,2022-08-31 09:03:00
1661936580936541000,108.5,2,108.0,65,108.5,101,1,2022-08-31 09:03:00
1661936581150833000,108.5,1,108.0,66,108.5,100,1,2022-08-31 09:03:01
1661936581223052000,108.0,2,108.0,64,108.5,100,2,2022-08-31 09:03:01
1661936581277675000,108.0,2,108.0,62,108.5,100,2,2022-08-31 09:03:01
1661936581593991000,108.0,4,108.0,62,108.5,100,2,2022-08-31 09:03:01
1661936581814345000,108.0,3,108.0,55,108.5,101,2,2022-08-31 09:03:01
1661936581862065000,108.0,1,108.0,54,108.5,101,2,2022-08-31 09:03:01
1661936582022875000,108.5,1,108.0,54,108.5,100,1,2022-08-31 09:03:02
1661936582044769000,108.5,1,108.0,58,108.5,101,1,2022-08-31 09:03:02
1661936582459062000,108.5,1,108.0,55,108.5,99,1,2022-08-31 09:03:02
1661936582953478000,108.0,1,108.0,55,108.5,98,2,2022-08-31 09:03:02
1661936583031331000,108.5,1,108.0,55,108.5,97,1,2022-08-31 09:03:03
1661936583095533000,108.0,5,108.0,50,108.5,98,2,2022-08-31 09:03:03
1661936583109039000,108.5,2,108.0,50,108.5,96,1,2022-08-31 09:03:03
1661936583167222000,108.0,10,108.0,41,108.5,96,2,2022-08-31 09:03:03
1661936583168992000,108.5,1,108.0,41,108.5,95,1,2022-08-31 09:03:03
1661936583203049000,108.0,4,108.0,37,108.5,95,2,2022-08-31 09:03:03
1661936583203129000,108.0,8,108.0,29,108.5,95,2,2022-08-31 09:03:03
1661936583223214000,108.0,24,108.0,5,108.5,95,2,2022-08-31 09:03:03
1661936583233774000,108.0,1,108.0,4,108.5,95,2,2022-08-31 09:03:03
1661936583254030000,108.0,4,107.5,55,108.5,95,2,2022-08-31 09:03:03
1661936583830628000,108.5,1,108.0,38,108.5,94,1,2022-08-31 09:03:03
1661936584136989000,108.0,1,108.0,38,108.5,94,2,2022-08-31 09:03:04
1661936584163985000,108.0,10,108.0,28,108.5,94,2,2022-08-31 09:03:04
1661936584243178000,108.0,1,108.0,27,108.5,94,2,2022-08-31 09:03:04
1661936584292072000,108.0,27,107.5,63,108.0,8,2,2022-08-31 09:03:04
1661936584647838000,108.0,1,107.5,66,108.0,8,1,2022-08-31 09:03:04
1661936584668218000,108.0,1,107.5,66,108.0,7,1,2022-08-31 09:03:04
1661936584794945000,108.0,1,107.5,66,108.0,11,1,2022-08-31 09:03:04
1661936584839087000,108.0,1,107.5,66,108.0,14,1,2022-08-31 09:03:04
1661936585568817000,108.0,1,107.5,64,108.0,34,1,2022-08-31 09:03:05
1661936585862990000,107.5,1,107.5,62,108.0,33,2,2022-08-31 09:03:05
1661936585892204000,107.5,6,107.5,56,108.0,35,2,2022-08-31 09:03:05
1661936585960109000,108.0,1,107.5,56,108.0,48,1,2022-08-31 09:03:05
1661936586056231000,107.5,1,107.5,55,108.0,69,2,2022-08-31 09:03:06
1661936586092525000,107.5,3,107.5,52,108.0,71,2,2022-08-31 09:03:06
1661936586092964000,107.5,17,107.5,35,108.0,71,2,2022-08-31 09:03:06
1661936586136107000,107.5,1,107.5,26,108.0,71,2,2022-08-31 09:03:06
1661936586170727000,107.5,5,107.5,21,108.0,71,2,2022-08-31 09:03:06
1661936586180271000,107.5,2,107.5,19,108.0,71,2,2022-08-31 09:03:06
1661936586198050000,107.5,3,107.5,16,108.0,71,2,2022-08-31 09:03:06
1661936586220588000,107.5,16,107.0,48,108.0,71,2,2022-08-31 09:03:06
1661936586355355000,107.5,1,107.0,48,107.5,20,1,2022-08-31 09:03:06
1661936586567327000,107.5,1,107.0,48,107.5,42,1,2022-08-31 09:03:06
1661936586815752000,107.0,1,107.0,47,107.5,44,2,2022-08-31 09:03:06
1661936586879971000,107.0,1,107.0,48,107.5,44,2,2022-08-31 09:03:06
1661936587342292000,107.0,1,107.0,45,107.5,60,2,2022-08-31 09:03:07
1661936587545157000,107.0,5,107.0,40,107.5,60,2,2022-08-31 09:03:07
1661936587574990000,107.0,1,107.0,39,107.5,60,2,2022-08-31 09:03:07
1661936587584075000,107.0,1,107.0,46,107.5,60,2,2022-08-31 09:03:07
1661936587646598000,107.5,1,107.0,38,107.5,59,1,2022-08-31 09:03:07
1661936588161665000,107.0,1,107.0,37,107.5,60,2,2022-08-31 09:03:08
1661936588186407000,107.0,1,107.0,36,107.5,60,2,2022-08-31 09:03:08
1661936588207983000,107.0,1,107.0,35,107.5,60,2,2022-08-31 09:03:08
1661936588423538000,107.5,1,107.0,35,107.5,59,1,2022-08-31 09:03:08
1661936588635871000,107.5,1,107.0,35,107.5,54,1,2022-08-31 09:03:08
1661936588845603000,107.0,13,107.0,21,107.5,54,2,2022-08-31 09:03:08
1661936588887963000,107.0,1,107.0,20,107.5,54,2,2022-08-31 09:03:08
1661936588889741000,107.0,1,107.0,19,107.5,54,2,2022-08-31 09:03:08
1661936588943041000,107.0,1,107.0,18,107.5,54,2,2022-08-31 09:03:08
1661936589716986000,107.5,9,107.0,18,107.5,48,1,2022-08-31 09:03:09
1661936590361297000,107.0,18,106.5,45,107.5,54,2,2022-08-31 09:03:10
1661936590361297000,106.5,5,106.5,45,107.5,54,2,2022-08-31 09:03:10
1661936590445416000,107.0,1,106.5,45,107.0,2,1,2022-08-31 09:03:10
1661936590971165000,106.5,1,106.5,44,107.0,14,2,2022-08-31 09:03:10
1661936590982672000,107.0,1,106.5,44,107.0,13,1,2022-08-31 09:03:10
1661936591096134000,106.5,2,106.5,44,107.0,18,2,2022-08-31 09:03:11
1661936591164171000,106.5,1,106.5,49,107.0,18,2,2022-08-31 09:03:11
1661936592115534000,107.0,1,106.5,50,107.0,20,1,2022-08-31 09:03:12
1661936592663525000,106.5,1,106.5,49,107.0,20,2,2022-08-31 09:03:12
1661936593167938000,106.5,5,106.5,44,107.0,20,2,2022-08-31 09:03:13
1661936593192951000,107.0,1,106.5,44,107.0,19,1,2022-08-31 09:03:13
1661936593204624000,106.5,1,106.5,43,107.0,19,2,2022-08-31 09:03:13
1661936593394193000,106.5,5,106.5,38,107.0,23,2,2022-08-31 09:03:13
1661936593645964000,106.5,5,106.5,33,107.0,25,2,2022-08-31 09:03:13
1661936593822373000,106.5,5,106.5,28,107.0,25,2,2022-08-31 09:03:13
1661936594255984000,106.5,1,106.5,27,107.0,39,2,2022-08-31 09:03:14
1661936594306124000,106.5,1,106.5,25,107.0,39,2,2022-08-31 09:03:14
1661936594335254000,106.5,3,106.5,22,107.0,39,2,2022-08-31 09:03:14
1661936594726226000,106.5,1,106.5,21,107.0,36,2,2022-08-31 09:03:14
1661936594797620000,106.5,1,106.5,20,107.0,37,2,2022-08-31 09:03:14
1661936594825057000,106.5,1,106.5,19,107.0,37,2,2022-08-31 09:03:14
1661936594836485000,106.5,5,106.5,14,107.0,37,2,2022-08-31 09:03:14
1661936594870474000,106.5,6,106.5,8,107.0,37,2,2022-08-31 09:03:14
1661936594900548000,106.5,1,106.0,93,107.0,37,2,2022-08-31 09:03:14
1661936595247142000,106.5,1,106.0,93,106.5,5,1,2022-08-31 09:03:15
1661936595692428000,106.5,1,106.0,93,106.5,13,1,2022-08-31 09:03:15
1661936595718728000,106.0,1,106.0,92,106.5,13,2,2022-08-31 09:03:15
1661936595779028000,106.5,2,106.0,92,106.5,11,1,2022-08-31 09:03:15
1661936595838140000,106.0,1,106.0,91,106.5,11,2,2022-08-31 09:03:15
1661936595962384000,106.5,1,106.0,91,106.5,15,1,2022-08-31 09:03:15
1661936596195088000,106.0,2,106.0,89,106.5,15,2,2022-08-31 09:03:16
1661936597385993000,106.0,1,106.0,89,106.5,16,2,2022-08-31 09:03:17
1661936597501307000,106.0,1,106.0,88,106.5,17,2,2022-08-31 09:03:17
1661936597747962000,106.5,3,106.0,88,106.5,20,1,2022-08-31 09:03:17
1661936597773912000,106.5,1,106.0,88,106.5,19,1,2022-08-31 09:03:17
1661936597781101000,106.0,1,106.0,87,106.5,19,2,2022-08-31 09:03:17
1661936597815588000,106.5,1,106.0,87,106.5,18,1,2022-08-31 09:03:17
1661936597888897000,106.5,4,106.0,87,106.5,14,1,2022-08-31 09:03:17
1661936597938441000,106.0,1,106.0,86,106.5,14,2,2022-08-31 09:03:17
1661936597941993000,106.0,4,106.0,82,106.5,14,2,2022-08-31 09:03:17
1661936597994644000,106.0,1,106.0,81,106.5,14,2,2022-08-31 09:03:17
1661936598225361000,106.5,1,106.0,81,106.5,15,1,2022-08-31 09:03:18
1661936598839564000,106.0,2,106.0,79,106.5,15,2,2022-08-31 09:03:18
1661936598877866000,106.0,1,106.0,78,106.5,15,2,2022-08-31 09:03:18
1661936598898889000,106.5,6,106.0,81,106.5,15,1,2022-08-31 09:03:18
1661936599721846000,106.0,2,106.0,74,106.5,11,2,2022-08-31 09:03:19
1661936599726921000,106.0,1,106.0,73,106.5,11,2,2022-08-31 09:03:19
1661936599767462000,106.0,1,106.0,72,106.5,17,2,2022-08-31 09:03:19
1661936600204657000,106.5,1,106.0,72,106.5,16,1,2022-08-31 09:03:20
1661936600251233000,106.5,2,106.0,79,106.5,14,1,2022-08-31 09:03:20
1661936600555042000,106.0,1,106.0,79,106.5,23,2,2022-08-31 09:03:20
1661936600936312000,106.0,2,106.0,76,106.5,23,2,2022-08-31 09:03:20
1661936601632815000,106.5,1,106.0,86,106.5,22,1,2022-08-31 09:03:21
1661936601670193000,106.0,1,106.0,85,106.5,22,2,2022-08-31 09:03:21
1661936602598124000,106.0,4,106.0,89,106.5,23,2,2022-08-31 09:03:22
1661936602675346000,106.5,2,106.0,75,106.5,21,1,2022-08-31 09:03:22
1661936602881702000,106.5,1,106.0,75,106.5,20,1,2022-08-31 09:03:22
1661936602926995000,106.0,30,106.0,45,106.5,20,2,2022-08-31 09:03:22
1661936602976497000,106.0,1,106.0,44,106.5,20,2,2022-08-31 09:03:22
1661936602982571000,106.0,1,106.0,43,106.5,20,2,2022-08-31 09:03:22
1661936603113999000,106.0,1,106.0,42,106.5,20,2,2022-08-31 09:03:23
1661936603367405000,106.0,1,106.0,42,106.5,20,2,2022-08-31 09:03:23
1661936603627983000,106.0,1,106.0,41,106.5,20,2,2022-08-31 09:03:23
1661936603679328000,106.5,1,106.0,41,106.5,19,1,2022-08-31 09:03:23
1661936604207182000,106.0,1,106.0,41,106.5,19,2,2022-08-31 09:03:24
1661936604351261000,106.0,2,106.0,39,106.5,19,2,2022-08-31 09:03:24
1661936604354902000,106.0,1,106.0,38,106.5,19,2,2022-08-31 09:03:24
1661936604623979000,106.5,1,106.0,38,106.5,18,1,2022-08-31 09:03:24
1661936604917183000,106.0,3,106.0,35,106.5,18,2,2022-08-31 09:03:24
1661936604988138000,106.0,1,106.0,35,106.5,18,2,2022-08-31 09:03:24
1661936605133302000,106.0,9,106.0,26,106.5,18,2,2022-08-31 09:03:25
1661936605178981000,106.0,10,106.0,16,106.5,18,2,2022-08-31 09:03:25
1661936605209544000,106.5,1,106.0,16,106.5,17,1,2022-08-31 09:03:25
1661936605281100000,106.0,5,106.0,11,106.5,22,2,2022-08-31 09:03:25
1661936605362394000,106.0,2,106.0,9,106.5,22,2,2022-08-31 09:03:25
1661936605842881000,106.0,4,106.0,6,106.5,19,2,2022-08-31 09:03:25
1661936605886062000,106.0,6,105.5,23,106.0,14,2,2022-08-31 09:03:25
1661936605988354000,106.0,1,105.5,23,106.0,15,1,2022-08-31 09:03:25
1661936606015014000,106.0,14,105.5,23,106.0,1,1,2022-08-31 09:03:26
1661936606057390000,106.0,1,105.5,23,106.5,19,1,2022-08-31 09:03:26
1661936606065618000,105.5,1,105.5,22,106.5,19,2,2022-08-31 09:03:26
1661936606322438000,106.0,6,105.5,22,106.5,68,1,2022-08-31 09:03:26
1661936606322438000,106.5,4,105.5,22,106.5,68,1,2022-08-31 09:03:26
1661936606494984000,106.0,1,105.5,22,106.0,9,1,2022-08-31 09:03:26
1661936607221276000,106.0,26,105.5,37,106.0,1,1,2022-08-31 09:03:27
1661936607244838000,106.0,1,105.5,37,106.0,1,1,2022-08-31 09:03:27
1661936607261769000,105.5,1,105.5,36,106.0,1,2,2022-08-31 09:03:27
1661936607421490000,106.0,1,105.5,36,106.5,69,1,2022-08-31 09:03:27
1661936607708716000,106.0,1,105.5,36,106.0,5,1,2022-08-31 09:03:27
1661936607760376000,106.0,1,105.5,36,106.0,4,1,2022-08-31 09:03:27
1661936607762482000,106.0,1,105.5,36,106.0,3,1,2022-08-31 09:03:27
1661936607990592000,106.0,3,105.5,46,106.5,70,1,2022-08-31 09:03:27
1661936608136619000,106.0,5,105.5,46,106.5,70,1,2022-08-31 09:03:28
1661936608343688000,106.0,3,105.5,46,106.5,70,1,2022-08-31 09:03:28
1661936608503936000,106.0,1,106.0,3,106.5,70,2,2022-08-31 09:03:28
1661936608890224000,106.0,2,106.0,5,106.5,70,2,2022-08-31 09:03:28
1661936608999843000,106.0,1,106.0,6,106.5,70,2,2022-08-31 09:03:28
1661936609024915000,106.0,1,106.0,15,106.5,70,2,2022-08-31 09:03:29
1661936609437224000,106.0,1,106.0,17,106.5,70,2,2022-08-31 09:03:29
1661936609734674000,106.0,17,105.5,47,106.0,3,2,2022-08-31 09:03:29
1661936609752073000,106.0,3,106.0,7,106.5,70,1,2022-08-31 09:03:29
1661936610496282000,106.0,1,106.0,14,106.5,75,2,2022-08-31 09:03:30
1661936610605888000,106.0,1,106.0,15,106.5,75,2,2022-08-31 09:03:30
1661936610781299000,106.5,1,106.0,14,106.5,74,1,2022-08-31 09:03:30
1661936611277871000,106.0,10,106.0,6,106.5,74,2,2022-08-31 09:03:31
1661936612169938000,106.0,9,105.5,43,106.0,11,2,2022-08-31 09:03:32
1661936612258934000,106.0,2,105.5,43,106.0,19,1,2022-08-31 09:03:32
1661936612269078000,106.0,1,105.5,43,106.0,18,1,2022-08-31 09:03:32
1661936612564528000,106.0,1,105.5,43,106.0,21,1,2022-08-31 09:03:32
1661936613019573000,105.5,2,105.5,41,106.0,20,2,2022-08-31 09:03:33
1661936613862112000,106.0,1,105.5,41,106.0,19,1,2022-08-31 09:03:33
1661936613890339000,106.0,1,105.5,41,106.0,18,1,2022-08-31 09:03:33
1661936613987490000,106.0,18,105.5,41,106.5,76,1,2022-08-31 09:03:33
1661936615108476000,106.0,1,105.5,41,106.0,12,1,2022-08-31 09:03:35
1661936615559317000,106.0,1,105.5,41,106.0,11,1,2022-08-31 09:03:35
1661936615778433000,106.0,1,105.5,41,106.0,12,1,2022-08-31 09:03:35
1661936616304992000,106.0,1,105.5,42,106.0,11,1,2022-08-31 09:03:36
1661936616308523000,106.0,1,105.5,42,106.0,10,1,2022-08-31 09:03:36
1661936616338228000,106.0,10,105.5,42,106.5,77,1,2022-08-31 09:03:36
1661936616922305000,106.0,1,106.0,19,106.5,78,2,2022-08-31 09:03:36
1661936616984953000,106.0,1,106.0,18,106.5,78,2,2022-08-31 09:03:36
1661936617091976000,106.0,1,106.0,17,106.5,78,2,2022-08-31 09:03:37
1661936617095179000,106.0,1,106.0,19,106.5,78,2,2022-08-31 09:03:37
1661936617957729000,106.0,1,106.0,23,106.5,78,2,2022-08-31 09:03:37
1661936618987307000,106.0,5,106.0,34,106.5,78,2,2022-08-31 09:03:38
1661936619166182000,106.0,5,106.0,35,106.5,78,2,2022-08-31 09:03:39
1661936622031036000,106.5,2,106.0,54,106.5,78,1,2022-08-31 09:03:42
1661936622154991000,106.5,1,106.0,54,106.5,77,1,2022-08-31 09:03:42
1661936622309494000,106.0,10,106.0,44,106.5,77,2,2022-08-31 09:03:42
1661936622402910000,106.0,1,106.0,43,106.5,77,2,2022-08-31 09:03:42
1661936622821437000,106.0,1,106.0,43,106.5,79,2,2022-08-31 09:03:42
1661936624703916000,106.0,3,106.0,45,106.5,79,2,2022-08-31 09:03:44
1661936625083578000,106.0,1,106.0,41,106.5,79,2,2022-08-31 09:03:45
1661936625168945000,106.0,1,106.0,41,106.5,79,2,2022-08-31 09:03:45
1661936625358641000,106.0,2,106.0,39,106.5,79,2,2022-08-31 09:03:45
1661936625767797000,106.0,1,106.0,39,106.5,79,2,2022-08-31 09:03:45
1661936626140696000,106.5,10,106.0,42,106.5,69,1,2022-08-31 09:03:46
1661936626380678000,106.0,1,106.0,41,106.5,69,2,2022-08-31 09:03:46
1661936626805545000,106.5,5,106.0,42,106.5,65,1,2022-08-31 09:03:46
1661936627328945000,106.0,1,106.0,40,106.5,65,2,2022-08-31 09:03:47
1661936630113948000,106.0,6,106.0,57,106.5,68,2,2022-08-31 09:03:50
1661936630544548000,106.5,1,106.0,60,106.5,67,1,2022-08-31 09:03:50
1661936630885966000,106.0,3,106.0,59,106.5,67,2,2022-08-31 09:03:50
1661936631023396000,106.0,1,106.0,58,106.5,67,2,2022-08-31 09:03:51
1661936631805251000,106.5,2,106.0,61,106.5,65,1,2022-08-31 09:03:51
1661936632235532000,106.5,1,106.0,63,106.5,64,1,2022-08-31 09:03:52
1661936632831536000,106.5,2,106.0,63,106.5,62,1,2022-08-31 09:03:52
1661936633519266000,106.5,1,106.0,64,106.5,61,1,2022-08-31 09:03:53
1661936634091510000,106.5,1,106.0,65,106.5,60,1,2022-08-31 09:03:54
1661936634384350000,106.5,60,106.5,30,107.0,96,1,2022-08-31 09:03:54
1661936634469041000,106.5,1,106.5,29,107.0,96,2,2022-08-31 09:03:54
1661936635882308000,106.5,1,106.5,36,107.0,101,2,2022-08-31 09:03:55
1661936636061003000,107.0,3,106.5,36,107.0,101,1,2022-08-31 09:03:56
1661936637286545000,106.5,1,106.5,38,107.0,98,2,2022-08-31 09:03:57
1661936638539522000,106.5,1,106.5,44,107.0,104,2,2022-08-31 09:03:58
1661936638639520000,107.0,1,106.5,44,107.0,104,1,2022-08-31 09:03:58
1661936639153871000,106.5,1,106.5,43,107.0,106,2,2022-08-31 09:03:59
1661936640210577000,106.5,1,106.5,46,107.0,104,2,2022-08-31 09:04:00
1661936640587337000,107.0,1,106.5,47,107.0,104,1,2022-08-31 09:04:00
1661936642262594000,106.5,10,106.5,52,107.0,104,2,2022-08-31 09:04:02
1661936642434665000,106.5,2,106.5,41,107.0,104,2,2022-08-31 09:04:02
1661936643165862000,106.5,1,106.5,58,107.0,106,2,2022-08-31 09:04:03
1661936643383931000,106.5,10,106.5,48,107.0,106,2,2022-08-31 09:04:03
1661936643526724000,106.5,30,106.5,18,107.0,106,2,2022-08-31 09:04:03
1661936643526815000,106.5,15,106.5,3,107.0,106,2,2022-08-31 09:04:03
1661936643526932000,106.5,3,106.0,57,107.0,106,2,2022-08-31 09:04:03
1661936643526932000,106.0,12,106.0,57,107.0,106,2,2022-08-31 09:04:03
1661936643527092000,106.0,15,106.0,42,107.0,106,2,2022-08-31 09:04:03
1661936643569987000,106.5,1,106.0,42,107.0,114,2,2022-08-31 09:04:03
1661936643922034000,106.5,1,106.0,42,106.5,30,1,2022-08-31 09:04:03
1661936643982218000,106.5,10,106.0,42,106.5,20,1,2022-08-31 09:04:03
1661936644005980000,106.5,7,106.0,42,106.5,13,1,2022-08-31 09:04:04
1661936644133269000,106.5,13,106.0,42,107.0,66,1,2022-08-31 09:04:04
1661936644214928000,106.5,1,106.0,42,107.0,68,2,2022-08-31 09:04:04
1661936644594612000,106.5,2,106.0,42,107.0,94,2,2022-08-31 09:04:04
1661936644806933000,106.5,5,106.0,43,107.0,89,2,2022-08-31 09:04:04
1661936644873741000,107.0,1,106.0,43,107.0,88,1,2022-08-31 09:04:04
1661936645531664000,106.5,1,106.0,43,107.0,89,1,2022-08-31 09:04:05
1661936645531664000,107.0,1,106.0,43,107.0,89,1,2022-08-31 09:04:05
1661936645743543000,106.0,10,106.0,33,106.5,2,2,2022-08-31 09:04:05
1661936645774680000,106.0,1,106.0,43,106.5,2,2,2022-08-31 09:04:05
1661936647559917000,106.5,2,106.0,31,106.5,60,1,2022-08-31 09:04:07
1661936648096945000,106.5,1,106.0,31,106.5,63,1,2022-08-31 09:04:08
1661936648899947000,106.5,1,106.0,31,106.5,64,1,2022-08-31 09:04:08
1661936650643236000,106.5,5,106.0,43,106.5,65,1,2022-08-31 09:04:10
1661936651883913000,106.5,1,106.0,46,106.5,70,1,2022-08-31 09:04:11
1661936651951436000,106.5,1,106.0,51,106.5,71,1,2022-08-31 09:04:11
1661936652244294000,106.0,5,106.0,51,106.5,73,2,2022-08-31 09:04:12
1661936653576020000,106.0,30,106.0,19,106.5,74,2,2022-08-31 09:04:13
1661936653576107000,106.0,15,106.0,4,106.5,74,2,2022-08-31 09:04:13
1661936653576220000,106.0,4,105.5,70,106.5,74,2,2022-08-31 09:04:13
1661936653576220000,105.5,11,105.5,70,106.5,74,2,2022-08-31 09:04:13
1661936653576360000,105.5,15,105.5,55,106.5,74,2,2022-08-31 09:04:13
1661936653584130000,106.5,1,105.5,55,106.5,73,1,2022-08-31 09:04:13
1661936653734804000,106.0,2,106.0,8,106.5,23,1,2022-08-31 09:04:13
1661936653748894000,106.0,1,106.0,7,106.5,22,2,2022-08-31 09:04:13
1661936653906697000,106.5,1,106.0,8,106.5,69,1,2022-08-31 09:04:13
1661936654357088000,106.5,5,106.0,9,106.5,64,1,2022-08-31 09:04:14
1661936654857562000,106.0,1,106.0,8,106.5,65,2,2022-08-31 09:04:14
1661936655009120000,106.5,1,106.0,10,106.5,64,1,2022-08-31 09:04:15
1661936655364952000,106.5,9,106.0,12,106.5,64,1,2022-08-31 09:04:15
1661936655976858000,106.0,2,106.0,10,106.5,55,2,2022-08-31 09:04:15
1661936656502703000,106.0,1,106.0,10,106.5,55,2,2022-08-31 09:04:16
1661936656678628000,106.0,1,106.0,9,106.5,55,2,2022-08-31 09:04:16
1661936657274053000,106.5,1,106.0,10,106.5,59,1,2022-08-31 09:04:17
1661936657579162000,106.0,5,106.0,5,106.5,58,2,2022-08-31 09:04:17
1661936658448699000,106.5,1,106.0,6,106.5,58,1,2022-08-31 09:04:18
1661936658727007000,106.0,2,106.0,4,106.5,58,2,2022-08-31 09:04:18
1661936659356858000,106.0,1,106.0,15,106.5,63,2,2022-08-31 09:04:19
1661936660304950000,106.5,1,106.0,15,106.5,62,1,2022-08-31 09:04:20
1661936660453719000,106.0,1,106.0,14,106.5,62,2,2022-08-31 09:04:20
1661936661937013000,106.0,1,106.0,19,106.5,87,2,2022-08-31 09:04:21
1661936662091748000,106.0,2,106.0,17,106.5,89,2,2022-08-31 09:04:22
1661936662515743000,106.0,1,106.0,17,106.5,90,2,2022-08-31 09:04:22
1661936663399221000,106.5,1,106.0,17,106.5,91,1,2022-08-31 09:04:23
1661936663500888000,106.0,1,106.0,16,106.5,91,2,2022-08-31 09:04:23
1661936663638641000,106.0,4,106.0,12,106.5,91,2,2022-08-31 09:04:23
1661936663646938000,106.0,2,106.0,10,106.5,91,2,2022-08-31 09:04:23
1661936663668556000,106.0,1,106.0,9,106.5,91,2,2022-08-31 09:04:23
1661936664447610000,106.0,1,106.0,9,106.5,91,2,2022-08-31 09:04:24
1661936664751949000,106.0,4,106.0,5,106.5,91,2,2022-08-31 09:04:24
1661936665005545000,106.0,1,106.0,4,106.5,91,2,2022-08-31 09:04:25
1661936665192281000,106.0,2,106.0,2,106.5,91,2,2022-08-31 09:04:25
1661936665539557000,106.0,1,106.0,4,106.5,91,2,2022-08-31 09:04:25
1661936665853759000,106.0,3,105.5,82,106.5,91,2,2022-08-31 09:04:25
1661936665957793000,106.0,1,105.5,82,106.5,98,2,2022-08-31 09:04:25
1661936666109704000,106.5,1,106.0,1,106.5,97,1,2022-08-31 09:04:26
1661936666604404000,106.0,1,106.0,1,106.5,97,2,2022-08-31 09:04:26
1661936667066139000,106.0,1,105.5,82,106.5,97,2,2022-08-31 09:04:27
1661936667832875000,106.0,2,106.0,8,106.5,93,1,2022-08-31 09:04:27
1661936667977711000,106.0,5,106.0,3,106.5,86,2,2022-08-31 09:04:27
1661936668000599000,106.0,2,106.0,1,106.5,86,2,2022-08-31 09:04:28
1661936668476194000,106.0,2,105.5,85,106.0,8,2,2022-08-31 09:04:28
1661936670049741000,106.0,1,105.5,92,106.0,69,1,2022-08-31 09:04:30
1661936671648610000,106.0,3,105.5,102,106.0,76,1,2022-08-31 09:04:31
1661936671882754000,106.0,1,105.5,101,106.0,75,1,2022-08-31 09:04:31
1661936673841535000,106.0,2,105.5,101,106.0,81,1,2022-08-31 09:04:33
1661936673850972000,105.5,2,105.5,99,106.0,81,2,2022-08-31 09:04:33
1661936675954191000,106.0,1,105.5,100,106.0,82,1,2022-08-31 09:04:35
1661936676091545000,106.0,2,105.5,100,106.0,81,1,2022-08-31 09:04:36
1661936676891684000,105.5,1,105.5,99,106.0,81,2,2022-08-31 09:04:36
1661936677026455000,106.0,2,105.5,99,106.0,79,1,2022-08-31 09:04:37
1661936677328140000,106.0,30,105.5,100,106.0,49,1,2022-08-31 09:04:37
1661936677501027000,105.5,10,105.5,92,106.0,49,2,2022-08-31 09:04:37
1661936677516311000,105.5,1,105.5,91,106.0,49,2,2022-08-31 09:04:37
1661936677788773000,106.0,1,105.5,91,106.0,49,1,2022-08-31 09:04:37
1661936678367772000,106.0,1,105.5,91,106.0,49,1,2022-08-31 09:04:38
1661936678612061000,106.0,1,105.5,91,106.0,48,1,2022-08-31 09:04:38
1661936678781924000,106.0,2,105.5,91,106.0,48,1,2022-08-31 09:04:38
1661936679137473000,106.0,1,105.5,91,106.0,45,1,2022-08-31 09:04:39
1661936679282266000,106.0,1,105.5,91,106.0,46,1,2022-08-31 09:04:39
1661936680539973000,106.0,1,105.5,91,106.0,44,1,2022-08-31 09:04:40
1661936681090126000,106.0,1,105.5,91,106.0,43,1,2022-08-31 09:04:41
1661936681205575000,105.5,1,105.5,90,106.0,43,2,2022-08-31 09:04:41
1661936681399592000,106.0,1,105.5,90,106.0,45,1,2022-08-31 09:04:41
1661936681415090000,106.0,1,105.5,90,106.0,44,1,2022-08-31 09:04:41
1661936681544787000,106.0,1,105.5,90,106.0,43,1,2022-08-31 09:04:41
1661936681776418000,106.0,1,105.5,89,106.0,43,1,2022-08-31 09:04:41
1661936681843446000,105.5,1,105.5,88,106.0,42,2,2022-08-31 09:04:41
1661936681910582000,106.0,11,105.5,88,106.0,31,1,2022-08-31 09:04:41
1661936682462765000,105.5,10,105.5,78,106.0,32,2,2022-08-31 09:04:42
1661936683299626000,106.0,1,105.5,78,106.0,34,1,2022-08-31 09:04:43
1661936683306709000,105.5,2,105.5,78,106.0,35,2,2022-08-31 09:04:43
1661936683562903000,106.0,1,105.5,77,106.0,34,1,2022-08-31 09:04:43
1661936684019913000,106.0,1,105.5,77,106.0,32,1,2022-08-31 09:04:44
1661936684215830000,106.0,1,105.5,82,106.0,32,1,2022-08-31 09:04:44
1661936684376650000,106.0,2,105.5,82,106.0,29,1,2022-08-31 09:04:44
1661936684776155000,105.5,20,105.5,62,106.0,32,2,2022-08-31 09:04:44
1661936684776256000,105.5,10,105.5,52,106.0,32,2,2022-08-31 09:04:44
1661936684776338000,105.5,10,105.5,42,106.0,32,2,2022-08-31 09:04:44
1661936684776503000,105.5,10,105.5,32,106.0,32,2,2022-08-31 09:04:44
1661936684810588000,105.5,1,105.5,32,106.0,40,2,2022-08-31 09:04:44
1661936684846912000,105.5,9,105.5,15,106.0,40,2,2022-08-31 09:04:44
1661936684884035000,105.5,1,105.5,14,106.0,40,2,2022-08-31 09:04:44
1661936685666020000,105.5,2,105.5,12,106.0,47,2,2022-08-31 09:04:45
1661936686134211000,105.5,2,105.5,10,106.0,49,2,2022-08-31 09:04:46
1661936686791250000,105.5,1,105.5,32,106.0,76,2,2022-08-31 09:04:46
1661936687194868000,105.5,3,105.5,28,106.0,76,2,2022-08-31 09:04:47
1661936687272081000,105.5,5,105.5,23,106.0,76,2,2022-08-31 09:04:47
1661936687470995000,105.5,3,105.5,21,106.0,76,2,2022-08-31 09:04:47
1661936687583776000,105.5,10,105.5,11,106.0,76,2,2022-08-31 09:04:47
1661936688032342000,105.5,1,105.5,10,106.0,76,2,2022-08-31 09:04:48
1661936688104910000,105.5,1,105.5,9,106.0,77,2,2022-08-31 09:04:48
1661936688474728000,105.5,1,105.5,8,106.0,77,2,2022-08-31 09:04:48
1661936688882305000,105.5,5,105.5,3,106.0,79,2,2022-08-31 09:04:48
1661936688889835000,105.5,1,105.5,2,106.0,79,2,2022-08-31 09:04:48
1661936689074818000,106.0,1,105.5,2,106.0,82,1,2022-08-31 09:04:49
1661936689540358000,106.0,1,105.5,3,106.0,82,1,2022-08-31 09:04:49
1661936690015091000,105.5,3,105.0,74,106.0,82,2,2022-08-31 09:04:50
1661936690790086000,105.0,1,105.0,80,105.5,16,2,2022-08-31 09:04:50
1661936690813788000,105.5,1,105.0,81,105.5,16,1,2022-08-31 09:04:50
1661936691530258000,105.5,1,105.0,79,105.5,14,1,2022-08-31 09:04:51
1661936691660658000,105.5,15,105.0,79,105.5,9,1,2022-08-31 09:04:51
1661936692331582000,105.5,1,105.0,83,105.5,12,1,2022-08-31 09:04:52
1661936692471236000,105.5,12,105.0,84,106.0,81,1,2022-08-31 09:04:52
1661936693531207000,105.5,1,105.5,1,106.0,81,1,2022-08-31 09:04:53
1661936694460535000,105.5,1,105.5,5,106.0,93,2,2022-08-31 09:04:54
1661936695297397000,106.0,1,105.5,6,106.0,91,1,2022-08-31 09:04:55
1661936695902766000,106.0,1,105.5,9,106.0,90,1,2022-08-31 09:04:55
1661936696604034000,105.5,4,105.5,8,106.0,87,2,2022-08-31 09:04:56
1661936696894492000,105.5,10,105.5,2,106.0,87,2,2022-08-31 09:04:56
1661936697839606000,105.5,4,105.5,13,106.0,87,2,2022-08-31 09:04:57
1661936699502851000,105.5,2,105.5,21,106.0,91,2,2022-08-31 09:04:59
1661936700238369000,105.5,2,105.5,30,106.0,91,2,2022-08-31 09:05:00
1661936700342605000,105.5,5,105.5,25,106.0,91,2,2022-08-31 09:05:00
1661936700432821000,105.5,1,105.5,24,106.0,91,2,2022-08-31 09:05:00
1661936700784076000,105.5,10,105.5,14,106.0,91,2,2022-08-31 09:05:00
1661936701545003000,105.5,1,105.5,14,106.0,91,2,2022-08-31 09:05:01
1661936702357397000,105.5,1,105.5,18,106.0,91,2,2022-08-31 09:05:02
1661936702432798000,105.5,3,105.5,15,106.0,91,2,2022-08-31 09:05:02
1661936703041312000,106.0,1,105.5,15,106.0,91,1,2022-08-31 09:05:03
1661936704663802000,105.5,1,105.5,15,106.0,90,2,2022-08-31 09:05:04
1661936704895927000,105.5,1,105.5,15,106.0,90,2,2022-08-31 09:05:04
1661936705066632000,105.5,1,105.5,15,106.0,90,2,2022-08-31 09:05:05
1661936705463839000,105.5,1,105.5,13,106.0,90,2,2022-08-31 09:05:05
1661936708419482000,105.5,3,105.5,22,106.0,91,2,2022-08-31 09:05:08
1661936709614964000,105.5,1,105.5,30,106.0,91,2,2022-08-31 09:05:09
1661936709619499000,105.5,3,105.5,27,106.0,91,2,2022-08-31 09:05:09
1661936710636150000,105.5,1,105.5,39,106.0,89,2,2022-08-31 09:05:10
1661936713664594000,106.0,9,105.5,64,106.0,97,1,2022-08-31 09:05:13
1661936714716217000,106.0,1,105.5,64,106.0,87,1,2022-08-31 09:05:14
1661936715910789000,105.5,4,105.5,60,106.0,90,2,2022-08-31 09:05:15
1661936718059657000,105.5,5,105.5,55,106.0,90,2,2022-08-31 09:05:18
1661936718262280000,105.5,1,105.5,56,106.0,101,2,2022-08-31 09:05:18
1661936718646158000,106.0,1,105.5,55,106.0,101,1,2022-08-31 09:05:18
1661936718652536000,106.0,1,105.5,55,106.0,100,1,2022-08-31 09:05:18
1661936719984054000,105.5,1,105.5,55,106.0,100,2,2022-08-31 09:05:19
1661936721357696000,105.5,1,105.5,59,106.0,100,2,2022-08-31 09:05:21
1661936722404074000,105.5,1,105.5,60,106.0,98,2,2022-08-31 09:05:22
1661936724514792000,105.5,13,105.5,47,106.0,102,2,2022-08-31 09:05:24
1661936726108336000,105.5,1,105.5,48,106.0,102,2,2022-08-31 09:05:26
1661936726113552000,105.5,1,105.5,47,106.0,102,2,2022-08-31 09:05:26
1661936727886725000,105.5,2,105.5,48,106.0,102,2,2022-08-31 09:05:27
1661936728486647000,105.5,10,105.5,38,106.0,102,2,2022-08-31 09:05:28
1661936728486775000,105.5,10,105.5,28,106.0,102,2,2022-08-31 09:05:28
1661936728486982000,105.5,20,105.5,8,106.0,102,2,2022-08-31 09:05:28
1661936728487158000,105.5,8,105.0,93,106.0,102,2,2022-08-31 09:05:28
1661936728487158000,105.0,2,105.0,93,106.0,102,2,2022-08-31 09:05:28
1661936728648145000,105.0,1,105.0,92,105.5,6,2,2022-08-31 09:05:28
1661936728730710000,105.5,1,105.0,92,105.5,5,1,2022-08-31 09:05:28
1661936729522876000,105.5,1,105.5,1,106.0,102,1,2022-08-31 09:05:29
1661936729783977000,105.5,1,105.0,92,105.5,1,2,2022-08-31 09:05:29
1661936729913199000,105.5,1,105.0,93,106.0,101,1,2022-08-31 09:05:29
1661936730704303000,105.5,1,105.0,103,105.5,4,1,2022-08-31 09:05:30
1661936730991503000,105.5,1,105.0,103,105.5,2,1,2022-08-31 09:05:30
1661936731282112000,105.5,2,105.5,1,106.0,101,1,2022-08-31 09:05:31
1661936731386501000,105.5,1,105.0,103,105.5,24,2,2022-08-31 09:05:31
1661936731736346000,105.0,2,105.0,103,105.5,26,2,2022-08-31 09:05:31
1661936732884638000,105.0,1,105.0,100,105.5,33,2,2022-08-31 09:05:32
1661936733048966000,105.5,1,105.0,100,105.5,32,1,2022-08-31 09:05:33
1661936733838409000,105.5,5,105.0,101,105.5,33,1,2022-08-31 09:05:33
1661936735264269000,105.5,1,105.0,103,105.5,31,1,2022-08-31 09:05:35
1661936736520132000,105.0,3,105.0,102,105.5,31,2,2022-08-31 09:05:36
1661936737164439000,105.5,1,105.0,106,105.5,32,1,2022-08-31 09:05:37
1661936737567526000,105.5,1,105.0,107,105.5,31,1,2022-08-31 09:05:37
1661936738101693000,105.5,1,105.0,107,105.5,32,1,2022-08-31 09:05:38
1661936738808932000,105.5,1,105.0,107,105.5,42,1,2022-08-31 09:05:38
1661936739148512000,105.5,1,105.0,107,105.5,40,1,2022-08-31 09:05:39
1661936739262805000,105.0,1,105.0,106,105.5,40,2,2022-08-31 09:05:39
1661936746717069000,105.0,3,105.0,108,105.5,44,2,2022-08-31 09:05:46
1661936747781091000,105.0,1,105.0,108,105.5,43,2,2022-08-31 09:05:47
1661936748695252000,105.0,5,105.0,104,105.5,43,2,2022-08-31 09:05:48
1661936748730761000,105.0,1,105.0,103,105.5,43,2,2022-08-31 09:05:48
1661936748855576000,105.0,5,105.0,109,105.5,43,2,2022-08-31 09:05:48
1661936748891666000,105.0,1,105.0,98,105.5,43,2,2022-08-31 09:05:48
1661936750276288000,105.0,5,105.0,100,105.5,44,2,2022-08-31 09:05:50
1661936750404712000,105.5,44,105.5,6,106.0,79,1,2022-08-31 09:05:50
1661936750572686000,105.5,3,105.5,6,106.0,79,2,2022-08-31 09:05:50
1661936751072829000,105.5,2,105.5,1,106.0,79,2,2022-08-31 09:05:51
1661936752026783000,105.5,6,105.0,94,106.0,79,2,2022-08-31 09:05:52
1661936752026783000,105.0,4,105.0,94,106.0,79,2,2022-08-31 09:05:52
1661936752425434000,105.5,1,105.0,94,106.0,77,2,2022-08-31 09:05:52
1661936753526337000,105.5,10,105.0,91,106.0,81,2,2022-08-31 09:05:53
1661936753526337000,105.0,3,105.0,91,106.0,81,2,2022-08-31 09:05:53
1661936755821870000,105.5,1,105.5,1,106.0,79,2,2022-08-31 09:05:55
1661936755856437000,105.5,1,105.5,2,106.0,79,2,2022-08-31 09:05:55
1661936756180634000,105.5,1,105.5,7,106.0,78,2,2022-08-31 09:05:56
1661936756673738000,106.0,1,105.5,6,106.0,77,1,2022-08-31 09:05:56
1661936757012461000,105.5,1,105.5,6,106.0,77,2,2022-08-31 09:05:57
1661936759320465000,105.5,1,105.5,13,106.0,78,2,2022-08-31 09:05:59
1661936760071256000,105.5,1,105.5,16,106.0,79,2,2022-08-31 09:06:00
1661936760389882000,105.5,1,105.5,14,106.0,79,2,2022-08-31 09:06:00
1661936761669816000,105.5,2,105.5,12,106.0,80,2,2022-08-31 09:06:01
1661936761878571000,105.5,2,105.5,10,106.0,78,2,2022-08-31 09:06:01
1661936765019076000,105.5,1,105.5,11,106.0,78,2,2022-08-31 09:06:05
1661936765267910000,105.5,1,105.5,10,106.0,78,2,2022-08-31 09:06:05
1661936765282022000,105.5,1,105.5,9,106.0,78,2,2022-08-31 09:06:05
1661936765719028000,106.0,1,105.5,15,106.0,77,1,2022-08-31 09:06:05
1661936765848930000,105.5,10,105.5,15,106.0,78,2,2022-08-31 09:06:05
1661936768495886000,105.5,1,105.5,13,106.0,77,2,2022-08-31 09:06:08
1661936769538861000,105.5,2,105.5,11,106.0,78,2,2022-08-31 09:06:09
1661936771428968000,105.5,3,105.5,15,106.0,78,2,2022-08-31 09:06:11
1661936772337814000,105.5,1,105.5,14,106.0,78,2,2022-08-31 09:06:12
1661936772516365000,105.5,1,105.5,13,106.0,78,2,2022-08-31 09:06:12
1661936774913064000,106.0,5,105.5,13,106.0,73,1,2022-08-31 09:06:14
1661936778410924000,106.0,1,105.5,15,106.0,72,1,2022-08-31 09:06:18
1661936780537300000,105.5,2,105.5,29,106.0,72,2,2022-08-31 09:06:20
1661936781748895000,106.0,11,105.5,30,106.0,63,1,2022-08-31 09:06:21
1661936782424457000,105.5,1,105.5,30,106.0,63,2,2022-08-31 09:06:22
1661936784948586000,106.0,9,105.5,42,106.0,61,1,2022-08-31 09:06:24
1661936785171192000,106.0,52,105.5,44,106.0,9,1,2022-08-31 09:06:25
1661936785215053000,106.0,9,105.5,44,106.5,52,1,2022-08-31 09:06:25
1661936786041270000,106.0,6,105.5,48,106.5,67,2,2022-08-31 09:06:26
1661936791928612000,106.0,1,106.0,8,106.5,76,2,2022-08-31 09:06:31
1661936794461759000,106.5,1,106.0,14,106.5,75,1,2022-08-31 09:06:34
1661936795050673000,106.0,1,106.0,14,106.5,75,2,2022-08-31 09:06:35
1661936797688038000,106.5,1,106.0,21,106.5,74,1,2022-08-31 09:06:37
1661936802340613000,106.5,1,106.0,32,106.5,75,1,2022-08-31 09:06:42
1661936804316863000,106.5,1,106.0,32,106.5,84,1,2022-08-31 09:06:44
1661936805284894000,106.5,1,106.0,33,106.5,84,1,2022-08-31 09:06:45
1661936805444413000,106.5,1,106.0,33,106.5,82,1,2022-08-31 09:06:45
1661936806188531000,106.5,1,106.0,33,106.5,81,1,2022-08-31 09:06:46
1661936806358005000,106.5,1,106.0,33,106.5,80,1,2022-08-31 09:06:46
1661936809119399000,106.5,1,106.0,68,106.5,82,1,2022-08-31 09:06:49
1661936809405859000,106.5,1,106.0,67,106.5,80,1,2022-08-31 09:06:49
1661936809543678000,106.5,1,106.0,67,106.5,79,1,2022-08-31 09:06:49
1661936813045440000,106.5,50,106.0,77,106.5,37,1,2022-08-31 09:06:53
1661936813078404000,106.5,20,106.0,77,106.5,12,1,2022-08-31 09:06:53
1661936813248541000,106.5,3,106.0,77,106.5,12,1,2022-08-31 09:06:53
1661936813533758000,106.5,2,106.0,77,106.5,7,1,2022-08-31 09:06:53
1661936813564991000,106.5,7,106.0,77,107.0,56,1,2022-08-31 09:06:53
1661936814263275000,106.5,1,106.0,78,107.0,75,1,2022-08-31 09:06:54
1661936814634908000,106.5,1,106.0,80,107.0,75,2,2022-08-31 09:06:54
1661936814871203000,106.0,5,106.0,75,107.0,75,2,2022-08-31 09:06:54
1661936814899394000,106.5,1,106.0,74,107.0,75,2,2022-08-31 09:06:54
1661936815270603000,106.5,1,106.0,73,107.0,75,2,2022-08-31 09:06:55
1661936815541643000,106.5,1,106.0,73,107.0,75,2,2022-08-31 09:06:55
1661936815667040000,106.5,1,106.5,1,107.0,73,2,2022-08-31 09:06:55
1661936815759441000,107.0,20,106.5,1,107.0,73,1,2022-08-31 09:06:55
1661936816281116000,106.5,2,106.0,73,107.0,53,2,2022-08-31 09:06:56
1661936817093464000,106.5,2,106.5,10,107.0,53,2,2022-08-31 09:06:57
1661936817287697000,107.0,10,106.5,12,107.0,53,1,2022-08-31 09:06:57
1661936818119747000,107.0,1,106.5,12,107.0,42,1,2022-08-31 09:06:58
1661936818880512000,106.5,1,106.5,20,107.0,43,2,2022-08-31 09:06:58
1661936818978051000,106.5,1,106.5,18,107.0,43,2,2022-08-31 09:06:58
1661936820945659000,107.0,1,106.5,18,107.0,60,1,2022-08-31 09:07:00
1661936822641544000,106.5,1,106.5,37,107.0,65,2,2022-08-31 09:07:02
1661936822847694000,107.0,1,106.5,38,107.0,65,1,2022-08-31 09:07:02
1661936823277955000,107.0,7,106.5,30,107.0,57,1,2022-08-31 09:07:03
1661936823725400000,107.0,1,106.5,30,107.0,56,1,2022-08-31 09:07:03
1661936823972350000,107.0,1,106.5,30,107.0,55,1,2022-08-31 09:07:03
1661936824895925000,107.0,2,106.5,33,107.0,55,1,2022-08-31 09:07:04
1661936825658615000,106.5,1,106.5,32,107.0,53,2,2022-08-31 09:07:05
1661936825686663000,107.0,1,106.5,32,107.0,52,1,2022-08-31 09:07:05
1661936825973280000,107.0,18,106.5,32,107.0,34,1,2022-08-31 09:07:05
1661936826839404000,107.0,1,106.5,34,107.0,38,1,2022-08-31 09:07:06
1661936827506227000,107.0,1,106.5,34,107.0,37,1,2022-08-31 09:07:07
1661936827921643000,107.0,1,106.5,35,107.0,47,1,2022-08-31 09:07:07
1661936828158934000,107.0,1,106.5,35,107.0,46,1,2022-08-31 09:07:08
1661936828373210000,107.0,1,106.5,35,107.0,47,1,2022-08-31 09:07:08
1661936828991577000,107.0,1,106.5,36,107.0,46,1,2022-08-31 09:07:08
1661936829736130000,107.0,3,106.5,36,107.0,42,1,2022-08-31 09:07:09
1661936830927527000,107.0,1,106.5,37,107.0,42,1,2022-08-31 09:07:10
1661936831444603000,107.0,10,106.5,37,107.0,34,1,2022-08-31 09:07:11
1661936831480516000,107.0,2,106.5,37,107.0,32,1,2022-08-31 09:07:11
1661936831646106000,107.0,10,106.5,37,107.0,41,1,2022-08-31 09:07:11
1661936832783063000,107.0,5,106.5,37,107.0,40,1,2022-08-31 09:07:12
1661936832918437000,107.0,2,106.5,37,107.0,45,1,2022-08-31 09:07:12
1661936833096108000,107.0,1,106.5,37,107.0,42,1,2022-08-31 09:07:13
1661936833619245000,107.0,1,106.5,37,107.0,42,1,2022-08-31 09:07:13
1661936833698961000,106.5,5,106.5,32,107.0,42,2,2022-08-31 09:07:13
1661936833920776000,107.0,35,106.5,32,107.0,42,1,2022-08-31 09:07:13
1661936834812641000,107.0,5,106.5,29,107.0,2,1,2022-08-31 09:07:14
1661936834923124000,107.0,1,106.5,29,107.0,11,1,2022-08-31 09:07:14
1661936834938130000,107.0,2,106.5,29,107.0,9,1,2022-08-31 09:07:14
1661936835187011000,107.0,3,106.5,28,107.0,7,1,2022-08-31 09:07:15
1661936835309651000,107.0,1,106.5,28,107.0,7,1,2022-08-31 09:07:15
1661936835847851000,107.0,5,106.5,28,107.0,7,1,2022-08-31 09:07:15
1661936835974623000,107.0,2,106.5,28,107.5,75,1,2022-08-31 09:07:15
1661936835974623000,107.5,1,106.5,28,107.5,75,1,2022-08-31 09:07:15
1661936836043235000,107.5,1,106.5,28,107.5,74,1,2022-08-31 09:07:16
1661936836867632000,107.5,2,107.0,9,107.5,81,1,2022-08-31 09:07:16
1661936836953277000,107.5,1,107.0,13,107.5,78,1,2022-08-31 09:07:16
1661936837754630000,107.0,1,107.0,19,107.5,78,2,2022-08-31 09:07:17
1661936837853617000,107.5,10,107.0,20,107.5,78,1,2022-08-31 09:07:17
1661936838305613000,107.5,1,107.0,20,107.5,77,1,2022-08-31 09:07:18
1661936838421589000,107.5,1,107.0,23,107.5,76,1,2022-08-31 09:07:18
1661936838733911000,107.5,1,107.0,23,107.5,76,1,2022-08-31 09:07:18
1661936838753769000,107.5,1,107.0,23,107.5,75,1,2022-08-31 09:07:18
1661936838983956000,107.0,3,107.0,20,107.5,75,2,2022-08-31 09:07:18
1661936840928752000,107.5,1,107.0,25,107.5,75,1,2022-08-31 09:07:20
1661936841154365000,107.5,5,107.0,25,107.5,71,1,2022-08-31 09:07:21
1661936841234722000,107.5,1,107.0,25,107.5,70,1,2022-08-31 09:07:21
1661936843759925000,107.0,1,107.0,29,107.5,80,2,2022-08-31 09:07:23
1661936843902285000,107.5,1,107.0,30,107.5,80,1,2022-08-31 09:07:23
1661936844037472000,107.5,1,107.0,29,107.5,78,1,2022-08-31 09:07:24
1661936845578000000,107.5,1,107.0,32,107.5,80,1,2022-08-31 09:07:25
1661936845906181000,107.0,1,107.0,34,107.5,80,2,2022-08-31 09:07:25
1661936846001359000,107.0,1,107.0,33,107.5,80,2,2022-08-31 09:07:26
1661936846042580000,107.0,1,107.0,32,107.5,80,2,2022-08-31 09:07:26
1661936846585086000,107.5,1,107.0,32,107.5,79,1,2022-08-31 09:07:26
1661936846996712000,107.5,1,107.0,35,107.5,83,1,2022-08-31 09:07:26
1661936847698865000,107.0,1,107.0,35,107.5,83,2,2022-08-31 09:07:27
1661936848569953000,107.5,5,107.0,38,107.5,94,1,2022-08-31 09:07:28
1661936848753615000,107.5,5,107.0,43,107.5,94,1,2022-08-31 09:07:28
1661936849244805000,107.5,1,107.0,44,107.5,89,1,2022-08-31 09:07:29
1661936849526350000,107.5,2,107.0,44,107.5,86,1,2022-08-31 09:07:29
1661936849532776000,107.5,1,107.0,44,107.5,85,1,2022-08-31 09:07:29
1661936849886821000,107.5,1,107.0,44,107.5,85,1,2022-08-31 09:07:29
1661936850406505000,107.5,1,107.0,44,107.5,84,1,2022-08-31 09:07:30
1661936851433620000,107.5,2,107.0,48,107.5,84,1,2022-08-31 09:07:31
1661936851522727000,107.5,1,107.0,48,107.5,81,1,2022-08-31 09:07:31
1661936851673539000,107.5,10,107.0,48,107.5,71,1,2022-08-31 09:07:31
1661936853321084000,107.5,1,107.0,50,107.5,70,1,2022-08-31 09:07:33
1661936853913314000,107.5,1,107.0,51,107.5,68,1,2022-08-31 09:07:33
1661936854185924000,107.5,1,107.0,52,107.5,70,1,2022-08-31 09:07:34
1661936854253226000,107.5,1,107.0,52,107.5,69,1,2022-08-31 09:07:34
1661936854432092000,107.5,1,107.0,53,107.5,68,1,2022-08-31 09:07:34
1661936855178561000,107.5,1,107.0,55,107.5,78,1,2022-08-31 09:07:35
1661936855419838000,107.5,2,107.0,55,107.5,78,1,2022-08-31 09:07:35
1661936855822366000,107.5,1,107.0,55,107.5,77,1,2022-08-31 09:07:35
1661936855953044000,107.5,1,107.0,55,107.5,75,1,2022-08-31 09:07:35
1661936856019631000,107.5,1,107.0,55,107.5,74,1,2022-08-31 09:07:36
1661936856278330000,107.5,1,107.0,55,107.5,74,1,2022-08-31 09:07:36
1661936856716810000,107.5,1,107.0,56,107.5,77,1,2022-08-31 09:07:36
1661936857262503000,107.5,1,107.0,56,107.5,77,1,2022-08-31 09:07:37
1661936857333352000,107.0,5,107.0,51,107.5,77,2,2022-08-31 09:07:37
1661936857401561000,107.5,2,107.0,51,107.5,75,1,2022-08-31 09:07:37
1661936858040028000,107.0,2,107.0,50,107.5,76,2,2022-08-31 09:07:38
1661936858184630000,107.5,1,107.0,50,107.5,75,1,2022-08-31 09:07:38
1661936858839413000,107.5,1,107.0,52,107.5,74,1,2022-08-31 09:07:38
1661936859973113000,107.5,1,107.0,54,107.5,76,1,2022-08-31 09:07:39
1661936860447052000,107.5,5,107.0,54,107.5,71,1,2022-08-31 09:07:40
1661936862480199000,107.0,5,107.0,51,107.5,69,2,2022-08-31 09:07:42
1661936862547281000,107.0,1,107.0,50,107.5,69,2,2022-08-31 09:07:42
1661936862567201000,107.0,1,107.0,49,107.5,69,2,2022-08-31 09:07:42
1661936862793062000,107.5,1,107.0,49,107.5,68,1,2022-08-31 09:07:42
1661936863428082000,107.5,1,107.0,49,107.5,68,1,2022-08-31 09:07:43
1661936863465816000,107.5,1,107.0,49,107.5,67,1,2022-08-31 09:07:43
1661936863519652000,107.5,1,107.0,49,107.5,66,1,2022-08-31 09:07:43
1661936865846084000,107.5,1,107.0,49,107.5,70,1,2022-08-31 09:07:45
1661936867486588000,107.0,1,107.0,50,107.5,88,2,2022-08-31 09:07:47
1661936867738333000,107.0,1,107.0,49,107.5,88,2,2022-08-31 09:07:47
1661936867981072000,107.5,1,107.0,49,107.5,87,1,2022-08-31 09:07:47
1661936868214861000,107.5,1,107.0,49,107.5,87,1,2022-08-31 09:07:48
1661936868564135000,107.0,1,107.0,46,107.5,100,2,2022-08-31 09:07:48
1661936868818868000,107.5,1,107.0,46,107.5,100,1,2022-08-31 09:07:48
1661936868927948000,107.5,1,107.0,46,107.5,100,1,2022-08-31 09:07:48
1661936869777636000,107.5,2,107.0,46,107.5,97,1,2022-08-31 09:07:49
1661936871104500000,107.5,1,107.0,56,107.5,96,1,2022-08-31 09:07:51
1661936871798622000,107.5,1,107.0,58,107.5,95,1,2022-08-31 09:07:51
1661936872032996000,107.0,1,107.0,57,107.5,97,2,2022-08-31 09:07:52
1661936872897197000,107.5,1,107.0,57,107.5,96,1,2022-08-31 09:07:52
1661936873663897000,107.5,1,107.0,57,107.5,96,1,2022-08-31 09:07:53
1661936875989612000,107.5,1,107.0,57,107.5,117,1,2022-08-31 09:07:55
1661936876094949000,107.0,1,107.0,56,107.5,117,2,2022-08-31 09:07:56
1661936876197247000,107.5,2,107.0,54,107.5,115,1,2022-08-31 09:07:56
1661936877525802000,107.5,1,107.0,54,107.5,115,1,2022-08-31 09:07:57
1661936878165118000,107.0,22,107.0,32,107.5,115,2,2022-08-31 09:07:58
1661936878198470000,107.5,1,107.0,32,107.5,114,1,2022-08-31 09:07:58
1661936878202975000,107.0,1,107.0,31,107.5,114,2,2022-08-31 09:07:58
1661936878204859000,107.0,1,107.0,30,107.5,114,2,2022-08-31 09:07:58
1661936878250445000,107.0,1,107.0,29,107.5,114,2,2022-08-31 09:07:58
1661936878592942000,107.0,1,107.0,28,107.5,114,2,2022-08-31 09:07:58
1661936878718593000,107.0,1,107.0,28,107.5,114,2,2022-08-31 09:07:58
1661936878770817000,107.0,1,107.0,27,107.5,114,2,2022-08-31 09:07:58
1661936878997388000,107.5,1,107.0,36,107.5,113,1,2022-08-31 09:07:58
1661936879120800000,107.5,1,107.0,36,107.5,112,1,2022-08-31 09:07:59
1661936879531037000,107.5,1,107.0,36,107.5,111,1,2022-08-31 09:07:59
1661936879650443000,107.0,1,107.0,35,107.5,112,2,2022-08-31 09:07:59
1661936879908756000,107.0,1,107.0,35,107.5,113,2,2022-08-31 09:07:59
1661936880289618000,107.0,5,107.0,29,107.5,114,2,2022-08-31 09:08:00
1661936880334419000,107.0,1,107.0,28,107.5,114,2,2022-08-31 09:08:00
1661936880638524000,107.0,2,107.0,26,107.5,112,2,2022-08-31 09:08:00
1661936880641640000,107.0,3,107.0,23,107.5,112,2,2022-08-31 09:08:00
1661936881033848000,107.0,1,107.0,22,107.5,112,2,2022-08-31 09:08:01
1661936881190015000,107.0,1,107.0,21,107.5,112,2,2022-08-31 09:08:01
1661936881231223000,107.0,2,107.0,23,107.5,112,2,2022-08-31 09:08:01
1661936881693299000,107.0,1,107.0,18,107.5,112,2,2022-08-31 09:08:01
1661936881823071000,107.0,1,107.0,17,107.5,111,2,2022-08-31 09:08:01
1661936881848972000,107.5,1,107.0,17,107.5,110,1,2022-08-31 09:08:01
1661936881855177000,107.0,17,106.5,34,107.0,33,2,2022-08-31 09:08:01
1661936881873227000,107.0,3,106.5,34,107.0,30,1,2022-08-31 09:08:01
1661936884758324000,106.5,1,106.5,19,107.0,65,2,2022-08-31 09:08:04
1661936886679347000,106.5,1,106.5,19,107.0,89,2,2022-08-31 09:08:06
1661936886733820000,106.5,5,106.5,14,107.0,89,2,2022-08-31 09:08:06
1661936886758939000,106.5,14,106.0,92,107.0,89,2,2022-08-31 09:08:06
1661936886933091000,106.5,2,106.0,90,107.0,89,1,2022-08-31 09:08:06
1661936886954208000,107.0,2,106.0,90,106.5,2,1,2022-08-31 09:08:06
1661936887158042000,107.0,1,106.0,90,107.0,87,1,2022-08-31 09:08:07
1661936887285458000,107.0,1,106.0,95,107.0,87,1,2022-08-31 09:08:07
1661936887416347000,107.0,2,106.0,95,107.0,88,1,2022-08-31 09:08:07
1661936887511890000,106.5,2,106.0,95,107.0,85,1,2022-08-31 09:08:07
1661936887804681000,107.0,1,106.5,1,107.0,85,1,2022-08-31 09:08:07
1661936889308090000,106.5,1,106.0,93,107.0,83,2,2022-08-31 09:08:09
1661936890209848000,106.0,1,106.0,92,107.0,87,2,2022-08-31 09:08:10
1661936893723757000,106.5,1,106.0,81,106.5,7,1,2022-08-31 09:08:13
1661936895172069000,106.5,1,106.0,82,106.5,13,1,2022-08-31 09:08:15
1661936896094335000,106.5,1,106.0,84,106.5,14,1,2022-08-31 09:08:16
1661936897073664000,106.5,14,106.5,6,107.0,81,1,2022-08-31 09:08:17
1661936897223693000,106.5,1,106.5,6,107.0,81,2,2022-08-31 09:08:17
1661936899807792000,106.5,1,106.5,5,107.0,92,2,2022-08-31 09:08:19
1661936899873890000,106.5,2,106.5,3,107.0,91,2,2022-08-31 09:08:19
1661936900632199000,106.5,2,106.5,1,107.0,91,2,2022-08-31 09:08:20
1661936900813876000,106.5,1,106.0,85,106.5,3,2,2022-08-31 09:08:20
1661936900945505000,106.5,3,106.0,85,106.5,3,1,2022-08-31 09:08:20
1661936905601710000,106.5,1,106.0,92,106.5,13,1,2022-08-31 09:08:25
1661936908503159000,106.0,2,106.0,93,106.5,21,2,2022-08-31 09:08:28
1661936908561936000,106.0,1,106.0,92,106.5,21,2,2022-08-31 09:08:28
1661936909893807000,106.5,1,106.0,91,106.5,20,1,2022-08-31 09:08:29
1661936910572403000,106.0,86,105.5,137,106.0,27,2,2022-08-31 09:08:30
1661936910610578000,105.5,1,105.5,136,106.0,27,2,2022-08-31 09:08:30
1661936910618182000,105.5,1,105.5,135,106.0,27,2,2022-08-31 09:08:30
1661936910624241000,105.5,1,105.5,134,106.0,27,2,2022-08-31 09:08:30
1661936910633429000,105.5,1,105.5,133,106.0,27,2,2022-08-31 09:08:30
1661936910634106000,105.5,1,105.5,132,106.0,27,2,2022-08-31 09:08:30
1661936911473855000,105.5,2,105.5,130,106.0,27,2,2022-08-31 09:08:31
1661936911476603000,105.5,1,105.5,129,106.0,27,2,2022-08-31 09:08:31
1661936913015651000,106.0,1,105.5,128,106.0,26,1,2022-08-31 09:08:33
1661936913387845000,106.0,1,105.5,128,106.0,25,1,2022-08-31 09:08:33
1661936914224185000,105.5,2,105.5,126,106.0,25,2,2022-08-31 09:08:34
1661936914271375000,105.5,1,105.5,123,106.0,25,2,2022-08-31 09:08:34
1661936916435598000,106.0,1,105.5,124,106.0,32,1,2022-08-31 09:08:36
1661936917928732000,106.0,10,105.5,124,106.0,24,1,2022-08-31 09:08:37
1661936918193401000,105.5,1,105.5,126,106.0,24,2,2022-08-31 09:08:38
1661936920082574000,105.5,1,105.5,149,106.0,25,2,2022-08-31 09:08:40
1661936921316473000,105.5,1,105.5,149,106.0,30,2,2022-08-31 09:08:41
1661936923158958000,105.5,1,105.5,139,106.0,31,2,2022-08-31 09:08:43
1661936923755425000,105.5,2,105.5,138,106.0,31,2,2022-08-31 09:08:43
1661936924265238000,105.5,1,105.5,139,106.0,31,2,2022-08-31 09:08:44
1661936924301768000,105.5,1,105.5,138,106.0,31,2,2022-08-31 09:08:44
1661936925787704000,106.0,18,105.5,142,106.5,36,1,2022-08-31 09:08:45
1661936926249666000,105.5,144,105.0,107,105.5,29,2,2022-08-31 09:08:46
1661936926282829000,105.0,1,105.0,106,105.5,31,2,2022-08-31 09:08:46
1661936926283920000,105.0,1,105.0,105,105.5,31,2,2022-08-31 09:08:46
1661936926310205000,105.0,1,105.0,104,105.5,31,2,2022-08-31 09:08:46
1661936926310685000,105.0,1,105.0,105,105.5,31,2,2022-08-31 09:08:46
1661936926972651000,105.5,1,105.0,104,105.5,31,1,2022-08-31 09:08:46
1661936927458835000,105.5,2,105.0,104,106.5,50,1,2022-08-31 09:08:47
1661936927594040000,105.5,4,105.5,3,106.0,6,2,2022-08-31 09:08:47
1661936927625725000,105.5,3,105.0,104,106.0,6,2,2022-08-31 09:08:47
1661936927665907000,105.5,1,105.0,104,106.0,16,2,2022-08-31 09:08:47
1661936928028022000,105.0,20,105.0,84,105.5,1,2,2022-08-31 09:08:48
1661936928864553000,105.5,1,105.0,85,105.5,2,1,2022-08-31 09:08:48
1661936929164126000,105.5,1,105.5,4,106.0,8,1,2022-08-31 09:08:49
1661936929188877000,105.5,4,105.0,81,106.0,8,2,2022-08-31 09:08:49
1661936929440778000,105.0,1,105.0,80,106.0,18,2,2022-08-31 09:08:49
1661936930389312000,105.0,10,105.0,67,105.5,5,2,2022-08-31 09:08:50
1661936930406253000,105.0,1,105.0,66,105.5,5,2,2022-08-31 09:08:50
1661936930485604000,105.0,1,105.0,65,105.5,5,2,2022-08-31 09:08:50
1661936931417233000,105.0,1,105.0,62,105.5,6,2,2022-08-31 09:08:51
1661936931755068000,105.0,5,105.0,62,105.5,7,2,2022-08-31 09:08:51
1661936932195006000,105.0,2,105.0,55,105.5,7,2,2022-08-31 09:08:52
1661936932456907000,105.0,1,105.0,54,105.5,7,2,2022-08-31 09:08:52
1661936932838446000,105.0,2,105.0,56,105.5,7,2,2022-08-31 09:08:52
1661936933077206000,105.0,1,105.0,53,105.5,7,2,2022-08-31 09:08:53
1661936933118225000,105.0,1,105.0,60,105.5,7,2,2022-08-31 09:08:53
1661936933151715000,105.0,1,105.0,59,105.5,7,2,2022-08-31 09:08:53
1661936933316524000,105.0,1,105.0,60,105.5,7,2,2022-08-31 09:08:53
1661936933371277000,105.0,1,105.0,56,105.5,7,2,2022-08-31 09:08:53
1661936933511665000,105.0,2,105.0,57,105.5,7,2,2022-08-31 09:08:53
1661936933754461000,105.5,5,105.0,59,105.5,7,1,2022-08-31 09:08:53
1661936934536013000,105.0,1,105.0,56,105.5,2,2,2022-08-31 09:08:54
1661936934551859000,105.5,2,105.5,3,106.0,57,1,2022-08-31 09:08:54
1661936934584982000,105.5,3,105.0,57,106.0,57,2,2022-08-31 09:08:54
1661936934585089000,105.0,6,105.0,51,106.0,57,2,2022-08-31 09:08:54
1661936935561801000,105.0,1,105.0,59,106.0,65,2,2022-08-31 09:08:55
1661936935950032000,105.5,1,105.0,60,105.5,1,1,2022-08-31 09:08:55
1661936936402574000,105.0,1,105.0,63,105.5,3,2,2022-08-31 09:08:56
1661936936543407000,105.5,1,105.0,63,105.5,2,1,2022-08-31 09:08:56
1661936936944253000,105.5,1,105.0,63,105.5,1,1,2022-08-31 09:08:56
1661936937218998000,105.0,1,105.0,68,105.5,1,2,2022-08-31 09:08:57
1661936937345804000,105.5,1,105.0,67,106.0,65,1,2022-08-31 09:08:57
1661936937542629000,105.0,4,105.0,63,106.0,65,2,2022-08-31 09:08:57
1661936938326479000,105.5,1,105.0,64,105.5,1,1,2022-08-31 09:08:58
1661936938489978000,105.0,1,105.0,63,106.0,71,2,2022-08-31 09:08:58
1661936939011481000,105.0,2,105.0,62,105.5,1,2,2022-08-31 09:08:59
1661936939160842000,105.5,1,105.0,62,106.0,71,1,2022-08-31 09:08:59
1661936940170532000,105.5,2,105.0,66,106.0,71,1,2022-08-31 09:09:00
1661936940793087000,105.5,1,105.0,76,106.0,71,2,2022-08-31 09:09:00
1661936941545967000,105.0,1,105.0,84,106.0,61,2,2022-08-31 09:09:01
1661936941707800000,105.5,5,105.5,4,106.0,53,2,2022-08-31 09:09:01
1661936941893994000,105.5,4,105.0,76,106.0,53,2,2022-08-31 09:09:01
1661936941893994000,105.0,1,105.0,76,106.0,53,2,2022-08-31 09:09:01
1661936946461700000,105.5,2,105.5,1,106.0,58,2,2022-08-31 09:09:06
1661936947263016000,105.5,1,105.0,91,106.0,58,2,2022-08-31 09:09:07
1661936947327823000,106.0,1,105.0,84,106.0,66,1,2022-08-31 09:09:07
1661936947612548000,105.5,1,105.0,84,106.0,65,2,2022-08-31 09:09:07
1661936949623994000,105.5,1,105.0,86,106.0,65,2,2022-08-31 09:09:09
1661936951025267000,105.5,3,105.0,91,105.5,2,1,2022-08-31 09:09:11
1661936951144271000,105.5,2,105.0,81,106.0,65,1,2022-08-31 09:09:11
1661936952879393000,105.0,1,105.0,81,105.5,1,2,2022-08-31 09:09:12
1661936954294263000,105.5,1,105.0,82,105.5,1,1,2022-08-31 09:09:14
1661936955976221000,105.0,1,105.0,84,105.5,11,2,2022-08-31 09:09:15
1661936956215045000,105.5,1,105.0,84,105.5,11,1,2022-08-31 09:09:16
1661936957287693000,105.0,1,105.0,86,105.5,11,2,2022-08-31 09:09:17
1661936963777647000,105.5,9,105.0,97,105.5,12,1,2022-08-31 09:09:23
1661936964084561000,105.5,1,105.0,97,105.5,2,1,2022-08-31 09:09:24
1661936965096859000,105.5,1,105.0,96,105.5,2,1,2022-08-31 09:09:25
1661936965459062000,105.5,1,105.5,1,106.0,70,1,2022-08-31 09:09:25
1661936969959475000,105.5,2,105.5,19,106.0,62,2,2022-08-31 09:09:29
1661936970883629000,105.5,3,105.5,16,106.0,62,2,2022-08-31 09:09:30
1661936971380282000,105.5,1,105.5,15,106.0,62,2,2022-08-31 09:09:31
1661936979685592000,105.5,1,105.5,37,106.0,76,2,2022-08-31 09:09:39
1661936982797278000,105.5,5,105.5,32,106.0,76,2,2022-08-31 09:09:42
1661936983367578000,106.0,1,105.5,32,106.0,75,1,2022-08-31 09:09:43
1661936983399790000,105.5,1,105.5,31,106.0,75,2,2022-08-31 09:09:43
1661936986778014000,105.5,1,105.5,32,106.0,75,2,2022-08-31 09:09:46
1661936987455445000,105.5,1,105.5,33,106.0,75,2,2022-08-31 09:09:47
1661936996979802000,105.5,1,105.5,49,106.0,76,2,2022-08-31 09:09:56
1661936998017591000,106.0,4,105.5,52,106.0,76,1,2022-08-31 09:09:58
1661937001299975000,105.5,1,105.5,58,106.0,72,2,2022-08-31 09:10:01
1661937001580422000,105.5,1,105.5,57,106.0,72,2,2022-08-31 09:10:01
1661937001637705000,105.5,1,105.5,56,106.0,72,2,2022-08-31 09:10:01
1661937005569277000,105.5,1,105.5,54,106.0,73,2,2022-08-31 09:10:05
1661937019494288000,105.5,1,105.5,63,106.0,75,2,2022-08-31 09:10:19
1661937026714331000,105.5,1,105.5,66,106.0,86,2,2022-08-31 09:10:26
1661937030469859000,105.5,1,105.5,65,106.0,86,2,2022-08-31 09:10:30
1661937031880503000,105.5,1,105.5,65,106.0,86,2,2022-08-31 09:10:31
1661937038171698000,105.5,1,105.5,69,106.0,86,2,2022-08-31 09:10:38
1661937041434991000,105.5,1,105.5,74,106.0,85,2,2022-08-31 09:10:41
1661937050609596000,105.5,5,105.5,69,106.0,85,2,2022-08-31 09:10:50
1661937051349109000,105.5,1,105.5,68,106.0,85,2,2022-08-31 09:10:51
1661937066633029000,105.5,1,105.5,69,106.0,85,2,2022-08-31 09:11:06
1661937071717697000,105.5,1,105.5,67,106.0,85,2,2022-08-31 09:11:11
1661937081413051000,105.5,1,105.5,69,106.0,85,2,2022-08-31 09:11:21
1661937084154139000,105.5,10,105.5,61,106.0,85,2,2022-08-31 09:11:24
1661937084180387000,105.5,6,105.5,55,106.0,85,2,2022-08-31 09:11:24
1661937085518397000,105.5,1,105.5,54,106.0,85,2,2022-08-31 09:11:25
1661937085604272000,105.5,1,105.5,53,106.0,85,2,2022-08-31 09:11:25
1661937085928938000,105.5,12,105.5,40,106.0,85,2,2022-08-31 09:11:25
1661937087218059000,105.5,1,105.5,39,106.0,85,2,2022-08-31 09:11:27
1661937087262362000,105.5,1,105.5,38,106.0,85,2,2022-08-31 09:11:27
1661937087445577000,105.5,1,105.5,37,106.0,85,2,2022-08-31 09:11:27
1661937088087829000,105.5,1,105.5,36,106.0,85,2,2022-08-31 09:11:28
1661937088286898000,105.5,2,105.5,34,106.0,85,2,2022-08-31 09:11:28
1661937088878014000,105.5,1,105.5,33,106.0,85,2,2022-08-31 09:11:28
1661937089127128000,105.5,2,105.5,31,106.0,85,2,2022-08-31 09:11:29
1661937089821047000,105.5,1,105.5,30,106.0,85,2,2022-08-31 09:11:29
1661937089940267000,105.5,3,105.5,27,106.0,85,2,2022-08-31 09:11:29
1661937090267099000,105.5,1,105.5,26,106.0,85,2,2022-08-31 09:11:30
1661937090273732000,105.5,2,105.5,24,106.0,85,2,2022-08-31 09:11:30
1661937090641047000,105.5,1,105.5,23,106.0,85,2,2022-08-31 09:11:30
1661937090867101000,105.5,1,105.5,22,106.0,85,2,2022-08-31 09:11:30
1661937091397113000,105.5,1,105.5,21,106.0,85,2,2022-08-31 09:11:31
1661937092540435000,105.5,1,105.5,20,106.0,91,2,2022-08-31 09:11:32
1661937092938264000,105.5,3,105.5,17,106.0,91,2,2022-08-31 09:11:32
1661937095269390000,105.5,1,105.5,15,106.0,91,2,2022-08-31 09:11:35
1661937095647198000,105.5,1,105.5,14,106.0,91,2,2022-08-31 09:11:35
1661937096282166000,105.5,1,105.5,13,106.0,91,2,2022-08-31 09:11:36
1661937097119875000,105.5,1,105.5,15,106.0,91,2,2022-08-31 09:11:37
1661937097640748000,105.5,1,105.5,13,106.0,91,2,2022-08-31 09:11:37
1661937098784821000,105.5,1,105.5,12,106.0,90,2,2022-08-31 09:11:38
1661937098801091000,105.5,1,105.5,11,106.0,90,2,2022-08-31 09:11:38
1661937100644840000,105.5,2,105.5,9,106.0,90,2,2022-08-31 09:11:40
1661937101430963000,105.5,2,105.5,7,106.0,90,2,2022-08-31 09:11:41
1661937101895300000,105.5,1,105.5,6,106.0,90,2,2022-08-31 09:11:41
1661937102095796000,105.5,2,105.5,4,106.0,90,2,2022-08-31 09:11:42
1661937102197227000,105.5,1,105.5,3,106.0,90,2,2022-08-31 09:11:42
1661937102676789000,105.5,1,105.5,12,106.0,90,2,2022-08-31 09:11:42
1661937102764419000,105.5,1,105.5,9,106.0,90,2,2022-08-31 09:11:42
1661937102964667000,105.5,1,105.5,8,106.0,90,2,2022-08-31 09:11:42
1661937103059419000,105.5,2,105.5,6,106.0,90,2,2022-08-31 09:11:43
1661937103170722000,105.5,1,105.5,5,106.0,90,2,2022-08-31 09:11:43
1661937103731474000,105.5,1,105.5,4,106.0,90,2,2022-08-31 09:11:43
1661937104868897000,105.5,1,105.5,4,106.0,90,2,2022-08-31 09:11:44
1661937106759045000,105.5,1,105.5,56,106.0,82,2,2022-08-31 09:11:46
1661937110087709000,106.0,3,105.5,61,106.0,79,1,2022-08-31 09:11:50
1661937110181060000,106.0,1,105.5,61,106.0,78,1,2022-08-31 09:11:50
1661937110354899000,106.0,52,105.5,62,106.0,26,1,2022-08-31 09:11:50
1661937110385360000,106.0,18,105.5,62,106.0,8,1,2022-08-31 09:11:50
1661937110389691000,106.0,8,105.5,70,106.5,40,1,2022-08-31 09:11:50
1661937112084550000,106.5,1,106.0,36,106.5,29,1,2022-08-31 09:11:52
1661937112272173000,106.0,1,106.0,35,106.5,29,2,2022-08-31 09:11:52
1661937112802716000,106.0,1,106.0,34,106.5,29,2,2022-08-31 09:11:52
1661937112860319000,106.5,4,106.0,34,106.5,25,1,2022-08-31 09:11:52
1661937120146444000,106.5,1,106.0,33,106.5,32,1,2022-08-31 09:12:00
1661937120652751000,106.0,5,106.0,33,106.5,31,2,2022-08-31 09:12:00
1661937120836052000,106.5,1,106.0,28,106.5,30,1,2022-08-31 09:12:00
1661937121948027000,106.0,1,106.0,30,106.5,31,2,2022-08-31 09:12:01
1661937122562308000,106.5,2,106.0,30,106.5,31,1,2022-08-31 09:12:02
1661937123054986000,106.5,10,106.0,30,106.5,20,1,2022-08-31 09:12:03
1661937126098566000,106.5,1,106.0,16,106.5,19,1,2022-08-31 09:12:06
1661937127805366000,106.0,1,106.0,16,106.5,18,2,2022-08-31 09:12:07
1661937131300888000,106.5,1,106.0,17,106.5,16,1,2022-08-31 09:12:11
1661937135548927000,106.0,2,106.0,17,106.5,16,2,2022-08-31 09:12:15
1661937139367646000,106.5,16,106.0,34,107.0,88,1,2022-08-31 09:12:19
1661937140200534000,107.0,5,106.5,1,107.0,88,1,2022-08-31 09:12:20
1661937140882148000,106.5,1,106.0,41,107.0,83,2,2022-08-31 09:12:20
1661937141201758000,107.0,1,106.0,88,107.0,83,1,2022-08-31 09:12:21
1661937142253006000,106.5,1,106.5,1,107.0,86,1,2022-08-31 09:12:22
1661937148209954000,106.5,7,106.0,99,107.0,99,2,2022-08-31 09:12:28
1661937152453758000,107.0,1,106.5,5,107.0,99,1,2022-08-31 09:12:32
1661937161578141000,107.0,1,106.5,32,107.0,99,1,2022-08-31 09:12:41
1661937161642887000,107.0,2,106.5,35,107.0,99,1,2022-08-31 09:12:41
1661937168659684000,107.0,1,106.5,37,107.0,96,1,2022-08-31 09:12:48
1661937169483895000,107.0,1,106.5,37,107.0,95,1,2022-08-31 09:12:49
1661937169950709000,107.0,1,106.5,37,107.0,94,1,2022-08-31 09:12:49
1661937174932458000,107.0,5,106.5,42,107.0,90,1,2022-08-31 09:12:54
1661937175467192000,107.0,1,106.5,42,107.0,89,1,2022-08-31 09:12:55
1661937177662494000,107.0,1,106.5,42,107.0,93,1,2022-08-31 09:12:57
1661937177748533000,107.0,1,106.5,42,107.0,92,1,2022-08-31 09:12:57
1661937177947308000,107.0,1,106.5,42,107.0,91,1,2022-08-31 09:12:57
1661937180839549000,107.0,1,106.5,46,107.0,90,1,2022-08-31 09:13:00
1661937181065091000,107.0,1,106.5,46,107.0,89,1,2022-08-31 09:13:01
1661937182269653000,107.0,1,106.5,46,107.0,90,1,2022-08-31 09:13:02
1661937184308231000,106.5,1,106.5,46,107.0,90,2,2022-08-31 09:13:04
1661937188686039000,107.0,2,106.5,46,107.0,88,1,2022-08-31 09:13:08
1661937191072953000,107.0,1,106.5,46,107.0,87,1,2022-08-31 09:13:11
1661937193649252000,106.5,1,106.5,46,107.0,89,2,2022-08-31 09:13:13
1661937195391621000,107.0,1,106.5,45,107.0,88,1,2022-08-31 09:13:15
1661937196364869000,107.0,1,106.5,45,107.0,87,1,2022-08-31 09:13:16
1661937203570372000,107.0,20,106.5,48,107.0,88,1,2022-08-31 09:13:23
1661937203773773000,107.0,20,106.5,48,107.0,48,1,2022-08-31 09:13:23
1661937204559957000,107.0,2,106.5,56,107.0,46,1,2022-08-31 09:13:24
1661937204797940000,107.0,2,106.5,56,107.0,45,1,2022-08-31 09:13:24
1661937204961529000,107.0,1,106.5,53,107.0,44,1,2022-08-31 09:13:24
1661937205534179000,107.0,20,106.5,53,107.0,24,1,2022-08-31 09:13:25
1661937205618306000,107.0,1,106.5,53,107.0,23,1,2022-08-31 09:13:25
1661937205722049000,107.0,1,106.5,53,107.0,22,1,2022-08-31 09:13:25
1661937205805509000,107.0,1,106.5,53,107.0,21,1,2022-08-31 09:13:25
1661937205806534000,107.0,1,106.5,53,107.0,20,1,2022-08-31 09:13:25
1661937205905677000,107.0,1,106.5,53,107.0,19,1,2022-08-31 09:13:25
1661937205992730000,107.0,5,106.5,53,107.0,14,1,2022-08-31 09:13:25
1661937206023932000,107.0,1,106.5,53,107.0,13,1,2022-08-31 09:13:26
1661937206121185000,107.0,1,106.5,53,107.0,21,1,2022-08-31 09:13:26
1661937206213662000,107.0,3,106.5,53,107.0,18,1,2022-08-31 09:13:26
1661937206280367000,107.0,1,106.5,53,107.0,17,1,2022-08-31 09:13:26
1661937206703802000,107.0,1,106.5,53,107.0,18,1,2022-08-31 09:13:26
1661937206770867000,107.0,1,106.5,53,107.0,16,1,2022-08-31 09:13:26
1661937206807510000,107.0,4,106.5,53,107.0,12,1,2022-08-31 09:13:26
1661937207023763000,107.0,1,106.5,52,107.0,11,1,2022-08-31 09:13:27
1661937207121027000,107.0,1,106.5,52,107.0,10,1,2022-08-31 09:13:27
1661937207489386000,107.0,2,106.5,52,107.0,9,1,2022-08-31 09:13:27
1661937207489591000,107.0,2,106.5,52,107.0,7,1,2022-08-31 09:13:27
1661937207718934000,107.0,1,106.5,52,107.0,6,1,2022-08-31 09:13:27
1661937207788668000,107.0,3,106.5,52,107.0,3,1,2022-08-31 09:13:27
1661937207794374000,107.0,1,106.5,52,107.0,2,1,2022-08-31 09:13:27
1661937208246305000,107.0,2,107.0,3,107.5,87,1,2022-08-31 09:13:28
1661937209239238000,107.5,2,107.0,8,107.5,87,1,2022-08-31 09:13:29
1661937210846609000,107.0,1,107.0,12,107.5,90,2,2022-08-31 09:13:30
1661937210869876000,107.0,1,107.0,11,107.5,90,2,2022-08-31 09:13:30
1661937211123951000,107.5,1,107.0,12,107.5,89,1,2022-08-31 09:13:31
1661937212507469000,107.0,15,107.0,1,107.5,89,2,2022-08-31 09:13:32
1661937213574009000,107.0,2,106.5,52,107.0,8,2,2022-08-31 09:13:33
1661937214309237000,107.0,1,106.5,52,107.0,7,1,2022-08-31 09:13:34
1661937215345524000,107.0,1,106.5,52,107.0,7,1,2022-08-31 09:13:35
1661937215517435000,107.0,1,106.5,52,107.0,6,1,2022-08-31 09:13:35
1661937215530368000,107.0,1,106.5,51,107.0,5,1,2022-08-31 09:13:35
1661937215750758000,106.5,1,106.5,50,107.0,5,2,2022-08-31 09:13:35
1661937216301149000,107.0,3,106.5,50,107.0,7,1,2022-08-31 09:13:36
1661937216753232000,107.0,2,106.5,50,107.0,5,1,2022-08-31 09:13:36
1661937217357208000,107.0,2,106.5,106,107.0,3,1,2022-08-31 09:13:37
1661937217440488000,107.0,1,106.5,106,107.0,2,1,2022-08-31 09:13:37
1661937218213181000,107.0,1,107.0,5,107.5,85,2,2022-08-31 09:13:38
1661937220915111000,107.0,1,107.0,8,107.5,84,2,2022-08-31 09:13:40
1661937220951790000,107.0,1,107.0,7,107.5,84,2,2022-08-31 09:13:40
1661937225497982000,107.0,1,107.0,17,107.5,88,2,2022-08-31 09:13:45
1661937226356777000,107.0,1,107.0,16,107.5,89,2,2022-08-31 09:13:46
1661937229876054000,107.0,10,107.0,5,107.5,90,2,2022-08-31 09:13:49
1661937232306879000,107.0,1,107.0,8,107.5,92,2,2022-08-31 09:13:52
1661937233287784000,107.0,1,107.0,7,107.5,92,2,2022-08-31 09:13:53
1661937235394343000,107.0,1,107.0,8,107.5,92,2,2022-08-31 09:13:55
1661937236023201000,107.0,1,107.0,7,107.5,92,2,2022-08-31 09:13:56
1661937236624059000,107.0,1,107.0,3,107.5,94,2,2022-08-31 09:13:56
1661937236658403000,107.0,1,107.0,2,107.5,94,2,2022-08-31 09:13:56
1661937236873367000,107.0,3,106.5,49,107.0,5,2,2022-08-31 09:13:56
1661937237836548000,107.0,1,106.5,49,107.0,5,1,2022-08-31 09:13:57
1661937237971280000,107.0,1,106.5,49,107.0,3,1,2022-08-31 09:13:57
1661937238631127000,107.0,1,106.5,49,107.0,3,1,2022-08-31 09:13:58
1661937239416991000,107.0,1,106.5,49,107.0,9,1,2022-08-31 09:13:59
1661937241032115000,107.0,1,106.5,42,107.0,21,1,2022-08-31 09:14:01
1661937249712649000,106.5,1,106.5,40,107.0,65,2,2022-08-31 09:14:09
1661937250466689000,107.0,1,106.5,39,107.0,65,1,2022-08-31 09:14:10
1661937251078903000,106.5,3,106.5,36,107.0,65,2,2022-08-31 09:14:11
1661937254356746000,106.5,1,106.5,37,107.0,74,2,2022-08-31 09:14:14
1661937254959703000,106.5,20,106.5,17,107.0,74,2,2022-08-31 09:14:14
1661937254979372000,106.5,17,106.0,157,107.0,74,2,2022-08-31 09:14:14
1661937256368063000,106.0,1,106.0,145,106.5,6,2,2022-08-31 09:14:16
1661937258011114000,106.5,2,106.0,96,106.5,16,1,2022-08-31 09:14:18
1661937259903586000,106.5,1,106.0,96,106.5,18,1,2022-08-31 09:14:19
1661937260543589000,106.5,1,106.0,97,106.5,18,1,2022-08-31 09:14:20
1661937260565108000,106.0,1,106.0,96,106.5,18,2,2022-08-31 09:14:20
1661937261068069000,106.0,1,106.0,34,106.5,18,2,2022-08-31 09:14:21
1661937262509988000,106.5,1,106.0,33,106.5,20,1,2022-08-31 09:14:22
1661937264087313000,106.0,1,106.0,32,106.5,20,2,2022-08-31 09:14:24
1661937265040944000,106.5,1,106.0,32,106.5,20,1,2022-08-31 09:14:25
1661937265554868000,106.0,4,106.0,32,106.5,19,2,2022-08-31 09:14:25
1661937268944351000,106.0,1,106.0,25,106.5,20,2,2022-08-31 09:14:28
1661937269435945000,106.0,20,106.0,5,106.5,20,2,2022-08-31 09:14:29
1661937269462650000,106.0,5,105.5,149,106.5,20,2,2022-08-31 09:14:29
1661937271860967000,106.0,2,105.5,63,106.0,4,1,2022-08-31 09:14:31
1661937272391127000,106.0,2,105.5,63,106.5,19,1,2022-08-31 09:14:32
1661937273528190000,106.0,2,105.5,63,106.0,2,1,2022-08-31 09:14:33
1661937273763464000,106.0,2,105.5,72,106.5,18,1,2022-08-31 09:14:33
1661937276246672000,106.0,1,106.0,5,106.5,19,2,2022-08-31 09:14:36
1661937278122814000,106.0,1,106.0,4,106.5,19,2,2022-08-31 09:14:38
1661937279764302000,106.0,2,106.0,2,106.5,19,2,2022-08-31 09:14:39
1661937280029056000,106.0,1,106.0,1,106.5,19,2,2022-08-31 09:14:40
1661937280977302000,106.0,2,106.0,1,106.5,19,2,2022-08-31 09:14:40
1661937281420498000,106.0,1,106.0,1,106.5,19,2,2022-08-31 09:14:41
1661937281583097000,106.0,1,105.5,73,106.5,19,1,2022-08-31 09:14:41
1661937284317706000,106.0,1,105.5,77,106.0,4,1,2022-08-31 09:14:44
1661937284655479000,106.0,1,105.5,77,106.0,4,1,2022-08-31 09:14:44
1661937287058434000,106.0,3,105.5,77,106.0,3,1,2022-08-31 09:14:47
1661937288383475000,106.0,1,105.5,77,106.0,7,1,2022-08-31 09:14:48
1661937290589910000,106.0,1,105.5,70,106.0,4,1,2022-08-31 09:14:50
1661937293637084000,106.0,1,105.5,70,106.0,3,1,2022-08-31 09:14:53
1661937293650174000,106.0,2,105.5,70,106.0,1,1,2022-08-31 09:14:53
1661937295708240000,106.0,1,105.5,70,106.0,2,1,2022-08-31 09:14:55
1661937295887440000,106.0,1,105.5,70,106.0,1,1,2022-08-31 09:14:55
1661937295944309000,105.5,1,105.5,69,106.0,1,2,2022-08-31 09:14:55
1661937295986430000,105.5,1,105.5,68,106.0,1,2,2022-08-31 09:14:55
1661937296436984000,106.0,1,105.5,68,106.5,23,1,2022-08-31 09:14:56
1661937304538662000,106.0,1,106.0,11,106.5,23,2,2022-08-31 09:15:04
1661937306932775000,106.0,1,106.0,11,106.5,31,2,2022-08-31 09:15:06
1661937312579537000,106.0,1,106.0,10,106.5,30,2,2022-08-31 09:15:12
1661937312939664000,106.0,1,106.0,9,106.5,30,2,2022-08-31 09:15:12
1661937327094298000,106.0,1,106.0,46,106.5,31,2,2022-08-31 09:15:27
1661937328834282000,106.0,1,106.0,45,106.5,31,2,2022-08-31 09:15:28
1661937330231081000,106.0,1,106.0,45,106.5,30,2,2022-08-31 09:15:30
1661937333325311000,106.0,1,106.0,45,106.5,29,2,2022-08-31 09:15:33
1661937338178101000,106.0,3,106.0,43,106.5,29,2,2022-08-31 09:15:38
1661937343363876000,106.0,1,106.0,43,106.5,30,2,2022-08-31 09:15:43
1661937343678378000,106.0,1,106.0,42,106.5,30,2,2022-08-31 09:15:43
1661937347571640000,106.0,1,106.0,41,106.5,34,2,2022-08-31 09:15:47
1661937347813466000,106.0,1,106.0,40,106.5,34,2,2022-08-31 09:15:47
1661937348044316000,106.0,1,106.0,39,106.5,34,2,2022-08-31 09:15:48
1661937348256615000,106.0,1,106.0,38,106.5,34,2,2022-08-31 09:15:48
1661937354196554000,106.0,1,106.0,41,106.5,36,2,2022-08-31 09:15:54
1661937361177256000,106.0,1,106.0,50,106.5,36,2,2022-08-31 09:16:01
1661937362335904000,106.0,10,106.0,40,106.5,36,2,2022-08-31 09:16:02
1661937369307167000,106.0,1,106.0,40,106.5,28,2,2022-08-31 09:16:09
1661937372804880000,106.0,1,106.0,39,106.5,28,2,2022-08-31 09:16:12
1661937372860485000,106.0,1,106.0,38,106.5,28,2,2022-08-31 09:16:12
1661937391796139000,106.0,10,106.0,31,106.5,30,2,2022-08-31 09:16:31
1661937392025539000,106.0,1,106.0,30,106.5,30,2,2022-08-31 09:16:32
1661937395179567000,106.0,2,106.0,27,106.5,30,2,2022-08-31 09:16:35
1661937395333356000,106.0,1,106.0,26,106.5,30,2,2022-08-31 09:16:35
1661937406214759000,106.0,1,106.0,28,106.5,32,2,2022-08-31 09:16:46
1661937407338837000,106.0,1,106.0,27,106.5,32,2,2022-08-31 09:16:47
1661937409461364000,106.0,1,106.0,26,106.5,32,2,2022-08-31 09:16:49
1661937411521108000,106.0,3,106.0,23,106.5,30,2,2022-08-31 09:16:51
1661937418215278000,106.0,1,106.0,23,106.5,30,2,2022-08-31 09:16:58
1661937429014241000,106.0,1,106.0,22,106.5,30,2,2022-08-31 09:17:09
1661937431199498000,106.0,2,106.0,21,106.5,30,2,2022-08-31 09:17:11
1661937441544829000,106.0,1,106.0,22,106.5,31,2,2022-08-31 09:17:21
1661937444120243000,106.0,1,106.0,21,106.5,31,2,2022-08-31 09:17:24
1661937446505810000,106.0,1,106.0,19,106.5,31,2,2022-08-31 09:17:26
1661937466567364000,106.0,24,106.0,1,106.5,34,2,2022-08-31 09:17:46
1661937466600206000,106.0,1,105.5,112,106.5,34,2,2022-08-31 09:17:46
1661937471544892000,105.5,1,105.5,111,106.5,34,2,2022-08-31 09:17:51
1661937484780182000,106.0,1,105.5,111,106.0,3,1,2022-08-31 09:18:04
1661937484814521000,106.0,3,105.5,111,106.5,35,1,2022-08-31 09:18:04
1661937484844953000,106.5,35,105.5,111,107.0,68,1,2022-08-31 09:18:04
1661937485765393000,106.0,3,106.0,4,107.0,71,2,2022-08-31 09:18:05
1661937488842004000,106.5,1,106.0,10,107.0,69,1,2022-08-31 09:18:08
1661937490346600000,106.5,5,106.0,30,107.0,69,1,2022-08-31 09:18:10
1661937490373294000,107.0,21,106.0,30,107.0,48,1,2022-08-31 09:18:10
1661937491562907000,107.0,44,106.0,32,107.0,44,1,2022-08-31 09:18:11
1661937500814427000,107.5,1,107.0,4,107.5,79,1,2022-08-31 09:18:20
1661937504755289000,107.5,1,107.0,9,107.5,78,1,2022-08-31 09:18:24
1661937506865495000,107.5,1,107.0,9,107.5,77,1,2022-08-31 09:18:26
1661937507881545000,107.5,53,107.0,16,107.5,23,1,2022-08-31 09:18:27
1661937507911266000,107.5,13,107.0,16,107.5,10,1,2022-08-31 09:18:27
1661937507912324000,107.5,10,107.0,23,108.0,131,1,2022-08-31 09:18:27
1661937511830716000,107.5,2,107.5,16,108.0,114,2,2022-08-31 09:18:31
1661937513277282000,108.0,5,107.5,18,108.0,110,1,2022-08-31 09:18:33
1661937513325303000,108.0,2,107.5,25,108.0,108,1,2022-08-31 09:18:33
1661937513372235000,108.0,4,107.5,25,108.0,110,1,2022-08-31 09:18:33
1661937515610951000,107.5,1,107.5,26,108.0,104,2,2022-08-31 09:18:35
1661937516350561000,108.0,5,107.5,28,108.0,97,1,2022-08-31 09:18:36
1661937516922122000,108.0,5,107.5,48,108.0,92,1,2022-08-31 09:18:36
1661937517232940000,108.0,20,107.5,48,108.0,72,1,2022-08-31 09:18:37
1661937517496723000,108.0,1,107.5,48,108.0,71,1,2022-08-31 09:18:37
1661937517522927000,108.0,1,107.5,48,108.0,70,1,2022-08-31 09:18:37
1661937517832099000,108.0,1,107.5,29,108.0,69,1,2022-08-31 09:18:37
1661937517919398000,108.0,3,107.5,29,108.0,66,1,2022-08-31 09:18:37
1661937517968119000,108.0,1,107.5,29,108.0,66,1,2022-08-31 09:18:37
1661937518042330000,108.0,5,107.5,29,108.0,60,1,2022-08-31 09:18:38
1661937518065849000,108.0,4,107.5,29,108.0,56,1,2022-08-31 09:18:38
1661937518427597000,108.0,1,107.5,30,108.0,56,1,2022-08-31 09:18:38
1661937518773274000,108.0,1,107.5,30,108.0,54,1,2022-08-31 09:18:38
1661937518836962000,108.0,1,107.5,30,108.0,53,1,2022-08-31 09:18:38
1661937519294688000,108.0,1,107.5,30,108.0,52,1,2022-08-31 09:18:39
1661937519303906000,108.0,20,107.5,30,108.0,33,1,2022-08-31 09:18:39
1661937519326367000,107.5,1,107.5,29,108.0,33,2,2022-08-31 09:18:39
1661937519420366000,108.0,3,107.5,30,108.0,53,1,2022-08-31 09:18:39
1661937519616138000,108.0,1,107.5,29,108.0,29,1,2022-08-31 09:18:39
1661937519630548000,108.0,2,107.5,29,108.0,27,1,2022-08-31 09:18:39
1661937519655666000,108.0,1,107.5,29,108.0,26,1,2022-08-31 09:18:39
1661937519718596000,108.0,2,107.5,29,108.0,24,1,2022-08-31 09:18:39
1661937519830856000,108.0,8,107.5,29,108.0,16,1,2022-08-31 09:18:39
1661937519837904000,108.0,16,107.5,29,108.5,119,1,2022-08-31 09:18:39
1661937520529574000,108.5,2,108.0,31,108.5,119,1,2022-08-31 09:18:40
1661937520576531000,108.5,1,108.0,31,108.5,118,1,2022-08-31 09:18:40
1661937520587423000,108.5,1,108.0,31,108.5,117,1,2022-08-31 09:18:40
1661937520601603000,108.5,1,108.0,33,108.5,116,1,2022-08-31 09:18:40
1661937520649108000,108.5,1,108.0,33,108.5,115,1,2022-08-31 09:18:40
1661937520952478000,108.5,1,108.0,44,108.5,115,1,2022-08-31 09:18:40
1661937523030264000,108.5,1,108.0,60,108.5,113,1,2022-08-31 09:18:43
1661937523171316000,108.5,3,108.0,60,108.5,110,1,2022-08-31 09:18:43
1661937523532771000,108.5,3,108.0,60,108.5,106,1,2022-08-31 09:18:43
1661937523871223000,108.5,4,108.0,61,108.5,105,1,2022-08-31 09:18:43
1661937524654044000,108.5,1,108.0,55,108.5,104,1,2022-08-31 09:18:44
1661937524870617000,108.5,2,108.0,55,108.5,102,1,2022-08-31 09:18:44
1661937524879831000,108.0,1,108.0,54,108.5,102,2,2022-08-31 09:18:44
1661937525416449000,108.5,1,108.0,56,108.5,101,1,2022-08-31 09:18:45
1661937525696639000,108.5,1,108.0,56,108.5,99,1,2022-08-31 09:18:45
1661937525953801000,108.5,1,108.0,57,108.5,99,1,2022-08-31 09:18:45
1661937526243487000,108.5,1,108.0,57,108.5,97,1,2022-08-31 09:18:46
1661937526463413000,108.5,3,108.0,57,108.5,98,1,2022-08-31 09:18:46
1661937526486951000,108.0,1,108.0,56,108.5,94,2,2022-08-31 09:18:46
1661937527062783000,108.5,1,108.0,57,108.5,93,1,2022-08-31 09:18:47
1661937527171218000,108.5,2,108.0,58,108.5,91,1,2022-08-31 09:18:47
1661937527300788000,108.0,1,108.0,57,108.5,91,2,2022-08-31 09:18:47
1661937527410445000,108.5,1,108.0,57,108.5,90,1,2022-08-31 09:18:47
1661937527431909000,108.0,1,108.0,58,108.5,93,2,2022-08-31 09:18:47
1661937527680327000,108.5,5,108.0,52,108.5,85,1,2022-08-31 09:18:47
1661937527728350000,108.5,2,108.0,52,108.5,83,1,2022-08-31 09:18:47
1661937527944276000,108.5,2,108.0,52,108.5,83,1,2022-08-31 09:18:47
1661937528060291000,108.0,1,108.0,51,108.5,81,2,2022-08-31 09:18:48
1661937528082100000,108.5,6,108.0,51,108.5,75,1,2022-08-31 09:18:48
1661937528126028000,108.5,1,108.0,51,108.5,74,1,2022-08-31 09:18:48
1661937528129620000,108.5,3,108.0,51,108.5,71,1,2022-08-31 09:18:48
1661937528241898000,108.5,1,108.0,51,108.5,70,1,2022-08-31 09:18:48
1661937528258684000,108.5,7,108.0,51,108.5,63,1,2022-08-31 09:18:48
1661937528610161000,108.5,20,108.0,51,108.5,43,1,2022-08-31 09:18:48
1661937528685685000,108.5,1,108.0,52,108.5,42,1,2022-08-31 09:18:48
1661937529002154000,108.5,1,108.0,52,108.5,41,1,2022-08-31 09:18:49
1661937529212243000,108.5,1,108.0,32,108.5,38,1,2022-08-31 09:18:49
1661937529267972000,108.5,1,108.0,32,108.5,39,1,2022-08-31 09:18:49
1661937529460924000,108.5,1,108.0,32,108.5,36,1,2022-08-31 09:18:49
1661937529541594000,108.5,1,108.0,32,108.5,35,1,2022-08-31 09:18:49
1661937529560528000,108.5,1,108.0,32,108.5,34,1,2022-08-31 09:18:49
1661937529580619000,108.5,10,108.0,32,108.5,24,1,2022-08-31 09:18:49
1661937529619143000,108.5,10,108.0,32,108.5,14,1,2022-08-31 09:18:49
1661937529930423000,108.5,2,108.0,31,108.5,14,1,2022-08-31 09:18:49
1661937530082374000,108.5,1,108.0,31,108.5,11,1,2022-08-31 09:18:50
1661937530194303000,108.5,18,108.5,2,109.0,148,1,2022-08-31 09:18:50
1661937530631178000,109.0,2,108.5,16,109.0,146,1,2022-08-31 09:18:50
1661937530676937000,109.0,1,108.5,16,109.0,145,1,2022-08-31 09:18:50
1661937530684882000,109.0,1,108.5,16,109.0,144,1,2022-08-31 09:18:50
1661937530686652000,109.0,2,108.5,16,109.0,142,1,2022-08-31 09:18:50
1661937530688784000,109.0,2,108.5,16,109.0,140,1,2022-08-31 09:18:50
1661937530689316000,109.0,20,108.5,16,109.0,120,1,2022-08-31 09:18:50
1661937530694961000,109.0,1,108.5,16,109.0,119,1,2022-08-31 09:18:50
1661937530700087000,109.0,1,108.5,16,109.0,118,1,2022-08-31 09:18:50
1661937530700348000,109.0,1,108.5,16,109.0,117,1,2022-08-31 09:18:50
1661937530707107000,109.0,1,108.5,16,109.0,116,1,2022-08-31 09:18:50
1661937530713086000,109.0,1,108.5,17,109.0,115,1,2022-08-31 09:18:50
1661937530720417000,109.0,1,108.5,17,109.0,114,1,2022-08-31 09:18:50
1661937530740195000,108.5,17,108.0,32,108.5,26,2,2022-08-31 09:18:50
1661937530757574000,108.5,1,108.0,32,108.5,25,1,2022-08-31 09:18:50
1661937530809762000,108.5,1,108.0,32,108.5,24,1,2022-08-31 09:18:50
1661937530826222000,108.5,1,108.0,32,108.5,23,1,2022-08-31 09:18:50
1661937530828069000,108.5,1,108.0,32,108.5,22,1,2022-08-31 09:18:50
1661937530976072000,108.5,1,108.0,31,108.5,22,1,2022-08-31 09:18:50
1661937531026788000,108.5,1,108.0,31,108.5,21,1,2022-08-31 09:18:51
1661937531108320000,108.5,10,108.0,31,108.5,11,1,2022-08-31 09:18:51
1661937531147709000,108.0,1,108.0,30,108.5,11,2,2022-08-31 09:18:51
1661937531204365000,108.5,1,108.0,30,108.5,10,1,2022-08-31 09:18:51
1661937531224878000,108.5,1,108.0,30,108.5,9,1,2022-08-31 09:18:51
1661937531348396000,108.5,3,108.0,30,108.5,7,1,2022-08-31 09:18:51
1661937531368477000,108.5,7,108.0,29,109.0,108,1,2022-08-31 09:18:51
1661937531368477000,109.0,6,108.0,29,109.0,108,1,2022-08-31 09:18:51
1661937531529243000,109.0,1,108.5,1,109.0,107,1,2022-08-31 09:18:51
1661937531632692000,109.0,10,108.5,11,109.0,97,1,2022-08-31 09:18:51
1661937531644907000,108.5,1,108.5,10,109.0,97,2,2022-08-31 09:18:51
1661937531678592000,108.5,5,108.5,5,109.0,97,2,2022-08-31 09:18:51
1661937531766919000,108.5,2,108.5,4,109.0,97,2,2022-08-31 09:18:51
1661937531923529000,108.5,1,108.5,6,109.0,98,2,2022-08-31 09:18:51
1661937531971873000,108.5,5,108.0,29,109.0,98,2,2022-08-31 09:18:51
1661937532198369000,109.0,1,108.5,2,109.0,97,1,2022-08-31 09:18:52
1661937532437133000,108.5,1,108.5,8,109.0,98,2,2022-08-31 09:18:52
1661937532886420000,109.0,10,108.5,16,109.0,92,1,2022-08-31 09:18:52
1661937532889718000,108.5,1,108.5,15,109.0,92,2,2022-08-31 09:18:52
1661937532900456000,109.0,1,108.5,16,109.0,102,1,2022-08-31 09:18:52
1661937533116919000,109.0,2,108.5,15,109.0,88,1,2022-08-31 09:18:53
1661937533456041000,108.5,2,108.5,18,109.0,88,2,2022-08-31 09:18:53
1661937533838752000,109.0,2,108.5,24,109.0,86,1,2022-08-31 09:18:53
1661937534506954000,109.0,2,108.5,27,109.0,84,1,2022-08-31 09:18:54
1661937534593220000,109.0,1,108.5,27,109.0,83,1,2022-08-31 09:18:54
1661937535012751000,109.0,5,108.5,31,109.0,80,1,2022-08-31 09:18:55
1661937535186539000,109.0,2,108.5,30,109.0,78,1,2022-08-31 09:18:55
1661937535478402000,109.0,10,108.5,31,109.0,77,1,2022-08-31 09:18:55
1661937535626473000,109.0,1,108.5,31,109.0,76,1,2022-08-31 09:18:55
1661937535671730000,109.0,1,108.5,31,109.0,75,1,2022-08-31 09:18:55
1661937535974322000,108.5,1,108.5,31,109.0,75,2,2022-08-31 09:18:55
1661937536171436000,109.0,2,108.5,32,109.0,73,1,2022-08-31 09:18:56
1661937536210763000,109.0,10,108.5,33,109.0,63,1,2022-08-31 09:18:56
1661937536448662000,109.0,3,108.5,35,109.0,63,1,2022-08-31 09:18:56
1661937536657161000,109.0,1,108.5,36,109.0,61,1,2022-08-31 09:18:56
1661937536680693000,109.0,1,108.5,36,109.0,60,1,2022-08-31 09:18:56
1661937536721317000,109.0,1,108.5,36,109.0,59,1,2022-08-31 09:18:56
1661937536874684000,109.0,10,108.5,42,109.0,50,1,2022-08-31 09:18:56
1661937537011757000,109.0,1,108.5,43,109.0,49,1,2022-08-31 09:18:57
1661937537274687000,109.0,1,108.5,43,109.0,48,1,2022-08-31 09:18:57
1661937537701212000,109.0,1,108.5,45,109.0,52,1,2022-08-31 09:18:57
1661937537751301000,109.0,1,108.5,45,109.0,51,1,2022-08-31 09:18:57
1661937537753941000,109.0,4,108.5,45,109.0,47,1,2022-08-31 09:18:57
1661937537908408000,109.0,1,108.5,46,109.0,47,1,2022-08-31 09:18:57
1661937538134723000,109.0,1,108.5,47,109.0,45,1,2022-08-31 09:18:58
1661937538135235000,109.0,1,108.5,47,109.0,44,1,2022-08-31 09:18:58
1661937538182838000,109.0,1,108.5,47,109.0,43,1,2022-08-31 09:18:58
1661937538264559000,109.0,3,108.5,47,109.0,40,1,2022-08-31 09:18:58
1661937538514489000,109.0,1,108.5,49,109.0,59,1,2022-08-31 09:18:58
1661937538629173000,109.0,1,108.5,49,109.0,59,1,2022-08-31 09:18:58
1661937538728701000,109.0,1,108.5,50,109.0,58,1,2022-08-31 09:18:58
1661937538741388000,109.0,1,108.5,50,109.0,57,1,2022-08-31 09:18:58
1661937538837926000,109.0,18,108.5,50,109.0,59,1,2022-08-31 09:18:58
1661937539040262000,109.0,1,108.5,50,109.0,38,1,2022-08-31 09:18:59
1661937539042191000,109.0,10,108.5,50,109.0,28,1,2022-08-31 09:18:59
1661937539366260000,108.5,1,108.5,51,109.0,28,2,2022-08-31 09:18:59
1661937539431463000,109.0,1,108.5,52,109.0,28,1,2022-08-31 09:18:59
1661937539542728000,109.0,5,108.5,51,109.0,22,1,2022-08-31 09:18:59
1661937539634978000,109.0,1,108.5,51,109.0,24,1,2022-08-31 09:18:59
1661937539737865000,109.0,1,108.5,51,109.0,23,1,2022-08-31 09:18:59
1661937539785758000,109.0,2,108.5,51,109.0,21,1,2022-08-31 09:18:59
1661937539847534000,108.5,1,108.5,50,109.0,21,2,2022-08-31 09:18:59
1661937539875706000,109.0,1,108.5,50,109.0,20,1,2022-08-31 09:18:59
1661937539969443000,109.0,3,108.5,50,109.0,23,1,2022-08-31 09:18:59
1661937540087892000,108.5,1,108.5,49,109.0,25,2,2022-08-31 09:19:00
1661937540218628000,109.0,1,108.5,50,109.0,24,1,2022-08-31 09:19:00
1661937540232127000,109.0,1,108.5,50,109.0,23,1,2022-08-31 09:19:00
1661937540324256000,109.0,5,108.5,50,109.0,18,1,2022-08-31 09:19:00
1661937540403539000,109.0,1,108.5,50,109.0,25,1,2022-08-31 09:19:00
1661937540522639000,109.0,1,108.5,50,109.0,16,1,2022-08-31 09:19:00
1661937540570033000,109.0,1,108.5,50,109.0,15,1,2022-08-31 09:19:00
1661937540935357000,109.0,2,108.5,70,109.0,21,1,2022-08-31 09:19:00
1661937541092029000,108.5,3,108.5,68,109.0,19,2,2022-08-31 09:19:01
1661937541109926000,109.0,1,108.5,68,109.0,18,1,2022-08-31 09:19:01
1661937541213291000,109.0,1,108.5,68,109.0,17,1,2022-08-31 09:19:01
1661937541545269000,109.0,1,108.5,68,109.0,21,1,2022-08-31 09:19:01
1661937541727148000,109.0,1,108.5,67,109.0,22,1,2022-08-31 09:19:01
1661937541753925000,109.0,1,108.5,67,109.0,21,1,2022-08-31 09:19:01
1661937541761287000,109.0,1,108.5,67,109.0,20,1,2022-08-31 09:19:01
1661937541811684000,109.0,1,108.5,67,109.0,19,1,2022-08-31 09:19:01
1661937541845613000,109.0,1,108.5,68,109.0,23,1,2022-08-31 09:19:01
1661937542099358000,109.0,2,108.5,67,109.0,17,1,2022-08-31 09:19:02
1661937542100126000,109.0,10,108.5,67,109.0,7,1,2022-08-31 09:19:02
1661937542207029000,109.0,3,108.5,67,109.0,4,1,2022-08-31 09:19:02
1661937542225763000,109.0,1,108.5,67,109.0,3,1,2022-08-31 09:19:02
1661937542230555000,109.0,1,108.5,67,109.0,2,1,2022-08-31 09:19:02
1661937542329899000,109.0,2,108.5,67,109.5,76,1,2022-08-31 09:19:02
1661937542382860000,109.0,1,108.5,67,109.0,20,1,2022-08-31 09:19:02
1661937542477702000,109.0,1,108.5,66,109.0,18,1,2022-08-31 09:19:02
1661937542529584000,109.0,1,108.5,66,109.0,17,1,2022-08-31 09:19:02
1661937542567864000,109.0,1,108.5,66,109.0,16,1,2022-08-31 09:19:02
1661937542631270000,109.0,1,108.5,66,109.0,15,1,2022-08-31 09:19:02
1661937542800956000,109.0,1,108.5,67,109.0,64,1,2022-08-31 09:19:02
1661937542818978000,109.0,1,108.5,67,109.0,63,1,2022-08-31 09:19:02
1661937542845002000,109.0,1,108.5,68,109.0,62,1,2022-08-31 09:19:02
1661937542992576000,109.0,1,108.5,68,109.0,62,1,2022-08-31 09:19:02
1661937543096389000,109.0,1,108.5,68,109.0,61,1,2022-08-31 09:19:03
1661937543116777000,109.0,5,108.5,68,109.0,56,1,2022-08-31 09:19:03
1661937543347023000,109.0,1,108.5,68,109.0,69,1,2022-08-31 09:19:03
1661937543393669000,109.0,5,108.5,68,109.0,69,1,2022-08-31 09:19:03
1661937543402250000,109.0,1,108.5,68,109.0,68,1,2022-08-31 09:19:03
1661937543580269000,109.0,1,108.5,68,109.0,71,1,2022-08-31 09:19:03
1661937544537614000,109.0,1,108.5,71,109.0,101,1,2022-08-31 09:19:04
1661937544894772000,109.0,1,108.5,71,109.0,101,1,2022-08-31 09:19:04
1661937544924276000,109.0,1,108.5,71,109.0,102,1,2022-08-31 09:19:04
1661937545334178000,109.0,1,108.5,72,109.0,111,1,2022-08-31 09:19:05
1661937545345332000,109.0,1,108.5,72,109.0,112,1,2022-08-31 09:19:05
1661937545546616000,109.0,1,108.5,72,109.0,109,1,2022-08-31 09:19:05
1661937545606393000,109.0,1,108.5,72,109.0,108,1,2022-08-31 09:19:05
1661937545706655000,109.0,1,108.5,72,109.0,107,1,2022-08-31 09:19:05
1661937545777162000,108.5,1,108.5,71,109.0,107,2,2022-08-31 09:19:05
1661937546072077000,109.0,1,108.5,71,109.0,106,1,2022-08-31 09:19:06
1661937546160254000,109.0,1,108.5,71,109.0,106,1,2022-08-31 09:19:06
1661937546228535000,109.0,1,108.5,72,109.0,105,1,2022-08-31 09:19:06
1661937546978386000,108.5,1,108.5,70,109.0,105,2,2022-08-31 09:19:06
1661937546999367000,108.5,1,108.5,69,109.0,105,2,2022-08-31 09:19:06
1661937547330282000,109.0,1,108.5,69,109.0,104,1,2022-08-31 09:19:07
1661937547798955000,109.0,20,108.5,50,109.0,82,1,2022-08-31 09:19:07
1661937547812764000,108.5,5,108.5,70,109.0,102,2,2022-08-31 09:19:07
1661937548246674000,108.5,1,108.5,44,109.0,82,2,2022-08-31 09:19:08
1661937548381223000,109.0,2,108.5,45,109.0,82,1,2022-08-31 09:19:08
1661937548488473000,108.5,4,108.5,40,109.0,80,2,2022-08-31 09:19:08
1661937548517243000,109.0,1,108.5,39,109.0,79,1,2022-08-31 09:19:08
1661937548600452000,108.5,1,108.5,38,109.0,79,2,2022-08-31 09:19:08
1661937548683308000,109.0,1,108.5,38,109.0,78,1,2022-08-31 09:19:08
1661937548907397000,109.0,1,108.5,38,109.0,79,1,2022-08-31 09:19:08
1661937549099910000,109.0,1,108.5,38,109.0,77,1,2022-08-31 09:19:09
1661937549397326000,108.5,1,108.5,37,109.0,77,2,2022-08-31 09:19:09
1661937549405531000,108.5,1,108.5,38,109.0,77,2,2022-08-31 09:19:09
1661937549445487000,108.5,1,108.5,35,109.0,77,2,2022-08-31 09:19:09
1661937550600657000,108.5,1,108.5,33,109.0,79,2,2022-08-31 09:19:10
1661937550615094000,108.5,1,108.5,32,109.0,79,2,2022-08-31 09:19:10
1661937550947131000,109.0,1,108.5,32,109.0,79,1,2022-08-31 09:19:10
1661937551383597000,108.5,1,108.5,32,109.0,80,2,2022-08-31 09:19:11
1661937551441538000,108.5,1,108.5,30,109.0,80,2,2022-08-31 09:19:11
1661937551867818000,108.5,1,108.5,28,109.0,80,2,2022-08-31 09:19:11
1661937552130879000,108.5,1,108.5,27,109.0,80,2,2022-08-31 09:19:12
1661937552183529000,108.5,1,108.5,26,109.0,80,2,2022-08-31 09:19:12
1661937552912167000,108.5,2,108.5,27,109.0,79,2,2022-08-31 09:19:12
1661937552981826000,108.5,2,108.5,23,109.0,79,2,2022-08-31 09:19:12
1661937553544922000,109.0,20,108.5,21,109.0,61,1,2022-08-31 09:19:13
1661937553679394000,108.5,3,108.5,18,109.0,62,2,2022-08-31 09:19:13
1661937554048476000,108.5,2,108.5,16,109.0,64,2,2022-08-31 09:19:14
1661937554346955000,108.5,1,108.5,16,109.0,64,2,2022-08-31 09:19:14
1661937554592143000,108.5,1,108.5,14,109.0,64,2,2022-08-31 09:19:14
1661937554604716000,109.0,1,108.5,14,109.0,63,1,2022-08-31 09:19:14
1661937554930534000,108.5,1,108.5,13,109.0,63,2,2022-08-31 09:19:14
1661937555174822000,108.5,1,108.5,12,109.0,66,2,2022-08-31 09:19:15
1661937555192539000,109.0,2,108.5,12,109.0,64,1,2022-08-31 09:19:15
1661937555389379000,109.0,50,108.5,12,109.0,15,1,2022-08-31 09:19:15
1661937555397871000,109.0,1,108.5,12,109.0,65,1,2022-08-31 09:19:15
1661937556049001000,108.5,1,108.5,11,109.0,16,2,2022-08-31 09:19:16
1661937556217609000,108.5,1,108.5,11,109.0,16,2,2022-08-31 09:19:16
1661937556350477000,109.0,1,108.5,12,109.0,16,1,2022-08-31 09:19:16
1661937556507749000,108.5,1,108.5,11,109.0,15,2,2022-08-31 09:19:16
1661937556629155000,108.5,13,108.0,43,108.5,3,2,2022-08-31 09:19:16
1661937556724380000,108.5,3,108.0,43,109.0,65,1,2022-08-31 09:19:16
1661937556778659000,108.5,1,108.5,1,109.0,65,1,2022-08-31 09:19:16
1661937557178007000,109.0,1,108.5,1,109.0,64,1,2022-08-31 09:19:17
1661937557238717000,109.0,2,108.5,2,109.0,62,1,2022-08-31 09:19:17
1661937557350908000,109.0,1,108.5,2,109.0,61,1,2022-08-31 09:19:17
1661937557863275000,108.5,1,108.5,2,109.0,63,2,2022-08-31 09:19:17
1661937558625492000,108.5,1,108.0,45,109.0,67,2,2022-08-31 09:19:18
1661937558958676000,109.0,1,108.5,1,109.0,68,1,2022-08-31 09:19:18
1661937559057170000,109.0,1,108.5,1,109.0,70,1,2022-08-31 09:19:19
1661937559109967000,109.0,2,108.5,1,109.0,71,1,2022-08-31 09:19:19
1661937559155603000,108.5,1,108.0,51,108.5,4,2,2022-08-31 09:19:19
1661937559269648000,108.5,1,108.0,51,108.5,3,1,2022-08-31 09:19:19
1661937559330440000,108.5,1,108.0,51,108.5,7,1,2022-08-31 09:19:19
1661937559467343000,108.5,7,108.0,45,109.0,71,1,2022-08-31 09:19:19
1661937559467343000,109.0,3,108.0,45,109.0,71,1,2022-08-31 09:19:19
1661937559620487000,109.0,1,108.5,1,109.0,71,1,2022-08-31 09:19:19
1661937559726282000,109.0,1,108.5,2,109.0,72,1,2022-08-31 09:19:19
1661937559785768000,109.0,2,108.5,2,109.0,70,1,2022-08-31 09:19:19
1661937559805569000,109.0,1,108.5,2,109.0,69,1,2022-08-31 09:19:19
1661937560066994000,108.5,2,108.5,2,109.0,71,2,2022-08-31 09:19:20
1661937560160989000,108.5,1,108.5,1,109.0,71,2,2022-08-31 09:19:20
1661937560318583000,108.5,1,108.0,51,109.0,71,2,2022-08-31 09:19:20
1661937561202297000,109.0,1,108.5,3,109.0,75,1,2022-08-31 09:19:21
1661937561444672000,109.0,1,108.5,3,109.0,74,1,2022-08-31 09:19:21
1661937561537239000,108.5,1,108.5,2,109.0,74,2,2022-08-31 09:19:21
1661937562036153000,108.5,1,108.5,3,109.0,77,2,2022-08-31 09:19:22
1661937562261662000,108.5,1,108.5,3,109.0,77,2,2022-08-31 09:19:22
1661937562870596000,108.5,3,108.5,1,109.0,77,2,2022-08-31 09:19:22
1661937562897559000,108.5,1,108.5,4,109.0,77,2,2022-08-31 09:19:22
1661937563484852000,108.5,1,108.0,54,109.0,77,1,2022-08-31 09:19:23
1661937564145954000,108.5,1,108.0,54,109.0,81,2,2022-08-31 09:19:24
1661937564750598000,108.5,2,108.0,55,109.0,82,1,2022-08-31 09:19:24
1661937565266117000,108.5,1,108.5,6,109.0,84,2,2022-08-31 09:19:25
1661937565474778000,108.5,5,108.0,56,109.0,84,2,2022-08-31 09:19:25
1661937566336567000,108.5,2,108.5,1,109.0,85,2,2022-08-31 09:19:26
1661937566363329000,108.5,1,108.0,58,109.0,85,2,2022-08-31 09:19:26
1661937567187448000,108.5,1,108.0,55,108.5,14,1,2022-08-31 09:19:27
1661937569242185000,108.5,1,108.0,55,108.5,32,1,2022-08-31 09:19:29
1661937569896997000,108.5,1,108.0,56,108.5,34,1,2022-08-31 09:19:29
1661937570360530000,108.5,1,108.0,58,108.5,36,1,2022-08-31 09:19:30
1661937570430091000,108.5,1,108.0,59,108.5,35,1,2022-08-31 09:19:30
1661937571097914000,108.5,1,108.0,60,108.5,34,1,2022-08-31 09:19:31
1661937573640686000,108.0,1,108.0,64,108.5,52,2,2022-08-31 09:19:33
1661937573702156000,108.5,1,108.0,64,108.5,51,1,2022-08-31 09:19:33
1661937575386493000,108.5,1,108.0,70,108.5,54,1,2022-08-31 09:19:35
1661937575661139000,108.5,1,108.0,70,108.5,52,1,2022-08-31 09:19:35
1661937576205249000,108.5,2,108.0,70,108.5,51,1,2022-08-31 09:19:36
1661937577826898000,108.5,1,108.0,76,108.5,53,1,2022-08-31 09:19:37
1661937579188673000,108.5,2,108.0,76,108.5,52,1,2022-08-31 09:19:39
1661937579599687000,108.5,1,108.0,77,108.5,51,1,2022-08-31 09:19:39
1661937579772528000,108.5,2,108.0,77,108.5,52,1,2022-08-31 09:19:39
1661937580185549000,108.5,5,108.0,77,108.5,44,1,2022-08-31 09:19:40
1661937580616990000,108.5,5,108.0,77,108.5,40,1,2022-08-31 09:19:40
1661937581135235000,108.5,1,108.0,77,108.5,46,1,2022-08-31 09:19:41
1661937581167515000,108.5,1,108.0,77,108.5,45,1,2022-08-31 09:19:41
1661937581263756000,108.5,5,108.0,78,108.5,40,1,2022-08-31 09:19:41
1661937581650311000,108.5,1,108.0,78,108.5,39,1,2022-08-31 09:19:41
1661937581826048000,108.5,1,108.0,78,108.5,36,1,2022-08-31 09:19:41
1661937583682270000,108.5,20,108.0,77,108.5,21,1,2022-08-31 09:19:43
1661937583735023000,108.5,2,108.0,77,108.5,19,1,2022-08-31 09:19:43
1661937584167163000,108.5,1,108.0,77,108.5,19,1,2022-08-31 09:19:44
1661937584593744000,108.5,1,108.0,77,108.5,18,1,2022-08-31 09:19:44
1661937584953958000,108.5,2,108.0,77,108.5,23,1,2022-08-31 09:19:44
1661937584985356000,108.5,20,108.0,77,108.5,3,1,2022-08-31 09:19:44
1661937585105620000,108.5,3,108.5,2,109.0,92,1,2022-08-31 09:19:45
1661937587948773000,108.5,5,108.5,24,109.0,95,2,2022-08-31 09:19:47
1661937589354765000,108.5,1,108.5,28,109.0,90,2,2022-08-31 09:19:49
1661937589394405000,108.5,1,108.5,29,109.0,90,2,2022-08-31 09:19:49
1661937589549717000,108.5,2,108.5,25,109.0,88,2,2022-08-31 09:19:49
1661937589939623000,109.0,3,108.5,26,109.0,85,1,2022-08-31 09:19:49
1661937590061879000,108.5,5,108.5,21,109.0,85,2,2022-08-31 09:19:50
1661937590097937000,108.5,1,108.5,20,109.0,85,2,2022-08-31 09:19:50
1661937591766014000,108.5,1,108.5,23,109.0,84,2,2022-08-31 09:19:51
1661937592248410000,108.5,5,108.5,23,109.0,84,2,2022-08-31 09:19:52
1661937593167313000,108.5,10,108.5,18,109.0,85,2,2022-08-31 09:19:53
1661937594546732000,108.5,1,108.5,9,109.0,85,2,2022-08-31 09:19:54
1661937594976648000,108.5,3,108.5,6,109.0,85,2,2022-08-31 09:19:54
1661937595327400000,108.5,1,108.5,5,109.0,85,2,2022-08-31 09:19:55
1661937595804835000,108.5,3,108.5,2,109.0,85,2,2022-08-31 09:19:55
1661937595844859000,108.5,1,108.5,1,109.0,85,2,2022-08-31 09:19:55
1661937595887149000,108.5,1,108.0,80,109.0,85,2,2022-08-31 09:19:55
