ts,close,volume,bid_price,bid_volume,ask_price,ask_volume,tick_type,datetime
1657011607749314000,52.6,639,52.6,68,52.7,7,1,2022-07-05 09:00:07
1657011607786423000,52.7,7,52.6,68,52.8,8,1,2022-07-05 09:00:07
1657011607837121000,52.6,62,52.6,6,52.8,11,2,2022-07-05 09:00:07
1657011607848997000,52.8,1,52.6,6,52.8,10,1,2022-07-05 09:00:07
1657011607867001000,52.6,1,52.6,6,52.8,10,2,2022-07-05 09:00:07
1657011607873787000,52.6,1,52.6,5,52.8,10,2,2022-07-05 09:00:07
1657011608218292000,52.7,1,52.6,6,52.8,1,1,2022-07-05 09:00:08
1657011608218292000,52.8,9,52.6,6,52.8,1,1,2022-07-05 09:00:08
1657011608410145000,52.8,1,52.6,6,52.9,21,1,2022-07-05 09:00:08
1657011608533834000,52.8,3,52.7,60,52.9,21,1,2022-07-05 09:00:08
1657011608560566000,52.9,1,52.7,60,52.9,20,1,2022-07-05 09:00:08
1657011608564859000,52.9,20,52.7,60,53.0,24,1,2022-07-05 09:00:08
1657011608658132000,52.7,6,52.7,54,53.0,24,2,2022-07-05 09:00:08
1657011608713121000,53.0,1,52.7,54,53.0,23,1,2022-07-05 09:00:08
1657011608747993000,53.0,23,52.7,54,53.1,5,1,2022-07-05 09:00:08
1657011608855633000,53.1,1,52.8,9,53.1,4,1,2022-07-05 09:00:08
1657011608897651000,52.8,1,52.8,8,53.1,4,2,2022-07-05 09:00:08
1657011608990934000,53.0,1,52.9,2,53.0,7,1,2022-07-05 09:00:08
1657011609129106000,53.0,1,52.8,2,53.0,6,1,2022-07-05 09:00:09
1657011609263323000,53.0,1,52.8,2,53.0,5,1,2022-07-05 09:00:09
1657011609341242000,53.0,2,52.8,2,53.0,3,1,2022-07-05 09:00:09
1657011609409342000,53.0,3,52.8,2,53.1,4,1,2022-07-05 09:00:09
1657011609440711000,53.1,1,52.8,9,53.1,4,1,2022-07-05 09:00:09
1657011609468867000,53.1,3,52.8,9,53.2,2,1,2022-07-05 09:00:09
1657011609524711000,53.1,1,52.9,2,53.1,1,1,2022-07-05 09:00:09
1657011609563112000,53.1,1,53.0,2,53.5,12,1,2022-07-05 09:00:09
1657011609563112000,53.2,2,53.0,2,53.5,12,1,2022-07-05 09:00:09
1657011609563112000,53.3,4,53.0,2,53.5,12,1,2022-07-05 09:00:09
1657011609563112000,53.4,12,53.0,2,53.5,12,1,2022-07-05 09:00:09
1657011609563112000,53.5,1,53.0,2,53.5,12,1,2022-07-05 09:00:09
1657011609691443000,53.5,1,53.1,1,53.5,11,1,2022-07-05 09:00:09
1657011609828485000,53.5,1,53.1,3,53.5,10,1,2022-07-05 09:00:09
1657011609853729000,53.5,1,53.1,3,53.5,9,1,2022-07-05 09:00:09
1657011609892457000,53.5,1,53.1,3,53.5,8,1,2022-07-05 09:00:09
1657011609970122000,53.5,1,53.2,2,53.5,7,1,2022-07-05 09:00:09
1657011609986372000,53.5,6,53.2,2,53.5,1,1,2022-07-05 09:00:09
1657011609997204000,53.5,1,53.2,2,53.6,8,1,2022-07-05 09:00:09
1657011609997204000,53.6,4,53.2,2,53.6,8,1,2022-07-05 09:00:09
1657011610004376000,53.2,2,53.1,3,53.2,8,2,2022-07-05 09:00:10
1657011610037706000,53.2,8,53.1,3,53.6,8,1,2022-07-05 09:00:10
1657011610125863000,53.5,1,53.2,2,53.6,8,2,2022-07-05 09:00:10
1657011610138342000,53.6,1,53.1,3,53.6,7,1,2022-07-05 09:00:10
1657011610193777000,53.5,1,53.2,2,53.6,7,2,2022-07-05 09:00:10
1657011610542507000,53.6,1,53.2,2,53.6,6,1,2022-07-05 09:00:10
1657011610651143000,53.6,1,53.2,2,53.6,5,1,2022-07-05 09:00:10
1657011610964151000,53.5,1,53.2,2,53.6,1,1,2022-07-05 09:00:10
1657011610964151000,53.6,4,53.2,2,53.6,1,1,2022-07-05 09:00:10
1657011611459239000,53.5,10,53.2,2,53.6,1,1,2022-07-05 09:00:11
1657011611700690000,53.5,1,53.2,2,53.6,1,2,2022-07-05 09:00:11
1657011612076837000,53.2,1,53.2,1,53.6,1,2,2022-07-05 09:00:12
1657011612103441000,53.2,1,53.1,10,53.5,1,2,2022-07-05 09:00:12
1657011612228053000,53.1,8,52.9,3,53.5,3,2,2022-07-05 09:00:12
1657011612228053000,53.0,2,52.9,3,53.5,3,2,2022-07-05 09:00:12
1657011612228053000,52.9,10,52.9,3,53.5,3,2,2022-07-05 09:00:12
1657011612285871000,53.4,1,53.0,2,53.4,4,1,2022-07-05 09:00:12
1657011612463143000,53.4,1,53.1,1,53.4,3,1,2022-07-05 09:00:12
1657011612565319000,53.4,1,53.1,1,53.4,2,1,2022-07-05 09:00:12
1657011612758292000,53.4,6,53.1,1,53.4,1,1,2022-07-05 09:00:12
1657011612787536000,53.4,1,53.1,1,53.5,8,1,2022-07-05 09:00:12
1657011612923384000,53.3,5,53.3,2,53.5,8,2,2022-07-05 09:00:12
1657011612946856000,53.3,2,53.1,1,53.5,8,2,2022-07-05 09:00:12
1657011613055115000,53.3,2,53.1,1,53.3,3,1,2022-07-05 09:00:13
1657011613162185000,53.3,2,53.1,1,53.3,3,1,2022-07-05 09:00:13
1657011613220062000,53.3,1,53.1,1,53.3,2,1,2022-07-05 09:00:13
1657011613336235000,53.4,1,53.1,1,53.4,9,1,2022-07-05 09:00:13
1657011613344946000,53.4,5,53.1,1,53.4,4,1,2022-07-05 09:00:13
1657011613495236000,53.3,1,53.1,1,53.3,6,1,2022-07-05 09:00:13
1657011613643714000,53.3,2,53.1,1,53.3,9,1,2022-07-05 09:00:13
1657011613836019000,53.3,1,53.1,1,53.3,8,1,2022-07-05 09:00:13
1657011613895580000,53.3,1,53.1,1,53.3,7,1,2022-07-05 09:00:13
1657011614003875000,53.3,1,53.1,1,53.3,6,1,2022-07-05 09:00:14
1657011614058700000,53.3,1,53.1,1,53.3,5,1,2022-07-05 09:00:14
1657011614551344000,53.1,1,53.0,15,53.3,5,2,2022-07-05 09:00:14
1657011614760126000,53.3,5,53.0,15,53.3,2,1,2022-07-05 09:00:14
1657011615163960000,53.2,1,53.0,15,53.2,13,1,2022-07-05 09:00:15
1657011615186681000,53.2,1,53.0,15,53.2,12,1,2022-07-05 09:00:15
1657011615375584000,53.2,1,53.0,15,53.2,11,1,2022-07-05 09:00:15
1657011615381148000,53.2,1,53.0,15,53.2,10,1,2022-07-05 09:00:15
1657011615391523000,53.2,1,53.0,15,53.2,9,1,2022-07-05 09:00:15
1657011615641526000,53.2,1,53.0,15,53.2,8,1,2022-07-05 09:00:15
1657011615925159000,53.2,1,53.0,15,53.2,17,1,2022-07-05 09:00:15
1657011615984419000,53.2,1,53.0,15,53.2,23,1,2022-07-05 09:00:15
1657011616032326000,53.2,1,53.0,15,53.2,23,1,2022-07-05 09:00:16
1657011616352748000,53.1,2,53.0,16,53.1,1,1,2022-07-05 09:00:16
1657011616367897000,53.1,1,53.0,16,53.2,24,1,2022-07-05 09:00:16
1657011616367897000,53.2,2,53.0,16,53.2,24,1,2022-07-05 09:00:16
1657011616401025000,53.2,3,53.0,16,53.2,21,1,2022-07-05 09:00:16
1657011616432782000,53.2,1,53.0,16,53.2,20,1,2022-07-05 09:00:16
1657011616446506000,53.2,1,53.0,16,53.2,21,1,2022-07-05 09:00:16
1657011616635183000,53.2,1,53.0,16,53.2,18,1,2022-07-05 09:00:16
1657011616677785000,53.1,3,53.0,16,53.1,7,1,2022-07-05 09:00:16
1657011616928099000,53.1,1,53.0,16,53.1,12,1,2022-07-05 09:00:16
1657011616929556000,53.1,4,53.0,16,53.1,8,1,2022-07-05 09:00:16
1657011616967903000,53.1,6,53.0,16,53.1,6,1,2022-07-05 09:00:16
1657011617000943000,53.1,2,53.0,16,53.2,18,2,2022-07-05 09:00:17
1657011617188096000,53.2,1,53.0,16,53.2,17,1,2022-07-05 09:00:17
1657011617188703000,53.2,1,53.0,16,53.2,16,1,2022-07-05 09:00:17
1657011617230210000,53.2,1,53.0,16,53.2,19,1,2022-07-05 09:00:17
1657011617418458000,53.2,1,53.0,16,53.2,18,1,2022-07-05 09:00:17
1657011617481195000,53.2,18,53.0,17,53.2,18,1,2022-07-05 09:00:17
1657011617481195000,53.3,3,53.0,17,53.2,18,1,2022-07-05 09:00:17
1657011617523312000,53.3,2,53.0,17,53.3,23,1,2022-07-05 09:00:17
1657011617684324000,53.3,1,53.1,1,53.3,20,1,2022-07-05 09:00:17
1657011617727756000,53.1,1,53.0,17,53.1,4,2,2022-07-05 09:00:17
1657011617879557000,53.1,4,53.0,17,53.3,20,1,2022-07-05 09:00:17
1657011617879557000,53.2,1,53.0,17,53.3,20,1,2022-07-05 09:00:17
1657011618138962000,53.3,10,53.0,27,53.3,11,1,2022-07-05 09:00:18
1657011618363372000,53.3,1,53.1,1,53.3,10,1,2022-07-05 09:00:18
1657011618501583000,53.2,1,53.1,1,53.2,4,2,2022-07-05 09:00:18
1657011618592201000,53.1,2,53.0,28,53.2,4,2,2022-07-05 09:00:18
1657011618592201000,53.0,1,53.0,28,53.2,4,2,2022-07-05 09:00:18
1657011618879330000,53.2,4,53.0,32,53.3,11,1,2022-07-05 09:00:18
1657011618941172000,53.3,1,53.1,1,53.3,11,1,2022-07-05 09:00:18
1657011619123606000,53.2,1,53.1,3,53.2,2,2,2022-07-05 09:00:19
1657011619148330000,53.1,1,53.1,2,53.2,2,2,2022-07-05 09:00:19
1657011619188255000,53.2,1,53.1,2,53.2,1,1,2022-07-05 09:00:19
1657011619348445000,53.2,1,53.2,9,53.3,10,1,2022-07-05 09:00:19
1657011619536106000,53.2,1,53.2,8,53.3,10,2,2022-07-05 09:00:19
1657011619546447000,53.2,2,53.2,6,53.3,10,2,2022-07-05 09:00:19
1657011619591296000,53.3,1,53.2,7,53.3,9,1,2022-07-05 09:00:19
1657011619653500000,53.2,4,53.2,3,53.3,9,2,2022-07-05 09:00:19
1657011619818882000,53.3,7,53.2,3,53.3,2,1,2022-07-05 09:00:19
1657011619898821000,53.3,2,53.2,3,53.4,7,1,2022-07-05 09:00:19
1657011619898821000,53.4,4,53.2,3,53.4,7,1,2022-07-05 09:00:19
1657011619970569000,53.2,3,53.0,28,53.4,7,2,2022-07-05 09:00:19
1657011619970569000,53.1,3,53.0,28,53.4,7,2,2022-07-05 09:00:19
1657011619970569000,53.0,4,53.0,28,53.4,7,2,2022-07-05 09:00:19
1657011620300033000,53.3,2,53.1,5,53.4,7,1,2022-07-05 09:00:20
1657011620314037000,53.1,3,53.1,2,53.4,7,2,2022-07-05 09:00:20
1657011620495288000,53.2,1,53.1,2,53.2,5,1,2022-07-05 09:00:20
1657011620530273000,53.2,3,53.1,2,53.2,1,1,2022-07-05 09:00:20
1657011620566804000,53.2,1,53.1,2,53.4,7,1,2022-07-05 09:00:20
1657011620796583000,53.3,2,53.1,2,53.4,7,2,2022-07-05 09:00:20
1657011620984088000,53.3,1,53.3,1,53.4,7,2,2022-07-05 09:00:20
1657011621068667000,53.2,1,53.1,2,53.2,4,1,2022-07-05 09:00:21
1657011621241902000,53.2,2,53.1,2,53.2,2,1,2022-07-05 09:00:21
1657011621350049000,53.2,2,53.3,1,53.4,7,1,2022-07-05 09:00:21
1657011621391584000,53.4,1,53.3,1,53.4,6,1,2022-07-05 09:00:21
1657011621391767000,53.3,1,53.1,2,53.4,6,2,2022-07-05 09:00:21
1657011621425399000,53.4,6,53.1,2,53.6,37,1,2022-07-05 09:00:21
1657011621425399000,53.5,3,53.1,2,53.6,37,1,2022-07-05 09:00:21
1657011621425399000,53.6,21,53.1,2,53.6,37,1,2022-07-05 09:00:21
1657011621567458000,53.6,2,53.2,4,53.6,35,1,2022-07-05 09:00:21
1657011621627912000,53.6,2,53.2,4,53.6,33,1,2022-07-05 09:00:21
1657011622229561000,53.5,10,53.3,5,53.5,9,1,2022-07-05 09:00:22
1657011622267146000,53.5,5,53.3,5,53.5,4,1,2022-07-05 09:00:22
1657011622437172000,53.5,4,53.5,21,53.6,33,1,2022-07-05 09:00:22
1657011622591761000,53.5,5,53.5,16,53.6,33,2,2022-07-05 09:00:22
1657011622665345000,53.5,4,53.5,12,53.6,33,2,2022-07-05 09:00:22
1657011623078708000,53.5,1,53.5,11,53.6,34,2,2022-07-05 09:00:23
1657011623109471000,53.5,11,53.3,7,53.6,34,2,2022-07-05 09:00:23
1657011623284487000,53.4,1,53.3,6,53.6,5,1,2022-07-05 09:00:23
1657011623284487000,53.6,29,53.3,6,53.6,5,1,2022-07-05 09:00:23
1657011623412371000,53.3,1,53.3,7,53.6,5,2,2022-07-05 09:00:23
1657011623548807000,53.6,1,53.3,7,53.6,4,1,2022-07-05 09:00:23
1657011623784602000,53.5,1,53.3,5,53.5,1,1,2022-07-05 09:00:23
1657011623865690000,53.5,1,53.3,7,53.6,4,1,2022-07-05 09:00:23
1657011623865690000,53.6,1,53.3,7,53.6,4,1,2022-07-05 09:00:23
1657011624273329000,53.5,1,53.3,8,53.6,4,1,2022-07-05 09:00:24
1657011624725472000,53.5,1,53.3,9,53.6,3,1,2022-07-05 09:00:24
1657011624725472000,53.6,1,53.3,9,53.6,3,1,2022-07-05 09:00:24
1657011624753180000,53.6,2,53.3,9,53.6,1,1,2022-07-05 09:00:24
1657011625341577000,53.5,1,53.3,10,53.6,8,2,2022-07-05 09:00:25
1657011625652879000,53.6,1,53.4,1,53.6,7,1,2022-07-05 09:00:25
1657011625774535000,53.6,2,53.5,10,53.6,5,1,2022-07-05 09:00:25
1657011625863124000,53.6,1,53.5,11,53.6,4,1,2022-07-05 09:00:25
1657011625903008000,53.6,4,53.5,11,53.7,22,1,2022-07-05 09:00:25
1657011625946085000,53.6,1,53.5,11,53.7,22,2,2022-07-05 09:00:25
1657011626151173000,53.7,5,53.5,12,53.7,17,1,2022-07-05 09:00:26
1657011626226087000,53.6,1,53.6,1,53.7,17,2,2022-07-05 09:00:26
1657011626344621000,53.6,2,53.5,4,53.7,17,2,2022-07-05 09:00:26
1657011626344621000,53.5,8,53.5,4,53.7,17,2,2022-07-05 09:00:26
1657011626370263000,53.7,4,53.5,4,53.7,13,1,2022-07-05 09:00:26
1657011626599757000,53.7,7,53.6,1,53.7,6,1,2022-07-05 09:00:26
1657011626606494000,53.7,6,53.8,2,53.9,27,1,2022-07-05 09:00:26
1657011626606494000,53.8,2,53.8,2,53.9,27,1,2022-07-05 09:00:26
1657011626629372000,53.8,2,53.5,4,53.6,1,2,2022-07-05 09:00:26
1657011626629372000,53.6,1,53.5,4,53.6,1,2,2022-07-05 09:00:26
1657011626663778000,53.6,1,53.5,4,53.9,27,1,2022-07-05 09:00:26
1657011626776364000,53.5,5,53.4,3,53.6,1,2,2022-07-05 09:00:26
1657011626824567000,53.4,3,53.3,16,53.6,1,2,2022-07-05 09:00:26
1657011626824567000,53.3,2,53.3,16,53.6,1,2,2022-07-05 09:00:26
1657011627287655000,53.5,1,53.3,16,53.5,1,1,2022-07-05 09:00:27
1657011627289939000,53.5,1,53.3,16,53.9,25,1,2022-07-05 09:00:27
1657011627289939000,53.6,1,53.3,16,53.9,25,1,2022-07-05 09:00:27
1657011627289939000,53.8,1,53.3,16,53.9,25,1,2022-07-05 09:00:27
1657011627289939000,53.9,2,53.3,16,53.9,25,1,2022-07-05 09:00:27
1657011627409095000,53.4,1,53.3,15,53.8,2,2,2022-07-05 09:00:27
1657011627409095000,53.3,1,53.3,15,53.8,2,2,2022-07-05 09:00:27
1657011627424317000,53.8,2,53.3,15,53.9,25,1,2022-07-05 09:00:27
1657011627465380000,53.7,1,53.3,15,53.9,21,1,2022-07-05 09:00:27
1657011627465380000,53.9,4,53.3,15,53.9,21,1,2022-07-05 09:00:27
1657011627928890000,53.6,1,53.6,3,53.9,21,2,2022-07-05 09:00:27
1657011628096013000,53.8,1,53.6,3,53.9,21,2,2022-07-05 09:00:28
1657011628156562000,53.6,2,53.6,1,53.9,21,2,2022-07-05 09:00:28
1657011628345272000,53.6,1,53.5,2,53.6,1,2,2022-07-05 09:00:28
1657011628423629000,53.6,1,53.5,2,53.9,21,1,2022-07-05 09:00:28
1657011628444414000,53.9,2,53.5,4,53.9,19,1,2022-07-05 09:00:28
1657011629217940000,53.7,1,53.6,2,53.8,1,2,2022-07-05 09:00:29
1657011629314755000,53.6,2,53.6,2,53.8,1,2,2022-07-05 09:00:29
1657011629599786000,53.8,1,53.6,2,53.8,2,1,2022-07-05 09:00:29
1657011629635888000,53.6,2,53.5,8,53.8,2,2,2022-07-05 09:00:29
1657011629733434000,53.5,1,53.5,7,53.8,3,2,2022-07-05 09:00:29
1657011630128328000,53.5,9,53.4,2,53.5,6,2,2022-07-05 09:00:30
1657011630167782000,53.5,6,53.7,3,53.8,11,1,2022-07-05 09:00:30
1657011630167782000,53.7,1,53.7,3,53.8,11,1,2022-07-05 09:00:30
1657011630201148000,53.7,3,53.4,4,53.8,11,2,2022-07-05 09:00:30
1657011630212784000,53.8,1,53.4,4,53.8,10,1,2022-07-05 09:00:30
1657011630437363000,53.7,1,53.4,6,53.8,10,1,2022-07-05 09:00:30
1657011630561708000,53.6,1,53.4,8,53.6,5,1,2022-07-05 09:00:30
1657011630595341000,53.6,2,53.4,8,53.6,2,1,2022-07-05 09:00:30
1657011630727410000,53.6,1,53.4,8,53.6,1,1,2022-07-05 09:00:30
1657011630937767000,53.5,5,53.4,8,53.5,5,1,2022-07-05 09:00:30
1657011631014526000,53.5,5,53.4,8,53.7,5,1,2022-07-05 09:00:31
1657011631014526000,53.6,1,53.4,8,53.7,5,1,2022-07-05 09:00:31
1657011631014526000,53.7,4,53.4,8,53.7,5,1,2022-07-05 09:00:31
1657011631041262000,53.4,4,53.4,4,53.7,5,2,2022-07-05 09:00:31
1657011631296181000,53.6,1,53.4,4,53.7,7,1,2022-07-05 09:00:31
1657011631436920000,53.7,5,53.4,4,53.7,4,1,2022-07-05 09:00:31
1657011631594546000,53.7,1,53.6,1,53.7,3,1,2022-07-05 09:00:31
1657011631699508000,53.7,3,53.6,1,53.8,13,1,2022-07-05 09:00:31
1657011631699508000,53.8,2,53.6,1,53.8,13,1,2022-07-05 09:00:31
1657011631732598000,53.8,1,53.6,1,53.8,12,1,2022-07-05 09:00:31
1657011631848096000,53.6,1,53.5,1,53.8,10,2,2022-07-05 09:00:31
1657011631931972000,53.8,1,53.5,1,53.8,9,1,2022-07-05 09:00:31
1657011632045614000,53.7,1,53.5,1,53.7,4,1,2022-07-05 09:00:32
1657011632428673000,53.6,5,53.5,1,53.7,4,1,2022-07-05 09:00:32
1657011632598982000,53.5,1,53.4,15,53.5,1,2,2022-07-05 09:00:32
1657011632729005000,53.4,1,53.4,14,53.5,1,2,2022-07-05 09:00:32
1657011632827530000,53.5,1,53.6,4,53.7,2,1,2022-07-05 09:00:32
1657011632857634000,53.6,4,53.4,14,53.7,2,2,2022-07-05 09:00:32
1657011632938172000,53.7,1,53.4,14,53.7,4,1,2022-07-05 09:00:32
1657011632942639000,53.4,5,53.4,9,53.7,4,2,2022-07-05 09:00:32
1657011632983337000,53.7,4,53.4,9,53.9,14,1,2022-07-05 09:00:32
1657011632983337000,53.8,10,53.4,9,53.9,14,1,2022-07-05 09:00:32
1657011632983337000,53.9,6,53.4,9,53.9,14,1,2022-07-05 09:00:32
1657011633221737000,53.7,8,53.5,2,53.9,14,1,2022-07-05 09:00:33
1657011633492404000,53.6,3,53.5,2,53.6,3,2,2022-07-05 09:00:33
1657011633557454000,53.5,4,53.5,4,53.6,3,2,2022-07-05 09:00:33
1657011633557454000,53.4,10,53.5,4,53.6,3,2,2022-07-05 09:00:33
1657011633557454000,53.3,26,53.5,4,53.6,3,2,2022-07-05 09:00:33
1657011633655047000,53.5,1,53.3,1,53.5,2,1,2022-07-05 09:00:33
1657011633784644000,53.6,3,53.5,1,53.6,2,1,2022-07-05 09:00:33
1657011633906056000,53.6,1,53.5,1,53.7,8,2,2022-07-05 09:00:33
1657011633919080000,53.7,1,53.5,1,53.7,7,1,2022-07-05 09:00:33
1657011634100421000,53.5,1,53.4,1,53.5,64,2,2022-07-05 09:00:34
1657011634114671000,53.5,1,53.4,1,53.5,63,1,2022-07-05 09:00:34
1657011634117259000,53.5,4,53.4,1,53.5,59,1,2022-07-05 09:00:34
1657011634260138000,53.5,1,53.4,1,53.5,58,1,2022-07-05 09:00:34
1657011634440106000,53.4,1,53.3,3,53.5,60,2,2022-07-05 09:00:34
1657011634631197000,53.3,3,53.1,4,53.4,1,2,2022-07-05 09:00:34
1657011634631197000,53.2,22,53.1,4,53.4,1,2,2022-07-05 09:00:34
1657011634631197000,53.1,5,53.1,4,53.4,1,2,2022-07-05 09:00:34
1657011634656530000,53.4,1,53.1,4,53.5,58,1,2022-07-05 09:00:34
1657011634880792000,53.4,1,53.3,1,53.4,1,1,2022-07-05 09:00:34
1657011634893137000,53.3,1,53.1,4,53.5,58,2,2022-07-05 09:00:34
1657011634939962000,53.4,1,53.4,3,53.5,58,2,2022-07-05 09:00:34
1657011634984568000,53.4,3,53.1,4,53.5,58,2,2022-07-05 09:00:34
1657011635186548000,53.4,1,53.3,5,53.4,14,1,2022-07-05 09:00:35
1657011635208273000,53.3,5,53.1,4,53.4,13,2,2022-07-05 09:00:35
1657011635209301000,53.4,1,53.1,4,53.4,12,1,2022-07-05 09:00:35
1657011635250465000,53.4,1,53.1,4,53.4,11,1,2022-07-05 09:00:35
1657011635254764000,53.4,5,53.1,4,53.4,6,1,2022-07-05 09:00:35
1657011635290303000,53.4,1,53.1,4,53.4,5,1,2022-07-05 09:00:35
1657011635362250000,53.1,1,53.1,3,53.4,6,2,2022-07-05 09:00:35
1657011635394207000,53.4,5,53.1,3,53.4,1,1,2022-07-05 09:00:35
1657011635453048000,53.3,3,53.1,3,53.5,43,1,2022-07-05 09:00:35
1657011635453048000,53.4,2,53.1,3,53.5,43,1,2022-07-05 09:00:35
1657011635453048000,53.5,15,53.1,3,53.5,43,1,2022-07-05 09:00:35
1657011635482863000,53.1,3,53.0,53,53.5,43,2,2022-07-05 09:00:35
1657011635482863000,53.0,17,53.0,53,53.5,43,2,2022-07-05 09:00:35
1657011635661809000,53.4,5,53.2,2,53.5,44,1,2022-07-05 09:00:35
1657011635728443000,53.3,1,53.2,2,53.5,46,2,2022-07-05 09:00:35
1657011636047838000,53.3,2,53.2,2,53.5,46,1,2022-07-05 09:00:36
1657011636047838000,53.4,1,53.2,2,53.5,46,1,2022-07-05 09:00:36
1657011636171930000,53.5,1,53.2,2,53.5,45,1,2022-07-05 09:00:36
1657011636297665000,53.4,1,53.2,2,53.4,4,1,2022-07-05 09:00:36
1657011636376477000,53.3,1,53.2,2,53.3,2,1,2022-07-05 09:00:36
1657011636479293000,53.2,2,53.0,53,53.2,1,2,2022-07-05 09:00:36
1657011636514557000,53.2,1,53.0,53,53.3,2,1,2022-07-05 09:00:36
1657011636562534000,53.3,1,53.0,53,53.3,2,1,2022-07-05 09:00:36
1657011636815403000,53.3,1,53.0,53,53.4,5,1,2022-07-05 09:00:36
1657011636884465000,53.3,2,53.1,2,53.4,4,1,2022-07-05 09:00:36
1657011636884465000,53.4,1,53.1,2,53.4,4,1,2022-07-05 09:00:36
1657011637212121000,53.1,1,53.1,12,53.4,9,2,2022-07-05 09:00:37
1657011637271495000,53.4,1,53.1,12,53.4,9,1,2022-07-05 09:00:37
1657011637312942000,53.4,2,53.1,12,53.4,7,1,2022-07-05 09:00:37
1657011637398660000,53.4,3,53.1,12,53.4,4,1,2022-07-05 09:00:37
1657011638025127000,53.3,2,53.2,3,53.4,1,1,2022-07-05 09:00:38
1657011638025127000,53.4,3,53.2,3,53.4,1,1,2022-07-05 09:00:38
1657011638061696000,53.4,2,53.2,3,53.4,1,1,2022-07-05 09:00:38
1657011638377408000,53.5,1,53.2,9,53.5,45,1,2022-07-05 09:00:38
1657011638653523000,53.4,1,53.2,9,53.5,44,2,2022-07-05 09:00:38
1657011639291639000,53.3,1,53.2,9,53.4,1,1,2022-07-05 09:00:39
1657011639313544000,53.2,1,53.2,8,53.4,1,2,2022-07-05 09:00:39
1657011639405790000,53.4,1,53.2,8,53.5,42,1,2022-07-05 09:00:39
1657011639440656000,53.2,1,53.2,8,53.5,42,2,2022-07-05 09:00:39
1657011639477924000,53.5,1,53.2,8,53.5,42,1,2022-07-05 09:00:39
1657011640019161000,53.2,1,53.2,7,53.4,9,2,2022-07-05 09:00:40
1657011640298250000,53.3,1,53.2,7,53.4,11,1,2022-07-05 09:00:40
1657011640486832000,53.4,1,53.2,9,53.4,11,1,2022-07-05 09:00:40
1657011640577923000,53.4,1,53.2,9,53.4,11,1,2022-07-05 09:00:40
1657011640953699000,53.4,6,53.2,9,53.4,4,1,2022-07-05 09:00:40
1657011641287357000,53.2,1,53.2,8,53.4,10,2,2022-07-05 09:00:41
1657011641383565000,53.4,1,53.2,8,53.4,14,1,2022-07-05 09:00:41
1657011641529690000,53.4,4,53.2,8,53.4,15,1,2022-07-05 09:00:41
1657011641614851000,53.4,10,53.2,8,53.5,31,1,2022-07-05 09:00:41
1657011641614851000,53.5,10,53.2,8,53.5,31,1,2022-07-05 09:00:41
1657011641973356000,53.2,5,53.2,3,53.3,1,2,2022-07-05 09:00:41
1657011642088449000,53.3,1,53.2,3,53.3,6,1,2022-07-05 09:00:42
1657011642233397000,53.3,1,53.2,4,53.3,6,1,2022-07-05 09:00:42
1657011642353430000,53.3,1,53.2,4,53.3,5,1,2022-07-05 09:00:42
1657011642378760000,53.3,1,53.2,4,53.3,4,1,2022-07-05 09:00:42
1657011642540691000,53.3,1,53.2,4,53.3,6,1,2022-07-05 09:00:42
1657011642649648000,53.3,1,53.2,4,53.3,2,1,2022-07-05 09:00:42
1657011642673131000,53.2,1,53.2,3,53.3,2,2,2022-07-05 09:00:42
1657011642916012000,53.3,2,53.2,3,53.4,4,1,2022-07-05 09:00:42
1657011642916012000,53.4,7,53.2,3,53.4,4,1,2022-07-05 09:00:42
1657011643261061000,53.3,1,53.3,1,53.4,9,2,2022-07-05 09:00:43
1657011643410480000,53.4,3,53.3,1,53.4,6,1,2022-07-05 09:00:43
1657011643442377000,53.4,2,53.3,1,53.4,4,1,2022-07-05 09:00:43
1657011643502795000,53.3,1,53.2,3,53.3,1,2,2022-07-05 09:00:43
1657011643556044000,53.3,1,53.2,3,53.4,4,1,2022-07-05 09:00:43
1657011643565841000,53.4,4,53.4,3,53.5,32,1,2022-07-05 09:00:43
1657011643609486000,53.4,3,53.2,3,53.5,32,2,2022-07-05 09:00:43
1657011643689392000,53.5,1,53.2,4,53.5,31,1,2022-07-05 09:00:43
1657011643748729000,53.3,1,53.3,1,53.5,31,2,2022-07-05 09:00:43
1657011643753856000,53.3,1,53.2,6,53.5,31,2,2022-07-05 09:00:43
1657011644204326000,53.4,1,53.3,2,53.4,1,1,2022-07-05 09:00:44
1657011644428275000,53.4,1,53.3,2,53.4,2,1,2022-07-05 09:00:44
1657011644853819000,53.3,1,53.3,1,53.4,1,2,2022-07-05 09:00:44
1657011645412672000,53.3,5,53.0,13,53.4,3,2,2022-07-05 09:00:45
1657011645412672000,53.2,21,53.0,13,53.4,3,2,2022-07-05 09:00:45
1657011645412672000,53.1,22,53.0,13,53.4,3,2,2022-07-05 09:00:45
1657011645412672000,53.0,42,53.0,13,53.4,3,2,2022-07-05 09:00:45
1657011645444813000,53.4,3,53.4,7,53.5,41,1,2022-07-05 09:00:45
1657011645452816000,53.4,1,53.4,6,53.5,41,2,2022-07-05 09:00:45
1657011645460589000,53.4,2,53.4,4,53.5,42,2,2022-07-05 09:00:45
1657011645478695000,53.4,4,53.0,13,53.5,42,2,2022-07-05 09:00:45
1657011645927570000,53.4,2,53.3,5,53.5,39,1,2022-07-05 09:00:45
1657011645927570000,53.5,3,53.3,5,53.5,39,1,2022-07-05 09:00:45
1657011645957223000,53.3,5,53.1,1,53.5,39,2,2022-07-05 09:00:45
1657011645991676000,53.4,1,53.2,2,53.4,1,2,2022-07-05 09:00:45
1657011646001618000,53.5,1,53.2,1,53.5,38,1,2022-07-05 09:00:46
1657011646046452000,53.2,1,53.0,13,53.4,1,2,2022-07-05 09:00:46
1657011646046452000,53.1,1,53.0,13,53.4,1,2,2022-07-05 09:00:46
1657011646577963000,53.1,1,53.1,1,53.3,60,2,2022-07-05 09:00:46
1657011646605172000,53.1,1,53.1,2,53.3,60,2,2022-07-05 09:00:46
1657011646644825000,53.3,2,53.0,14,53.3,58,1,2022-07-05 09:00:46
1657011646891536000,53.1,2,53.0,14,53.2,3,2,2022-07-05 09:00:46
1657011647126648000,53.1,2,53.0,14,53.2,4,2,2022-07-05 09:00:47
1657011647136081000,53.2,2,53.0,14,53.2,2,1,2022-07-05 09:00:47
1657011647157175000,53.0,5,53.0,9,53.2,3,2,2022-07-05 09:00:47
1657011647163300000,53.0,6,53.0,3,53.2,3,2,2022-07-05 09:00:47
1657011647207023000,53.0,3,52.9,3,53.2,4,2,2022-07-05 09:00:47
1657011647488818000,53.2,1,52.9,8,53.2,3,1,2022-07-05 09:00:47
1657011647835134000,53.1,1,52.9,8,53.1,3,1,2022-07-05 09:00:47
1657011647967039000,53.1,1,52.9,8,53.2,7,1,2022-07-05 09:00:47
1657011647976283000,53.2,1,52.9,8,53.2,6,1,2022-07-05 09:00:47
1657011648009733000,53.2,1,52.9,8,53.2,5,1,2022-07-05 09:00:48
1657011648048153000,53.2,5,52.9,8,53.3,60,1,2022-07-05 09:00:48
1657011648048153000,53.3,1,52.9,8,53.3,60,1,2022-07-05 09:00:48
1657011648166491000,53.2,2,53.2,8,53.3,60,1,2022-07-05 09:00:48
1657011648197161000,53.2,8,53.0,4,53.3,60,2,2022-07-05 09:00:48
1657011649099445000,53.0,5,52.9,9,53.2,12,2,2022-07-05 09:00:49
1657011650071049000,53.1,1,52.9,10,53.2,13,1,2022-07-05 09:00:50
1657011650464319000,53.1,6,53.0,5,53.2,9,1,2022-07-05 09:00:50
1657011650464319000,53.2,4,53.0,5,53.2,9,1,2022-07-05 09:00:50
1657011651084588000,53.0,5,52.9,10,53.2,7,2,2022-07-05 09:00:51
1657011651205866000,52.9,5,52.9,5,53.1,1,2,2022-07-05 09:00:51
1657011651228736000,53.1,1,52.9,5,53.2,10,1,2022-07-05 09:00:51
1657011651233877000,52.9,5,52.8,13,53.2,10,2,2022-07-05 09:00:51
1657011651316347000,53.1,2,52.9,3,53.2,8,1,2022-07-05 09:00:51
1657011651605136000,53.0,1,53.0,2,53.2,11,2,2022-07-05 09:00:51
1657011651633849000,53.0,1,52.9,3,53.2,11,2,2022-07-05 09:00:51
1657011652014894000,53.2,5,52.9,5,53.2,11,1,2022-07-05 09:00:52
1657011652283611000,53.2,1,52.9,5,53.2,15,1,2022-07-05 09:00:52
1657011653382499000,53.2,5,53.0,1,53.3,59,1,2022-07-05 09:00:53
1657011653604820000,53.0,1,53.0,7,53.3,59,2,2022-07-05 09:00:53
1657011653835845000,53.2,1,53.1,1,53.3,58,2,2022-07-05 09:00:53
1657011653916536000,53.1,1,53.0,8,53.3,58,2,2022-07-05 09:00:53
1657011654795577000,53.2,3,53.0,10,53.3,70,2,2022-07-05 09:00:54
1657011654997882000,53.1,3,53.0,10,53.1,5,1,2022-07-05 09:00:54
1657011655151542000,53.1,2,53.0,10,53.3,70,1,2022-07-05 09:00:55
1657011655151542000,53.2,1,53.0,10,53.3,70,1,2022-07-05 09:00:55
1657011655898975000,53.1,1,53.1,3,53.2,3,2,2022-07-05 09:00:55
1657011655933691000,53.2,1,53.1,4,53.2,3,1,2022-07-05 09:00:55
1657011656263776000,53.1,2,53.1,2,53.2,2,2,2022-07-05 09:00:56
1657011656405499000,53.2,2,53.2,3,53.3,70,1,2022-07-05 09:00:56
1657011656421002000,53.2,1,53.2,2,53.3,70,2,2022-07-05 09:00:56
1657011656544932000,53.3,1,53.2,2,53.3,69,1,2022-07-05 09:00:56
1657011656580393000,53.3,10,53.2,2,53.3,69,1,2022-07-05 09:00:56
1657011657415102000,53.3,3,53.2,7,53.3,56,1,2022-07-05 09:00:57
1657011657474473000,53.3,1,53.2,7,53.3,55,1,2022-07-05 09:00:57
1657011657688977000,53.3,5,53.2,15,53.3,50,1,2022-07-05 09:00:57
1657011657718376000,53.3,29,53.2,15,53.3,21,1,2022-07-05 09:00:57
1657011657722964000,53.3,2,53.2,15,53.3,19,1,2022-07-05 09:00:57
1657011657752284000,53.3,10,53.2,17,53.3,9,1,2022-07-05 09:00:57
1657011657778503000,53.3,9,53.2,17,53.4,29,1,2022-07-05 09:00:57
1657011657812446000,53.4,1,53.2,15,53.4,28,1,2022-07-05 09:00:57
1657011657856361000,53.2,1,53.2,14,53.4,28,2,2022-07-05 09:00:57
1657011658015374000,53.2,1,53.2,13,53.4,28,2,2022-07-05 09:00:58
1657011658071757000,53.4,1,53.2,14,53.4,28,1,2022-07-05 09:00:58
1657011658162426000,53.2,5,53.2,8,53.4,27,2,2022-07-05 09:00:58
1657011658363597000,53.2,1,53.2,7,53.4,27,2,2022-07-05 09:00:58
1657011658737757000,53.4,3,53.2,7,53.4,24,1,2022-07-05 09:00:58
1657011658777546000,53.4,1,53.2,7,53.4,23,1,2022-07-05 09:00:58
1657011659357273000,53.3,2,53.3,2,53.4,18,2,2022-07-05 09:00:59
1657011659668942000,53.2,1,53.2,9,53.4,18,2,2022-07-05 09:00:59
1657011660168448000,53.3,1,53.2,3,53.4,18,2,2022-07-05 09:01:00
1657011660168448000,53.2,7,53.2,3,53.4,18,2,2022-07-05 09:01:00
1657011660402070000,53.2,4,53.2,6,53.4,18,2,2022-07-05 09:01:00
1657011660455552000,53.2,1,53.2,6,53.4,18,2,2022-07-05 09:01:00
1657011660470584000,53.2,3,53.2,3,53.4,18,2,2022-07-05 09:01:00
1657011660543858000,53.2,3,53.1,10,53.4,18,2,2022-07-05 09:01:00
1657011660543858000,53.1,2,53.1,10,53.4,18,2,2022-07-05 09:01:00
1657011660557253000,53.1,5,53.1,5,53.4,18,2,2022-07-05 09:01:00
1657011660697550000,53.1,5,53.0,40,53.2,4,2,2022-07-05 09:01:00
1657011660697550000,53.0,1,53.0,40,53.2,4,2,2022-07-05 09:01:00
1657011660707644000,53.2,1,53.0,40,53.2,3,1,2022-07-05 09:01:00
1657011660813024000,53.1,1,53.0,40,53.1,2,1,2022-07-05 09:01:00
1657011660815981000,53.1,2,53.0,40,53.2,3,1,2022-07-05 09:01:00
1657011660932891000,53.1,2,53.1,42,53.2,3,2,2022-07-05 09:01:00
1657011660948431000,53.1,3,53.1,39,53.2,3,2,2022-07-05 09:01:00
1657011661188152000,53.2,1,53.1,40,53.2,2,1,2022-07-05 09:01:01
1657011661305382000,53.1,3,53.1,37,53.2,2,2,2022-07-05 09:01:01
1657011661402020000,53.2,1,53.1,37,53.2,8,1,2022-07-05 09:01:01
1657011661426134000,53.1,3,53.1,34,53.2,8,2,2022-07-05 09:01:01
1657011661436983000,53.2,3,53.1,34,53.2,5,1,2022-07-05 09:01:01
1657011661692550000,53.1,18,53.1,16,53.2,6,2,2022-07-05 09:01:01
1657011661727578000,53.1,15,53.1,1,53.2,6,2,2022-07-05 09:01:01
1657011661759891000,53.1,1,53.0,42,53.2,6,2,2022-07-05 09:01:01
1657011661988785000,53.1,1,53.0,42,53.1,5,1,2022-07-05 09:01:01
1657011662044011000,53.0,1,53.0,41,53.1,14,2,2022-07-05 09:01:02
1657011662101102000,53.1,1,53.0,44,53.1,14,1,2022-07-05 09:01:02
1657011662171642000,53.1,1,53.0,44,53.1,12,1,2022-07-05 09:01:02
1657011662231097000,53.1,1,53.0,44,53.1,14,1,2022-07-05 09:01:02
1657011662317007000,53.0,1,53.0,43,53.1,14,2,2022-07-05 09:01:02
1657011662420187000,53.1,2,53.0,43,53.1,12,1,2022-07-05 09:01:02
1657011662628294000,53.1,1,53.0,43,53.1,11,1,2022-07-05 09:01:02
1657011662709907000,53.1,1,53.0,42,53.1,10,1,2022-07-05 09:01:02
1657011662759060000,53.1,2,53.0,42,53.1,8,1,2022-07-05 09:01:02
1657011662936820000,53.1,2,53.0,42,53.1,6,1,2022-07-05 09:01:02
1657011662937560000,53.1,2,53.0,42,53.1,4,1,2022-07-05 09:01:02
1657011663010430000,53.1,3,53.0,42,53.1,1,1,2022-07-05 09:01:03
1657011663033491000,53.1,1,53.0,42,53.2,9,1,2022-07-05 09:01:03
1657011663033491000,53.2,1,53.0,42,53.2,9,1,2022-07-05 09:01:03
1657011663132639000,53.0,3,53.0,42,53.1,11,2,2022-07-05 09:01:03
1657011663182887000,53.2,5,53.0,39,53.2,7,1,2022-07-05 09:01:03
1657011663232365000,53.0,3,53.0,37,53.2,7,2,2022-07-05 09:01:03
1657011663331244000,53.1,1,53.0,37,53.1,5,1,2022-07-05 09:01:03
1657011663356197000,53.1,5,53.0,37,53.1,8,1,2022-07-05 09:01:03
1657011663836015000,53.1,3,53.0,37,53.2,9,1,2022-07-05 09:01:03
1657011663836015000,53.2,2,53.0,37,53.2,9,1,2022-07-05 09:01:03
1657011663946471000,53.2,1,53.0,37,53.2,8,1,2022-07-05 09:01:03
1657011664610882000,53.2,1,53.0,40,53.2,19,1,2022-07-05 09:01:04
1657011665130460000,53.2,1,53.0,40,53.2,19,1,2022-07-05 09:01:05
1657011665313472000,53.1,1,53.0,40,53.2,18,2,2022-07-05 09:01:05
1657011665461496000,53.2,5,53.1,2,53.2,13,1,2022-07-05 09:01:05
1657011665490135000,53.1,2,53.1,2,53.2,18,2,2022-07-05 09:01:05
1657011665683972000,53.2,1,53.0,40,53.2,12,1,2022-07-05 09:01:05
1657011665824692000,53.1,1,53.0,40,53.2,3,1,2022-07-05 09:01:05
1657011665824692000,53.2,9,53.0,40,53.2,3,1,2022-07-05 09:01:05
1657011666567916000,53.1,2,53.0,45,53.2,3,2,2022-07-05 09:01:06
1657011666567916000,53.0,3,53.0,45,53.2,3,2,2022-07-05 09:01:06
1657011666905440000,53.1,3,53.1,1,53.2,9,2,2022-07-05 09:01:06
1657011666939113000,53.1,1,53.0,46,53.2,9,2,2022-07-05 09:01:06
1657011667432967000,53.1,1,53.1,1,53.2,10,2,2022-07-05 09:01:07
1657011667721974000,53.1,1,53.1,1,53.2,10,2,2022-07-05 09:01:07
1657011667732192000,53.1,1,53.0,46,53.2,10,2,2022-07-05 09:01:07
1657011667804174000,53.2,1,53.1,2,53.2,10,1,2022-07-05 09:01:07
1657011668276601000,53.2,5,53.0,46,53.2,4,1,2022-07-05 09:01:08
1657011668398017000,53.0,2,53.0,44,53.1,2,2,2022-07-05 09:01:08
1657011668449721000,53.1,1,53.0,44,53.1,1,1,2022-07-05 09:01:08
1657011668648792000,53.1,1,53.0,44,53.1,1,1,2022-07-05 09:01:08
1657011668724144000,53.1,1,53.1,1,53.2,5,1,2022-07-05 09:01:08
1657011668761223000,53.1,1,53.0,45,53.2,5,2,2022-07-05 09:01:08
1657011669003918000,53.0,5,53.0,40,53.2,6,2,2022-07-05 09:01:09
1657011669431319000,53.1,4,53.1,6,53.2,6,2,2022-07-05 09:01:09
1657011669435494000,53.1,6,53.0,40,53.2,6,2,2022-07-05 09:01:09
1657011669497789000,53.1,1,53.0,40,53.2,6,2,2022-07-05 09:01:09
1657011669528763000,53.2,1,53.1,1,53.2,6,1,2022-07-05 09:01:09
1657011669855489000,53.1,1,53.1,2,53.2,5,2,2022-07-05 09:01:09
1657011670611124000,53.1,1,53.1,5,53.2,6,2,2022-07-05 09:01:10
1657011670729211000,53.2,1,53.1,4,53.2,5,1,2022-07-05 09:01:10
1657011670780123000,53.1,14,53.0,41,53.2,4,2,2022-07-05 09:01:10
1657011670780480000,53.2,4,53.0,41,53.3,10,1,2022-07-05 09:01:10
1657011670780480000,53.3,1,53.0,41,53.3,10,1,2022-07-05 09:01:10
1657011671297005000,53.2,1,53.2,9,53.3,10,2,2022-07-05 09:01:11
1657011671332091000,53.2,8,53.2,1,53.3,10,2,2022-07-05 09:01:11
1657011671362757000,53.2,1,53.1,5,53.3,10,2,2022-07-05 09:01:11
1657011671693290000,53.2,1,53.1,5,53.3,10,2,2022-07-05 09:01:11
1657011673052464000,53.1,2,53.1,8,53.2,34,2,2022-07-05 09:01:13
1657011673194932000,53.1,7,52.9,1,53.2,34,2,2022-07-05 09:01:13
1657011673194932000,53.0,47,52.9,1,53.2,34,2,2022-07-05 09:01:13
1657011673194932000,52.9,16,52.9,1,53.2,34,2,2022-07-05 09:01:13
1657011673307755000,53.1,1,52.9,2,53.1,3,1,2022-07-05 09:01:13
1657011673387529000,53.1,2,52.9,2,53.1,1,1,2022-07-05 09:01:13
1657011673524298000,53.1,1,52.9,2,53.2,35,1,2022-07-05 09:01:13
1657011673671740000,52.9,3,52.8,23,53.1,1,2,2022-07-05 09:01:13
1657011673671740000,52.8,2,52.8,23,53.1,1,2,2022-07-05 09:01:13
1657011673705699000,52.8,1,52.8,22,53.1,1,2,2022-07-05 09:01:13
1657011673726313000,53.1,1,52.8,22,53.2,35,1,2022-07-05 09:01:13
1657011673937984000,53.1,1,52.9,3,53.1,2,1,2022-07-05 09:01:13
1657011673985155000,53.1,1,52.9,3,53.1,1,1,2022-07-05 09:01:13
1657011674151078000,53.1,3,52.9,3,53.1,3,1,2022-07-05 09:01:14
1657011674337257000,53.1,1,52.9,3,53.1,3,1,2022-07-05 09:01:14
1657011674523440000,53.1,1,52.9,3,53.1,2,1,2022-07-05 09:01:14
1657011674559172000,53.1,1,52.9,3,53.1,1,1,2022-07-05 09:01:14
1657011674559400000,53.1,1,52.9,3,53.2,31,1,2022-07-05 09:01:14
1657011674559400000,53.2,4,52.9,3,53.2,31,1,2022-07-05 09:01:14
1657011674623109000,53.2,1,52.9,3,53.2,31,1,2022-07-05 09:01:14
1657011674734751000,53.1,1,52.9,3,53.1,7,1,2022-07-05 09:01:14
1657011674792459000,53.1,1,52.9,3,53.1,6,1,2022-07-05 09:01:14
1657011674870201000,53.1,2,52.9,3,53.1,4,1,2022-07-05 09:01:14
1657011675563919000,53.1,1,52.9,3,53.1,4,1,2022-07-05 09:01:15
1657011675854984000,53.1,1,52.9,3,53.1,4,1,2022-07-05 09:01:15
1657011676135672000,52.9,3,52.9,3,53.0,2,2,2022-07-05 09:01:16
1657011676354478000,52.9,1,52.8,22,53.0,1,1,2022-07-05 09:01:16
1657011676354478000,53.0,1,52.8,22,53.0,1,1,2022-07-05 09:01:16
1657011676621497000,53.0,1,52.8,22,52.9,1,1,2022-07-05 09:01:16
1657011676903211000,53.1,4,52.8,22,53.2,29,1,2022-07-05 09:01:16
1657011676903211000,53.2,1,52.8,22,53.2,29,1,2022-07-05 09:01:16
1657011676936476000,52.9,2,52.8,19,53.1,2,2,2022-07-05 09:01:16
1657011676936476000,52.8,3,52.8,19,53.1,2,2,2022-07-05 09:01:16
1657011677553643000,53.0,1,52.9,1,53.0,2,1,2022-07-05 09:01:17
1657011677711846000,53.0,1,52.9,3,53.0,1,1,2022-07-05 09:01:17
1657011677823297000,53.0,1,52.9,3,53.1,5,1,2022-07-05 09:01:17
1657011678338582000,53.1,5,52.9,3,53.2,24,1,2022-07-05 09:01:18
1657011678338582000,53.2,5,52.9,3,53.2,24,1,2022-07-05 09:01:18
1657011678441668000,53.1,1,52.9,3,53.2,23,1,2022-07-05 09:01:18
1657011678441668000,53.2,1,52.9,3,53.2,23,1,2022-07-05 09:01:18
1657011678931484000,53.2,1,53.0,1,53.2,22,1,2022-07-05 09:01:18
1657011679090674000,53.1,1,53.0,2,53.1,2,1,2022-07-05 09:01:19
1657011679492897000,53.1,1,53.0,2,53.2,19,1,2022-07-05 09:01:19
1657011679492897000,53.2,9,53.0,2,53.2,19,1,2022-07-05 09:01:19
1657011679818665000,53.0,1,53.0,3,53.1,5,2,2022-07-05 09:01:19
1657011679844934000,53.1,2,53.0,3,53.1,3,1,2022-07-05 09:01:19
1657011679877274000,53.1,1,53.0,3,53.1,2,1,2022-07-05 09:01:19
1657011680006418000,53.1,1,53.0,4,53.1,5,1,2022-07-05 09:01:20
1657011680220150000,53.0,1,53.0,2,53.1,1,2,2022-07-05 09:01:20
1657011680233275000,53.1,1,53.0,2,53.2,18,1,2022-07-05 09:01:20
1657011680233275000,53.2,1,53.0,2,53.2,18,1,2022-07-05 09:01:20
1657011680369053000,53.1,1,53.0,2,53.1,4,2,2022-07-05 09:01:20
1657011680687801000,53.0,2,52.9,11,53.0,1,2,2022-07-05 09:01:20
1657011680802078000,53.0,1,53.0,2,53.1,4,1,2022-07-05 09:01:20
1657011680921982000,53.0,2,52.9,12,53.1,4,2,2022-07-05 09:01:20
1657011681215132000,53.0,1,53.0,1,53.1,4,1,2022-07-05 09:01:21
1657011681264152000,53.0,1,53.0,1,53.1,4,2,2022-07-05 09:01:21
1657011681886468000,53.1,2,53.0,1,53.1,2,1,2022-07-05 09:01:21
1657011681912585000,53.0,1,52.9,11,53.1,2,2,2022-07-05 09:01:21
1657011681912585000,52.9,2,52.9,11,53.1,2,2,2022-07-05 09:01:21
1657011682001037000,53.1,2,52.9,11,53.1,3,1,2022-07-05 09:01:22
1657011682164004000,53.1,1,52.9,11,53.2,18,1,2022-07-05 09:01:22
1657011682225254000,53.2,1,52.9,11,53.2,17,1,2022-07-05 09:01:22
1657011682425955000,53.0,1,52.9,11,53.2,17,2,2022-07-05 09:01:22
1657011682505888000,53.1,1,53.0,1,53.2,17,2,2022-07-05 09:01:22
1657011683516705000,53.2,1,53.0,19,53.2,17,1,2022-07-05 09:01:23
1657011684214051000,53.1,1,53.0,22,53.2,24,1,2022-07-05 09:01:24
1657011684214051000,53.2,1,53.0,22,53.2,24,1,2022-07-05 09:01:24
1657011685015846000,53.2,20,53.1,7,53.2,4,1,2022-07-05 09:01:25
1657011685046767000,53.2,4,53.1,7,53.3,12,1,2022-07-05 09:01:25
1657011685147380000,53.3,1,53.1,7,53.3,12,1,2022-07-05 09:01:25
1657011685647698000,53.0,2,53.0,28,53.2,1,2,2022-07-05 09:01:25
1657011686643473000,53.2,1,53.1,1,53.2,2,1,2022-07-05 09:01:26
1657011686673729000,53.2,1,53.1,1,53.3,10,1,2022-07-05 09:01:26
1657011686726323000,53.3,1,53.1,1,53.3,9,1,2022-07-05 09:01:26
1657011687017646000,53.2,1,53.1,1,53.3,9,1,2022-07-05 09:01:27
1657011687062185000,53.3,4,53.1,6,53.3,5,1,2022-07-05 09:01:27
1657011687104147000,53.3,5,53.1,6,53.4,33,1,2022-07-05 09:01:27
1657011687953957000,53.2,4,53.0,20,53.4,33,2,2022-07-05 09:01:27
1657011687953957000,53.1,11,53.0,20,53.4,33,2,2022-07-05 09:01:27
1657011687953957000,53.0,15,53.0,20,53.4,33,2,2022-07-05 09:01:27
1657011689223787000,53.2,1,53.1,9,53.2,5,2,2022-07-05 09:01:29
1657011689266069000,53.2,5,53.1,9,53.3,5,1,2022-07-05 09:01:29
1657011689744461000,53.3,1,53.1,9,53.3,4,1,2022-07-05 09:01:29
1657011689965014000,53.1,1,53.1,9,53.3,4,2,2022-07-05 09:01:29
1657011690342836000,53.2,2,53.1,6,53.3,9,2,2022-07-05 09:01:30
1657011690342836000,53.1,4,53.1,6,53.3,9,2,2022-07-05 09:01:30
1657011690471626000,53.1,2,53.1,4,53.3,9,2,2022-07-05 09:01:30
1657011690840669000,53.2,1,53.2,1,53.3,9,2,2022-07-05 09:01:30
1657011690869418000,53.2,1,53.1,9,53.3,9,2,2022-07-05 09:01:30
1657011690933534000,53.3,9,53.3,1,53.4,33,1,2022-07-05 09:01:30
1657011691173897000,53.3,1,53.3,2,53.4,33,2,2022-07-05 09:01:31
1657011691198773000,53.3,1,53.3,1,53.4,33,2,2022-07-05 09:01:31
1657011691337402000,53.3,1,53.1,9,53.4,33,2,2022-07-05 09:01:31
1657011691489018000,53.3,1,53.2,4,53.3,1,1,2022-07-05 09:01:31
1657011692051672000,53.3,1,53.2,7,53.4,32,1,2022-07-05 09:01:32
1657011692051672000,53.4,4,53.2,7,53.4,32,1,2022-07-05 09:01:32
1657011692819297000,53.2,1,53.2,28,53.4,32,2,2022-07-05 09:01:32
1657011693458936000,53.3,1,53.2,29,53.4,32,1,2022-07-05 09:01:33
1657011693719683000,53.4,6,53.3,4,53.4,26,1,2022-07-05 09:01:33
1657011693753001000,53.4,26,53.3,4,53.5,45,1,2022-07-05 09:01:33
1657011693837064000,53.5,3,53.3,7,53.5,42,1,2022-07-05 09:01:33
1657011694713844000,53.5,3,53.4,10,53.5,53,1,2022-07-05 09:01:34
1657011694727306000,53.5,1,53.4,10,53.5,52,1,2022-07-05 09:01:34
1657011694758938000,53.5,3,53.4,10,53.5,49,1,2022-07-05 09:01:34
1657011694772520000,53.5,2,53.4,10,53.5,47,1,2022-07-05 09:01:34
1657011694847135000,53.5,5,53.4,10,53.5,42,1,2022-07-05 09:01:34
1657011694989160000,53.5,1,53.4,10,53.5,41,1,2022-07-05 09:01:34
1657011695035114000,53.5,2,53.4,10,53.5,39,1,2022-07-05 09:01:35
1657011695052006000,53.5,10,53.4,10,53.5,29,1,2022-07-05 09:01:35
1657011695075636000,53.5,3,53.4,10,53.5,26,1,2022-07-05 09:01:35
1657011695088631000,53.5,10,53.4,10,53.5,16,1,2022-07-05 09:01:35
1657011695090548000,53.5,9,53.4,10,53.5,7,1,2022-07-05 09:01:35
1657011695093379000,53.5,2,53.4,10,53.5,5,1,2022-07-05 09:01:35
1657011695121559000,53.5,5,53.4,10,53.6,25,1,2022-07-05 09:01:35
1657011695180843000,53.4,3,53.4,9,53.6,4,2,2022-07-05 09:01:35
1657011695669130000,53.6,2,53.5,3,53.6,3,1,2022-07-05 09:01:35
1657011695673845000,53.6,3,53.5,3,53.7,5,1,2022-07-05 09:01:35
1657011695874693000,53.5,1,53.5,2,53.7,5,2,2022-07-05 09:01:35
1657011695900400000,53.7,2,53.5,2,53.7,3,1,2022-07-05 09:01:35
1657011696006034000,53.5,2,53.4,9,53.7,3,2,2022-07-05 09:01:36
1657011696006034000,53.4,1,53.4,9,53.7,3,2,2022-07-05 09:01:36
1657011696570659000,53.6,1,53.5,1,53.6,1,1,2022-07-05 09:01:36
1657011696570659000,53.7,4,53.5,1,53.6,1,1,2022-07-05 09:01:36
1657011696755924000,53.6,1,53.5,1,53.7,1,1,2022-07-05 09:01:36
1657011696881367000,53.7,1,53.5,3,53.8,27,1,2022-07-05 09:01:36
1657011697275448000,53.6,1,53.6,2,53.8,27,2,2022-07-05 09:01:37
1657011697381998000,53.6,1,53.6,1,53.8,27,2,2022-07-05 09:01:37
1657011697422199000,53.6,1,53.5,3,53.8,27,2,2022-07-05 09:01:37
1657011697703262000,53.8,1,53.5,3,53.8,28,1,2022-07-05 09:01:37
1657011698305796000,53.5,3,53.4,16,53.7,2,2,2022-07-05 09:01:38
1657011698305796000,53.4,2,53.4,16,53.7,2,2,2022-07-05 09:01:38
1657011698317585000,53.7,1,53.4,16,53.7,1,1,2022-07-05 09:01:38
1657011698421373000,53.6,1,53.4,16,53.6,1,1,2022-07-05 09:01:38
1657011698629474000,53.4,1,53.4,16,53.6,1,2,2022-07-05 09:01:38
1657011698740774000,53.5,1,53.4,15,53.6,1,1,2022-07-05 09:01:38
1657011698848068000,53.4,3,53.4,12,53.6,1,2,2022-07-05 09:01:38
1657011699625026000,53.5,7,53.4,14,53.7,13,2,2022-07-05 09:01:39
1657011699702911000,53.4,14,53.3,15,53.7,13,2,2022-07-05 09:01:39
1657011699768873000,53.4,2,53.3,14,53.6,6,2,2022-07-05 09:01:39
1657011699862885000,53.6,5,53.3,14,53.6,1,1,2022-07-05 09:01:39
1657011699902127000,53.3,14,53.2,31,53.6,1,2,2022-07-05 09:01:39
1657011700151164000,53.5,1,53.3,2,53.5,3,1,2022-07-05 09:01:40
1657011700392837000,53.5,1,53.3,3,53.5,1,1,2022-07-05 09:01:40
1657011702505147000,53.5,6,53.4,3,53.7,14,1,2022-07-05 09:01:42
1657011702505147000,53.6,13,53.4,3,53.7,14,1,2022-07-05 09:01:42
1657011702505147000,53.7,1,53.4,3,53.7,14,1,2022-07-05 09:01:42
1657011702539081000,53.4,3,53.3,7,53.7,14,2,2022-07-05 09:01:42
1657011702681371000,53.7,2,53.3,7,53.7,12,1,2022-07-05 09:01:42
1657011703287902000,53.5,1,53.3,6,53.7,15,2,2022-07-05 09:01:43
1657011703345171000,53.4,1,53.3,6,53.7,15,2,2022-07-05 09:01:43
1657011703830567000,53.5,1,53.4,6,53.6,2,1,2022-07-05 09:01:43
1657011703871715000,53.6,2,53.4,6,53.7,15,1,2022-07-05 09:01:43
1657011703873836000,53.4,6,53.3,7,53.7,15,2,2022-07-05 09:01:43
1657011703922390000,53.7,2,53.5,2,53.7,13,1,2022-07-05 09:01:43
1657011703970035000,53.5,1,53.5,1,53.7,13,2,2022-07-05 09:01:43
1657011704519760000,53.7,1,53.5,1,53.7,12,1,2022-07-05 09:01:44
1657011704589103000,53.5,1,53.5,1,53.7,13,2,2022-07-05 09:01:44
1657011705597675000,53.6,2,53.5,6,53.7,15,1,2022-07-05 09:01:45
1657011705627697000,53.5,11,53.4,5,53.7,15,2,2022-07-05 09:01:45
1657011705681376000,53.5,1,53.4,6,53.6,3,2,2022-07-05 09:01:45
1657011706678198000,53.6,1,53.5,1,53.6,3,1,2022-07-05 09:01:46
1657011706869581000,53.6,1,53.5,1,53.6,5,1,2022-07-05 09:01:46
1657011707161460000,53.6,2,53.5,2,53.6,5,1,2022-07-05 09:01:47
1657011707213623000,53.6,1,53.5,2,53.6,2,1,2022-07-05 09:01:47
1657011708123960000,53.5,2,53.4,7,53.6,11,2,2022-07-05 09:01:48
1657011708123960000,53.4,1,53.4,7,53.6,11,2,2022-07-05 09:01:48
1657011708355480000,53.5,5,53.4,3,53.6,21,2,2022-07-05 09:01:48
1657011708355480000,53.4,4,53.4,3,53.6,21,2,2022-07-05 09:01:48
1657011708398579000,53.4,3,53.3,20,53.6,23,2,2022-07-05 09:01:48
1657011708502671000,53.5,1,53.3,21,53.6,23,1,2022-07-05 09:01:48
1657011708547577000,53.6,1,53.3,21,53.6,22,1,2022-07-05 09:01:48
1657011708832115000,53.5,1,53.3,21,53.6,24,2,2022-07-05 09:01:48
1657011708866642000,53.3,6,53.3,15,53.6,24,2,2022-07-05 09:01:48
1657011708896484000,53.6,10,53.3,15,53.6,14,1,2022-07-05 09:01:48
1657011709236179000,53.6,1,53.4,2,53.6,13,1,2022-07-05 09:01:49
1657011709365335000,53.5,1,53.4,2,53.6,4,1,2022-07-05 09:01:49
1657011709365335000,53.6,9,53.4,2,53.6,4,1,2022-07-05 09:01:49
1657011709710267000,53.5,2,53.4,2,53.6,5,2,2022-07-05 09:01:49
1657011709852054000,53.6,1,53.4,2,53.6,12,1,2022-07-05 09:01:49
1657011710563949000,53.6,7,53.5,6,53.6,6,1,2022-07-05 09:01:50
1657011710616734000,53.5,6,53.4,4,53.6,6,2,2022-07-05 09:01:50
1657011710618235000,53.6,5,53.4,4,53.6,1,1,2022-07-05 09:01:50
1657011710669091000,53.6,1,53.4,4,53.6,2,1,2022-07-05 09:01:50
1657011710759356000,53.6,1,53.4,4,53.7,15,1,2022-07-05 09:01:50
1657011711015785000,53.5,1,53.4,4,53.7,15,2,2022-07-05 09:01:51
1657011711237138000,53.6,1,53.6,1,53.7,15,2,2022-07-05 09:01:51
1657011711351588000,53.6,1,53.4,6,53.7,15,2,2022-07-05 09:01:51
1657011711605055000,53.7,1,53.5,30,53.7,14,1,2022-07-05 09:01:51
1657011711916081000,53.6,2,53.6,8,53.7,14,2,2022-07-05 09:01:51
1657011712219992000,53.6,1,53.6,5,53.7,14,2,2022-07-05 09:01:52
1657011712243386000,53.6,4,53.6,1,53.7,14,2,2022-07-05 09:01:52
1657011712624805000,53.6,1,53.6,1,53.7,14,2,2022-07-05 09:01:52
1657011712857958000,53.6,1,53.5,16,53.7,14,2,2022-07-05 09:01:52
1657011712857958000,53.5,19,53.5,16,53.7,14,2,2022-07-05 09:01:52
1657011712926407000,53.5,4,53.5,12,53.6,5,2,2022-07-05 09:01:52
1657011713105452000,53.6,2,53.5,14,53.6,5,1,2022-07-05 09:01:53
1657011713696806000,53.6,1,53.5,14,53.6,3,1,2022-07-05 09:01:53
1657011713855826000,53.6,2,53.5,14,53.6,1,1,2022-07-05 09:01:53
1657011714085856000,53.6,1,53.6,2,53.7,15,1,2022-07-05 09:01:54
1657011714598459000,53.6,1,53.6,2,53.7,15,2,2022-07-05 09:01:54
1657011714814099000,53.6,1,53.6,1,53.7,15,2,2022-07-05 09:01:54
1657011714955242000,53.6,1,53.5,16,53.7,16,2,2022-07-05 09:01:54
1657011715668034000,53.6,1,53.5,27,53.6,1,1,2022-07-05 09:01:55
1657011715729017000,53.6,1,53.6,6,53.7,22,1,2022-07-05 09:01:55
1657011715788419000,53.6,6,53.5,27,53.7,25,2,2022-07-05 09:01:55
1657011716063166000,53.6,1,53.5,27,53.6,4,1,2022-07-05 09:01:56
1657011716377015000,53.5,1,53.5,26,53.6,15,2,2022-07-05 09:01:56
1657011716407325000,53.5,6,53.5,20,53.6,18,2,2022-07-05 09:01:56
1657011716675959000,53.6,4,53.5,20,53.6,14,1,2022-07-05 09:01:56
1657011716692323000,53.6,1,53.5,20,53.6,13,1,2022-07-05 09:01:56
1657011716875612000,53.5,3,53.5,17,53.6,13,2,2022-07-05 09:01:56
1657011716933147000,53.6,1,53.5,17,53.6,12,1,2022-07-05 09:01:56
1657011717033218000,53.6,1,53.5,17,53.6,11,1,2022-07-05 09:01:57
1657011717095066000,53.6,5,53.5,20,53.6,13,1,2022-07-05 09:01:57
1657011717223400000,53.6,4,53.5,21,53.6,2,1,2022-07-05 09:01:57
1657011717224225000,53.5,6,53.5,15,53.6,2,2,2022-07-05 09:01:57
1657011717492700000,53.6,1,53.5,15,53.6,15,1,2022-07-05 09:01:57
1657011717544891000,53.5,3,53.5,12,53.6,15,2,2022-07-05 09:01:57
1657011717550776000,53.5,3,53.5,9,53.6,15,2,2022-07-05 09:01:57
1657011717585924000,53.5,9,53.4,12,53.6,16,2,2022-07-05 09:01:57
1657011717600078000,53.4,3,53.4,9,53.5,1,2,2022-07-05 09:01:57
1657011717703062000,53.4,1,53.4,8,53.5,4,2,2022-07-05 09:01:57
1657011718019607000,53.5,4,53.4,8,53.6,10,1,2022-07-05 09:01:58
1657011718019607000,53.6,6,53.4,8,53.6,10,1,2022-07-05 09:01:58
1657011718043852000,53.6,9,53.4,8,53.6,1,1,2022-07-05 09:01:58
1657011718453575000,53.5,1,53.5,7,53.6,7,2,2022-07-05 09:01:58
1657011718487001000,53.5,7,53.4,8,53.6,7,2,2022-07-05 09:01:58
1657011718561996000,53.5,1,53.4,8,53.5,1,1,2022-07-05 09:01:58
1657011718656793000,53.5,1,53.4,8,53.5,2,1,2022-07-05 09:01:58
1657011718696019000,53.5,1,53.5,3,53.6,8,2,2022-07-05 09:01:58
1657011718723481000,53.5,3,53.5,2,53.6,8,2,2022-07-05 09:01:58
1657011718783945000,53.5,2,53.4,8,53.5,3,2,2022-07-05 09:01:58
1657011718952528000,53.5,4,53.4,8,53.6,7,1,2022-07-05 09:01:58
1657011718952528000,53.6,1,53.4,8,53.6,7,1,2022-07-05 09:01:58
1657011719286564000,53.6,1,53.5,1,53.6,14,1,2022-07-05 09:01:59
1657011719417474000,53.5,1,53.4,9,53.5,4,2,2022-07-05 09:01:59
1657011719602474000,53.5,2,53.4,9,53.5,2,1,2022-07-05 09:01:59
1657011719650387000,53.5,2,53.4,9,53.5,4,1,2022-07-05 09:01:59
1657011719767927000,53.4,9,53.3,21,53.6,15,2,2022-07-05 09:01:59
1657011719891205000,53.5,1,53.3,21,53.5,3,1,2022-07-05 09:01:59
1657011720136690000,53.5,1,53.3,21,53.5,2,1,2022-07-05 09:02:00
1657011720153350000,53.5,2,53.3,21,53.6,16,1,2022-07-05 09:02:00
1657011720374673000,53.5,3,53.5,17,53.6,16,1,2022-07-05 09:02:00
1657011720631090000,53.5,5,53.5,12,53.6,17,2,2022-07-05 09:02:00
1657011720640069000,53.5,5,53.5,7,53.6,17,2,2022-07-05 09:02:00
1657011720660638000,53.5,7,53.5,17,53.6,17,2,2022-07-05 09:02:00
1657011720676565000,53.6,2,53.3,21,53.6,15,1,2022-07-05 09:02:00
1657011720957758000,53.3,1,53.3,20,53.4,5,2,2022-07-05 09:02:00
1657011720986201000,53.3,10,53.3,10,53.4,5,2,2022-07-05 09:02:00
1657011721028663000,53.3,1,53.3,9,53.4,6,2,2022-07-05 09:02:01
1657011721035115000,53.3,1,53.3,9,53.4,6,2,2022-07-05 09:02:01
1657011721057227000,53.3,1,53.3,8,53.4,6,2,2022-07-05 09:02:01
1657011721156081000,53.4,2,53.3,8,53.4,7,1,2022-07-05 09:02:01
1657011721243691000,53.4,2,53.3,8,53.4,3,1,2022-07-05 09:02:01
1657011721353644000,53.4,3,53.3,8,53.6,25,1,2022-07-05 09:02:01
1657011721353644000,53.5,2,53.3,8,53.6,25,1,2022-07-05 09:02:01
1657011721423845000,53.5,2,53.3,8,53.5,5,1,2022-07-05 09:02:01
1657011721962278000,53.5,9,53.5,1,53.6,25,1,2022-07-05 09:02:01
1657011721989870000,53.5,1,53.3,8,53.6,20,2,2022-07-05 09:02:01
1657011722830761000,53.5,3,53.4,5,53.6,16,1,2022-07-05 09:02:02
1657011722830761000,53.6,2,53.4,5,53.6,16,1,2022-07-05 09:02:02
1657011723169021000,53.4,1,53.4,5,53.5,2,2,2022-07-05 09:02:03
1657011723489684000,53.5,1,53.4,4,53.5,6,1,2022-07-05 09:02:03
1657011723601100000,53.4,1,53.4,4,53.5,7,2,2022-07-05 09:02:03
1657011724004112000,53.5,1,53.4,5,53.5,8,1,2022-07-05 09:02:04
1657011724086438000,53.5,8,53.5,12,53.6,21,1,2022-07-05 09:02:04
1657011724156276000,53.6,1,53.5,12,53.6,22,1,2022-07-05 09:02:04
1657011724541782000,53.6,1,53.5,12,53.6,21,1,2022-07-05 09:02:04
1657011724611757000,53.5,1,53.5,12,53.6,22,2,2022-07-05 09:02:04
1657011724939332000,53.5,2,53.5,9,53.6,21,2,2022-07-05 09:02:04
1657011724975749000,53.5,1,53.5,8,53.6,21,2,2022-07-05 09:02:04
1657011725005863000,53.5,8,53.4,16,53.6,21,2,2022-07-05 09:02:05
1657011725363362000,53.4,1,53.4,15,53.6,21,2,2022-07-05 09:02:05
1657011725731904000,53.4,1,53.4,14,53.6,24,2,2022-07-05 09:02:05
1657011725826531000,53.6,5,53.4,14,53.6,23,1,2022-07-05 09:02:05
1657011726231779000,53.5,2,53.4,104,53.5,3,2,2022-07-05 09:02:06
1657011726647163000,53.4,1,53.4,104,53.5,5,2,2022-07-05 09:02:06
1657011726648223000,53.5,1,53.4,105,53.5,5,1,2022-07-05 09:02:06
1657011726677417000,53.4,5,53.4,99,53.5,4,2,2022-07-05 09:02:06
1657011726716974000,53.4,1,53.4,98,53.5,4,2,2022-07-05 09:02:06
1657011726838383000,53.5,1,53.4,98,53.5,4,1,2022-07-05 09:02:06
1657011726976901000,53.4,1,53.4,99,53.5,4,2,2022-07-05 09:02:06
1657011727639192000,53.5,1,53.4,98,53.5,4,1,2022-07-05 09:02:07
1657011728164347000,53.4,1,53.4,98,53.5,4,2,2022-07-05 09:02:08
1657011728223497000,53.5,1,53.4,97,53.5,3,1,2022-07-05 09:02:08
1657011728295921000,53.5,1,53.4,97,53.5,3,1,2022-07-05 09:02:08
1657011728332726000,53.4,1,53.4,96,53.5,3,2,2022-07-05 09:02:08
1657011728362361000,53.5,1,53.4,96,53.5,2,1,2022-07-05 09:02:08
1657011728459948000,53.5,5,53.4,97,53.5,2,1,2022-07-05 09:02:08
1657011728468713000,53.5,1,53.4,97,53.5,7,1,2022-07-05 09:02:08
1657011729118035000,53.5,1,53.4,97,53.5,1,1,2022-07-05 09:02:09
1657011729767195000,53.5,6,53.5,4,53.6,25,1,2022-07-05 09:02:09
1657011729810575000,53.5,4,53.4,98,53.6,25,2,2022-07-05 09:02:09
1657011730465111000,53.5,1,53.4,98,53.6,25,2,2022-07-05 09:02:10
1657011730609973000,53.5,1,53.5,1,53.6,25,2,2022-07-05 09:02:10
1657011730887417000,53.4,1,53.4,98,53.5,4,2,2022-07-05 09:02:10
1657011731562404000,53.5,1,53.4,98,53.5,5,1,2022-07-05 09:02:11
1657011731772271000,53.4,1,53.4,97,53.5,4,2,2022-07-05 09:02:11
1657011731896321000,53.4,4,53.4,93,53.5,4,2,2022-07-05 09:02:11
1657011731935080000,53.4,1,53.4,92,53.5,4,2,2022-07-05 09:02:11
1657011732098451000,53.5,1,53.4,92,53.5,8,1,2022-07-05 09:02:12
1657011732162228000,53.4,1,53.4,91,53.5,7,2,2022-07-05 09:02:12
1657011732175234000,53.5,2,53.4,92,53.5,5,1,2022-07-05 09:02:12
1657011732414193000,53.5,2,53.4,92,53.5,3,1,2022-07-05 09:02:12
1657011732624273000,53.5,1,53.4,92,53.5,2,1,2022-07-05 09:02:12
1657011732773928000,53.5,2,53.5,3,53.6,25,1,2022-07-05 09:02:12
1657011733573339000,53.5,4,53.5,5,53.6,25,2,2022-07-05 09:02:13
1657011733651529000,53.5,1,53.5,9,53.6,25,2,2022-07-05 09:02:13
1657011734138082000,53.5,2,53.5,13,53.6,25,2,2022-07-05 09:02:14
1657011734540897000,53.6,1,53.5,14,53.6,24,1,2022-07-05 09:02:14
1657011735225308000,53.5,2,53.5,12,53.6,23,2,2022-07-05 09:02:15
1657011735496040000,53.5,1,53.5,22,53.6,23,2,2022-07-05 09:02:15
1657011736040107000,53.6,5,53.5,24,53.6,18,1,2022-07-05 09:02:16
1657011736139603000,53.5,1,53.5,24,53.6,18,2,2022-07-05 09:02:16
1657011736174625000,53.5,13,53.5,11,53.6,18,2,2022-07-05 09:02:16
1657011736343910000,53.5,12,53.4,104,53.6,18,2,2022-07-05 09:02:16
1657011736343910000,53.4,3,53.4,104,53.6,18,2,2022-07-05 09:02:16
1657011736510942000,53.6,3,53.4,104,53.6,15,1,2022-07-05 09:02:16
1657011736772815000,53.6,10,53.5,1,53.6,21,1,2022-07-05 09:02:16
1657011737027427000,53.5,1,53.4,104,53.6,21,2,2022-07-05 09:02:17
1657011737308762000,53.5,1,53.5,2,53.6,21,2,2022-07-05 09:02:17
1657011738164385000,53.5,2,53.5,13,53.6,26,2,2022-07-05 09:02:18
1657011738557645000,53.6,20,53.5,11,53.6,6,1,2022-07-05 09:02:18
1657011738982102000,53.5,2,53.5,11,53.6,8,2,2022-07-05 09:02:18
1657011739350609000,53.5,1,53.5,10,53.6,8,2,2022-07-05 09:02:19
1657011739762623000,53.5,10,53.4,104,53.5,5,2,2022-07-05 09:02:19
1657011739822611000,53.4,46,53.4,58,53.5,6,2,2022-07-05 09:02:19
1657011739867099000,53.4,58,53.3,17,53.5,7,2,2022-07-05 09:02:19
1657011739884700000,53.4,1,53.3,17,53.4,3,1,2022-07-05 09:02:19
1657011739902080000,53.4,2,53.3,17,53.4,3,1,2022-07-05 09:02:19
1657011740026505000,53.4,2,53.3,17,53.4,9,1,2022-07-05 09:02:20
1657011740218303000,53.4,1,53.3,17,53.4,6,1,2022-07-05 09:02:20
1657011740790922000,53.3,17,53.2,5,53.4,6,2,2022-07-05 09:02:20
1657011740790922000,53.2,33,53.2,5,53.4,6,2,2022-07-05 09:02:20
1657011740902866000,53.3,4,53.2,5,53.3,7,1,2022-07-05 09:02:20
1657011741076287000,53.3,1,53.2,5,53.3,11,1,2022-07-05 09:02:21
1657011741389270000,53.2,1,53.2,4,53.3,6,2,2022-07-05 09:02:21
1657011741524162000,53.2,1,53.2,3,53.3,6,2,2022-07-05 09:02:21
1657011741777349000,53.3,2,53.2,3,53.3,4,1,2022-07-05 09:02:21
1657011741944791000,53.3,4,53.2,3,53.4,13,1,2022-07-05 09:02:21
1657011741981096000,53.2,1,53.2,2,53.4,10,2,2022-07-05 09:02:21
1657011742167525000,53.3,1,53.2,2,53.3,1,1,2022-07-05 09:02:22
1657011742167525000,53.4,2,53.2,2,53.3,1,1,2022-07-05 09:02:22
1657011742263592000,53.4,1,53.2,2,53.4,7,1,2022-07-05 09:02:22
1657011742476740000,53.2,2,53.1,32,53.4,7,2,2022-07-05 09:02:22
1657011743184244000,53.3,1,53.1,33,53.3,4,1,2022-07-05 09:02:23
1657011743615381000,53.1,5,53.1,28,53.3,4,2,2022-07-05 09:02:23
1657011744221215000,53.2,1,53.1,31,53.3,8,1,2022-07-05 09:02:24
1657011744418779000,53.2,1,53.1,31,53.2,1,1,2022-07-05 09:02:24
1657011744643124000,53.1,1,53.1,31,53.2,1,2,2022-07-05 09:02:24
1657011744949393000,53.2,1,53.1,30,53.3,9,1,2022-07-05 09:02:24
1657011746113581000,53.2,1,53.2,3,53.3,9,2,2022-07-05 09:02:26
1657011746216309000,53.2,3,53.1,30,53.2,3,2,2022-07-05 09:02:26
1657011746279790000,53.2,2,53.1,30,53.2,1,1,2022-07-05 09:02:26
1657011746793877000,53.2,1,53.2,4,53.3,16,1,2022-07-05 09:02:26
1657011746806802000,53.3,1,53.2,4,53.3,15,1,2022-07-05 09:02:26
1657011747565273000,53.2,2,53.2,6,53.3,15,2,2022-07-05 09:02:27
1657011747769742000,53.3,1,53.2,4,53.3,14,1,2022-07-05 09:02:27
1657011747881609000,53.3,2,53.2,4,53.3,14,1,2022-07-05 09:02:27
1657011747922964000,53.2,1,53.2,3,53.3,14,2,2022-07-05 09:02:27
1657011748560174000,53.3,2,53.2,4,53.3,14,1,2022-07-05 09:02:28
1657011748707272000,53.2,3,53.2,1,53.3,14,2,2022-07-05 09:02:28
1657011749547218000,53.3,3,53.2,1,53.3,11,1,2022-07-05 09:02:29
1657011749838711000,53.2,1,53.1,32,53.3,11,2,2022-07-05 09:02:29
1657011750704872000,53.2,2,53.2,9,53.3,13,2,2022-07-05 09:02:30
1657011750733562000,53.2,1,53.2,6,53.3,13,2,2022-07-05 09:02:30
1657011751287934000,53.2,1,53.2,6,53.3,13,2,2022-07-05 09:02:31
1657011751422007000,53.2,6,53.1,28,53.3,13,2,2022-07-05 09:02:31
1657011751422007000,53.1,4,53.1,28,53.3,13,2,2022-07-05 09:02:31
1657011751459111000,53.2,1,53.1,28,53.3,13,2,2022-07-05 09:02:31
1657011751464308000,53.3,2,53.1,28,53.3,11,1,2022-07-05 09:02:31
1657011751481491000,53.1,1,53.1,27,53.3,11,2,2022-07-05 09:02:31
1657011751643115000,53.1,7,53.1,20,53.2,2,2,2022-07-05 09:02:31
1657011751838859000,53.2,1,53.1,21,53.2,2,1,2022-07-05 09:02:31
1657011752124688000,53.2,2,53.1,21,53.4,15,1,2022-07-05 09:02:32
1657011752124688000,53.3,11,53.1,21,53.4,15,1,2022-07-05 09:02:32
1657011752124688000,53.4,2,53.1,21,53.4,15,1,2022-07-05 09:02:32
1657011753340302000,53.3,1,53.2,7,53.4,14,1,2022-07-05 09:02:33
1657011753340302000,53.4,1,53.2,7,53.4,14,1,2022-07-05 09:02:33
1657011754066608000,53.4,1,53.3,3,53.4,13,1,2022-07-05 09:02:34
1657011754229221000,53.3,1,53.3,2,53.4,13,2,2022-07-05 09:02:34
1657011754390562000,53.3,1,53.3,1,53.4,13,2,2022-07-05 09:02:34
1657011754638840000,53.4,4,53.3,1,53.4,9,1,2022-07-05 09:02:34
1657011754887998000,53.3,1,53.3,2,53.4,9,2,2022-07-05 09:02:34
1657011754983670000,53.3,2,53.2,24,53.4,9,2,2022-07-05 09:02:34
1657011755080608000,53.2,1,53.2,23,53.4,9,2,2022-07-05 09:02:35
1657011755414490000,53.4,5,53.2,14,53.4,4,1,2022-07-05 09:02:35
1657011756859156000,53.2,1,53.2,15,53.4,5,2,2022-07-05 09:02:36
1657011756953255000,53.2,5,53.2,10,53.4,6,2,2022-07-05 09:02:36
1657011757107040000,53.4,1,53.2,10,53.4,5,1,2022-07-05 09:02:37
1657011757558560000,53.4,1,53.3,6,53.4,4,1,2022-07-05 09:02:37
1657011757568892000,53.4,4,53.3,6,53.5,14,1,2022-07-05 09:02:37
1657011758164602000,53.4,1,53.3,10,53.4,1,1,2022-07-05 09:02:38
1657011758555896000,53.4,5,53.3,26,53.4,5,1,2022-07-05 09:02:38
1657011758860427000,53.5,5,53.3,26,53.5,9,1,2022-07-05 09:02:38
1657011758895335000,53.5,9,53.3,27,53.6,12,1,2022-07-05 09:02:38
1657011759874619000,53.4,1,53.4,4,53.5,1,2,2022-07-05 09:02:39
1657011761009287000,53.4,2,53.4,1,53.5,1,2,2022-07-05 09:02:41
1657011761074600000,53.4,1,53.3,25,53.5,1,2,2022-07-05 09:02:41
1657011761074600000,53.3,2,53.3,25,53.5,1,2,2022-07-05 09:02:41
1657011761809558000,53.4,1,53.3,25,53.5,1,1,2022-07-05 09:02:41
1657011762118289000,53.5,1,53.4,1,53.6,13,1,2022-07-05 09:02:42
1657011765091525000,53.4,1,53.4,12,53.5,4,2,2022-07-05 09:02:45
1657011765826437000,53.5,5,53.4,12,53.5,9,1,2022-07-05 09:02:45
1657011765887715000,53.5,1,53.4,12,53.5,8,1,2022-07-05 09:02:45
1657011766040947000,53.4,3,53.4,12,53.5,14,2,2022-07-05 09:02:46
1657011766317398000,53.4,2,53.4,7,53.5,8,2,2022-07-05 09:02:46
1657011766319158000,53.4,1,53.4,6,53.5,8,2,2022-07-05 09:02:46
1657011766397768000,53.4,2,53.4,9,53.5,8,2,2022-07-05 09:02:46
1657011766428206000,53.4,2,53.4,7,53.5,8,2,2022-07-05 09:02:46
1657011766631178000,53.4,2,53.4,5,53.5,9,2,2022-07-05 09:02:46
1657011767554996000,53.4,2,53.4,3,53.5,10,2,2022-07-05 09:02:47
1657011767589087000,53.4,1,53.4,2,53.5,10,2,2022-07-05 09:02:47
1657011767590696000,53.4,1,53.4,1,53.5,10,2,2022-07-05 09:02:47
1657011767803039000,53.4,2,53.3,32,53.5,10,2,2022-07-05 09:02:47
1657011767906786000,53.3,2,53.3,30,53.5,10,2,2022-07-05 09:02:47
1657011767970895000,53.3,15,53.3,15,53.5,10,2,2022-07-05 09:02:47
1657011767971337000,53.3,2,53.3,13,53.5,10,2,2022-07-05 09:02:47
1657011768028863000,53.4,1,53.4,1,53.5,10,1,2022-07-05 09:02:48
1657011768030903000,53.4,1,53.3,10,53.5,10,2,2022-07-05 09:02:48
1657011768030903000,53.3,3,53.3,10,53.5,10,2,2022-07-05 09:02:48
1657011768114625000,53.4,1,53.3,10,53.5,10,1,2022-07-05 09:02:48
1657011768181436000,53.3,2,53.3,8,53.5,10,2,2022-07-05 09:02:48
1657011768225492000,53.3,2,53.3,6,53.4,10,2,2022-07-05 09:02:48
1657011768796520000,53.4,3,53.3,6,53.4,11,1,2022-07-05 09:02:48
1657011768838112000,53.3,2,53.3,4,53.4,11,2,2022-07-05 09:02:48
1657011768864903000,53.3,4,53.2,55,53.4,11,2,2022-07-05 09:02:48
1657011769260723000,53.3,1,53.2,55,53.4,11,1,2022-07-05 09:02:49
1657011769326191000,53.4,4,53.2,55,53.4,7,1,2022-07-05 09:02:49
1657011769495593000,53.2,2,53.2,53,53.3,10,2,2022-07-05 09:02:49
1657011769568807000,53.3,1,53.2,53,53.3,9,1,2022-07-05 09:02:49
1657011769682072000,53.2,4,53.2,59,53.3,9,2,2022-07-05 09:02:49
1657011769703065000,53.2,1,53.2,63,53.3,9,2,2022-07-05 09:02:49
1657011769822573000,53.3,1,53.2,58,53.3,8,1,2022-07-05 09:02:49
1657011770173625000,53.3,3,53.2,59,53.4,1,1,2022-07-05 09:02:50
1657011770173625000,53.4,13,53.2,59,53.4,1,1,2022-07-05 09:02:50
1657011770353853000,53.3,1,53.2,59,53.3,1,1,2022-07-05 09:02:50
1657011771160325000,53.3,1,53.2,59,53.3,5,1,2022-07-05 09:02:51
1657011771577311000,53.3,1,53.2,59,53.3,10,1,2022-07-05 09:02:51
1657011772321056000,53.3,1,53.2,59,53.3,8,1,2022-07-05 09:02:52
1657011772376818000,53.3,8,53.2,59,53.4,4,1,2022-07-05 09:02:52
1657011772376818000,53.4,2,53.2,59,53.4,4,1,2022-07-05 09:02:52
1657011772671446000,53.3,1,53.2,59,53.3,1,1,2022-07-05 09:02:52
1657011772762077000,53.3,1,53.3,1,53.4,5,2,2022-07-05 09:02:52
1657011773317367000,53.3,1,53.3,1,53.4,12,2,2022-07-05 09:02:53
1657011773357299000,53.3,1,53.2,59,53.4,12,2,2022-07-05 09:02:53
1657011774015060000,53.3,1,53.2,59,53.3,1,1,2022-07-05 09:02:54
1657011774036199000,53.3,1,53.2,59,53.3,2,1,2022-07-05 09:02:54
1657011774378086000,53.2,20,53.2,39,53.4,7,2,2022-07-05 09:02:54
1657011775466382000,53.2,20,53.2,20,53.3,7,2,2022-07-05 09:02:55
1657011775503236000,53.2,4,53.2,16,53.3,7,2,2022-07-05 09:02:55
1657011775509185000,53.2,1,53.2,15,53.3,10,2,2022-07-05 09:02:55
1657011775516566000,53.2,1,53.2,14,53.3,10,2,2022-07-05 09:02:55
1657011775532681000,53.2,14,53.1,44,53.3,10,2,2022-07-05 09:02:55
1657011776225120000,53.2,1,53.1,43,53.2,1,1,2022-07-05 09:02:56
1657011776723365000,53.1,1,53.1,39,53.2,1,2,2022-07-05 09:02:56
1657011777124740000,53.1,1,53.1,38,53.2,2,2,2022-07-05 09:02:57
1657011777162461000,53.1,1,53.1,37,53.2,2,2,2022-07-05 09:02:57
1657011777631553000,53.2,2,53.1,34,53.2,1,1,2022-07-05 09:02:57
1657011777660099000,53.1,1,53.1,34,53.2,3,2,2022-07-05 09:02:57
1657011777853483000,53.2,1,53.2,1,53.3,11,1,2022-07-05 09:02:57
1657011777886961000,53.2,1,53.1,21,53.3,11,2,2022-07-05 09:02:57
1657011777886961000,53.1,12,53.1,21,53.3,11,2,2022-07-05 09:02:57
1657011778627250000,53.1,1,53.1,20,53.2,15,2,2022-07-05 09:02:58
1657011778666976000,53.1,2,53.1,18,53.2,15,2,2022-07-05 09:02:58
1657011778885309000,53.1,2,53.1,16,53.2,15,2,2022-07-05 09:02:58
1657011779049415000,53.2,1,53.1,16,53.2,14,1,2022-07-05 09:02:59
1657011779472835000,53.1,1,53.1,15,53.2,14,2,2022-07-05 09:02:59
1657011779813508000,53.1,5,53.1,11,53.2,14,2,2022-07-05 09:02:59
1657011779848216000,53.1,1,53.1,10,53.2,14,2,2022-07-05 09:02:59
1657011780062799000,53.1,5,53.1,7,53.2,14,2,2022-07-05 09:03:00
1657011780096590000,53.2,1,53.1,7,53.2,13,1,2022-07-05 09:03:00
1657011780211683000,53.1,2,53.1,7,53.2,13,2,2022-07-05 09:03:00
1657011780265624000,53.1,1,53.1,4,53.2,13,2,2022-07-05 09:03:00
1657011780383396000,53.1,1,53.1,3,53.2,13,2,2022-07-05 09:03:00
1657011780498664000,53.1,1,53.1,2,53.2,13,2,2022-07-05 09:03:00
1657011780528376000,53.1,2,53.0,103,53.2,13,2,2022-07-05 09:03:00
1657011780719122000,53.2,1,53.0,103,53.2,12,1,2022-07-05 09:03:00
1657011780826479000,53.0,4,53.0,99,53.2,12,2,2022-07-05 09:03:00
1657011781132651000,53.1,3,53.0,99,53.1,2,1,2022-07-05 09:03:01
1657011781166624000,53.1,2,53.0,99,53.2,13,1,2022-07-05 09:03:01
1657011781179121000,53.2,1,53.0,99,53.2,12,1,2022-07-05 09:03:01
1657011781355970000,53.1,2,53.0,99,53.2,12,1,2022-07-05 09:03:01
1657011781713413000,53.2,1,53.0,99,53.2,12,1,2022-07-05 09:03:01
1657011782750101000,53.1,2,53.1,1,53.2,22,2,2022-07-05 09:03:02
1657011782772718000,53.1,1,53.0,99,53.2,22,2,2022-07-05 09:03:02
1657011783127063000,53.2,1,53.1,4,53.2,23,1,2022-07-05 09:03:03
1657011783657732000,53.1,3,53.1,1,53.2,22,2,2022-07-05 09:03:03
1657011783749822000,53.2,2,53.1,1,53.2,20,1,2022-07-05 09:03:03
1657011784090817000,53.1,2,53.1,2,53.2,21,2,2022-07-05 09:03:04
1657011784346521000,53.0,1,53.0,98,53.1,3,2,2022-07-05 09:03:04
1657011784929679000,53.1,2,53.0,98,53.1,1,1,2022-07-05 09:03:04
1657011784939338000,53.1,1,53.0,98,53.2,20,1,2022-07-05 09:03:04
1657011785364413000,53.2,1,53.1,3,53.2,19,1,2022-07-05 09:03:05
1657011785607751000,53.1,1,53.1,2,53.2,20,2,2022-07-05 09:03:05
1657011785671308000,53.1,1,53.1,1,53.2,20,2,2022-07-05 09:03:05
1657011786407870000,53.1,1,53.0,99,53.1,19,2,2022-07-05 09:03:06
1657011786446007000,53.1,1,53.0,99,53.1,18,1,2022-07-05 09:03:06
1657011786469939000,53.1,5,53.0,99,53.1,13,1,2022-07-05 09:03:06
1657011786506025000,53.1,13,53.0,99,53.2,19,1,2022-07-05 09:03:06
1657011786578699000,53.1,1,53.0,99,53.2,19,1,2022-07-05 09:03:06
1657011787098766000,53.1,1,53.1,3,53.2,19,2,2022-07-05 09:03:07
1657011787185044000,53.2,1,53.1,4,53.2,19,1,2022-07-05 09:03:07
1657011787366312000,53.1,1,53.1,2,53.2,18,2,2022-07-05 09:03:07
1657011787400305000,53.1,1,53.1,5,53.2,18,2,2022-07-05 09:03:07
1657011788326559000,53.1,1,53.1,8,53.2,22,2,2022-07-05 09:03:08
1657011788460193000,53.1,2,53.1,6,53.2,22,2,2022-07-05 09:03:08
1657011788495141000,53.1,1,53.1,5,53.2,22,2,2022-07-05 09:03:08
1657011789184286000,53.1,1,53.1,4,53.2,23,2,2022-07-05 09:03:09
1657011789265296000,53.1,1,53.1,3,53.2,23,2,2022-07-05 09:03:09
1657011789403090000,53.1,1,53.1,3,53.2,23,2,2022-07-05 09:03:09
1657011790222830000,53.1,1,53.1,7,53.2,23,2,2022-07-05 09:03:10
1657011790781761000,53.1,1,53.1,6,53.2,23,2,2022-07-05 09:03:10
1657011790993050000,53.1,1,53.1,5,53.2,23,2,2022-07-05 09:03:10
1657011791110387000,53.1,1,53.1,6,53.2,23,2,2022-07-05 09:03:11
1657011791547615000,53.2,6,53.1,4,53.2,17,1,2022-07-05 09:03:11
1657011792036360000,53.2,17,53.1,8,53.3,24,1,2022-07-05 09:03:12
1657011792720999000,53.1,2,53.1,18,53.3,24,2,2022-07-05 09:03:12
1657011792953257000,53.1,1,53.1,15,53.3,24,2,2022-07-05 09:03:12
1657011793160845000,53.1,7,53.1,8,53.3,24,2,2022-07-05 09:03:13
1657011793161707000,53.1,1,53.1,7,53.3,24,2,2022-07-05 09:03:13
1657011793237091000,53.2,1,53.1,7,53.3,24,1,2022-07-05 09:03:13
1657011793380780000,53.1,1,53.1,6,53.3,24,2,2022-07-05 09:03:13
1657011793544534000,53.1,1,53.1,11,53.3,24,2,2022-07-05 09:03:13
1657011793564289000,53.3,2,53.1,11,53.3,22,1,2022-07-05 09:03:13
1657011794545933000,53.1,6,53.1,5,53.2,1,2,2022-07-05 09:03:14
1657011794583789000,53.2,1,53.1,5,53.3,22,1,2022-07-05 09:03:14
1657011794588461000,53.1,1,53.1,4,53.3,22,2,2022-07-05 09:03:14
1657011795814901000,53.2,1,53.1,8,53.3,22,1,2022-07-05 09:03:15
1657011796029842000,53.3,1,53.1,9,53.3,21,1,2022-07-05 09:03:16
1657011797067239000,53.2,1,53.2,2,53.3,21,2,2022-07-05 09:03:17
1657011797248078000,53.2,1,53.1,14,53.2,1,2,2022-07-05 09:03:17
1657011797289379000,53.2,1,53.1,15,53.3,21,1,2022-07-05 09:03:17
1657011797931536000,53.2,1,53.1,15,53.3,21,1,2022-07-05 09:03:17
1657011798563030000,53.3,2,53.1,20,53.3,21,1,2022-07-05 09:03:18
1657011798698668000,53.1,1,53.1,20,53.3,23,2,2022-07-05 09:03:18
1657011799064565000,53.1,2,53.1,20,53.3,21,2,2022-07-05 09:03:19
1657011799337379000,53.1,1,53.1,17,53.3,21,2,2022-07-05 09:03:19
1657011800129371000,53.3,1,53.2,1,53.3,22,1,2022-07-05 09:03:20
1657011800721664000,53.2,1,53.2,1,53.3,22,2,2022-07-05 09:03:20
1657011800904900000,53.2,9,53.1,26,53.3,22,1,2022-07-05 09:03:20
1657011801330277000,53.1,1,53.1,28,53.3,22,2,2022-07-05 09:03:21
1657011801838464000,53.1,2,53.1,26,53.3,22,2,2022-07-05 09:03:21
1657011802794505000,53.2,2,53.1,56,53.2,1,1,2022-07-05 09:03:22
1657011803102185000,53.2,3,53.2,2,53.3,24,1,2022-07-05 09:03:23
1657011803412654000,53.2,2,53.2,3,53.3,24,2,2022-07-05 09:03:23
1657011804542485000,53.2,1,53.2,2,53.3,24,2,2022-07-05 09:03:24
1657011804841186000,53.2,1,53.2,1,53.3,24,2,2022-07-05 09:03:24
1657011807062526000,53.2,2,53.2,2,53.3,28,2,2022-07-05 09:03:27
1657011807724256000,53.3,25,53.2,4,53.3,29,1,2022-07-05 09:03:27
1657011807756328000,53.3,4,53.2,4,53.4,12,1,2022-07-05 09:03:27
1657011808057425000,53.2,1,53.2,7,53.4,12,2,2022-07-05 09:03:28
1657011808318645000,53.2,1,53.2,10,53.4,12,2,2022-07-05 09:03:28
1657011808659952000,53.2,13,53.1,90,53.2,13,2,2022-07-05 09:03:28
1657011808698282000,53.2,8,53.1,90,53.2,5,1,2022-07-05 09:03:28
1657011808701246000,53.1,1,53.1,89,53.2,5,2,2022-07-05 09:03:28
1657011809203530000,53.1,2,53.1,89,53.2,6,2,2022-07-05 09:03:29
1657011809444562000,53.1,1,53.1,86,53.2,6,2,2022-07-05 09:03:29
1657011809881914000,53.2,5,53.1,86,53.2,1,1,2022-07-05 09:03:29
1657011809921212000,53.1,1,53.1,86,53.2,2,2,2022-07-05 09:03:29
1657011810338762000,53.2,1,53.1,85,53.2,1,1,2022-07-05 09:03:30
1657011810389220000,53.1,7,53.1,78,53.2,1,2,2022-07-05 09:03:30
1657011810429884000,53.1,1,53.1,77,53.2,2,2,2022-07-05 09:03:30
1657011810475872000,53.1,1,53.1,76,53.2,2,2,2022-07-05 09:03:30
1657011812040077000,53.1,1,53.1,82,53.2,2,2,2022-07-05 09:03:32
1657011812040151000,53.2,1,53.1,82,53.2,1,1,2022-07-05 09:03:32
1657011812191124000,53.1,1,53.1,81,53.2,1,2,2022-07-05 09:03:32
1657011812763353000,53.1,1,53.1,80,53.2,2,2,2022-07-05 09:03:32
1657011812896357000,53.2,2,53.2,3,53.3,7,1,2022-07-05 09:03:32
1657011813619059000,53.2,1,53.2,7,53.3,5,2,2022-07-05 09:03:33
1657011813804072000,53.2,1,53.2,5,53.3,5,2,2022-07-05 09:03:33
1657011814746748000,53.2,4,53.2,3,53.3,5,2,2022-07-05 09:03:34
1657011814981271000,53.2,1,53.2,4,53.3,5,2,2022-07-05 09:03:34
1657011815128652000,53.3,1,53.2,4,53.3,4,1,2022-07-05 09:03:35
1657011816320984000,53.2,1,53.2,4,53.3,4,2,2022-07-05 09:03:36
1657011816691195000,53.2,1,53.2,4,53.3,4,2,2022-07-05 09:03:36
1657011816912943000,53.2,1,53.2,2,53.3,4,2,2022-07-05 09:03:36
1657011817241990000,53.2,3,53.2,3,53.3,4,2,2022-07-05 09:03:37
1657011817388759000,53.2,2,53.1,87,53.3,5,1,2022-07-05 09:03:37
1657011819230537000,53.2,1,53.1,87,53.3,5,1,2022-07-05 09:03:39
1657011821837558000,53.2,2,53.1,87,53.3,9,2,2022-07-05 09:03:41
1657011825618784000,53.2,1,53.1,101,53.2,2,1,2022-07-05 09:03:45
1657011825683300000,53.1,1,53.1,101,53.2,2,2,2022-07-05 09:03:45
1657011826078640000,53.2,1,53.1,100,53.2,1,1,2022-07-05 09:03:46
1657011826286996000,53.1,1,53.1,99,53.2,1,2,2022-07-05 09:03:46
1657011827383322000,53.2,1,53.1,89,53.3,10,1,2022-07-05 09:03:47
1657011827644514000,53.2,1,53.1,89,53.2,1,1,2022-07-05 09:03:47
1657011829219701000,53.2,1,53.1,88,53.3,11,2,2022-07-05 09:03:49
1657011829219701000,53.1,1,53.1,88,53.3,11,2,2022-07-05 09:03:49
1657011831167692000,53.3,5,53.2,3,53.3,10,1,2022-07-05 09:03:51
1657011832529102000,53.3,2,53.2,6,53.3,8,1,2022-07-05 09:03:52
1657011833422463000,53.3,1,53.2,13,53.3,8,1,2022-07-05 09:03:53
1657011834107998000,53.3,3,53.2,13,53.3,4,1,2022-07-05 09:03:54
1657011834172265000,53.2,1,53.2,12,53.3,4,2,2022-07-05 09:03:54
1657011834347796000,53.3,1,53.2,14,53.3,3,1,2022-07-05 09:03:54
1657011834352499000,53.3,2,53.2,14,53.3,1,1,2022-07-05 09:03:54
1657011834703092000,53.3,1,53.2,14,53.4,4,1,2022-07-05 09:03:54
1657011834703092000,53.4,9,53.2,14,53.4,4,1,2022-07-05 09:03:54
1657011835596033000,53.3,1,53.2,17,53.3,4,1,2022-07-05 09:03:55
1657011836326954000,53.3,3,53.3,4,53.4,4,1,2022-07-05 09:03:56
1657011836371664000,53.3,2,53.3,2,53.4,4,2,2022-07-05 09:03:56
1657011837891817000,53.4,1,53.3,5,53.4,3,1,2022-07-05 09:03:57
1657011838468633000,53.4,3,53.3,5,53.5,21,1,2022-07-05 09:03:58
1657011838993624000,53.3,1,53.3,4,53.4,2,2,2022-07-05 09:03:58
1657011839539070000,53.3,1,53.3,3,53.4,2,2,2022-07-05 09:03:59
1657011841937143000,53.3,2,53.2,30,53.3,1,1,2022-07-05 09:04:01
1657011842444774000,53.3,1,53.2,25,53.4,18,1,2022-07-05 09:04:02
1657011842728851000,53.3,1,53.2,25,53.3,3,1,2022-07-05 09:04:02
1657011843498442000,53.3,2,53.3,8,53.4,18,1,2022-07-05 09:04:03
1657011844050789000,53.3,1,53.3,9,53.4,19,2,2022-07-05 09:04:04
1657011844244819000,53.4,1,53.3,10,53.4,19,1,2022-07-05 09:04:04
1657011848377228000,53.4,1,53.3,15,53.4,19,1,2022-07-05 09:04:08
1657011848925195000,53.4,2,53.3,16,53.4,21,1,2022-07-05 09:04:08
1657011849612707000,53.4,1,53.3,18,53.4,20,1,2022-07-05 09:04:09
1657011849626308000,53.3,1,53.3,17,53.4,20,2,2022-07-05 09:04:09
1657011849656958000,53.3,17,53.2,27,53.4,20,2,2022-07-05 09:04:09
1657011849923806000,53.3,3,53.2,27,53.4,13,1,2022-07-05 09:04:09
1657011850249788000,53.2,10,53.2,27,53.3,3,2,2022-07-05 09:04:10
1657011850283836000,53.2,17,53.1,99,53.4,13,2,2022-07-05 09:04:10
1657011850373677000,53.3,4,53.1,99,53.4,13,1,2022-07-05 09:04:10
1657011850373677000,53.4,1,53.1,99,53.4,13,1,2022-07-05 09:04:10
1657011851436639000,53.1,10,53.1,89,53.4,23,2,2022-07-05 09:04:11
1657011852298319000,53.4,1,53.1,89,53.4,22,1,2022-07-05 09:04:12
1657011852656395000,53.3,1,53.2,1,53.4,23,1,2022-07-05 09:04:12
1657011852688004000,53.2,1,53.2,2,53.4,23,2,2022-07-05 09:04:12
1657011853155554000,53.4,1,53.2,1,53.4,21,1,2022-07-05 09:04:13
1657011853184908000,53.2,1,53.1,89,53.4,21,2,2022-07-05 09:04:13
1657011854282253000,53.2,1,53.2,2,53.3,1,2,2022-07-05 09:04:14
1657011854309499000,53.3,1,53.2,2,53.4,22,1,2022-07-05 09:04:14
1657011854317280000,53.2,2,53.1,89,53.4,22,2,2022-07-05 09:04:14
1657011855736647000,53.2,1,53.1,94,53.3,1,1,2022-07-05 09:04:15
1657011855736647000,53.3,1,53.1,94,53.3,1,1,2022-07-05 09:04:15
1657011857529272000,53.2,2,53.2,1,53.3,4,2,2022-07-05 09:04:17
1657011857561223000,53.2,1,53.1,91,53.3,4,2,2022-07-05 09:04:17
1657011861716740000,53.2,1,53.2,13,53.3,4,2,2022-07-05 09:04:21
1657011863834019000,53.3,1,53.2,17,53.3,4,1,2022-07-05 09:04:23
1657011864421904000,53.3,2,53.2,17,53.3,2,1,2022-07-05 09:04:24
1657011867783252000,53.3,2,53.3,1,53.4,33,1,2022-07-05 09:04:27
1657011867861715000,53.3,3,53.2,28,53.3,2,2,2022-07-05 09:04:27
1657011868826186000,53.3,3,53.3,7,53.4,34,1,2022-07-05 09:04:28
1657011870207749000,53.3,5,53.3,5,53.4,34,2,2022-07-05 09:04:30
1657011870241319000,53.3,1,53.3,4,53.4,34,2,2022-07-05 09:04:30
1657011870514731000,53.4,4,53.3,4,53.4,30,1,2022-07-05 09:04:30
1657011870935318000,53.3,3,53.3,2,53.4,30,2,2022-07-05 09:04:30
1657011873558243000,53.3,1,53.3,19,53.4,32,2,2022-07-05 09:04:33
1657011873837066000,53.3,1,53.3,21,53.4,32,2,2022-07-05 09:04:33
1657011873937028000,53.4,2,53.3,21,53.4,30,1,2022-07-05 09:04:33
1657011874231793000,53.4,5,53.3,21,53.4,25,1,2022-07-05 09:04:34
1657011875547757000,53.4,1,53.3,26,53.4,24,1,2022-07-05 09:04:35
1657011875615661000,53.3,1,53.3,25,53.4,24,2,2022-07-05 09:04:35
1657011875775274000,53.4,5,53.3,26,53.4,24,1,2022-07-05 09:04:35
1657011875808604000,53.4,10,53.3,26,53.4,9,1,2022-07-05 09:04:35
1657011875809071000,53.4,9,53.3,26,53.5,30,1,2022-07-05 09:04:35
1657011876106023000,53.4,2,53.4,18,53.5,30,1,2022-07-05 09:04:36
1657011876172259000,53.4,5,53.4,19,53.5,30,2,2022-07-05 09:04:36
1657011876825796000,53.4,1,53.4,14,53.5,30,2,2022-07-05 09:04:36
1657011877395019000,53.4,2,53.4,13,53.5,30,2,2022-07-05 09:04:37
1657011878221483000,53.5,4,53.4,14,53.5,28,1,2022-07-05 09:04:38
1657011878225133000,53.5,5,53.4,14,53.5,32,1,2022-07-05 09:04:38
1657011878346860000,53.5,10,53.4,14,53.5,13,1,2022-07-05 09:04:38
1657011878382657000,53.5,10,53.4,14,53.5,3,1,2022-07-05 09:04:38
1657011878383663000,53.5,3,53.4,14,53.6,17,1,2022-07-05 09:04:38
1657011879015037000,53.5,1,53.4,30,53.6,17,2,2022-07-05 09:04:39
1657011880151731000,53.6,1,53.5,9,53.6,16,1,2022-07-05 09:04:40
1657011880798925000,53.6,1,53.5,11,53.6,17,1,2022-07-05 09:04:40
1657011880921089000,53.6,10,53.5,11,53.6,7,1,2022-07-05 09:04:40
1657011880956091000,53.6,7,53.5,11,53.7,17,1,2022-07-05 09:04:40
1657011881249391000,53.7,3,53.5,13,53.7,14,1,2022-07-05 09:04:41
1657011882008475000,53.7,1,53.6,1,53.7,12,1,2022-07-05 09:04:42
1657011882116305000,53.7,3,53.6,1,53.7,12,1,2022-07-05 09:04:42
1657011882803838000,53.7,1,53.6,1,53.7,8,1,2022-07-05 09:04:42
1657011883169375000,53.7,1,53.6,1,53.7,7,1,2022-07-05 09:04:43
1657011883201067000,53.7,3,53.6,1,53.7,4,1,2022-07-05 09:04:43
1657011883210229000,53.7,4,53.6,1,53.8,14,1,2022-07-05 09:04:43
1657011883210229000,53.8,16,53.6,1,53.8,14,1,2022-07-05 09:04:43
1657011883354539000,53.7,2,53.5,13,53.6,1,2,2022-07-05 09:04:43
1657011883354539000,53.6,2,53.5,13,53.6,1,2,2022-07-05 09:04:43
1657011883386444000,53.6,1,53.5,13,53.8,14,1,2022-07-05 09:04:43
1657011883501453000,53.7,1,53.5,15,53.8,14,1,2022-07-05 09:04:43
1657011884583162000,53.6,1,53.6,20,53.7,5,2,2022-07-05 09:04:44
1657011884621954000,53.7,2,53.6,20,53.7,3,1,2022-07-05 09:04:44
1657011884764183000,53.7,3,53.6,21,53.7,5,1,2022-07-05 09:04:44
1657011885496558000,53.8,10,53.7,4,53.8,6,1,2022-07-05 09:04:45
1657011885938348000,53.8,1,53.7,5,53.8,6,1,2022-07-05 09:04:45
1657011886376803000,53.7,5,53.6,25,53.7,5,2,2022-07-05 09:04:46
1657011886594807000,53.7,1,53.6,25,53.7,4,1,2022-07-05 09:04:46
1657011886710650000,53.7,1,53.6,25,53.7,3,1,2022-07-05 09:04:46
1657011886786514000,53.7,1,53.6,25,53.7,2,1,2022-07-05 09:04:46
1657011887120046000,53.7,1,53.6,25,53.7,3,1,2022-07-05 09:04:47
1657011887847206000,53.7,1,53.6,25,53.7,1,1,2022-07-05 09:04:47
1657011888110002000,53.7,1,53.7,9,53.8,8,1,2022-07-05 09:04:48
1657011888179294000,53.7,3,53.7,6,53.8,8,2,2022-07-05 09:04:48
1657011888190525000,53.8,8,53.7,7,53.9,60,1,2022-07-05 09:04:48
1657011888190525000,53.9,2,53.7,7,53.9,60,1,2022-07-05 09:04:48
1657011889119245000,53.8,1,53.7,13,53.8,2,1,2022-07-05 09:04:49
1657011889365289000,53.7,1,53.7,12,53.8,2,2,2022-07-05 09:04:49
1657011889512964000,53.7,5,53.7,7,53.8,4,2,2022-07-05 09:04:49
1657011890087216000,53.7,2,53.7,9,53.8,7,2,2022-07-05 09:04:50
1657011890088369000,53.7,9,53.6,26,53.8,7,2,2022-07-05 09:04:50
1657011890145275000,53.7,1,53.6,26,53.8,7,1,2022-07-05 09:04:50
1657011890184327000,53.7,1,53.6,26,53.8,7,1,2022-07-05 09:04:50
1657011890284763000,53.7,1,53.6,26,53.7,1,2,2022-07-05 09:04:50
1657011890289483000,53.7,1,53.7,1,53.8,7,1,2022-07-05 09:04:50
1657011890376668000,53.8,7,53.6,26,53.9,16,1,2022-07-05 09:04:50
1657011890376668000,53.9,23,53.6,26,53.9,16,1,2022-07-05 09:04:50
1657011890504830000,53.9,4,53.7,30,53.9,12,1,2022-07-05 09:04:50
1657011891139416000,53.8,1,53.7,39,53.8,3,1,2022-07-05 09:04:51
1657011891213733000,53.8,1,53.7,39,53.8,7,1,2022-07-05 09:04:51
1657011891320897000,53.8,1,53.7,39,53.8,6,1,2022-07-05 09:04:51
1657011891640763000,53.8,5,53.7,39,53.8,3,1,2022-07-05 09:04:51
1657011891704579000,53.8,1,53.7,39,53.8,2,1,2022-07-05 09:04:51
1657011892414002000,53.8,1,53.7,50,53.8,2,1,2022-07-05 09:04:52
1657011892415227000,53.7,1,53.7,49,53.8,2,2,2022-07-05 09:04:52
1657011892452987000,53.8,1,53.7,49,53.8,1,1,2022-07-05 09:04:52
1657011892771067000,53.8,1,53.7,49,53.8,1,1,2022-07-05 09:04:52
1657011893118291000,53.8,3,53.7,49,53.9,16,1,2022-07-05 09:04:53
1657011893242979000,53.8,1,53.7,49,53.9,12,1,2022-07-05 09:04:53
1657011893242979000,53.9,4,53.7,49,53.9,12,1,2022-07-05 09:04:53
1657011893273279000,53.8,1,53.7,49,53.8,1,1,2022-07-05 09:04:53
1657011894204683000,53.8,1,53.7,70,53.9,15,1,2022-07-05 09:04:54
1657011894561849000,53.7,2,53.7,70,53.8,1,2,2022-07-05 09:04:54
1657011894604517000,53.7,1,53.7,70,53.8,1,2,2022-07-05 09:04:54
1657011895200490000,53.8,1,53.7,72,53.8,2,1,2022-07-05 09:04:55
1657011895325206000,53.8,1,53.8,1,53.9,15,1,2022-07-05 09:04:55
1657011895719067000,53.9,1,53.8,26,53.9,14,1,2022-07-05 09:04:55
1657011895863064000,53.8,1,53.8,25,53.9,13,2,2022-07-05 09:04:55
1657011895906981000,53.8,1,53.8,24,53.9,13,2,2022-07-05 09:04:55
1657011896174426000,53.8,1,53.8,23,53.9,14,2,2022-07-05 09:04:56
1657011896309792000,53.8,2,53.8,21,53.9,14,2,2022-07-05 09:04:56
1657011896883017000,53.9,5,53.8,24,53.9,9,1,2022-07-05 09:04:56
1657011897054856000,53.8,3,53.8,21,53.9,9,2,2022-07-05 09:04:57
1657011897225230000,53.8,3,53.8,32,53.9,9,2,2022-07-05 09:04:57
1657011897462834000,53.9,1,53.8,29,53.9,8,1,2022-07-05 09:04:57
1657011897649489000,53.9,3,53.8,29,53.9,5,1,2022-07-05 09:04:57
1657011898013634000,53.8,5,53.8,24,53.9,6,2,2022-07-05 09:04:58
1657011898066643000,53.9,3,53.8,24,53.9,3,1,2022-07-05 09:04:58
1657011898284648000,53.8,1,53.8,24,53.9,3,2,2022-07-05 09:04:58
1657011898583286000,53.8,5,53.8,28,53.9,11,2,2022-07-05 09:04:58
1657011898796518000,53.9,1,53.8,23,53.9,10,1,2022-07-05 09:04:58
1657011898808501000,53.9,2,53.8,23,53.9,8,1,2022-07-05 09:04:58
1657011899492692000,53.9,3,53.8,24,53.9,5,1,2022-07-05 09:04:59
1657011899581900000,53.8,2,53.8,22,53.9,5,2,2022-07-05 09:04:59
1657011900377603000,53.8,2,53.8,31,53.9,11,2,2022-07-05 09:05:00
1657011900675984000,53.8,1,53.8,30,53.9,11,2,2022-07-05 09:05:00
1657011900705625000,53.8,3,53.8,27,53.9,11,2,2022-07-05 09:05:00
1657011900787861000,53.8,5,53.8,22,53.9,11,2,2022-07-05 09:05:00
1657011900819953000,53.8,22,53.7,83,53.9,11,2,2022-07-05 09:05:00
1657011900843069000,53.7,5,53.7,78,53.9,11,2,2022-07-05 09:05:00
1657011900912180000,53.8,1,53.8,2,53.9,12,1,2022-07-05 09:05:00
1657011900946847000,53.8,2,53.7,79,53.9,12,2,2022-07-05 09:05:00
1657011900960482000,53.9,1,53.7,79,53.9,11,1,2022-07-05 09:05:00
1657011901193077000,53.8,1,53.7,79,53.8,1,2,2022-07-05 09:05:01
1657011901325550000,53.8,1,53.7,80,53.9,10,1,2022-07-05 09:05:01
1657011901325550000,53.9,2,53.7,80,53.9,10,1,2022-07-05 09:05:01
1657011901383720000,53.9,5,53.7,80,53.9,5,1,2022-07-05 09:05:01
1657011901674675000,53.8,1,53.7,80,53.8,1,1,2022-07-05 09:05:01
1657011901897852000,53.8,3,53.7,81,53.9,7,1,2022-07-05 09:05:01
1657011902381192000,53.9,2,53.7,81,53.9,10,1,2022-07-05 09:05:02
1657011902397451000,53.9,10,53.7,81,53.9,2,1,2022-07-05 09:05:02
1657011903946007000,53.9,4,53.9,2,54.0,83,1,2022-07-05 09:05:03
1657011903980448000,53.9,2,53.8,5,54.0,83,2,2022-07-05 09:05:03
1657011904012117000,53.8,2,53.8,3,54.0,83,2,2022-07-05 09:05:04
1657011904477417000,53.9,3,53.8,3,54.0,81,1,2022-07-05 09:05:04
1657011904477417000,54.0,2,53.8,3,54.0,81,1,2022-07-05 09:05:04
1657011904738807000,53.8,1,53.8,2,53.9,2,2,2022-07-05 09:05:04
1657011905215323000,53.8,1,53.8,2,53.9,6,2,2022-07-05 09:05:05
1657011905251070000,53.8,2,53.7,82,53.9,6,2,2022-07-05 09:05:05
1657011905259566000,53.7,1,53.7,81,53.9,6,2,2022-07-05 09:05:05
1657011905740836000,53.9,1,53.8,1,53.9,8,1,2022-07-05 09:05:05
1657011905776103000,53.8,1,53.8,1,53.9,9,2,2022-07-05 09:05:05
1657011906520217000,53.9,1,53.8,1,53.9,13,1,2022-07-05 09:05:06
1657011906555922000,53.8,1,53.8,1,53.9,14,2,2022-07-05 09:05:06
1657011906974610000,53.8,1,53.7,80,53.8,1,2,2022-07-05 09:05:06
1657011907076738000,53.7,1,53.7,79,53.8,1,2,2022-07-05 09:05:07
1657011907178559000,53.8,1,53.7,79,53.9,9,1,2022-07-05 09:05:07
1657011907178559000,53.9,4,53.7,79,53.9,9,1,2022-07-05 09:05:07
1657011907726960000,53.8,1,53.7,81,53.8,3,1,2022-07-05 09:05:07
1657011908020500000,53.8,1,53.7,81,53.8,2,1,2022-07-05 09:05:08
1657011908617890000,53.8,1,53.7,81,53.8,12,1,2022-07-05 09:05:08
1657011909751907000,53.8,3,53.7,83,53.8,9,1,2022-07-05 09:05:09
1657011910494095000,53.8,2,53.7,84,53.8,12,1,2022-07-05 09:05:10
1657011910531877000,53.7,1,53.7,83,53.8,16,2,2022-07-05 09:05:10
1657011910574164000,53.7,7,53.7,76,53.8,16,2,2022-07-05 09:05:10
1657011910588592000,53.8,5,53.7,76,53.8,11,1,2022-07-05 09:05:10
1657011910607289000,53.7,76,53.6,26,53.8,11,2,2022-07-05 09:05:10
1657011910640672000,53.6,12,53.6,14,53.7,1,2,2022-07-05 09:05:10
1657011910673751000,53.6,14,53.5,13,53.7,7,2,2022-07-05 09:05:10
1657011910987211000,53.6,1,53.5,11,53.7,9,1,2022-07-05 09:05:10
1657011911175824000,53.6,1,53.5,11,53.6,1,1,2022-07-05 09:05:11
1657011911405220000,53.6,1,53.5,11,53.6,1,1,2022-07-05 09:05:11
1657011911471444000,53.6,1,53.5,11,53.7,9,1,2022-07-05 09:05:11
1657011912087816000,53.6,1,53.5,11,53.7,18,1,2022-07-05 09:05:12
1657011912087816000,53.7,2,53.5,11,53.7,18,1,2022-07-05 09:05:12
1657011912351220000,53.7,1,53.5,11,53.7,17,1,2022-07-05 09:05:12
1657011912743787000,53.6,1,53.5,11,53.6,1,1,2022-07-05 09:05:12
1657011913045447000,53.6,1,53.5,11,53.7,17,1,2022-07-05 09:05:13
1657011913312064000,53.6,1,53.5,11,53.6,1,1,2022-07-05 09:05:13
1657011914251319000,53.6,1,53.5,11,53.6,1,1,2022-07-05 09:05:14
1657011914251319000,53.7,1,53.5,11,53.6,1,1,2022-07-05 09:05:14
1657011915314041000,53.7,2,53.5,11,53.7,6,1,2022-07-05 09:05:15
1657011915375099000,53.7,1,53.5,11,53.7,5,1,2022-07-05 09:05:15
1657011916033226000,53.7,2,53.6,4,53.7,3,1,2022-07-05 09:05:16
1657011916987897000,53.6,1,53.6,3,53.7,5,2,2022-07-05 09:05:16
1657011917553045000,53.7,1,53.6,6,53.7,4,1,2022-07-05 09:05:17
1657011917892814000,53.7,4,53.7,6,53.8,16,1,2022-07-05 09:05:17
1657011918953104000,53.7,1,53.7,6,53.8,17,2,2022-07-05 09:05:18
1657011919032160000,53.7,1,53.7,6,53.8,17,2,2022-07-05 09:05:19
1657011919580025000,53.8,3,53.7,6,53.8,14,1,2022-07-05 09:05:19
1657011919692921000,53.8,1,53.7,6,53.8,13,1,2022-07-05 09:05:19
1657011919968632000,53.8,5,53.7,13,53.8,8,1,2022-07-05 09:05:19
1657011920002373000,53.8,8,53.7,13,53.8,8,1,2022-07-05 09:05:20
1657011921077213000,53.8,1,53.7,17,53.8,1,1,2022-07-05 09:05:21
1657011921103286000,53.8,1,53.7,17,53.9,46,1,2022-07-05 09:05:21
1657011921469781000,53.8,2,53.8,1,53.9,45,2,2022-07-05 09:05:21
1657011921652892000,53.8,1,53.8,1,53.9,46,2,2022-07-05 09:05:21
1657011922020307000,53.8,1,53.7,17,53.8,1,1,2022-07-05 09:05:22
1657011922477945000,53.7,10,53.7,7,53.9,46,2,2022-07-05 09:05:22
1657011923002741000,53.8,1,53.7,7,53.9,46,1,2022-07-05 09:05:23
1657011923334785000,53.9,2,53.7,8,53.9,44,1,2022-07-05 09:05:23
1657011924522883000,53.8,1,53.7,11,53.9,44,2,2022-07-05 09:05:24
1657011925414858000,53.8,1,53.8,1,53.9,45,2,2022-07-05 09:05:25
1657011925418276000,53.9,9,53.8,1,53.9,36,1,2022-07-05 09:05:25
1657011927277516000,53.9,1,53.8,3,53.9,47,1,2022-07-05 09:05:27
1657011927467364000,53.8,1,53.8,2,53.9,47,2,2022-07-05 09:05:27
1657011927567890000,53.8,1,53.8,2,53.9,37,2,2022-07-05 09:05:27
1657011928768051000,53.9,10,53.8,2,53.9,27,1,2022-07-05 09:05:28
1657011929660355000,53.8,1,53.8,6,53.9,28,2,2022-07-05 09:05:29
1657011930215173000,53.9,5,53.8,5,53.9,23,1,2022-07-05 09:05:30
1657011930684357000,53.8,1,53.8,6,53.9,23,2,2022-07-05 09:05:30
1657011930871873000,53.9,10,53.8,5,53.9,13,1,2022-07-05 09:05:30
1657011931284403000,53.8,1,53.8,7,53.9,15,2,2022-07-05 09:05:31
1657011931323732000,53.9,5,53.8,7,53.9,10,1,2022-07-05 09:05:31
1657011932101515000,53.9,10,53.8,9,54.0,68,1,2022-07-05 09:05:32
1657011932125572000,53.8,6,53.8,3,54.0,68,2,2022-07-05 09:05:32
1657011932238965000,53.9,1,53.9,1,54.0,68,1,2022-07-05 09:05:32
1657011932510660000,53.9,2,53.9,1,54.0,68,2,2022-07-05 09:05:32
1657011933466759000,53.9,1,53.9,2,54.0,68,2,2022-07-05 09:05:33
1657011935108835000,53.9,1,53.9,3,54.0,68,2,2022-07-05 09:05:35
1657011935183821000,53.9,1,53.9,2,54.0,68,2,2022-07-05 09:05:35
1657011936762554000,54.0,2,53.9,13,54.0,66,1,2022-07-05 09:05:36
1657011936949818000,53.9,1,53.9,13,54.0,66,2,2022-07-05 09:05:36
1657011937877031000,53.9,3,53.9,10,54.0,67,2,2022-07-05 09:05:37
1657011938672426000,54.0,5,53.9,10,54.0,62,1,2022-07-05 09:05:38
1657011939079005000,54.0,1,53.9,12,54.0,61,1,2022-07-05 09:05:39
1657011939106836000,53.9,3,53.9,12,54.0,62,2,2022-07-05 09:05:39
1657011939342635000,53.9,1,53.9,8,54.0,61,2,2022-07-05 09:05:39
1657011939561236000,54.0,3,53.9,8,54.0,58,1,2022-07-05 09:05:39
1657011939887665000,53.9,1,53.9,7,54.0,58,2,2022-07-05 09:05:39
1657011940082252000,53.9,2,53.9,5,54.0,58,2,2022-07-05 09:05:40
1657011940408863000,54.0,1,53.9,7,54.0,57,1,2022-07-05 09:05:40
1657011940607558000,53.9,1,53.9,6,54.0,57,2,2022-07-05 09:05:40
1657011940621962000,53.9,2,53.9,4,54.0,57,2,2022-07-05 09:05:40
1657011940862248000,54.0,3,53.9,4,54.0,54,1,2022-07-05 09:05:40
1657011941576087000,54.0,7,53.9,4,54.0,49,1,2022-07-05 09:05:41
1657011941600428000,53.9,1,53.9,9,54.0,49,2,2022-07-05 09:05:41
1657011941610856000,53.9,1,53.9,8,54.0,49,2,2022-07-05 09:05:41
1657011941617332000,53.9,1,53.9,7,54.0,49,2,2022-07-05 09:05:41
1657011941878247000,53.9,1,53.9,9,54.0,49,2,2022-07-05 09:05:41
1657011941912616000,53.9,1,53.9,8,54.0,49,2,2022-07-05 09:05:41
1657011942387818000,53.9,4,53.9,4,54.0,50,2,2022-07-05 09:05:42
1657011942388449000,53.9,4,53.8,27,54.0,50,2,2022-07-05 09:05:42
1657011942475087000,53.9,1,53.8,27,54.0,50,2,2022-07-05 09:05:42
1657011942691584000,53.9,1,53.9,3,54.0,50,1,2022-07-05 09:05:42
1657011942710386000,53.9,3,53.8,27,54.0,50,2,2022-07-05 09:05:42
1657011943128410000,53.9,1,53.8,27,53.9,1,1,2022-07-05 09:05:43
1657011943529017000,53.9,2,53.8,27,54.0,51,2,2022-07-05 09:05:43
1657011943748714000,53.9,2,53.9,1,54.0,52,2,2022-07-05 09:05:43
1657011943749862000,53.9,1,53.8,29,54.0,52,2,2022-07-05 09:05:43
1657011943849833000,53.9,2,53.8,29,53.9,1,1,2022-07-05 09:05:43
1657011944019976000,53.9,1,53.9,2,54.0,53,1,2022-07-05 09:05:44
1657011944045361000,53.9,2,53.9,2,54.0,53,2,2022-07-05 09:05:44
1657011944045920000,53.9,2,53.8,29,54.0,53,2,2022-07-05 09:05:44
1657011944180102000,53.9,1,53.8,29,54.0,53,1,2022-07-05 09:05:44
1657011944372476000,54.0,2,53.8,29,54.0,51,1,2022-07-05 09:05:44
1657011944609101000,53.9,1,53.9,1,54.0,51,1,2022-07-05 09:05:44
1657011944647007000,53.9,1,53.9,1,54.0,52,2,2022-07-05 09:05:44
1657011944688119000,54.0,1,53.8,29,54.0,51,1,2022-07-05 09:05:44
1657011945584790000,53.9,1,53.8,29,54.0,50,1,2022-07-05 09:05:45
1657011947028841000,53.9,1,53.8,30,53.9,7,1,2022-07-05 09:05:47
1657011947056946000,53.9,5,53.8,30,53.9,2,1,2022-07-05 09:05:47
1657011947301414000,53.9,1,53.8,32,53.9,2,1,2022-07-05 09:05:47
1657011947822261000,53.9,2,53.8,36,54.0,52,1,2022-07-05 09:05:47
1657011947879788000,53.9,1,53.8,36,54.0,52,2,2022-07-05 09:05:47
1657011948052745000,53.9,1,53.8,36,54.0,52,2,2022-07-05 09:05:48
1657011948358561000,53.9,1,53.8,36,54.0,52,1,2022-07-05 09:05:48
1657011948514015000,54.0,1,53.8,36,54.0,51,1,2022-07-05 09:05:48
1657011948547582000,53.9,5,53.9,5,54.0,51,2,2022-07-05 09:05:48
1657011948790781000,53.9,1,53.8,36,54.0,51,2,2022-07-05 09:05:48
1657011948944448000,53.9,1,53.9,4,54.0,51,2,2022-07-05 09:05:48
1657011948945300000,53.9,4,53.8,36,54.0,51,2,2022-07-05 09:05:48
1657011949629306000,53.9,3,53.9,3,54.0,51,2,2022-07-05 09:05:49
1657011949721286000,53.9,2,53.8,44,54.0,51,1,2022-07-05 09:05:49
1657011950144648000,53.9,1,53.9,1,54.0,52,2,2022-07-05 09:05:50
1657011950985016000,54.0,10,53.8,45,54.0,42,1,2022-07-05 09:05:50
1657011951687376000,53.9,1,53.8,48,53.9,2,1,2022-07-05 09:05:51
1657011951725314000,53.9,1,53.8,48,53.9,1,1,2022-07-05 09:05:51
1657011952860250000,53.9,1,53.8,50,54.0,43,1,2022-07-05 09:05:52
1657011952932803000,54.0,3,53.8,50,54.0,42,1,2022-07-05 09:05:52
1657011953089659000,53.9,1,53.9,1,54.0,42,2,2022-07-05 09:05:53
1657011953206666000,54.0,1,53.8,50,54.0,41,1,2022-07-05 09:05:53
1657011953278001000,54.0,3,53.8,50,54.0,38,1,2022-07-05 09:05:53
1657011953566997000,53.9,3,53.8,50,53.9,3,1,2022-07-05 09:05:53
1657011954096025000,53.9,4,53.8,51,53.9,1,2,2022-07-05 09:05:54
1657011954104201000,53.9,1,53.9,4,54.0,40,1,2022-07-05 09:05:54
1657011954809031000,53.9,1,53.8,69,54.0,40,1,2022-07-05 09:05:54
1657011955024506000,53.8,1,53.8,68,54.0,40,2,2022-07-05 09:05:55
1657011955131131000,53.9,1,53.8,68,53.9,5,1,2022-07-05 09:05:55
1657011955671160000,53.9,1,53.8,68,53.9,4,1,2022-07-05 09:05:55
1657011956227765000,53.9,1,53.8,68,53.9,3,1,2022-07-05 09:05:56
1657011956316452000,53.9,3,53.9,1,54.0,46,1,2022-07-05 09:05:56
1657011957065692000,53.9,2,53.9,2,54.0,47,2,2022-07-05 09:05:57
1657011957291528000,53.9,1,53.8,68,53.9,22,1,2022-07-05 09:05:57
1657011958428865000,53.9,2,53.8,68,53.9,22,1,2022-07-05 09:05:58
1657011958759179000,53.9,2,53.8,68,53.9,21,1,2022-07-05 09:05:58
1657011959222977000,53.9,10,53.8,69,53.9,11,1,2022-07-05 09:05:59
1657011959263008000,53.8,1,53.8,68,53.9,11,2,2022-07-05 09:05:59
1657011959284769000,53.8,1,53.8,67,53.9,11,2,2022-07-05 09:05:59
1657011959299648000,53.8,1,53.8,66,53.9,11,2,2022-07-05 09:05:59
1657011959452932000,53.9,2,53.8,66,53.9,9,1,2022-07-05 09:05:59
1657011959472537000,53.9,1,53.8,66,53.9,8,1,2022-07-05 09:05:59
1657011960420371000,53.8,4,53.8,58,53.9,22,2,2022-07-05 09:06:00
1657011960432953000,53.9,1,53.8,58,53.9,21,1,2022-07-05 09:06:00
1657011960843863000,53.9,1,53.8,61,53.9,22,1,2022-07-05 09:06:00
1657011961205813000,53.9,1,53.8,61,53.9,24,1,2022-07-05 09:06:01
1657011961216476000,53.9,1,53.8,61,53.9,23,1,2022-07-05 09:06:01
1657011961244036000,53.8,2,53.8,59,53.9,23,2,2022-07-05 09:06:01
1657011961370480000,53.9,2,53.8,61,53.9,23,1,2022-07-05 09:06:01
1657011961401367000,53.8,2,53.8,59,53.9,23,2,2022-07-05 09:06:01
1657011961429389000,53.9,1,53.8,59,53.9,22,1,2022-07-05 09:06:01
1657011962048751000,53.9,2,53.8,59,53.9,23,1,2022-07-05 09:06:02
1657011962165092000,53.9,1,53.8,59,53.9,20,1,2022-07-05 09:06:02
1657011962205234000,53.9,1,53.8,62,53.9,19,1,2022-07-05 09:06:02
1657011962351055000,53.9,19,53.8,62,54.0,47,1,2022-07-05 09:06:02
1657011962351055000,54.0,1,53.8,62,54.0,47,1,2022-07-05 09:06:02
1657011962591028000,53.9,1,53.8,62,53.9,3,1,2022-07-05 09:06:02
1657011962960233000,53.9,1,53.8,63,53.9,3,1,2022-07-05 09:06:02
1657011962971477000,53.9,1,53.8,63,53.9,2,1,2022-07-05 09:06:02
1657011963022248000,53.9,1,53.8,63,53.9,1,1,2022-07-05 09:06:03
1657011963052905000,53.9,1,53.8,63,53.9,2,1,2022-07-05 09:06:03
1657011963840214000,53.9,1,53.9,1,54.0,46,2,2022-07-05 09:06:03
1657011964160893000,53.9,1,53.8,44,54.0,46,2,2022-07-05 09:06:04
1657011964160893000,53.8,19,53.8,44,54.0,46,2,2022-07-05 09:06:04
1657011964246881000,53.9,1,53.8,44,53.9,3,1,2022-07-05 09:06:04
1657011964526159000,53.9,2,53.8,44,53.9,1,1,2022-07-05 09:06:04
1657011964672010000,53.9,1,53.8,52,54.0,42,1,2022-07-05 09:06:04
1657011964672010000,54.0,4,53.8,52,54.0,42,1,2022-07-05 09:06:04
1657011965357905000,54.0,1,53.9,2,54.0,41,1,2022-07-05 09:06:05
1657011965648845000,54.0,1,53.9,2,54.0,40,1,2022-07-05 09:06:05
1657011965933867000,53.9,2,53.9,2,54.0,41,2,2022-07-05 09:06:05
1657011966249765000,53.9,2,53.8,52,54.0,41,1,2022-07-05 09:06:06
1657011967288718000,53.9,1,53.9,3,54.0,41,2,2022-07-05 09:06:07
1657011967500458000,53.9,1,53.9,2,54.0,41,2,2022-07-05 09:06:07
1657011967629923000,54.0,1,53.9,2,54.0,40,1,2022-07-05 09:06:07
1657011967648408000,53.9,2,53.8,52,54.0,40,2,2022-07-05 09:06:07
1657011968391350000,53.9,1,53.8,52,54.0,40,1,2022-07-05 09:06:08
1657011968571938000,53.9,1,53.8,52,54.0,40,1,2022-07-05 09:06:08
1657011969008917000,53.8,1,53.8,56,54.0,40,2,2022-07-05 09:06:09
1657011969339014000,53.9,1,53.8,56,53.9,5,1,2022-07-05 09:06:09
1657011969347535000,53.9,1,53.8,56,53.9,4,1,2022-07-05 09:06:09
1657011969864248000,53.8,1,53.8,56,53.9,24,2,2022-07-05 09:06:09
1657011970611083000,53.9,18,53.8,56,53.9,26,1,2022-07-05 09:06:10
1657011970645451000,53.9,2,53.8,56,53.9,6,1,2022-07-05 09:06:10
1657011970652185000,53.8,1,53.8,55,53.9,7,2,2022-07-05 09:06:10
1657011970732397000,53.8,10,53.8,45,53.9,8,2,2022-07-05 09:06:10
1657011970744801000,53.9,5,53.8,45,53.9,3,1,2022-07-05 09:06:10
1657011970770060000,53.9,1,53.8,45,53.9,2,1,2022-07-05 09:06:10
1657011970944270000,53.9,3,53.8,45,54.0,29,1,2022-07-05 09:06:10
1657011970944270000,54.0,17,53.8,45,54.0,29,1,2022-07-05 09:06:10
1657011971055126000,54.0,1,53.9,2,54.0,28,1,2022-07-05 09:06:11
1657011971093500000,54.0,3,53.9,2,54.0,25,1,2022-07-05 09:06:11
1657011971125223000,54.0,20,53.9,2,54.0,5,1,2022-07-05 09:06:11
1657011971345502000,54.0,5,53.9,7,54.1,9,1,2022-07-05 09:06:11
1657011971483625000,54.0,1,54.0,6,54.1,9,1,2022-07-05 09:06:11
1657011971566771000,54.1,2,54.0,8,54.1,7,1,2022-07-05 09:06:11
1657011971596308000,54.1,7,54.0,8,54.2,22,1,2022-07-05 09:06:11
1657011971625200000,54.2,10,54.0,8,54.2,12,1,2022-07-05 09:06:11
1657011971644283000,54.2,5,54.0,8,54.2,7,1,2022-07-05 09:06:11
1657011971654133000,54.2,3,54.0,8,54.2,4,1,2022-07-05 09:06:11
1657011971719467000,54.2,1,54.1,3,54.2,3,1,2022-07-05 09:06:11
1657011971728517000,54.2,3,54.1,3,54.3,26,1,2022-07-05 09:06:11
1657011971728517000,54.3,2,54.1,3,54.3,26,1,2022-07-05 09:06:11
1657011971922449000,54.3,1,54.1,3,54.3,25,1,2022-07-05 09:06:11
1657011972007174000,54.1,2,54.1,4,54.3,25,2,2022-07-05 09:06:12
1657011972048736000,54.3,10,54.1,4,54.3,15,1,2022-07-05 09:06:12
1657011972194240000,54.3,10,54.1,4,54.3,5,1,2022-07-05 09:06:12
1657011972222672000,54.3,5,54.1,4,54.4,28,1,2022-07-05 09:06:12
1657011972296980000,54.1,1,54.1,4,54.4,28,2,2022-07-05 09:06:12
1657011972355258000,54.4,2,54.1,4,54.4,26,1,2022-07-05 09:06:12
1657011972491966000,54.4,1,54.1,4,54.4,25,1,2022-07-05 09:06:12
1657011972522102000,54.2,1,54.2,2,54.4,25,2,2022-07-05 09:06:12
1657011972682091000,54.4,2,54.2,4,54.4,23,1,2022-07-05 09:06:12
1657011972810031000,54.4,10,54.2,4,54.4,13,1,2022-07-05 09:06:12
1657011972874763000,54.4,1,54.2,4,54.4,12,1,2022-07-05 09:06:12
1657011973044938000,54.4,3,54.2,6,54.4,9,1,2022-07-05 09:06:13
1657011973069036000,54.4,9,54.2,6,54.5,49,1,2022-07-05 09:06:13
1657011973519368000,54.5,3,54.2,6,54.5,28,1,2022-07-05 09:06:13
1657011973541957000,54.2,1,54.2,5,54.5,28,2,2022-07-05 09:06:13
1657011973603813000,54.5,5,54.2,6,54.5,31,1,2022-07-05 09:06:13
1657011973841851000,54.5,10,54.3,1,54.5,13,1,2022-07-05 09:06:13
1657011973875319000,54.5,13,54.3,1,54.6,21,1,2022-07-05 09:06:13
1657011973956417000,54.6,1,54.3,1,54.6,20,1,2022-07-05 09:06:13
1657011973990367000,54.6,1,54.3,2,54.6,19,1,2022-07-05 09:06:13
1657011974002334000,54.6,1,54.3,2,54.6,18,1,2022-07-05 09:06:14
1657011974035309000,54.6,1,54.3,2,54.6,17,1,2022-07-05 09:06:14
1657011974131947000,54.6,5,54.3,2,54.6,17,1,2022-07-05 09:06:14
1657011974302943000,54.6,1,54.3,2,54.6,11,1,2022-07-05 09:06:14
1657011974322927000,54.6,1,54.3,2,54.6,10,1,2022-07-05 09:06:14
1657011974628199000,54.6,1,54.3,2,54.6,10,1,2022-07-05 09:06:14
1657011974646377000,54.6,1,54.3,2,54.6,8,1,2022-07-05 09:06:14
1657011975449991000,54.6,1,54.3,2,54.6,13,1,2022-07-05 09:06:15
1657011975684229000,54.6,1,54.3,2,54.6,11,1,2022-07-05 09:06:15
1657011976020869000,54.6,1,54.4,4,54.6,10,1,2022-07-05 09:06:16
1657011976446965000,54.5,1,54.4,4,54.5,3,1,2022-07-05 09:06:16
1657011976627920000,54.5,1,54.4,4,54.5,4,1,2022-07-05 09:06:16
1657011976900664000,54.4,1,54.4,3,54.5,2,2,2022-07-05 09:06:16
1657011977422394000,54.5,2,54.4,3,54.6,10,1,2022-07-05 09:06:17
1657011977537978000,54.6,1,54.4,4,54.6,10,1,2022-07-05 09:06:17
1657011977722878000,54.6,1,54.4,4,54.6,8,1,2022-07-05 09:06:17
1657011978503700000,54.6,1,54.4,4,54.6,8,1,2022-07-05 09:06:18
1657011978866258000,54.4,4,54.3,5,54.4,1,2,2022-07-05 09:06:18
1657011978903279000,54.4,1,54.5,4,54.6,8,1,2022-07-05 09:06:18
1657011978903279000,54.5,1,54.5,4,54.6,8,1,2022-07-05 09:06:18
1657011978941605000,54.5,4,54.3,5,54.6,8,2,2022-07-05 09:06:18
1657011978945341000,54.6,1,54.3,5,54.6,7,1,2022-07-05 09:06:18
1657011979297103000,54.5,4,54.3,5,54.6,7,2,2022-07-05 09:06:19
1657011979400642000,54.6,1,54.3,5,54.6,6,1,2022-07-05 09:06:19
1657011979463545000,54.3,1,54.3,4,54.6,6,2,2022-07-05 09:06:19
1657011979844438000,54.3,4,54.2,7,54.5,17,2,2022-07-05 09:06:19
1657011979929330000,54.4,1,54.2,8,54.4,3,1,2022-07-05 09:06:19
1657011980300232000,54.4,2,54.2,8,54.5,17,1,2022-07-05 09:06:20
1657011980300232000,54.5,1,54.2,8,54.5,17,1,2022-07-05 09:06:20
1657011980602184000,54.2,8,54.1,2,54.4,15,2,2022-07-05 09:06:20
1657011980697512000,54.3,1,54.1,2,54.5,15,1,2022-07-05 09:06:20
1657011980697512000,54.4,15,54.1,2,54.5,15,1,2022-07-05 09:06:20
1657011980697512000,54.5,1,54.1,2,54.5,15,1,2022-07-05 09:06:20
1657011980783821000,54.4,3,54.2,2,54.5,8,1,2022-07-05 09:06:20
1657011980783821000,54.5,7,54.2,2,54.5,8,1,2022-07-05 09:06:20
1657011981616043000,54.4,3,54.2,2,54.4,3,1,2022-07-05 09:06:21
1657011981616043000,54.5,2,54.2,2,54.4,3,1,2022-07-05 09:06:21
1657011982205305000,54.5,1,54.2,3,54.5,12,1,2022-07-05 09:06:22
1657011982599705000,54.5,1,54.2,8,54.5,11,1,2022-07-05 09:06:22
1657011982611176000,54.5,2,54.2,8,54.5,12,1,2022-07-05 09:06:22
1657011982667185000,54.2,1,54.2,7,54.5,9,2,2022-07-05 09:06:22
1657011982766555000,54.4,2,54.3,7,54.5,10,2,2022-07-05 09:06:22
1657011982766636000,54.3,2,54.3,5,54.5,10,2,2022-07-05 09:06:22
1657011983247238000,54.4,1,54.3,6,54.5,3,1,2022-07-05 09:06:23
1657011983247238000,54.5,7,54.3,6,54.5,3,1,2022-07-05 09:06:23
1657011983485335000,54.4,1,54.3,6,54.4,1,1,2022-07-05 09:06:23
1657011983485335000,54.5,4,54.3,6,54.4,1,1,2022-07-05 09:06:23
1657011983773847000,54.5,1,54.3,6,54.6,10,1,2022-07-05 09:06:23
1657011983868804000,54.5,1,54.3,6,54.6,9,2,2022-07-05 09:06:23
1657011983892926000,54.4,1,54.3,6,54.6,9,1,2022-07-05 09:06:23
1657011984074319000,54.6,1,54.3,6,54.6,8,1,2022-07-05 09:06:24
1657011984150915000,54.5,1,54.3,6,54.6,8,2,2022-07-05 09:06:24
1657011984756487000,54.5,2,54.4,6,54.6,5,1,2022-07-05 09:06:24
1657011984756487000,54.6,3,54.4,6,54.6,5,1,2022-07-05 09:06:24
1657011985539165000,54.5,1,54.4,6,54.5,1,1,2022-07-05 09:06:25
1657011985874419000,54.4,1,54.4,6,54.5,5,2,2022-07-05 09:06:25
1657011986008080000,54.5,1,54.4,6,54.5,4,1,2022-07-05 09:06:26
1657011986013947000,54.4,2,54.4,4,54.5,4,2,2022-07-05 09:06:26
1657011987350358000,54.5,9,54.4,7,54.6,16,1,2022-07-05 09:06:27
1657011987350358000,54.6,1,54.4,7,54.6,16,1,2022-07-05 09:06:27
1657011987423696000,54.6,1,54.4,7,54.6,15,1,2022-07-05 09:06:27
1657011987506135000,54.5,1,54.5,4,54.6,15,2,2022-07-05 09:06:27
1657011987527301000,54.5,4,54.4,7,54.6,15,2,2022-07-05 09:06:27
1657011987690699000,54.6,1,54.4,7,54.6,14,1,2022-07-05 09:06:27
