ts,close,volume,bid_price,bid_volume,ask_price,ask_volume,tick_type,datetime
1657011733711235000,26.4,508,26.35,3,26.4,16,1,2022-07-05 09:02:13
1657011733743762000,26.35,3,26.3,1,26.4,16,2,2022-07-05 09:02:13
1657011733831594000,26.3,1,26.05,24,26.4,16,2,2022-07-05 09:02:13
1657011733831594000,26.25,1,26.05,24,26.4,16,2,2022-07-05 09:02:13
1657011733831594000,26.2,1,26.05,24,26.4,16,2,2022-07-05 09:02:13
1657011733831594000,26.15,7,26.05,24,26.4,16,2,2022-07-05 09:02:13
1657011733831594000,26.1,8,26.05,24,26.4,16,2,2022-07-05 09:02:13
1657011733831594000,26.05,2,26.05,24,26.4,16,2,2022-07-05 09:02:13
1657011734740034000,26.05,1,26.05,23,26.4,16,2,2022-07-05 09:02:14
1657011736006115000,26.3,1,26.05,23,26.4,16,2,2022-07-05 09:02:16
1657011737172076000,26.05,1,26.05,22,26.4,16,2,2022-07-05 09:02:17
1657011737327519000,26.05,22,25.9,10,26.0,119,2,2022-07-05 09:02:17
1657011737327519000,26.0,159,25.9,10,26.0,119,2,2022-07-05 09:02:17
1657011737965606000,25.9,10,25.85,63,26.0,119,2,2022-07-05 09:02:17
1657011737965606000,25.85,10,25.85,63,26.0,119,2,2022-07-05 09:02:17
1657011738123027000,25.85,4,25.85,59,26.0,119,2,2022-07-05 09:02:18
1657011738133070000,25.85,4,25.85,55,26.0,119,2,2022-07-05 09:02:18
1657011738289840000,25.85,2,25.85,53,26.0,119,2,2022-07-05 09:02:18
1657011738859770000,25.95,1,25.85,55,25.95,3,1,2022-07-05 09:02:18
1657011738884672000,25.95,1,25.85,55,25.95,2,1,2022-07-05 09:02:18
1657011739107234000,25.85,10,25.85,55,26.0,120,2,2022-07-05 09:02:19
1657011739806379000,25.85,4,25.85,41,26.0,120,2,2022-07-05 09:02:19
1657011740068591000,25.85,2,25.85,39,26.0,120,2,2022-07-05 09:02:20
1657011740094992000,25.85,39,25.8,10,25.85,2,2,2022-07-05 09:02:20
1657011740289509000,25.8,10,25.6,1,25.85,6,2,2022-07-05 09:02:20
1657011740289509000,25.75,2,25.6,1,25.85,6,2,2022-07-05 09:02:20
1657011740289509000,25.7,1,25.6,1,25.85,6,2,2022-07-05 09:02:20
1657011740289509000,25.6,2,25.6,1,25.85,6,2,2022-07-05 09:02:20
1657011741877702000,25.6,1,25.55,2,25.85,19,2,2022-07-05 09:02:21
1657011742492349000,25.8,5,25.55,2,25.8,5,1,2022-07-05 09:02:22
1657011742492349000,25.85,5,25.55,2,25.8,5,1,2022-07-05 09:02:22
1657011742936475000,25.85,1,25.55,2,25.85,13,1,2022-07-05 09:02:22
1657011744010759000,25.55,2,25.5,6,25.85,13,2,2022-07-05 09:02:24
1657011744010759000,25.5,11,25.5,6,25.85,13,2,2022-07-05 09:02:24
1657011745875213000,25.6,1,25.5,6,25.85,1,2,2022-07-05 09:02:25
1657011747543788000,25.6,1,25.5,6,25.85,2,1,2022-07-05 09:02:27
1657011748295622000,25.5,2,25.5,4,25.55,1,2,2022-07-05 09:02:28
1657011748334610000,25.5,4,25.4,1,25.55,1,2,2022-07-05 09:02:28
1657011873593989000,25.3,201,25.3,12,25.35,9,2,2022-07-05 09:04:33
1657011873621080000,25.3,12,25.25,3,25.35,9,2,2022-07-05 09:04:33
1657011874032305000,25.25,1,25.25,2,25.35,9,2,2022-07-05 09:04:34
1657011874329822000,25.25,1,25.25,1,25.35,9,2,2022-07-05 09:04:34
1657011876281027000,25.25,11,25.2,50,25.35,9,2,2022-07-05 09:04:36
1657011876281027000,25.2,9,25.2,50,25.35,9,2,2022-07-05 09:04:36
1657011877522694000,25.25,1,25.25,1,25.3,5,2,2022-07-05 09:04:37
1657011878124668000,25.25,1,25.2,49,25.3,5,2,2022-07-05 09:04:38
1657011878124668000,25.2,1,25.2,49,25.3,5,2,2022-07-05 09:04:38
1657011880092530000,25.2,1,25.2,49,25.3,5,2,2022-07-05 09:04:40
1657011880831331000,25.2,3,25.2,46,25.3,5,2,2022-07-05 09:04:40
1657011880853277000,25.2,1,25.2,45,25.3,5,2,2022-07-05 09:04:40
1657011881622753000,25.2,1,25.2,44,25.3,7,2,2022-07-05 09:04:41
1657011882127906000,25.2,14,25.2,30,25.3,7,2,2022-07-05 09:04:42
1657011882290994000,25.2,1,25.2,30,25.3,7,2,2022-07-05 09:04:42
1657011883115774000,25.25,1,25.2,29,25.3,7,2,2022-07-05 09:04:43
1657011883115774000,25.2,1,25.2,29,25.3,7,2,2022-07-05 09:04:43
1657011883715303000,25.2,1,25.2,28,25.3,7,2,2022-07-05 09:04:43
1657011883772214000,25.25,1,25.2,28,25.3,7,1,2022-07-05 09:04:43
1657011884367723000,25.2,1,25.2,27,25.3,7,2,2022-07-05 09:04:44
1657011884636216000,25.3,1,25.2,29,25.3,6,1,2022-07-05 09:04:44
1657011884681167000,25.2,1,25.2,28,25.3,6,2,2022-07-05 09:04:44
1657011885060941000,25.2,1,25.2,27,25.3,6,2,2022-07-05 09:04:45
1657011886938184000,25.25,1,25.2,37,25.3,6,2,2022-07-05 09:04:46
1657011887110539000,25.3,1,25.2,37,25.3,5,1,2022-07-05 09:04:47
1657011887376341000,25.2,1,25.2,36,25.3,5,2,2022-07-05 09:04:47
1657011888120269000,25.2,2,25.2,34,25.3,5,2,2022-07-05 09:04:48
1657011888287255000,25.25,1,25.2,34,25.3,1,1,2022-07-05 09:04:48
1657011888287255000,25.3,4,25.2,34,25.3,1,1,2022-07-05 09:04:48
1657011888983185000,25.2,10,25.2,24,25.3,1,2,2022-07-05 09:04:48
1657011889479273000,25.2,1,25.2,23,25.3,1,2,2022-07-05 09:04:49
1657011889770597000,25.25,1,25.2,23,25.3,1,2,2022-07-05 09:04:49
1657011890367694000,25.3,1,25.2,23,25.5,17,1,2022-07-05 09:04:50
1657011890367694000,25.35,4,25.2,23,25.5,17,1,2022-07-05 09:04:50
1657011890367694000,25.4,4,25.2,23,25.5,17,1,2022-07-05 09:04:50
1657011890367694000,25.45,4,25.2,23,25.5,17,1,2022-07-05 09:04:50
1657011890367694000,25.5,7,25.2,23,25.5,17,1,2022-07-05 09:04:50
1657011890515567000,25.2,2,25.2,21,25.5,17,2,2022-07-05 09:04:50
1657011891044152000,25.25,1,25.2,21,25.5,17,2,2022-07-05 09:04:51
1657011892833325000,25.25,1,25.2,21,25.25,1,1,2022-07-05 09:04:52
1657011892860344000,25.25,1,25.2,21,25.5,17,1,2022-07-05 09:04:52
1657011893595806000,25.25,2,25.2,18,25.5,17,2,2022-07-05 09:04:53
1657011893595806000,25.2,3,25.2,18,25.5,17,2,2022-07-05 09:04:53
1657011895869128000,25.25,3,25.25,3,25.5,17,2,2022-07-05 09:04:55
1657011896158735000,25.25,1,25.25,2,25.5,17,2,2022-07-05 09:04:56
1657011896163095000,25.25,2,25.2,18,25.5,17,2,2022-07-05 09:04:56
1657011898115863000,25.25,2,25.2,19,25.45,5,2,2022-07-05 09:04:58
1657011899736796000,25.25,1,25.2,19,25.45,5,2,2022-07-05 09:04:59
1657011900391856000,25.3,4,25.25,4,25.4,1,1,2022-07-05 09:05:00
1657011900391856000,25.4,1,25.25,4,25.4,1,1,2022-07-05 09:05:00
1657011900802067000,25.25,4,25.2,20,25.25,1,2,2022-07-05 09:05:00
1657011901796638000,25.25,1,25.3,1,25.4,1,1,2022-07-05 09:05:01
1657011901847956000,25.3,1,25.2,20,25.25,2,2,2022-07-05 09:05:01
1657011902160558000,25.25,1,25.2,20,25.25,1,1,2022-07-05 09:05:02
1657011902556147000,25.25,1,25.2,20,25.4,1,1,2022-07-05 09:05:02
1657011902676121000,25.25,2,25.2,20,25.4,1,2,2022-07-05 09:05:02
1657011907369251000,25.3,1,25.3,2,25.4,2,2,2022-07-05 09:05:07
1657011908111529000,25.3,2,25.25,14,25.35,1,2,2022-07-05 09:05:08
1657011909468120000,25.25,3,25.25,11,25.35,1,2,2022-07-05 09:05:09
1657011910308401000,25.25,5,25.25,11,25.35,1,2,2022-07-05 09:05:10
1657011910652132000,25.35,1,25.25,6,25.4,11,1,2022-07-05 09:05:10
1657011910837489000,25.25,1,25.25,5,25.4,11,2,2022-07-05 09:05:10
1657011912124603000,25.25,2,25.25,6,25.4,12,2,2022-07-05 09:05:12
1657011912449563000,25.25,5,25.25,1,25.4,12,2,2022-07-05 09:05:12
1657011912478223000,25.25,1,25.2,21,25.4,12,2,2022-07-05 09:05:12
1657011913026103000,25.2,2,25.2,20,25.4,12,2,2022-07-05 09:05:13
1657011914222469000,25.25,5,25.2,20,25.25,3,2,2022-07-05 09:05:14
1657011915364251000,25.25,2,25.2,20,25.25,3,1,2022-07-05 09:05:15
1657011915881118000,25.2,6,25.2,14,25.25,3,2,2022-07-05 09:05:15
1657011916093806000,25.25,1,25.2,14,25.25,2,1,2022-07-05 09:05:16
1657011916284264000,25.25,1,25.2,14,25.25,1,1,2022-07-05 09:05:16
1657011916366527000,25.25,1,25.2,14,25.3,1,1,2022-07-05 09:05:16
1657011916791811000,25.3,1,25.2,15,25.4,12,1,2022-07-05 09:05:16
1657011918017293000,25.25,1,25.2,15,25.4,11,2,2022-07-05 09:05:18
1657011918107230000,25.2,2,25.2,13,25.4,11,2,2022-07-05 09:05:18
1657011920030346000,25.25,5,25.25,6,25.4,12,2,2022-07-05 09:05:20
1657011920754292000,25.25,1,25.2,12,25.4,12,2,2022-07-05 09:05:20
1657011920754292000,25.2,2,25.2,12,25.4,12,2,2022-07-05 09:05:20
1657011921603502000,25.2,1,25.2,11,25.4,12,2,2022-07-05 09:05:21
1657011921709755000,25.2,1,25.2,10,25.4,12,2,2022-07-05 09:05:21
1657011921935281000,25.25,1,25.2,3,25.4,12,2,2022-07-05 09:05:21
1657011921935281000,25.2,7,25.2,3,25.4,12,2,2022-07-05 09:05:21
1657011922044774000,25.2,1,25.2,2,25.4,12,2,2022-07-05 09:05:22
1657011922338241000,25.25,3,25.25,3,25.4,12,2,2022-07-05 09:05:22
1657011922338241000,25.2,2,25.25,3,25.4,12,2,2022-07-05 09:05:22
1657011922976855000,25.15,10,25.15,4,25.4,12,2,2022-07-05 09:05:22
1657011926154171000,25.2,2,25.15,4,25.2,1,2,2022-07-05 09:05:26
1657011926532681000,25.2,1,25.25,1,25.4,12,1,2022-07-05 09:05:26
1657011926532681000,25.25,1,25.25,1,25.4,12,1,2022-07-05 09:05:26
1657011927125237000,25.25,1,25.1,1,25.4,12,2,2022-07-05 09:05:27
1657011927125237000,25.15,4,25.1,1,25.4,12,2,2022-07-05 09:05:27
1657011927125237000,25.1,15,25.1,1,25.4,12,2,2022-07-05 09:05:27
1657011928102894000,25.1,1,25.05,14,25.4,12,2,2022-07-05 09:05:28
1657011928102894000,25.05,1,25.05,14,25.4,12,2,2022-07-05 09:05:28
1657011929203146000,25.15,1,25.05,13,25.3,1,2,2022-07-05 09:05:29
1657011929203146000,25.05,1,25.05,13,25.3,1,2,2022-07-05 09:05:29
1657011929299256000,25.05,2,25.05,11,25.3,1,2,2022-07-05 09:05:29
1657011930351843000,25.05,10,25.05,1,25.15,1,2,2022-07-05 09:05:30
1657011931074220000,25.05,1,25.0,58,25.15,1,2,2022-07-05 09:05:31
1657011931074220000,25.0,2,25.0,58,25.15,1,2,2022-07-05 09:05:31
1657011932254516000,25.15,1,25.0,58,25.2,1,1,2022-07-05 09:05:32
1657011933045964000,25.0,10,25.0,48,25.2,1,2,2022-07-05 09:05:33
1657011933600623000,25.0,47,25.0,1,25.05,3,2,2022-07-05 09:05:33
1657011933637446000,25.0,1,24.9,27,25.05,3,2,2022-07-05 09:05:33
1657011934266646000,24.9,1,24.9,26,25.05,3,2,2022-07-05 09:05:34
1657011934625427000,25.05,3,25.05,7,25.2,1,1,2022-07-05 09:05:34
1657011934899688000,25.05,6,25.05,1,25.1,4,2,2022-07-05 09:05:34
1657011934937405000,25.05,1,24.9,26,25.1,4,2,2022-07-05 09:05:34
1657011935579514000,25.05,2,24.9,18,25.1,4,2,2022-07-05 09:05:35
1657011935579514000,24.9,8,24.9,18,25.1,4,2,2022-07-05 09:05:35
1657011936885445000,24.9,3,24.9,15,25.0,3,2,2022-07-05 09:05:36
1657011937612914000,24.9,5,24.9,10,25.0,3,2,2022-07-05 09:05:37
1657011937617271000,25.0,1,24.9,10,25.0,2,1,2022-07-05 09:05:37
1657011938098607000,24.9,2,24.9,8,25.0,2,2,2022-07-05 09:05:38
1657011938232883000,24.9,1,24.9,8,25.0,2,2,2022-07-05 09:05:38
1657011938731426000,25.0,2,24.9,7,25.1,7,1,2022-07-05 09:05:38
1657011938929545000,24.9,2,24.9,5,25.0,1,2,2022-07-05 09:05:38
1657011939686650000,24.9,6,24.85,18,25.0,2,2,2022-07-05 09:05:39
1657011940039262000,24.85,1,24.85,17,25.0,2,2,2022-07-05 09:05:40
1657011941547045000,24.9,1,24.85,17,25.0,3,2,2022-07-05 09:05:41
1657011941560953000,24.85,10,24.85,7,25.0,3,2,2022-07-05 09:05:41
1657011941600319000,24.85,7,24.8,17,25.0,3,2,2022-07-05 09:05:41
1657011942427128000,24.8,1,24.8,16,25.0,3,2,2022-07-05 09:05:42
1657011942932308000,24.8,1,24.8,15,25.0,3,2,2022-07-05 09:05:42
1657011943201713000,25.0,1,24.8,15,25.0,3,1,2022-07-05 09:05:43
1657011943733892000,24.9,1,24.8,15,25.0,3,1,2022-07-05 09:05:43
1657011944096224000,24.8,1,24.8,14,24.85,29,2,2022-07-05 09:05:44
1657011944245103000,24.8,10,24.8,4,24.85,29,2,2022-07-05 09:05:44
1657011944270301000,24.8,4,24.75,1,24.85,29,2,2022-07-05 09:05:44
1657011945824782000,24.8,1,24.75,1,24.85,29,1,2022-07-05 09:05:45
1657011947530719000,24.8,1,24.75,2,24.8,6,2,2022-07-05 09:05:47
1657011947585391000,24.75,1,24.75,1,24.8,6,2,2022-07-05 09:05:47
1657011947621820000,24.75,1,24.7,6,24.8,6,2,2022-07-05 09:05:47
1657011948094308000,24.75,2,24.7,6,24.8,6,2,2022-07-05 09:05:48
1657011948661973000,24.7,2,24.7,4,24.8,6,2,2022-07-05 09:05:48
1657011949142875000,24.7,1,24.7,3,24.8,7,2,2022-07-05 09:05:49
1657011949413801000,24.7,1,24.7,3,24.75,2,2,2022-07-05 09:05:49
1657011949911579000,24.7,2,24.55,1,24.6,105,2,2022-07-05 09:05:49
1657011949911579000,24.65,2,24.55,1,24.6,105,2,2022-07-05 09:05:49
1657011949911579000,24.6,10,24.55,1,24.6,105,2,2022-07-05 09:05:49
1657011950377304000,24.55,1,24.5,45,24.6,105,2,2022-07-05 09:05:50
1657011950509458000,24.6,5,24.5,45,24.6,100,1,2022-07-05 09:05:50
1657011950973941000,24.6,1,24.5,45,24.6,99,1,2022-07-05 09:05:50
1657011951000734000,24.6,1,24.5,45,24.6,98,1,2022-07-05 09:05:51
1657011951600207000,24.5,1,24.5,44,24.6,98,2,2022-07-05 09:05:51
1657011953079745000,24.6,1,24.55,1,24.6,99,1,2022-07-05 09:05:53
1657011953171813000,24.55,1,24.5,45,24.6,99,2,2022-07-05 09:05:53
1657011954768799000,24.6,1,24.5,45,24.6,104,1,2022-07-05 09:05:54
1657011955468866000,24.5,1,24.5,44,24.6,104,2,2022-07-05 09:05:55
1657011955646874000,24.5,3,24.5,41,24.6,104,2,2022-07-05 09:05:55
1657011955745448000,24.5,1,24.5,40,24.6,104,2,2022-07-05 09:05:55
1657011955883414000,24.6,1,24.5,40,24.6,103,1,2022-07-05 09:05:55
1657011955906025000,24.5,1,24.5,39,24.6,103,2,2022-07-05 09:05:55
1657011956587086000,24.5,2,24.5,38,24.6,103,2,2022-07-05 09:05:56
1657011957140997000,24.6,1,24.5,38,24.6,103,1,2022-07-05 09:05:57
1657011957673006000,24.55,1,24.5,38,24.6,104,2,2022-07-05 09:05:57
1657011957686487000,24.6,2,24.5,38,24.6,102,1,2022-07-05 09:05:57
1657011958019021000,24.6,1,24.5,38,24.6,103,1,2022-07-05 09:05:58
1657011958090031000,24.5,2,24.5,36,24.6,102,2,2022-07-05 09:05:58
1657011958257197000,24.5,1,24.5,35,24.6,102,2,2022-07-05 09:05:58
1657011958636506000,24.5,6,24.5,27,24.6,96,2,2022-07-05 09:05:58
1657011959330210000,24.55,5,24.5,4,24.6,96,2,2022-07-05 09:05:59
1657011959330210000,24.5,24,24.5,4,24.6,96,2,2022-07-05 09:05:59
1657011959540641000,24.5,4,24.45,3,24.55,1,2,2022-07-05 09:05:59
1657011959540641000,24.45,1,24.45,3,24.55,1,2,2022-07-05 09:05:59
1657011959549573000,24.45,3,24.5,4,24.55,1,2,2022-07-05 09:05:59
1657011962214536000,24.45,1,24.45,9,24.5,1,2,2022-07-05 09:06:02
1657011962674581000,24.5,1,24.45,9,24.55,21,1,2022-07-05 09:06:02
1657011963289299000,24.45,1,24.45,8,24.55,21,2,2022-07-05 09:06:03
1657011963686048000,24.55,2,24.45,8,24.55,19,1,2022-07-05 09:06:03
1657011964204107000,24.45,5,24.45,3,24.5,1,2,2022-07-05 09:06:04
1657011964232440000,24.45,3,24.4,4,24.5,1,2,2022-07-05 09:06:04
1657011965488801000,24.45,1,24.4,4,24.55,22,1,2022-07-05 09:06:05
1657011965488801000,24.5,1,24.4,4,24.55,22,1,2022-07-05 09:06:05
1657011966480543000,24.5,2,24.5,15,24.55,22,2,2022-07-05 09:06:06
1657011966924671000,24.5,1,24.5,12,24.55,22,2,2022-07-05 09:06:06
1657011968085715000,24.5,2,24.5,10,24.55,23,2,2022-07-05 09:06:08
1657011968329167000,24.5,3,24.5,57,24.55,23,2,2022-07-05 09:06:08
1657011968397203000,24.55,2,24.5,57,24.55,21,1,2022-07-05 09:06:08
1657011968618917000,24.55,5,24.5,57,24.55,17,1,2022-07-05 09:06:08
1657011968735016000,24.5,1,24.5,56,24.55,18,2,2022-07-05 09:06:08
1657011969027445000,24.55,1,24.5,58,24.55,17,1,2022-07-05 09:06:09
1657011969054713000,24.55,1,24.5,58,24.55,18,1,2022-07-05 09:06:09
1657011969649679000,24.5,2,24.5,56,24.55,16,2,2022-07-05 09:06:09
1657011970282444000,24.5,5,24.5,51,24.55,16,2,2022-07-05 09:06:10
1657011970533822000,24.5,1,24.5,50,24.55,16,2,2022-07-05 09:06:10
1657011970542947000,24.5,2,24.5,48,24.55,16,2,2022-07-05 09:06:10
1657011970846173000,24.55,1,24.5,48,24.55,17,1,2022-07-05 09:06:10
1657011971326095000,24.5,10,24.5,38,24.55,17,2,2022-07-05 09:06:11
1657011972066446000,24.55,5,24.5,40,24.55,17,1,2022-07-05 09:06:12
1657011972136638000,24.5,2,24.5,38,24.55,13,2,2022-07-05 09:06:12
1657011972386323000,24.55,5,24.5,39,24.55,8,1,2022-07-05 09:06:12
1657011972565370000,24.5,3,24.5,36,24.55,8,2,2022-07-05 09:06:12
1657011972851050000,24.5,10,24.5,42,24.55,8,2,2022-07-05 09:06:12
1657011973226040000,24.55,8,24.55,12,24.6,101,1,2022-07-05 09:06:13
1657011973276753000,24.55,2,24.55,10,24.6,101,2,2022-07-05 09:06:13
1657011974055436000,24.55,3,24.55,7,24.6,101,2,2022-07-05 09:06:14
1657011974273585000,24.55,7,24.5,29,24.6,101,2,2022-07-05 09:06:14
1657011974273585000,24.5,3,24.5,29,24.6,101,2,2022-07-05 09:06:14
1657011974995984000,24.6,10,24.55,1,24.6,91,1,2022-07-05 09:06:14
1657011975031581000,24.6,5,24.55,1,24.6,86,1,2022-07-05 09:06:15
1657011975405418000,24.55,3,24.55,3,24.6,86,2,2022-07-05 09:06:15
1657011975419460000,24.6,1,24.55,3,24.6,85,1,2022-07-05 09:06:15
1657011975453259000,24.6,6,24.55,3,24.6,79,1,2022-07-05 09:06:15
1657011975580655000,24.55,3,24.5,30,24.6,79,2,2022-07-05 09:06:15
1657011975637713000,24.6,5,24.5,30,24.6,82,1,2022-07-05 09:06:15
1657011976043543000,24.6,3,24.5,30,24.6,79,1,2022-07-05 09:06:16
1657011976603563000,24.55,2,24.55,1,24.6,79,2,2022-07-05 09:06:16
1657011976739550000,24.6,3,24.55,2,24.6,81,1,2022-07-05 09:06:16
1657011978081469000,24.55,2,24.55,1,24.6,79,2,2022-07-05 09:06:18
1657011978368372000,24.6,2,24.55,1,24.6,79,1,2022-07-05 09:06:18
1657011978709421000,24.55,1,24.5,8,24.6,77,2,2022-07-05 09:06:18
1657011978709421000,24.5,29,24.5,8,24.6,77,2,2022-07-05 09:06:18
1657011978798391000,24.5,3,24.5,5,24.6,77,2,2022-07-05 09:06:18
1657011979642011000,24.55,4,24.5,7,24.6,77,2,2022-07-05 09:06:19
1657011979647353000,24.6,1,24.5,7,24.6,82,1,2022-07-05 09:06:19
1657011980252623000,24.5,1,24.5,6,24.6,81,2,2022-07-05 09:06:20
1657011980627507000,24.6,1,24.5,6,24.6,80,1,2022-07-05 09:06:20
1657011980655513000,24.5,1,24.5,5,24.6,80,2,2022-07-05 09:06:20
1657011982257979000,24.55,3,24.5,9,24.6,80,2,2022-07-05 09:06:22
1657011982257979000,24.5,2,24.5,9,24.6,80,2,2022-07-05 09:06:22
1657011982509077000,24.5,3,24.5,6,24.6,80,2,2022-07-05 09:06:22
1657011982718742000,24.6,2,24.55,1,24.6,78,1,2022-07-05 09:06:22
1657011983030863000,24.6,7,24.55,1,24.6,78,1,2022-07-05 09:06:23
1657011983165674000,24.55,1,24.5,10,24.55,1,2,2022-07-05 09:06:23
1657011983451816000,24.5,5,24.5,10,24.55,21,2,2022-07-05 09:06:23
1657011983614941000,24.5,5,24.45,18,24.55,21,2,2022-07-05 09:06:23
1657011984576438000,24.55,2,24.5,2,24.55,32,1,2022-07-05 09:06:24
1657011985238562000,24.55,1,24.5,2,24.55,32,1,2022-07-05 09:06:25
1657011985302776000,24.55,2,24.5,2,24.55,30,1,2022-07-05 09:06:25
1657011985693135000,24.5,3,24.5,11,24.55,30,2,2022-07-05 09:06:25
1657011986068671000,24.55,3,24.5,11,24.55,27,1,2022-07-05 09:06:26
1657011987047476000,24.5,1,24.5,19,24.55,27,2,2022-07-05 09:06:27
1657011987752445000,24.5,1,24.5,17,24.55,28,2,2022-07-05 09:06:27
1657011987914896000,24.55,3,24.5,19,24.55,28,1,2022-07-05 09:06:27
1657011988077040000,24.5,2,24.5,17,24.55,25,2,2022-07-05 09:06:28
1657011988710295000,24.5,1,24.5,17,24.55,25,2,2022-07-05 09:06:28
1657011988914116000,24.55,2,24.5,17,24.55,23,1,2022-07-05 09:06:28
1657011988978239000,24.55,2,24.5,17,24.55,21,1,2022-07-05 09:06:28
1657011988999940000,24.5,2,24.5,15,24.55,21,2,2022-07-05 09:06:28
1657011989784358000,24.5,1,24.5,25,24.55,21,2,2022-07-05 09:06:29
1657011990182713000,24.5,1,24.5,34,24.55,21,2,2022-07-05 09:06:30
1657011990474393000,24.55,2,24.5,34,24.55,19,1,2022-07-05 09:06:30
1657011990726805000,24.5,1,24.5,34,24.55,19,2,2022-07-05 09:06:30
1657011992642968000,24.55,5,24.5,39,24.55,17,1,2022-07-05 09:06:32
1657011993437152000,24.55,1,24.5,39,24.55,16,1,2022-07-05 09:06:33
1657011994296268000,24.55,5,24.5,41,24.55,12,1,2022-07-05 09:06:34
1657011995583703000,24.5,43,24.45,14,24.5,2,2,2022-07-05 09:06:35
1657011995816239000,24.5,2,24.45,14,24.55,13,1,2022-07-05 09:06:35
1657011996603698000,24.55,1,24.5,4,24.55,12,1,2022-07-05 09:06:36
1657011996715241000,24.55,1,24.5,5,24.55,11,1,2022-07-05 09:06:36
1657011996727022000,24.55,5,24.5,5,24.55,6,1,2022-07-05 09:06:36
1657011996750117000,24.55,1,24.5,5,24.55,5,1,2022-07-05 09:06:36
1657011996766060000,24.55,1,24.5,5,24.55,4,1,2022-07-05 09:06:36
1657011996786732000,24.55,1,24.5,5,24.55,3,1,2022-07-05 09:06:36
1657011996821365000,24.55,3,24.5,5,24.55,12,1,2022-07-05 09:06:36
1657011997132436000,24.6,10,24.5,5,24.6,7,1,2022-07-05 09:06:37
1657011997165183000,24.6,7,24.55,3,24.7,3,1,2022-07-05 09:06:37
1657011998072784000,24.6,1,24.55,5,24.7,4,2,2022-07-05 09:06:38
1657011998072784000,24.55,1,24.55,5,24.7,4,2,2022-07-05 09:06:38
1657012000845646000,24.55,1,24.55,8,24.7,4,2,2022-07-05 09:06:40
1657012001170469000,24.55,6,24.55,2,24.7,4,2,2022-07-05 09:06:41
1657012001563918000,24.7,4,24.55,2,24.85,2,1,2022-07-05 09:06:41
1657012001563918000,24.85,1,24.55,2,24.85,2,1,2022-07-05 09:06:41
1657012002140073000,24.55,2,24.55,5,24.85,3,2,2022-07-05 09:06:42
1657012004255376000,24.55,3,24.55,4,24.85,3,2,2022-07-05 09:06:44
1657012005137600000,24.55,2,24.55,7,24.85,4,2,2022-07-05 09:06:45
1657012005157490000,24.55,7,24.5,23,24.85,6,2,2022-07-05 09:06:45
1657012005157490000,24.5,2,24.5,23,24.85,6,2,2022-07-05 09:06:45
1657012006593250000,24.8,1,24.55,4,24.85,2,1,2022-07-05 09:06:46
1657012006593250000,24.85,4,24.55,4,24.85,2,1,2022-07-05 09:06:46
1657012008068387000,24.6,1,24.55,5,24.85,5,2,2022-07-05 09:06:48
1657012008068387000,24.55,1,24.55,5,24.85,5,2,2022-07-05 09:06:48
1657012016391002000,24.6,2,24.55,102,24.85,4,2,2022-07-05 09:06:56
1657012016391002000,24.55,8,24.55,102,24.85,4,2,2022-07-05 09:06:56
1657012018063963000,24.6,2,24.55,102,24.85,5,2,2022-07-05 09:06:58
1657012019776071000,24.65,1,24.65,1,24.8,8,2,2022-07-05 09:06:59
1657012021165137000,24.8,1,24.6,5,24.8,7,1,2022-07-05 09:07:01
1657012024950394000,24.65,1,24.65,1,24.8,13,2,2022-07-05 09:07:04
1657012025648104000,24.8,1,24.6,28,24.8,12,1,2022-07-05 09:07:05
1657012025993110000,24.8,1,24.6,48,24.8,12,1,2022-07-05 09:07:05
1657012027495866000,24.6,15,24.6,33,24.8,11,2,2022-07-05 09:07:07
1657012028059602000,24.6,2,24.6,31,24.8,11,2,2022-07-05 09:07:08
1657012028197182000,24.6,1,24.6,32,24.8,11,2,2022-07-05 09:07:08
1657012028978291000,24.6,1,24.6,32,24.8,11,2,2022-07-05 09:07:08
1657012030655785000,24.6,1,24.6,32,24.8,12,2,2022-07-05 09:07:10
1657012032005155000,24.65,1,24.65,1,24.8,12,2,2022-07-05 09:07:12
1657012034287413000,24.65,1,24.65,1,24.8,12,2,2022-07-05 09:07:14
1657012035111599000,24.65,4,24.65,1,24.8,12,2,2022-07-05 09:07:15
1657012036264792000,24.8,2,24.65,2,24.8,13,1,2022-07-05 09:07:16
1657012038055200000,24.65,2,24.65,1,24.8,11,2,2022-07-05 09:07:18
1657012038300429000,24.8,5,24.65,1,24.8,6,1,2022-07-05 09:07:18
1657012041105311000,24.65,1,24.65,6,24.8,7,2,2022-07-05 09:07:21
1657012046909772000,24.75,1,24.7,15,24.75,1,1,2022-07-05 09:07:26
1657012046909772000,24.8,1,24.7,15,24.75,1,1,2022-07-05 09:07:26
1657012047458424000,24.8,5,24.7,15,24.8,1,1,2022-07-05 09:07:27
1657012048551131000,24.75,1,24.75,1,24.85,5,2,2022-07-05 09:07:28
1657012048551131000,24.7,1,24.75,1,24.85,5,2,2022-07-05 09:07:28
1657012049285104000,24.7,1,24.7,15,24.85,5,2,2022-07-05 09:07:29
1657012056450814000,24.85,1,24.8,4,24.85,4,1,2022-07-05 09:07:36
1657012056795325000,24.85,1,24.8,4,24.85,3,1,2022-07-05 09:07:36
1657012056806313000,24.8,1,24.8,3,24.85,3,2,2022-07-05 09:07:36
1657012057764601000,24.8,1,24.8,4,24.85,3,2,2022-07-05 09:07:37
1657012058607835000,24.85,2,24.8,4,24.85,1,1,2022-07-05 09:07:38
1657012058846827000,24.85,1,24.85,2,24.9,4,1,2022-07-05 09:07:38
1657012059142878000,24.85,1,24.85,1,24.9,4,2,2022-07-05 09:07:39
1657012061691150000,24.9,1,24.85,8,24.9,3,1,2022-07-05 09:07:41
1657012063906865000,24.9,2,24.85,8,24.9,1,1,2022-07-05 09:07:43
1657012064501054000,24.9,1,24.85,8,24.95,2,1,2022-07-05 09:07:44
1657012064568857000,24.95,1,24.85,8,24.95,1,1,2022-07-05 09:07:44
1657012065092786000,24.95,1,24.85,8,25.0,8,1,2022-07-05 09:07:45
1657012065092786000,25.0,4,24.85,8,25.0,8,1,2022-07-05 09:07:45
1657012066423947000,25.0,5,24.9,14,25.0,3,1,2022-07-05 09:07:46
1657012067855784000,25.0,3,24.9,15,25.3,2,1,2022-07-05 09:07:47
1657012067855784000,25.05,7,24.9,15,25.3,2,1,2022-07-05 09:07:47
1657012067855784000,25.1,1,24.9,15,25.3,2,1,2022-07-05 09:07:47
1657012067855784000,25.15,1,24.9,15,25.3,2,1,2022-07-05 09:07:47
1657012067855784000,25.2,1,24.9,15,25.3,2,1,2022-07-05 09:07:47
1657012067855784000,25.25,1,24.9,15,25.3,2,1,2022-07-05 09:07:47
1657012070643377000,25.25,3,24.9,17,25.25,8,1,2022-07-05 09:07:50
1657012071364360000,24.9,1,24.9,14,25.2,2,2,2022-07-05 09:07:51
1657012071706645000,25.2,1,24.9,14,25.2,1,1,2022-07-05 09:07:51
1657012072485502000,25.2,1,25.0,4,25.2,1,1,2022-07-05 09:07:52
1657012072626617000,25.2,1,25.0,4,25.25,9,1,2022-07-05 09:07:52
1657012073422330000,25.2,1,25.0,4,25.2,1,1,2022-07-05 09:07:53
1657012073423115000,25.2,1,25.0,4,25.25,9,1,2022-07-05 09:07:53
1657012074033783000,25.15,1,25.15,1,25.25,9,2,2022-07-05 09:07:54
1657012075117409000,25.2,1,25.0,4,25.2,1,1,2022-07-05 09:07:55
1657012076408465000,25.15,1,25.0,7,25.15,7,1,2022-07-05 09:07:56
1657012076678699000,25.15,1,25.0,7,25.15,5,1,2022-07-05 09:07:56
1657012076791317000,25.15,1,25.0,7,25.15,4,1,2022-07-05 09:07:56
1657012078427529000,25.15,1,25.0,7,25.15,5,1,2022-07-05 09:07:58
1657012079350902000,25.15,1,25.0,9,25.15,5,1,2022-07-05 09:07:59
1657012079543345000,25.15,1,25.0,9,25.15,3,1,2022-07-05 09:07:59
1657012080137829000,25.15,1,25.0,9,25.15,2,1,2022-07-05 09:08:00
1657012081090927000,25.15,1,25.0,9,25.15,1,1,2022-07-05 09:08:01
1657012082477356000,25.2,2,25.1,1,25.2,12,1,2022-07-05 09:08:02
1657012083914475000,25.2,5,25.15,15,25.2,10,1,2022-07-05 09:08:03
1657012084365618000,25.2,5,25.15,15,25.2,5,1,2022-07-05 09:08:04
1657012086275426000,25.25,1,25.15,16,25.25,5,1,2022-07-05 09:08:06
1657012089106949000,25.25,3,25.2,7,25.25,5,1,2022-07-05 09:08:09
1657012089332087000,25.25,1,25.2,9,25.25,5,1,2022-07-05 09:08:09
1657012090158555000,25.25,4,25.25,8,25.3,5,1,2022-07-05 09:08:10
1657012090639670000,25.3,3,25.25,8,25.3,2,1,2022-07-05 09:08:10
1657012090852712000,25.3,2,25.25,8,25.35,10,1,2022-07-05 09:08:10
1657012093845887000,25.3,1,25.25,10,25.3,4,1,2022-07-05 09:08:13
1657012094906867000,25.25,5,25.25,5,25.3,5,2,2022-07-05 09:08:14
1657012095059675000,25.3,1,25.25,5,25.3,4,1,2022-07-05 09:08:15
1657012097133366000,25.3,2,25.25,5,25.3,9,1,2022-07-05 09:08:17
1657012098532177000,25.25,5,25.2,10,25.3,11,2,2022-07-05 09:08:18
1657012098754437000,25.3,1,25.2,11,25.3,12,1,2022-07-05 09:08:18
1657012099168420000,25.3,1,25.2,11,25.3,9,1,2022-07-05 09:08:19
1657012099603151000,25.3,5,25.25,1,25.3,11,1,2022-07-05 09:08:19
1657012099800125000,25.25,1,25.2,11,25.25,1,2,2022-07-05 09:08:19
1657012100112747000,25.25,1,25.2,11,25.25,1,1,2022-07-05 09:08:20
1657012100706315000,25.3,1,25.2,11,25.3,5,1,2022-07-05 09:08:20
1657012102203065000,25.25,1,25.2,11,25.25,5,1,2022-07-05 09:08:22
1657012102438966000,25.2,2,25.2,9,25.25,5,2,2022-07-05 09:08:22
1657012102558621000,25.25,1,25.2,9,25.25,4,1,2022-07-05 09:08:22
1657012102661233000,25.25,1,25.2,9,25.25,3,1,2022-07-05 09:08:22
1657012102734250000,25.25,1,25.2,9,25.25,2,1,2022-07-05 09:08:22
1657012102942897000,25.2,5,25.2,4,25.25,2,2,2022-07-05 09:08:22
1657012103331804000,25.2,4,25.15,16,25.2,1,2,2022-07-05 09:08:23
1657012103396144000,25.2,1,25.25,1,25.3,5,1,2022-07-05 09:08:23
1657012103396144000,25.25,3,25.25,1,25.3,5,1,2022-07-05 09:08:23
1657012103425634000,25.25,1,25.15,16,25.3,5,2,2022-07-05 09:08:23
1657012103816922000,25.2,2,25.15,16,25.25,2,1,2022-07-05 09:08:23
1657012103857136000,25.25,1,25.15,16,25.2,2,1,2022-07-05 09:08:23
1657012105984507000,25.15,2,25.15,14,25.25,1,2,2022-07-05 09:08:25
1657012107876054000,25.2,1,25.15,5,25.25,7,2,2022-07-05 09:08:27
1657012107876054000,25.15,9,25.15,5,25.25,7,2,2022-07-05 09:08:27
1657012107913029000,25.15,4,25.15,1,25.25,7,2,2022-07-05 09:08:27
1657012107929689000,25.15,1,25.05,1,25.25,7,2,2022-07-05 09:08:27
1657012110809521000,25.15,3,25.1,1,25.25,7,1,2022-07-05 09:08:30
1657012110809521000,25.25,2,25.1,1,25.25,7,1,2022-07-05 09:08:30
1657012114849366000,25.25,2,25.15,10,25.25,8,1,2022-07-05 09:08:34
1657012119838894000,25.3,1,25.25,3,25.3,14,1,2022-07-05 09:08:39
1657012119992489000,25.25,2,25.25,1,25.3,19,2,2022-07-05 09:08:39
1657012120092455000,25.25,1,25.2,1,25.3,17,2,2022-07-05 09:08:40
1657012120092455000,25.2,1,25.2,1,25.3,17,2,2022-07-05 09:08:40
1657012120985596000,25.25,1,25.2,5,25.25,1,1,2022-07-05 09:08:40
1657012122525489000,25.25,1,25.2,4,25.3,17,2,2022-07-05 09:08:42
1657012122525489000,25.2,1,25.2,4,25.3,17,2,2022-07-05 09:08:42
1657012122782566000,25.2,1,25.2,3,25.25,2,2,2022-07-05 09:08:42
1657012123015199000,25.2,3,25.15,3,25.25,2,2,2022-07-05 09:08:43
1657012126834101000,25.2,1,25.15,3,25.2,4,2,2022-07-05 09:08:46
1657012127225508000,25.2,3,25.15,3,25.2,1,1,2022-07-05 09:08:47
1657012127734573000,25.15,1,25.15,2,25.2,1,2,2022-07-05 09:08:47
1657012128913603000,25.2,1,25.15,4,25.2,8,1,2022-07-05 09:08:48
1657012131399836000,25.2,10,25.15,4,25.2,8,1,2022-07-05 09:08:51
1657012139193475000,25.2,1,25.15,12,25.2,11,1,2022-07-05 09:08:59
1657012140229446000,25.2,1,25.15,12,25.2,10,1,2022-07-05 09:09:00
1657012140253789000,25.15,2,25.15,10,25.2,10,2,2022-07-05 09:09:00
1657012140804719000,25.2,1,25.15,10,25.2,9,1,2022-07-05 09:09:00
1657012140849309000,25.2,2,25.15,10,25.2,7,1,2022-07-05 09:09:00
1657012142103029000,25.2,7,25.2,3,25.25,18,1,2022-07-05 09:09:02
1657012143050735000,25.2,3,25.1,3,25.15,7,2,2022-07-05 09:09:03
1657012143050735000,25.15,11,25.1,3,25.15,7,2,2022-07-05 09:09:03
1657012147180367000,25.15,1,25.1,2,25.15,10,1,2022-07-05 09:09:07
1657012150158320000,25.15,3,25.1,2,25.15,9,1,2022-07-05 09:09:10
1657012150906265000,25.15,2,25.1,2,25.15,5,1,2022-07-05 09:09:10
1657012151060336000,25.15,5,25.1,2,25.2,5,1,2022-07-05 09:09:11
1657012158858410000,25.1,1,25.1,2,25.15,5,2,2022-07-05 09:09:18
1657012160581471000,25.1,2,25.05,8,25.15,9,2,2022-07-05 09:09:20
1657012160800768000,25.15,1,25.05,8,25.15,8,1,2022-07-05 09:09:20
1657012164165103000,25.15,1,25.1,11,25.15,10,1,2022-07-05 09:09:24
1657012164461757000,25.15,1,25.1,11,25.15,9,1,2022-07-05 09:09:24
1657012165175947000,25.1,1,25.1,11,25.15,9,2,2022-07-05 09:09:25
1657012170074537000,25.15,3,25.1,12,25.15,9,1,2022-07-05 09:09:30
1657012170689440000,25.1,10,25.1,2,25.15,9,2,2022-07-05 09:09:30
1657012170715095000,25.1,2,25.05,8,25.15,9,2,2022-07-05 09:09:30
1657012171599840000,25.1,2,25.05,8,25.15,11,1,2022-07-05 09:09:31
1657012173170521000,25.15,1,25.05,8,25.15,10,1,2022-07-05 09:09:33
1657012176714055000,25.1,1,25.05,8,25.15,13,2,2022-07-05 09:09:36
1657012177209438000,25.1,2,25.1,3,25.15,13,1,2022-07-05 09:09:37
1657012177639073000,25.15,5,25.1,3,25.15,6,1,2022-07-05 09:09:37
1657012178746413000,25.15,7,25.1,3,25.25,7,1,2022-07-05 09:09:38
1657012178746413000,25.2,12,25.1,3,25.25,7,1,2022-07-05 09:09:38
1657012178746413000,25.25,11,25.1,3,25.25,7,1,2022-07-05 09:09:38
1657012184227875000,25.25,1,25.15,1,25.25,14,1,2022-07-05 09:09:44
1657012188971528000,25.2,4,25.15,1,25.25,15,1,2022-07-05 09:09:48
1657012188971528000,25.25,1,25.15,1,25.25,15,1,2022-07-05 09:09:48
1657012189239904000,25.15,1,25.15,1,25.25,15,2,2022-07-05 09:09:49
1657012189239904000,25.1,2,25.15,1,25.25,15,2,2022-07-05 09:09:49
1657012192832803000,25.2,1,25.15,1,25.25,13,1,2022-07-05 09:09:52
1657012199931737000,25.2,1,25.15,2,25.2,2,1,2022-07-05 09:09:59
1657012208087750000,25.2,1,25.15,1,25.2,6,1,2022-07-05 09:10:08
1657012208875207000,25.15,1,25.1,7,25.2,6,2,2022-07-05 09:10:08
1657012213620541000,25.15,1,25.1,13,25.15,1,1,2022-07-05 09:10:13
1657012213733000000,25.1,13,25.05,5,25.15,1,2,2022-07-05 09:10:13
1657012213733000000,25.05,6,25.05,5,25.15,1,2,2022-07-05 09:10:13
1657012216254207000,25.15,4,25.05,5,25.2,7,1,2022-07-05 09:10:16
1657012216254207000,25.2,1,25.05,5,25.2,7,1,2022-07-05 09:10:16
1657012216712301000,25.2,5,25.05,5,25.2,2,1,2022-07-05 09:10:16
1657012218643199000,25.1,1,25.1,1,25.25,14,2,2022-07-05 09:10:18
1657012219469432000,25.1,1,25.05,6,25.15,1,2,2022-07-05 09:10:19
1657012220386523000,25.05,6,24.95,1,25.0,5,2,2022-07-05 09:10:20
1657012220386523000,25.0,39,24.95,1,25.0,5,2,2022-07-05 09:10:20
1657012221698724000,24.95,1,24.9,10,25.0,5,2,2022-07-05 09:10:21
1657012222220453000,25.0,1,24.9,10,25.0,15,1,2022-07-05 09:10:22
1657012222958766000,24.9,1,24.9,9,25.0,15,2,2022-07-05 09:10:22
1657012226661017000,24.95,1,24.9,9,24.95,10,1,2022-07-05 09:10:26
1657012228519642000,24.95,1,24.9,9,24.95,9,1,2022-07-05 09:10:28
1657012228664667000,24.9,4,24.9,5,24.95,9,2,2022-07-05 09:10:28
1657012228687336000,24.9,5,24.85,3,24.95,9,2,2022-07-05 09:10:28
1657012229128605000,24.85,1,24.85,3,24.95,2,2,2022-07-05 09:10:29
1657012233177428000,24.85,2,24.8,5,24.95,12,2,2022-07-05 09:10:33
1657012233206794000,24.8,2,24.8,3,24.95,12,2,2022-07-05 09:10:33
1657012238143402000,24.85,1,24.8,3,24.9,11,2,2022-07-05 09:10:38
1657012238143402000,24.8,1,24.8,3,24.9,11,2,2022-07-05 09:10:38
1657012239099475000,24.8,1,24.8,2,24.9,12,2,2022-07-05 09:10:39
1657012239504132000,24.9,2,24.8,2,24.9,10,1,2022-07-05 09:10:39
1657012242363966000,24.8,1,24.8,1,24.95,13,2,2022-07-05 09:10:42
1657012243834276000,24.9,1,24.9,1,24.95,13,2,2022-07-05 09:10:43
1657012243862967000,24.9,1,24.8,1,24.95,13,2,2022-07-05 09:10:43
1657012244406451000,24.8,1,24.75,2,24.95,13,2,2022-07-05 09:10:44
1657012244406451000,24.75,4,24.75,2,24.95,13,2,2022-07-05 09:10:44
1657012247045772000,24.85,1,24.6,52,24.95,14,2,2022-07-05 09:10:47
1657012247045772000,24.75,4,24.6,52,24.95,14,2,2022-07-05 09:10:47
1657012247045772000,24.7,1,24.6,52,24.95,14,2,2022-07-05 09:10:47
1657012247045772000,24.65,11,24.6,52,24.95,14,2,2022-07-05 09:10:47
1657012247045772000,24.6,2,24.6,52,24.95,14,2,2022-07-05 09:10:47
1657012248864262000,24.85,1,24.65,1,24.95,15,2,2022-07-05 09:10:48
1657012248864262000,24.65,1,24.65,1,24.95,15,2,2022-07-05 09:10:48
1657012256942136000,24.8,1,24.8,1,24.9,17,2,2022-07-05 09:10:56
1657012259962042000,24.8,1,24.7,2,24.9,17,2,2022-07-05 09:10:59
1657012261922765000,24.7,1,24.7,1,24.8,13,2,2022-07-05 09:11:01
1657012266365095000,24.75,1,24.7,4,24.75,17,1,2022-07-05 09:11:06
1657012270009174000,24.7,1,24.7,5,24.75,17,2,2022-07-05 09:11:10
1657012271832394000,24.7,8,24.65,13,24.75,18,2,2022-07-05 09:11:11
1657012271832394000,24.65,2,24.65,13,24.75,18,2,2022-07-05 09:11:11
1657012273075450000,24.7,1,24.7,3,24.75,18,2,2022-07-05 09:11:13
1657012275144523000,24.7,1,24.7,5,24.75,19,2,2022-07-05 09:11:15
1657012278092454000,24.7,1,24.7,4,24.75,19,2,2022-07-05 09:11:18
1657012279628970000,24.7,1,24.7,6,24.75,19,2,2022-07-05 09:11:19
1657012280016074000,24.75,5,24.7,3,24.75,14,1,2022-07-05 09:11:20
1657012280141055000,24.7,2,24.7,1,24.75,14,2,2022-07-05 09:11:20
1657012281244926000,24.7,2,24.7,1,24.75,14,2,2022-07-05 09:11:21
1657012281754959000,24.75,3,24.65,24,24.75,14,1,2022-07-05 09:11:21
1657012283480732000,24.65,22,24.6,49,24.65,9,2,2022-07-05 09:11:23
1657012284202779000,24.6,1,24.6,48,24.65,9,2,2022-07-05 09:11:24
1657012286212722000,24.6,1,24.6,47,24.65,25,2,2022-07-05 09:11:26
1657012287664059000,24.6,1,24.6,46,24.65,25,2,2022-07-05 09:11:27
1657012290085435000,24.6,5,24.6,42,24.65,25,2,2022-07-05 09:11:30
1657012291026488000,24.65,5,24.6,42,24.65,20,1,2022-07-05 09:11:31
1657012291224825000,24.6,1,24.6,41,24.65,20,2,2022-07-05 09:11:31
1657012292369447000,24.6,8,24.6,33,24.65,20,2,2022-07-05 09:11:32
1657012293025152000,24.6,6,24.6,27,24.65,20,2,2022-07-05 09:11:33
1657012293094840000,24.6,1,24.6,26,24.65,20,2,2022-07-05 09:11:33
1657012293234232000,24.6,2,24.6,24,24.65,20,2,2022-07-05 09:11:33
1657012293235812000,24.65,1,24.6,24,24.65,19,1,2022-07-05 09:11:33
1657012294459811000,24.65,5,24.6,24,24.65,14,1,2022-07-05 09:11:34
1657012295880163000,24.65,1,24.6,26,24.65,13,1,2022-07-05 09:11:35
1657012298276080000,24.65,2,24.6,24,24.75,14,2,2022-07-05 09:11:38
1657012298276080000,24.6,3,24.6,24,24.75,14,2,2022-07-05 09:11:38
1657012302958899000,24.6,2,24.6,23,24.75,29,2,2022-07-05 09:11:42
1657012304239193000,24.6,2,24.6,27,24.65,1,2,2022-07-05 09:11:44
1657012305935451000,24.65,1,24.6,26,24.65,3,1,2022-07-05 09:11:45
1657012306777508000,24.65,10,24.6,26,24.65,8,1,2022-07-05 09:11:46
1657012311384128000,24.65,1,24.6,26,24.75,29,2,2022-07-05 09:11:51
1657012312025214000,24.65,1,24.6,28,24.75,29,2,2022-07-05 09:11:52
1657012314471143000,24.65,1,24.65,1,24.75,29,2,2022-07-05 09:11:54
1657012325985080000,24.7,2,24.7,10,24.75,29,2,2022-07-05 09:12:05
1657012330934414000,24.75,1,24.7,13,24.75,28,1,2022-07-05 09:12:10
1657012331446374000,24.7,2,24.7,11,24.75,28,2,2022-07-05 09:12:11
1657012332644650000,24.75,1,24.7,16,24.75,28,1,2022-07-05 09:12:12
1657012333456639000,24.7,12,24.7,4,24.75,16,2,2022-07-05 09:12:13
1657012334381950000,24.75,5,24.7,4,24.75,11,1,2022-07-05 09:12:14
1657012334523621000,24.75,1,24.7,4,24.75,10,1,2022-07-05 09:12:14
1657012335086861000,24.7,1,24.7,5,24.75,10,2,2022-07-05 09:12:15
1657012335827052000,24.75,5,24.7,5,24.75,10,1,2022-07-05 09:12:15
1657012338508150000,24.75,5,24.7,4,24.8,2,1,2022-07-05 09:12:18
1657012341249413000,24.85,1,24.7,15,24.9,1,1,2022-07-05 09:12:21
1657012341249413000,24.9,1,24.7,15,24.9,1,1,2022-07-05 09:12:21
1657012342184823000,24.7,1,24.7,14,24.9,1,2,2022-07-05 09:12:22
1657012347108704000,24.75,1,24.7,21,24.9,3,2,2022-07-05 09:12:27
1657012350116996000,24.75,1,24.75,4,24.9,3,2,2022-07-05 09:12:30
1657012350738139000,24.9,1,24.75,2,24.9,2,1,2022-07-05 09:12:30
1657012352625639000,24.95,3,24.75,5,25.0,10,1,2022-07-05 09:12:32
1657012352625639000,25.0,1,24.75,5,25.0,10,1,2022-07-05 09:12:32
1657012357386914000,24.75,3,24.75,2,25.0,12,2,2022-07-05 09:12:37
1657012359469157000,24.95,1,24.85,1,24.95,1,1,2022-07-05 09:12:39
1657012360782674000,24.95,1,24.85,1,25.0,12,1,2022-07-05 09:12:40
1657012364264505000,25.0,5,24.85,2,25.0,5,1,2022-07-05 09:12:44
1657012369354867000,25.0,1,24.9,2,25.0,11,1,2022-07-05 09:12:49
1657012371221396000,25.0,3,24.9,2,25.0,8,1,2022-07-05 09:12:51
1657012372245815000,25.0,1,24.9,2,25.0,7,1,2022-07-05 09:12:52
1657012373225551000,24.9,2,24.85,4,25.0,7,2,2022-07-05 09:12:53
1657012374698828000,24.95,1,24.85,4,24.95,2,1,2022-07-05 09:12:54
1657012375575070000,24.95,1,24.85,4,25.0,1,1,2022-07-05 09:12:55
1657012375575070000,25.0,6,24.85,4,25.0,1,1,2022-07-05 09:12:55
1657012381635924000,25.05,1,24.9,9,25.05,1,1,2022-07-05 09:13:01
1657012388913742000,25.05,2,25.0,40,25.1,9,2,2022-07-05 09:13:08
1657012391793898000,25.1,1,25.05,6,25.1,7,1,2022-07-05 09:13:11
1657012392583678000,25.1,5,25.05,6,25.1,1,1,2022-07-05 09:13:12
1657012402139639000,25.1,3,25.05,11,25.15,7,2,2022-07-05 09:13:22
1657012406229076000,25.1,1,25.1,4,25.15,7,2,2022-07-05 09:13:26
1657012410098892000,25.15,3,25.1,5,25.15,8,1,2022-07-05 09:13:30
1657012411895231000,25.15,1,25.1,11,25.15,4,1,2022-07-05 09:13:31
1657012412303169000,25.1,1,25.1,10,25.15,4,2,2022-07-05 09:13:32
1657012414069830000,25.15,5,25.1,10,25.15,8,1,2022-07-05 09:13:34
1657012414763145000,25.15,1,25.1,10,25.15,2,1,2022-07-05 09:13:34
1657012424198264000,25.2,5,25.15,27,25.2,5,1,2022-07-05 09:13:44
1657012425092103000,25.2,4,25.15,27,25.2,1,1,2022-07-05 09:13:45
1657012433935251000,25.25,1,25.2,36,25.25,8,1,2022-07-05 09:13:53
1657012434625353000,25.2,3,25.2,34,25.25,8,2,2022-07-05 09:13:54
1657012435288506000,25.25,1,25.2,34,25.25,7,1,2022-07-05 09:13:55
1657012437364647000,25.25,1,25.2,34,25.25,9,1,2022-07-05 09:13:57
1657012438997977000,25.25,1,25.2,34,25.25,6,1,2022-07-05 09:13:58
1657012440940412000,25.25,5,25.2,34,25.25,1,1,2022-07-05 09:14:00
1657012442951147000,25.25,2,25.2,37,25.25,1,1,2022-07-05 09:14:02
1657012443218296000,25.25,1,25.2,36,25.3,15,1,2022-07-05 09:14:03
1657012443712064000,25.25,1,25.25,1,25.3,15,2,2022-07-05 09:14:03
1657012448181217000,25.3,2,25.25,8,25.3,13,1,2022-07-05 09:14:08
1657012450530302000,25.25,5,25.25,4,25.3,13,2,2022-07-05 09:14:10
1657012452295340000,25.3,3,25.25,4,25.3,10,1,2022-07-05 09:14:12
1657012452296399000,25.3,3,25.25,4,25.3,7,1,2022-07-05 09:14:12
1657012452297343000,25.3,1,25.25,4,25.3,6,1,2022-07-05 09:14:12
1657012452298242000,25.3,3,25.25,4,25.3,3,1,2022-07-05 09:14:12
1657012452299331000,25.3,2,25.25,4,25.3,1,1,2022-07-05 09:14:12
1657012452300777000,25.3,1,25.25,4,25.35,9,1,2022-07-05 09:14:12
1657012452300777000,25.35,2,25.25,4,25.35,9,1,2022-07-05 09:14:12
1657012452301693000,25.35,1,25.25,4,25.35,8,1,2022-07-05 09:14:12
1657012452302350000,25.35,2,25.25,4,25.35,6,1,2022-07-05 09:14:12
1657012452303491000,25.35,2,25.25,4,25.35,4,1,2022-07-05 09:14:12
1657012452305015000,25.35,2,25.25,4,25.35,2,1,2022-07-05 09:14:12
1657012453463540000,25.35,1,25.25,4,25.35,1,1,2022-07-05 09:14:13
1657012453493065000,25.35,1,25.25,4,25.4,12,1,2022-07-05 09:14:13
1657012456088483000,25.4,2,25.3,4,25.4,10,1,2022-07-05 09:14:16
1657012456089360000,25.4,1,25.3,4,25.4,9,1,2022-07-05 09:14:16
1657012456090402000,25.4,2,25.3,4,25.4,7,1,2022-07-05 09:14:16
1657012456091322000,25.4,1,25.3,4,25.4,6,1,2022-07-05 09:14:16
1657012456092214000,25.4,2,25.3,4,25.4,4,1,2022-07-05 09:14:16
1657012456093213000,25.4,4,25.3,4,25.45,4,1,2022-07-05 09:14:16
1657012456093213000,25.45,1,25.3,4,25.45,4,1,2022-07-05 09:14:16
1657012456094346000,25.45,1,25.3,4,25.45,3,1,2022-07-05 09:14:16
1657012456095452000,25.45,3,25.3,4,25.5,8,1,2022-07-05 09:14:16
1657012456096617000,25.5,3,25.3,4,25.5,5,1,2022-07-05 09:14:16
1657012456097386000,25.5,2,25.3,4,25.5,3,1,2022-07-05 09:14:16
1657012459825264000,25.5,2,25.3,4,25.5,1,1,2022-07-05 09:14:19
1657012462169863000,25.5,5,25.3,11,25.55,5,1,2022-07-05 09:14:22
1657012463856018000,25.4,3,25.4,3,25.55,5,1,2022-07-05 09:14:23
1657012464907682000,25.5,1,25.4,3,25.5,4,2,2022-07-05 09:14:24
1657012465717548000,25.5,1,25.4,3,25.5,4,1,2022-07-05 09:14:25
1657012466079330000,25.5,4,25.4,3,25.6,5,1,2022-07-05 09:14:26
1657012466079330000,25.55,5,25.4,3,25.6,5,1,2022-07-05 09:14:26
1657012466079330000,25.6,3,25.4,3,25.6,5,1,2022-07-05 09:14:26
1657012466080484000,25.6,4,25.4,3,25.6,1,1,2022-07-05 09:14:26
1657012466081325000,25.6,1,25.4,3,25.8,14,1,2022-07-05 09:14:26
1657012466081325000,25.65,4,25.4,3,25.8,14,1,2022-07-05 09:14:26
1657012466081325000,25.7,8,25.4,3,25.8,14,1,2022-07-05 09:14:26
1657012466081325000,25.75,4,25.4,3,25.8,14,1,2022-07-05 09:14:26
1657012466082218000,25.8,6,25.4,3,25.8,8,1,2022-07-05 09:14:26
1657012466083351000,25.8,8,25.4,3,25.85,227,1,2022-07-05 09:14:26
1657012466083351000,25.85,6,25.4,3,25.85,227,1,2022-07-05 09:14:26
1657012466084441000,25.85,18,25.4,3,25.85,209,1,2022-07-05 09:14:26
1657012466085358000,25.85,22,25.4,3,25.85,187,1,2022-07-05 09:14:26
1657012466086384000,25.85,2,25.4,3,25.85,185,1,2022-07-05 09:14:26
1657012466087482000,25.85,8,25.4,3,25.85,177,1,2022-07-05 09:14:26
1657012466088734000,25.85,7,25.4,3,25.85,170,1,2022-07-05 09:14:26
1657012466561152000,25.8,1,25.45,2,25.8,2,1,2022-07-05 09:14:26
1657012467346993000,25.8,2,25.4,3,25.8,1,1,2022-07-05 09:14:27
1657012470097775000,25.75,1,25.45,1,25.75,1,1,2022-07-05 09:14:30
1657012470253208000,25.5,1,25.45,1,25.75,1,2,2022-07-05 09:14:30
1657012470253208000,25.45,1,25.45,1,25.75,1,2,2022-07-05 09:14:30
1657012472793825000,25.75,1,25.5,10,25.75,4,1,2022-07-05 09:14:32
1657012472794057000,25.75,1,25.5,10,25.75,3,1,2022-07-05 09:14:32
1657012472795777000,25.75,2,25.5,10,25.75,1,1,2022-07-05 09:14:32
1657012472796153000,25.75,1,25.5,10,25.8,7,1,2022-07-05 09:14:32
1657012472797056000,25.8,1,25.5,10,25.8,6,1,2022-07-05 09:14:32
1657012472798164000,25.8,1,25.5,10,25.8,5,1,2022-07-05 09:14:32
1657012472799297000,25.8,1,25.5,10,25.8,4,1,2022-07-05 09:14:32
1657012472800451000,25.8,1,25.5,10,25.8,3,1,2022-07-05 09:14:32
1657012472801713000,25.8,1,25.5,10,25.8,2,1,2022-07-05 09:14:32
1657012472802857000,25.8,1,25.5,10,25.8,1,1,2022-07-05 09:14:32
1657012472954805000,25.8,1,25.5,10,25.85,170,1,2022-07-05 09:14:32
1657012472956032000,25.85,1,25.5,10,25.85,169,1,2022-07-05 09:14:32
1657012472956752000,25.85,1,25.5,10,25.85,168,1,2022-07-05 09:14:32
1657012472958041000,25.85,2,25.5,10,25.85,166,1,2022-07-05 09:14:32
1657012472958665000,25.85,1,25.5,10,25.85,165,1,2022-07-05 09:14:32
1657012472959946000,25.85,1,25.5,10,25.85,164,1,2022-07-05 09:14:32
1657012472961225000,25.85,1,25.5,10,25.85,163,1,2022-07-05 09:14:32
1657012472961673000,25.85,1,25.5,10,25.85,162,1,2022-07-05 09:14:32
1657012472963254000,25.85,1,25.5,10,25.85,161,1,2022-07-05 09:14:32
1657012472963697000,25.85,1,25.5,10,25.85,160,1,2022-07-05 09:14:32
1657012473124377000,25.85,1,25.5,12,25.85,159,1,2022-07-05 09:14:33
1657012473125630000,25.85,1,25.5,12,25.85,158,1,2022-07-05 09:14:33
1657012473126289000,25.85,1,25.5,12,25.85,157,1,2022-07-05 09:14:33
1657012473127401000,25.85,1,25.5,12,25.85,156,1,2022-07-05 09:14:33
1657012473128562000,25.85,1,25.5,12,25.85,155,1,2022-07-05 09:14:33
1657012473129440000,25.85,1,25.5,12,25.85,154,1,2022-07-05 09:14:33
1657012473130528000,25.85,1,25.5,12,25.85,153,1,2022-07-05 09:14:33
1657012473131945000,25.85,2,25.5,12,25.85,151,1,2022-07-05 09:14:33
1657012473132413000,25.85,1,25.5,12,25.85,150,1,2022-07-05 09:14:33
1657012473133507000,25.85,1,25.5,12,25.85,149,1,2022-07-05 09:14:33
1657012473402682000,25.75,1,25.55,2,25.75,4,1,2022-07-05 09:14:33
1657012473403976000,25.75,1,25.55,2,25.75,3,1,2022-07-05 09:14:33
1657012473404429000,25.75,1,25.55,2,25.75,2,1,2022-07-05 09:14:33
1657012473405511000,25.75,1,25.55,2,25.75,1,1,2022-07-05 09:14:33
1657012473406743000,25.75,1,25.55,2,25.8,2,1,2022-07-05 09:14:33
1657012473407600000,25.8,2,25.55,2,25.85,149,1,2022-07-05 09:14:33
1657012473408770000,25.85,1,25.55,2,25.85,148,1,2022-07-05 09:14:33
1657012473409945000,25.85,1,25.55,2,25.85,147,1,2022-07-05 09:14:33
1657012473410479000,25.85,1,25.55,2,25.85,146,1,2022-07-05 09:14:33
1657012473412038000,25.85,1,25.55,2,25.85,145,1,2022-07-05 09:14:33
1657012473547924000,25.85,1,25.55,2,25.85,144,1,2022-07-05 09:14:33
1657012473549148000,25.85,2,25.55,2,25.85,142,1,2022-07-05 09:14:33
1657012473549811000,25.85,1,25.55,2,25.85,141,1,2022-07-05 09:14:33
1657012473550879000,25.85,1,25.55,2,25.85,140,1,2022-07-05 09:14:33
1657012473551869000,25.85,1,25.55,2,25.85,139,1,2022-07-05 09:14:33
1657012473552878000,25.85,1,25.55,2,25.85,138,1,2022-07-05 09:14:33
1657012473553949000,25.85,1,25.55,2,25.85,137,1,2022-07-05 09:14:33
1657012473555010000,25.85,1,25.55,2,25.85,136,1,2022-07-05 09:14:33
1657012473556013000,25.85,1,25.55,2,25.85,135,1,2022-07-05 09:14:33
1657012473557036000,25.85,1,25.55,2,25.85,134,1,2022-07-05 09:14:33
1657012473699046000,25.8,1,25.55,2,25.8,1,1,2022-07-05 09:14:33
1657012473699744000,25.8,1,25.55,2,25.85,134,1,2022-07-05 09:14:33
1657012473700694000,25.85,1,25.55,2,25.85,133,1,2022-07-05 09:14:33
1657012473702161000,25.85,1,25.55,2,25.85,132,1,2022-07-05 09:14:33
1657012473702741000,25.85,1,25.55,2,25.85,131,1,2022-07-05 09:14:33
1657012473703901000,25.85,1,25.55,2,25.85,130,1,2022-07-05 09:14:33
1657012473704906000,25.85,1,25.55,2,25.85,129,1,2022-07-05 09:14:33
1657012473706078000,25.85,1,25.55,2,25.85,128,1,2022-07-05 09:14:33
1657012473707388000,25.85,1,25.55,2,25.8,2,1,2022-07-05 09:14:33
1657012473707848000,25.85,2,25.55,2,25.85,125,1,2022-07-05 09:14:33
1657012475694860000,25.8,2,25.55,2,25.85,125,2,2022-07-05 09:14:35
1657012476317663000,25.85,22,25.55,2,25.85,103,1,2022-07-05 09:14:36
1657012477808102000,25.85,1,25.55,2,25.85,102,1,2022-07-05 09:14:37
1657012479681066000,25.85,8,25.7,22,25.85,94,1,2022-07-05 09:14:39
1657012480054473000,25.85,94,25.7,58,25.9,3,1,2022-07-05 09:14:40
1657012480579206000,25.8,3,25.75,2,25.8,3,1,2022-07-05 09:14:40
1657012481717353000,25.8,5,25.7,1,25.8,5,1,2022-07-05 09:14:41
1657012482428843000,25.8,1,25.85,17,25.9,10,1,2022-07-05 09:14:42
1657012482428843000,25.85,2,25.85,17,25.9,10,1,2022-07-05 09:14:42
1657012483726141000,25.85,1,25.85,16,25.9,8,2,2022-07-05 09:14:43
1657012483975297000,25.85,2,25.85,14,25.9,8,2,2022-07-05 09:14:43
1657012483976602000,25.85,1,25.85,13,25.9,8,2,2022-07-05 09:14:43
1657012483977248000,25.85,1,25.85,12,25.9,8,2,2022-07-05 09:14:43
1657012483978470000,25.85,1,25.85,11,25.9,8,2,2022-07-05 09:14:43
1657012483979634000,25.85,1,25.85,10,25.9,8,2,2022-07-05 09:14:43
1657012483980350000,25.85,1,25.85,9,25.9,8,2,2022-07-05 09:14:43
1657012483981251000,25.85,1,25.85,8,25.9,8,2,2022-07-05 09:14:43
1657012483982304000,25.85,1,25.85,7,25.9,8,2,2022-07-05 09:14:43
1657012483983528000,25.85,1,25.85,6,25.9,8,2,2022-07-05 09:14:43
1657012483984625000,25.85,1,25.85,5,25.9,8,2,2022-07-05 09:14:43
1657012484220950000,25.85,1,25.85,4,25.9,10,2,2022-07-05 09:14:44
1657012484274724000,25.85,4,25.7,1,25.9,10,2,2022-07-05 09:14:44
1657012485417316000,25.85,1,25.7,1,25.85,6,1,2022-07-05 09:14:45
1657012486690290000,25.85,1,25.8,1,25.85,4,1,2022-07-05 09:14:46
1657012486884551000,25.85,3,25.8,1,25.9,6,1,2022-07-05 09:14:46
1657012486884551000,25.9,2,25.8,1,25.9,6,1,2022-07-05 09:14:46
1657012487225610000,25.85,1,25.7,1,25.9,6,2,2022-07-05 09:14:47
1657012487225610000,25.8,1,25.7,1,25.9,6,2,2022-07-05 09:14:47
1657012487989619000,25.8,1,25.7,1,25.9,6,1,2022-07-05 09:14:47
1657012488811877000,25.85,1,25.75,3,25.9,6,1,2022-07-05 09:14:48
1657012489916459000,25.85,10,25.8,2,25.85,13,1,2022-07-05 09:14:49
1657012489920195000,25.85,1,25.8,2,25.85,23,1,2022-07-05 09:14:49
1657012490216169000,25.85,1,25.8,2,25.85,11,1,2022-07-05 09:14:50
1657012491732030000,25.85,1,25.8,2,25.85,10,1,2022-07-05 09:14:51
1657012491755098000,25.8,1,25.8,1,25.85,10,2,2022-07-05 09:14:51
1657012492366084000,25.85,1,25.8,1,25.85,9,1,2022-07-05 09:14:52
1657012492718452000,25.8,1,25.75,3,25.85,9,2,2022-07-05 09:14:52
1657012493124822000,25.85,1,25.75,3,25.85,8,1,2022-07-05 09:14:53
1657012494153458000,25.8,1,25.75,3,25.8,1,1,2022-07-05 09:14:54
1657012494153458000,25.85,9,25.75,3,25.8,1,1,2022-07-05 09:14:54
1657012494345454000,25.85,1,25.75,3,25.85,20,1,2022-07-05 09:14:54
1657012494599901000,25.85,4,25.75,3,25.85,16,1,2022-07-05 09:14:54
1657012495123573000,25.8,1,25.75,3,25.85,7,1,2022-07-05 09:14:55
1657012495123573000,25.85,9,25.75,3,25.85,7,1,2022-07-05 09:14:55
1657012495836137000,25.85,1,25.75,3,25.85,6,1,2022-07-05 09:14:55
1657012498425523000,25.8,2,25.75,4,25.9,24,1,2022-07-05 09:14:58
1657012498425523000,25.85,8,25.75,4,25.9,24,1,2022-07-05 09:14:58
1657012498425523000,25.9,5,25.75,4,25.9,24,1,2022-07-05 09:14:58
1657012499788155000,25.85,1,25.8,2,25.85,9,2,2022-07-05 09:14:59
1657012500808307000,25.8,2,25.75,4,25.85,10,2,2022-07-05 09:15:00
1657012502561475000,25.85,10,25.8,1,25.85,25,1,2022-07-05 09:15:02
1657012504034824000,25.8,2,25.75,4,25.8,3,2,2022-07-05 09:15:04
1657012504359336000,25.8,3,25.75,4,25.8,3,1,2022-07-05 09:15:04
1657012504883836000,25.8,2,25.75,4,25.8,1,1,2022-07-05 09:15:04
1657012506311545000,25.8,1,25.75,5,25.85,26,1,2022-07-05 09:15:06
1657012506659475000,25.85,6,25.75,5,25.85,20,1,2022-07-05 09:15:06
1657012508241965000,25.8,1,25.75,10,25.85,20,1,2022-07-05 09:15:08
1657012509139815000,25.8,1,25.75,10,25.8,1,1,2022-07-05 09:15:09
1657012511022087000,25.75,1,25.75,9,25.8,1,2,2022-07-05 09:15:11
1657012511954695000,25.8,1,25.75,9,25.85,21,1,2022-07-05 09:15:11
1657012512358916000,25.8,2,25.75,9,25.85,19,1,2022-07-05 09:15:12
1657012512358916000,25.85,2,25.75,9,25.85,19,1,2022-07-05 09:15:12
1657012514407876000,25.8,1,25.75,9,25.85,20,2,2022-07-05 09:15:14
1657012516904656000,25.8,4,25.75,10,25.85,20,1,2022-07-05 09:15:16
1657012517277626000,25.8,1,25.75,10,25.8,1,2,2022-07-05 09:15:17
1657012517695052000,25.85,5,25.75,10,25.85,17,1,2022-07-05 09:15:17
1657012519436213000,25.8,1,25.8,15,25.85,15,2,2022-07-05 09:15:19
1657012522510951000,25.85,5,25.8,16,25.85,11,1,2022-07-05 09:15:22
1657012522520950000,25.8,1,25.8,15,25.85,11,2,2022-07-05 09:15:22
1657012523474658000,25.8,1,25.8,14,25.85,12,2,2022-07-05 09:15:23
1657012523799641000,25.8,1,25.8,13,25.85,12,2,2022-07-05 09:15:23
1657012524455777000,25.85,5,25.8,13,25.85,7,1,2022-07-05 09:15:24
1657012524715903000,25.85,3,25.8,13,25.85,4,1,2022-07-05 09:15:24
1657012524756789000,25.8,1,25.8,12,25.85,4,2,2022-07-05 09:15:24
1657012526449317000,25.8,1,25.8,11,25.85,4,2,2022-07-05 09:15:26
1657012526827912000,25.8,3,25.8,8,25.85,6,2,2022-07-05 09:15:26
1657012527106089000,25.8,1,25.8,7,25.85,6,2,2022-07-05 09:15:27
1657012527360815000,25.8,2,25.8,5,25.85,6,2,2022-07-05 09:15:27
1657012527556716000,25.85,1,25.8,5,25.85,5,1,2022-07-05 09:15:27
1657012529210739000,25.8,1,25.8,6,25.85,6,2,2022-07-05 09:15:29
1657012531880069000,25.8,2,25.8,4,25.85,17,2,2022-07-05 09:15:31
1657012532633171000,25.8,1,25.8,3,25.85,17,2,2022-07-05 09:15:32
1657012533244338000,25.85,3,25.8,3,25.85,14,1,2022-07-05 09:15:33
1657012533773053000,25.8,1,25.8,2,25.85,14,2,2022-07-05 09:15:33
1657012535146752000,25.8,1,25.8,1,25.85,14,2,2022-07-05 09:15:35
1657012535435947000,25.8,1,25.75,18,25.85,14,2,2022-07-05 09:15:35
1657012537190021000,25.8,2,25.75,18,25.85,14,1,2022-07-05 09:15:37
1657012538994207000,25.8,1,25.75,18,25.8,3,1,2022-07-05 09:15:38
1657012540433200000,25.8,2,25.75,18,25.8,2,1,2022-07-05 09:15:40
1657012540434289000,25.8,1,25.75,18,25.8,1,1,2022-07-05 09:15:40
1657012540435104000,25.8,1,25.75,18,25.85,12,1,2022-07-05 09:15:40
1657012540435104000,25.85,3,25.75,18,25.85,12,1,2022-07-05 09:15:40
1657012540436314000,25.85,2,25.75,18,25.85,10,1,2022-07-05 09:15:40
1657012540437175000,25.85,3,25.75,18,25.85,7,1,2022-07-05 09:15:40
1657012540438479000,25.85,3,25.75,18,25.85,4,1,2022-07-05 09:15:40
1657012540438975000,25.85,1,25.75,18,25.85,3,1,2022-07-05 09:15:40
1657012540440229000,25.85,2,25.75,18,25.85,1,1,2022-07-05 09:15:40
1657012540441056000,25.85,1,25.75,18,25.9,24,1,2022-07-05 09:15:40
1657012540442072000,25.9,3,25.75,18,25.9,21,1,2022-07-05 09:15:40
1657012540587934000,25.9,6,25.75,18,25.9,15,1,2022-07-05 09:15:40
1657012540589073000,25.9,1,25.75,18,25.9,14,1,2022-07-05 09:15:40
1657012540590207000,25.9,3,25.75,18,25.9,11,1,2022-07-05 09:15:40
1657012540590999000,25.9,2,25.75,18,25.9,9,1,2022-07-05 09:15:40
1657012540592225000,25.9,3,25.75,18,25.9,6,1,2022-07-05 09:15:40
1657012540592917000,25.9,2,25.75,18,25.9,4,1,2022-07-05 09:15:40
1657012540594069000,25.9,1,25.75,18,25.9,3,1,2022-07-05 09:15:40
1657012540595208000,25.9,1,25.75,18,25.9,2,1,2022-07-05 09:15:40
1657012540596391000,25.9,2,25.75,18,25.95,137,1,2022-07-05 09:15:40
1657012540597222000,25.95,1,25.75,18,25.95,136,1,2022-07-05 09:15:40
1657012540743466000,25.85,2,25.75,18,25.95,134,1,2022-07-05 09:15:40
1657012540743466000,25.95,2,25.75,18,25.95,134,1,2022-07-05 09:15:40
1657012540744714000,25.95,3,25.75,18,25.95,131,1,2022-07-05 09:15:40
1657012540745934000,25.95,4,25.75,18,25.95,127,1,2022-07-05 09:15:40
1657012540746386000,25.95,1,25.75,18,25.95,126,1,2022-07-05 09:15:40
1657012540747506000,25.95,1,25.75,18,25.95,125,1,2022-07-05 09:15:40
1657012540748514000,25.95,3,25.75,18,25.95,122,1,2022-07-05 09:15:40
1657012540749736000,25.95,1,25.75,18,25.95,121,1,2022-07-05 09:15:40
1657012540750866000,25.95,1,25.75,18,25.95,120,1,2022-07-05 09:15:40
1657012540751962000,25.95,3,25.75,18,25.95,117,1,2022-07-05 09:15:40
1657012540753171000,25.95,1,25.75,18,25.95,116,1,2022-07-05 09:15:40
1657012540928979000,25.95,4,25.75,18,25.95,112,1,2022-07-05 09:15:40
1657012540930152000,25.95,3,25.75,18,25.95,109,1,2022-07-05 09:15:40
1657012540931366000,25.95,3,25.75,18,25.95,106,1,2022-07-05 09:15:40
1657012540931960000,25.95,2,25.75,18,25.95,104,1,2022-07-05 09:15:40
1657012540933271000,25.95,1,25.75,18,25.95,103,1,2022-07-05 09:15:40
1657012540934275000,25.95,2,25.75,18,25.95,101,1,2022-07-05 09:15:40
1657012540935440000,25.95,1,25.75,18,25.95,100,1,2022-07-05 09:15:40
1657012540936359000,25.95,2,25.75,18,25.95,98,1,2022-07-05 09:15:40
1657012540937195000,25.95,3,25.75,18,25.95,95,1,2022-07-05 09:15:40
1657012540938360000,25.95,1,25.75,18,25.95,94,1,2022-07-05 09:15:40
1657012541684838000,25.8,1,25.75,18,25.95,94,2,2022-07-05 09:15:41
1657012542171839000,25.95,2,25.75,18,25.95,92,1,2022-07-05 09:15:42
1657012542172995000,25.95,1,25.75,18,25.95,91,1,2022-07-05 09:15:42
1657012542174077000,25.95,3,25.75,18,25.95,88,1,2022-07-05 09:15:42
1657012542175026000,25.95,2,25.75,18,25.95,86,1,2022-07-05 09:15:42
1657012542176053000,25.95,2,25.75,18,25.95,84,1,2022-07-05 09:15:42
1657012542177153000,25.95,1,25.75,18,25.95,83,1,2022-07-05 09:15:42
1657012542178147000,25.95,1,25.75,18,25.95,82,1,2022-07-05 09:15:42
1657012542179011000,25.95,3,25.75,18,25.95,79,1,2022-07-05 09:15:42
1657012542180088000,25.95,4,25.75,18,25.95,75,1,2022-07-05 09:15:42
1657012542181256000,25.95,3,25.75,18,25.95,72,1,2022-07-05 09:15:42
1657012545246224000,25.95,4,25.8,2,25.95,68,1,2022-07-05 09:15:45
1657012545563761000,25.95,68,25.75,20,26.1,2,1,2022-07-05 09:15:45
1657012545563761000,26.0,18,25.75,20,26.1,2,1,2022-07-05 09:15:45
1657012546157030000,25.95,1,25.95,10,26.1,3,2,2022-07-05 09:15:46
1657012547525087000,25.95,3,25.95,8,26.1,2,2,2022-07-05 09:15:47
1657012547895019000,25.95,1,25.95,7,26.0,1,2,2022-07-05 09:15:47
1657012549118791000,26.0,1,25.95,10,26.0,1,1,2022-07-05 09:15:49
1657012550146996000,25.95,3,25.95,7,26.05,23,2,2022-07-05 09:15:50
1657012552848732000,26.0,4,25.95,7,26.0,13,2,2022-07-05 09:15:52
1657012554566052000,26.0,5,25.95,8,26.0,10,1,2022-07-05 09:15:54
1657012554866447000,25.95,1,25.95,7,26.0,10,2,2022-07-05 09:15:54
1657012554892385000,26.0,1,25.95,7,26.0,9,1,2022-07-05 09:15:54
1657012555025652000,25.95,1,25.95,6,26.0,9,2,2022-07-05 09:15:55
1657012555026690000,25.95,2,25.95,4,26.0,9,2,2022-07-05 09:15:55
1657012555027561000,25.95,2,25.95,2,26.0,9,2,2022-07-05 09:15:55
1657012555028517000,25.95,2,25.85,22,25.95,1,2,2022-07-05 09:15:55
1657012555760565000,25.9,1,25.85,23,25.95,13,1,2022-07-05 09:15:55
1657012555760565000,25.95,2,25.85,23,25.95,13,1,2022-07-05 09:15:55
1657012556146999000,25.95,5,25.85,23,25.95,8,1,2022-07-05 09:15:56
1657012556419553000,25.95,5,25.85,23,25.95,3,1,2022-07-05 09:15:56
1657012558536704000,25.95,3,25.95,9,26.0,32,1,2022-07-05 09:15:58
1657012559914055000,25.95,1,25.95,8,26.0,33,2,2022-07-05 09:15:59
1657012561251228000,25.95,1,25.95,7,26.0,33,2,2022-07-05 09:16:01
1657012561428810000,25.95,7,25.85,10,26.0,33,2,2022-07-05 09:16:01
1657012561428810000,25.85,1,25.85,10,26.0,33,2,2022-07-05 09:16:01
1657012561771614000,25.85,1,25.85,9,26.0,33,2,2022-07-05 09:16:01
1657012562803481000,25.95,2,25.85,9,25.95,8,2,2022-07-05 09:16:02
1657012564706436000,25.9,5,25.85,9,25.9,5,1,2022-07-05 09:16:04
1657012565341084000,25.9,5,25.85,10,25.95,16,1,2022-07-05 09:16:05
1657012566904555000,25.95,1,25.85,25,25.95,16,1,2022-07-05 09:16:06
1657012569360303000,25.9,1,25.9,3,25.95,17,2,2022-07-05 09:16:09
1657012570240516000,25.95,1,25.9,4,25.95,16,1,2022-07-05 09:16:10
1657012572903303000,25.95,5,25.9,6,25.95,22,1,2022-07-05 09:16:12
1657012573087347000,25.9,6,25.9,6,25.95,27,2,2022-07-05 09:16:13
1657012577036586000,25.9,1,25.85,46,25.9,10,1,2022-07-05 09:16:17
1657012577217563000,25.9,10,25.85,46,25.95,32,1,2022-07-05 09:16:17
1657012577869389000,25.85,1,25.85,46,25.95,32,2,2022-07-05 09:16:17
1657012577869823000,25.85,1,25.85,45,25.95,32,2,2022-07-05 09:16:17
1657012577870969000,25.85,8,25.85,37,25.95,32,2,2022-07-05 09:16:17
1657012577872242000,25.85,7,25.85,30,25.95,32,2,2022-07-05 09:16:17
1657012577873415000,25.85,8,25.85,22,25.95,32,2,2022-07-05 09:16:17
1657012577874574000,25.85,9,25.85,13,25.95,32,2,2022-07-05 09:16:17
1657012577875377000,25.85,4,25.85,9,25.95,32,2,2022-07-05 09:16:17
1657012577876097000,25.85,2,25.85,7,25.95,32,2,2022-07-05 09:16:17
1657012577877888000,25.85,4,25.85,3,25.95,32,2,2022-07-05 09:16:17
1657012577878095000,25.85,3,25.8,20,25.85,3,2,2022-07-05 09:16:17
1657012578294415000,25.85,1,25.8,20,25.85,2,1,2022-07-05 09:16:18
1657012578427829000,25.85,2,25.8,20,25.95,32,1,2022-07-05 09:16:18
1657012579788055000,25.9,1,25.9,4,25.95,32,2,2022-07-05 09:16:19
1657012580572693000,25.9,2,25.9,2,25.95,32,2,2022-07-05 09:16:20
1657012580790809000,25.9,2,25.8,20,25.95,33,2,2022-07-05 09:16:20
1657012583968429000,25.95,5,25.85,2,25.95,28,1,2022-07-05 09:16:23
1657012585441831000,25.9,2,25.9,19,25.95,28,2,2022-07-05 09:16:25
1657012585587457000,25.9,1,25.9,18,25.95,28,2,2022-07-05 09:16:25
1657012585902466000,25.95,15,25.9,18,25.95,13,1,2022-07-05 09:16:25
1657012588716514000,25.9,10,25.9,10,25.95,13,2,2022-07-05 09:16:28
1657012589505192000,25.95,10,25.9,10,25.95,3,1,2022-07-05 09:16:29
1657012592322426000,25.9,1,25.9,11,25.95,16,2,2022-07-05 09:16:32
1657012592734120000,25.9,1,25.9,10,25.95,16,2,2022-07-05 09:16:32
1657012594967940000,25.95,16,25.9,10,26.1,3,1,2022-07-05 09:16:34
1657012594967940000,26.0,35,25.9,10,26.1,3,1,2022-07-05 09:16:34
1657012594967940000,26.05,26,25.9,10,26.1,3,1,2022-07-05 09:16:34
1657012594967940000,26.1,23,25.9,10,26.1,3,1,2022-07-05 09:16:34
1657012595142343000,25.9,10,25.85,26,26.1,3,2,2022-07-05 09:16:35
1657012599031906000,26.1,3,26.0,5,26.15,22,1,2022-07-05 09:16:39
1657012603141625000,26.0,2,26.0,9,26.1,1,2,2022-07-05 09:16:43
1657012605024523000,26.05,1,26.05,42,26.1,1,2,2022-07-05 09:16:45
1657012606684170000,26.1,1,26.05,39,26.15,18,1,2022-07-05 09:16:46
1657012606684170000,26.15,4,26.05,39,26.15,18,1,2022-07-05 09:16:46
1657012609443544000,26.05,2,26.05,38,26.1,1,2,2022-07-05 09:16:49
1657012610140976000,26.1,1,26.05,38,26.15,19,1,2022-07-05 09:16:50
1657012610597252000,26.05,12,26.05,26,26.1,1,2,2022-07-05 09:16:50
1657012610598442000,26.05,1,26.05,25,26.1,1,2,2022-07-05 09:16:50
1657012610598966000,26.05,18,26.05,7,26.1,1,2,2022-07-05 09:16:50
1657012610599971000,26.05,7,26.0,16,26.05,7,2,2022-07-05 09:16:50
1657012611006329000,26.05,1,26.0,16,26.05,71,1,2022-07-05 09:16:51
1657012612157188000,26.05,1,26.0,16,26.05,70,1,2022-07-05 09:16:52
1657012612463120000,26.05,1,26.0,18,26.05,69,1,2022-07-05 09:16:52
1657012613720031000,26.05,1,26.0,18,26.05,68,1,2022-07-05 09:16:53
1657012614330612000,26.05,1,26.0,18,26.05,67,1,2022-07-05 09:16:54
1657012615571071000,26.05,1,26.0,18,26.05,66,1,2022-07-05 09:16:55
1657012615966715000,26.05,1,26.0,18,26.05,65,1,2022-07-05 09:16:55
1657012616051643000,26.05,1,26.0,18,26.05,64,1,2022-07-05 09:16:56
1657012616272808000,26.05,1,26.0,18,26.05,63,1,2022-07-05 09:16:56
1657012616452354000,26.0,1,26.0,17,26.05,63,2,2022-07-05 09:16:56
1657012618665800000,26.05,10,26.0,29,26.05,54,1,2022-07-05 09:16:58
1657012618822347000,26.05,54,26.0,34,26.3,16,1,2022-07-05 09:16:58
1657012618822347000,26.1,3,26.0,34,26.3,16,1,2022-07-05 09:16:58
1657012618822347000,26.15,22,26.0,34,26.3,16,1,2022-07-05 09:16:58
1657012618822347000,26.2,12,26.0,34,26.3,16,1,2022-07-05 09:16:58
1657012618822347000,26.3,9,26.0,34,26.3,16,1,2022-07-05 09:16:58
1657012620422894000,26.05,3,26.0,32,26.3,16,2,2022-07-05 09:17:00
1657012620422894000,26.0,2,26.0,32,26.3,16,2,2022-07-05 09:17:00
1657012621545849000,26.3,1,26.0,32,26.3,15,1,2022-07-05 09:17:01
1657012625992379000,26.3,2,26.1,3,26.3,13,1,2022-07-05 09:17:05
1657012625992935000,26.3,1,26.1,3,26.3,12,1,2022-07-05 09:17:05
1657012625993976000,26.3,2,26.1,3,26.3,10,1,2022-07-05 09:17:05
1657012625995802000,26.3,5,26.1,3,26.3,5,1,2022-07-05 09:17:05
1657012625996516000,26.3,3,26.1,3,26.3,2,1,2022-07-05 09:17:05
1657012625997233000,26.3,2,26.1,3,26.35,109,1,2022-07-05 09:17:05
1657012625997233000,26.35,1,26.1,3,26.35,109,1,2022-07-05 09:17:05
1657012625998971000,26.35,1,26.1,3,26.35,108,1,2022-07-05 09:17:05
1657012625999329000,26.35,1,26.1,3,26.35,107,1,2022-07-05 09:17:05
1657012626000228000,26.35,3,26.1,3,26.35,104,1,2022-07-05 09:17:06
1657012626001332000,26.35,1,26.1,3,26.35,103,1,2022-07-05 09:17:06
1657012626836185000,26.35,2,26.3,1,26.35,101,1,2022-07-05 09:17:06
1657012627239632000,26.35,2,26.3,1,26.35,99,1,2022-07-05 09:17:07
1657012627267983000,26.35,3,26.3,1,26.35,96,1,2022-07-05 09:17:07
1657012627269279000,26.35,3,26.3,1,26.35,93,1,2022-07-05 09:17:07
1657012627269745000,26.35,1,26.3,1,26.35,92,1,2022-07-05 09:17:07
1657012627271060000,26.35,1,26.3,1,26.35,91,1,2022-07-05 09:17:07
1657012627271705000,26.35,2,26.3,1,26.35,89,1,2022-07-05 09:17:07
1657012627273175000,26.35,2,26.3,1,26.35,87,1,2022-07-05 09:17:07
1657012627273924000,26.35,2,26.3,1,26.35,85,1,2022-07-05 09:17:07
1657012627275150000,26.35,3,26.3,1,26.35,82,1,2022-07-05 09:17:07
1657012627276281000,26.35,3,26.3,1,26.35,79,1,2022-07-05 09:17:07
1657012627276867000,26.35,2,26.3,1,26.35,77,1,2022-07-05 09:17:07
1657012631205749000,26.3,2,26.1,5,26.25,198,2,2022-07-05 09:17:11
1657012632577052000,26.25,1,26.1,5,26.25,198,1,2022-07-05 09:17:12
1657012633297928000,26.1,1,26.1,4,26.25,197,2,2022-07-05 09:17:13
1657012635495274000,26.25,5,26.1,6,26.25,192,1,2022-07-05 09:17:15
1657012639187146000,26.1,1,26.1,16,26.2,32,2,2022-07-05 09:17:19
1657012639291612000,26.2,3,26.1,16,26.2,29,1,2022-07-05 09:17:19
1657012640758439000,26.2,1,26.1,29,26.2,28,1,2022-07-05 09:17:20
1657012641104466000,26.1,10,26.1,31,26.2,28,2,2022-07-05 09:17:21
1657012641480412000,26.15,5,26.1,22,26.2,29,2,2022-07-05 09:17:21
1657012642028183000,26.15,1,26.1,22,26.15,3,1,2022-07-05 09:17:22
1657012644596332000,26.15,1,26.1,22,26.2,34,1,2022-07-05 09:17:24
1657012644853614000,26.1,2,26.1,20,26.2,34,2,2022-07-05 09:17:24
1657012644854740000,26.1,1,26.1,19,26.2,34,2,2022-07-05 09:17:24
1657012644855424000,26.1,1,26.1,18,26.2,34,2,2022-07-05 09:17:24
1657012644856457000,26.1,2,26.1,16,26.2,34,2,2022-07-05 09:17:24
1657012644857580000,26.1,6,26.1,10,26.2,34,2,2022-07-05 09:17:24
1657012644858816000,26.1,3,26.1,7,26.2,34,2,2022-07-05 09:17:24
1657012644860110000,26.1,2,26.1,5,26.2,34,2,2022-07-05 09:17:24
1657012644860519000,26.1,1,26.1,4,26.2,34,2,2022-07-05 09:17:24
1657012644861608000,26.1,3,26.1,1,26.2,34,2,2022-07-05 09:17:24
1657012644862627000,26.1,1,26.05,5,26.2,34,2,2022-07-05 09:17:24
1657012647673875000,26.15,1,26.05,5,26.15,5,1,2022-07-05 09:17:27
1657012648672089000,26.05,5,26.0,11,26.15,8,2,2022-07-05 09:17:28
1657012648672089000,26.0,45,26.0,11,26.15,8,2,2022-07-05 09:17:28
1657012649048939000,26.15,1,26.0,12,26.15,7,1,2022-07-05 09:17:29
1657012649275495000,26.15,7,26.15,3,26.2,34,1,2022-07-05 09:17:29
1657012649456089000,26.15,1,26.15,2,26.2,34,2,2022-07-05 09:17:29
1657012649525008000,26.15,2,26.0,12,26.2,34,2,2022-07-05 09:17:29
1657012650101890000,26.15,1,26.0,8,26.15,4,1,2022-07-05 09:17:30
1657012650102368000,26.15,1,26.0,8,26.15,5,1,2022-07-05 09:17:30
1657012651299385000,26.0,6,26.0,2,26.15,5,2,2022-07-05 09:17:31
1657012651348952000,26.0,1,26.0,1,26.15,5,2,2022-07-05 09:17:31
1657012651349189000,26.0,1,25.95,6,26.0,1,2,2022-07-05 09:17:31
1657012652317690000,26.0,2,25.95,6,26.0,18,1,2022-07-05 09:17:32
1657012652677442000,26.0,2,25.95,6,26.0,16,1,2022-07-05 09:17:32
1657012655931680000,26.0,1,25.95,6,26.0,15,1,2022-07-05 09:17:35
1657012656460679000,26.0,5,25.95,6,26.0,10,1,2022-07-05 09:17:36
1657012657332490000,26.0,1,25.95,6,26.0,9,1,2022-07-05 09:17:37
1657012659850416000,26.0,11,26.0,9,26.1,4,1,2022-07-05 09:17:39
1657012662621328000,26.0,2,26.0,8,26.05,2,2,2022-07-05 09:17:42
1657012663055638000,26.0,8,25.95,9,26.0,2,2,2022-07-05 09:17:43
1657012665431587000,26.0,2,26.0,3,26.05,3,1,2022-07-05 09:17:45
1657012667591389000,26.0,2,26.0,1,26.05,7,2,2022-07-05 09:17:47
1657012668013492000,26.05,4,26.0,1,26.05,3,1,2022-07-05 09:17:48
1657012669621474000,26.0,1,25.95,9,26.05,3,2,2022-07-05 09:17:49
1657012671546481000,26.05,1,25.95,9,26.05,4,1,2022-07-05 09:17:51
1657012678899178000,26.0,1,26.0,9,26.05,10,2,2022-07-05 09:17:58
1657012685055757000,26.0,5,26.0,9,26.05,19,2,2022-07-05 09:18:05
1657012687691783000,26.05,1,26.0,10,26.05,19,1,2022-07-05 09:18:07
1657012692147916000,26.0,5,26.0,6,26.05,24,2,2022-07-05 09:18:12
1657012692397717000,26.0,6,25.95,13,26.05,24,2,2022-07-05 09:18:12
1657012695093309000,26.05,5,25.95,13,26.05,19,1,2022-07-05 09:18:15
1657012699224676000,26.0,4,25.95,13,26.0,46,2,2022-07-05 09:18:19
1657012699960368000,26.0,1,25.95,13,26.0,45,1,2022-07-05 09:18:19
1657012700257749000,26.0,5,25.95,13,26.0,40,1,2022-07-05 09:18:20
1657012704795571000,25.95,3,25.95,10,26.0,47,2,2022-07-05 09:18:24
1657012705011021000,26.0,1,25.95,10,26.0,46,1,2022-07-05 09:18:25
1657012708619908000,25.95,2,25.95,8,26.0,46,2,2022-07-05 09:18:28
1657012708621210000,25.95,1,25.95,7,26.0,46,2,2022-07-05 09:18:28
1657012708621917000,25.95,3,25.95,4,26.0,46,2,2022-07-05 09:18:28
1657012708623154000,25.95,3,25.95,1,26.0,46,2,2022-07-05 09:18:28
1657012708623903000,25.95,1,25.9,9,26.0,46,2,2022-07-05 09:18:28
1657012715188433000,25.9,3,25.9,7,25.95,14,2,2022-07-05 09:18:35
1657012717833799000,25.9,2,25.9,5,25.95,14,2,2022-07-05 09:18:37
1657012717930845000,25.9,1,25.9,4,25.95,14,2,2022-07-05 09:18:37
1657012718425961000,25.9,4,25.85,5,25.95,14,2,2022-07-05 09:18:38
1657012718425961000,25.85,1,25.85,5,25.95,14,2,2022-07-05 09:18:38
1657012722182908000,25.85,2,25.85,3,25.9,2,2,2022-07-05 09:18:42
1657012722221047000,25.85,1,25.85,2,25.9,2,2,2022-07-05 09:18:42
1657012722221211000,25.85,2,25.8,22,25.85,1,2,2022-07-05 09:18:42
1657012723059104000,25.8,5,25.8,16,25.85,19,2,2022-07-05 09:18:43
1657012723084106000,25.8,2,25.8,14,25.85,19,2,2022-07-05 09:18:43
1657012723084282000,25.8,1,25.8,13,25.85,19,2,2022-07-05 09:18:43
1657012723084381000,25.8,3,25.8,10,25.85,19,2,2022-07-05 09:18:43
1657012723084461000,25.8,2,25.8,8,25.85,19,2,2022-07-05 09:18:43
1657012723084579000,25.8,1,25.8,7,25.85,19,2,2022-07-05 09:18:43
1657012723084689000,25.8,2,25.8,5,25.85,19,2,2022-07-05 09:18:43
1657012723084750000,25.8,3,25.8,2,25.85,19,2,2022-07-05 09:18:43
1657012723084845000,25.8,1,25.8,1,25.85,19,2,2022-07-05 09:18:43
1657012723084928000,25.8,1,25.75,8,25.8,2,2,2022-07-05 09:18:43
1657012731452448000,25.75,1,25.75,7,25.8,2,2,2022-07-05 09:18:51
1657012735202362000,25.75,2,25.75,5,25.8,6,2,2022-07-05 09:18:55
1657012735460795000,25.75,1,25.75,4,25.8,8,2,2022-07-05 09:18:55
1657012735730146000,25.75,2,25.75,4,25.8,9,2,2022-07-05 09:18:55
1657012736994238000,25.75,1,25.75,2,25.8,9,2,2022-07-05 09:18:56
1657012738189954000,25.75,1,25.75,1,25.8,9,2,2022-07-05 09:18:58
1657012738758868000,25.75,1,25.75,1,25.8,9,2,2022-07-05 09:18:58
1657012739224598000,25.75,1,25.7,13,25.8,9,2,2022-07-05 09:18:59
1657012741198408000,25.75,1,25.75,6,25.8,9,1,2022-07-05 09:19:01
1657012741242571000,25.75,1,25.75,5,25.8,9,2,2022-07-05 09:19:01
1657012742359888000,25.75,4,25.75,1,25.8,11,2,2022-07-05 09:19:02
1657012746102440000,25.75,1,25.7,13,25.75,2,2,2022-07-05 09:19:06
1657012750654893000,25.7,1,25.7,15,25.75,3,2,2022-07-05 09:19:10
1657012751076254000,25.7,2,25.7,13,25.75,3,2,2022-07-05 09:19:11
1657012758455303000,25.7,4,25.7,9,25.75,6,2,2022-07-05 09:19:18
1657012764348500000,25.7,1,25.7,8,25.75,6,2,2022-07-05 09:19:24
1657012766832637000,25.7,1,25.7,7,25.75,6,2,2022-07-05 09:19:26
1657012769112702000,25.7,7,25.6,2,25.75,6,2,2022-07-05 09:19:29
1657012769112702000,25.65,1,25.6,2,25.75,6,2,2022-07-05 09:19:29
1657012769112702000,25.6,2,25.6,2,25.75,6,2,2022-07-05 09:19:29
1657012771182397000,25.7,3,25.6,2,25.75,4,1,2022-07-05 09:19:31
1657012771182397000,25.75,2,25.6,2,25.75,4,1,2022-07-05 09:19:31
1657012779593779000,25.65,1,25.6,2,25.65,2,1,2022-07-05 09:19:39
1657012780813559000,25.6,2,25.55,4,25.65,2,2,2022-07-05 09:19:40
1657012780813559000,25.55,6,25.55,4,25.65,2,2,2022-07-05 09:19:40
1657012785288983000,25.6,2,25.55,3,25.65,2,2,2022-07-05 09:19:45
1657012785288983000,25.55,1,25.55,3,25.65,2,2,2022-07-05 09:19:45
1657012790551328000,25.55,3,25.45,2,25.5,16,2,2022-07-05 09:19:50
1657012790551328000,25.5,20,25.45,2,25.5,16,2,2022-07-05 09:19:50
1657012800893627000,25.45,1,25.45,6,25.5,16,2,2022-07-05 09:20:00
1657012806005451000,25.45,1,25.45,5,25.5,18,2,2022-07-05 09:20:06
1657012809467671000,25.45,1,25.45,5,25.5,18,2,2022-07-05 09:20:09
1657012811735646000,25.45,1,25.45,5,25.5,18,2,2022-07-05 09:20:11
1657012812477726000,25.45,5,25.4,6,25.45,5,2,2022-07-05 09:20:12
1657012817385815000,25.4,1,25.4,5,25.45,11,2,2022-07-05 09:20:17
1657012817869105000,25.4,1,25.4,4,25.45,11,2,2022-07-05 09:20:17
1657012828345002000,25.4,1,25.4,4,25.45,11,2,2022-07-05 09:20:28
1657012829333914000,25.4,1,25.4,3,25.45,11,2,2022-07-05 09:20:29
1657012831365399000,25.4,2,25.4,1,25.45,11,2,2022-07-05 09:20:31
1657012833899009000,25.4,1,25.35,1,25.4,1,2,2022-07-05 09:20:33
1657012845491331000,25.4,1,25.35,1,25.4,1,1,2022-07-05 09:20:45
1657012862902416000,25.4,1,25.35,1,25.45,8,1,2022-07-05 09:21:02
1657012862902416000,25.45,4,25.35,1,25.45,8,1,2022-07-05 09:21:02
1657012864891451000,25.35,1,25.3,14,25.45,8,2,2022-07-05 09:21:04
1657012868929757000,25.35,1,25.3,14,25.4,1,2,2022-07-05 09:21:08
1657012873460061000,25.35,1,25.25,11,25.3,1,2,2022-07-05 09:21:13
1657012873460061000,25.3,14,25.25,11,25.3,1,2,2022-07-05 09:21:13
1657012878140295000,25.25,1,25.25,10,25.4,1,2,2022-07-05 09:21:18
1657012887481091000,25.25,2,25.25,9,25.4,2,2,2022-07-05 09:21:27
1657012887590531000,25.25,1,25.25,8,25.4,2,2,2022-07-05 09:21:27
1657012889687961000,25.25,2,25.25,6,25.4,4,2,2022-07-05 09:21:29
1657012901090180000,25.3,1,25.25,8,25.4,6,2,2022-07-05 09:21:41
1657012910320077000,25.4,2,25.25,8,25.4,3,1,2022-07-05 09:21:50
1657012913774532000,25.25,9,25.2,3,25.35,1,2,2022-07-05 09:21:53
1657012913774532000,25.2,1,25.2,3,25.35,1,2,2022-07-05 09:21:53
1657012941366671000,25.25,1,25.25,3,25.3,2,2,2022-07-05 09:22:21
1657012943202431000,25.25,3,25.2,8,25.25,12,2,2022-07-05 09:22:23
1657012944992363000,25.25,4,25.2,8,25.25,8,1,2022-07-05 09:22:24
1657012951231907000,25.25,2,25.2,9,25.25,6,1,2022-07-05 09:22:31
1657012955138905000,25.25,1,25.2,9,25.25,5,1,2022-07-05 09:22:35
1657012956969554000,25.25,3,25.2,9,25.25,2,1,2022-07-05 09:22:36
1657012959021057000,25.25,1,25.2,11,25.25,1,1,2022-07-05 09:22:39
1657012959137190000,25.25,1,25.25,1,25.3,2,1,2022-07-05 09:22:39
1657012961738245000,25.25,1,25.25,2,25.3,2,2,2022-07-05 09:22:41
1657012962973186000,25.3,2,25.25,2,25.35,3,1,2022-07-05 09:22:42
1657012974464122000,25.3,2,25.3,1,25.35,3,2,2022-07-05 09:22:54
1657012977761191000,25.3,6,25.25,5,25.35,3,2,2022-07-05 09:22:57
1657012986161275000,25.25,1,25.25,6,25.35,3,2,2022-07-05 09:23:06
1657012988131913000,25.3,2,25.3,2,25.35,3,2,2022-07-05 09:23:08
1657012997680498000,25.35,1,25.3,12,25.35,2,1,2022-07-05 09:23:17
1657012997861529000,25.35,1,25.3,12,25.35,1,1,2022-07-05 09:23:17
1657012998213704000,25.3,1,25.3,11,25.35,1,2,2022-07-05 09:23:18
1657012998484178000,25.3,2,25.3,9,25.35,1,2,2022-07-05 09:23:18
1657012998979825000,25.3,2,25.3,7,25.35,1,2,2022-07-05 09:23:18
1657013001339760000,25.35,1,25.3,7,25.4,5,1,2022-07-05 09:23:21
1657013003909913000,25.4,1,25.3,7,25.4,4,1,2022-07-05 09:23:23
1657013010782536000,25.4,4,25.4,46,25.45,4,1,2022-07-05 09:23:30
1657013010968532000,25.4,1,25.4,45,25.45,4,2,2022-07-05 09:23:30
1657013013838012000,25.4,5,25.4,41,25.45,4,2,2022-07-05 09:23:33
1657013016036590000,25.4,2,25.4,39,25.45,7,2,2022-07-05 09:23:36
1657013016289682000,25.45,3,25.4,39,25.45,4,1,2022-07-05 09:23:36
1657013017328336000,25.45,3,25.4,39,25.5,16,1,2022-07-05 09:23:37
1657013021493657000,25.5,16,25.5,34,25.55,2,1,2022-07-05 09:23:41
1657013022564492000,25.5,15,25.5,20,25.55,2,2,2022-07-05 09:23:42
1657013028271820000,25.55,1,25.5,28,25.55,2,1,2022-07-05 09:23:48
1657013029266995000,25.55,1,25.55,4,25.6,2,1,2022-07-05 09:23:49
1657013031034825000,25.6,2,25.6,2,25.65,1,1,2022-07-05 09:23:51
1657013031254732000,25.6,1,25.6,1,25.65,1,2,2022-07-05 09:23:51
1657013033576633000,25.6,1,25.55,5,25.65,1,2,2022-07-05 09:23:53
1657013040977213000,25.6,2,25.6,1,25.65,4,2,2022-07-05 09:24:00
1657013045935942000,25.65,3,25.6,4,25.65,1,1,2022-07-05 09:24:05
1657013053727825000,25.7,1,25.6,15,25.7,2,1,2022-07-05 09:24:13
1657013055093656000,25.7,2,25.7,2,25.75,1,1,2022-07-05 09:24:15
1657013061556609000,25.7,1,25.7,1,25.75,2,2,2022-07-05 09:24:21
1657013068225144000,25.75,1,25.7,4,25.75,1,1,2022-07-05 09:24:28
1657013071425540000,25.75,1,25.7,8,25.8,2,1,2022-07-05 09:24:31
1657013076530505000,25.75,1,25.75,3,25.8,2,2,2022-07-05 09:24:36
1657013079627359000,25.8,1,25.75,3,25.8,1,1,2022-07-05 09:24:39
1657013082440223000,25.8,1,25.75,4,25.8,1,1,2022-07-05 09:24:42
1657013083977893000,25.75,2,25.75,2,25.8,1,2,2022-07-05 09:24:43
1657013084692603000,25.8,1,25.75,2,25.85,133,1,2022-07-05 09:24:44
1657013091500086000,25.85,100,25.8,7,25.85,33,1,2022-07-05 09:24:51
1657013091639223000,25.8,4,25.8,3,25.85,34,2,2022-07-05 09:24:51
1657013092818212000,25.85,1,25.8,8,25.85,33,1,2022-07-05 09:24:52
1657013093619133000,25.85,1,25.8,8,25.85,32,1,2022-07-05 09:24:53
1657013094408040000,25.85,20,25.8,8,25.85,12,1,2022-07-05 09:24:54
1657013094530328000,25.8,1,25.8,7,25.85,12,2,2022-07-05 09:24:54
1657013096104674000,25.85,1,25.8,8,25.85,11,1,2022-07-05 09:24:56
1657013096876769000,25.8,1,25.8,8,25.85,11,2,2022-07-05 09:24:56
1657013101538624000,25.85,1,25.8,23,25.85,9,1,2022-07-05 09:25:01
1657013101611576000,25.85,1,25.8,23,25.85,8,1,2022-07-05 09:25:01
1657013102693198000,25.85,5,25.8,24,25.85,3,1,2022-07-05 09:25:02
1657013105462842000,25.85,1,25.8,29,25.85,5,1,2022-07-05 09:25:05
1657013106435484000,25.85,4,25.85,1,25.95,17,1,2022-07-05 09:25:06
1657013112620430000,25.9,1,25.85,23,25.9,1,1,2022-07-05 09:25:12
1657013113273325000,25.9,1,25.85,23,25.9,1,1,2022-07-05 09:25:13
1657013115553627000,25.9,1,25.85,23,25.9,1,1,2022-07-05 09:25:15
1657013117186578000,25.9,2,25.9,2,25.95,17,1,2022-07-05 09:25:17
1657013120835247000,25.9,1,25.9,13,25.95,17,2,2022-07-05 09:25:20
1657013122710825000,25.95,1,25.9,14,25.95,16,1,2022-07-05 09:25:22
1657013125461401000,25.95,1,25.9,15,25.95,40,1,2022-07-05 09:25:25
1657013126100588000,25.9,1,25.9,14,25.95,40,2,2022-07-05 09:25:26
1657013127039037000,25.95,10,25.9,14,25.95,30,1,2022-07-05 09:25:27
1657013127734401000,25.9,1,25.9,13,25.95,30,2,2022-07-05 09:25:27
1657013129774293000,25.95,30,25.9,64,25.95,30,1,2022-07-05 09:25:29
1657013129774293000,26.0,89,25.9,64,25.95,30,1,2022-07-05 09:25:29
1657013130168706000,25.95,1,25.9,64,25.95,10,1,2022-07-05 09:25:30
1657013130951566000,25.9,6,25.9,58,25.95,9,2,2022-07-05 09:25:30
1657013131047890000,25.95,9,25.95,1,26.05,4,1,2022-07-05 09:25:31
1657013131512545000,25.95,1,25.9,58,26.05,4,2,2022-07-05 09:25:31
1657013135352967000,26.05,3,25.95,11,26.05,1,1,2022-07-05 09:25:35
1657013137214242000,26.05,1,26.0,3,26.1,4,1,2022-07-05 09:25:37
1657013137214242000,26.1,9,26.0,3,26.1,4,1,2022-07-05 09:25:37
1657013139369553000,26.1,2,26.0,3,26.1,2,1,2022-07-05 09:25:39
1657013140160571000,26.1,2,26.0,3,26.15,10,1,2022-07-05 09:25:40
1657013140793439000,26.0,1,26.0,2,26.15,10,2,2022-07-05 09:25:40
1657013142874990000,26.15,10,26.1,1,26.2,19,1,2022-07-05 09:25:42
1657013142874990000,26.2,20,26.1,1,26.2,19,1,2022-07-05 09:25:42
1657013143089150000,26.1,1,26.0,2,26.2,19,2,2022-07-05 09:25:43
1657013143329595000,26.1,1,26.1,1,26.2,19,2,2022-07-05 09:25:43
1657013145107891000,26.1,1,25.95,11,26.0,2,2,2022-07-05 09:25:45
1657013145107891000,26.0,2,25.95,11,26.0,2,2,2022-07-05 09:25:45
1657013147043180000,26.0,1,25.95,11,26.0,1,1,2022-07-05 09:25:47
1657013147464231000,26.0,1,25.95,1,26.2,12,1,2022-07-05 09:25:47
1657013147464231000,26.1,1,25.95,1,26.2,12,1,2022-07-05 09:25:47
1657013147464231000,26.15,1,25.95,1,26.2,12,1,2022-07-05 09:25:47
1657013147464231000,26.2,7,25.95,1,26.2,12,1,2022-07-05 09:25:47
1657013148082549000,26.2,3,25.95,1,26.2,9,1,2022-07-05 09:25:48
1657013148699511000,25.95,1,25.9,56,26.1,1,2,2022-07-05 09:25:48
1657013149906765000,25.95,1,25.9,56,26.1,1,2,2022-07-05 09:25:49
1657013150244371000,26.1,1,25.9,56,26.2,1,1,2022-07-05 09:25:50
1657013150244371000,26.15,1,25.9,56,26.2,1,1,2022-07-05 09:25:50
1657013150244371000,26.2,8,25.9,56,26.2,1,1,2022-07-05 09:25:50
1657013151128056000,25.95,1,25.9,56,26.2,1,2,2022-07-05 09:25:51
1657013161125861000,26.15,2,26.15,1,26.2,4,1,2022-07-05 09:26:01
1657013168291535000,26.15,2,26.1,4,26.2,15,2,2022-07-05 09:26:08
1657013168291535000,26.1,1,26.1,4,26.2,15,2,2022-07-05 09:26:08
1657013168292674000,26.1,3,26.1,1,26.2,15,2,2022-07-05 09:26:08
1657013168293693000,26.1,1,26.0,6,26.2,15,2,2022-07-05 09:26:08
1657013168530774000,26.1,1,26.0,6,26.1,15,1,2022-07-05 09:26:08
1657013168858180000,26.1,1,26.0,6,26.1,13,1,2022-07-05 09:26:08
1657013171354058000,26.1,1,26.0,6,26.1,12,1,2022-07-05 09:26:11
1657013171856577000,26.0,5,26.0,1,26.1,12,2,2022-07-05 09:26:11
1657013171992345000,26.0,1,25.95,3,26.1,12,2,2022-07-05 09:26:11
1657013173434529000,25.95,1,25.95,2,26.1,12,2,2022-07-05 09:26:13
1657013190057045000,26.0,1,25.95,5,26.0,4,2,2022-07-05 09:26:30
1657013190261518000,26.0,4,26.0,1,26.05,2,1,2022-07-05 09:26:30
1657013191836726000,26.0,1,25.95,6,26.05,2,2,2022-07-05 09:26:31
1657013208938240000,26.0,1,25.95,7,26.0,24,1,2022-07-05 09:26:48
1657013213381865000,25.95,1,25.95,6,26.0,30,2,2022-07-05 09:26:53
1657013213706793000,26.0,7,25.95,7,26.0,23,1,2022-07-05 09:26:53
1657013216042230000,26.0,1,25.95,7,26.0,22,1,2022-07-05 09:26:56
1657013219775734000,26.0,1,25.95,7,26.0,26,1,2022-07-05 09:26:59
1657013220301837000,25.95,1,25.95,11,26.0,26,2,2022-07-05 09:27:00
1657013222340111000,25.95,1,25.95,10,26.0,26,2,2022-07-05 09:27:02
1657013222645503000,25.95,1,25.95,9,26.0,26,2,2022-07-05 09:27:02
1657013229275021000,26.0,5,25.95,9,26.0,21,1,2022-07-05 09:27:09
1657013235818882000,26.0,1,25.95,60,26.0,20,1,2022-07-05 09:27:15
1657013244890574000,26.0,5,25.95,63,26.0,16,1,2022-07-05 09:27:24
1657013247720652000,26.0,2,25.95,63,26.0,14,1,2022-07-05 09:27:27
1657013250397606000,26.0,1,25.95,63,26.0,15,1,2022-07-05 09:27:30
1657013250936247000,26.0,1,25.95,63,26.0,14,1,2022-07-05 09:27:30
1657013256384049000,26.0,1,25.95,63,26.0,13,1,2022-07-05 09:27:36
1657013257798625000,26.0,3,25.95,63,26.0,10,1,2022-07-05 09:27:37
1657013257921687000,25.95,1,25.95,62,26.0,10,2,2022-07-05 09:27:37
1657013258169117000,26.0,1,25.95,62,26.0,9,1,2022-07-05 09:27:38
1657013260316448000,26.0,5,25.95,62,26.0,4,1,2022-07-05 09:27:40
1657013261996130000,25.95,1,25.95,61,26.0,4,2,2022-07-05 09:27:41
1657013262846834000,26.0,4,25.95,61,26.0,1,1,2022-07-05 09:27:42
1657013263269312000,26.0,1,25.95,61,26.05,27,1,2022-07-05 09:27:43
1657013271361722000,26.0,1,25.95,61,26.05,27,2,2022-07-05 09:27:51
1657013272793400000,26.0,1,25.95,61,26.0,4,1,2022-07-05 09:27:52
1657013273117641000,26.0,1,25.95,61,26.0,3,1,2022-07-05 09:27:53
1657013273877478000,26.0,1,25.95,61,26.0,2,1,2022-07-05 09:27:53
1657013276570616000,26.0,1,25.95,61,26.0,1,1,2022-07-05 09:27:56
1657013283514298000,26.0,2,25.95,61,26.05,27,1,2022-07-05 09:28:03
1657013285661580000,26.0,1,25.95,61,26.0,1,1,2022-07-05 09:28:05
1657013288820761000,26.0,1,25.95,61,26.0,3,1,2022-07-05 09:28:08
1657013293144553000,26.0,10,25.95,61,26.0,35,1,2022-07-05 09:28:13
1657013299974015000,26.0,10,25.95,61,26.0,51,1,2022-07-05 09:28:19
1657013318693522000,26.0,1,25.95,63,26.0,51,1,2022-07-05 09:28:38
1657013320204702000,25.95,1,25.95,62,26.0,51,2,2022-07-05 09:28:40
1657013327244546000,25.95,1,25.95,62,26.0,63,2,2022-07-05 09:28:47
1657013330011055000,25.95,20,25.95,47,26.0,63,2,2022-07-05 09:28:50
1657013330042388000,25.95,1,25.95,46,26.0,63,2,2022-07-05 09:28:50
1657013332364092000,25.95,1,25.95,45,26.0,63,2,2022-07-05 09:28:52
1657013334257308000,25.95,25,25.95,20,26.0,63,2,2022-07-05 09:28:54
1657013334375931000,25.95,1,25.95,19,26.0,63,2,2022-07-05 09:28:54
1657013334501892000,25.95,1,25.95,18,26.0,63,2,2022-07-05 09:28:54
1657013336324237000,25.95,1,25.95,16,26.0,63,2,2022-07-05 09:28:56
1657013336821555000,25.95,1,25.95,15,26.0,63,2,2022-07-05 09:28:56
1657013336834556000,25.95,1,25.95,14,26.0,63,2,2022-07-05 09:28:56
1657013337968831000,25.95,10,25.95,5,26.0,63,2,2022-07-05 09:28:57
1657013338091859000,25.95,1,25.95,4,26.0,63,2,2022-07-05 09:28:58
1657013338341969000,25.95,1,25.95,3,26.0,63,2,2022-07-05 09:28:58
1657013339805504000,25.95,1,25.95,2,26.0,63,2,2022-07-05 09:28:59
1657013340934638000,25.95,1,25.95,1,26.0,63,2,2022-07-05 09:29:00
1657013341226626000,25.95,1,25.9,53,26.0,63,2,2022-07-05 09:29:01
1657013344038229000,25.9,10,25.9,43,25.95,2,2,2022-07-05 09:29:04
1657013345775867000,25.9,1,25.9,42,25.95,3,2,2022-07-05 09:29:05
1657013347406029000,25.95,1,25.9,42,25.95,7,1,2022-07-05 09:29:07
1657013348238319000,25.95,2,25.9,42,25.95,6,1,2022-07-05 09:29:08
1657013350041061000,25.9,10,25.9,32,25.95,7,2,2022-07-05 09:29:10
1657013350811508000,25.9,32,25.8,12,25.85,52,2,2022-07-05 09:29:10
1657013350811508000,25.85,66,25.8,12,25.85,52,2,2022-07-05 09:29:10
1657013350951041000,25.8,2,25.8,10,25.85,56,2,2022-07-05 09:29:10
1657013356315567000,25.8,4,25.8,6,25.85,56,2,2022-07-05 09:29:16
1657013357998098000,25.8,1,25.8,5,25.85,56,2,2022-07-05 09:29:17
1657013359046015000,25.8,1,25.8,4,25.85,56,2,2022-07-05 09:29:19
1657013361003050000,25.8,1,25.8,3,25.85,56,2,2022-07-05 09:29:21
1657013364852654000,25.8,1,25.8,2,25.85,56,2,2022-07-05 09:29:24
1657013365933111000,25.8,2,25.75,5,25.8,3,2,2022-07-05 09:29:25
1657013366199479000,25.8,4,25.8,24,25.85,55,1,2022-07-05 09:29:26
1657013366425245000,25.8,10,25.75,5,25.8,4,2,2022-07-05 09:29:26
1657013367475568000,25.8,2,25.8,13,25.85,55,2,2022-07-05 09:29:27
1657013368610128000,25.8,1,25.8,12,25.85,56,2,2022-07-05 09:29:28
1657013370918840000,25.8,1,25.8,11,25.85,56,2,2022-07-05 09:29:30
1657013374040704000,25.8,6,25.8,5,25.85,56,2,2022-07-05 09:29:34
1657013375359718000,25.8,1,25.8,6,25.85,56,2,2022-07-05 09:29:35
1657013375909539000,25.8,1,25.8,5,25.85,56,2,2022-07-05 09:29:35
1657013375940179000,25.8,1,25.8,4,25.85,56,2,2022-07-05 09:29:35
1657013376038875000,25.8,1,25.8,3,25.85,55,2,2022-07-05 09:29:36
1657013376137932000,25.8,2,25.8,1,25.85,55,2,2022-07-05 09:29:36
1657013376173752000,25.8,1,25.75,5,25.85,55,2,2022-07-05 09:29:36
1657013379107515000,25.8,1,25.75,5,25.8,6,1,2022-07-05 09:29:39
1657013394641286000,25.75,2,25.75,20,25.8,18,2,2022-07-05 09:29:54
1657013394642135000,25.75,3,25.75,17,25.8,18,2,2022-07-05 09:29:54
1657013394643919000,25.75,3,25.75,14,25.8,18,2,2022-07-05 09:29:54
1657013394644064000,25.75,2,25.75,12,25.8,18,2,2022-07-05 09:29:54
1657013394645381000,25.75,2,25.75,10,25.8,18,2,2022-07-05 09:29:54
1657013394646127000,25.75,2,25.75,8,25.8,18,2,2022-07-05 09:29:54
1657013394647408000,25.75,3,25.75,5,25.8,18,2,2022-07-05 09:29:54
1657013394648100000,25.75,1,25.75,4,25.8,18,2,2022-07-05 09:29:54
1657013394649048000,25.75,1,25.75,3,25.8,18,2,2022-07-05 09:29:54
1657013394650385000,25.75,3,25.7,51,25.8,18,2,2022-07-05 09:29:54
1657013394779175000,25.7,1,25.7,50,25.8,18,2,2022-07-05 09:29:54
1657013397971038000,25.75,1,25.75,4,25.8,18,2,2022-07-05 09:29:57
1657013397972228000,25.75,1,25.75,3,25.8,18,2,2022-07-05 09:29:57
1657013397972917000,25.75,1,25.75,2,25.8,18,2,2022-07-05 09:29:57
1657013397974473000,25.75,2,25.7,50,25.8,18,2,2022-07-05 09:29:57
1657013397974811000,25.7,2,25.7,48,25.8,18,2,2022-07-05 09:29:57
1657013397975847000,25.7,2,25.7,46,25.8,18,2,2022-07-05 09:29:57
1657013397977004000,25.7,5,25.7,41,25.8,18,2,2022-07-05 09:29:57
1657013397978152000,25.7,2,25.7,39,25.8,18,2,2022-07-05 09:29:57
1657013397979251000,25.7,3,25.7,36,25.8,18,2,2022-07-05 09:29:57
1657013397980136000,25.7,3,25.7,33,25.8,18,2,2022-07-05 09:29:57
1657013398005996000,25.7,1,25.7,32,25.8,18,2,2022-07-05 09:29:58
1657013398006117000,25.7,4,25.7,28,25.8,18,2,2022-07-05 09:29:58
1657013398006234000,25.7,1,25.7,27,25.8,18,2,2022-07-05 09:29:58
1657013398006383000,25.7,1,25.7,26,25.8,18,2,2022-07-05 09:29:58
1657013398006442000,25.7,2,25.7,24,25.8,18,2,2022-07-05 09:29:58
1657013398006458000,25.7,3,25.7,21,25.8,18,2,2022-07-05 09:29:58
1657013398006605000,25.7,3,25.7,18,25.8,18,2,2022-07-05 09:29:58
1657013398006655000,25.7,1,25.7,17,25.8,18,2,2022-07-05 09:29:58
1657013398006789000,25.7,3,25.7,14,25.8,18,2,2022-07-05 09:29:58
1657013398006839000,25.7,3,25.7,11,25.8,18,2,2022-07-05 09:29:58
1657013398007735000,25.7,1,25.7,10,25.8,18,2,2022-07-05 09:29:58
1657013398007879000,25.7,5,25.7,5,25.8,18,2,2022-07-05 09:29:58
1657013398007943000,25.7,1,25.7,4,25.8,18,2,2022-07-05 09:29:58
1657013398008006000,25.7,4,25.65,4,25.8,18,2,2022-07-05 09:29:58
1657013399159517000,25.65,2,25.65,2,25.7,12,2,2022-07-05 09:29:59
1657013405250719000,25.65,2,25.5,5,25.7,13,2,2022-07-05 09:30:05
1657013405250719000,25.6,1,25.5,5,25.7,13,2,2022-07-05 09:30:05
1657013405250719000,25.55,2,25.5,5,25.7,13,2,2022-07-05 09:30:05
1657013405403348000,25.5,1,25.5,4,25.7,13,2,2022-07-05 09:30:05
1657013405743895000,25.7,1,25.5,4,25.7,12,1,2022-07-05 09:30:05
1657013425367308000,25.55,1,25.55,1,25.65,5,2,2022-07-05 09:30:25
1657013427792744000,25.55,1,25.45,2,25.5,1,2,2022-07-05 09:30:27
1657013427792744000,25.5,3,25.45,2,25.5,1,2,2022-07-05 09:30:27
1657013429806503000,25.5,1,25.45,2,25.65,5,1,2022-07-05 09:30:29
1657013432148005000,25.45,1,25.45,1,25.65,5,2,2022-07-05 09:30:32
1657013432788025000,25.65,1,25.45,1,25.65,4,1,2022-07-05 09:30:32
1657013437631310000,25.45,1,25.3,9,25.45,1,2,2022-07-05 09:30:37
1657013444027939000,25.4,1,25.3,9,25.4,31,1,2022-07-05 09:30:44
1657013448394092000,25.3,8,25.3,1,25.4,31,2,2022-07-05 09:30:48
1657013448524968000,25.3,1,25.25,8,25.4,31,2,2022-07-05 09:30:48
1657013449146450000,25.4,1,25.25,8,25.4,30,1,2022-07-05 09:30:49
1657013450474037000,25.25,1,25.25,7,25.3,1,2,2022-07-05 09:30:50
1657013463251382000,25.25,1,25.25,6,25.4,28,2,2022-07-05 09:31:03
1657013464780630000,25.25,5,25.25,2,25.4,29,2,2022-07-05 09:31:04
1657013466140243000,25.25,1,25.25,1,25.4,29,2,2022-07-05 09:31:06
1657013468629623000,25.3,1,25.25,1,25.4,29,2,2022-07-05 09:31:08
1657013473718406000,25.25,1,25.25,1,25.4,29,2,2022-07-05 09:31:13
1657013478311564000,25.25,1,25.25,1,25.3,1,2,2022-07-05 09:31:18
1657013491507341000,25.3,1,25.25,5,25.4,29,1,2022-07-05 09:31:31
1657013495259133000,25.4,1,25.25,8,25.4,28,1,2022-07-05 09:31:35
1657013506479985000,25.4,5,25.25,8,25.4,23,1,2022-07-05 09:31:46
1657013509196753000,25.4,2,25.3,1,25.4,21,1,2022-07-05 09:31:49
1657013510147955000,25.3,1,25.25,8,25.4,21,2,2022-07-05 09:31:50
1657013510281852000,25.25,1,25.25,7,25.4,21,2,2022-07-05 09:31:50
1657013515395610000,25.4,3,25.35,1,25.4,18,1,2022-07-05 09:31:55
1657013525889560000,25.4,2,25.35,1,25.4,16,1,2022-07-05 09:32:05
1657013528467947000,25.4,1,25.35,1,25.4,15,1,2022-07-05 09:32:08
1657013530238952000,25.4,1,25.35,1,25.4,14,1,2022-07-05 09:32:10
1657013530465766000,25.35,1,25.3,2,25.4,14,2,2022-07-05 09:32:10
1657013532581342000,25.35,1,25.3,2,25.4,14,2,2022-07-05 09:32:12
1657013533600281000,25.35,2,25.35,2,25.4,14,1,2022-07-05 09:32:13
1657013542802636000,25.35,2,25.3,1,25.4,14,2,2022-07-05 09:32:22
1657013542802636000,25.3,1,25.3,1,25.4,14,2,2022-07-05 09:32:22
1657013558758229000,25.4,4,25.3,2,25.4,10,1,2022-07-05 09:32:38
1657013559227117000,25.3,1,25.3,1,25.4,10,2,2022-07-05 09:32:39
1657013576331294000,25.3,2,25.3,5,25.4,12,2,2022-07-05 09:32:56
1657013583398818000,25.35,2,25.35,1,25.4,12,2,2022-07-05 09:33:03
1657013587618571000,25.35,1,25.3,5,25.4,12,2,2022-07-05 09:33:07
1657013588724589000,25.3,1,25.3,4,25.4,12,2,2022-07-05 09:33:08
1657013597732987000,25.4,1,25.3,10,25.4,11,1,2022-07-05 09:33:17
1657013622732428000,25.4,2,25.3,11,25.4,9,1,2022-07-05 09:33:42
1657013623270854000,25.3,3,25.3,8,25.4,9,2,2022-07-05 09:33:43
1657013624960950000,25.4,2,25.3,8,25.4,7,1,2022-07-05 09:33:44
1657013639811290000,25.3,2,25.3,16,25.4,7,2,2022-07-05 09:33:59
1657013643894545000,25.3,1,25.3,15,25.4,7,2,2022-07-05 09:34:03
1657013652161192000,25.35,1,25.3,15,25.4,6,1,2022-07-05 09:34:12
1657013652161192000,25.4,1,25.3,15,25.4,6,1,2022-07-05 09:34:12
1657013658722736000,25.4,2,25.3,16,25.4,4,1,2022-07-05 09:34:18
1657013667733715000,25.4,1,25.35,2,25.4,3,1,2022-07-05 09:34:27
1657013669611426000,25.35,1,25.35,1,25.4,3,2,2022-07-05 09:34:29
1657013680868797000,25.35,1,25.3,16,25.35,4,2,2022-07-05 09:34:40
1657013681568426000,25.3,1,25.3,15,25.35,4,2,2022-07-05 09:34:41
1657013692049896000,25.3,2,25.3,13,25.35,4,2,2022-07-05 09:34:52
1657013696469858000,25.35,1,25.3,13,25.35,3,1,2022-07-05 09:34:56
1657013700818208000,25.3,2,25.3,16,25.35,3,2,2022-07-05 09:35:00
1657013703272841000,25.35,2,25.3,16,25.35,1,1,2022-07-05 09:35:03
1657013710187002000,25.3,1,25.3,15,25.35,1,2,2022-07-05 09:35:10
1657013710804417000,25.35,1,25.35,1,25.4,3,1,2022-07-05 09:35:10
1657013739238465000,25.35,1,25.35,1,25.4,3,2,2022-07-05 09:35:39
1657013756514761000,25.35,2,25.35,2,25.4,3,2,2022-07-05 09:35:56
1657013757746853000,25.35,1,25.35,1,25.4,3,2,2022-07-05 09:35:57
1657013773137451000,25.35,2,25.35,1,25.4,3,2,2022-07-05 09:36:13
1657013776110025000,25.35,1,25.3,26,25.4,3,2,2022-07-05 09:36:16
1657013789625962000,25.35,1,25.3,26,25.4,3,1,2022-07-05 09:36:29
1657013802899768000,25.4,1,25.35,2,25.4,2,1,2022-07-05 09:36:42
1657013821171024000,25.35,1,25.35,12,25.4,2,2,2022-07-05 09:37:01
1657013846230313000,25.35,3,25.35,10,25.4,2,2,2022-07-05 09:37:26
1657013860665786000,25.35,5,25.35,7,25.4,2,2,2022-07-05 09:37:40
1657013864184439000,25.35,7,25.1,6,25.4,2,2,2022-07-05 09:37:44
1657013864184439000,25.3,27,25.1,6,25.4,2,2,2022-07-05 09:37:44
1657013864184439000,25.25,14,25.1,6,25.4,2,2,2022-07-05 09:37:44
1657013864184439000,25.2,16,25.1,6,25.4,2,2,2022-07-05 09:37:44
1657013864184439000,25.15,8,25.1,6,25.4,2,2,2022-07-05 09:37:44
1657013864184439000,25.1,8,25.1,6,25.4,2,2,2022-07-05 09:37:44
1657013864341557000,25.1,4,25.1,2,25.4,2,2,2022-07-05 09:37:44
1657013871724145000,25.1,1,25.1,1,25.4,6,2,2022-07-05 09:37:51
1657013884949812000,25.1,1,25.1,2,25.3,3,2,2022-07-05 09:38:04
1657013888020807000,25.1,1,25.1,1,25.3,3,2,2022-07-05 09:38:08
1657013888918367000,25.1,1,25.05,5,25.3,3,2,2022-07-05 09:38:08
1657013892022500000,25.05,2,25.05,3,25.1,4,2,2022-07-05 09:38:12
1657013896461067000,25.05,1,25.05,2,25.1,4,2,2022-07-05 09:38:16
1657013900571447000,25.05,2,25.0,46,25.05,4,2,2022-07-05 09:38:20
1657013900751097000,25.05,1,25.0,46,25.05,3,1,2022-07-05 09:38:20
1657013904847725000,25.0,1,25.0,45,25.05,14,2,2022-07-05 09:38:24
1657013904956819000,25.0,1,25.0,44,25.05,14,2,2022-07-05 09:38:24
1657013910047071000,25.0,10,25.0,36,25.05,5,2,2022-07-05 09:38:30
1657013910180646000,25.0,1,25.0,35,25.05,5,2,2022-07-05 09:38:30
1657013912654077000,25.0,1,25.0,34,25.05,5,2,2022-07-05 09:38:32
1657013912889628000,25.05,1,25.0,34,25.05,4,1,2022-07-05 09:38:32
1657013915586806000,25.0,4,25.0,29,25.05,4,2,2022-07-05 09:38:35
1657013916564358000,25.0,1,25.0,28,25.05,3,2,2022-07-05 09:38:36
1657013917694314000,25.0,2,25.0,26,25.05,3,2,2022-07-05 09:38:37
1657013919341069000,25.0,1,25.0,25,25.05,3,2,2022-07-05 09:38:39
1657013925725389000,25.0,8,25.0,18,25.05,5,2,2022-07-05 09:38:45
1657013926094689000,25.0,1,25.0,17,25.05,5,2,2022-07-05 09:38:46
1657013926244668000,25.0,1,25.0,16,25.05,5,2,2022-07-05 09:38:46
1657013926508439000,25.0,16,24.95,3,25.0,11,2,2022-07-05 09:38:46
1657013928872763000,25.0,1,24.95,3,25.0,11,1,2022-07-05 09:38:48
1657013931851547000,24.95,3,24.85,7,24.9,41,2,2022-07-05 09:38:51
1657013931851547000,24.9,6,24.85,7,24.9,41,2,2022-07-05 09:38:51
1657013932015603000,24.85,1,24.85,6,24.9,43,2,2022-07-05 09:38:52
1657013937143117000,24.85,7,24.8,4,24.9,2,2,2022-07-05 09:38:57
1657013937143117000,24.8,34,24.8,4,24.9,2,2,2022-07-05 09:38:57
1657013937295808000,24.8,2,24.8,2,24.9,1,2,2022-07-05 09:38:57
1657013938195742000,24.8,5,24.8,3,25.0,43,2,2022-07-05 09:38:58
1657013941235299000,24.85,1,24.75,3,25.0,45,2,2022-07-05 09:39:01
1657013953475455000,24.8,1,24.8,6,25.0,47,2,2022-07-05 09:39:13
1657013955841805000,24.8,1,24.8,8,25.0,47,2,2022-07-05 09:39:15
1657013960260055000,24.85,1,24.8,5,24.85,2,1,2022-07-05 09:39:20
1657013960288390000,24.85,2,24.8,5,25.0,43,1,2022-07-05 09:39:20
1657013971799421000,24.9,10,24.8,15,25.0,45,2,2022-07-05 09:39:31
1657013971799421000,24.85,1,24.8,15,25.0,45,2,2022-07-05 09:39:31
1657013971799421000,24.8,4,24.8,15,25.0,45,2,2022-07-05 09:39:31
1657013973703074000,24.8,1,24.8,14,25.0,45,2,2022-07-05 09:39:33
1657013979128585000,24.85,2,24.85,1,24.9,5,2,2022-07-05 09:39:39
1657013981782179000,24.85,2,24.8,15,24.9,5,2,2022-07-05 09:39:41
1657013983957759000,24.8,5,24.8,13,24.9,5,2,2022-07-05 09:39:43
1657013985237356000,24.9,1,24.8,13,24.9,4,1,2022-07-05 09:39:45
1657013995834697000,24.9,1,24.85,1,24.9,4,1,2022-07-05 09:39:55
1657013996129530000,24.9,1,24.85,1,24.9,3,1,2022-07-05 09:39:56
1657014002840449000,24.9,2,24.85,3,24.9,1,1,2022-07-05 09:40:02
1657014002958816000,24.85,1,24.85,2,24.9,1,2,2022-07-05 09:40:02
1657014012278875000,24.9,1,24.85,7,24.9,1,1,2022-07-05 09:40:12
1657014021457966000,24.9,1,24.85,9,25.0,45,1,2022-07-05 09:40:21
1657014027973888000,25.0,47,25.0,50,25.05,2,1,2022-07-05 09:40:27
1657014028118523000,25.0,2,25.0,48,25.05,3,2,2022-07-05 09:40:28
1657014030914503000,25.05,5,25.0,48,25.2,1,1,2022-07-05 09:40:30
1657014030914503000,25.1,5,25.0,48,25.2,1,1,2022-07-05 09:40:30
1657014048354769000,25.2,4,25.1,12,25.3,4,1,2022-07-05 09:40:48
1657014060119193000,25.3,1,25.15,11,25.3,4,1,2022-07-05 09:41:00
1657014062548024000,25.2,1,25.2,1,25.3,4,1,2022-07-05 09:41:02
1657014086731003000,25.3,1,25.25,11,25.3,5,1,2022-07-05 09:41:26
1657014087934418000,25.3,1,25.25,11,25.3,4,1,2022-07-05 09:41:27
1657014089431842000,25.25,1,25.25,10,25.3,4,2,2022-07-05 09:41:29
1657014106825496000,25.25,5,25.25,10,25.3,5,2,2022-07-05 09:41:46
1657014113330743000,25.25,1,25.25,9,25.3,5,2,2022-07-05 09:41:53
1657014124206220000,25.25,1,25.25,8,25.3,5,2,2022-07-05 09:42:04
1657014129851812000,25.3,5,25.25,8,25.35,4,1,2022-07-05 09:42:09
1657014131833039000,25.25,8,25.2,8,25.35,4,2,2022-07-05 09:42:11
1657014162669219000,25.25,2,25.25,1,25.3,3,2,2022-07-05 09:42:42
1657014165321499000,25.25,1,25.2,9,25.3,3,2,2022-07-05 09:42:45
1657014181892338000,25.2,9,25.15,2,25.25,1,2,2022-07-05 09:43:01
1657014187801780000,25.25,1,25.25,4,25.3,3,1,2022-07-05 09:43:07
1657014189471864000,25.25,1,25.25,3,25.3,3,2,2022-07-05 09:43:09
1657014201667580000,25.25,1,25.2,1,25.3,3,2,2022-07-05 09:43:21
1657014201667580000,25.2,4,25.2,1,25.3,3,2,2022-07-05 09:43:21
1657014209462268000,25.2,1,25.15,2,25.3,3,2,2022-07-05 09:43:29
1657014210878658000,25.15,2,25.1,2,25.3,3,2,2022-07-05 09:43:30
1657014210878658000,25.1,3,25.1,2,25.3,3,2,2022-07-05 09:43:30
1657014219477300000,25.1,2,25.0,18,25.3,4,2,2022-07-05 09:43:39
1657014219477300000,25.05,3,25.0,18,25.3,4,2,2022-07-05 09:43:39
1657014225054142000,25.0,1,25.0,16,25.3,4,2,2022-07-05 09:43:45
1657014229645291000,25.0,1,25.0,15,25.3,4,2,2022-07-05 09:43:49
1657014237461495000,25.0,3,25.0,12,25.3,4,2,2022-07-05 09:43:57
1657014255188213000,25.0,5,25.0,10,25.2,1,2,2022-07-05 09:44:15
1657014259889546000,25.0,2,25.0,8,25.2,1,2,2022-07-05 09:44:19
1657014259891899000,25.0,5,25.0,3,25.2,1,2,2022-07-05 09:44:19
1657014265724177000,25.0,2,25.0,1,25.2,1,2,2022-07-05 09:44:25
1657014270236018000,25.0,1,24.9,1,25.0,1,2,2022-07-05 09:44:30
1657014273442246000,25.0,2,24.9,1,25.2,1,1,2022-07-05 09:44:33
1657014276833465000,24.9,1,24.85,6,25.2,1,2,2022-07-05 09:44:36
1657014276833465000,24.85,1,24.85,6,25.2,1,2,2022-07-05 09:44:36
1657014285410072000,24.9,1,24.85,2,25.0,2,2,2022-07-05 09:44:45
1657014285410072000,24.85,4,24.85,2,25.0,2,2,2022-07-05 09:44:45
1657014293561381000,24.9,1,24.9,2,25.0,2,2,2022-07-05 09:44:53
1657014296633317000,25.0,1,24.95,1,25.0,1,1,2022-07-05 09:44:56
1657014316572566000,25.0,1,24.95,4,25.05,2,1,2022-07-05 09:45:16
1657014325471517000,25.05,2,25.0,4,25.85,57,1,2022-07-05 09:45:25
1657014325471517000,25.1,2,25.0,4,25.85,57,1,2022-07-05 09:45:25
1657014325471517000,25.15,2,25.0,4,25.85,57,1,2022-07-05 09:45:25
1657014325471517000,25.2,2,25.0,4,25.85,57,1,2022-07-05 09:45:25
1657014325471517000,25.25,4,25.0,4,25.85,57,1,2022-07-05 09:45:25
1657014325471517000,25.3,4,25.0,4,25.85,57,1,2022-07-05 09:45:25
1657014325471517000,25.35,3,25.0,4,25.85,57,1,2022-07-05 09:45:25
1657014325471517000,25.4,13,25.0,4,25.85,57,1,2022-07-05 09:45:25
1657014325471517000,25.45,2,25.0,4,25.85,57,1,2022-07-05 09:45:25
1657014325471517000,25.5,1,25.0,4,25.85,57,1,2022-07-05 09:45:25
1657014325471517000,25.55,1,25.0,4,25.85,57,1,2022-07-05 09:45:25
1657014325471517000,25.6,2,25.0,4,25.85,57,1,2022-07-05 09:45:25
1657014325471517000,25.65,5,25.0,4,25.85,57,1,2022-07-05 09:45:25
1657014325471517000,25.7,11,25.0,4,25.85,57,1,2022-07-05 09:45:25
1657014325471517000,25.8,3,25.0,4,25.85,57,1,2022-07-05 09:45:25
1657014325471517000,25.85,31,25.0,4,25.85,57,1,2022-07-05 09:45:25
1657014394541313000,25.2,1,25.1,6,25.25,1,1,2022-07-05 09:46:34
1657014406672381000,25.2,1,25.1,8,25.3,4,1,2022-07-05 09:46:46
1657014406672381000,25.25,1,25.1,8,25.3,4,1,2022-07-05 09:46:46
1657014406817857000,25.1,1,25.1,7,25.3,4,2,2022-07-05 09:46:46
1657014413099445000,25.3,1,25.2,2,25.3,3,1,2022-07-05 09:46:53
1657014419816239000,25.2,1,25.2,1,25.3,3,2,2022-07-05 09:46:59
1657014424319484000,25.2,1,25.15,1,25.3,3,2,2022-07-05 09:47:04
1657014427694996000,25.2,1,25.1,12,25.3,3,2,2022-07-05 09:47:07
1657014427694996000,25.15,1,25.1,12,25.3,3,2,2022-07-05 09:47:07
1657014427694996000,25.1,1,25.1,12,25.3,3,2,2022-07-05 09:47:07
1657014432992161000,25.1,10,25.1,2,25.2,5,2,2022-07-05 09:47:12
1657014455635013000,25.1,3,25.1,1,25.2,5,2,2022-07-05 09:47:35
1657014455982211000,25.1,1,25.05,2,25.1,3,2,2022-07-05 09:47:35
1657014467370429000,25.05,2,25.0,14,25.1,3,2,2022-07-05 09:47:47
1657014467370429000,25.0,1,25.0,14,25.1,3,2,2022-07-05 09:47:47
