ts,close,volume,bid_price,bid_volume,ask_price,ask_volume,tick_type,datetime
1653555600053635000,44.5,6004,44.45,62,44.5,742,1,2022-05-26 09:00:00
1653555600073207000,44.5,2,44.45,62,44.5,790,1,2022-05-26 09:00:00
1653555600085187000,44.5,16,44.45,2,44.5,774,1,2022-05-26 09:00:00
1653555600122888000,44.5,2,44.45,2,44.5,827,1,2022-05-26 09:00:00
1653555600130114000,44.5,10,44.45,2,44.5,817,1,2022-05-26 09:00:00
1653555600133343000,44.45,1,44.45,1,44.5,817,2,2022-05-26 09:00:00
1653555600148546000,44.45,1,44.45,6,44.5,819,2,2022-05-26 09:00:00
1653555600173946000,44.45,2,44.45,4,44.5,819,2,2022-05-26 09:00:00
1653555600176603000,44.5,10,44.45,4,44.5,809,1,2022-05-26 09:00:00
1653555600222037000,44.5,3,44.45,4,44.5,816,1,2022-05-26 09:00:00
1653555600378801000,44.45,4,44.4,2,44.5,817,2,2022-05-26 09:00:00
1653555600378801000,44.4,18,44.4,2,44.5,817,2,2022-05-26 09:00:00
1653555600433567000,44.4,1,44.4,1,44.5,817,2,2022-05-26 09:00:00
1653555600534428000,44.5,50,44.4,1,44.5,768,1,2022-05-26 09:00:00
1653555600555066000,44.5,10,44.4,1,44.5,758,1,2022-05-26 09:00:00
1653555600569794000,44.4,1,44.35,61,44.5,758,2,2022-05-26 09:00:00
1653555600659579000,44.35,5,44.35,56,44.5,758,2,2022-05-26 09:00:00
1653555600722428000,44.35,40,44.35,16,44.5,758,2,2022-05-26 09:00:00
1653555600751163000,44.35,1,44.35,15,44.5,758,2,2022-05-26 09:00:00
1653555600819003000,44.5,4,44.4,18,44.5,754,1,2022-05-26 09:00:00
1653555600975032000,44.4,5,44.4,13,44.5,754,2,2022-05-26 09:00:00
1653555601199836000,44.4,11,44.4,2,44.5,759,2,2022-05-26 09:00:01
1653555601283048000,44.5,50,44.4,2,44.5,709,1,2022-05-26 09:00:01
1653555601315956000,44.4,2,44.35,7,44.5,709,2,2022-05-26 09:00:01
1653555601315956000,44.35,8,44.35,7,44.5,709,2,2022-05-26 09:00:01
1653555601359566000,44.35,1,44.35,6,44.5,709,2,2022-05-26 09:00:01
1653555601673964000,44.5,1,44.35,6,44.5,708,1,2022-05-26 09:00:01
1653555601723777000,44.35,5,44.35,1,44.5,708,2,2022-05-26 09:00:01
1653555601901462000,44.5,10,44.35,1,44.5,698,1,2022-05-26 09:00:01
1653555601976662000,44.5,3,44.35,1,44.5,695,1,2022-05-26 09:00:01
1653555602057826000,44.5,3,44.35,1,44.5,692,1,2022-05-26 09:00:02
1653555602087392000,44.5,3,44.35,1,44.5,689,1,2022-05-26 09:00:02
1653555602418836000,44.35,1,44.3,416,44.45,14,2,2022-05-26 09:00:02
1653555602418836000,44.3,3,44.3,416,44.45,14,2,2022-05-26 09:00:02
1653555602430892000,44.45,1,44.3,416,44.45,13,1,2022-05-26 09:00:02
1653555602563416000,44.45,1,44.3,417,44.45,12,1,2022-05-26 09:00:02
1653555602632980000,44.45,3,44.3,417,44.45,9,1,2022-05-26 09:00:02
1653555602664241000,44.45,9,44.3,417,44.5,682,1,2022-05-26 09:00:02
1653555602687406000,44.3,1,44.3,416,44.5,682,2,2022-05-26 09:00:02
1653555602735406000,44.5,2,44.3,416,44.5,686,1,2022-05-26 09:00:02
1653555602766944000,44.5,10,44.3,416,44.5,676,1,2022-05-26 09:00:02
1653555602924248000,44.3,1,44.3,415,44.5,676,2,2022-05-26 09:00:02
1653555602976882000,44.5,10,44.3,415,44.5,666,1,2022-05-26 09:00:02
1653555603074701000,44.5,1,44.3,417,44.5,665,1,2022-05-26 09:00:03
1653555603172424000,44.3,5,44.3,412,44.5,665,2,2022-05-26 09:00:03
1653555603213839000,44.5,1,44.3,412,44.5,664,1,2022-05-26 09:00:03
1653555603228293000,44.5,2,44.45,10,44.5,662,1,2022-05-26 09:00:03
1653555603243519000,44.5,1,44.45,10,44.5,661,1,2022-05-26 09:00:03
1653555603251761000,44.45,2,44.45,8,44.5,661,2,2022-05-26 09:00:03
1653555603255820000,44.5,10,44.45,8,44.5,651,1,2022-05-26 09:00:03
1653555603382549000,44.5,1,44.45,8,44.5,650,1,2022-05-26 09:00:03
1653555603419116000,44.45,5,44.45,3,44.5,650,2,2022-05-26 09:00:03
1653555603423596000,44.5,15,44.45,3,44.5,635,1,2022-05-26 09:00:03
1653555603462542000,44.45,3,44.35,18,44.5,635,2,2022-05-26 09:00:03
1653555603462542000,44.35,2,44.35,18,44.5,635,2,2022-05-26 09:00:03
1653555603469567000,44.5,1,44.35,18,44.5,634,1,2022-05-26 09:00:03
1653555603536320000,44.5,1,44.35,18,44.5,633,1,2022-05-26 09:00:03
1653555603541949000,44.5,1,44.35,18,44.5,632,1,2022-05-26 09:00:03
1653555603571370000,44.5,1,44.35,18,44.5,631,1,2022-05-26 09:00:03
1653555603677094000,44.4,1,44.35,40,44.45,6,2,2022-05-26 09:00:03
1653555603701753000,44.35,2,44.35,38,44.45,9,2,2022-05-26 09:00:03
1653555603735976000,44.45,1,44.35,58,44.45,8,1,2022-05-26 09:00:03
1653555603824559000,44.35,5,44.35,51,44.45,8,2,2022-05-26 09:00:03
1653555603935851000,44.35,5,44.35,48,44.45,9,2,2022-05-26 09:00:03
1653555603947339000,44.45,1,44.35,48,44.45,8,1,2022-05-26 09:00:03
1653555603951935000,44.35,2,44.35,46,44.45,8,2,2022-05-26 09:00:03
1653555604030243000,44.45,1,44.35,46,44.45,7,1,2022-05-26 09:00:04
1653555604098536000,44.45,1,44.35,46,44.45,6,1,2022-05-26 09:00:04
1653555604144233000,44.35,1,44.35,45,44.45,6,2,2022-05-26 09:00:04
1653555604158172000,44.45,3,44.35,45,44.45,3,1,2022-05-26 09:00:04
1653555604188961000,44.35,1,44.35,44,44.45,11,2,2022-05-26 09:00:04
1653555604224931000,44.35,1,44.35,43,44.45,12,2,2022-05-26 09:00:04
1653555604283933000,44.45,20,44.35,43,44.45,2,1,2022-05-26 09:00:04
1653555604544855000,44.45,2,44.4,12,44.45,3,1,2022-05-26 09:00:04
1653555604590982000,44.4,2,44.4,8,44.45,3,2,2022-05-26 09:00:04
1653555604597184000,44.45,3,44.45,5,44.5,634,1,2022-05-26 09:00:04
1653555604624291000,44.45,5,44.4,8,44.5,634,2,2022-05-26 09:00:04
1653555604628501000,44.4,5,44.4,3,44.5,634,2,2022-05-26 09:00:04
1653555604691004000,44.45,1,44.4,3,44.45,4,1,2022-05-26 09:00:04
1653555604966196000,44.45,1,44.4,110,44.45,3,1,2022-05-26 09:00:04
1653555605030193000,44.4,1,44.4,109,44.45,3,2,2022-05-26 09:00:05
1653555605036089000,44.45,2,44.4,109,44.45,1,1,2022-05-26 09:00:05
1653555605043600000,44.45,10,44.4,109,44.45,41,1,2022-05-26 09:00:05
1653555605224111000,44.4,1,44.4,115,44.45,45,2,2022-05-26 09:00:05
1653555605257101000,44.4,1,44.4,112,44.45,45,2,2022-05-26 09:00:05
1653555605352145000,44.4,1,44.4,114,44.45,45,2,2022-05-26 09:00:05
1653555605387140000,44.45,1,44.4,124,44.45,44,1,2022-05-26 09:00:05
1653555605467198000,44.4,10,44.4,115,44.45,44,2,2022-05-26 09:00:05
1653555605518307000,44.4,3,44.4,113,44.45,44,2,2022-05-26 09:00:05
1653555605532499000,44.4,1,44.4,112,44.45,45,2,2022-05-26 09:00:05
1653555605644898000,44.4,1,44.4,111,44.45,45,2,2022-05-26 09:00:05
1653555605724958000,44.45,1,44.4,113,44.45,44,1,2022-05-26 09:00:05
1653555605738569000,44.45,3,44.4,113,44.45,41,1,2022-05-26 09:00:05
1653555605747310000,44.45,1,44.4,113,44.45,40,1,2022-05-26 09:00:05
1653555605806691000,44.4,1,44.4,112,44.45,40,2,2022-05-26 09:00:05
1653555605822146000,44.45,1,44.4,112,44.45,39,1,2022-05-26 09:00:05
1653555605847438000,44.45,2,44.4,112,44.45,37,1,2022-05-26 09:00:05
1653555605893536000,44.45,1,44.4,112,44.45,36,1,2022-05-26 09:00:05
1653555605945388000,44.45,5,44.4,112,44.45,31,1,2022-05-26 09:00:05
1653555605987720000,44.45,2,44.4,112,44.45,29,1,2022-05-26 09:00:05
1653555605993876000,44.45,10,44.4,112,44.45,19,1,2022-05-26 09:00:05
1653555606030378000,44.45,19,44.4,112,44.5,621,1,2022-05-26 09:00:06
1653555606062430000,44.5,10,44.4,112,44.5,611,1,2022-05-26 09:00:06
1653555606179298000,44.4,50,44.4,63,44.5,613,2,2022-05-26 09:00:06
1653555606212532000,44.5,10,44.4,63,44.5,603,1,2022-05-26 09:00:06
1653555606225968000,44.5,5,44.4,63,44.5,598,1,2022-05-26 09:00:06
1653555606259796000,44.5,20,44.4,63,44.5,578,1,2022-05-26 09:00:06
1653555606269005000,44.5,1,44.4,63,44.5,577,1,2022-05-26 09:00:06
1653555606368501000,44.5,1,44.4,61,44.5,576,1,2022-05-26 09:00:06
1653555606389794000,44.5,1,44.4,61,44.5,575,1,2022-05-26 09:00:06
1653555606422457000,44.4,5,44.4,56,44.5,575,2,2022-05-26 09:00:06
1653555606474052000,44.5,5,44.4,56,44.5,570,1,2022-05-26 09:00:06
1653555606488447000,44.5,2,44.4,56,44.5,568,1,2022-05-26 09:00:06
1653555606608657000,44.4,4,44.4,55,44.45,10,2,2022-05-26 09:00:06
1653555606671230000,44.45,10,44.4,55,44.45,2,1,2022-05-26 09:00:06
1653555606712837000,44.45,2,44.4,55,44.5,571,1,2022-05-26 09:00:06
1653555606722320000,44.4,20,44.4,35,44.5,571,2,2022-05-26 09:00:06
1653555606995838000,44.45,1,44.4,35,44.5,571,1,2022-05-26 09:00:06
1653555607062739000,44.5,2,44.4,35,44.5,569,1,2022-05-26 09:00:07
1653555607122958000,44.45,1,44.45,9,44.5,569,1,2022-05-26 09:00:07
1653555607136002000,44.5,1,44.45,9,44.5,568,1,2022-05-26 09:00:07
1653555607159823000,44.45,9,44.4,35,44.5,568,2,2022-05-26 09:00:07
1653555607181569000,44.5,1,44.4,36,44.5,567,1,2022-05-26 09:00:07
1653555607223968000,44.4,2,44.4,34,44.45,2,2,2022-05-26 09:00:07
1653555607233052000,44.45,2,44.45,1,44.5,567,1,2022-05-26 09:00:07
1653555607297190000,44.5,5,44.45,1,44.5,562,1,2022-05-26 09:00:07
1653555607316545000,44.5,2,44.45,1,44.5,560,1,2022-05-26 09:00:07
1653555607320002000,44.45,1,44.4,34,44.5,560,2,2022-05-26 09:00:07
1653555607349990000,44.5,3,44.4,34,44.5,558,1,2022-05-26 09:00:07
1653555607397351000,44.5,5,44.45,6,44.5,553,1,2022-05-26 09:00:07
1653555607482229000,44.45,1,44.45,6,44.5,563,2,2022-05-26 09:00:07
1653555607606056000,44.5,1,44.45,10,44.5,562,1,2022-05-26 09:00:07
1653555607611976000,44.45,2,44.45,8,44.5,562,2,2022-05-26 09:00:07
1653555607615263000,44.5,2,44.45,8,44.5,560,1,2022-05-26 09:00:07
1653555607698237000,44.45,3,44.45,5,44.5,560,2,2022-05-26 09:00:07
1653555607780772000,44.5,1,44.45,8,44.5,559,1,2022-05-26 09:00:07
1653555607799254000,44.5,1,44.45,8,44.5,558,1,2022-05-26 09:00:07
1653555607825079000,44.45,2,44.45,6,44.5,558,2,2022-05-26 09:00:07
1653555607831362000,44.5,1,44.45,6,44.5,557,1,2022-05-26 09:00:07
1653555607840248000,44.5,1,44.45,6,44.5,556,1,2022-05-26 09:00:07
1653555607882632000,44.45,6,44.4,23,44.5,556,2,2022-05-26 09:00:07
1653555607882632000,44.4,14,44.4,23,44.5,556,2,2022-05-26 09:00:07
1653555608024922000,44.5,10,44.4,23,44.5,546,1,2022-05-26 09:00:08
1653555608092212000,44.5,2,44.4,23,44.5,569,1,2022-05-26 09:00:08
1653555608093338000,44.4,1,44.4,22,44.5,569,2,2022-05-26 09:00:08
1653555608211539000,44.4,1,44.4,21,44.45,2,2,2022-05-26 09:00:08
1653555608223965000,44.45,1,44.4,21,44.45,1,1,2022-05-26 09:00:08
1653555608253848000,44.45,1,44.45,1,44.5,569,1,2022-05-26 09:00:08
1653555608322222000,44.5,5,44.45,1,44.5,567,1,2022-05-26 09:00:08
1653555608378270000,44.5,1,44.45,2,44.5,571,1,2022-05-26 09:00:08
1653555608383991000,44.5,1,44.45,2,44.5,570,1,2022-05-26 09:00:08
1653555608409836000,44.45,2,44.4,9,44.5,570,2,2022-05-26 09:00:08
1653555608409836000,44.4,13,44.4,9,44.5,570,2,2022-05-26 09:00:08
1653555608412816000,44.5,1,44.4,9,44.5,569,1,2022-05-26 09:00:08
1653555608456651000,44.45,1,44.4,5,44.5,569,2,2022-05-26 09:00:08
1653555608456651000,44.4,4,44.4,5,44.5,569,2,2022-05-26 09:00:08
1653555608465635000,44.5,1,44.4,5,44.5,568,1,2022-05-26 09:00:08
1653555608504084000,44.45,6,44.35,66,44.5,569,2,2022-05-26 09:00:08
1653555608504084000,44.4,5,44.35,66,44.5,569,2,2022-05-26 09:00:08
1653555608504084000,44.35,39,44.35,66,44.5,569,2,2022-05-26 09:00:08
1653555608568188000,44.45,1,44.35,66,44.45,3,1,2022-05-26 09:00:08
1653555608592194000,44.45,1,44.35,66,44.45,2,1,2022-05-26 09:00:08
1653555608649243000,44.45,2,44.4,5,44.5,566,1,2022-05-26 09:00:08
1653555608649243000,44.5,3,44.4,5,44.5,566,1,2022-05-26 09:00:08
1653555608654166000,44.4,1,44.4,4,44.5,566,2,2022-05-26 09:00:08
1653555608671467000,44.45,1,44.4,4,44.5,566,1,2022-05-26 09:00:08
1653555608743274000,44.45,1,44.45,1,44.5,566,2,2022-05-26 09:00:08
1653555608835795000,44.5,2,44.45,4,44.5,565,1,2022-05-26 09:00:08
1653555608971222000,44.45,5,44.4,15,44.45,50,2,2022-05-26 09:00:08
1653555608974353000,44.45,1,44.4,15,44.45,49,1,2022-05-26 09:00:08
1653555608985490000,44.4,2,44.4,13,44.45,49,2,2022-05-26 09:00:08
1653555609009206000,44.45,1,44.4,13,44.45,77,1,2022-05-26 09:00:09
1653555609012086000,44.45,1,44.4,13,44.45,76,1,2022-05-26 09:00:09
1653555609012106000,44.45,5,44.4,13,44.45,71,1,2022-05-26 09:00:09
1653555609049655000,44.45,1,44.4,14,44.45,73,1,2022-05-26 09:00:09
1653555609059846000,44.4,1,44.4,13,44.45,73,2,2022-05-26 09:00:09
1653555609079946000,44.45,1,44.4,13,44.45,124,1,2022-05-26 09:00:09
1653555609137156000,44.45,1,44.4,16,44.45,123,1,2022-05-26 09:00:09
1653555609153175000,44.45,10,44.4,16,44.45,113,1,2022-05-26 09:00:09
1653555609238520000,44.45,1,44.4,16,44.45,112,1,2022-05-26 09:00:09
1653555609305484000,44.45,10,44.4,16,44.45,102,1,2022-05-26 09:00:09
1653555609319811000,44.45,3,44.4,16,44.45,99,1,2022-05-26 09:00:09
1653555609402155000,44.45,1,44.4,21,44.45,103,1,2022-05-26 09:00:09
1653555609508531000,44.45,3,44.4,26,44.45,100,1,2022-05-26 09:00:09
1653555609570702000,44.4,5,44.4,21,44.45,100,2,2022-05-26 09:00:09
1653555609574892000,44.45,3,44.4,21,44.45,97,1,2022-05-26 09:00:09
1653555609584334000,44.45,1,44.4,21,44.45,96,1,2022-05-26 09:00:09
1653555609647472000,44.45,2,44.4,21,44.45,94,1,2022-05-26 09:00:09
1653555609675318000,44.4,2,44.4,29,44.45,94,2,2022-05-26 09:00:09
1653555609696155000,44.45,5,44.4,29,44.45,89,1,2022-05-26 09:00:09
1653555609740233000,44.4,15,44.4,17,44.45,89,2,2022-05-26 09:00:09
1653555609749465000,44.45,1,44.4,18,44.45,88,1,2022-05-26 09:00:09
1653555609800564000,44.45,1,44.4,18,44.45,87,1,2022-05-26 09:00:09
1653555609826363000,44.45,1,44.4,18,44.45,86,1,2022-05-26 09:00:09
1653555609874066000,44.45,1,44.4,18,44.45,85,1,2022-05-26 09:00:09
1653555609882309000,44.45,6,44.4,18,44.45,79,1,2022-05-26 09:00:09
1653555609910483000,44.45,1,44.4,19,44.45,78,1,2022-05-26 09:00:09
1653555609912045000,44.45,2,44.4,19,44.45,76,1,2022-05-26 09:00:09
1653555609923097000,44.45,1,44.4,19,44.45,75,1,2022-05-26 09:00:09
1653555609928424000,44.45,3,44.4,19,44.45,72,1,2022-05-26 09:00:09
1653555609940270000,44.45,4,44.4,20,44.45,68,1,2022-05-26 09:00:09
1653555609941531000,44.45,10,44.4,20,44.45,58,1,2022-05-26 09:00:09
1653555609979171000,44.45,10,44.4,20,44.45,51,1,2022-05-26 09:00:09
1653555609998547000,44.45,1,44.4,20,44.45,50,1,2022-05-26 09:00:09
1653555610044703000,44.45,1,44.4,22,44.45,49,1,2022-05-26 09:00:10
1653555610076423000,44.45,10,44.4,22,44.45,49,1,2022-05-26 09:00:10
1653555610131161000,44.45,1,44.4,23,44.45,98,1,2022-05-26 09:00:10
1653555610186580000,44.45,1,44.4,23,44.45,98,1,2022-05-26 09:00:10
1653555610219716000,44.45,1,44.4,23,44.45,97,1,2022-05-26 09:00:10
1653555610232622000,44.45,50,44.4,23,44.45,47,1,2022-05-26 09:00:10
1653555610241085000,44.45,2,44.4,24,44.45,45,1,2022-05-26 09:00:10
1653555610257310000,44.45,10,44.4,24,44.45,35,1,2022-05-26 09:00:10
1653555610339416000,44.4,1,44.4,23,44.45,35,2,2022-05-26 09:00:10
1653555610403380000,44.45,1,44.4,25,44.45,34,1,2022-05-26 09:00:10
1653555610454933000,44.4,30,44.35,79,44.45,36,2,2022-05-26 09:00:10
1653555610456655000,44.45,1,44.35,79,44.45,35,1,2022-05-26 09:00:10
1653555610467022000,44.45,1,44.35,79,44.45,34,1,2022-05-26 09:00:10
1653555610524118000,44.45,5,44.35,79,44.45,29,1,2022-05-26 09:00:10
1653555610525077000,44.45,2,44.35,79,44.45,27,1,2022-05-26 09:00:10
1653555610605315000,44.45,1,44.4,2,44.45,26,1,2022-05-26 09:00:10
1653555610651915000,44.45,1,44.4,2,44.45,25,1,2022-05-26 09:00:10
1653555610654238000,44.45,1,44.4,2,44.45,24,1,2022-05-26 09:00:10
1653555610656843000,44.45,2,44.4,2,44.45,22,1,2022-05-26 09:00:10
1653555610668266000,44.45,3,44.4,2,44.45,19,1,2022-05-26 09:00:10
1653555610766388000,44.4,1,44.4,1,44.45,19,2,2022-05-26 09:00:10
1653555610770460000,44.45,1,44.4,1,44.45,18,1,2022-05-26 09:00:10
1653555610816570000,44.45,1,44.4,3,44.45,17,1,2022-05-26 09:00:10
1653555610821995000,44.4,3,44.35,80,44.4,2,2,2022-05-26 09:00:10
1653555610830718000,44.4,1,44.35,80,44.4,1,1,2022-05-26 09:00:10
1653555610853233000,44.4,1,44.35,80,44.45,17,1,2022-05-26 09:00:10
1653555610878112000,44.45,1,44.35,80,44.45,16,1,2022-05-26 09:00:10
1653555610899299000,44.45,1,44.35,80,44.45,19,1,2022-05-26 09:00:10
1653555610992337000,44.45,1,44.35,80,44.45,18,1,2022-05-26 09:00:10
1653555611015249000,44.45,1,44.35,80,44.45,17,1,2022-05-26 09:00:11
1653555611195663000,44.45,1,44.4,1,44.45,71,1,2022-05-26 09:00:11
1653555611203207000,44.4,1,44.35,80,44.45,71,2,2022-05-26 09:00:11
1653555611221446000,44.45,5,44.35,80,44.45,67,1,2022-05-26 09:00:11
1653555611231405000,44.45,10,44.35,80,44.45,57,1,2022-05-26 09:00:11
1653555611252366000,44.45,1,44.35,80,44.45,56,1,2022-05-26 09:00:11
1653555611288541000,44.35,5,44.35,75,44.45,56,2,2022-05-26 09:00:11
1653555611293794000,44.35,1,44.35,74,44.45,56,2,2022-05-26 09:00:11
1653555611296395000,44.45,1,44.35,74,44.45,55,1,2022-05-26 09:00:11
1653555611307114000,44.45,1,44.35,74,44.45,54,1,2022-05-26 09:00:11
1653555611335145000,44.45,1,44.4,1,44.45,83,1,2022-05-26 09:00:11
1653555611382237000,44.45,1,44.4,3,44.45,82,1,2022-05-26 09:00:11
1653555611405106000,44.45,1,44.4,3,44.45,81,1,2022-05-26 09:00:11
1653555611415684000,44.45,1,44.4,3,44.45,80,1,2022-05-26 09:00:11
1653555611418543000,44.45,20,44.4,3,44.45,60,1,2022-05-26 09:00:11
1653555611488349000,44.4,3,44.4,2,44.45,73,2,2022-05-26 09:00:11
1653555611522075000,44.4,2,44.35,79,44.4,59,2,2022-05-26 09:00:11
1653555611585136000,44.4,1,44.35,79,44.4,59,1,2022-05-26 09:00:11
1653555611597064000,44.4,2,44.35,79,44.4,57,1,2022-05-26 09:00:11
1653555611605929000,44.4,1,44.35,79,44.4,56,1,2022-05-26 09:00:11
1653555611658135000,44.4,1,44.35,79,44.4,55,1,2022-05-26 09:00:11
1653555611705875000,44.4,2,44.35,79,44.4,53,1,2022-05-26 09:00:11
1653555611731631000,44.4,1,44.35,79,44.4,52,1,2022-05-26 09:00:11
1653555611750918000,44.4,1,44.35,79,44.4,51,1,2022-05-26 09:00:11
1653555611783907000,44.4,1,44.35,79,44.4,50,1,2022-05-26 09:00:11
1653555611816788000,44.4,2,44.35,79,44.4,48,1,2022-05-26 09:00:11
1653555611867556000,44.4,1,44.35,79,44.4,48,1,2022-05-26 09:00:11
1653555611877958000,44.4,1,44.35,79,44.4,47,1,2022-05-26 09:00:11
1653555611880074000,44.4,1,44.35,79,44.4,46,1,2022-05-26 09:00:11
1653555611882218000,44.4,1,44.35,79,44.4,45,1,2022-05-26 09:00:11
1653555611912783000,44.4,25,44.35,79,44.4,20,1,2022-05-26 09:00:11
1653555611969835000,44.4,1,44.35,79,44.4,26,1,2022-05-26 09:00:11
1653555611989173000,44.4,1,44.35,79,44.4,25,1,2022-05-26 09:00:11
1653555611991999000,44.4,25,44.35,79,44.45,53,1,2022-05-26 09:00:11
1653555611991999000,44.45,25,44.35,79,44.45,53,1,2022-05-26 09:00:11
1653555612037813000,44.45,1,44.4,1,44.45,53,1,2022-05-26 09:00:12
1653555612039318000,44.45,2,44.4,1,44.45,51,1,2022-05-26 09:00:12
1653555612063788000,44.4,1,44.35,75,44.45,52,2,2022-05-26 09:00:12
1653555612063788000,44.35,4,44.35,75,44.45,52,2,2022-05-26 09:00:12
1653555612066578000,44.45,3,44.35,75,44.45,49,1,2022-05-26 09:00:12
1653555612071981000,44.35,1,44.35,74,44.45,49,2,2022-05-26 09:00:12
1653555612102165000,44.45,1,44.4,1,44.45,48,1,2022-05-26 09:00:12
1653555612144081000,44.45,1,44.4,1,44.45,47,1,2022-05-26 09:00:12
1653555612192400000,44.45,4,44.4,2,44.45,43,1,2022-05-26 09:00:12
1653555612253300000,44.4,2,44.35,74,44.4,1,2,2022-05-26 09:00:12
1653555612268236000,44.4,1,44.35,74,44.45,39,1,2022-05-26 09:00:12
1653555612268236000,44.45,4,44.35,74,44.45,39,1,2022-05-26 09:00:12
1653555612291676000,44.45,1,44.35,74,44.45,38,1,2022-05-26 09:00:12
1653555612349342000,44.4,20,44.35,74,44.45,38,1,2022-05-26 09:00:12
1653555612351925000,44.45,1,44.35,74,44.45,37,1,2022-05-26 09:00:12
1653555612390739000,44.45,2,44.35,74,44.45,35,1,2022-05-26 09:00:12
1653555612403232000,44.45,1,44.35,74,44.45,34,1,2022-05-26 09:00:12
1653555612602054000,44.45,36,44.45,14,44.5,642,1,2022-05-26 09:00:12
1653555612634935000,44.45,2,44.45,12,44.5,642,2,2022-05-26 09:00:12
1653555612659833000,44.5,3,44.45,12,44.5,646,1,2022-05-26 09:00:12
1653555612676163000,44.5,1,44.45,12,44.5,645,1,2022-05-26 09:00:12
1653555612802826000,44.45,3,44.45,10,44.5,645,2,2022-05-26 09:00:12
1653555612803495000,44.45,2,44.45,8,44.5,645,2,2022-05-26 09:00:12
1653555612865605000,44.45,1,44.45,7,44.5,645,2,2022-05-26 09:00:12
1653555612939308000,44.45,1,44.45,29,44.5,645,2,2022-05-26 09:00:12
1653555612948133000,44.45,1,44.45,28,44.5,645,2,2022-05-26 09:00:12
1653555612990224000,44.45,3,44.45,36,44.5,645,2,2022-05-26 09:00:12
1653555612991131000,44.5,1,44.45,36,44.5,644,1,2022-05-26 09:00:12
1653555613025044000,44.5,10,44.45,36,44.5,634,1,2022-05-26 09:00:13
1653555613047002000,44.45,3,44.45,33,44.5,634,2,2022-05-26 09:00:13
1653555613051229000,44.5,5,44.45,33,44.5,629,1,2022-05-26 09:00:13
1653555613054342000,44.45,3,44.45,31,44.5,629,2,2022-05-26 09:00:13
1653555613065895000,44.45,1,44.45,50,44.5,629,2,2022-05-26 09:00:13
1653555613117774000,44.45,6,44.45,45,44.5,629,2,2022-05-26 09:00:13
1653555613147598000,44.5,1,44.45,45,44.5,628,1,2022-05-26 09:00:13
1653555613152723000,44.5,2,44.45,45,44.5,626,1,2022-05-26 09:00:13
1653555613190024000,44.45,1,44.45,44,44.5,626,2,2022-05-26 09:00:13
1653555613293511000,44.5,5,44.45,47,44.5,621,1,2022-05-26 09:00:13
1653555613434932000,44.5,3,44.45,50,44.5,618,1,2022-05-26 09:00:13
1653555613478154000,44.45,30,44.45,20,44.5,618,2,2022-05-26 09:00:13
1653555613503281000,44.45,1,44.45,19,44.5,618,2,2022-05-26 09:00:13
1653555613521446000,44.5,4,44.45,19,44.5,614,1,2022-05-26 09:00:13
1653555613538870000,44.5,1,44.45,19,44.5,614,1,2022-05-26 09:00:13
1653555613624574000,44.45,1,44.45,18,44.5,614,2,2022-05-26 09:00:13
1653555613661008000,44.5,2,44.45,18,44.5,612,1,2022-05-26 09:00:13
1653555613717098000,44.45,10,44.45,29,44.5,612,2,2022-05-26 09:00:13
1653555613762784000,44.45,29,44.4,22,44.45,21,2,2022-05-26 09:00:13
1653555613767069000,44.45,1,44.4,22,44.45,20,1,2022-05-26 09:00:13
1653555613778718000,44.4,18,44.4,4,44.45,20,2,2022-05-26 09:00:13
1653555613800582000,44.45,1,44.4,4,44.45,19,1,2022-05-26 09:00:13
1653555613822520000,44.4,1,44.4,3,44.45,19,2,2022-05-26 09:00:13
1653555613823902000,44.45,1,44.4,3,44.45,19,1,2022-05-26 09:00:13
1653555613870157000,44.4,1,44.4,3,44.45,20,2,2022-05-26 09:00:13
1653555613894296000,44.45,1,44.4,8,44.45,19,1,2022-05-26 09:00:13
1653555613927627000,44.4,3,44.4,10,44.45,19,2,2022-05-26 09:00:13
1653555613962469000,44.45,1,44.4,13,44.45,18,1,2022-05-26 09:00:13
1653555614035496000,44.45,3,44.4,13,44.45,76,1,2022-05-26 09:00:14
1653555614052965000,44.4,2,44.4,11,44.45,76,2,2022-05-26 09:00:14
1653555614068497000,44.45,1,44.4,12,44.45,75,1,2022-05-26 09:00:14
1653555614078003000,44.45,3,44.4,12,44.45,72,1,2022-05-26 09:00:14
1653555614109430000,44.45,1,44.4,12,44.45,71,1,2022-05-26 09:00:14
1653555614135817000,44.45,4,44.4,13,44.45,67,1,2022-05-26 09:00:14
1653555614146487000,44.45,1,44.4,15,44.45,66,1,2022-05-26 09:00:14
1653555614201939000,44.45,5,44.4,15,44.45,62,1,2022-05-26 09:00:14
1653555614214318000,44.45,1,44.4,15,44.45,61,1,2022-05-26 09:00:14
1653555614216143000,44.45,2,44.4,15,44.45,59,1,2022-05-26 09:00:14
1653555614253249000,44.45,1,44.4,15,44.45,58,1,2022-05-26 09:00:14
1653555614260564000,44.45,3,44.4,15,44.45,55,1,2022-05-26 09:00:14
1653555614356979000,44.45,10,44.4,15,44.45,45,1,2022-05-26 09:00:14
1653555614372317000,44.45,6,44.4,15,44.45,39,1,2022-05-26 09:00:14
1653555614409905000,44.45,3,44.4,16,44.45,36,1,2022-05-26 09:00:14
1653555614444861000,44.45,3,44.4,17,44.45,33,1,2022-05-26 09:00:14
1653555614528000000,44.45,3,44.4,17,44.5,551,1,2022-05-26 09:00:14
1653555614585940000,44.5,1,44.4,17,44.5,550,1,2022-05-26 09:00:14
1653555614616751000,44.5,1,44.4,17,44.5,550,1,2022-05-26 09:00:14
1653555614717696000,44.5,10,44.45,10,44.5,540,1,2022-05-26 09:00:14
1653555614718045000,44.45,1,44.45,9,44.5,540,2,2022-05-26 09:00:14
1653555614733916000,44.45,1,44.45,8,44.5,540,2,2022-05-26 09:00:14
1653555614811925000,44.5,1,44.45,8,44.5,539,1,2022-05-26 09:00:14
1653555614860899000,44.5,1,44.45,9,44.5,541,1,2022-05-26 09:00:14
1653555614883936000,44.45,5,44.45,4,44.5,541,2,2022-05-26 09:00:14
1653555614919444000,44.45,1,44.45,3,44.5,541,2,2022-05-26 09:00:14
1653555614958000000,44.5,2,44.45,5,44.5,539,1,2022-05-26 09:00:14
1653555615038817000,44.5,1,44.45,5,44.5,541,1,2022-05-26 09:00:15
1653555615078934000,44.45,5,44.4,35,44.45,10,2,2022-05-26 09:00:15
1653555615115309000,44.45,1,44.4,36,44.45,9,1,2022-05-26 09:00:15
1653555615127763000,44.45,1,44.4,36,44.45,8,1,2022-05-26 09:00:15
1653555615138504000,44.45,2,44.4,36,44.45,6,1,2022-05-26 09:00:15
1653555615139783000,44.4,1,44.4,35,44.45,6,2,2022-05-26 09:00:15
1653555615166613000,44.45,1,44.4,35,44.45,5,1,2022-05-26 09:00:15
1653555615171466000,44.4,8,44.4,27,44.45,5,2,2022-05-26 09:00:15
1653555615182186000,44.45,1,44.4,27,44.45,4,1,2022-05-26 09:00:15
1653555615210558000,44.45,1,44.4,27,44.45,3,1,2022-05-26 09:00:15
1653555615230616000,44.4,5,44.4,22,44.45,3,2,2022-05-26 09:00:15
1653555615255450000,44.45,3,44.45,2,44.5,591,1,2022-05-26 09:00:15
1653555615292165000,44.45,2,44.4,22,44.5,591,2,2022-05-26 09:00:15
1653555615312193000,44.5,1,44.4,22,44.5,590,1,2022-05-26 09:00:15
1653555615458654000,44.5,1,44.45,10,44.5,589,1,2022-05-26 09:00:15
1653555615467881000,44.5,2,44.45,10,44.5,587,1,2022-05-26 09:00:15
1653555615520654000,44.5,10,44.45,10,44.5,579,1,2022-05-26 09:00:15
1653555615525278000,44.45,10,44.4,28,44.5,579,2,2022-05-26 09:00:15
1653555615544688000,44.5,1,44.45,2,44.5,584,1,2022-05-26 09:00:15
1653555615545567000,44.5,20,44.45,2,44.5,564,1,2022-05-26 09:00:15
1653555615563865000,44.5,19,44.45,2,44.5,545,1,2022-05-26 09:00:15
1653555615564830000,44.45,1,44.45,1,44.5,545,2,2022-05-26 09:00:15
1653555615655514000,44.5,1,44.45,11,44.5,545,1,2022-05-26 09:00:15
1653555615773493000,44.5,1,44.45,16,44.5,544,1,2022-05-26 09:00:15
1653555615783022000,44.45,8,44.45,8,44.5,544,2,2022-05-26 09:00:15
1653555615827199000,44.45,1,44.45,11,44.5,545,2,2022-05-26 09:00:15
1653555615931334000,44.5,1,44.45,11,44.5,544,1,2022-05-26 09:00:15
1653555615934760000,44.5,5,44.45,11,44.5,539,1,2022-05-26 09:00:15
1653555615937722000,44.5,1,44.45,11,44.5,538,1,2022-05-26 09:00:15
1653555615981980000,44.45,2,44.45,9,44.5,542,2,2022-05-26 09:00:15
1653555616040802000,44.45,3,44.45,7,44.5,542,2,2022-05-26 09:00:16
1653555616064092000,44.45,2,44.45,5,44.5,542,2,2022-05-26 09:00:16
1653555616109705000,44.5,1,44.45,7,44.5,541,1,2022-05-26 09:00:16
1653555616148447000,44.5,1,44.45,7,44.5,540,1,2022-05-26 09:00:16
1653555616151147000,44.5,1,44.45,7,44.5,539,1,2022-05-26 09:00:16
1653555616212006000,44.45,1,44.45,75,44.5,539,2,2022-05-26 09:00:16
1653555616261927000,44.5,1,44.45,75,44.5,539,1,2022-05-26 09:00:16
1653555616265795000,44.45,4,44.45,71,44.5,539,2,2022-05-26 09:00:16
1653555616293970000,44.45,3,44.45,68,44.5,539,2,2022-05-26 09:00:16
1653555616297230000,44.5,1,44.45,68,44.5,538,1,2022-05-26 09:00:16
1653555616366378000,44.5,5,44.45,70,44.5,533,1,2022-05-26 09:00:16
1653555616372140000,44.5,2,44.45,70,44.5,531,1,2022-05-26 09:00:16
1653555616432864000,44.5,1,44.45,77,44.5,530,1,2022-05-26 09:00:16
1653555616466481000,44.5,3,44.45,77,44.5,527,1,2022-05-26 09:00:16
1653555616482890000,44.5,2,44.45,77,44.5,525,1,2022-05-26 09:00:16
1653555616556572000,44.5,1,44.45,82,44.5,524,1,2022-05-26 09:00:16
1653555616583931000,44.45,28,44.45,55,44.5,525,2,2022-05-26 09:00:16
1653555616588741000,44.45,1,44.45,54,44.5,524,2,2022-05-26 09:00:16
1653555616631761000,44.5,1,44.45,55,44.5,523,1,2022-05-26 09:00:16
1653555616656217000,44.45,10,44.45,45,44.5,523,2,2022-05-26 09:00:16
1653555616728589000,44.5,1,44.45,54,44.5,522,1,2022-05-26 09:00:16
1653555616737594000,44.5,5,44.45,54,44.5,517,1,2022-05-26 09:00:16
1653555616784613000,44.45,1,44.45,53,44.5,517,2,2022-05-26 09:00:16
1653555616816252000,44.45,1,44.45,52,44.5,517,2,2022-05-26 09:00:16
1653555616840222000,44.5,1,44.45,52,44.5,516,1,2022-05-26 09:00:16
1653555616889532000,44.45,1,44.45,51,44.5,516,2,2022-05-26 09:00:16
1653555616914057000,44.5,10,44.45,71,44.5,506,1,2022-05-26 09:00:16
1653555616923728000,44.5,1,44.45,71,44.5,505,1,2022-05-26 09:00:16
1653555616931639000,44.45,2,44.45,73,44.5,505,2,2022-05-26 09:00:16
1653555616968413000,44.45,2,44.45,71,44.5,505,2,2022-05-26 09:00:16
1653555616977558000,44.5,1,44.45,71,44.5,504,1,2022-05-26 09:00:16
1653555617002926000,44.5,3,44.45,71,44.5,501,1,2022-05-26 09:00:17
1653555617018705000,44.5,5,44.45,72,44.5,496,1,2022-05-26 09:00:17
1653555617073360000,44.5,20,44.45,78,44.5,477,1,2022-05-26 09:00:17
1653555617158578000,44.5,20,44.45,79,44.5,457,1,2022-05-26 09:00:17
1653555617164864000,44.45,5,44.45,75,44.5,457,2,2022-05-26 09:00:17
1653555617176898000,44.45,1,44.45,75,44.5,457,2,2022-05-26 09:00:17
1653555617183627000,44.45,3,44.45,72,44.5,457,2,2022-05-26 09:00:17
1653555617248056000,44.5,1,44.45,75,44.5,461,1,2022-05-26 09:00:17
1653555617307014000,44.45,5,44.45,81,44.5,461,2,2022-05-26 09:00:17
1653555617344331000,44.5,5,44.45,81,44.5,456,1,2022-05-26 09:00:17
1653555617371713000,44.5,1,44.45,81,44.5,455,1,2022-05-26 09:00:17
1653555617389846000,44.5,1,44.45,81,44.5,454,1,2022-05-26 09:00:17
1653555617395175000,44.5,1,44.45,81,44.5,453,1,2022-05-26 09:00:17
1653555617424525000,44.45,1,44.45,81,44.5,453,2,2022-05-26 09:00:17
1653555617439616000,44.5,6,44.45,81,44.5,447,1,2022-05-26 09:00:17
1653555617456084000,44.5,10,44.45,81,44.5,437,1,2022-05-26 09:00:17
1653555617501776000,44.45,1,44.45,85,44.5,437,2,2022-05-26 09:00:17
1653555617540135000,44.5,1,44.45,89,44.5,436,1,2022-05-26 09:00:17
1653555617555383000,44.45,7,44.45,82,44.5,436,2,2022-05-26 09:00:17
1653555617563688000,44.5,1,44.45,83,44.5,435,1,2022-05-26 09:00:17
1653555617567610000,44.45,1,44.45,82,44.5,435,2,2022-05-26 09:00:17
1653555617604074000,44.5,1,44.45,82,44.5,434,1,2022-05-26 09:00:17
1653555617613371000,44.5,10,44.45,82,44.5,424,1,2022-05-26 09:00:17
1653555617623868000,44.45,3,44.45,82,44.5,424,2,2022-05-26 09:00:17
1653555617711065000,44.5,3,44.45,85,44.5,421,1,2022-05-26 09:00:17
1653555617751637000,44.45,86,44.3,253,44.5,421,2,2022-05-26 09:00:17
1653555617751637000,44.4,100,44.3,253,44.5,421,2,2022-05-26 09:00:17
1653555617751637000,44.35,92,44.3,253,44.5,421,2,2022-05-26 09:00:17
1653555617751637000,44.3,221,44.3,253,44.5,421,2,2022-05-26 09:00:17
1653555617751654000,44.3,1,44.3,252,44.5,421,2,2022-05-26 09:00:17
1653555617767442000,44.45,2,44.3,252,44.4,45,2,2022-05-26 09:00:17
1653555617767442000,44.4,1,44.3,252,44.4,45,2,2022-05-26 09:00:17
1653555617779349000,44.3,3,44.3,247,44.4,45,2,2022-05-26 09:00:17
1653555617810692000,44.4,3,44.35,2,44.4,42,1,2022-05-26 09:00:17
1653555617855353000,44.3,1,44.3,246,44.4,42,2,2022-05-26 09:00:17
1653555617860077000,44.4,1,44.3,246,44.4,41,1,2022-05-26 09:00:17
1653555617907812000,44.4,1,44.3,246,44.4,44,1,2022-05-26 09:00:17
1653555617971961000,44.4,1,44.3,246,44.4,45,1,2022-05-26 09:00:17
1653555618012732000,44.4,2,44.35,3,44.4,43,1,2022-05-26 09:00:18
1653555618012766000,44.4,5,44.35,3,44.4,38,1,2022-05-26 09:00:18
1653555618036720000,44.4,1,44.35,3,44.4,37,1,2022-05-26 09:00:18
1653555618040534000,44.4,2,44.35,3,44.4,35,1,2022-05-26 09:00:18
1653555618069534000,44.4,1,44.35,3,44.4,34,1,2022-05-26 09:00:18
1653555618091253000,44.4,4,44.35,3,44.4,30,1,2022-05-26 09:00:18
1653555618121934000,44.4,1,44.35,3,44.4,29,1,2022-05-26 09:00:18
1653555618134863000,44.4,20,44.35,3,44.4,9,1,2022-05-26 09:00:18
1653555618140057000,44.35,1,44.35,2,44.4,9,2,2022-05-26 09:00:18
1653555618161846000,44.4,9,44.35,2,44.45,3,1,2022-05-26 09:00:18
1653555618288032000,44.45,1,44.35,11,44.45,2,1,2022-05-26 09:00:18
1653555618306714000,44.45,1,44.35,12,44.45,1,1,2022-05-26 09:00:18
1653555618307493000,44.45,1,44.35,12,44.5,396,1,2022-05-26 09:00:18
1653555618314430000,44.5,2,44.35,12,44.5,394,1,2022-05-26 09:00:18
1653555618315556000,44.5,6,44.35,12,44.5,388,1,2022-05-26 09:00:18
1653555618382744000,44.45,1,44.45,23,44.5,388,2,2022-05-26 09:00:18
1653555618383520000,44.5,2,44.45,23,44.5,386,1,2022-05-26 09:00:18
1653555618401117000,44.5,2,44.45,23,44.5,384,1,2022-05-26 09:00:18
1653555618403452000,44.45,12,44.45,11,44.5,384,2,2022-05-26 09:00:18
1653555618468829000,44.5,1,44.45,11,44.5,383,1,2022-05-26 09:00:18
1653555618486487000,44.5,10,44.45,12,44.5,373,1,2022-05-26 09:00:18
1653555618512021000,44.45,1,44.45,11,44.5,373,2,2022-05-26 09:00:18
1653555618577393000,44.45,1,44.45,10,44.5,374,2,2022-05-26 09:00:18
1653555618613170000,44.45,1,44.45,10,44.5,374,2,2022-05-26 09:00:18
1653555618622325000,44.45,1,44.45,9,44.5,374,2,2022-05-26 09:00:18
1653555618641035000,44.45,3,44.45,9,44.5,374,2,2022-05-26 09:00:18
1653555618642770000,44.45,3,44.45,6,44.5,374,2,2022-05-26 09:00:18
1653555618644692000,44.5,10,44.45,6,44.5,369,1,2022-05-26 09:00:18
1653555618666062000,44.5,1,44.45,6,44.5,368,1,2022-05-26 09:00:18
1653555618671623000,44.5,2,44.45,6,44.5,366,1,2022-05-26 09:00:18
1653555618768045000,44.45,3,44.45,5,44.5,366,2,2022-05-26 09:00:18
1653555618781884000,44.45,3,44.45,2,44.5,366,2,2022-05-26 09:00:18
1653555618792344000,44.5,5,44.45,2,44.5,361,1,2022-05-26 09:00:18
1653555618814868000,44.45,1,44.45,2,44.5,361,2,2022-05-26 09:00:18
1653555618827436000,44.5,1,44.45,12,44.5,360,1,2022-05-26 09:00:18
1653555618834468000,44.5,1,44.45,12,44.5,359,1,2022-05-26 09:00:18
1653555618836327000,44.5,15,44.45,12,44.5,344,1,2022-05-26 09:00:18
1653555618838115000,44.45,5,44.45,7,44.5,344,2,2022-05-26 09:00:18
1653555618864134000,44.5,1,44.45,7,44.5,343,1,2022-05-26 09:00:18
1653555618936644000,44.45,1,44.45,7,44.5,343,2,2022-05-26 09:00:18
1653555618950022000,44.5,1,44.45,7,44.5,343,1,2022-05-26 09:00:18
1653555618962091000,44.5,1,44.45,7,44.5,342,1,2022-05-26 09:00:18
1653555618962498000,44.45,5,44.45,2,44.5,342,2,2022-05-26 09:00:18
1653555619038567000,44.45,3,44.4,7,44.45,17,2,2022-05-26 09:00:19
1653555619042873000,44.45,1,44.4,7,44.45,16,1,2022-05-26 09:00:19
1653555619118425000,44.4,5,44.4,3,44.45,17,2,2022-05-26 09:00:19
1653555619169461000,44.45,1,44.4,13,44.45,16,1,2022-05-26 09:00:19
1653555619174271000,44.45,10,44.4,13,44.45,6,1,2022-05-26 09:00:19
1653555619191838000,44.45,1,44.4,13,44.45,5,1,2022-05-26 09:00:19
1653555619230209000,44.45,5,44.4,13,44.45,20,1,2022-05-26 09:00:19
1653555619230522000,44.45,1,44.4,13,44.45,19,1,2022-05-26 09:00:19
1653555619250109000,44.45,1,44.4,13,44.45,18,1,2022-05-26 09:00:19
1653555619265653000,44.45,1,44.4,13,44.45,18,1,2022-05-26 09:00:19
1653555619282550000,44.45,18,44.4,13,44.5,310,1,2022-05-26 09:00:19
1653555619282550000,44.5,32,44.4,13,44.5,310,1,2022-05-26 09:00:19
1653555619463199000,44.45,1,44.4,14,44.45,11,1,2022-05-26 09:00:19
1653555619493027000,44.45,10,44.4,14,44.45,1,1,2022-05-26 09:00:19
1653555619527827000,44.4,1,44.4,13,44.45,1,2,2022-05-26 09:00:19
1653555619574945000,44.45,1,44.4,13,44.5,405,1,2022-05-26 09:00:19
1653555619614913000,44.45,1,44.4,13,44.45,1,1,2022-05-26 09:00:19
1653555619619971000,44.45,1,44.45,4,44.5,405,1,2022-05-26 09:00:19
1653555619622671000,44.45,1,44.45,3,44.5,405,2,2022-05-26 09:00:19
1653555619673515000,44.5,5,44.45,3,44.5,400,1,2022-05-26 09:00:19
1653555619721571000,44.5,10,44.45,5,44.5,391,1,2022-05-26 09:00:19
1653555619735062000,44.45,6,44.4,13,44.45,34,2,2022-05-26 09:00:19
1653555619774058000,44.45,1,44.4,13,44.45,33,1,2022-05-26 09:00:19
1653555619778193000,44.45,1,44.4,13,44.45,35,1,2022-05-26 09:00:19
1653555619797406000,44.45,5,44.4,13,44.45,35,1,2022-05-26 09:00:19
1653555619816423000,44.45,1,44.4,13,44.45,36,1,2022-05-26 09:00:19
1653555619850983000,44.45,3,44.4,34,44.45,33,1,2022-05-26 09:00:19
1653555619858782000,44.45,10,44.4,35,44.45,23,1,2022-05-26 09:00:19
1653555619886994000,44.45,1,44.4,35,44.45,22,1,2022-05-26 09:00:19
1653555619925475000,44.4,35,44.3,197,44.45,22,2,2022-05-26 09:00:19
1653555619925475000,44.35,22,44.3,197,44.45,22,2,2022-05-26 09:00:19
1653555619925475000,44.3,43,44.3,197,44.45,22,2,2022-05-26 09:00:19
1653555619947603000,44.45,1,44.3,197,44.45,22,1,2022-05-26 09:00:19
1653555619956691000,44.45,2,44.3,197,44.45,20,1,2022-05-26 09:00:19
1653555619978623000,44.45,1,44.3,197,44.45,20,1,2022-05-26 09:00:19
1653555620011191000,44.45,1,44.3,197,44.45,19,1,2022-05-26 09:00:20
1653555620069332000,44.45,5,44.4,1,44.45,67,1,2022-05-26 09:00:20
1653555620091556000,44.45,1,44.4,2,44.45,68,1,2022-05-26 09:00:20
1653555620151397000,44.45,1,44.4,2,44.45,68,1,2022-05-26 09:00:20
1653555620185133000,44.45,2,44.4,2,44.45,66,1,2022-05-26 09:00:20
1653555620224861000,44.45,1,44.4,2,44.45,65,1,2022-05-26 09:00:20
1653555620231878000,44.45,2,44.4,2,44.45,68,1,2022-05-26 09:00:20
1653555620265811000,44.45,5,44.4,2,44.45,66,1,2022-05-26 09:00:20
1653555620304315000,44.4,1,44.4,1,44.45,69,2,2022-05-26 09:00:20
1653555620337096000,44.45,1,44.4,1,44.45,68,1,2022-05-26 09:00:20
1653555620345343000,44.45,1,44.4,1,44.45,67,1,2022-05-26 09:00:20
1653555620371505000,44.45,1,44.4,1,44.45,91,1,2022-05-26 09:00:20
1653555620385402000,44.45,1,44.4,1,44.45,90,1,2022-05-26 09:00:20
1653555620462843000,44.45,10,44.4,1,44.45,86,1,2022-05-26 09:00:20
1653555620479317000,44.45,2,44.4,1,44.45,84,1,2022-05-26 09:00:20
1653555620480053000,44.45,1,44.4,1,44.45,83,1,2022-05-26 09:00:20
1653555620540426000,44.45,1,44.4,1,44.45,132,1,2022-05-26 09:00:20
1653555620541335000,44.45,1,44.4,1,44.45,131,1,2022-05-26 09:00:20
1653555620570485000,44.45,3,44.4,1,44.45,128,1,2022-05-26 09:00:20
1653555620575055000,44.45,1,44.4,1,44.45,127,1,2022-05-26 09:00:20
1653555620581292000,44.45,1,44.4,1,44.45,126,1,2022-05-26 09:00:20
1653555620622312000,44.45,1,44.4,1,44.45,125,1,2022-05-26 09:00:20
1653555620650650000,44.4,1,44.3,205,44.45,125,2,2022-05-26 09:00:20
1653555620650650000,44.35,1,44.3,205,44.45,125,2,2022-05-26 09:00:20
1653555620650650000,44.3,3,44.3,205,44.45,125,2,2022-05-26 09:00:20
1653555620713162000,44.3,20,44.3,185,44.45,128,2,2022-05-26 09:00:20
1653555620723326000,44.3,1,44.3,184,44.45,128,2,2022-05-26 09:00:20
1653555620731834000,44.45,1,44.3,185,44.45,127,1,2022-05-26 09:00:20
1653555620732960000,44.45,3,44.3,185,44.45,124,1,2022-05-26 09:00:20
1653555620838608000,44.3,5,44.3,180,44.45,132,2,2022-05-26 09:00:20
1653555620864009000,44.3,1,44.3,179,44.45,132,2,2022-05-26 09:00:20
1653555620873019000,44.45,1,44.4,4,44.45,131,1,2022-05-26 09:00:20
1653555620930724000,44.45,2,44.4,4,44.45,130,1,2022-05-26 09:00:20
1653555620935563000,44.45,2,44.4,5,44.45,128,1,2022-05-26 09:00:20
1653555620955166000,44.45,1,44.4,6,44.45,127,1,2022-05-26 09:00:20
1653555620973504000,44.45,1,44.4,6,44.45,126,1,2022-05-26 09:00:20
1653555620990124000,44.45,5,44.4,8,44.45,121,1,2022-05-26 09:00:20
1653555621062093000,44.45,1,44.4,8,44.45,127,1,2022-05-26 09:00:21
1653555621086978000,44.45,1,44.4,8,44.45,126,1,2022-05-26 09:00:21
1653555621106094000,44.45,10,44.4,8,44.45,116,1,2022-05-26 09:00:21
1653555621115094000,44.4,8,44.35,2,44.4,2,2,2022-05-26 09:00:21
1653555621160851000,44.35,2,44.3,176,44.4,2,2,2022-05-26 09:00:21
1653555621160851000,44.3,3,44.3,176,44.4,2,2,2022-05-26 09:00:21
1653555621183717000,44.4,2,44.3,176,44.45,127,1,2022-05-26 09:00:21
1653555621240522000,44.4,1,44.3,176,44.4,21,1,2022-05-26 09:00:21
1653555621256017000,44.3,2,44.3,174,44.4,21,2,2022-05-26 09:00:21
1653555621310294000,44.4,21,44.3,174,44.45,99,1,2022-05-26 09:00:21
1653555621310294000,44.45,29,44.3,174,44.45,99,1,2022-05-26 09:00:21
1653555621321653000,44.45,1,44.3,174,44.45,98,1,2022-05-26 09:00:21
1653555621361866000,44.4,1,44.35,1,44.4,9,1,2022-05-26 09:00:21
1653555621380475000,44.4,1,44.35,1,44.4,8,1,2022-05-26 09:00:21
1653555621394656000,44.4,1,44.35,1,44.4,7,1,2022-05-26 09:00:21
1653555621424999000,44.4,1,44.35,1,44.4,6,1,2022-05-26 09:00:21
1653555621428098000,44.4,6,44.35,1,44.45,79,1,2022-05-26 09:00:21
1653555621428098000,44.45,24,44.35,1,44.45,79,1,2022-05-26 09:00:21
1653555621436662000,44.45,1,44.35,1,44.45,78,1,2022-05-26 09:00:21
1653555621478193000,44.45,2,44.35,1,44.45,76,1,2022-05-26 09:00:21
1653555621509393000,44.45,1,44.35,1,44.45,75,1,2022-05-26 09:00:21
1653555621529715000,44.45,1,44.35,1,44.45,74,1,2022-05-26 09:00:21
1653555621557002000,44.4,2,44.35,1,44.4,18,2,2022-05-26 09:00:21
1653555621575663000,44.4,1,44.35,1,44.4,17,1,2022-05-26 09:00:21
1653555621673976000,44.35,1,44.3,173,44.4,17,2,2022-05-26 09:00:21
1653555621673976000,44.3,1,44.3,173,44.4,17,2,2022-05-26 09:00:21
1653555621719239000,44.35,4,44.3,173,44.4,17,1,2022-05-26 09:00:21
1653555621750920000,44.4,1,44.3,173,44.4,16,1,2022-05-26 09:00:21
1653555621761472000,44.4,4,44.3,173,44.4,12,1,2022-05-26 09:00:21
1653555621773497000,44.3,1,44.3,173,44.4,12,2,2022-05-26 09:00:21
1653555621785870000,44.4,1,44.3,173,44.4,11,1,2022-05-26 09:00:21
1653555621786569000,44.4,1,44.3,173,44.4,10,1,2022-05-26 09:00:21
1653555621833241000,44.4,2,44.3,173,44.4,8,1,2022-05-26 09:00:21
1653555621855392000,44.4,3,44.3,173,44.4,5,1,2022-05-26 09:00:21
1653555621888369000,44.4,1,44.3,173,44.4,4,1,2022-05-26 09:00:21
1653555621898659000,44.4,1,44.3,173,44.4,3,1,2022-05-26 09:00:21
1653555621917814000,44.4,1,44.3,172,44.4,2,1,2022-05-26 09:00:21
1653555621926558000,44.4,1,44.3,172,44.4,1,1,2022-05-26 09:00:21
1653555621936455000,44.4,1,44.3,172,44.45,149,1,2022-05-26 09:00:21
1653555621967342000,44.45,1,44.3,172,44.45,149,1,2022-05-26 09:00:21
1653555621980516000,44.45,3,44.3,172,44.45,146,1,2022-05-26 09:00:21
1653555621993724000,44.45,1,44.3,172,44.45,145,1,2022-05-26 09:00:21
1653555622031211000,44.45,1,44.3,172,44.45,147,1,2022-05-26 09:00:22
1653555622038284000,44.45,2,44.3,172,44.45,145,1,2022-05-26 09:00:22
1653555622073863000,44.45,1,44.4,7,44.45,144,1,2022-05-26 09:00:22
1653555622084744000,44.4,5,44.4,2,44.45,144,2,2022-05-26 09:00:22
1653555622085683000,44.45,3,44.4,2,44.45,141,1,2022-05-26 09:00:22
1653555622114549000,44.45,5,44.4,2,44.45,136,1,2022-05-26 09:00:22
1653555622155397000,44.45,1,44.4,3,44.45,135,1,2022-05-26 09:00:22
1653555622204709000,44.45,1,44.4,3,44.45,134,1,2022-05-26 09:00:22
1653555622216461000,44.45,1,44.4,3,44.45,133,1,2022-05-26 09:00:22
1653555622230920000,44.45,20,44.4,3,44.45,163,1,2022-05-26 09:00:22
1653555622246479000,44.45,2,44.4,3,44.45,161,1,2022-05-26 09:00:22
1653555622278455000,44.45,1,44.4,3,44.45,160,1,2022-05-26 09:00:22
1653555622335938000,44.45,2,44.4,3,44.45,158,1,2022-05-26 09:00:22
1653555622376652000,44.45,1,44.4,3,44.45,157,1,2022-05-26 09:00:22
1653555622397519000,44.45,3,44.4,3,44.45,156,1,2022-05-26 09:00:22
1653555622411040000,44.45,10,44.4,3,44.45,146,1,2022-05-26 09:00:22
1653555622422322000,44.45,2,44.4,4,44.45,144,1,2022-05-26 09:00:22
1653555622435840000,44.45,1,44.4,4,44.45,143,1,2022-05-26 09:00:22
1653555622448991000,44.45,1,44.4,4,44.45,143,1,2022-05-26 09:00:22
1653555622472083000,44.45,10,44.4,4,44.45,133,1,2022-05-26 09:00:22
1653555622506994000,44.4,3,44.4,3,44.45,133,2,2022-05-26 09:00:22
1653555622529764000,44.45,4,44.4,3,44.45,129,1,2022-05-26 09:00:22
1653555622581543000,44.45,1,44.4,3,44.45,128,1,2022-05-26 09:00:22
1653555622589868000,44.45,1,44.4,3,44.45,127,1,2022-05-26 09:00:22
1653555622611043000,44.45,1,44.4,3,44.45,126,1,2022-05-26 09:00:22
1653555622612205000,44.45,30,44.4,3,44.45,96,1,2022-05-26 09:00:22
1653555622660956000,44.45,1,44.4,3,44.45,95,1,2022-05-26 09:00:22
1653555622663629000,44.4,3,44.2,480,44.45,95,2,2022-05-26 09:00:22
1653555622663629000,44.35,3,44.2,480,44.45,95,2,2022-05-26 09:00:22
1653555622663629000,44.3,175,44.2,480,44.45,95,2,2022-05-26 09:00:22
1653555622663629000,44.25,27,44.2,480,44.45,95,2,2022-05-26 09:00:22
1653555622663629000,44.2,87,44.2,480,44.45,95,2,2022-05-26 09:00:22
1653555622711972000,44.3,3,44.25,9,44.3,7,1,2022-05-26 09:00:22
1653555622733599000,44.3,7,44.25,1,44.4,1,1,2022-05-26 09:00:22
1653555622775785000,44.25,1,44.2,381,44.3,6,2,2022-05-26 09:00:22
1653555622806670000,44.2,2,44.2,377,44.3,8,2,2022-05-26 09:00:22
1653555622816076000,44.3,7,44.2,377,44.3,5,1,2022-05-26 09:00:22
1653555622829029000,44.3,4,44.2,377,44.3,1,1,2022-05-26 09:00:22
1653555622829257000,44.3,1,44.2,377,44.4,13,1,2022-05-26 09:00:22
1653555622832745000,44.4,1,44.2,377,44.4,12,1,2022-05-26 09:00:22
1653555622849155000,44.3,1,44.2,377,44.4,12,2,2022-05-26 09:00:22
1653555622876543000,44.45,1,44.3,1,44.45,100,1,2022-05-26 09:00:22
1653555622880707000,44.45,1,44.3,1,44.45,99,1,2022-05-26 09:00:22
1653555622895505000,44.45,1,44.3,1,44.45,98,1,2022-05-26 09:00:22
1653555622954221000,44.45,1,44.3,1,44.45,97,1,2022-05-26 09:00:22
1653555622968981000,44.3,1,44.2,377,44.45,97,2,2022-05-26 09:00:22
1653555623088425000,44.4,1,44.25,8,44.4,9,1,2022-05-26 09:00:23
1653555623106448000,44.4,5,44.25,8,44.4,4,1,2022-05-26 09:00:23
1653555623119329000,44.4,2,44.25,8,44.4,2,1,2022-05-26 09:00:23
1653555623120268000,44.4,1,44.25,8,44.4,1,1,2022-05-26 09:00:23
1653555623142994000,44.4,1,44.25,8,44.45,195,1,2022-05-26 09:00:23
1653555623193334000,44.45,5,44.25,8,44.45,190,1,2022-05-26 09:00:23
1653555623212860000,44.45,1,44.25,8,44.45,189,1,2022-05-26 09:00:23
1653555623285005000,44.4,1,44.35,2,44.45,194,2,2022-05-26 09:00:23
1653555623293241000,44.45,20,44.35,2,44.45,174,1,2022-05-26 09:00:23
1653555623352566000,44.4,1,44.35,2,44.45,175,2,2022-05-26 09:00:23
1653555623373080000,44.45,2,44.4,1,44.45,173,1,2022-05-26 09:00:23
1653555623455481000,44.4,2,44.35,2,44.4,8,2,2022-05-26 09:00:23
1653555623476013000,44.4,5,44.35,2,44.4,3,1,2022-05-26 09:00:23
1653555623489632000,44.35,2,44.25,8,44.3,1,2,2022-05-26 09:00:23
1653555623492449000,44.3,1,44.25,8,44.45,172,1,2022-05-26 09:00:23
1653555623492449000,44.45,3,44.25,8,44.45,172,1,2022-05-26 09:00:23
1653555623520839000,44.3,1,44.2,375,44.45,153,2,2022-05-26 09:00:23
1653555623520839000,44.25,8,44.2,375,44.45,153,2,2022-05-26 09:00:23
1653555623520839000,44.2,2,44.2,375,44.45,153,2,2022-05-26 09:00:23
1653555623578446000,44.4,10,44.2,375,44.4,90,1,2022-05-26 09:00:23
1653555623595587000,44.2,1,44.2,374,44.4,111,2,2022-05-26 09:00:23
1653555623595818000,44.2,2,44.2,372,44.4,111,2,2022-05-26 09:00:23
1653555623651703000,44.35,1,44.25,10,44.4,118,2,2022-05-26 09:00:23
1653555623684513000,44.4,2,44.25,10,44.4,116,1,2022-05-26 09:00:23
1653555623712784000,44.25,4,44.25,6,44.4,116,2,2022-05-26 09:00:23
1653555623749329000,44.4,1,44.25,6,44.4,120,1,2022-05-26 09:00:23
1653555623830126000,44.35,1,44.3,11,44.35,29,1,2022-05-26 09:00:23
1653555623843713000,44.35,10,44.3,13,44.35,19,1,2022-05-26 09:00:23
1653555623853315000,44.3,10,44.3,3,44.35,19,2,2022-05-26 09:00:23
1653555623872845000,44.3,3,44.2,349,44.35,20,2,2022-05-26 09:00:23
1653555623872845000,44.25,6,44.2,349,44.35,20,2,2022-05-26 09:00:23
1653555623872845000,44.2,23,44.2,349,44.35,20,2,2022-05-26 09:00:23
1653555623885201000,44.35,2,44.2,349,44.35,18,1,2022-05-26 09:00:23
1653555623903595000,44.35,3,44.2,349,44.35,15,1,2022-05-26 09:00:23
1653555623958770000,44.2,1,44.2,348,44.35,15,2,2022-05-26 09:00:23
1653555624045908000,44.35,2,44.3,2,44.35,30,1,2022-05-26 09:00:24
1653555624066618000,44.35,1,44.3,2,44.35,29,1,2022-05-26 09:00:24
1653555624094553000,44.3,2,44.2,347,44.35,30,2,2022-05-26 09:00:24
1653555624094553000,44.2,1,44.2,347,44.35,30,2,2022-05-26 09:00:24
1653555624129150000,44.35,4,44.3,1,44.35,26,1,2022-05-26 09:00:24
1653555624139586000,44.35,3,44.3,1,44.35,23,1,2022-05-26 09:00:24
1653555624160085000,44.35,1,44.3,1,44.35,22,1,2022-05-26 09:00:24
1653555624220207000,44.35,5,44.3,1,44.35,17,1,2022-05-26 09:00:24
1653555624223618000,44.35,1,44.3,1,44.35,16,1,2022-05-26 09:00:24
1653555624264740000,44.35,1,44.3,4,44.35,15,1,2022-05-26 09:00:24
1653555624265346000,44.35,1,44.3,4,44.35,14,1,2022-05-26 09:00:24
1653555624271859000,44.35,1,44.3,4,44.35,13,1,2022-05-26 09:00:24
1653555624302490000,44.3,4,44.2,342,44.35,20,2,2022-05-26 09:00:24
1653555624302490000,44.25,1,44.2,342,44.35,20,2,2022-05-26 09:00:24
1653555624302490000,44.2,5,44.2,342,44.35,20,2,2022-05-26 09:00:24
1653555624352477000,44.2,2,44.2,340,44.3,102,2,2022-05-26 09:00:24
1653555624356234000,44.2,10,44.2,330,44.3,102,2,2022-05-26 09:00:24
1653555624364088000,44.3,1,44.2,330,44.3,101,1,2022-05-26 09:00:24
1653555624558172000,44.25,6,44.2,326,44.3,107,2,2022-05-26 09:00:24
1653555624558172000,44.2,4,44.2,326,44.3,107,2,2022-05-26 09:00:24
1653555624561989000,44.3,1,44.2,326,44.3,106,1,2022-05-26 09:00:24
1653555624585802000,44.3,6,44.2,326,44.3,100,1,2022-05-26 09:00:24
1653555624602592000,44.3,4,44.2,326,44.3,113,1,2022-05-26 09:00:24
1653555624634339000,44.3,12,44.2,326,44.3,117,1,2022-05-26 09:00:24
1653555624640727000,44.3,1,44.2,326,44.3,116,1,2022-05-26 09:00:24
1653555624662948000,44.2,1,44.2,325,44.3,116,2,2022-05-26 09:00:24
1653555624674258000,44.3,2,44.2,325,44.3,114,1,2022-05-26 09:00:24
1653555624685693000,44.3,1,44.2,325,44.3,113,1,2022-05-26 09:00:24
1653555624742432000,44.3,3,44.25,20,44.3,110,1,2022-05-26 09:00:24
1653555624748059000,44.25,1,44.25,19,44.3,110,2,2022-05-26 09:00:24
1653555624797603000,44.25,1,44.25,68,44.3,110,2,2022-05-26 09:00:24
1653555624810291000,44.3,1,44.25,68,44.3,109,1,2022-05-26 09:00:24
1653555624849483000,44.25,3,44.25,65,44.3,116,2,2022-05-26 09:00:24
1653555624853247000,44.3,4,44.25,65,44.3,112,1,2022-05-26 09:00:24
1653555624868720000,44.3,1,44.25,65,44.3,111,1,2022-05-26 09:00:24
1653555624893215000,44.25,1,44.25,64,44.3,111,2,2022-05-26 09:00:24
1653555624917267000,44.3,3,44.25,64,44.3,108,1,2022-05-26 09:00:24
1653555624992592000,44.25,4,44.25,60,44.3,128,2,2022-05-26 09:00:24
1653555625099307000,44.3,5,44.25,60,44.3,173,1,2022-05-26 09:00:25
1653555625106774000,44.25,22,44.25,38,44.3,173,2,2022-05-26 09:00:25
1653555625108068000,44.3,1,44.25,38,44.3,172,1,2022-05-26 09:00:25
1653555625108154000,44.3,5,44.25,38,44.3,167,1,2022-05-26 09:00:25
1653555625195189000,44.25,38,44.2,325,44.25,2,2,2022-05-26 09:00:25
1653555625213673000,44.25,2,44.2,325,44.3,169,1,2022-05-26 09:00:25
1653555625213673000,44.3,3,44.2,325,44.3,169,1,2022-05-26 09:00:25
1653555625242059000,44.2,1,44.2,324,44.3,170,2,2022-05-26 09:00:25
1653555625285092000,44.25,1,44.2,324,44.3,169,1,2022-05-26 09:00:25
1653555625296258000,44.3,1,44.2,324,44.3,168,1,2022-05-26 09:00:25
1653555625298414000,44.3,1,44.2,324,44.3,167,1,2022-05-26 09:00:25
1653555625314803000,44.3,1,44.2,324,44.3,166,1,2022-05-26 09:00:25
1653555625365728000,44.3,1,44.2,324,44.3,165,1,2022-05-26 09:00:25
1653555625367361000,44.2,3,44.2,321,44.3,165,2,2022-05-26 09:00:25
1653555625371650000,44.2,1,44.2,320,44.3,165,2,2022-05-26 09:00:25
1653555625387031000,44.3,2,44.2,320,44.3,163,1,2022-05-26 09:00:25
1653555625393761000,44.3,1,44.2,320,44.3,162,1,2022-05-26 09:00:25
1653555625477482000,44.3,10,44.2,320,44.3,152,1,2022-05-26 09:00:25
1653555625513367000,44.2,321,44.15,22,44.3,152,2,2022-05-26 09:00:25
1653555625513367000,44.15,64,44.15,22,44.3,152,2,2022-05-26 09:00:25
1653555625549163000,44.15,22,44.1,150,44.15,28,2,2022-05-26 09:00:25
1653555625558466000,44.15,2,44.1,150,44.15,26,1,2022-05-26 09:00:25
1653555625565324000,44.1,4,44.1,146,44.15,26,2,2022-05-26 09:00:25
1653555625566055000,44.1,1,44.1,145,44.15,26,2,2022-05-26 09:00:25
1653555625577642000,44.1,2,44.1,143,44.15,26,2,2022-05-26 09:00:25
1653555625578789000,44.1,1,44.1,142,44.15,26,2,2022-05-26 09:00:25
1653555625593563000,44.1,2,44.1,140,44.15,26,2,2022-05-26 09:00:25
1653555625602604000,44.15,1,44.1,140,44.15,25,1,2022-05-26 09:00:25
1653555625659562000,44.15,10,44.1,139,44.15,32,1,2022-05-26 09:00:25
1653555625663590000,44.15,3,44.1,139,44.15,33,1,2022-05-26 09:00:25
1653555625666438000,44.15,2,44.1,139,44.15,31,1,2022-05-26 09:00:25
1653555625691572000,44.15,1,44.1,139,44.15,31,1,2022-05-26 09:00:25
1653555625742338000,44.1,2,44.1,137,44.15,37,2,2022-05-26 09:00:25
1653555625782037000,44.15,3,44.1,137,44.15,34,1,2022-05-26 09:00:25
1653555625803128000,44.15,2,44.1,137,44.15,32,1,2022-05-26 09:00:25
1653555625820509000,44.15,1,44.1,137,44.15,31,1,2022-05-26 09:00:25
1653555625829352000,44.15,1,44.1,137,44.15,30,1,2022-05-26 09:00:25
1653555625927226000,44.1,10,44.1,127,44.15,37,2,2022-05-26 09:00:25
1653555625960309000,44.15,1,44.1,127,44.15,36,1,2022-05-26 09:00:25
1653555625979736000,44.15,1,44.1,127,44.15,35,1,2022-05-26 09:00:25
1653555626016175000,44.15,2,44.1,127,44.15,33,1,2022-05-26 09:00:26
1653555626056995000,44.15,1,44.1,127,44.15,32,1,2022-05-26 09:00:26
1653555626071641000,44.1,1,44.1,126,44.15,32,2,2022-05-26 09:00:26
1653555626074916000,44.15,1,44.1,126,44.15,31,1,2022-05-26 09:00:26
1653555626094827000,44.15,1,44.1,126,44.15,30,1,2022-05-26 09:00:26
1653555626137042000,44.15,1,44.1,126,44.15,31,1,2022-05-26 09:00:26
1653555626167544000,44.15,1,44.1,126,44.15,30,1,2022-05-26 09:00:26
1653555626216551000,44.1,4,44.1,122,44.15,30,2,2022-05-26 09:00:26
1653555626284752000,44.1,10,44.1,116,44.15,30,2,2022-05-26 09:00:26
1653555626295933000,44.15,1,44.1,116,44.15,29,1,2022-05-26 09:00:26
1653555626324710000,44.15,10,44.1,116,44.15,19,1,2022-05-26 09:00:26
1653555626539677000,44.15,1,44.1,116,44.15,18,1,2022-05-26 09:00:26
1653555626643870000,44.1,18,44.1,98,44.15,18,2,2022-05-26 09:00:26
1653555626644012000,44.1,1,44.1,97,44.15,18,2,2022-05-26 09:00:26
1653555626644255000,44.1,1,44.1,96,44.15,18,2,2022-05-26 09:00:26
1653555626644342000,44.1,30,44.1,66,44.15,18,2,2022-05-26 09:00:26
1653555626644358000,44.1,2,44.1,64,44.15,18,2,2022-05-26 09:00:26
1653555626644571000,44.1,1,44.1,63,44.15,18,2,2022-05-26 09:00:26
1653555626657786000,44.15,1,44.1,63,44.15,17,1,2022-05-26 09:00:26
1653555626753498000,44.15,10,44.1,63,44.15,7,1,2022-05-26 09:00:26
1653555626775237000,44.15,1,44.1,63,44.15,6,1,2022-05-26 09:00:26
1653555626781198000,44.15,1,44.1,63,44.15,5,1,2022-05-26 09:00:26
1653555626794350000,44.1,10,44.1,53,44.15,5,2,2022-05-26 09:00:26
1653555626828931000,44.15,1,44.1,53,44.15,4,1,2022-05-26 09:00:26
1653555626834775000,44.15,1,44.1,53,44.15,3,1,2022-05-26 09:00:26
1653555626837147000,44.1,6,44.1,47,44.15,3,2,2022-05-26 09:00:26
1653555626850399000,44.15,1,44.1,47,44.15,2,1,2022-05-26 09:00:26
1653555626870757000,44.1,1,44.1,46,44.15,2,2,2022-05-26 09:00:26
1653555626906129000,44.1,5,44.1,41,44.15,2,2,2022-05-26 09:00:26
1653555626936044000,44.15,2,44.1,41,44.2,121,1,2022-05-26 09:00:26
1653555626936044000,44.2,3,44.1,41,44.2,121,1,2022-05-26 09:00:26
1653555626939180000,44.1,1,44.1,40,44.15,1,2,2022-05-26 09:00:26
1653555627001382000,44.1,2,44.1,38,44.15,1,2,2022-05-26 09:00:27
1653555627005979000,44.1,1,44.1,37,44.15,1,2,2022-05-26 09:00:27
1653555627052199000,44.15,1,44.1,37,44.2,162,1,2022-05-26 09:00:27
1653555627052199000,44.2,9,44.1,37,44.2,162,1,2022-05-26 09:00:27
1653555627117350000,44.1,2,44.1,35,44.2,168,2,2022-05-26 09:00:27
1653555627237349000,44.2,5,44.1,35,44.2,180,1,2022-05-26 09:00:27
1653555627251787000,44.2,6,44.1,35,44.2,174,1,2022-05-26 09:00:27
1653555627281064000,44.1,2,44.1,33,44.2,174,2,2022-05-26 09:00:27
1653555627395250000,44.1,2,44.1,32,44.2,174,2,2022-05-26 09:00:27
1653555627428768000,44.15,2,44.1,33,44.2,181,2,2022-05-26 09:00:27
1653555627443565000,44.15,6,44.1,33,44.15,8,1,2022-05-26 09:00:27
1653555627448650000,44.1,4,44.1,29,44.15,8,2,2022-05-26 09:00:27
1653555627467817000,44.1,20,44.1,9,44.15,8,2,2022-05-26 09:00:27
1653555627479108000,44.15,1,44.1,9,44.15,17,1,2022-05-26 09:00:27
1653555627494788000,44.15,2,44.1,9,44.15,10,1,2022-05-26 09:00:27
1653555627495533000,44.1,9,44.05,54,44.15,10,2,2022-05-26 09:00:27
1653555627495533000,44.05,1,44.05,54,44.15,10,2,2022-05-26 09:00:27
1653555627520368000,44.05,8,44.05,46,44.15,15,2,2022-05-26 09:00:27
1653555627549022000,44.05,2,44.05,44,44.1,5,2,2022-05-26 09:00:27
1653555627553560000,44.05,2,44.05,42,44.1,5,2,2022-05-26 09:00:27
1653555627612138000,44.1,3,44.05,42,44.1,2,1,2022-05-26 09:00:27
1653555627626301000,44.05,42,44.0,158,44.1,3,2,2022-05-26 09:00:27
1653555627626301000,44.0,73,44.0,158,44.1,3,2,2022-05-26 09:00:27
1653555627656770000,44.0,2,44.0,156,44.1,3,2,2022-05-26 09:00:27
1653555627680593000,44.0,1,44.0,155,44.05,2,2,2022-05-26 09:00:27
1653555627701479000,44.05,1,44.0,155,44.05,1,1,2022-05-26 09:00:27
1653555627717701000,44.0,3,44.0,152,44.05,18,2,2022-05-26 09:00:27
1653555627729843000,44.05,1,44.0,152,44.05,17,1,2022-05-26 09:00:27
1653555627750659000,44.05,1,44.0,152,44.05,17,1,2022-05-26 09:00:27
1653555627973967000,44.05,1,44.0,152,44.05,24,1,2022-05-26 09:00:27
1653555628031764000,44.0,5,44.0,147,44.05,25,2,2022-05-26 09:00:28
1653555628047160000,44.05,3,44.0,147,44.05,22,1,2022-05-26 09:00:28
1653555628063170000,44.05,1,44.0,147,44.05,21,1,2022-05-26 09:00:28
1653555628087562000,44.0,4,44.0,143,44.05,21,2,2022-05-26 09:00:28
1653555628228802000,44.0,90,44.0,53,44.05,21,2,2022-05-26 09:00:28
1653555628253936000,44.05,3,44.0,53,44.05,18,1,2022-05-26 09:00:28
1653555628261366000,44.0,46,44.0,7,44.05,18,2,2022-05-26 09:00:28
1653555628280103000,44.0,1,44.0,6,44.05,18,2,2022-05-26 09:00:28
1653555628285462000,44.0,6,43.95,21,44.05,18,2,2022-05-26 09:00:28
1653555628336435000,43.95,1,43.95,20,44.05,18,2,2022-05-26 09:00:28
1653555628382523000,43.95,1,43.95,19,44.05,18,2,2022-05-26 09:00:28
1653555628507809000,44.05,1,44.0,6,44.05,17,1,2022-05-26 09:00:28
1653555628517548000,44.05,6,44.0,6,44.05,11,1,2022-05-26 09:00:28
1653555628597368000,44.05,2,44.0,16,44.05,9,1,2022-05-26 09:00:28
1653555628774760000,44.0,1,44.0,15,44.05,9,2,2022-05-26 09:00:28
1653555628857406000,44.05,1,44.0,15,44.05,8,1,2022-05-26 09:00:28
1653555628875184000,44.0,10,44.0,5,44.05,8,2,2022-05-26 09:00:28
1653555628897600000,44.05,1,44.0,5,44.05,7,1,2022-05-26 09:00:28
1653555628924917000,44.0,5,43.95,19,44.05,7,2,2022-05-26 09:00:28
1653555629034556000,43.95,1,43.95,18,44.05,8,2,2022-05-26 09:00:29
1653555629039054000,44.05,1,43.95,18,44.05,7,1,2022-05-26 09:00:29
1653555629078968000,44.05,1,44.0,50,44.05,6,1,2022-05-26 09:00:29
1653555629124752000,44.0,1,44.0,49,44.05,6,2,2022-05-26 09:00:29
1653555629169817000,44.0,2,44.0,67,44.05,6,2,2022-05-26 09:00:29
1653555629173671000,44.05,6,44.0,67,44.1,48,1,2022-05-26 09:00:29
1653555629173671000,44.1,4,44.0,67,44.1,48,1,2022-05-26 09:00:29
1653555629259848000,44.0,4,44.0,63,44.1,58,2,2022-05-26 09:00:29
1653555629301508000,44.1,10,44.0,63,44.1,71,1,2022-05-26 09:00:29
1653555629359883000,44.0,1,44.0,62,44.1,72,2,2022-05-26 09:00:29
1653555629370473000,44.1,1,44.0,62,44.1,71,1,2022-05-26 09:00:29
1653555629390742000,44.0,1,44.0,61,44.1,71,2,2022-05-26 09:00:29
1653555629463634000,44.1,10,44.0,61,44.1,83,1,2022-05-26 09:00:29
1653555629528620000,44.0,1,44.0,60,44.1,90,2,2022-05-26 09:00:29
1653555629700892000,44.1,5,44.0,73,44.1,85,1,2022-05-26 09:00:29
1653555629826138000,44.05,2,44.0,73,44.05,98,1,2022-05-26 09:00:29
1653555629907505000,44.0,1,44.0,72,44.05,148,2,2022-05-26 09:00:29
1653555629911155000,44.05,21,44.0,72,44.05,127,1,2022-05-26 09:00:29
1653555629952975000,44.05,4,44.0,72,44.05,123,1,2022-05-26 09:00:29
1653555630139855000,44.05,10,44.0,72,44.05,113,1,2022-05-26 09:00:30
1653555630226661000,44.0,10,44.0,62,44.05,114,2,2022-05-26 09:00:30
1653555630248335000,44.0,2,44.0,60,44.05,114,2,2022-05-26 09:00:30
1653555630268992000,44.0,60,43.95,68,44.05,114,2,2022-05-26 09:00:30
1653555630396385000,44.05,3,43.95,68,44.05,111,1,2022-05-26 09:00:30
1653555630454925000,43.95,5,43.95,63,44.05,111,2,2022-05-26 09:00:30
1653555630486346000,43.95,10,43.95,53,44.05,111,2,2022-05-26 09:00:30
1653555630500485000,43.95,3,43.95,50,44.05,111,2,2022-05-26 09:00:30
1653555630524028000,43.95,1,43.95,49,44.05,111,2,2022-05-26 09:00:30
1653555630531656000,43.95,1,43.95,48,44.05,111,2,2022-05-26 09:00:30
1653555630533760000,44.05,1,43.95,48,44.05,110,1,2022-05-26 09:00:30
1653555630602919000,44.05,100,44.0,5,44.05,10,1,2022-05-26 09:00:30
1653555630603150000,44.05,10,44.0,5,44.1,93,1,2022-05-26 09:00:30
1653555630650693000,44.0,1,44.0,4,44.1,93,2,2022-05-26 09:00:30
1653555630682045000,44.0,1,44.0,3,44.1,93,2,2022-05-26 09:00:30
1653555630769820000,44.0,3,43.95,49,44.0,7,2,2022-05-26 09:00:30
1653555630831720000,43.95,1,43.95,48,44.0,7,2,2022-05-26 09:00:30
1653555630870430000,44.0,1,43.95,48,44.0,6,1,2022-05-26 09:00:30
1653555631015570000,43.95,1,43.95,47,44.0,23,2,2022-05-26 09:00:31
1653555631102523000,43.95,2,43.95,46,44.0,30,2,2022-05-26 09:00:31
1653555631121904000,44.0,1,43.95,46,44.0,29,1,2022-05-26 09:00:31
1653555631278597000,44.0,1,43.95,52,44.0,30,1,2022-05-26 09:00:31
1653555631445080000,43.95,10,43.95,42,44.0,131,2,2022-05-26 09:00:31
1653555631533272000,44.0,1,43.95,42,44.0,130,1,2022-05-26 09:00:31
1653555631533747000,44.0,5,43.95,42,44.0,125,1,2022-05-26 09:00:31
1653555631568600000,43.95,1,43.95,41,44.0,125,2,2022-05-26 09:00:31
1653555631671739000,44.0,1,43.95,41,44.0,129,1,2022-05-26 09:00:31
1653555631688551000,43.95,2,43.95,39,44.0,129,2,2022-05-26 09:00:31
1653555631770383000,44.0,3,43.95,39,44.0,126,1,2022-05-26 09:00:31
1653555631812158000,43.95,1,43.95,38,44.0,127,2,2022-05-26 09:00:31
1653555631828249000,44.0,10,43.95,88,44.0,117,1,2022-05-26 09:00:31
1653555631843237000,43.95,1,43.95,87,44.0,117,2,2022-05-26 09:00:31
1653555631975783000,43.95,1,43.95,86,44.0,118,2,2022-05-26 09:00:31
1653555632120631000,43.95,1,43.95,85,44.0,119,2,2022-05-26 09:00:32
1653555632158803000,43.95,1,43.95,84,44.0,119,2,2022-05-26 09:00:32
1653555632288673000,43.95,1,43.95,83,44.0,119,2,2022-05-26 09:00:32
1653555632295250000,43.95,4,43.95,84,44.0,119,2,2022-05-26 09:00:32
1653555632330123000,43.95,1,43.95,83,44.0,121,2,2022-05-26 09:00:32
1653555632384881000,44.0,1,43.95,83,44.0,120,1,2022-05-26 09:00:32
1653555632396848000,43.95,2,43.95,81,44.0,123,2,2022-05-26 09:00:32
1653555632484430000,43.95,1,43.95,80,44.0,123,2,2022-05-26 09:00:32
1653555632525152000,43.95,4,43.95,76,44.0,123,2,2022-05-26 09:00:32
1653555632530880000,44.0,5,43.95,76,44.0,118,1,2022-05-26 09:00:32
1653555632566092000,43.95,40,43.95,36,44.0,118,2,2022-05-26 09:00:32
1653555632583189000,43.95,1,43.95,35,44.0,118,2,2022-05-26 09:00:32
1653555632687021000,44.0,2,43.95,35,44.0,119,1,2022-05-26 09:00:32
1653555632731103000,43.95,3,43.95,32,44.0,119,2,2022-05-26 09:00:32
1653555632750746000,43.95,1,43.95,31,44.0,119,2,2022-05-26 09:00:32
1653555632754323000,43.95,9,43.95,22,44.0,119,2,2022-05-26 09:00:32
1653555632783665000,43.95,1,43.95,21,44.0,119,2,2022-05-26 09:00:32
1653555632790948000,44.0,5,43.95,21,44.0,114,1,2022-05-26 09:00:32
1653555632810759000,43.95,5,43.95,16,44.0,115,2,2022-05-26 09:00:32
1653555632826138000,43.95,1,43.95,15,44.0,115,2,2022-05-26 09:00:32
1653555632856743000,43.95,5,43.95,10,44.0,115,2,2022-05-26 09:00:32
1653555632959559000,44.0,2,43.95,10,44.0,114,1,2022-05-26 09:00:32
1653555633040286000,44.0,1,43.95,10,44.0,113,1,2022-05-26 09:00:33
1653555633048081000,44.0,1,43.95,10,44.0,112,1,2022-05-26 09:00:33
1653555633151639000,43.95,2,43.95,8,44.0,118,2,2022-05-26 09:00:33
1653555633192969000,44.0,1,43.95,8,44.0,117,1,2022-05-26 09:00:33
1653555633229339000,43.95,1,43.95,7,44.0,117,2,2022-05-26 09:00:33
1653555633339520000,44.0,2,43.95,7,44.0,125,1,2022-05-26 09:00:33
1653555633357494000,43.95,6,43.95,1,44.0,125,2,2022-05-26 09:00:33
1653555633365653000,43.95,1,43.9,99,44.0,125,2,2022-05-26 09:00:33
1653555633376072000,43.95,1,43.9,98,44.0,125,2,2022-05-26 09:00:33
1653555633376072000,43.9,1,43.9,98,44.0,125,2,2022-05-26 09:00:33
1653555633433400000,43.9,2,43.9,96,44.0,125,2,2022-05-26 09:00:33
1653555633499598000,44.0,1,43.9,96,44.0,126,1,2022-05-26 09:00:33
1653555633500961000,44.0,1,43.9,96,44.0,125,1,2022-05-26 09:00:33
1653555633583168000,43.9,1,43.9,95,43.95,5,2,2022-05-26 09:00:33
1653555633584281000,43.9,1,43.9,94,43.95,5,2,2022-05-26 09:00:33
1653555633597702000,43.95,5,43.9,94,43.95,7,1,2022-05-26 09:00:33
1653555633616564000,43.95,1,43.9,94,43.95,6,1,2022-05-26 09:00:33
1653555633618043000,43.9,5,43.9,89,43.95,6,2,2022-05-26 09:00:33
1653555633620592000,43.95,2,43.9,89,43.95,4,1,2022-05-26 09:00:33
1653555633856159000,43.9,1,43.9,88,43.95,5,2,2022-05-26 09:00:33
1653555633868865000,43.95,5,43.9,88,44.0,126,1,2022-05-26 09:00:33
1653555633979603000,43.95,1,43.9,88,44.0,125,1,2022-05-26 09:00:33
1653555633979603000,44.0,1,43.9,88,44.0,125,1,2022-05-26 09:00:33
1653555634137346000,44.0,1,43.9,88,44.0,124,1,2022-05-26 09:00:34
1653555634146568000,44.0,1,43.9,88,44.0,123,1,2022-05-26 09:00:34
1653555634298576000,43.95,1,43.9,88,43.95,6,1,2022-05-26 09:00:34
1653555634359391000,43.9,3,43.9,85,43.95,16,2,2022-05-26 09:00:34
1653555634369949000,43.95,4,43.9,85,43.95,12,1,2022-05-26 09:00:34
1653555634401784000,43.9,2,43.9,83,43.95,13,2,2022-05-26 09:00:34
1653555634461793000,43.9,1,43.9,82,43.95,13,2,2022-05-26 09:00:34
1653555634512497000,43.95,1,43.9,82,43.95,12,1,2022-05-26 09:00:34
1653555634560806000,43.95,2,43.9,82,43.95,10,1,2022-05-26 09:00:34
1653555634592112000,43.95,2,43.9,82,43.95,8,1,2022-05-26 09:00:34
1653555634634135000,43.95,1,43.9,82,43.95,24,1,2022-05-26 09:00:34
1653555634669334000,43.95,1,43.9,82,43.95,24,1,2022-05-26 09:00:34
1653555634705434000,43.9,10,43.9,72,43.95,24,2,2022-05-26 09:00:34
1653555634710854000,43.95,1,43.9,72,43.95,23,1,2022-05-26 09:00:34
1653555634711965000,43.95,1,43.9,72,43.95,22,1,2022-05-26 09:00:34
1653555634733354000,43.95,1,43.9,72,43.95,21,1,2022-05-26 09:00:34
1653555634791016000,43.9,1,43.9,71,43.95,21,2,2022-05-26 09:00:34
1653555634802503000,43.9,10,43.9,61,43.95,21,2,2022-05-26 09:00:34
1653555634823460000,43.9,1,43.9,60,43.95,21,2,2022-05-26 09:00:34
1653555634916595000,43.9,3,43.9,57,43.95,21,2,2022-05-26 09:00:34
1653555634932845000,43.95,1,43.9,57,43.95,20,1,2022-05-26 09:00:34
1653555635023425000,43.95,2,43.9,57,43.95,28,1,2022-05-26 09:00:35
1653555635035452000,43.9,2,43.9,55,43.95,28,2,2022-05-26 09:00:35
1653555635109306000,43.9,1,43.9,54,43.95,28,2,2022-05-26 09:00:35
1653555635173456000,43.95,1,43.9,60,43.95,27,1,2022-05-26 09:00:35
1653555635226093000,43.95,1,43.9,60,43.95,26,1,2022-05-26 09:00:35
1653555635236069000,43.95,20,43.9,60,43.95,6,1,2022-05-26 09:00:35
1653555635267497000,43.9,1,43.9,59,43.95,6,2,2022-05-26 09:00:35
1653555635278564000,43.9,2,43.9,57,43.95,6,2,2022-05-26 09:00:35
1653555635341346000,43.95,2,43.9,57,43.95,4,1,2022-05-26 09:00:35
1653555635383820000,43.95,1,43.9,57,43.95,3,1,2022-05-26 09:00:35
1653555635422161000,43.95,1,43.9,57,43.95,2,1,2022-05-26 09:00:35
1653555635424800000,43.95,1,43.9,57,43.95,1,1,2022-05-26 09:00:35
1653555635514988000,43.9,1,43.9,56,43.95,1,2,2022-05-26 09:00:35
1653555635681432000,43.9,2,43.9,54,43.95,1,2,2022-05-26 09:00:35
1653555635715895000,43.95,1,43.9,54,44.0,132,1,2022-05-26 09:00:35
1653555635715895000,44.0,9,43.9,54,44.0,132,1,2022-05-26 09:00:35
1653555635736757000,44.0,1,43.9,54,44.0,131,1,2022-05-26 09:00:35
1653555635746441000,44.0,1,43.9,54,44.0,130,1,2022-05-26 09:00:35
1653555635995703000,43.95,1,43.9,54,44.0,130,2,2022-05-26 09:00:35
1653555636187540000,43.95,5,43.9,54,44.0,130,2,2022-05-26 09:00:36
1653555636262823000,43.95,2,43.9,54,44.0,130,1,2022-05-26 09:00:36
1653555636422616000,43.9,3,43.9,52,43.95,6,2,2022-05-26 09:00:36
1653555636501134000,43.9,10,43.9,42,43.95,26,2,2022-05-26 09:00:36
1653555636509128000,43.9,3,43.9,39,43.95,26,2,2022-05-26 09:00:36
1653555636535482000,43.95,5,43.9,39,43.95,22,1,2022-05-26 09:00:36
1653555636596906000,43.95,10,43.9,39,43.95,18,1,2022-05-26 09:00:36
1653555636650609000,43.95,5,43.9,39,43.95,13,1,2022-05-26 09:00:36
1653555636657293000,43.9,2,43.9,37,43.95,13,2,2022-05-26 09:00:36
1653555636674027000,43.9,7,43.9,30,43.95,13,2,2022-05-26 09:00:36
1653555636694314000,43.95,1,43.9,30,43.95,13,1,2022-05-26 09:00:36
1653555636748786000,43.95,13,43.9,30,44.0,128,1,2022-05-26 09:00:36
1653555636748786000,44.0,7,43.9,30,44.0,128,1,2022-05-26 09:00:36
1653555636772921000,43.95,1,43.9,30,43.95,1,2,2022-05-26 09:00:36
1653555636833803000,43.95,2,43.9,31,43.95,4,1,2022-05-26 09:00:36
1653555636834854000,43.95,2,43.9,31,43.95,2,1,2022-05-26 09:00:36
1653555636856705000,43.9,1,43.9,30,43.95,2,2,2022-05-26 09:00:36
1653555636876780000,43.9,4,43.9,26,43.95,2,2,2022-05-26 09:00:36
1653555636937020000,43.9,1,43.9,25,43.95,2,2,2022-05-26 09:00:36
1653555636957018000,43.95,2,43.9,25,44.0,128,1,2022-05-26 09:00:36
1653555636957018000,44.0,1,43.9,25,44.0,128,1,2022-05-26 09:00:36
1653555637071420000,43.95,1,43.9,31,44.0,128,1,2022-05-26 09:00:37
1653555637117977000,43.95,1,43.95,1,44.0,132,2,2022-05-26 09:00:37
1653555637166811000,43.95,1,43.95,1,44.0,132,2,2022-05-26 09:00:37
1653555637252557000,43.95,1,43.9,31,44.0,129,2,2022-05-26 09:00:37
1653555637266487000,44.0,1,43.9,31,44.0,128,1,2022-05-26 09:00:37
1653555637310252000,43.95,4,43.9,30,44.0,128,2,2022-05-26 09:00:37
1653555637310252000,43.9,1,43.9,30,44.0,128,2,2022-05-26 09:00:37
1653555637321659000,44.0,1,43.9,31,44.0,127,1,2022-05-26 09:00:37
1653555637337902000,43.9,5,43.9,26,44.0,127,2,2022-05-26 09:00:37
1653555637469200000,43.9,6,43.9,71,44.0,127,2,2022-05-26 09:00:37
1653555637500976000,43.9,1,43.9,70,44.0,127,2,2022-05-26 09:00:37
1653555637558171000,44.0,3,43.9,70,44.0,124,1,2022-05-26 09:00:37
1653555637680656000,43.95,1,43.9,70,44.0,124,2,2022-05-26 09:00:37
1653555637764078000,43.95,1,43.9,72,44.0,124,2,2022-05-26 09:00:37
1653555637777485000,43.9,1,43.9,71,44.0,124,2,2022-05-26 09:00:37
1653555637841087000,43.9,2,43.9,69,44.0,124,2,2022-05-26 09:00:37
1653555637849076000,43.95,1,43.9,68,44.0,124,2,2022-05-26 09:00:37
1653555637849076000,43.9,1,43.9,68,44.0,124,2,2022-05-26 09:00:37
1653555637880765000,43.95,1,43.95,2,44.0,124,2,2022-05-26 09:00:37
1653555637901740000,43.95,2,43.9,67,44.0,124,2,2022-05-26 09:00:37
1653555637901740000,43.9,1,43.9,67,44.0,124,2,2022-05-26 09:00:37
1653555637909198000,43.9,1,43.9,66,44.0,124,2,2022-05-26 09:00:37
1653555637946967000,44.0,1,43.9,66,44.0,123,1,2022-05-26 09:00:37
1653555638031070000,44.0,3,43.95,20,44.0,120,1,2022-05-26 09:00:38
1653555638120529000,43.95,10,43.95,10,44.0,120,2,2022-05-26 09:00:38
1653555638135239000,43.95,1,43.95,9,44.0,120,2,2022-05-26 09:00:38
1653555638264127000,43.95,2,43.95,28,44.0,120,2,2022-05-26 09:00:38
1653555638330326000,43.95,1,43.95,27,44.0,121,2,2022-05-26 09:00:38
1653555638353277000,43.95,2,43.95,25,44.0,121,2,2022-05-26 09:00:38
1653555638377577000,43.95,1,43.95,24,44.0,121,2,2022-05-26 09:00:38
1653555638504291000,43.95,1,43.95,156,44.0,121,2,2022-05-26 09:00:38
1653555638611367000,44.0,5,43.95,157,44.0,126,1,2022-05-26 09:00:38
1653555638627419000,43.95,1,43.95,156,44.0,126,2,2022-05-26 09:00:38
1653555638639183000,43.95,1,43.95,155,44.0,126,2,2022-05-26 09:00:38
1653555638678194000,44.0,1,43.95,156,44.0,125,1,2022-05-26 09:00:38
1653555638717495000,44.0,2,43.95,156,44.0,123,1,2022-05-26 09:00:38
1653555638722405000,43.95,10,43.95,146,44.0,123,2,2022-05-26 09:00:38
1653555638743319000,43.95,1,43.95,165,44.0,123,2,2022-05-26 09:00:38
1653555638745321000,44.0,32,43.95,165,44.0,91,1,2022-05-26 09:00:38
1653555638765655000,44.0,1,43.95,165,44.0,90,1,2022-05-26 09:00:38
1653555638878516000,43.95,2,43.95,181,44.0,90,2,2022-05-26 09:00:38
1653555638956504000,44.0,10,43.95,203,44.0,80,1,2022-05-26 09:00:38
1653555638988752000,44.0,80,43.95,203,44.05,30,1,2022-05-26 09:00:38
1653555639011316000,44.0,2,43.95,203,44.05,30,2,2022-05-26 09:00:39
1653555639011316000,43.95,5,43.95,203,44.05,30,2,2022-05-26 09:00:39
1653555639083247000,43.95,5,43.95,205,44.0,20,2,2022-05-26 09:00:39
1653555639095512000,44.0,5,43.95,205,44.0,15,1,2022-05-26 09:00:39
1653555639102298000,43.95,5,43.95,200,44.0,15,2,2022-05-26 09:00:39
1653555639111780000,44.0,15,43.95,200,44.05,33,1,2022-05-26 09:00:39
1653555639123150000,44.0,1,44.0,10,44.05,33,2,2022-05-26 09:00:39
1653555639202147000,44.0,1,44.0,9,44.05,33,2,2022-05-26 09:00:39
1653555639207008000,44.0,1,44.0,8,44.05,33,2,2022-05-26 09:00:39
1653555639219994000,44.0,2,44.0,6,44.05,33,2,2022-05-26 09:00:39
1653555639307394000,44.0,1,44.0,85,44.05,33,2,2022-05-26 09:00:39
1653555639340003000,44.0,1,44.0,87,44.05,33,2,2022-05-26 09:00:39
1653555639371288000,44.0,10,44.0,77,44.05,33,2,2022-05-26 09:00:39
1653555639403148000,44.05,22,44.0,77,44.05,11,1,2022-05-26 09:00:39
1653555639422838000,44.0,5,44.0,72,44.05,11,2,2022-05-26 09:00:39
1653555639427893000,44.0,3,44.0,69,44.05,11,2,2022-05-26 09:00:39
1653555639468470000,44.0,4,44.0,65,44.05,11,2,2022-05-26 09:00:39
1653555639469323000,44.0,1,44.0,64,44.05,11,2,2022-05-26 09:00:39
1653555639524392000,44.0,1,44.0,63,44.05,11,2,2022-05-26 09:00:39
1653555639588744000,44.0,1,44.0,68,44.05,11,2,2022-05-26 09:00:39
1653555639595546000,44.05,11,44.0,68,44.2,50,1,2022-05-26 09:00:39
1653555639595546000,44.1,45,44.0,68,44.2,50,1,2022-05-26 09:00:39
1653555639595546000,44.15,8,44.0,68,44.2,50,1,2022-05-26 09:00:39
1653555639595546000,44.2,36,44.0,68,44.2,50,1,2022-05-26 09:00:39
1653555639709572000,44.0,5,44.0,74,44.2,52,2,2022-05-26 09:00:39
1653555639734488000,44.0,1,44.0,73,44.2,52,2,2022-05-26 09:00:39
1653555639892370000,44.0,1,44.0,82,44.2,52,2,2022-05-26 09:00:39
1653555639940890000,44.0,3,44.0,79,44.2,23,2,2022-05-26 09:00:39
1653555640011609000,44.2,1,44.0,84,44.2,22,1,2022-05-26 09:00:40
1653555640077239000,44.05,3,44.0,82,44.2,22,2,2022-05-26 09:00:40
1653555640077239000,44.0,7,44.0,82,44.2,22,2,2022-05-26 09:00:40
1653555640107991000,44.2,8,44.0,84,44.2,14,1,2022-05-26 09:00:40
1653555640160555000,44.0,5,44.0,81,44.2,14,2,2022-05-26 09:00:40
1653555640213383000,44.0,1,44.0,80,44.2,24,2,2022-05-26 09:00:40
1653555640223961000,44.0,1,44.0,77,44.2,24,2,2022-05-26 09:00:40
1653555640224040000,44.0,1,44.0,76,44.2,24,2,2022-05-26 09:00:40
1653555640241780000,44.05,1,44.0,72,44.2,24,2,2022-05-26 09:00:40
1653555640241780000,44.0,4,44.0,72,44.2,24,2,2022-05-26 09:00:40
1653555640288895000,44.2,2,44.0,73,44.2,22,1,2022-05-26 09:00:40
1653555640301534000,44.0,6,44.0,67,44.2,22,2,2022-05-26 09:00:40
1653555640305064000,44.0,2,44.0,65,44.2,22,2,2022-05-26 09:00:40
1653555640403937000,44.0,4,44.0,62,44.2,22,2,2022-05-26 09:00:40
1653555640427771000,44.2,2,44.0,62,44.2,20,1,2022-05-26 09:00:40
1653555640495526000,44.2,1,44.0,62,44.2,19,1,2022-05-26 09:00:40
1653555640506557000,44.0,1,44.0,62,44.2,19,2,2022-05-26 09:00:40
1653555640561733000,44.2,1,44.0,60,44.2,18,1,2022-05-26 09:00:40
1653555640670601000,44.0,1,44.0,70,44.15,12,2,2022-05-26 09:00:40
1653555640706894000,44.0,1,44.0,179,44.15,12,2,2022-05-26 09:00:40
1653555640734216000,44.0,1,44.0,179,44.15,12,2,2022-05-26 09:00:40
1653555640750606000,44.05,1,44.05,4,44.15,12,2,2022-05-26 09:00:40
1653555640951792000,44.05,1,44.05,26,44.15,12,2,2022-05-26 09:00:40
1653555641016141000,44.05,2,44.05,24,44.15,62,2,2022-05-26 09:00:41
1653555641068555000,44.05,1,44.05,23,44.15,62,2,2022-05-26 09:00:41
1653555641103739000,44.05,1,44.05,22,44.15,62,2,2022-05-26 09:00:41
1653555641136852000,44.1,1,44.05,72,44.15,62,2,2022-05-26 09:00:41
1653555641262874000,44.05,2,44.05,70,44.15,62,2,2022-05-26 09:00:41
1653555641396463000,44.05,3,44.05,67,44.15,62,2,2022-05-26 09:00:41
1653555641418790000,44.15,2,44.05,67,44.15,60,1,2022-05-26 09:00:41
1653555641697022000,44.15,20,44.05,68,44.15,40,1,2022-05-26 09:00:41
1653555641766386000,44.05,1,44.05,67,44.15,40,2,2022-05-26 09:00:41
1653555641791385000,44.05,1,44.05,71,44.15,40,2,2022-05-26 09:00:41
1653555641819615000,44.05,5,44.05,66,44.15,40,2,2022-05-26 09:00:41
1653555641830793000,44.15,5,44.05,66,44.15,35,1,2022-05-26 09:00:41
1653555641832490000,44.05,5,44.05,61,44.15,35,2,2022-05-26 09:00:41
1653555641835144000,44.15,7,44.05,61,44.15,28,1,2022-05-26 09:00:41
1653555641857727000,44.15,28,44.05,61,44.2,20,1,2022-05-26 09:00:41
1653555641960676000,44.05,2,44.05,60,44.15,6,2,2022-05-26 09:00:41
1653555641964971000,44.15,1,44.05,60,44.15,5,1,2022-05-26 09:00:41
1653555642007338000,44.15,1,44.05,65,44.15,4,1,2022-05-26 09:00:42
1653555642015454000,44.05,10,44.05,55,44.15,4,2,2022-05-26 09:00:42
1653555642294159000,44.15,4,44.05,75,44.2,20,1,2022-05-26 09:00:42
1653555642319479000,44.05,5,44.05,70,44.2,20,2,2022-05-26 09:00:42
1653555642536116000,44.2,20,44.15,100,44.25,34,1,2022-05-26 09:00:42
1653555642543932000,44.15,1,44.15,99,44.25,34,2,2022-05-26 09:00:42
1653555642752465000,44.15,1,44.15,98,44.25,35,2,2022-05-26 09:00:42
1653555642923315000,44.2,1,44.15,98,44.25,35,2,2022-05-26 09:00:42
1653555643044823000,44.15,1,44.15,97,44.2,50,2,2022-05-26 09:00:43
1653555643084528000,44.15,40,44.15,57,44.2,50,2,2022-05-26 09:00:43
1653555643101594000,44.2,2,44.15,57,44.2,48,1,2022-05-26 09:00:43
1653555643104663000,44.15,1,44.15,56,44.2,48,2,2022-05-26 09:00:43
1653555643134060000,44.15,3,44.15,53,44.2,48,2,2022-05-26 09:00:43
1653555643229191000,44.15,1,44.15,52,44.2,48,2,2022-05-26 09:00:43
1653555643267615000,44.15,2,44.15,50,44.2,48,2,2022-05-26 09:00:43
1653555643346371000,44.15,1,44.15,52,44.2,48,2,2022-05-26 09:00:43
1653555643437882000,44.15,1,44.15,51,44.2,48,2,2022-05-26 09:00:43
1653555643519181000,44.2,3,44.15,51,44.2,46,1,2022-05-26 09:00:43
1653555643530625000,44.15,5,44.15,46,44.2,46,2,2022-05-26 09:00:43
1653555643635515000,44.15,1,44.15,45,44.2,47,2,2022-05-26 09:00:43
1653555643660087000,44.2,10,44.15,45,44.2,37,1,2022-05-26 09:00:43
1653555643681874000,44.15,5,44.15,40,44.2,37,2,2022-05-26 09:00:43
1653555643866518000,44.15,1,44.15,39,44.2,37,2,2022-05-26 09:00:43
1653555644008940000,44.15,2,44.15,37,44.2,37,2,2022-05-26 09:00:44
1653555644106407000,44.15,3,44.15,34,44.2,37,2,2022-05-26 09:00:44
1653555644117946000,44.2,10,44.15,34,44.2,27,1,2022-05-26 09:00:44
1653555644186734000,44.15,1,44.15,33,44.2,28,2,2022-05-26 09:00:44
1653555644254025000,44.15,1,44.15,32,44.2,28,2,2022-05-26 09:00:44
1653555644386110000,44.2,3,44.15,39,44.2,25,1,2022-05-26 09:00:44
1653555644802977000,44.2,1,44.15,39,44.2,27,1,2022-05-26 09:00:44
1653555644845282000,44.2,1,44.15,39,44.2,26,1,2022-05-26 09:00:44
1653555644848549000,44.2,6,44.15,39,44.2,20,1,2022-05-26 09:00:44
1653555644862715000,44.15,1,44.15,38,44.2,20,2,2022-05-26 09:00:44
1653555644879255000,44.15,1,44.15,37,44.2,20,2,2022-05-26 09:00:44
1653555644906860000,44.15,1,44.15,39,44.2,20,2,2022-05-26 09:00:44
1653555645185638000,44.2,1,44.15,39,44.2,19,1,2022-05-26 09:00:45
1653555645186835000,44.15,1,44.15,38,44.2,19,2,2022-05-26 09:00:45
1653555645187439000,44.15,1,44.15,37,44.2,19,2,2022-05-26 09:00:45
1653555645218263000,44.2,19,44.15,37,44.25,59,1,2022-05-26 09:00:45
1653555645242664000,44.15,12,44.15,25,44.25,59,2,2022-05-26 09:00:45
1653555645268285000,44.15,1,44.15,24,44.25,59,2,2022-05-26 09:00:45
1653555645273365000,44.15,1,44.15,23,44.25,59,2,2022-05-26 09:00:45
1653555645309720000,44.25,1,44.15,23,44.25,58,1,2022-05-26 09:00:45
1653555645388415000,44.15,1,44.15,22,44.2,1,2,2022-05-26 09:00:45
1653555645564650000,44.15,1,44.15,21,44.2,1,2,2022-05-26 09:00:45
1653555645659046000,44.15,1,44.15,20,44.2,1,2,2022-05-26 09:00:45
1653555645764999000,44.15,10,44.15,10,44.2,1,2,2022-05-26 09:00:45
1653555645785952000,44.2,1,44.2,19,44.25,58,1,2022-05-26 09:00:45
1653555645793134000,44.2,1,44.2,18,44.25,58,2,2022-05-26 09:00:45
1653555645819033000,44.2,2,44.2,16,44.25,58,2,2022-05-26 09:00:45
1653555645896087000,44.2,16,44.15,6,44.25,58,2,2022-05-26 09:00:45
1653555645896087000,44.15,4,44.15,6,44.25,58,2,2022-05-26 09:00:45
1653555645904657000,44.25,1,44.15,6,44.25,57,1,2022-05-26 09:00:45
1653555645931943000,44.25,5,44.15,6,44.25,52,1,2022-05-26 09:00:45
1653555646012757000,44.2,1,44.15,6,44.2,124,2,2022-05-26 09:00:46
1653555646140158000,44.2,1,44.15,11,44.2,125,1,2022-05-26 09:00:46
1653555646275116000,44.2,1,44.15,11,44.2,124,1,2022-05-26 09:00:46
1653555646309984000,44.2,5,44.15,11,44.2,119,1,2022-05-26 09:00:46
1653555646322072000,44.2,2,44.15,11,44.2,117,1,2022-05-26 09:00:46
1653555646397103000,44.15,2,44.15,9,44.2,119,2,2022-05-26 09:00:46
1653555646523486000,44.2,1,44.15,29,44.2,118,1,2022-05-26 09:00:46
1653555646538801000,44.15,10,44.15,29,44.2,118,2,2022-05-26 09:00:46
1653555646570630000,44.2,1,44.15,34,44.2,117,1,2022-05-26 09:00:46
1653555646572999000,44.15,1,44.15,33,44.2,117,2,2022-05-26 09:00:46
1653555646578999000,44.15,1,44.15,32,44.2,117,2,2022-05-26 09:00:46
1653555646679189000,44.2,1,44.15,32,44.2,116,1,2022-05-26 09:00:46
1653555646685053000,44.2,3,44.15,32,44.2,113,1,2022-05-26 09:00:46
1653555646719171000,44.2,10,44.15,32,44.2,104,1,2022-05-26 09:00:46
1653555646813471000,44.2,3,44.15,32,44.2,101,1,2022-05-26 09:00:46
1653555646833505000,44.15,1,44.15,31,44.2,101,2,2022-05-26 09:00:46
1653555646834969000,44.2,8,44.15,31,44.2,93,1,2022-05-26 09:00:46
1653555646838113000,44.2,2,44.15,31,44.2,91,1,2022-05-26 09:00:46
1653555646853853000,44.15,1,44.15,30,44.2,91,2,2022-05-26 09:00:46
1653555646861709000,44.2,3,44.15,30,44.2,88,1,2022-05-26 09:00:46
1653555646959118000,44.15,10,44.15,31,44.2,89,2,2022-05-26 09:00:46
1653555646980377000,44.2,20,44.15,31,44.2,69,1,2022-05-26 09:00:46
1653555647031788000,44.2,69,44.15,37,44.25,50,1,2022-05-26 09:00:47
1653555647052096000,44.25,3,44.15,38,44.25,47,1,2022-05-26 09:00:47
1653555647064003000,44.15,5,44.15,36,44.25,47,2,2022-05-26 09:00:47
1653555647081458000,44.25,2,44.15,36,44.25,47,1,2022-05-26 09:00:47
1653555647213550000,44.25,1,44.2,16,44.25,46,1,2022-05-26 09:00:47
1653555647220464000,44.2,1,44.2,15,44.25,46,2,2022-05-26 09:00:47
1653555647239892000,44.2,1,44.2,14,44.25,46,2,2022-05-26 09:00:47
1653555647243001000,44.2,12,44.2,2,44.25,46,2,2022-05-26 09:00:47
1653555647255258000,44.2,2,44.1,30,44.15,12,2,2022-05-26 09:00:47
1653555647255258000,44.15,36,44.1,30,44.15,12,2,2022-05-26 09:00:47
1653555647265540000,44.15,1,44.1,30,44.15,12,1,2022-05-26 09:00:47
1653555647285813000,44.15,12,44.1,28,44.25,47,1,2022-05-26 09:00:47
1653555647297060000,44.15,1,44.15,5,44.25,47,2,2022-05-26 09:00:47
1653555647358265000,44.25,3,44.2,5,44.25,44,1,2022-05-26 09:00:47
1653555647583222000,44.25,1,44.2,17,44.25,43,1,2022-05-26 09:00:47
1653555647694970000,44.2,1,44.2,18,44.25,43,2,2022-05-26 09:00:47
1653555647703205000,44.25,4,44.2,18,44.25,39,1,2022-05-26 09:00:47
1653555647954633000,44.2,3,44.2,21,44.25,28,2,2022-05-26 09:00:47
1653555648008139000,44.2,1,44.2,20,44.25,28,2,2022-05-26 09:00:48
1653555648010747000,44.25,10,44.2,20,44.25,18,1,2022-05-26 09:00:48
1653555648037903000,44.25,10,44.2,21,44.25,8,1,2022-05-26 09:00:48
1653555648046416000,44.2,4,44.2,17,44.25,8,2,2022-05-26 09:00:48
1653555648177722000,44.2,19,44.1,28,44.25,8,2,2022-05-26 09:00:48
1653555648177722000,44.15,5,44.1,28,44.25,8,2,2022-05-26 09:00:48
1653555648177722000,44.1,6,44.1,28,44.25,8,2,2022-05-26 09:00:48
1653555648221446000,44.2,1,44.1,26,44.25,8,1,2022-05-26 09:00:48
1653555648234644000,44.15,1,44.1,26,44.25,8,1,2022-05-26 09:00:48
1653555648299720000,44.2,1,44.15,5,44.2,146,2,2022-05-26 09:00:48
1653555648323401000,44.15,1,44.15,4,44.2,146,2,2022-05-26 09:00:48
1653555648477082000,44.2,5,44.15,5,44.2,143,1,2022-05-26 09:00:48
1653555648508095000,44.2,2,44.15,5,44.2,141,1,2022-05-26 09:00:48
1653555648516500000,44.15,4,44.15,1,44.2,141,2,2022-05-26 09:00:48
1653555648602672000,44.2,1,44.15,3,44.2,140,1,2022-05-26 09:00:48
1653555648607468000,44.2,10,44.15,3,44.2,130,1,2022-05-26 09:00:48
1653555648630826000,44.2,1,44.15,3,44.2,129,1,2022-05-26 09:00:48
1653555648636170000,44.2,57,44.15,3,44.2,72,1,2022-05-26 09:00:48
1653555648761970000,44.2,1,44.15,3,44.2,71,1,2022-05-26 09:00:48
1653555648766130000,44.2,2,44.15,3,44.2,70,1,2022-05-26 09:00:48
1653555648769175000,44.2,1,44.15,3,44.2,69,1,2022-05-26 09:00:48
1653555648795104000,44.2,5,44.15,4,44.2,64,1,2022-05-26 09:00:48
1653555648805076000,44.2,3,44.15,24,44.2,61,1,2022-05-26 09:00:48
1653555648841758000,44.2,61,44.15,26,44.25,19,1,2022-05-26 09:00:48
1653555648987690000,44.15,1,44.15,26,44.25,19,2,2022-05-26 09:00:48
1653555649060658000,44.25,1,44.15,27,44.25,88,1,2022-05-26 09:00:49
1653555649115187000,44.25,1,44.15,27,44.25,87,1,2022-05-26 09:00:49
1653555649276282000,44.2,10,44.15,27,44.2,127,1,2022-05-26 09:00:49
1653555649318309000,44.2,23,44.15,34,44.2,104,1,2022-05-26 09:00:49
1653555649432550000,44.15,1,44.15,40,44.2,104,2,2022-05-26 09:00:49
1653555649514520000,44.2,1,44.15,41,44.2,103,1,2022-05-26 09:00:49
1653555649535625000,44.2,5,44.15,41,44.2,98,1,2022-05-26 09:00:49
1653555649609553000,44.2,3,44.15,42,44.2,96,1,2022-05-26 09:00:49
1653555649660963000,44.2,1,44.15,42,44.2,95,1,2022-05-26 09:00:49
1653555649808041000,44.2,5,44.15,44,44.2,90,1,2022-05-26 09:00:49
1653555649834183000,44.15,3,44.15,42,44.2,90,2,2022-05-26 09:00:49
1653555649989265000,44.2,10,44.15,43,44.2,91,1,2022-05-26 09:00:49
1653555650025378000,44.2,91,44.15,43,44.25,107,1,2022-05-26 09:00:50
1653555650026138000,44.2,1,44.15,43,44.25,107,1,2022-05-26 09:00:50
1653555650124445000,44.2,1,44.15,43,44.25,106,1,2022-05-26 09:00:50
1653555650124445000,44.25,1,44.15,43,44.25,106,1,2022-05-26 09:00:50
1653555650297840000,44.2,1,44.15,43,44.25,106,1,2022-05-26 09:00:50
1653555650322167000,44.25,1,44.2,1,44.25,106,1,2022-05-26 09:00:50
1653555650331777000,44.25,21,44.2,1,44.25,85,1,2022-05-26 09:00:50
1653555650370671000,44.25,1,44.2,1,44.25,84,1,2022-05-26 09:00:50
1653555650412983000,44.2,1,44.2,1,44.25,84,2,2022-05-26 09:00:50
1653555650455064000,44.2,1,44.15,44,44.2,9,2,2022-05-26 09:00:50
1653555650473119000,44.2,5,44.15,44,44.2,4,1,2022-05-26 09:00:50
1653555650475294000,44.2,1,44.15,44,44.2,3,1,2022-05-26 09:00:50
1653555650477151000,44.2,3,44.15,44,44.25,82,1,2022-05-26 09:00:50
1653555650477151000,44.25,2,44.15,44,44.25,82,1,2022-05-26 09:00:50
1653555650557924000,44.2,2,44.2,42,44.25,82,2,2022-05-26 09:00:50
1653555650703684000,44.25,2,44.2,45,44.25,80,1,2022-05-26 09:00:50
1653555650756667000,44.2,5,44.2,50,44.25,80,2,2022-05-26 09:00:50
1653555650770204000,44.25,1,44.2,50,44.25,79,1,2022-05-26 09:00:50
1653555650788155000,44.25,3,44.2,50,44.25,76,1,2022-05-26 09:00:50
1653555650887570000,44.25,1,44.2,50,44.25,75,1,2022-05-26 09:00:50
1653555650895500000,44.25,3,44.2,50,44.25,72,1,2022-05-26 09:00:50
1653555650925208000,44.25,2,44.2,50,44.25,70,1,2022-05-26 09:00:50
1653555651060971000,44.25,1,44.2,50,44.25,69,1,2022-05-26 09:00:51
1653555651071152000,44.2,1,44.2,49,44.25,69,2,2022-05-26 09:00:51
1653555651304175000,44.2,1,44.2,53,44.25,69,2,2022-05-26 09:00:51
1653555651560792000,44.2,3,44.2,57,44.25,70,2,2022-05-26 09:00:51
1653555651583794000,44.25,1,44.2,57,44.25,69,1,2022-05-26 09:00:51
1653555651663397000,44.25,1,44.2,57,44.25,68,1,2022-05-26 09:00:51
1653555651663864000,44.2,5,44.2,52,44.25,68,2,2022-05-26 09:00:51
1653555651719879000,44.25,1,44.2,53,44.25,67,1,2022-05-26 09:00:51
1653555651955491000,44.25,2,44.2,58,44.25,65,1,2022-05-26 09:00:51
1653555652096678000,44.25,10,44.2,60,44.25,56,1,2022-05-26 09:00:52
1653555652142031000,44.2,1,44.2,67,44.25,56,2,2022-05-26 09:00:52
1653555652222756000,44.25,10,44.2,88,44.25,46,1,2022-05-26 09:00:52
1653555652229235000,44.2,2,44.2,86,44.25,46,2,2022-05-26 09:00:52
1653555652248678000,44.25,46,44.2,86,44.3,74,1,2022-05-26 09:00:52
1653555652322058000,44.3,5,44.25,4,44.3,70,1,2022-05-26 09:00:52
1653555652379258000,44.25,2,44.25,2,44.3,70,2,2022-05-26 09:00:52
1653555652483383000,44.25,1,44.25,1,44.3,70,2,2022-05-26 09:00:52
1653555652502424000,44.25,1,44.2,97,44.25,4,2,2022-05-26 09:00:52
1653555652519383000,44.25,2,44.2,98,44.25,2,1,2022-05-26 09:00:52
1653555652553578000,44.2,1,44.2,99,44.25,3,2,2022-05-26 09:00:52
1653555652575961000,44.25,1,44.2,99,44.25,2,1,2022-05-26 09:00:52
1653555652589749000,44.2,68,44.2,31,44.25,3,2,2022-05-26 09:00:52
1653555652621521000,44.25,3,44.2,31,44.3,81,1,2022-05-26 09:00:52
1653555652863290000,44.2,5,44.2,35,44.25,87,2,2022-05-26 09:00:52
1653555652928632000,44.25,2,44.2,41,44.25,85,1,2022-05-26 09:00:52
1653555652951133000,44.25,7,44.2,46,44.25,78,1,2022-05-26 09:00:52
1653555652986339000,44.25,29,44.2,48,44.25,49,1,2022-05-26 09:00:52
1653555653051044000,44.25,1,44.2,48,44.25,48,1,2022-05-26 09:00:53
1653555653123566000,44.2,2,44.2,48,44.25,50,2,2022-05-26 09:00:53
1653555653136609000,44.25,1,44.2,48,44.25,49,1,2022-05-26 09:00:53
1653555653139940000,44.25,1,44.2,48,44.25,48,1,2022-05-26 09:00:53
1653555653166201000,44.25,3,44.2,55,44.25,45,1,2022-05-26 09:00:53
1653555653348247000,44.25,1,44.2,60,44.25,44,1,2022-05-26 09:00:53
1653555653410931000,44.2,27,44.2,35,44.25,45,2,2022-05-26 09:00:53
1653555653445469000,44.25,42,44.2,37,44.25,3,1,2022-05-26 09:00:53
1653555653465527000,44.25,2,44.2,39,44.25,1,1,2022-05-26 09:00:53
1653555653486930000,44.25,1,44.2,39,44.3,82,1,2022-05-26 09:00:53
1653555653494036000,44.3,1,44.2,39,44.3,81,1,2022-05-26 09:00:53
1653555653552348000,44.25,5,44.2,33,44.3,81,2,2022-05-26 09:00:53
1653555653552348000,44.2,8,44.2,33,44.3,81,2,2022-05-26 09:00:53
1653555653704613000,44.25,1,44.2,60,44.25,6,1,2022-05-26 09:00:53
1653555653820629000,44.2,4,44.2,58,44.25,6,2,2022-05-26 09:00:53
1653555653822070000,44.25,4,44.2,58,44.25,2,1,2022-05-26 09:00:53
1653555653912204000,44.25,2,44.2,61,44.3,77,1,2022-05-26 09:00:53
1653555654012064000,44.3,2,44.25,1,44.3,75,1,2022-05-26 09:00:54
1653555654060758000,44.25,1,44.25,21,44.3,75,2,2022-05-26 09:00:54
1653555654175651000,44.3,1,44.25,71,44.3,74,1,2022-05-26 09:00:54
1653555654176772000,44.25,1,44.25,70,44.3,74,2,2022-05-26 09:00:54
1653555654204770000,44.25,25,44.25,45,44.3,74,2,2022-05-26 09:00:54
1653555654208243000,44.3,1,44.25,45,44.3,73,1,2022-05-26 09:00:54
1653555654306106000,44.25,1,44.25,66,44.3,73,2,2022-05-26 09:00:54
1653555654394583000,44.25,1,44.25,71,44.3,73,2,2022-05-26 09:00:54
1653555654460021000,44.25,1,44.25,70,44.3,73,2,2022-05-26 09:00:54
1653555654550747000,44.3,1,44.25,70,44.3,72,1,2022-05-26 09:00:54
1653555654556503000,44.25,2,44.25,68,44.3,72,2,2022-05-26 09:00:54
1653555654565650000,44.3,1,44.25,68,44.3,71,1,2022-05-26 09:00:54
1653555654606340000,44.3,2,44.25,72,44.3,69,1,2022-05-26 09:00:54
1653555654670796000,44.3,5,44.25,76,44.3,64,1,2022-05-26 09:00:54
1653555654673313000,44.25,2,44.25,74,44.3,64,2,2022-05-26 09:00:54
1653555654759980000,44.25,1,44.25,78,44.3,64,2,2022-05-26 09:00:54
1653555654765290000,44.3,5,44.25,78,44.3,59,1,2022-05-26 09:00:54
1653555654773769000,44.25,5,44.25,74,44.3,59,2,2022-05-26 09:00:54
1653555654800338000,44.25,1,44.25,73,44.3,59,2,2022-05-26 09:00:54
1653555654855510000,44.3,5,44.25,74,44.3,54,1,2022-05-26 09:00:54
1653555654873639000,44.3,4,44.25,74,44.3,50,1,2022-05-26 09:00:54
1653555654954106000,44.25,1,44.25,73,44.3,50,2,2022-05-26 09:00:54
1653555654986548000,44.3,4,44.25,73,44.3,46,1,2022-05-26 09:00:54
1653555655036736000,44.3,5,44.25,74,44.3,65,1,2022-05-26 09:00:55
1653555655111665000,44.25,1,44.25,74,44.3,65,2,2022-05-26 09:00:55
1653555655113655000,44.25,3,44.25,71,44.3,65,2,2022-05-26 09:00:55
1653555655144220000,44.25,2,44.25,69,44.3,65,2,2022-05-26 09:00:55
1653555655263211000,44.25,1,44.25,73,44.3,65,2,2022-05-26 09:00:55
1653555655332628000,44.3,2,44.25,75,44.3,63,1,2022-05-26 09:00:55
1653555655426059000,44.25,1,44.25,76,44.3,63,2,2022-05-26 09:00:55
1653555655444100000,44.3,5,44.25,77,44.3,58,1,2022-05-26 09:00:55
1653555655509602000,44.25,2,44.25,77,44.3,58,2,2022-05-26 09:00:55
1653555655576802000,44.25,2,44.25,75,44.3,58,2,2022-05-26 09:00:55
1653555655706591000,44.25,10,44.25,65,44.3,58,2,2022-05-26 09:00:55
1653555655827479000,44.3,1,44.25,66,44.3,57,1,2022-05-26 09:00:55
1653555655861194000,44.25,1,44.25,65,44.3,57,2,2022-05-26 09:00:55
1653555655882401000,44.3,20,44.25,65,44.3,37,1,2022-05-26 09:00:55
1653555655904088000,44.3,1,44.25,67,44.3,36,1,2022-05-26 09:00:55
1653555655905324000,44.3,1,44.25,67,44.3,35,1,2022-05-26 09:00:55
1653555655976097000,44.25,1,44.25,66,44.3,35,2,2022-05-26 09:00:55
1653555656015865000,44.25,3,44.25,63,44.3,35,2,2022-05-26 09:00:56
1653555656197268000,44.3,1,44.25,68,44.3,34,1,2022-05-26 09:00:56
1653555656257728000,44.3,5,44.25,69,44.3,29,1,2022-05-26 09:00:56
1653555656280724000,44.25,1,44.25,68,44.3,29,2,2022-05-26 09:00:56
1653555656376365000,44.3,1,44.25,69,44.3,28,1,2022-05-26 09:00:56
1653555656520139000,44.25,1,44.25,79,44.3,28,2,2022-05-26 09:00:56
1653555656529756000,44.3,4,44.25,79,44.3,24,1,2022-05-26 09:00:56
1653555656568743000,44.25,1,44.25,78,44.3,24,2,2022-05-26 09:00:56
1653555656569330000,44.3,3,44.25,78,44.3,21,1,2022-05-26 09:00:56
1653555656578048000,44.3,10,44.25,78,44.3,11,1,2022-05-26 09:00:56
1653555656631578000,44.3,1,44.25,79,44.3,11,1,2022-05-26 09:00:56
1653555656647896000,44.3,2,44.25,79,44.3,9,1,2022-05-26 09:00:56
1653555656708321000,44.3,2,44.25,83,44.3,7,1,2022-05-26 09:00:56
1653555656772552000,44.25,1,44.25,82,44.3,27,2,2022-05-26 09:00:56
1653555656819325000,44.25,3,44.25,79,44.3,28,2,2022-05-26 09:00:56
1653555656896752000,44.25,1,44.25,83,44.3,28,2,2022-05-26 09:00:56
1653555656913272000,44.3,2,44.25,83,44.3,26,1,2022-05-26 09:00:56
1653555656915710000,44.3,6,44.25,83,44.3,20,1,2022-05-26 09:00:56
1653555656932935000,44.25,3,44.25,81,44.3,20,2,2022-05-26 09:00:56
1653555656933407000,44.3,10,44.25,81,44.3,10,1,2022-05-26 09:00:56
1653555656961680000,44.3,7,44.25,81,44.3,3,1,2022-05-26 09:00:56
1653555656973155000,44.3,2,44.25,81,44.3,1,1,2022-05-26 09:00:56
1653555657002089000,44.25,10,44.25,89,44.3,1,2,2022-05-26 09:00:57
1653555657277897000,44.25,1,44.25,93,44.3,1,2,2022-05-26 09:00:57
1653555657373520000,44.25,1,44.25,93,44.3,1,2,2022-05-26 09:00:57
1653555657443414000,44.3,1,44.25,96,44.35,113,1,2022-05-26 09:00:57
1653555657572987000,44.3,2,44.25,108,44.3,9,1,2022-05-26 09:00:57
1653555657622116000,44.3,9,44.25,108,44.35,113,1,2022-05-26 09:00:57
1653555657622116000,44.35,1,44.25,108,44.35,113,1,2022-05-26 09:00:57
1653555657687290000,44.25,10,44.25,99,44.35,134,2,2022-05-26 09:00:57
1653555657721971000,44.3,1,44.25,99,44.35,134,1,2022-05-26 09:00:57
1653555657780144000,44.3,1,44.25,100,44.35,132,1,2022-05-26 09:00:57
1653555657780144000,44.35,2,44.25,100,44.35,132,1,2022-05-26 09:00:57
1653555657827278000,44.35,1,44.3,3,44.35,132,1,2022-05-26 09:00:57
1653555657859050000,44.35,2,44.3,3,44.35,130,1,2022-05-26 09:00:57
1653555657899435000,44.3,1,44.3,2,44.35,130,2,2022-05-26 09:00:57
1653555657946143000,44.3,5,44.25,104,44.3,15,2,2022-05-26 09:00:57
1653555657957840000,44.3,1,44.25,104,44.3,14,1,2022-05-26 09:00:57
1653555657985515000,44.3,1,44.25,104,44.3,13,1,2022-05-26 09:00:57
1653555657986022000,44.25,1,44.25,103,44.3,13,2,2022-05-26 09:00:57
1653555657998984000,44.3,5,44.25,103,44.3,9,1,2022-05-26 09:00:57
1653555658022846000,44.3,1,44.25,103,44.3,8,1,2022-05-26 09:00:58
1653555658035623000,44.3,1,44.25,103,44.3,8,1,2022-05-26 09:00:58
1653555658039112000,44.3,1,44.25,103,44.3,7,1,2022-05-26 09:00:58
1653555658132570000,44.3,1,44.25,104,44.3,6,1,2022-05-26 09:00:58
1653555658157949000,44.3,1,44.25,105,44.3,5,1,2022-05-26 09:00:58
1653555658187346000,44.25,1,44.25,104,44.3,5,2,2022-05-26 09:00:58
1653555658251416000,44.3,5,44.25,154,44.35,85,1,2022-05-26 09:00:58
1653555658251416000,44.35,45,44.25,154,44.35,85,1,2022-05-26 09:00:58
1653555658263631000,44.25,2,44.25,153,44.35,85,2,2022-05-26 09:00:58
1653555658343720000,44.3,1,44.25,154,44.35,85,2,2022-05-26 09:00:58
1653555658398239000,44.3,2,44.25,155,44.3,7,2,2022-05-26 09:00:58
1653555658430387000,44.3,2,44.25,155,44.3,5,1,2022-05-26 09:00:58
1653555658463627000,44.3,3,44.25,156,44.3,2,1,2022-05-26 09:00:58
1653555658495151000,44.3,2,44.3,4,44.35,85,1,2022-05-26 09:00:58
1653555658510715000,44.3,3,44.3,1,44.35,85,2,2022-05-26 09:00:58
1653555658589016000,44.3,2,44.25,153,44.35,85,2,2022-05-26 09:00:58
1653555658589016000,44.25,8,44.25,153,44.35,85,2,2022-05-26 09:00:58
1653555658593200000,44.3,2,44.3,3,44.35,135,2,2022-05-26 09:00:58
1653555658691250000,44.3,2,44.3,15,44.35,135,2,2022-05-26 09:00:58
1653555658721328000,44.35,100,44.3,15,44.35,35,1,2022-05-26 09:00:58
1653555658843881000,44.35,1,44.3,32,44.35,34,1,2022-05-26 09:00:58
1653555658861659000,44.3,1,44.3,31,44.35,34,2,2022-05-26 09:00:58
1653555658955178000,44.3,1,44.3,34,44.35,44,2,2022-05-26 09:00:58
1653555658958106000,44.35,10,44.3,34,44.35,34,1,2022-05-26 09:00:58
1653555658963311000,44.3,11,44.3,23,44.35,34,2,2022-05-26 09:00:58
1653555658968728000,44.3,5,44.3,18,44.35,34,2,2022-05-26 09:00:58
1653555659044711000,44.35,2,44.3,18,44.35,33,1,2022-05-26 09:00:59
1653555659066351000,44.35,2,44.3,18,44.35,31,1,2022-05-26 09:00:59
1653555659072439000,44.3,18,44.25,153,44.35,31,2,2022-05-26 09:00:59
1653555659072439000,44.25,3,44.25,153,44.35,31,2,2022-05-26 09:00:59
1653555659109958000,44.35,1,44.3,1,44.35,30,1,2022-05-26 09:00:59
1653555659157394000,44.3,1,44.25,153,44.3,7,2,2022-05-26 09:00:59
1653555659225242000,44.3,1,44.25,153,44.3,8,1,2022-05-26 09:00:59
1653555659225432000,44.3,5,44.25,153,44.3,3,1,2022-05-26 09:00:59
1653555659295519000,44.3,1,44.25,153,44.3,2,1,2022-05-26 09:00:59
1653555659345021000,44.3,2,44.25,153,44.35,27,1,2022-05-26 09:00:59
1653555659345021000,44.35,3,44.25,153,44.35,27,1,2022-05-26 09:00:59
1653555659421684000,44.35,1,44.25,155,44.35,26,1,2022-05-26 09:00:59
1653555659534799000,44.35,1,44.25,155,44.35,25,1,2022-05-26 09:00:59
1653555659604522000,44.35,1,44.3,3,44.35,24,1,2022-05-26 09:00:59
1653555659612908000,44.3,2,44.3,1,44.35,24,2,2022-05-26 09:00:59
1653555659678686000,44.35,1,44.3,6,44.35,23,1,2022-05-26 09:00:59
1653555659760834000,44.3,1,44.3,6,44.35,23,2,2022-05-26 09:00:59
1653555659763015000,44.3,5,44.3,1,44.35,23,2,2022-05-26 09:00:59
1653555659859752000,44.3,1,44.3,2,44.35,23,2,2022-05-26 09:00:59
1653555659917970000,44.3,1,44.3,17,44.35,23,2,2022-05-26 09:00:59
1653555659966605000,44.35,1,44.3,17,44.35,22,1,2022-05-26 09:00:59
1653555660038376000,44.3,10,44.3,13,44.35,22,2,2022-05-26 09:01:00
1653555660088519000,44.3,3,44.3,10,44.35,22,2,2022-05-26 09:01:00
1653555660101382000,44.35,1,44.3,10,44.35,21,1,2022-05-26 09:01:00
1653555660176333000,44.3,3,44.3,7,44.35,21,2,2022-05-26 09:01:00
1653555660193015000,44.3,1,44.3,6,44.35,21,2,2022-05-26 09:01:00
1653555660324076000,44.3,1,44.3,11,44.35,24,2,2022-05-26 09:01:00
1653555660343726000,44.35,10,44.3,11,44.35,15,1,2022-05-26 09:01:00
1653555660354149000,44.3,2,44.3,9,44.35,15,2,2022-05-26 09:01:00
1653555660393799000,44.35,1,44.3,10,44.35,14,1,2022-05-26 09:01:00
1653555660458343000,44.3,6,44.3,4,44.35,14,2,2022-05-26 09:01:00
1653555660519771000,44.3,1,44.3,5,44.35,14,2,2022-05-26 09:01:00
1653555660528765000,44.35,1,44.3,5,44.35,13,1,2022-05-26 09:01:00
1653555660570144000,44.3,1,44.3,5,44.35,13,2,2022-05-26 09:01:00
1653555660618699000,44.3,5,44.25,170,44.3,1,2,2022-05-26 09:01:00
1653555660618924000,44.3,1,44.3,2,44.35,13,1,2022-05-26 09:01:00
1653555660705638000,44.35,1,44.3,3,44.35,12,1,2022-05-26 09:01:00
1653555660729349000,44.35,4,44.3,3,44.35,8,1,2022-05-26 09:01:00
1653555660756556000,44.35,1,44.3,3,44.35,7,1,2022-05-26 09:01:00
1653555660852505000,44.3,1,44.3,4,44.35,59,2,2022-05-26 09:01:00
1653555660957914000,44.35,4,44.3,4,44.35,55,1,2022-05-26 09:01:00
1653555661029526000,44.35,2,44.3,10,44.35,53,1,2022-05-26 09:01:01
1653555661168229000,44.3,1,44.3,10,44.35,53,2,2022-05-26 09:01:01
1653555661169161000,44.35,2,44.3,10,44.35,51,1,2022-05-26 09:01:01
1653555661301737000,44.35,1,44.3,10,44.35,50,1,2022-05-26 09:01:01
1653555661301753000,44.35,1,44.3,10,44.35,49,1,2022-05-26 09:01:01
1653555661305482000,44.35,2,44.3,10,44.35,47,1,2022-05-26 09:01:01
1653555661428571000,44.35,4,44.3,13,44.35,43,1,2022-05-26 09:01:01
1653555661439983000,44.35,1,44.3,13,44.35,42,1,2022-05-26 09:01:01
1653555661464137000,44.35,10,44.3,14,44.35,32,1,2022-05-26 09:01:01
1653555661465949000,44.35,1,44.3,15,44.35,31,1,2022-05-26 09:01:01
1653555661477097000,44.3,1,44.3,14,44.35,31,2,2022-05-26 09:01:01
1653555661496225000,44.35,1,44.3,14,44.35,30,1,2022-05-26 09:01:01
1653555661525530000,44.35,1,44.3,14,44.35,29,1,2022-05-26 09:01:01
1653555661732927000,44.35,1,44.3,19,44.35,28,1,2022-05-26 09:01:01
1653555661836576000,44.3,4,44.3,16,44.35,28,2,2022-05-26 09:01:01
1653555661882796000,44.35,10,44.3,16,44.35,18,1,2022-05-26 09:01:01
1653555661891623000,44.3,10,44.3,6,44.35,18,2,2022-05-26 09:01:01
1653555661893113000,44.35,1,44.3,6,44.35,17,1,2022-05-26 09:01:01
1653555662023225000,44.35,1,44.3,7,44.35,27,1,2022-05-26 09:01:02
1653555662060773000,44.3,1,44.3,7,44.35,27,2,2022-05-26 09:01:02
1653555662099967000,44.35,10,44.3,7,44.35,17,1,2022-05-26 09:01:02
1653555662100677000,44.35,10,44.3,7,44.35,7,1,2022-05-26 09:01:02
1653555662128252000,44.35,1,44.3,10,44.35,6,1,2022-05-26 09:01:02
1653555662139696000,44.35,5,44.3,10,44.35,1,1,2022-05-26 09:01:02
1653555662144455000,44.35,1,44.3,10,44.4,96,1,2022-05-26 09:01:02
1653555662168236000,44.3,1,44.3,10,44.4,96,2,2022-05-26 09:01:02
1653555662189130000,44.35,1,44.35,3,44.4,98,2,2022-05-26 09:01:02
1653555662215877000,44.35,2,44.35,1,44.4,98,2,2022-05-26 09:01:02
1653555662216400000,44.35,1,44.3,11,44.35,2,2,2022-05-26 09:01:02
1653555662227940000,44.3,2,44.3,10,44.35,2,2,2022-05-26 09:01:02
1653555662273919000,44.35,1,44.3,10,44.35,3,1,2022-05-26 09:01:02
1653555662329219000,44.35,3,44.3,11,44.4,96,1,2022-05-26 09:01:02
1653555662505669000,44.35,1,44.3,36,44.35,3,1,2022-05-26 09:01:02
1653555662520876000,44.35,2,44.3,36,44.35,1,1,2022-05-26 09:01:02
