ts,close,volume,bid_price,bid_volume,ask_price,ask_volume,tick_type,datetime
1646384534218016000,95.4,834,95.3,9,95.4,123,0,2022-03-04 09:02:14
1646384534254343000,95.3,9,95.2,18,95.4,123,2,2022-03-04 09:02:14
1646384534334768000,95.2,2,95.2,16,95.3,23,2,2022-03-04 09:02:14
1646384534463691000,95.2,3,95.2,13,95.3,23,2,2022-03-04 09:02:14
1646384534466762000,95.2,6,95.2,7,95.3,23,2,2022-03-04 09:02:14
1646384534468803000,95.2,2,95.2,5,95.3,23,2,2022-03-04 09:02:14
1646384534506309000,95.2,3,95.2,2,95.3,23,2,2022-03-04 09:02:14
1646384534544767000,95.2,2,95.1,3,95.3,23,2,2022-03-04 09:02:14
1646384534647219000,95.3,1,95.1,3,95.3,22,1,2022-03-04 09:02:14
1646384534768430000,95.1,3,95.0,14,95.3,22,2,2022-03-04 09:02:14
1646384535432771000,95.2,2,95.0,14,95.3,20,1,2022-03-04 09:02:15
1646384535432771000,95.3,3,95.0,14,95.3,20,1,2022-03-04 09:02:15
1646384536094871000,95.1,5,95.0,14,95.1,49,1,2022-03-04 09:02:16
1646384536998269000,95.0,3,95.0,11,95.1,49,2,2022-03-04 09:02:16
1646384537208381000,95.1,2,95.0,11,95.1,47,1,2022-03-04 09:02:17
1646384537484985000,95.1,2,95.0,11,95.1,45,1,2022-03-04 09:02:17
1646384537766027000,95.0,7,95.0,4,95.1,48,2,2022-03-04 09:02:17
1646384537819385000,95.1,4,95.0,4,95.1,44,1,2022-03-04 09:02:17
1646384538003491000,95.1,1,95.0,4,95.1,43,1,2022-03-04 09:02:18
1646384538054634000,95.0,1,95.0,3,95.1,43,2,2022-03-04 09:02:18
1646384538105897000,95.1,1,95.0,3,95.1,42,1,2022-03-04 09:02:18
1646384538357139000,95.0,1,95.0,2,95.1,42,2,2022-03-04 09:02:18
1646384538381773000,95.0,2,94.9,4,95.1,42,2,2022-03-04 09:02:18
1646384538427709000,95.0,1,95.0,4,95.1,42,1,2022-03-04 09:02:18
1646384538632908000,95.0,1,95.0,3,95.1,42,2,2022-03-04 09:02:18
1646384539464446000,95.0,2,95.0,1,95.1,41,2,2022-03-04 09:02:19
1646384539534559000,95.0,1,94.9,4,95.1,41,2,2022-03-04 09:02:19
1646384539670955000,94.9,4,94.8,4,95.0,2,2,2022-03-04 09:02:19
1646384539794384000,94.8,1,94.8,3,95.0,2,2,2022-03-04 09:02:19
1646384539997582000,95.0,2,95.0,3,95.1,41,1,2022-03-04 09:02:19
1646384540019914000,95.1,41,95.0,3,95.2,39,1,2022-03-04 09:02:20
1646384540021552000,95.0,1,95.0,2,95.2,39,2,2022-03-04 09:02:20
1646384540256342000,95.0,2,94.8,3,95.0,1,2,2022-03-04 09:02:20
1646384540356055000,95.0,5,94.8,3,95.1,4,1,2022-03-04 09:02:20
1646384540997776000,95.0,1,94.9,2,95.1,3,1,2022-03-04 09:02:20
1646384540997776000,95.1,2,94.9,2,95.1,3,1,2022-03-04 09:02:20
1646384541152686000,95.0,4,95.0,1,95.1,3,2,2022-03-04 09:02:21
1646384541154623000,95.0,1,94.9,2,95.1,3,2,2022-03-04 09:02:21
1646384541400446000,94.9,1,94.9,1,95.1,3,2,2022-03-04 09:02:21
1646384541412035000,94.9,1,94.8,8,95.1,3,2,2022-03-04 09:02:21
1646384541529359000,95.1,1,94.9,2,95.1,2,1,2022-03-04 09:02:21
1646384541554284000,95.1,2,94.9,2,95.2,39,1,2022-03-04 09:02:21
1646384542502487000,95.1,1,95.0,5,95.2,38,1,2022-03-04 09:02:22
1646384542502589000,95.0,1,95.0,4,95.2,38,2,2022-03-04 09:02:22
1646384543092825000,95.0,1,95.0,8,95.2,38,2,2022-03-04 09:02:23
1646384543094567000,95.0,1,95.0,7,95.2,38,2,2022-03-04 09:02:23
1646384543137705000,95.2,3,95.0,7,95.2,35,1,2022-03-04 09:02:23
1646384543603188000,95.2,2,95.1,4,95.2,33,1,2022-03-04 09:02:23
1646384543842391000,95.2,2,95.1,4,95.2,31,1,2022-03-04 09:02:23
1646384544002160000,95.2,2,95.1,4,95.2,29,1,2022-03-04 09:02:24
1646384544186751000,95.2,2,95.1,4,95.2,27,1,2022-03-04 09:02:24
1646384544265801000,95.1,1,95.1,3,95.2,27,2,2022-03-04 09:02:24
1646384544629542000,95.1,1,95.1,2,95.2,27,2,2022-03-04 09:02:24
1646384544657248000,95.2,5,95.1,2,95.2,22,1,2022-03-04 09:02:24
1646384545223667000,95.1,1,95.1,1,95.2,22,2,2022-03-04 09:02:25
1646384545293491000,95.1,1,95.0,8,95.2,23,2,2022-03-04 09:02:25
1646384545544767000,95.0,1,95.0,7,95.2,23,2,2022-03-04 09:02:25
1646384545687079000,95.0,2,95.0,5,95.2,23,2,2022-03-04 09:02:25
1646384546441028000,95.1,1,95.0,5,95.1,1,1,2022-03-04 09:02:26
1646384546484180000,95.1,1,95.0,5,95.2,23,1,2022-03-04 09:02:26
1646384546815667000,95.0,1,95.0,4,95.2,23,2,2022-03-04 09:02:26
1646384546838799000,95.2,1,95.0,4,95.2,22,1,2022-03-04 09:02:26
1646384546851529000,95.0,1,95.0,3,95.2,22,2,2022-03-04 09:02:26
1646384547201443000,95.1,1,95.0,3,95.1,1,1,2022-03-04 09:02:27
1646384547255230000,95.1,1,95.0,5,95.2,23,1,2022-03-04 09:02:27
1646384547346147000,95.0,1,95.0,4,95.2,23,2,2022-03-04 09:02:27
1646384547514106000,95.0,4,94.9,31,95.0,26,2,2022-03-04 09:02:27
1646384547838801000,94.9,1,94.9,30,95.0,32,2,2022-03-04 09:02:27
1646384547882336000,95.0,2,94.9,30,95.0,30,1,2022-03-04 09:02:27
1646384548310814000,94.9,2,94.9,28,95.0,30,2,2022-03-04 09:02:28
1646384548458479000,95.0,3,94.9,28,95.0,27,1,2022-03-04 09:02:28
1646384548752050000,94.9,9,94.9,19,95.0,27,2,2022-03-04 09:02:28
1646384549709403000,94.9,19,94.8,3,95.0,39,2,2022-03-04 09:02:29
1646384550416069000,94.9,1,94.8,3,94.9,2,1,2022-03-04 09:02:30
1646384550601322000,94.8,1,94.8,2,94.9,5,2,2022-03-04 09:02:30
1646384550787089000,94.8,1,94.8,1,94.9,5,2,2022-03-04 09:02:30
1646384551515009000,94.9,1,94.8,1,94.9,8,1,2022-03-04 09:02:31
1646384551631538000,94.9,1,94.8,1,94.9,19,1,2022-03-04 09:02:31
1646384552359976000,94.8,1,94.7,10,94.9,19,2,2022-03-04 09:02:32
1646384552642188000,94.9,1,94.7,10,94.9,18,1,2022-03-04 09:02:32
1646384552695351000,94.9,11,94.7,10,94.9,7,1,2022-03-04 09:02:32
1646384553017302000,94.7,1,94.7,9,94.8,3,2,2022-03-04 09:02:33
1646384553443237000,94.8,2,94.7,9,94.8,3,1,2022-03-04 09:02:33
1646384553997798000,94.8,1,94.7,15,94.8,2,1,2022-03-04 09:02:33
1646384554285870000,94.8,2,94.7,15,94.9,10,1,2022-03-04 09:02:34
1646384554294900000,94.7,2,94.7,13,94.9,10,2,2022-03-04 09:02:34
1646384554733429000,94.8,1,94.7,13,94.9,10,1,2022-03-04 09:02:34
1646384554846899000,94.7,1,94.7,12,94.9,10,2,2022-03-04 09:02:34
1646384554938115000,94.7,10,94.7,2,94.9,10,2,2022-03-04 09:02:34
1646384554972852000,94.7,2,94.6,11,94.9,10,2,2022-03-04 09:02:34
1646384555058448000,94.6,2,94.6,9,94.9,10,2,2022-03-04 09:02:35
1646384555327666000,94.6,1,94.6,8,94.8,1,2,2022-03-04 09:02:35
1646384555706211000,94.6,5,94.6,3,94.7,1,2,2022-03-04 09:02:35
1646384555764591000,94.7,1,94.6,3,94.8,1,1,2022-03-04 09:02:35
1646384555972264000,94.6,1,94.6,2,94.7,1,2,2022-03-04 09:02:35
1646384556088703000,94.6,1,94.6,1,94.7,1,2,2022-03-04 09:02:36
1646384556251885000,94.7,1,94.6,1,94.8,1,1,2022-03-04 09:02:36
1646384556377089000,94.8,1,94.6,1,94.9,10,1,2022-03-04 09:02:36
1646384556452599000,94.6,1,94.5,21,94.9,10,2,2022-03-04 09:02:36
1646384556859523000,94.8,1,94.8,2,94.9,10,2,2022-03-04 09:02:36
1646384557137281000,94.8,1,94.8,1,94.9,10,2,2022-03-04 09:02:37
1646384557177477000,94.8,1,94.7,1,94.9,10,2,2022-03-04 09:02:37
1646384557252953000,94.7,1,94.5,21,94.9,10,2,2022-03-04 09:02:37
1646384557252953000,94.6,1,94.5,21,94.9,10,2,2022-03-04 09:02:37
1646384557255194000,94.5,1,94.5,20,94.9,10,2,2022-03-04 09:02:37
1646384557284629000,94.9,10,94.5,20,95.0,41,1,2022-03-04 09:02:37
1646384557284629000,95.0,10,94.5,20,95.0,41,1,2022-03-04 09:02:37
1646384557638276000,94.5,1,94.5,19,94.7,5,2,2022-03-04 09:02:37
1646384557733766000,94.6,1,94.5,19,94.7,5,1,2022-03-04 09:02:37
1646384557818911000,94.7,1,94.5,19,94.7,4,1,2022-03-04 09:02:37
1646384557846524000,94.7,4,94.5,19,94.8,1,1,2022-03-04 09:02:37
1646384558250101000,94.6,1,94.5,19,94.8,1,2,2022-03-04 09:02:38
1646384558321024000,94.5,20,94.4,18,94.8,1,2,2022-03-04 09:02:38
1646384558588592000,94.4,2,94.4,16,94.8,1,2,2022-03-04 09:02:38
1646384558848863000,94.4,1,94.4,15,94.8,15,2,2022-03-04 09:02:38
1646384559303702000,94.4,1,94.4,14,94.7,1,2,2022-03-04 09:02:39
1646384559352093000,94.4,14,94.2,1,94.7,1,2,2022-03-04 09:02:39
1646384559352093000,94.3,3,94.2,1,94.7,1,2,2022-03-04 09:02:39
1646384559352093000,94.2,8,94.2,1,94.7,1,2,2022-03-04 09:02:39
1646384559426267000,94.6,1,94.3,2,94.6,5,1,2022-03-04 09:02:39
1646384559750584000,94.3,1,94.3,2,94.6,5,2,2022-03-04 09:02:39
1646384559752810000,94.3,1,94.3,1,94.6,5,2,2022-03-04 09:02:39
1646384560267616000,94.5,1,94.3,1,94.5,20,1,2022-03-04 09:02:40
1646384560875448000,94.3,1,94.1,20,94.4,1,2,2022-03-04 09:02:40
1646384560875448000,94.2,1,94.1,20,94.4,1,2,2022-03-04 09:02:40
1646384560875448000,94.1,7,94.1,20,94.4,1,2,2022-03-04 09:02:40
1646384561071196000,94.1,1,94.1,19,94.3,1,2,2022-03-04 09:02:41
1646384561191873000,94.3,1,94.1,19,94.4,1,1,2022-03-04 09:02:41
1646384561231484000,94.1,4,94.1,15,94.4,1,2,2022-03-04 09:02:41
1646384561261749000,94.1,4,94.1,11,94.4,1,2,2022-03-04 09:02:41
1646384561395584000,94.3,1,94.2,1,94.4,2,1,2022-03-04 09:02:41
1646384561629042000,94.4,1,94.2,1,94.4,2,1,2022-03-04 09:02:41
1646384561791797000,94.2,1,94.1,11,94.4,2,2,2022-03-04 09:02:41
1646384562488632000,94.1,2,94.1,9,94.4,3,2,2022-03-04 09:02:42
1646384562572226000,94.1,1,94.1,8,94.4,3,2,2022-03-04 09:02:42
1646384562903363000,94.3,1,94.2,1,94.3,1,1,2022-03-04 09:02:42
1646384562922152000,94.2,1,94.1,3,94.3,1,2,2022-03-04 09:02:42
1646384562922152000,94.1,5,94.1,3,94.3,1,2,2022-03-04 09:02:42
1646384563010016000,94.1,1,94.1,2,94.3,1,2,2022-03-04 09:02:43
1646384563670186000,94.1,2,94.0,24,94.3,1,2,2022-03-04 09:02:43
1646384563745862000,94.0,1,94.0,23,94.3,1,2,2022-03-04 09:02:43
1646384564233297000,94.2,1,94.0,23,94.3,1,2,2022-03-04 09:02:44
1646384564367548000,94.3,1,94.1,2,94.4,16,1,2022-03-04 09:02:44
1646384564744875000,94.1,1,94.1,2,94.4,16,2,2022-03-04 09:02:44
1646384564764576000,94.1,1,94.1,1,94.4,16,2,2022-03-04 09:02:44
1646384565046464000,94.1,1,94.0,42,94.4,16,2,2022-03-04 09:02:45
1646384565046464000,94.0,1,94.0,42,94.4,16,2,2022-03-04 09:02:45
1646384565442078000,94.2,1,94.0,42,94.4,17,1,2022-03-04 09:02:45
1646384565442078000,94.3,2,94.0,42,94.4,17,1,2022-03-04 09:02:45
1646384565518474000,94.0,1,94.0,42,94.4,17,2,2022-03-04 09:02:45
1646384565621296000,94.3,1,94.2,1,94.4,17,2,2022-03-04 09:02:45
1646384566281666000,94.2,1,94.0,42,94.3,5,2,2022-03-04 09:02:46
1646384566511873000,94.0,1,94.0,41,94.3,6,2,2022-03-04 09:02:46
1646384566718891000,94.3,1,94.1,5,94.3,5,1,2022-03-04 09:02:46
1646384566957595000,94.1,1,94.1,4,94.3,5,2,2022-03-04 09:02:46
1646384567037027000,94.3,5,94.1,4,94.4,17,1,2022-03-04 09:02:47
1646384567231907000,94.1,4,94.0,34,94.3,2,2,2022-03-04 09:02:47
1646384567231907000,94.0,2,94.0,34,94.3,2,2,2022-03-04 09:02:47
1646384567473675000,94.0,3,94.0,32,94.3,2,2,2022-03-04 09:02:47
1646384567529632000,94.0,1,94.0,31,94.3,2,2,2022-03-04 09:02:47
1646384567545416000,94.0,31,93.7,2,94.3,2,2,2022-03-04 09:02:47
1646384567545416000,93.9,4,93.7,2,94.3,2,2,2022-03-04 09:02:47
1646384567545416000,93.8,8,93.7,2,94.3,2,2,2022-03-04 09:02:47
1646384567545416000,93.7,7,93.7,2,94.3,2,2,2022-03-04 09:02:47
1646384567885133000,94.1,2,94.1,2,94.2,1,2,2022-03-04 09:02:47
1646384567999436000,94.2,1,94.1,2,94.3,2,1,2022-03-04 09:02:47
1646384568228274000,94.1,2,94.1,1,94.3,12,2,2022-03-04 09:02:48
1646384568688220000,94.1,1,94.0,1,94.2,10,2,2022-03-04 09:02:48
1646384568688220000,94.0,1,94.0,1,94.2,10,2,2022-03-04 09:02:48
1646384568830993000,94.0,1,93.7,2,94.2,10,2,2022-03-04 09:02:48
1646384568962358000,94.0,1,93.7,2,94.0,4,1,2022-03-04 09:02:48
1646384569079951000,94.0,1,93.7,2,94.0,3,1,2022-03-04 09:02:49
1646384569266334000,94.0,3,93.7,22,94.1,7,1,2022-03-04 09:02:49
1646384569266334000,94.1,2,93.7,22,94.1,7,1,2022-03-04 09:02:49
1646384569287534000,94.1,1,93.7,22,94.1,6,1,2022-03-04 09:02:49
1646384569738936000,94.1,1,93.8,3,94.1,5,1,2022-03-04 09:02:49
1646384569763628000,94.1,5,93.8,3,94.2,10,1,2022-03-04 09:02:49
1646384569895036000,94.0,2,93.8,9,94.2,10,1,2022-03-04 09:02:49
1646384570605769000,94.1,1,94.1,7,94.2,10,2,2022-03-04 09:02:50
1646384570927756000,94.1,1,94.1,6,94.2,10,2,2022-03-04 09:02:50
1646384570932199000,94.1,5,94.1,1,94.2,10,2,2022-03-04 09:02:50
1646384571083121000,94.1,1,93.8,10,94.2,10,2,2022-03-04 09:02:51
1646384571287802000,94.0,1,93.8,10,94.2,10,2,2022-03-04 09:02:51
1646384571462854000,93.9,1,93.9,1,94.2,10,2,2022-03-04 09:02:51
1646384572038616000,94.1,5,93.9,6,94.2,10,1,2022-03-04 09:02:52
1646384572684450000,94.0,1,93.9,9,94.0,1,1,2022-03-04 09:02:52
1646384572694036000,94.0,1,93.9,9,94.1,1,1,2022-03-04 09:02:52
1646384573096743000,94.1,1,94.0,1,94.2,12,1,2022-03-04 09:02:53
1646384573330879000,94.0,1,93.9,9,94.2,12,2,2022-03-04 09:02:53
1646384573476506000,94.0,1,94.0,4,94.2,12,2,2022-03-04 09:02:53
1646384573520419000,94.0,3,94.0,1,94.2,12,2,2022-03-04 09:02:53
1646384573603215000,94.1,1,94.0,1,94.2,12,1,2022-03-04 09:02:53
1646384573871178000,94.0,1,93.9,9,94.2,12,2,2022-03-04 09:02:53
1646384574466008000,94.1,1,94.1,1,94.2,16,2,2022-03-04 09:02:54
1646384574588956000,94.1,1,93.9,11,94.2,16,2,2022-03-04 09:02:54
1646384574831938000,94.0,1,93.9,11,94.2,16,2,2022-03-04 09:02:54
1646384576260038000,94.1,5,94.0,3,94.2,17,1,2022-03-04 09:02:56
1646384576363145000,94.1,1,94.0,3,94.2,18,2,2022-03-04 09:02:56
1646384576797908000,94.0,3,93.9,11,94.0,7,2,2022-03-04 09:02:56
1646384576968110000,93.9,1,93.9,10,94.0,7,2,2022-03-04 09:02:56
1646384577211965000,94.0,2,93.9,10,94.0,5,1,2022-03-04 09:02:57
1646384577248148000,94.0,5,93.9,10,94.2,19,1,2022-03-04 09:02:57
1646384577284894000,93.9,10,93.7,1,94.2,19,2,2022-03-04 09:02:57
1646384577284894000,93.8,17,93.7,1,94.2,19,2,2022-03-04 09:02:57
1646384577284894000,93.7,3,93.7,1,94.2,19,2,2022-03-04 09:02:57
1646384577643426000,93.9,1,93.8,2,93.9,4,1,2022-03-04 09:02:57
1646384577673318000,93.9,4,93.8,2,94.0,2,1,2022-03-04 09:02:57
1646384577868462000,94.0,1,93.8,2,94.0,7,1,2022-03-04 09:02:57
1646384578079420000,94.0,1,93.8,2,94.0,7,1,2022-03-04 09:02:58
1646384578158078000,93.8,1,93.8,1,94.0,7,2,2022-03-04 09:02:58
1646384578318106000,94.0,2,93.9,1,94.0,5,1,2022-03-04 09:02:58
1646384578489398000,94.0,5,94.1,15,94.2,26,1,2022-03-04 09:02:58
1646384578755144000,94.1,3,94.1,12,94.2,24,2,2022-03-04 09:02:58
1646384579040618000,94.1,1,94.1,11,94.2,24,2,2022-03-04 09:02:59
1646384579306693000,94.1,2,94.1,9,94.2,24,2,2022-03-04 09:02:59
1646384579315911000,94.1,5,94.1,4,94.2,24,2,2022-03-04 09:02:59
1646384579354174000,94.1,4,93.9,1,94.2,26,2,2022-03-04 09:02:59
1646384579568763000,93.9,1,93.8,1,94.2,26,2,2022-03-04 09:02:59
1646384579798032000,94.1,1,93.8,1,94.2,26,2,2022-03-04 09:02:59
1646384580006620000,93.8,1,93.6,13,94.1,1,2,2022-03-04 09:03:00
1646384580006620000,93.7,2,93.6,13,94.1,1,2,2022-03-04 09:03:00
1646384580289823000,93.9,1,93.8,13,94.1,2,2,2022-03-04 09:03:00
1646384580339514000,93.8,1,93.8,12,94.1,3,2,2022-03-04 09:03:00
1646384580389192000,93.8,1,93.8,11,94.1,3,2,2022-03-04 09:03:00
1646384580450803000,93.8,8,93.8,3,94.1,3,2,2022-03-04 09:03:00
1646384581054387000,93.9,1,93.8,8,94.0,1,1,2022-03-04 09:03:01
1646384581072656000,94.0,1,93.8,8,94.2,25,1,2022-03-04 09:03:01
1646384581072656000,94.1,6,93.8,8,94.2,25,1,2022-03-04 09:03:01
1646384581072656000,94.2,3,93.8,8,94.2,25,1,2022-03-04 09:03:01
1646384581333870000,94.0,1,93.8,8,94.0,1,2,2022-03-04 09:03:01
1646384581742684000,94.0,2,93.8,8,94.2,10,1,2022-03-04 09:03:01
1646384581742684000,94.1,1,93.8,8,94.2,10,1,2022-03-04 09:03:01
1646384581742684000,94.2,15,93.8,8,94.2,10,1,2022-03-04 09:03:01
1646384582208427000,93.9,1,93.8,8,94.0,6,2,2022-03-04 09:03:02
1646384582766596000,93.8,10,93.8,4,94.0,6,2,2022-03-04 09:03:02
1646384583235692000,93.8,1,93.8,3,94.0,8,2,2022-03-04 09:03:03
1646384583616778000,93.8,1,93.8,5,94.0,9,2,2022-03-04 09:03:03
1646384583942449000,94.0,5,93.8,6,94.0,4,1,2022-03-04 09:03:03
1646384584454123000,94.0,1,93.9,1,94.0,3,1,2022-03-04 09:03:04
1646384585131795000,94.0,1,93.9,1,94.0,6,1,2022-03-04 09:03:05
1646384585143001000,93.9,1,93.8,8,94.0,6,2,2022-03-04 09:03:05
1646384585143001000,93.8,1,93.8,8,94.0,6,2,2022-03-04 09:03:05
1646384585158531000,94.0,1,93.8,8,94.0,5,1,2022-03-04 09:03:05
1646384585352408000,94.0,1,93.8,8,94.0,5,1,2022-03-04 09:03:05
1646384585979797000,94.0,5,93.8,8,94.0,1,1,2022-03-04 09:03:05
1646384586740733000,94.0,1,93.9,2,94.0,6,1,2022-03-04 09:03:06
1646384587135135000,94.0,5,93.9,2,94.0,1,1,2022-03-04 09:03:07
1646384587166428000,94.0,1,93.9,2,94.1,15,1,2022-03-04 09:03:07
1646384587396051000,94.1,1,94.0,1,94.1,14,1,2022-03-04 09:03:07
1646384587452034000,94.1,1,94.0,1,94.1,13,1,2022-03-04 09:03:07
1646384587857421000,94.0,1,94.0,1,94.1,13,2,2022-03-04 09:03:07
1646384588219972000,94.1,2,94.0,3,94.1,11,1,2022-03-04 09:03:08
1646384588243637000,94.1,7,94.0,3,94.1,4,1,2022-03-04 09:03:08
1646384588275578000,94.1,4,94.0,3,94.2,16,1,2022-03-04 09:03:08
1646384588318881000,94.0,1,94.0,2,94.2,16,2,2022-03-04 09:03:08
1646384588573538000,94.0,1,94.0,3,94.2,15,2,2022-03-04 09:03:08
1646384589313244000,94.1,1,94.1,1,94.2,15,2,2022-03-04 09:03:09
1646384589473877000,94.1,1,94.0,4,94.2,15,2,2022-03-04 09:03:09
1646384589517398000,94.0,1,94.0,3,94.2,15,2,2022-03-04 09:03:09
1646384589695299000,94.0,3,93.9,7,94.2,15,2,2022-03-04 09:03:09
1646384591465479000,94.0,1,94.0,11,94.2,15,2,2022-03-04 09:03:11
1646384591660738000,94.0,2,94.0,9,94.2,15,2,2022-03-04 09:03:11
1646384591929053000,94.2,3,94.0,9,94.2,12,1,2022-03-04 09:03:11
1646384591957937000,94.2,12,94.0,9,94.3,17,1,2022-03-04 09:03:11
1646384592284493000,94.3,2,94.0,10,94.3,15,1,2022-03-04 09:03:12
1646384592623538000,94.3,15,94.2,20,94.4,24,1,2022-03-04 09:03:12
1646384592912754000,94.2,1,94.2,19,94.4,24,2,2022-03-04 09:03:12
1646384593322056000,94.4,1,94.2,19,94.4,23,1,2022-03-04 09:03:13
1646384593324174000,94.2,1,94.2,18,94.4,23,2,2022-03-04 09:03:13
1646384593453588000,94.4,1,94.2,18,94.4,22,1,2022-03-04 09:03:13
1646384593455814000,94.4,1,94.2,18,94.4,21,1,2022-03-04 09:03:13
1646384593638629000,94.2,2,94.2,16,94.4,21,2,2022-03-04 09:03:13
1646384593916876000,94.2,5,94.2,11,94.4,21,2,2022-03-04 09:03:13
1646384593995967000,94.2,1,94.2,10,94.4,21,2,2022-03-04 09:03:13
1646384594219359000,94.3,2,94.2,10,94.4,21,2,2022-03-04 09:03:14
1646384595309044000,94.4,1,94.3,5,94.4,20,1,2022-03-04 09:03:15
1646384595444662000,94.3,5,94.2,9,94.4,20,2,2022-03-04 09:03:15
1646384595444662000,94.2,5,94.2,9,94.4,20,2,2022-03-04 09:03:15
1646384596113479000,94.4,5,94.3,1,94.4,15,1,2022-03-04 09:03:16
1646384596906822000,94.4,1,94.3,1,94.4,14,1,2022-03-04 09:03:16
1646384596966245000,94.4,2,94.3,1,94.4,12,1,2022-03-04 09:03:16
1646384598211628000,94.4,3,94.3,1,94.4,11,1,2022-03-04 09:03:18
1646384598360715000,94.4,7,94.3,1,94.4,4,1,2022-03-04 09:03:18
1646384598402610000,94.4,4,94.3,1,94.5,1,1,2022-03-04 09:03:18
1646384598416233000,94.5,1,94.3,1,94.6,4,1,2022-03-04 09:03:18
1646384598677916000,94.4,1,94.3,1,94.4,1,1,2022-03-04 09:03:18
1646384598713345000,94.4,1,94.3,1,94.6,4,1,2022-03-04 09:03:18
1646384599350694000,94.3,1,94.3,2,94.4,1,2,2022-03-04 09:03:19
1646384599785529000,94.4,1,94.3,3,94.4,2,1,2022-03-04 09:03:19
1646384599820216000,94.3,3,94.2,11,94.3,27,2,2022-03-04 09:03:19
1646384600189129000,94.2,8,94.2,4,94.3,27,2,2022-03-04 09:03:20
1646384601578470000,94.3,1,94.2,4,94.3,27,1,2022-03-04 09:03:21
1646384601820515000,94.2,1,94.2,3,94.3,27,2,2022-03-04 09:03:21
1646384602389910000,94.2,3,94.1,2,94.3,27,2,2022-03-04 09:03:22
1646384602448146000,94.1,2,94.0,22,94.3,27,2,2022-03-04 09:03:22
1646384603038966000,94.2,2,94.0,22,94.2,1,1,2022-03-04 09:03:23
1646384603964024000,94.2,3,94.1,1,94.2,7,1,2022-03-04 09:03:23
1646384604315560000,94.1,2,94.1,2,94.2,8,2,2022-03-04 09:03:24
1646384605351374000,94.1,1,94.1,2,94.2,8,2,2022-03-04 09:03:25
1646384606168819000,94.2,3,94.1,2,94.2,8,1,2022-03-04 09:03:26
1646384606248673000,94.2,1,94.1,2,94.2,7,1,2022-03-04 09:03:26
1646384606263950000,94.1,2,94.0,25,94.2,7,2,2022-03-04 09:03:26
1646384607199043000,94.2,8,94.1,1,94.3,38,1,2022-03-04 09:03:27
1646384607638575000,94.1,2,94.1,1,94.2,1,2,2022-03-04 09:03:27
1646384608386443000,94.2,1,94.1,2,94.2,1,1,2022-03-04 09:03:28
1646384608434395000,94.2,1,94.1,2,94.3,38,1,2022-03-04 09:03:28
1646384609065574000,94.1,1,94.1,2,94.3,38,2,2022-03-04 09:03:29
1646384609840430000,94.1,1,94.1,1,94.3,38,2,2022-03-04 09:03:29
1646384610681164000,94.1,1,94.1,2,94.3,38,2,2022-03-04 09:03:30
1646384610697060000,94.1,1,94.1,1,94.3,38,2,2022-03-04 09:03:30
1646384610713491000,94.1,1,94.0,38,94.3,38,2,2022-03-04 09:03:30
1646384611524469000,94.1,1,94.1,2,94.2,1,2,2022-03-04 09:03:31
1646384612246598000,94.1,1,94.1,1,94.2,1,2,2022-03-04 09:03:32
1646384612277193000,94.1,1,94.0,43,94.1,2,2,2022-03-04 09:03:32
1646384612713678000,94.1,1,94.0,42,94.1,2,1,2022-03-04 09:03:32
1646384613251468000,94.1,2,94.0,42,94.2,3,1,2022-03-04 09:03:33
1646384614684036000,94.0,6,94.0,37,94.1,2,2,2022-03-04 09:03:34
1646384614695330000,94.1,2,94.0,37,94.3,34,1,2022-03-04 09:03:34
1646384614695330000,94.2,5,94.0,37,94.3,34,1,2022-03-04 09:03:34
1646384614695330000,94.3,3,94.0,37,94.3,34,1,2022-03-04 09:03:34
1646384614816052000,94.0,4,94.0,33,94.2,7,2,2022-03-04 09:03:34
1646384615093663000,94.1,2,94.1,1,94.2,7,2,2022-03-04 09:03:35
1646384615589816000,94.2,3,94.1,1,94.2,4,1,2022-03-04 09:03:35
1646384617516096000,94.2,1,94.1,2,94.2,14,1,2022-03-04 09:03:37
1646384617926934000,94.1,1,94.1,3,94.2,14,2,2022-03-04 09:03:37
1646384618159159000,94.1,2,94.1,1,94.2,14,2,2022-03-04 09:03:38
1646384619363374000,94.1,3,94.1,4,94.2,14,2,2022-03-04 09:03:39
1646384619455603000,94.2,1,94.1,4,94.2,13,1,2022-03-04 09:03:39
1646384619598919000,94.1,1,94.1,8,94.2,13,2,2022-03-04 09:03:39
1646384620131067000,94.1,9,94.0,37,94.2,14,2,2022-03-04 09:03:40
1646384620131067000,94.0,1,94.0,37,94.2,14,2,2022-03-04 09:03:40
1646384620568847000,94.1,1,94.0,37,94.2,14,1,2022-03-04 09:03:40
1646384622257461000,94.1,1,94.0,39,94.2,14,2,2022-03-04 09:03:42
1646384623603308000,94.1,1,94.0,38,94.2,20,2,2022-03-04 09:03:43
1646384624065666000,94.0,2,94.0,35,94.1,1,2,2022-03-04 09:03:44
1646384625597089000,94.1,1,94.0,36,94.1,1,1,2022-03-04 09:03:45
1646384625956514000,94.1,1,94.1,7,94.2,21,1,2022-03-04 09:03:45
1646384625960936000,94.1,1,94.1,6,94.2,21,2,2022-03-04 09:03:45
1646384626003468000,94.1,4,94.1,2,94.2,21,2,2022-03-04 09:03:46
1646384626310142000,94.2,1,94.1,3,94.2,20,1,2022-03-04 09:03:46
1646384626339115000,94.1,1,94.1,2,94.2,20,2,2022-03-04 09:03:46
1646384626678264000,94.1,2,94.0,9,94.2,20,2,2022-03-04 09:03:46
1646384626678264000,94.0,28,94.0,9,94.2,20,2,2022-03-04 09:03:46
1646384626979427000,94.1,1,94.0,9,94.1,1,1,2022-03-04 09:03:46
1646384627711573000,94.0,3,94.0,8,94.1,2,2,2022-03-04 09:03:47
1646384627909180000,94.0,3,94.0,5,94.1,2,2,2022-03-04 09:03:47
1646384628325237000,94.0,1,94.0,4,94.1,3,2,2022-03-04 09:03:48
1646384629031894000,94.0,5,94.0,3,94.1,4,2,2022-03-04 09:03:49
1646384629163363000,94.0,1,94.0,2,94.1,4,2,2022-03-04 09:03:49
1646384629319959000,94.0,2,93.9,7,94.1,4,2,2022-03-04 09:03:49
1646384629319959000,93.9,8,93.9,7,94.1,4,2,2022-03-04 09:03:49
1646384630651145000,94.0,1,93.9,7,94.2,23,1,2022-03-04 09:03:50
1646384630651145000,94.1,5,93.9,7,94.2,23,1,2022-03-04 09:03:50
1646384630651145000,94.2,3,93.9,7,94.2,23,1,2022-03-04 09:03:50
1646384632105462000,94.0,1,93.9,7,94.1,3,2,2022-03-04 09:03:52
1646384633267518000,93.9,1,93.9,6,94.0,1,2,2022-03-04 09:03:53
1646384633961761000,93.9,3,93.9,3,94.0,2,2,2022-03-04 09:03:53
1646384634001534000,93.9,3,93.8,26,94.0,2,2,2022-03-04 09:03:54
1646384634003276000,94.0,1,93.8,26,94.0,1,1,2022-03-04 09:03:54
1646384634982551000,93.8,3,93.8,23,94.0,1,2,2022-03-04 09:03:54
1646384637135354000,94.0,1,93.9,1,94.0,5,1,2022-03-04 09:03:57
1646384637607414000,93.9,1,93.8,28,94.0,5,2,2022-03-04 09:03:57
1646384637970007000,94.0,1,93.8,29,94.0,4,1,2022-03-04 09:03:57
1646384638198641000,94.0,1,93.8,29,94.0,3,1,2022-03-04 09:03:58
1646384638717641000,93.8,5,93.8,24,93.9,1,2,2022-03-04 09:03:58
1646384639334894000,93.9,1,93.8,24,94.0,10,1,2022-03-04 09:03:59
1646384640156221000,93.8,10,93.8,15,94.0,17,2,2022-03-04 09:04:00
1646384640190271000,93.8,5,93.8,10,94.0,17,2,2022-03-04 09:04:00
1646384640224005000,93.8,4,93.8,6,94.0,17,2,2022-03-04 09:04:00
1646384640260725000,93.8,6,93.7,17,93.9,1,2,2022-03-04 09:04:00
1646384640401731000,93.8,1,93.7,17,93.9,1,1,2022-03-04 09:04:00
1646384641444922000,93.7,10,93.7,7,93.9,1,2,2022-03-04 09:04:01
1646384641477313000,93.7,7,93.6,13,93.9,1,2,2022-03-04 09:04:01
1646384641799274000,93.6,1,93.6,13,93.9,9,2,2022-03-04 09:04:01
1646384641832350000,93.6,13,93.5,6,93.9,9,2,2022-03-04 09:04:01
1646384641846769000,93.5,6,93.4,9,93.7,8,2,2022-03-04 09:04:01
1646384641846769000,93.4,1,93.4,9,93.7,8,2,2022-03-04 09:04:01
1646384641987815000,93.4,1,93.4,8,93.7,8,2,2022-03-04 09:04:01
1646384642171243000,93.7,1,93.4,8,93.7,7,1,2022-03-04 09:04:02
1646384643020196000,93.4,4,93.4,4,93.7,7,2,2022-03-04 09:04:03
1646384643035626000,93.4,4,93.3,1,93.7,7,2,2022-03-04 09:04:03
1646384643035626000,93.3,1,93.3,1,93.7,7,2,2022-03-04 09:04:03
1646384643414348000,93.3,1,93.2,11,93.7,7,2,2022-03-04 09:04:03
1646384643578995000,93.6,1,93.3,2,93.6,1,1,2022-03-04 09:04:03
1646384643999914000,93.6,1,93.3,2,93.7,10,1,2022-03-04 09:04:03
1646384644079253000,93.3,1,93.3,1,93.7,10,2,2022-03-04 09:04:04
1646384644991250000,93.3,2,93.3,1,93.7,13,2,2022-03-04 09:04:04
1646384645541836000,93.3,1,93.2,12,93.7,13,2,2022-03-04 09:04:05
1646384645541836000,93.2,1,93.2,12,93.7,13,2,2022-03-04 09:04:05
1646384646628882000,93.3,2,93.2,12,93.6,2,2,2022-03-04 09:04:06
1646384646697657000,93.6,1,93.2,12,93.6,10,1,2022-03-04 09:04:06
1646384647080836000,93.4,4,93.2,13,93.6,10,1,2022-03-04 09:04:07
1646384647122568000,93.6,1,93.2,13,93.6,9,1,2022-03-04 09:04:07
1646384647982846000,93.7,1,93.3,1,93.7,9,1,2022-03-04 09:04:07
1646384648006655000,93.3,1,93.2,13,93.7,9,2,2022-03-04 09:04:08
1646384648510884000,93.4,1,93.4,9,93.7,9,2,2022-03-04 09:04:08
1646384650500256000,93.5,1,93.5,2,93.6,2,2,2022-03-04 09:04:10
1646384651256698000,93.5,1,93.5,2,93.6,3,2,2022-03-04 09:04:11
1646384651565831000,93.6,1,93.5,2,93.6,2,1,2022-03-04 09:04:11
1646384653099176000,93.5,2,93.4,12,93.6,2,2,2022-03-04 09:04:13
1646384653784837000,93.4,2,93.4,11,93.6,3,2,2022-03-04 09:04:13
1646384655345316000,93.5,1,93.4,9,93.6,6,2,2022-03-04 09:04:15
1646384656190490000,93.5,1,93.4,9,93.6,6,2,2022-03-04 09:04:16
1646384658673043000,93.5,1,93.4,13,93.6,6,2,2022-03-04 09:04:18
1646384659460125000,93.5,1,93.4,12,93.6,7,2,2022-03-04 09:04:19
1646384659460125000,93.4,1,93.4,12,93.6,7,2,2022-03-04 09:04:19
1646384660273237000,93.5,1,93.4,15,93.6,7,1,2022-03-04 09:04:20
1646384660753620000,93.6,1,93.5,5,93.6,6,1,2022-03-04 09:04:20
1646384661184164000,93.5,3,93.5,2,93.6,6,2,2022-03-04 09:04:21
1646384661671338000,93.6,5,93.5,3,93.6,1,1,2022-03-04 09:04:21
1646384661988079000,93.5,3,93.4,24,93.5,2,2,2022-03-04 09:04:21
1646384663013222000,93.5,1,93.4,26,93.5,1,1,2022-03-04 09:04:23
1646384663047532000,93.5,1,93.4,26,93.6,2,1,2022-03-04 09:04:23
1646384664304022000,93.5,1,93.5,2,93.6,2,2,2022-03-04 09:04:24
1646384664347248000,93.5,2,93.4,19,93.6,2,2,2022-03-04 09:04:24
1646384664347248000,93.4,8,93.4,19,93.6,2,2,2022-03-04 09:04:24
1646384665285341000,93.5,1,93.4,19,93.5,5,1,2022-03-04 09:04:25
1646384665609581000,93.5,5,93.4,23,93.6,4,1,2022-03-04 09:04:25
1646384665850314000,93.5,1,93.5,1,93.6,4,2,2022-03-04 09:04:25
1646384666852382000,93.5,1,93.4,23,93.5,2,2,2022-03-04 09:04:26
1646384667434798000,93.4,10,93.4,15,93.5,2,2,2022-03-04 09:04:27
1646384667733437000,93.5,1,93.4,15,93.5,1,1,2022-03-04 09:04:27
1646384668081089000,93.5,1,93.4,15,93.5,2,1,2022-03-04 09:04:28
1646384668560029000,93.4,15,93.2,20,93.3,1,2,2022-03-04 09:04:28
1646384668560029000,93.3,24,93.2,20,93.3,1,2,2022-03-04 09:04:28
1646384670120085000,93.3,1,93.2,20,93.4,2,1,2022-03-04 09:04:30
1646384670380260000,93.4,1,93.2,20,93.4,1,1,2022-03-04 09:04:30
1646384671173132000,93.4,1,93.2,20,93.5,6,1,2022-03-04 09:04:31
1646384671198727000,93.5,2,93.2,20,93.5,4,1,2022-03-04 09:04:31
1646384671804675000,93.2,1,93.2,19,93.5,5,2,2022-03-04 09:04:31
1646384672826196000,93.5,1,93.2,19,93.5,4,1,2022-03-04 09:04:32
1646384674283593000,93.2,1,93.2,18,93.5,6,2,2022-03-04 09:04:34
1646384674448491000,93.2,1,93.2,17,93.5,6,2,2022-03-04 09:04:34
1646384674471527000,93.2,4,93.2,13,93.5,6,2,2022-03-04 09:04:34
1646384674785703000,93.2,13,93.1,11,93.2,12,2,2022-03-04 09:04:34
1646384675164842000,93.2,1,93.1,11,93.2,11,1,2022-03-04 09:04:35
1646384675189494000,93.2,11,93.1,11,93.5,17,1,2022-03-04 09:04:35
1646384675554382000,93.1,1,93.1,10,93.5,17,2,2022-03-04 09:04:35
1646384675582841000,93.1,10,93.0,49,93.5,17,2,2022-03-04 09:04:35
1646384676249419000,93.2,1,93.1,1,93.5,14,2,2022-03-04 09:04:36
1646384676638928000,93.5,1,93.1,1,93.5,13,1,2022-03-04 09:04:36
1646384678453578000,93.4,2,93.2,2,93.4,1,1,2022-03-04 09:04:38
1646384679259237000,93.3,1,93.3,19,93.4,2,2,2022-03-04 09:04:39
1646384681542334000,93.4,2,93.3,19,93.4,15,1,2022-03-04 09:04:41
1646384682207591000,93.4,1,93.3,19,93.4,14,1,2022-03-04 09:04:42
1646384682478275000,93.4,1,93.3,19,93.4,13,1,2022-03-04 09:04:42
1646384682842461000,93.3,12,93.3,7,93.4,13,2,2022-03-04 09:04:42
1646384682879388000,93.3,1,93.3,6,93.4,13,2,2022-03-04 09:04:42
1646384684486081000,93.4,1,93.3,7,93.4,15,1,2022-03-04 09:04:44
1646384684874184000,93.3,1,93.3,7,93.4,16,2,2022-03-04 09:04:44
1646384685293725000,93.4,10,93.3,8,93.4,7,1,2022-03-04 09:04:45
1646384686413993000,93.4,2,93.3,9,93.4,5,1,2022-03-04 09:04:46
1646384686655474000,93.4,1,93.3,9,93.4,4,1,2022-03-04 09:04:46
1646384687007254000,93.4,4,93.4,6,93.5,73,1,2022-03-04 09:04:47
1646384687066646000,93.4,4,93.4,2,93.5,73,2,2022-03-04 09:04:47
1646384687645627000,93.4,1,93.4,1,93.5,73,2,2022-03-04 09:04:47
1646384688531218000,93.4,1,93.2,6,93.5,72,2,2022-03-04 09:04:48
1646384688531218000,93.3,9,93.2,6,93.5,72,2,2022-03-04 09:04:48
1646384688531218000,93.2,10,93.2,6,93.5,72,2,2022-03-04 09:04:48
1646384688648032000,93.4,1,93.2,7,93.5,72,1,2022-03-04 09:04:48
1646384688827396000,93.3,1,93.2,7,93.3,1,1,2022-03-04 09:04:48
1646384689365610000,93.3,1,93.2,11,93.4,1,1,2022-03-04 09:04:49
1646384690075970000,93.4,1,93.3,5,93.4,9,1,2022-03-04 09:04:50
1646384690140001000,93.3,5,93.2,13,93.3,15,2,2022-03-04 09:04:50
1646384690819619000,93.3,2,93.2,13,93.3,13,1,2022-03-04 09:04:50
1646384691103058000,93.3,1,93.2,13,93.3,12,1,2022-03-04 09:04:51
1646384691470710000,93.2,3,93.2,10,93.3,12,2,2022-03-04 09:04:51
1646384691584143000,93.3,1,93.2,10,93.3,11,1,2022-03-04 09:04:51
1646384692094820000,93.3,1,93.2,10,93.3,10,1,2022-03-04 09:04:52
1646384692403536000,93.3,1,93.2,11,93.3,9,1,2022-03-04 09:04:52
1646384692478982000,93.3,1,93.2,11,93.3,8,1,2022-03-04 09:04:52
1646384692650958000,93.3,5,93.2,11,93.3,3,1,2022-03-04 09:04:52
1646384693162446000,93.3,1,93.2,12,93.3,2,1,2022-03-04 09:04:53
1646384693984251000,93.3,1,93.2,15,93.3,1,1,2022-03-04 09:04:53
1646384694040776000,93.2,10,93.2,5,93.3,1,2,2022-03-04 09:04:54
1646384694190727000,93.2,1,93.2,4,93.3,1,2,2022-03-04 09:04:54
1646384694511262000,93.3,1,93.3,2,93.4,11,1,2022-03-04 09:04:54
1646384695074007000,93.4,1,93.3,2,93.4,10,1,2022-03-04 09:04:55
1646384695114372000,93.4,9,93.3,2,93.4,1,1,2022-03-04 09:04:55
1646384695143461000,93.4,1,93.3,2,93.5,73,1,2022-03-04 09:04:55
1646384695572119000,93.3,2,93.2,5,93.4,1,2,2022-03-04 09:04:55
1646384695679828000,93.2,5,93.1,12,93.4,1,2,2022-03-04 09:04:55
1646384695965849000,93.1,1,93.1,12,93.4,1,2,2022-03-04 09:04:55
1646384696975652000,93.4,1,93.3,2,93.5,72,1,2022-03-04 09:04:56
1646384696975652000,93.5,1,93.3,2,93.5,72,1,2022-03-04 09:04:56
1646384697021093000,93.5,1,93.3,2,93.5,71,1,2022-03-04 09:04:57
1646384697040493000,93.3,1,93.3,1,93.5,71,2,2022-03-04 09:04:57
1646384697743690000,93.4,1,93.3,1,93.4,1,1,2022-03-04 09:04:57
1646384698794292000,93.3,1,93.1,13,93.4,1,2,2022-03-04 09:04:58
1646384700774474000,93.2,1,93.2,9,93.3,17,2,2022-03-04 09:05:00
1646384701399746000,93.3,5,93.2,10,93.3,12,1,2022-03-04 09:05:01
1646384702057738000,93.2,1,93.2,10,93.3,12,2,2022-03-04 09:05:02
1646384703415764000,93.3,1,93.2,23,93.3,13,1,2022-03-04 09:05:03
1646384703812663000,93.3,1,93.2,23,93.3,12,1,2022-03-04 09:05:03
1646384703870417000,93.3,5,93.2,23,93.3,7,1,2022-03-04 09:05:03
1646384703892099000,93.3,3,93.2,23,93.3,4,1,2022-03-04 09:05:03
1646384704010931000,93.2,2,93.2,21,93.3,4,2,2022-03-04 09:05:04
1646384704807256000,93.3,2,93.2,21,93.3,2,1,2022-03-04 09:05:04
1646384705699464000,93.3,1,93.2,23,93.3,1,1,2022-03-04 09:05:05
1646384707139575000,93.3,1,93.2,24,93.3,6,1,2022-03-04 09:05:07
1646384707293420000,93.2,1,93.2,24,93.3,6,2,2022-03-04 09:05:07
1646384708044262000,93.2,1,93.2,25,93.3,8,2,2022-03-04 09:05:08
1646384708698044000,93.3,5,93.2,29,93.3,3,1,2022-03-04 09:05:08
1646384711145524000,93.3,5,93.2,33,93.3,15,1,2022-03-04 09:05:11
1646384711300064000,93.3,1,93.2,33,93.3,14,1,2022-03-04 09:05:11
1646384711606684000,93.3,1,93.2,33,93.3,13,1,2022-03-04 09:05:11
1646384712140165000,93.2,5,93.2,27,93.3,13,2,2022-03-04 09:05:12
1646384712320343000,93.3,6,93.2,27,93.3,7,1,2022-03-04 09:05:12
1646384712399537000,93.3,4,93.2,27,93.3,3,1,2022-03-04 09:05:12
1646384712407779000,93.3,3,93.2,27,93.4,22,1,2022-03-04 09:05:12
1646384713595643000,93.3,5,93.2,2,93.4,27,2,2022-03-04 09:05:13
1646384713595643000,93.2,25,93.2,2,93.4,27,2,2022-03-04 09:05:13
1646384753850766000,92.7,290,92.6,14,92.9,8,2,2022-03-04 09:05:53
1646384754579945000,92.6,1,92.6,13,92.8,5,2,2022-03-04 09:05:54
1646384754614001000,92.6,11,92.6,2,92.8,5,2,2022-03-04 09:05:54
1646384754938680000,92.7,1,92.6,2,92.7,5,1,2022-03-04 09:05:54
1646384755377069000,92.6,1,92.6,1,92.7,2,2,2022-03-04 09:05:55
1646384755407508000,92.6,1,92.5,26,92.7,2,2,2022-03-04 09:05:55
1646384759521775000,92.5,1,92.5,28,92.6,2,2,2022-03-04 09:05:59
1646384760385979000,92.5,1,92.5,28,92.6,4,2,2022-03-04 09:06:00
1646384760398547000,92.5,6,92.5,22,92.6,4,2,2022-03-04 09:06:00
1646384760791052000,92.5,1,92.5,21,92.6,5,2,2022-03-04 09:06:00
1646384760815364000,92.5,1,92.5,20,92.6,5,2,2022-03-04 09:06:00
1646384760974303000,92.5,2,92.5,18,92.6,5,2,2022-03-04 09:06:00
1646384761123733000,92.6,2,92.5,18,92.6,3,1,2022-03-04 09:06:01
1646384761538957000,92.6,1,92.5,18,92.6,2,1,2022-03-04 09:06:01
1646384761574649000,92.5,1,92.5,17,92.6,2,2,2022-03-04 09:06:01
1646384761724155000,92.6,2,92.6,3,92.9,8,1,2022-03-04 09:06:01
1646384761725672000,92.6,2,92.6,1,92.9,8,2,2022-03-04 09:06:01
1646384761970437000,92.6,1,92.6,1,92.9,8,2,2022-03-04 09:06:01
1646384762211321000,92.6,1,92.5,17,92.6,9,2,2022-03-04 09:06:02
1646384762214855000,92.5,1,92.5,16,92.6,9,2,2022-03-04 09:06:02
1646384762257471000,92.5,3,92.5,13,92.6,9,2,2022-03-04 09:06:02
1646384763502709000,92.5,3,92.5,11,92.6,11,2,2022-03-04 09:06:03
1646384763932453000,92.5,6,92.5,5,92.6,21,2,2022-03-04 09:06:03
1646384764896926000,92.5,5,92.5,2,92.6,21,2,2022-03-04 09:06:04
1646384765126787000,92.5,1,92.5,1,92.6,21,2,2022-03-04 09:06:05
1646384765382781000,92.6,2,92.5,1,92.6,19,1,2022-03-04 09:06:05
1646384765504667000,92.5,1,92.4,6,92.6,19,2,2022-03-04 09:06:05
1646384765535987000,92.6,3,92.4,6,92.6,16,1,2022-03-04 09:06:05
1646384765694731000,92.6,2,92.4,6,92.6,14,1,2022-03-04 09:06:05
1646384765851519000,92.5,1,92.4,6,92.5,24,2,2022-03-04 09:06:05
1646384767036076000,92.5,3,92.4,6,92.5,22,1,2022-03-04 09:06:07
1646384767152314000,92.5,1,92.4,6,92.5,21,1,2022-03-04 09:06:07
1646384767763500000,92.5,1,92.4,6,92.5,20,1,2022-03-04 09:06:07
1646384767822713000,92.4,2,92.4,5,92.5,20,2,2022-03-04 09:06:07
1646384768207155000,92.5,5,92.4,5,92.5,15,1,2022-03-04 09:06:08
1646384768301913000,92.5,15,92.4,8,92.6,18,1,2022-03-04 09:06:08
1646384769431947000,92.5,1,92.5,1,92.6,18,1,2022-03-04 09:06:09
1646384769567684000,92.6,1,92.5,1,92.6,17,1,2022-03-04 09:06:09
1646384770327631000,92.5,1,92.5,2,92.6,17,2,2022-03-04 09:06:10
1646384771040417000,92.5,1,92.5,5,92.6,17,2,2022-03-04 09:06:11
1646384771399752000,92.5,1,92.5,4,92.6,17,2,2022-03-04 09:06:11
1646384771644728000,92.6,2,92.5,5,92.6,15,1,2022-03-04 09:06:11
1646384771704304000,92.6,11,92.5,5,92.6,4,1,2022-03-04 09:06:11
1646384771746875000,92.6,4,92.5,9,92.9,3,1,2022-03-04 09:06:11
1646384772891420000,92.5,1,92.5,8,92.9,3,2,2022-03-04 09:06:12
1646384773450623000,92.6,1,92.6,25,92.9,3,2,2022-03-04 09:06:13
1646384774280849000,92.6,1,92.6,27,92.9,3,2,2022-03-04 09:06:14
1646384774502877000,92.6,1,92.6,26,92.9,3,2,2022-03-04 09:06:14
1646384775470680000,92.6,1,92.6,36,92.8,1,2,2022-03-04 09:06:15
1646384777432443000,92.8,1,92.6,37,92.9,3,1,2022-03-04 09:06:17
1646384779461932000,92.7,1,92.7,12,92.9,13,2,2022-03-04 09:06:19
1646384780264912000,92.7,2,92.7,9,92.8,1,2,2022-03-04 09:06:20
1646384782585470000,92.7,1,92.7,12,92.8,1,2,2022-03-04 09:06:22
1646384782613630000,92.8,1,92.7,12,92.9,13,1,2022-03-04 09:06:22
1646384783588050000,92.8,2,92.8,3,92.9,13,2,2022-03-04 09:06:23
1646384783983503000,92.8,1,92.8,2,92.9,13,2,2022-03-04 09:06:23
1646384786101108000,92.8,4,92.8,4,92.9,13,2,2022-03-04 09:06:26
1646384787909042000,92.8,1,92.7,17,92.9,17,2,2022-03-04 09:06:27
1646384788826539000,92.8,1,92.7,16,92.9,18,1,2022-03-04 09:06:28
1646384788826539000,92.9,1,92.7,16,92.9,18,1,2022-03-04 09:06:28
1646384789876219000,92.9,1,92.7,17,92.9,17,1,2022-03-04 09:06:29
1646384791264514000,92.8,2,92.7,14,92.9,17,2,2022-03-04 09:06:31
1646384791264514000,92.7,1,92.7,14,92.9,17,2,2022-03-04 09:06:31
1646384791584438000,92.9,1,92.7,14,92.9,17,1,2022-03-04 09:06:31
1646384791804281000,92.9,16,92.7,14,92.9,1,1,2022-03-04 09:06:31
1646384791837734000,92.9,1,92.7,14,93.0,21,1,2022-03-04 09:06:31
1646384792364752000,92.8,2,92.7,18,93.0,21,1,2022-03-04 09:06:32
1646384793244655000,92.9,1,92.8,5,93.0,21,2,2022-03-04 09:06:33
1646384793386819000,93.0,1,92.8,1,93.0,20,1,2022-03-04 09:06:33
1646384794499492000,92.8,1,92.8,6,93.0,25,2,2022-03-04 09:06:34
1646384795193905000,93.0,4,92.9,2,93.0,21,1,2022-03-04 09:06:35
1646384797749111000,93.0,1,92.9,8,93.0,19,1,2022-03-04 09:06:37
1646384797836567000,93.0,11,92.9,8,93.0,8,1,2022-03-04 09:06:37
1646384797871264000,93.0,5,92.9,8,93.0,3,1,2022-03-04 09:06:37
1646384797871933000,93.0,3,92.9,8,93.1,11,1,2022-03-04 09:06:37
1646384798260226000,93.0,1,92.9,9,93.1,11,2,2022-03-04 09:06:38
1646384798351720000,93.0,1,92.9,5,93.0,9,2,2022-03-04 09:06:38
1646384798589387000,93.0,2,92.9,10,93.0,8,1,2022-03-04 09:06:38
1646384798699676000,92.9,2,92.9,8,93.0,8,2,2022-03-04 09:06:38
1646384798982977000,93.0,3,92.9,8,93.0,5,1,2022-03-04 09:06:38
1646384800439437000,93.0,2,92.9,8,93.0,3,1,2022-03-04 09:06:40
1646384800640141000,93.0,1,92.9,9,93.0,2,1,2022-03-04 09:06:40
1646384800832885000,93.0,1,92.9,9,93.0,1,1,2022-03-04 09:06:40
1646384801524663000,93.0,1,92.9,9,93.1,11,1,2022-03-04 09:06:41
1646384801751434000,93.1,1,92.9,9,93.1,10,1,2022-03-04 09:06:41
1646384803902867000,93.0,1,93.0,2,93.1,10,2,2022-03-04 09:06:43
1646384804203127000,93.0,2,92.9,13,93.1,10,2,2022-03-04 09:06:44
1646384804203127000,92.9,3,92.9,13,93.1,10,2,2022-03-04 09:06:44
1646384805847451000,93.0,1,93.0,6,93.1,15,2,2022-03-04 09:06:45
1646384806791854000,93.1,3,93.0,6,93.1,12,1,2022-03-04 09:06:46
1646384806951686000,93.0,6,93.0,2,93.1,7,2,2022-03-04 09:06:46
1646384807769616000,93.1,1,93.0,3,93.1,6,1,2022-03-04 09:06:47
1646384808253093000,93.1,1,93.0,9,93.1,5,1,2022-03-04 09:06:48
1646384809064991000,93.1,1,93.0,10,93.1,4,1,2022-03-04 09:06:49
1646384809221231000,93.1,1,93.0,10,93.1,3,1,2022-03-04 09:06:49
1646384810238480000,93.1,3,93.0,13,93.2,17,1,2022-03-04 09:06:50
1646384810921013000,93.0,10,93.0,7,93.2,17,2,2022-03-04 09:06:50
1646384811054280000,93.0,3,93.0,4,93.2,17,2,2022-03-04 09:06:51
1646384813008724000,93.1,1,92.9,10,93.0,6,2,2022-03-04 09:06:53
1646384813008724000,93.0,3,92.9,10,93.0,6,2,2022-03-04 09:06:53
1646384813769034000,93.0,1,92.9,10,93.0,5,1,2022-03-04 09:06:53
1646384814504512000,93.0,1,92.9,10,93.0,4,1,2022-03-04 09:06:54
1646384814509580000,93.0,1,92.9,10,93.0,3,1,2022-03-04 09:06:54
1646384815395149000,93.0,1,92.9,11,93.0,2,1,2022-03-04 09:06:55
1646384815557303000,93.0,2,92.9,11,93.1,5,1,2022-03-04 09:06:55
1646384816974081000,93.0,1,92.9,12,93.0,2,2,2022-03-04 09:06:56
1646384816994537000,93.0,2,92.9,12,93.1,5,1,2022-03-04 09:06:56
1646384818452481000,93.0,1,92.9,13,93.0,2,1,2022-03-04 09:06:58
1646384818551933000,92.9,2,92.9,11,93.0,3,2,2022-03-04 09:06:58
1646384818805252000,93.0,2,92.9,12,93.0,1,1,2022-03-04 09:06:58
1646384819799382000,93.0,1,92.9,12,93.0,2,1,2022-03-04 09:06:59
1646384820002499000,93.0,2,92.9,12,93.1,5,1,2022-03-04 09:07:00
1646384822276862000,93.0,1,92.9,12,93.1,12,2,2022-03-04 09:07:02
1646384823102530000,93.0,1,92.9,12,93.1,12,1,2022-03-04 09:07:03
1646384825480293000,93.0,1,93.0,1,93.1,12,2,2022-03-04 09:07:05
1646384827585707000,93.0,2,93.0,9,93.1,9,2,2022-03-04 09:07:07
1646384828663035000,93.0,1,93.0,11,93.1,9,2,2022-03-04 09:07:08
1646384829914037000,93.0,11,92.9,17,93.1,9,2,2022-03-04 09:07:09
1646384830839131000,93.0,1,92.9,17,93.1,9,2,2022-03-04 09:07:10
1646384830907584000,93.1,1,92.9,17,93.1,8,1,2022-03-04 09:07:10
1646384832535722000,93.0,1,92.9,17,93.0,1,2,2022-03-04 09:07:12
1646384834217103000,93.0,1,92.9,17,93.0,10,1,2022-03-04 09:07:14
1646384836731375000,93.0,1,92.9,15,93.0,14,1,2022-03-04 09:07:16
1646384837044272000,93.0,5,92.9,15,93.0,9,1,2022-03-04 09:07:17
1646384840268677000,93.0,1,92.9,15,93.0,12,1,2022-03-04 09:07:20
1646384841087194000,92.9,15,92.8,11,93.0,12,2,2022-03-04 09:07:21
1646384841087194000,92.8,5,92.8,11,93.0,12,2,2022-03-04 09:07:21
1646384841136737000,93.0,12,93.0,3,93.1,8,1,2022-03-04 09:07:21
1646384841145002000,93.0,3,92.8,3,93.1,8,2,2022-03-04 09:07:21
1646384841145002000,92.8,8,92.8,3,93.1,8,2,2022-03-04 09:07:21
1646384842948767000,92.8,3,92.7,11,92.9,5,2,2022-03-04 09:07:22
1646384843808710000,92.7,2,92.7,9,92.9,10,2,2022-03-04 09:07:23
1646384844669876000,92.8,1,92.7,9,92.8,5,1,2022-03-04 09:07:24
1646384846072906000,92.9,1,92.7,9,92.9,6,1,2022-03-04 09:07:26
1646384847332994000,92.7,4,92.7,6,92.8,10,2,2022-03-04 09:07:27
1646384847369342000,92.7,6,92.6,5,92.8,10,2,2022-03-04 09:07:27
1646384848046115000,92.7,1,92.6,5,92.7,4,1,2022-03-04 09:07:28
1646384848772820000,92.6,3,92.6,3,92.7,4,2,2022-03-04 09:07:28
1646384849814034000,92.6,3,92.5,43,92.7,4,2,2022-03-04 09:07:29
1646384850600947000,92.6,1,92.5,43,92.6,5,1,2022-03-04 09:07:30
1646384851229988000,92.7,1,92.5,43,92.7,4,1,2022-03-04 09:07:31
1646384852088529000,92.6,1,92.5,42,92.7,4,2,2022-03-04 09:07:32
1646384852088529000,92.5,1,92.5,42,92.7,4,2,2022-03-04 09:07:32
1646384853430537000,92.6,1,92.5,42,92.8,18,1,2022-03-04 09:07:33
1646384854219874000,92.6,2,92.5,42,92.7,5,2,2022-03-04 09:07:34
1646384854252156000,92.6,1,92.5,42,92.7,5,2,2022-03-04 09:07:34
1646384854411416000,92.5,1,92.5,41,92.7,5,2,2022-03-04 09:07:34
1646384857458596000,92.8,2,92.6,2,92.8,16,1,2022-03-04 09:07:37
1646384863170297000,92.6,2,92.6,5,92.7,2,2,2022-03-04 09:07:43
1646384864091300000,92.7,1,92.6,15,92.7,1,1,2022-03-04 09:07:44
1646384865132506000,92.7,1,92.6,16,92.8,18,1,2022-03-04 09:07:45
1646384865617397000,92.7,1,92.6,17,92.7,9,1,2022-03-04 09:07:45
1646384867084089000,92.7,1,92.6,17,92.7,10,1,2022-03-04 09:07:47
1646384867121602000,92.6,5,92.6,11,92.7,10,2,2022-03-04 09:07:47
1646384868101525000,92.7,10,92.6,12,92.7,1,1,2022-03-04 09:07:48
1646384868141181000,92.6,1,92.6,11,92.7,1,2,2022-03-04 09:07:48
1646384868314078000,92.7,1,92.6,11,92.8,13,1,2022-03-04 09:07:48
1646384869866669000,92.7,1,92.6,11,92.8,13,2,2022-03-04 09:07:49
1646384871567006000,92.7,1,92.6,13,92.8,13,2,2022-03-04 09:07:51
1646384871567006000,92.6,1,92.6,13,92.8,13,2,2022-03-04 09:07:51
1646384873415512000,92.7,1,92.6,16,92.8,13,1,2022-03-04 09:07:53
1646384874260926000,92.6,2,92.6,15,92.8,14,2,2022-03-04 09:07:54
1646384875507130000,92.6,15,92.5,62,92.8,16,2,2022-03-04 09:07:55
1646384875507130000,92.5,5,92.5,62,92.8,16,2,2022-03-04 09:07:55
1646384877012283000,92.7,1,92.6,2,92.8,17,1,2022-03-04 09:07:57
1646384877123397000,92.6,1,92.6,1,92.8,17,2,2022-03-04 09:07:57
1646384877915360000,92.6,1,92.5,63,92.8,18,2,2022-03-04 09:07:57
1646384878309410000,92.6,2,92.6,5,92.8,18,2,2022-03-04 09:07:58
1646384878397224000,92.6,3,92.6,2,92.7,1,2,2022-03-04 09:07:58
1646384878443464000,92.6,1,92.6,1,92.7,1,2,2022-03-04 09:07:58
1646384878648238000,92.6,1,92.5,63,92.7,1,2,2022-03-04 09:07:58
1646384879946425000,92.6,1,92.5,63,92.6,9,2,2022-03-04 09:07:59
1646384880280770000,92.6,1,92.5,63,92.6,8,1,2022-03-04 09:08:00
1646384880483865000,92.6,1,92.5,63,92.6,7,1,2022-03-04 09:08:00
1646384881453659000,92.6,1,92.5,63,92.6,8,1,2022-03-04 09:08:01
1646384883960931000,92.6,1,92.5,63,92.6,7,1,2022-03-04 09:08:03
1646384884510218000,92.6,1,92.5,63,92.6,6,1,2022-03-04 09:08:04
1646384885477353000,92.6,5,92.6,5,92.7,3,1,2022-03-04 09:08:05
1646384885729859000,92.6,1,92.6,4,92.7,3,2,2022-03-04 09:08:05
1646384886020618000,92.6,1,92.6,3,92.7,3,2,2022-03-04 09:08:06
1646384886114926000,92.6,1,92.6,3,92.7,3,2,2022-03-04 09:08:06
1646384886297254000,92.6,1,92.6,2,92.7,3,2,2022-03-04 09:08:06
1646384887438864000,92.7,2,92.6,3,92.7,1,1,2022-03-04 09:08:07
1646384888637259000,92.6,1,92.6,5,92.7,1,2,2022-03-04 09:08:08
1646384891403975000,92.7,1,92.6,15,92.7,1,1,2022-03-04 09:08:11
1646384892142582000,92.7,1,92.7,1,92.8,22,1,2022-03-04 09:08:12
1646384898498940000,92.8,1,92.7,8,92.8,16,1,2022-03-04 09:08:18
1646384899346278000,92.8,3,92.7,8,92.8,13,1,2022-03-04 09:08:19
1646384899402317000,92.8,4,92.7,8,92.8,9,1,2022-03-04 09:08:19
1646384899433413000,92.8,3,92.7,8,92.8,6,1,2022-03-04 09:08:19
1646384899466115000,92.8,6,92.7,8,92.9,2,1,2022-03-04 09:08:19
1646384901002048000,92.9,2,92.8,7,93.0,19,1,2022-03-04 09:08:21
1646384902039080000,93.0,1,92.9,3,93.0,18,1,2022-03-04 09:08:22
1646384904275697000,93.0,1,92.9,9,93.0,17,1,2022-03-04 09:08:24
1646384904375237000,93.0,1,92.9,9,93.0,16,1,2022-03-04 09:08:24
1646384905488671000,93.0,2,92.9,9,93.0,14,1,2022-03-04 09:08:25
1646384905530494000,93.0,2,92.9,10,93.0,12,1,2022-03-04 09:08:25
1646384905781841000,93.0,2,92.9,10,93.0,10,1,2022-03-04 09:08:25
1646384905818257000,93.0,10,92.9,10,93.1,2,1,2022-03-04 09:08:25
1646384907062791000,92.9,1,92.9,9,93.1,1,2,2022-03-04 09:08:27
1646384910785357000,93.0,3,92.9,8,93.1,11,2,2022-03-04 09:08:30
1646384915287602000,93.1,3,93.0,1,93.1,8,1,2022-03-04 09:08:35
1646384916316478000,93.1,1,93.0,4,93.1,7,1,2022-03-04 09:08:36
1646384916329354000,93.1,1,93.0,4,93.1,6,1,2022-03-04 09:08:36
1646384918438424000,93.1,1,93.0,11,93.1,5,1,2022-03-04 09:08:38
1646384918581965000,93.0,2,93.0,9,93.1,5,2,2022-03-04 09:08:38
1646384919265550000,93.1,1,93.0,11,93.1,4,1,2022-03-04 09:08:39
1646384920065168000,93.1,4,93.1,1,93.2,13,1,2022-03-04 09:08:40
1646384920865475000,93.2,1,93.1,1,93.2,12,1,2022-03-04 09:08:40
1646384921651700000,93.1,2,93.0,12,93.1,2,2,2022-03-04 09:08:41
1646384921837315000,93.1,1,93.0,13,93.1,1,1,2022-03-04 09:08:41
1646384921870088000,93.1,1,93.0,13,93.2,11,1,2022-03-04 09:08:41
1646384924253530000,93.1,1,93.1,2,93.2,11,1,2022-03-04 09:08:44
1646384927140143000,93.1,2,93.1,12,93.2,11,2,2022-03-04 09:08:47
1646384927327833000,93.2,1,93.1,12,93.2,10,1,2022-03-04 09:08:47
1646384929395078000,93.2,1,93.1,13,93.2,9,1,2022-03-04 09:08:49
1646384931563242000,93.2,1,93.1,18,93.2,8,1,2022-03-04 09:08:51
1646384931618079000,93.2,1,93.1,18,93.2,7,1,2022-03-04 09:08:51
1646384931938558000,93.2,1,93.1,18,93.2,7,1,2022-03-04 09:08:51
1646384932059447000,93.2,1,93.1,18,93.2,6,1,2022-03-04 09:08:52
1646384933156010000,93.2,6,93.2,4,93.3,7,1,2022-03-04 09:08:53
1646384935619552000,93.2,1,93.2,9,93.3,7,2,2022-03-04 09:08:55
1646384935822506000,93.2,1,93.2,8,93.3,7,2,2022-03-04 09:08:55
1646384935858757000,93.2,6,93.2,2,93.3,7,2,2022-03-04 09:08:55
1646384935859595000,93.2,2,93.1,14,93.3,7,2,2022-03-04 09:08:55
1646384940340679000,93.1,17,93.0,21,93.2,2,2,2022-03-04 09:09:00
1646384940907937000,93.1,2,93.0,21,93.2,7,2,2022-03-04 09:09:00
1646384941507199000,93.2,1,93.0,21,93.2,7,1,2022-03-04 09:09:01
1646384941980015000,93.0,1,93.0,20,93.1,5,2,2022-03-04 09:09:01
1646384942011205000,93.0,1,93.0,19,93.1,5,2,2022-03-04 09:09:02
1646384942023755000,93.1,1,93.0,19,93.1,4,1,2022-03-04 09:09:02
1646384943533040000,93.1,1,93.0,21,93.1,10,1,2022-03-04 09:09:03
1646384944873529000,93.1,1,93.0,21,93.1,13,1,2022-03-04 09:09:04
1646384946479600000,93.1,1,93.0,22,93.1,13,1,2022-03-04 09:09:06
1646384946665024000,93.1,1,93.0,22,93.1,12,1,2022-03-04 09:09:06
1646384948921086000,93.1,1,93.0,34,93.1,12,1,2022-03-04 09:09:08
1646384950069877000,93.1,1,93.0,34,93.1,11,1,2022-03-04 09:09:10
1646384950116495000,93.1,1,93.0,34,93.1,10,1,2022-03-04 09:09:10
1646384950664689000,93.1,1,93.0,34,93.1,9,1,2022-03-04 09:09:10
1646384951303008000,93.1,5,93.0,34,93.1,4,1,2022-03-04 09:09:11
1646384951918692000,93.1,2,93.0,34,93.1,2,1,2022-03-04 09:09:11
1646384952000049000,93.1,1,93.0,34,93.1,1,1,2022-03-04 09:09:12
1646384952675246000,93.1,1,93.0,34,93.2,16,1,2022-03-04 09:09:12
1646384956573057000,93.1,1,93.1,2,93.2,16,2,2022-03-04 09:09:16
1646384957444425000,93.1,2,93.0,37,93.2,17,2,2022-03-04 09:09:17
1646384958219945000,93.2,1,93.0,37,93.2,16,1,2022-03-04 09:09:18
1646384960284657000,93.1,1,93.0,38,93.2,16,2,2022-03-04 09:09:20
1646384961772070000,93.0,1,93.0,37,93.1,2,2,2022-03-04 09:09:21
1646384963702088000,93.1,1,93.0,38,93.1,2,1,2022-03-04 09:09:23
1646384965240596000,93.1,1,93.0,38,93.1,2,1,2022-03-04 09:09:25
1646384966232291000,93.1,1,93.0,39,93.1,5,1,2022-03-04 09:09:26
1646384967206921000,93.1,1,93.0,39,93.1,6,1,2022-03-04 09:09:27
1646384967277188000,93.1,2,93.0,39,93.1,4,1,2022-03-04 09:09:27
1646384971233104000,93.1,1,93.0,44,93.1,4,1,2022-03-04 09:09:31
1646384972258432000,93.1,1,93.0,44,93.1,4,1,2022-03-04 09:09:32
1646384973696726000,93.1,1,93.0,45,93.1,4,1,2022-03-04 09:09:33
1646384974285424000,93.0,3,93.0,42,93.1,4,2,2022-03-04 09:09:34
1646384974533829000,93.1,3,93.0,42,93.1,1,1,2022-03-04 09:09:34
1646384975604342000,93.1,1,93.1,19,93.2,21,1,2022-03-04 09:09:35
1646384975637676000,93.1,16,93.1,3,93.2,21,2,2022-03-04 09:09:35
1646384975640346000,93.1,1,93.1,2,93.2,21,2,2022-03-04 09:09:35
1646384975670937000,93.1,2,93.0,42,93.2,21,2,2022-03-04 09:09:35
1646384975879151000,93.1,2,93.0,41,93.1,3,1,2022-03-04 09:09:35
1646384978166800000,93.0,1,93.0,40,93.1,3,2,2022-03-04 09:09:38
1646384978219255000,93.0,4,93.0,36,93.1,3,2,2022-03-04 09:09:38
1646384978344320000,93.1,1,93.0,36,93.1,2,1,2022-03-04 09:09:38
1646384981835554000,93.1,2,93.0,36,93.1,6,1,2022-03-04 09:09:41
1646384983864389000,93.1,1,93.0,38,93.1,5,1,2022-03-04 09:09:43
1646384984922034000,93.1,5,93.0,40,93.5,12,1,2022-03-04 09:09:44
1646384984922034000,93.2,16,93.0,40,93.5,12,1,2022-03-04 09:09:44
1646384984922034000,93.3,10,93.0,40,93.5,12,1,2022-03-04 09:09:44
1646384984922034000,93.4,13,93.0,40,93.5,12,1,2022-03-04 09:09:44
1646384984922034000,93.5,6,93.0,40,93.5,12,1,2022-03-04 09:09:44
1646384989237903000,93.4,1,93.1,3,93.4,1,1,2022-03-04 09:09:49
1646384990256675000,93.4,1,93.1,3,93.5,14,1,2022-03-04 09:09:50
1646384990256675000,93.5,2,93.1,3,93.5,14,1,2022-03-04 09:09:50
1646384990915819000,93.4,1,93.1,4,93.4,1,1,2022-03-04 09:09:50
1646384992798826000,93.4,1,93.2,3,93.5,14,1,2022-03-04 09:09:52
1646384994377274000,93.2,2,93.2,2,93.5,13,2,2022-03-04 09:09:54
1646384996752783000,93.5,1,93.2,4,93.5,14,1,2022-03-04 09:09:56
1646384997698855000,93.4,1,93.2,5,93.4,3,1,2022-03-04 09:09:57
1646384998262272000,93.4,3,93.2,5,93.5,14,1,2022-03-04 09:09:58
1646384999204873000,93.2,2,93.2,8,93.5,14,2,2022-03-04 09:09:59
1646385000225218000,93.5,2,93.2,10,93.5,13,1,2022-03-04 09:10:00
1646385000494368000,93.5,1,93.2,11,93.5,12,1,2022-03-04 09:10:00
1646385008471123000,93.4,1,93.3,4,93.5,12,1,2022-03-04 09:10:08
1646385008685225000,93.5,1,93.3,4,93.5,11,1,2022-03-04 09:10:08
1646385009926568000,93.4,1,93.3,5,93.5,11,2,2022-03-04 09:10:09
1646385011722183000,93.4,2,93.3,11,93.4,1,2,2022-03-04 09:10:11
1646385012492557000,93.4,1,93.3,11,93.5,11,1,2022-03-04 09:10:12
1646385012746910000,93.4,2,93.3,11,93.5,11,2,2022-03-04 09:10:12
1646385015059169000,93.5,1,93.4,1,93.5,12,1,2022-03-04 09:10:15
1646385015846116000,93.5,1,93.4,2,93.5,11,1,2022-03-04 09:10:15
1646385017778870000,93.5,1,93.4,3,93.5,10,1,2022-03-04 09:10:17
1646385018271784000,93.4,1,93.4,2,93.5,10,2,2022-03-04 09:10:18
1646385020009395000,93.4,3,93.2,11,93.5,11,2,2022-03-04 09:10:20
1646385020009395000,93.3,14,93.2,11,93.5,11,2,2022-03-04 09:10:20
1646385020009395000,93.2,8,93.2,11,93.5,11,2,2022-03-04 09:10:20
1646385020047378000,93.4,1,93.2,11,93.5,11,2,2022-03-04 09:10:20
1646385020820629000,93.4,1,93.2,11,93.5,12,1,2022-03-04 09:10:20
1646385022052330000,93.4,1,93.2,11,93.5,11,2,2022-03-04 09:10:22
1646385025395200000,93.4,1,93.2,11,93.5,16,1,2022-03-04 09:10:25
1646385026421605000,93.4,1,93.2,11,93.5,16,2,2022-03-04 09:10:26
1646385029437208000,93.4,1,93.3,2,93.5,15,2,2022-03-04 09:10:29
1646385031080979000,93.4,1,93.3,2,93.4,1,1,2022-03-04 09:10:31
1646385034579641000,93.4,1,93.3,2,93.4,4,1,2022-03-04 09:10:34
1646385035182285000,93.4,1,93.3,3,93.4,3,1,2022-03-04 09:10:35
1646385038292392000,93.4,1,93.3,6,93.4,2,1,2022-03-04 09:10:38
1646385039267971000,93.4,2,93.4,3,93.5,16,1,2022-03-04 09:10:39
1646385040855328000,93.4,1,93.4,2,93.5,15,2,2022-03-04 09:10:40
1646385042048356000,93.4,1,93.4,1,93.5,15,2,2022-03-04 09:10:42
1646385042711308000,93.4,1,93.4,1,93.5,15,2,2022-03-04 09:10:42
1646385043246392000,93.4,1,93.3,11,93.5,15,2,2022-03-04 09:10:43
1646385050230531000,93.4,1,93.3,11,93.4,4,1,2022-03-04 09:10:50
1646385050266373000,93.3,1,93.3,10,93.4,4,2,2022-03-04 09:10:50
1646385050379742000,93.3,2,93.3,8,93.4,4,2,2022-03-04 09:10:50
1646385052350309000,93.3,3,93.3,5,93.4,5,2,2022-03-04 09:10:52
1646385052387516000,93.3,5,93.2,14,93.4,5,2,2022-03-04 09:10:52
1646385055945347000,93.2,14,93.1,18,93.3,16,2,2022-03-04 09:10:55
1646385056312840000,93.2,2,93.1,17,93.2,3,1,2022-03-04 09:10:56
1646385057393628000,93.1,1,93.1,16,93.2,3,2,2022-03-04 09:10:57
1646385057523740000,93.2,1,93.1,15,93.2,2,1,2022-03-04 09:10:57
1646385058578784000,93.1,5,93.1,10,93.2,2,2,2022-03-04 09:10:58
1646385059818300000,93.1,1,93.1,8,93.2,5,2,2022-03-04 09:10:59
1646385059848374000,93.2,1,93.1,8,93.2,4,1,2022-03-04 09:10:59
1646385059879930000,93.1,8,93.0,44,93.2,4,2,2022-03-04 09:10:59
1646385060770274000,93.1,1,93.0,43,93.3,27,1,2022-03-04 09:11:00
1646385065949063000,93.1,1,93.1,5,93.2,2,2,2022-03-04 09:11:05
1646385066566511000,93.1,1,93.1,4,93.2,2,2,2022-03-04 09:11:06
1646385066637574000,93.1,1,93.1,3,93.2,5,2,2022-03-04 09:11:06
1646385066638561000,93.1,3,93.0,43,93.2,5,2,2022-03-04 09:11:06
1646385074165913000,93.1,9,93.0,43,93.2,2,2,2022-03-04 09:11:14
1646385074820368000,93.0,2,93.0,41,93.2,5,2,2022-03-04 09:11:14
1646385077312973000,93.1,1,93.0,41,93.2,6,2,2022-03-04 09:11:17
1646385079279666000,93.1,1,93.0,39,93.2,6,2,2022-03-04 09:11:19
1646385081813315000,93.0,35,93.0,4,93.2,8,2,2022-03-04 09:11:21
1646385081843366000,93.0,4,92.9,18,93.2,8,2,2022-03-04 09:11:21
1646385085118422000,93.0,3,92.9,17,93.0,3,1,2022-03-04 09:11:25
1646385086611175000,93.0,9,92.9,17,93.1,10,1,2022-03-04 09:11:26
1646385086642694000,92.9,17,92.8,36,93.1,10,2,2022-03-04 09:11:26
1646385087482909000,93.0,1,92.8,36,93.0,8,1,2022-03-04 09:11:27
1646385089562991000,92.8,2,92.8,34,93.0,22,2,2022-03-04 09:11:29
1646385089600061000,92.8,13,92.8,21,93.0,22,2,2022-03-04 09:11:29
1646385089803499000,92.8,4,92.8,17,92.9,4,2,2022-03-04 09:11:29
1646385089848185000,92.8,16,92.8,1,92.9,4,2,2022-03-04 09:11:29
1646385089878227000,92.8,1,92.7,18,92.9,4,2,2022-03-04 09:11:29
1646385095682452000,92.8,1,92.7,18,92.8,3,1,2022-03-04 09:11:35
1646385096663877000,92.7,10,92.7,8,92.8,5,2,2022-03-04 09:11:36
1646385096705851000,92.7,1,92.7,7,92.8,5,2,2022-03-04 09:11:36
1646385097157103000,92.8,6,92.7,7,92.8,3,1,2022-03-04 09:11:37
1646385097631859000,92.7,1,92.7,6,92.9,9,2,2022-03-04 09:11:37
1646385097832334000,92.7,2,92.7,4,92.8,1,2,2022-03-04 09:11:37
1646385098346159000,92.8,1,92.7,4,92.8,3,1,2022-03-04 09:11:38
1646385102527306000,92.7,4,92.6,21,92.7,1,2,2022-03-04 09:11:42
1646385103846482000,92.7,2,92.6,21,92.8,7,1,2022-03-04 09:11:43
1646385104067678000,92.6,1,92.6,20,92.8,7,2,2022-03-04 09:11:44
1646385105411989000,92.6,1,92.6,19,92.8,12,2,2022-03-04 09:11:45
1646385106104476000,92.6,10,92.6,6,92.7,2,2,2022-03-04 09:11:46
1646385106127552000,92.6,4,92.6,2,92.7,2,2,2022-03-04 09:11:46
1646385106132161000,92.6,1,92.6,1,92.7,2,2,2022-03-04 09:11:46
1646385106158467000,92.6,1,92.5,122,92.7,2,2,2022-03-04 09:11:46
1646385108963346000,92.6,1,92.6,1,92.7,6,1,2022-03-04 09:11:48
1646385109650533000,92.6,1,92.5,121,92.7,3,2,2022-03-04 09:11:49
1646385110929402000,92.5,1,92.5,120,92.6,2,2,2022-03-04 09:11:50
1646385111177087000,92.6,1,92.5,120,92.6,1,1,2022-03-04 09:11:51
1646385111771108000,92.5,1,92.5,119,92.6,1,2,2022-03-04 09:11:51
1646385112814080000,92.5,1,92.5,118,92.6,3,2,2022-03-04 09:11:52
1646385114217206000,92.5,2,92.5,115,92.6,3,2,2022-03-04 09:11:54
1646385115254972000,92.6,1,92.5,115,92.6,2,1,2022-03-04 09:11:55
1646385115975107000,92.5,1,92.5,114,92.7,2,2,2022-03-04 09:11:55
1646385117566754000,92.6,2,92.6,6,92.7,2,2,2022-03-04 09:11:57
1646385117672058000,92.6,1,92.6,5,92.7,2,2,2022-03-04 09:11:57
1646385117799932000,92.6,1,92.6,4,92.7,2,2,2022-03-04 09:11:57
1646385118891054000,92.6,1,92.6,5,92.7,2,2,2022-03-04 09:11:58
1646385120601583000,92.6,1,92.6,7,92.7,2,2,2022-03-04 09:12:00
1646385122157445000,92.7,1,92.6,13,92.7,1,1,2022-03-04 09:12:02
1646385122621953000,92.6,1,92.6,12,92.7,1,2,2022-03-04 09:12:02
1646385123022056000,92.7,1,92.6,116,92.8,14,1,2022-03-04 09:12:03
1646385123717735000,92.6,1,92.6,215,92.7,5,2,2022-03-04 09:12:03
1646385123751598000,92.6,1,92.6,214,92.7,5,2,2022-03-04 09:12:03
1646385125386231000,92.6,10,92.6,12,92.7,5,2,2022-03-04 09:12:05
1646385126125614000,92.6,10,92.6,2,92.7,5,2,2022-03-04 09:12:06
1646385126187057000,92.6,1,92.6,1,92.7,5,2,2022-03-04 09:12:06
1646385126571315000,92.6,1,92.5,105,92.7,5,2,2022-03-04 09:12:06
1646385128286381000,92.5,100,92.5,5,92.7,6,2,2022-03-04 09:12:08
1646385128386942000,92.5,2,92.5,3,92.6,2,2,2022-03-04 09:12:08
1646385128463926000,92.5,3,92.4,39,92.6,2,2,2022-03-04 09:12:08
1646385130798717000,92.4,4,92.4,35,92.5,5,2,2022-03-04 09:12:10
1646385130853399000,92.4,2,92.4,33,92.5,5,2,2022-03-04 09:12:10
1646385131393057000,92.4,10,92.4,23,92.5,5,2,2022-03-04 09:12:11
1646385131831240000,92.4,2,92.4,21,92.5,8,2,2022-03-04 09:12:11
1646385132748779000,92.4,2,92.4,19,92.5,21,2,2022-03-04 09:12:12
1646385132827632000,92.4,10,92.4,9,92.5,21,2,2022-03-04 09:12:12
1646385132890191000,92.5,1,92.4,9,92.5,20,1,2022-03-04 09:12:12
1646385133404809000,92.4,5,92.4,4,92.5,27,2,2022-03-04 09:12:13
1646385133510234000,92.4,2,92.4,2,92.5,25,2,2022-03-04 09:12:13
1646385133521982000,92.4,1,92.4,1,92.5,25,2,2022-03-04 09:12:13
1646385133547469000,92.4,1,92.3,47,92.5,25,2,2022-03-04 09:12:13
1646385136827355000,92.4,1,92.3,47,92.4,13,1,2022-03-04 09:12:16
1646385138193067000,92.3,1,92.3,46,92.4,14,2,2022-03-04 09:12:18
1646385138362927000,92.3,1,92.3,45,92.4,14,2,2022-03-04 09:12:18
1646385138481038000,92.4,1,92.3,45,92.4,14,1,2022-03-04 09:12:18
1646385139225240000,92.3,1,92.3,44,92.4,14,2,2022-03-04 09:12:19
1646385139298317000,92.3,1,92.3,43,92.4,14,2,2022-03-04 09:12:19
1646385141576095000,92.3,2,92.3,42,92.4,17,2,2022-03-04 09:12:21
1646385143132653000,92.3,1,92.3,41,92.4,25,2,2022-03-04 09:12:23
1646385143375772000,92.3,1,92.3,40,92.4,25,2,2022-03-04 09:12:23
1646385144236571000,92.3,1,92.3,39,92.4,25,2,2022-03-04 09:12:24
1646385144290724000,92.3,1,92.3,38,92.4,25,2,2022-03-04 09:12:24
1646385144473522000,92.3,1,92.3,37,92.4,25,2,2022-03-04 09:12:24
1646385146402684000,92.3,2,92.3,35,92.4,26,2,2022-03-04 09:12:26
1646385146443829000,92.3,2,92.3,33,92.4,26,2,2022-03-04 09:12:26
1646385146715303000,92.3,1,92.3,32,92.4,26,2,2022-03-04 09:12:26
1646385147008281000,92.3,5,92.3,27,92.4,26,2,2022-03-04 09:12:27
1646385147311449000,92.3,1,92.3,26,92.4,26,2,2022-03-04 09:12:27
1646385147364728000,92.3,1,92.3,25,92.4,26,2,2022-03-04 09:12:27
1646385147913516000,92.3,10,92.3,15,92.4,26,2,2022-03-04 09:12:27
1646385148030734000,92.3,2,92.3,13,92.4,26,2,2022-03-04 09:12:28
1646385148773257000,92.3,1,92.3,12,92.4,26,2,2022-03-04 09:12:28
1646385148933035000,92.4,1,92.3,12,92.4,25,1,2022-03-04 09:12:28
1646385149058744000,92.3,1,92.3,11,92.4,25,2,2022-03-04 09:12:29
1646385149084937000,92.3,3,92.3,8,92.4,25,2,2022-03-04 09:12:29
1646385149358035000,92.3,1,92.3,7,92.4,25,2,2022-03-04 09:12:29
1646385150442144000,92.3,1,92.3,7,92.4,25,2,2022-03-04 09:12:30
1646385150523765000,92.3,6,92.3,1,92.4,25,2,2022-03-04 09:12:30
1646385150558059000,92.3,1,92.2,24,92.3,5,2,2022-03-04 09:12:30
1646385150595359000,92.3,5,92.2,24,92.4,25,1,2022-03-04 09:12:30
1646385150599640000,92.2,1,92.2,23,92.3,1,2,2022-03-04 09:12:30
1646385151896159000,92.2,6,92.2,17,92.3,13,2,2022-03-04 09:12:31
1646385151999009000,92.3,5,92.2,17,92.3,8,1,2022-03-04 09:12:31
1646385154497931000,92.2,1,92.2,16,92.3,20,2,2022-03-04 09:12:34
1646385157910580000,92.2,1,92.2,17,92.3,20,2,2022-03-04 09:12:37
1646385158086300000,92.2,1,92.2,17,92.3,20,2,2022-03-04 09:12:38
1646385159776961000,92.3,20,92.2,19,92.4,22,1,2022-03-04 09:12:39
1646385159863176000,92.3,1,92.2,19,92.4,22,1,2022-03-04 09:12:39
1646385161576480000,92.2,8,92.2,13,92.3,2,2,2022-03-04 09:12:41
1646385161767197000,92.3,2,92.2,13,92.3,1,1,2022-03-04 09:12:41
1646385162266532000,92.3,1,92.2,14,92.3,1,1,2022-03-04 09:12:42
1646385162493835000,92.3,1,92.2,14,92.4,13,1,2022-03-04 09:12:42
1646385162706102000,92.3,1,92.2,14,92.4,12,1,2022-03-04 09:12:42
1646385163367889000,92.4,2,92.3,7,92.4,10,1,2022-03-04 09:12:43
1646385163467869000,92.4,10,92.3,7,92.5,19,1,2022-03-04 09:12:43
1646385163575647000,92.5,2,92.3,12,92.5,17,1,2022-03-04 09:12:43
1646385163613011000,92.5,5,92.3,12,92.5,12,1,2022-03-04 09:12:43
1646385163770953000,92.5,12,92.3,13,92.6,7,1,2022-03-04 09:12:43
1646385163886434000,92.3,1,92.3,19,92.6,7,2,2022-03-04 09:12:43
1646385164305521000,92.6,1,92.3,22,92.6,6,1,2022-03-04 09:12:44
1646385166289085000,92.5,1,92.5,5,92.6,6,2,2022-03-04 09:12:46
1646385167069679000,92.4,1,92.4,6,92.6,6,2,2022-03-04 09:12:47
1646385169970728000,92.6,1,92.5,1,92.6,6,1,2022-03-04 09:12:49
1646385170036059000,92.6,5,92.5,1,92.6,1,1,2022-03-04 09:12:50
1646385170064622000,92.6,1,92.5,1,92.7,1,1,2022-03-04 09:12:50
1646385171201874000,92.5,1,92.5,5,92.7,1,2,2022-03-04 09:12:51
1646385174525273000,92.6,1,92.4,8,92.7,1,2,2022-03-04 09:12:54
1646385176270438000,92.5,5,92.5,5,92.7,2,2,2022-03-04 09:12:56
1646385182677857000,92.6,2,92.6,6,92.7,1,2,2022-03-04 09:13:02
1646385183477686000,92.7,1,92.6,6,92.8,8,1,2022-03-04 09:13:03
1646385186761752000,92.7,1,92.6,7,92.8,9,2,2022-03-04 09:13:06
1646385192433229000,92.7,1,92.6,9,92.8,9,2,2022-03-04 09:13:12
1646385202413501000,92.7,1,92.7,1,92.8,9,2,2022-03-04 09:13:22
1646385209681574000,92.7,1,92.6,9,92.7,1,2,2022-03-04 09:13:29
1646385210291635000,92.7,1,92.6,9,92.8,10,1,2022-03-04 09:13:30
1646385212310610000,92.6,1,92.6,8,92.7,2,2,2022-03-04 09:13:32
1646385212806207000,92.7,2,92.6,8,92.7,3,1,2022-03-04 09:13:32
1646385215266795000,92.7,1,92.6,8,92.7,2,1,2022-03-04 09:13:35
1646385215951247000,92.7,1,92.6,8,92.7,1,1,2022-03-04 09:13:35
1646385216667715000,92.6,8,92.4,11,92.5,7,2,2022-03-04 09:13:36
1646385216667715000,92.5,5,92.4,11,92.5,7,2,2022-03-04 09:13:36
1646385217159861000,92.5,1,92.4,10,92.5,6,1,2022-03-04 09:13:37
1646385218220690000,92.4,1,92.4,9,92.5,6,2,2022-03-04 09:13:38
1646385223052207000,92.4,9,92.3,23,92.4,1,2,2022-03-04 09:13:43
1646385225126411000,92.4,1,92.3,21,92.4,5,1,2022-03-04 09:13:45
1646385227436494000,92.4,2,92.3,18,92.4,3,1,2022-03-04 09:13:47
1646385228176870000,92.3,1,92.3,17,92.4,3,2,2022-03-04 09:13:48
1646385228626786000,92.3,1,92.3,16,92.4,3,2,2022-03-04 09:13:48
1646385232311554000,92.4,2,92.3,14,92.4,5,1,2022-03-04 09:13:52
1646385232528449000,92.3,1,92.3,13,92.4,7,2,2022-03-04 09:13:52
1646385234720814000,92.3,7,92.3,9,92.4,7,2,2022-03-04 09:13:54
1646385237046014000,92.3,1,92.3,9,92.4,9,2,2022-03-04 09:13:57
1646385238327057000,92.4,1,92.3,9,92.4,8,1,2022-03-04 09:13:58
1646385238537795000,92.3,1,92.3,8,92.4,8,2,2022-03-04 09:13:58
1646385238633130000,92.4,1,92.3,8,92.4,7,1,2022-03-04 09:13:58
1646385239401761000,92.3,1,92.3,8,92.4,7,2,2022-03-04 09:13:59
1646385239835508000,92.3,1,92.3,9,92.4,7,2,2022-03-04 09:13:59
1646385242462769000,92.3,2,92.3,8,92.4,8,2,2022-03-04 09:14:02
1646385242866705000,92.3,5,92.3,5,92.4,8,2,2022-03-04 09:14:02
1646385244015014000,92.3,1,92.3,4,92.4,7,2,2022-03-04 09:14:04
1646385245094265000,92.4,1,92.3,5,92.4,6,1,2022-03-04 09:14:05
1646385245386146000,92.3,1,92.3,4,92.4,6,2,2022-03-04 09:14:05
1646385246211315000,92.3,1,92.3,4,92.4,7,2,2022-03-04 09:14:06
1646385248465956000,92.3,1,92.3,9,92.4,8,2,2022-03-04 09:14:08
1646385249461355000,92.3,1,92.3,8,92.4,8,2,2022-03-04 09:14:09
1646385250320427000,92.3,1,92.3,7,92.4,8,2,2022-03-04 09:14:10
1646385250921825000,92.3,2,92.3,6,92.4,7,2,2022-03-04 09:14:10
1646385252144334000,92.3,1,92.3,5,92.4,7,2,2022-03-04 09:14:12
1646385253314188000,92.3,5,92.3,3,92.4,8,2,2022-03-04 09:14:13
1646385253339122000,92.3,3,92.2,26,92.4,8,2,2022-03-04 09:14:13
1646385253691403000,92.3,1,92.2,27,92.4,8,1,2022-03-04 09:14:13
1646385256347126000,92.3,5,92.3,1,92.4,10,2,2022-03-04 09:14:16
1646385258365605000,92.4,1,92.3,3,92.4,10,1,2022-03-04 09:14:18
1646385259891576000,92.4,2,92.3,8,92.4,8,1,2022-03-04 09:14:19
1646385259945900000,92.4,3,92.3,8,92.4,5,1,2022-03-04 09:14:19
1646385259963892000,92.4,5,92.3,8,92.5,6,1,2022-03-04 09:14:19
1646385261364344000,92.4,1,92.4,1,92.5,6,2,2022-03-04 09:14:21
1646385262562596000,92.4,3,92.4,2,92.5,6,2,2022-03-04 09:14:22
1646385262688891000,92.4,1,92.4,1,92.5,6,2,2022-03-04 09:14:22
1646385266454051000,92.4,2,92.2,25,92.3,1,2,2022-03-04 09:14:26
1646385266454051000,92.3,17,92.2,25,92.3,1,2,2022-03-04 09:14:26
1646385266486190000,92.3,1,92.2,25,92.5,7,1,2022-03-04 09:14:26
1646385271149095000,92.3,2,92.2,27,92.3,2,2,2022-03-04 09:14:31
1646385272323068000,92.3,2,92.2,28,92.3,2,1,2022-03-04 09:14:32
1646385273902195000,92.3,1,92.2,27,92.3,1,1,2022-03-04 09:14:33
1646385273968011000,92.2,1,92.2,26,92.3,1,2,2022-03-04 09:14:33
1646385276638218000,92.2,2,92.2,25,92.3,2,2,2022-03-04 09:14:36
1646385277611480000,92.3,1,92.2,25,92.3,1,1,2022-03-04 09:14:37
1646385279622029000,92.2,3,92.2,27,92.3,8,2,2022-03-04 09:14:39
1646385280263701000,92.2,20,92.2,7,92.3,8,2,2022-03-04 09:14:40
1646385280554506000,92.2,1,92.2,6,92.3,8,2,2022-03-04 09:14:40
1646385281391706000,92.2,3,92.2,3,92.3,8,2,2022-03-04 09:14:41
1646385282868354000,92.2,1,92.2,2,92.3,8,2,2022-03-04 09:14:42
1646385283681025000,92.2,1,92.2,5,92.3,8,2,2022-03-04 09:14:43
1646385283778762000,92.2,1,92.2,4,92.3,8,2,2022-03-04 09:14:43
1646385284302814000,92.2,4,92.1,25,92.3,13,2,2022-03-04 09:14:44
1646385284302814000,92.1,31,92.1,25,92.3,13,2,2022-03-04 09:14:44
1646385284790983000,92.2,1,92.2,1,92.3,13,2,2022-03-04 09:14:44
1646385284817084000,92.2,1,92.1,26,92.3,13,2,2022-03-04 09:14:44
1646385285824621000,92.1,1,92.1,25,92.2,6,2,2022-03-04 09:14:45
1646385288344271000,92.2,5,92.1,26,92.2,19,1,2022-03-04 09:14:48
1646385289374727000,92.2,1,92.1,26,92.2,18,1,2022-03-04 09:14:49
1646385291997960000,92.2,1,92.1,28,92.2,20,1,2022-03-04 09:14:51
1646385292463418000,92.2,2,92.1,28,92.2,18,1,2022-03-04 09:14:52
1646385292726776000,92.2,1,92.1,28,92.2,17,1,2022-03-04 09:14:52
1646385292811280000,92.2,2,92.1,28,92.2,15,1,2022-03-04 09:14:52
1646385293494772000,92.2,1,92.1,28,92.2,14,1,2022-03-04 09:14:53
1646385294392793000,92.2,1,92.1,28,92.2,13,1,2022-03-04 09:14:54
1646385294664200000,92.2,1,92.1,28,92.2,12,1,2022-03-04 09:14:54
1646385295207889000,92.2,10,92.1,28,92.2,3,1,2022-03-04 09:14:55
1646385295939430000,92.2,3,92.2,1,92.3,12,1,2022-03-04 09:14:55
1646385295994863000,92.2,1,92.1,28,92.3,12,2,2022-03-04 09:14:55
1646385296172630000,92.2,1,92.1,28,92.3,12,2,2022-03-04 09:14:56
1646385297207301000,92.2,1,92.1,128,92.3,12,1,2022-03-04 09:14:57
1646385297467513000,92.3,2,92.2,1,92.3,10,1,2022-03-04 09:14:57
1646385298268015000,92.2,1,92.2,1,92.3,10,2,2022-03-04 09:14:58
1646385300222907000,92.2,2,92.2,2,92.3,11,2,2022-03-04 09:15:00
1646385300358457000,92.2,1,92.2,1,92.3,11,2,2022-03-04 09:15:00
1646385300598643000,92.2,1,92.1,131,92.2,1,2,2022-03-04 09:15:00
1646385301693409000,92.2,1,92.1,131,92.2,14,1,2022-03-04 09:15:01
1646385301978186000,92.2,10,92.1,131,92.2,5,1,2022-03-04 09:15:01
1646385302928159000,92.2,1,92.1,131,92.2,4,1,2022-03-04 09:15:02
1646385305093267000,92.2,1,92.1,131,92.2,6,1,2022-03-04 09:15:05
1646385305249938000,92.2,2,92.1,131,92.2,4,1,2022-03-04 09:15:05
1646385306980524000,92.2,1,92.1,131,92.2,4,1,2022-03-04 09:15:06
1646385309117580000,92.2,2,92.1,133,92.2,2,1,2022-03-04 09:15:09
1646385309532758000,92.2,1,92.1,133,92.2,1,1,2022-03-04 09:15:09
1646385309957854000,92.2,1,92.1,133,92.3,10,1,2022-03-04 09:15:09
1646385310397712000,92.1,1,92.1,132,92.3,10,2,2022-03-04 09:15:10
1646385314978523000,92.3,5,92.2,129,92.3,5,1,2022-03-04 09:15:14
1646385315099433000,92.2,2,92.2,127,92.3,5,2,2022-03-04 09:15:15
1646385315612965000,92.3,4,92.2,128,92.3,1,1,2022-03-04 09:15:15
1646385315792812000,92.3,1,92.2,130,92.4,4,1,2022-03-04 09:15:15
1646385318323721000,92.3,2,92.3,2,92.4,1,2,2022-03-04 09:15:18
1646385324085741000,92.3,5,92.3,101,92.4,3,2,2022-03-04 09:15:24
1646385324604158000,92.4,1,92.3,101,92.4,2,1,2022-03-04 09:15:24
1646385325487502000,92.4,1,92.3,104,92.4,1,1,2022-03-04 09:15:25
1646385325649344000,92.3,4,92.2,226,92.4,1,2,2022-03-04 09:15:25
1646385325649344000,92.2,6,92.2,226,92.4,1,2,2022-03-04 09:15:25
1646385327301086000,92.2,1,92.2,225,92.3,2,2,2022-03-04 09:15:27
1646385327849033000,92.3,1,92.2,225,92.3,1,1,2022-03-04 09:15:27
1646385333334926000,92.3,2,92.2,228,92.3,4,1,2022-03-04 09:15:33
1646385333849649000,92.3,5,92.2,228,92.4,2,1,2022-03-04 09:15:33
1646385333892817000,92.4,1,92.2,228,92.4,1,1,2022-03-04 09:15:33
1646385335128186000,92.4,1,92.2,228,92.5,11,1,2022-03-04 09:15:35
1646385340808836000,92.3,10,92.2,213,92.5,11,2,2022-03-04 09:15:40
1646385340808836000,92.2,15,92.2,213,92.5,11,2,2022-03-04 09:15:40
1646385341337390000,92.3,1,92.2,213,92.5,11,2,2022-03-04 09:15:41
1646385342603140000,92.4,1,92.3,5,92.5,11,2,2022-03-04 09:15:42
1646385343977967000,92.5,2,92.3,8,92.5,11,1,2022-03-04 09:15:43
1646385346940183000,92.5,2,92.3,8,92.5,11,1,2022-03-04 09:15:46
1646385350939170000,92.5,1,92.3,16,92.5,9,1,2022-03-04 09:15:50
1646385359576001000,92.5,2,92.4,5,92.5,8,1,2022-03-04 09:15:59
1646385360874358000,92.5,5,92.4,5,92.5,3,1,2022-03-04 09:16:00
1646385362668436000,92.5,1,92.4,6,92.5,2,1,2022-03-04 09:16:02
1646385362703527000,92.5,2,92.4,6,92.6,2,1,2022-03-04 09:16:02
1646385362880426000,92.6,2,92.4,6,92.7,2,1,2022-03-04 09:16:02
1646385362880426000,92.7,1,92.4,6,92.7,2,1,2022-03-04 09:16:02
1646385368155052000,92.5,2,92.4,16,92.7,11,2,2022-03-04 09:16:08
1646385371035155000,92.7,1,92.5,1,92.7,10,1,2022-03-04 09:16:11
1646385371530604000,92.5,1,92.4,16,92.6,2,2,2022-03-04 09:16:11
1646385375318269000,92.5,1,92.4,18,92.5,4,1,2022-03-04 09:16:15
1646385376408131000,92.5,1,92.4,18,92.5,3,1,2022-03-04 09:16:16
1646385376915625000,92.5,1,92.4,18,92.5,2,1,2022-03-04 09:16:16
1646385377760423000,92.5,2,92.5,8,92.6,4,1,2022-03-04 09:16:17
1646385383950259000,92.6,1,92.5,17,92.6,2,1,2022-03-04 09:16:23
1646385385552136000,92.6,1,92.5,19,92.6,1,1,2022-03-04 09:16:25
1646385386364491000,92.6,1,92.5,19,92.7,15,1,2022-03-04 09:16:26
1646385387283253000,92.6,1,92.5,19,92.7,15,2,2022-03-04 09:16:27
1646385388664131000,92.6,1,92.5,20,92.6,1,2,2022-03-04 09:16:28
1646385391211013000,92.5,1,92.5,14,92.6,1,2,2022-03-04 09:16:31
1646385391245054000,92.5,4,92.5,10,92.6,1,2,2022-03-04 09:16:31
1646385391275242000,92.5,10,92.4,22,92.6,1,2,2022-03-04 09:16:31
1646385393538558000,92.5,1,92.4,22,92.5,7,1,2022-03-04 09:16:33
1646385394129992000,92.5,2,92.4,22,92.5,6,1,2022-03-04 09:16:34
1646385394294443000,92.5,1,92.4,22,92.5,5,1,2022-03-04 09:16:34
1646385396212262000,92.6,5,92.4,23,92.6,2,1,2022-03-04 09:16:36
1646385399265633000,92.5,1,92.5,12,92.6,7,2,2022-03-04 09:16:39
1646385399704552000,92.6,1,92.5,12,92.6,6,1,2022-03-04 09:16:39
1646385401530090000,92.5,2,92.4,20,92.6,7,2,2022-03-04 09:16:41
1646385401530090000,92.4,3,92.4,20,92.6,7,2,2022-03-04 09:16:41
1646385404419452000,92.5,1,92.4,20,92.6,7,2,2022-03-04 09:16:44
1646385406987553000,92.4,4,92.4,17,92.5,5,2,2022-03-04 09:16:46
1646385407956839000,92.5,1,92.4,17,92.5,6,1,2022-03-04 09:16:47
1646385408329859000,92.4,2,92.4,15,92.5,7,2,2022-03-04 09:16:48
1646385410648542000,92.5,7,92.5,3,92.6,5,1,2022-03-04 09:16:50
1646385410692766000,92.5,3,92.4,15,92.6,5,2,2022-03-04 09:16:50
1646385412374248000,92.5,1,92.5,10,92.6,5,2,2022-03-04 09:16:52
1646385414194282000,92.5,2,92.5,8,92.6,5,2,2022-03-04 09:16:54
1646385414225165000,92.5,8,92.4,15,92.6,5,2,2022-03-04 09:16:54
1646385416306263000,92.4,2,92.4,15,92.5,1,2,2022-03-04 09:16:56
1646385419634869000,92.5,1,92.4,19,92.5,2,1,2022-03-04 09:16:59
1646385421052408000,92.5,4,92.5,1,92.6,5,1,2022-03-04 09:17:01
1646385421093949000,92.5,1,92.4,19,92.6,5,2,2022-03-04 09:17:01
1646385422899033000,92.4,3,92.4,16,92.6,5,2,2022-03-04 09:17:02
1646385429081057000,92.4,2,92.4,15,92.5,4,2,2022-03-04 09:17:09
1646385429860432000,92.4,2,92.4,13,92.5,4,2,2022-03-04 09:17:09
1646385433678171000,92.4,2,92.4,11,92.5,5,2,2022-03-04 09:17:13
1646385441075731000,92.4,1,92.4,13,92.5,9,2,2022-03-04 09:17:21
1646385442635740000,92.4,3,92.4,10,92.5,7,2,2022-03-04 09:17:22
1646385444808317000,92.4,1,92.4,9,92.5,7,2,2022-03-04 09:17:24
1646385447907258000,92.4,1,92.4,59,92.5,7,2,2022-03-04 09:17:27
1646385449829290000,92.5,2,92.4,110,92.5,7,1,2022-03-04 09:17:29
1646385453938005000,92.5,2,92.4,110,92.5,5,1,2022-03-04 09:17:33
1646385455934277000,92.5,3,92.4,108,92.5,2,1,2022-03-04 09:17:35
1646385456711203000,92.5,2,92.5,8,92.6,42,1,2022-03-04 09:17:36
1646385460506395000,92.5,5,92.5,10,92.6,51,2,2022-03-04 09:17:40
1646385464761306000,92.5,5,92.5,7,92.6,48,2,2022-03-04 09:17:44
1646385471422655000,92.5,1,92.5,11,92.6,49,2,2022-03-04 09:17:51
1646385471842695000,92.5,3,92.5,8,92.6,49,2,2022-03-04 09:17:51
1646385472707195000,92.5,1,92.5,7,92.6,49,2,2022-03-04 09:17:52
1646385473675304000,92.5,1,92.5,9,92.6,49,2,2022-03-04 09:17:53
1646385474517645000,92.5,5,92.5,4,92.6,49,2,2022-03-04 09:17:54
1646385474549828000,92.5,2,92.5,2,92.6,49,2,2022-03-04 09:17:54
1646385476829283000,92.5,1,92.5,2,92.6,48,2,2022-03-04 09:17:56
1646385477689674000,92.5,1,92.5,2,92.6,48,2,2022-03-04 09:17:57
1646385479256176000,92.6,2,92.5,2,92.6,49,1,2022-03-04 09:17:59
1646385484248871000,92.5,55,92.4,108,92.6,50,2,2022-03-04 09:18:04
1646385490648169000,92.5,1,92.4,109,92.5,4,1,2022-03-04 09:18:10
1646385492893246000,92.5,5,92.4,110,92.5,3,1,2022-03-04 09:18:12
1646385493926812000,92.5,1,92.4,110,92.5,3,1,2022-03-04 09:18:13
1646385494154795000,92.5,2,92.4,110,92.5,1,1,2022-03-04 09:18:14
1646385496705439000,92.5,1,92.4,110,92.5,1,1,2022-03-04 09:18:16
1646385496721730000,92.5,1,92.4,110,92.6,47,1,2022-03-04 09:18:16
1646385498173235000,92.5,1,92.4,109,92.5,1,2,2022-03-04 09:18:18
1646385504324639000,92.5,1,92.4,109,92.5,1,1,2022-03-04 09:18:24
1646385506327219000,92.5,1,92.5,1,92.6,48,1,2022-03-04 09:18:26
1646385506357326000,92.5,1,92.4,109,92.5,4,2,2022-03-04 09:18:26
1646385506494534000,92.4,1,92.4,108,92.5,4,2,2022-03-04 09:18:26
1646385508872784000,92.4,8,92.3,84,92.5,5,2,2022-03-04 09:18:28
1646385510763831000,92.3,34,92.2,213,92.3,16,2,2022-03-04 09:18:30
1646385511238416000,92.2,1,92.2,212,92.3,17,2,2022-03-04 09:18:31
1646385511239368000,92.2,70,92.2,142,92.3,17,2,2022-03-04 09:18:31
1646385511259871000,92.2,25,92.2,117,92.3,17,2,2022-03-04 09:18:31
1646385511288510000,92.2,1,92.2,116,92.3,17,2,2022-03-04 09:18:31
1646385511288609000,92.2,1,92.2,115,92.3,17,2,2022-03-04 09:18:31
1646385511290147000,92.2,1,92.2,114,92.3,17,2,2022-03-04 09:18:31
1646385511419301000,92.2,5,92.2,6,92.3,17,2,2022-03-04 09:18:31
1646385511753518000,92.2,5,92.2,1,92.3,17,2,2022-03-04 09:18:31
1646385511771606000,92.2,1,92.1,145,92.2,4,2,2022-03-04 09:18:31
1646385513074278000,92.1,45,92.0,150,92.1,5,2,2022-03-04 09:18:33
1646385514500935000,92.0,10,92.0,140,92.1,7,2,2022-03-04 09:18:34
1646385514548357000,92.0,1,92.0,139,92.1,7,2,2022-03-04 09:18:34
1646385516797703000,92.0,139,91.9,22,92.0,11,2,2022-03-04 09:18:36
1646385516816878000,91.9,5,91.9,17,92.0,11,2,2022-03-04 09:18:36
1646385516846854000,91.9,1,91.9,16,92.0,11,2,2022-03-04 09:18:36
1646385516859551000,91.9,1,91.9,15,92.0,11,2,2022-03-04 09:18:36
1646385516866623000,91.9,1,91.9,14,92.0,11,2,2022-03-04 09:18:36
1646385518016487000,91.9,14,91.7,7,91.8,36,2,2022-03-04 09:18:38
1646385518016487000,91.8,13,91.7,7,91.8,36,2,2022-03-04 09:18:38
1646385518200672000,91.7,7,91.6,5,91.8,36,2,2022-03-04 09:18:38
1646385518200672000,91.6,10,91.6,5,91.8,36,2,2022-03-04 09:18:38
1646385520919811000,91.6,5,91.5,32,91.8,38,2,2022-03-04 09:18:40
1646385524942149000,91.6,1,91.6,1,91.8,42,2,2022-03-04 09:18:44
1646385527987598000,91.6,1,91.6,2,91.7,5,2,2022-03-04 09:18:47
1646385529222905000,91.6,3,91.6,2,91.7,5,2,2022-03-04 09:18:49
1646385529789023000,91.6,1,91.6,2,91.7,8,2,2022-03-04 09:18:49
1646385530004899000,91.6,1,91.6,1,91.7,8,2,2022-03-04 09:18:50
1646385531092767000,91.6,1,91.5,24,91.7,8,2,2022-03-04 09:18:51
1646385532732664000,91.6,1,91.5,24,91.7,9,2,2022-03-04 09:18:52
1646385532911046000,91.5,12,91.5,12,91.7,9,2,2022-03-04 09:18:52
1646385532973288000,91.5,1,91.5,13,91.7,9,2,2022-03-04 09:18:52
1646385534539594000,91.5,4,91.5,9,91.7,10,2,2022-03-04 09:18:54
1646385535913676000,91.7,1,91.5,11,91.7,9,1,2022-03-04 09:18:55
1646385536244183000,91.6,1,91.5,11,91.7,9,1,2022-03-04 09:18:56
1646385538815523000,91.6,1,91.6,9,91.7,9,2,2022-03-04 09:18:58
1646385540073254000,91.6,1,91.6,9,91.7,9,2,2022-03-04 09:19:00
1646385540307519000,91.6,1,91.6,10,91.7,9,2,2022-03-04 09:19:00
1646385540471011000,91.6,1,91.6,9,91.7,9,2,2022-03-04 09:19:00
1646385541932707000,91.6,1,91.6,8,91.7,10,2,2022-03-04 09:19:01
1646385543385603000,91.6,2,91.6,9,91.7,10,2,2022-03-04 09:19:03
1646385543637507000,91.6,6,91.6,3,91.7,10,2,2022-03-04 09:19:03
1646385544441416000,91.7,11,91.6,7,91.8,2,1,2022-03-04 09:19:04
1646385544484366000,91.8,2,91.6,7,92.4,2,1,2022-03-04 09:19:04
1646385544540207000,91.7,1,91.6,13,91.7,29,2,2022-03-04 09:19:04
1646385544547144000,91.7,10,91.6,13,91.7,19,1,2022-03-04 09:19:04
1646385544574520000,91.7,5,91.6,13,91.7,14,1,2022-03-04 09:19:04
1646385544574556000,91.7,14,91.6,13,92.3,1,1,2022-03-04 09:19:04
1646385547936000000,91.8,1,91.7,14,92.3,3,2,2022-03-04 09:19:07
1646385548138178000,91.7,2,91.7,12,92.3,3,2,2022-03-04 09:19:08
1646385549355788000,91.7,1,91.7,11,92.3,3,2,2022-03-04 09:19:09
1646385551300148000,91.9,1,91.8,5,92.2,2,2,2022-03-04 09:19:11
1646385551930549000,91.8,5,91.7,15,92.2,2,2,2022-03-04 09:19:11
1646385553427576000,92.0,1,91.7,9,92.2,4,1,2022-03-04 09:19:13
1646385553427576000,92.1,1,91.7,9,92.2,4,1,2022-03-04 09:19:13
1646385554746459000,91.8,2,91.7,10,92.2,6,2,2022-03-04 09:19:14
1646385557849748000,91.9,1,91.8,12,91.9,1,1,2022-03-04 09:19:17
1646385557877474000,91.9,1,91.8,12,92.0,1,1,2022-03-04 09:19:17
1646385559076484000,91.8,1,91.8,12,91.9,1,2,2022-03-04 09:19:19
1646385560097840000,91.9,2,91.8,12,92.0,1,1,2022-03-04 09:19:20
1646385560753900000,91.8,1,91.8,11,92.0,1,2,2022-03-04 09:19:20
1646385565302615000,92.0,1,91.9,9,92.0,1,1,2022-03-04 09:19:25
1646385565693657000,92.0,1,92.0,1,92.1,3,1,2022-03-04 09:19:25
1646385565706818000,92.0,1,91.9,9,92.1,3,2,2022-03-04 09:19:25
1646385567061758000,91.9,1,91.9,9,92.0,2,2,2022-03-04 09:19:27
1646385567062846000,92.0,1,91.9,9,92.0,1,1,2022-03-04 09:19:27
1646385568144456000,91.9,1,91.9,7,92.0,1,2,2022-03-04 09:19:28
1646385569905445000,92.0,1,91.9,20,92.0,1,1,2022-03-04 09:19:29
1646385571285469000,92.0,3,91.9,21,92.1,3,1,2022-03-04 09:19:31
1646385574255745000,92.0,1,92.0,2,92.1,8,2,2022-03-04 09:19:34
1646385574288453000,92.0,2,91.9,20,92.1,8,2,2022-03-04 09:19:34
1646385578283467000,92.0,1,92.0,17,92.1,9,2,2022-03-04 09:19:38
1646385579566302000,92.0,5,92.0,14,92.1,9,2,2022-03-04 09:19:39
1646385584227153000,92.1,10,92.1,1,92.2,18,1,2022-03-04 09:19:44
1646385584267372000,92.1,1,92.0,14,92.2,16,2,2022-03-04 09:19:44
1646385590346153000,92.1,1,92.0,17,92.1,2,1,2022-03-04 09:19:50
1646385591224898000,92.1,1,92.0,19,92.1,1,1,2022-03-04 09:19:51
1646385591410047000,92.1,1,92.1,1,92.2,15,1,2022-03-04 09:19:51
1646385591421235000,92.1,1,92.0,19,92.2,15,2,2022-03-04 09:19:51
1646385592359602000,92.1,2,92.0,1,92.2,15,2,2022-03-04 09:19:52
1646385592359602000,92.0,18,92.0,1,92.2,15,2,2022-03-04 09:19:52
1646385596256332000,92.1,1,92.0,4,92.1,2,1,2022-03-04 09:19:56
1646385596358026000,92.0,1,92.0,3,92.1,2,2,2022-03-04 09:19:56
1646385596568947000,92.1,2,92.1,3,92.2,15,1,2022-03-04 09:19:56
1646385597758305000,92.1,1,92.1,2,92.2,15,2,2022-03-04 09:19:57
1646385597768456000,92.1,2,92.0,3,92.2,15,2,2022-03-04 09:19:57
1646385599766423000,92.1,9,92.0,6,92.2,14,2,2022-03-04 09:19:59
1646385600170372000,92.0,1,92.0,5,92.2,14,2,2022-03-04 09:20:00
1646385608644956000,92.1,1,92.1,11,92.2,16,2,2022-03-04 09:20:08
1646385610602863000,92.1,2,92.1,9,92.2,16,2,2022-03-04 09:20:10
1646385610632320000,92.1,2,92.1,7,92.2,16,2,2022-03-04 09:20:10
1646385610916803000,92.1,2,92.1,5,92.2,16,2,2022-03-04 09:20:10
1646385611344400000,92.1,2,92.1,3,92.2,16,2,2022-03-04 09:20:11
1646385611806062000,92.1,3,92.0,10,92.1,2,2,2022-03-04 09:20:11
1646385613583139000,92.0,4,92.0,6,92.1,5,2,2022-03-04 09:20:13
1646385614570204000,92.0,1,92.0,5,92.1,5,2,2022-03-04 09:20:14
1646385615267937000,92.1,1,92.0,5,92.1,4,1,2022-03-04 09:20:15
1646385616622983000,92.0,1,92.0,4,92.1,4,2,2022-03-04 09:20:16
1646385618118182000,92.0,5,91.9,11,92.1,4,2,2022-03-04 09:20:18
1646385619462638000,92.1,1,91.9,11,92.1,3,1,2022-03-04 09:20:19
1646385623488506000,92.0,3,91.9,9,92.1,2,1,2022-03-04 09:20:23
1646385623488506000,92.1,2,91.9,9,92.1,2,1,2022-03-04 09:20:23
1646385625929602000,92.0,1,91.9,9,92.0,1,1,2022-03-04 09:20:25
1646385627252598000,92.0,1,91.9,8,92.1,3,1,2022-03-04 09:20:27
1646385628202393000,92.1,1,91.9,8,92.1,2,1,2022-03-04 09:20:28
1646385631826440000,92.0,1,92.0,9,92.1,4,2,2022-03-04 09:20:31
1646385634340041000,92.1,2,92.0,10,92.1,2,1,2022-03-04 09:20:34
1646385637079357000,92.1,2,92.0,10,92.2,16,1,2022-03-04 09:20:37
1646385639786136000,92.1,1,92.0,7,92.2,17,2,2022-03-04 09:20:39
1646385639786136000,92.0,4,92.0,7,92.2,17,2,2022-03-04 09:20:39
1646385642065341000,92.1,1,92.0,7,92.2,17,2,2022-03-04 09:20:42
1646385649798245000,92.0,1,92.0,13,92.1,4,2,2022-03-04 09:20:49
1646385651471226000,92.1,1,92.0,13,92.1,3,1,2022-03-04 09:20:51
1646385658384448000,92.1,5,92.0,14,92.1,1,1,2022-03-04 09:20:58
1646385659848445000,92.1,1,92.0,13,92.2,19,1,2022-03-04 09:20:59
1646385669846568000,92.1,1,92.1,2,92.2,19,2,2022-03-04 09:21:09
1646385669879830000,92.1,1,92.1,1,92.2,19,2,2022-03-04 09:21:09
1646385670471527000,92.1,1,92.0,16,92.2,19,2,2022-03-04 09:21:10
1646385673714742000,92.0,1,92.0,15,92.2,19,2,2022-03-04 09:21:13
1646385678151467000,92.0,15,91.9,5,92.1,1,2,2022-03-04 09:21:18
1646385678151467000,91.9,10,91.9,5,92.1,1,2,2022-03-04 09:21:18
1646385679647081000,92.1,1,91.9,5,92.2,19,1,2022-03-04 09:21:19
1646385680713269000,91.9,1,91.9,4,92.0,1,2,2022-03-04 09:21:20
1646385685971524000,91.9,5,91.8,21,92.0,1,2,2022-03-04 09:21:25
1646385688899987000,92.0,1,91.8,21,92.1,2,1,2022-03-04 09:21:28
1646385694977099000,91.8,10,91.8,16,92.0,3,2,2022-03-04 09:21:34
1646385695035261000,91.9,1,91.8,16,92.0,3,2,2022-03-04 09:21:35
1646385698154025000,91.9,1,91.8,16,92.0,8,1,2022-03-04 09:21:38
1646385708079473000,91.9,1,91.9,8,92.0,12,2,2022-03-04 09:21:48
1646385708548104000,91.9,6,91.9,2,92.0,12,2,2022-03-04 09:21:48
1646385709399433000,92.0,5,91.9,11,92.0,7,1,2022-03-04 09:21:49
1646385720451204000,91.9,1,91.9,11,92.0,14,2,2022-03-04 09:22:00
1646385722914379000,91.9,1,91.9,10,92.0,14,2,2022-03-04 09:22:02
1646385723504443000,91.9,1,91.9,9,92.0,14,2,2022-03-04 09:22:03
1646385723809755000,92.0,1,91.9,9,92.0,13,1,2022-03-04 09:22:03
1646385723945908000,91.9,1,91.9,8,92.0,13,2,2022-03-04 09:22:03
1646385724483933000,91.9,1,91.9,7,92.0,13,2,2022-03-04 09:22:04
1646385725132399000,91.9,1,91.9,6,92.0,13,2,2022-03-04 09:22:05
1646385725759037000,91.9,1,91.9,5,92.0,13,2,2022-03-04 09:22:05
1646385726260415000,91.9,1,91.9,4,92.0,13,2,2022-03-04 09:22:06
1646385727367937000,91.9,2,91.9,2,92.0,17,2,2022-03-04 09:22:07
1646385727395575000,91.9,2,91.8,18,92.0,17,2,2022-03-04 09:22:07
1646385730381413000,91.9,1,91.8,18,92.0,17,1,2022-03-04 09:22:10
1646385731044715000,91.8,1,91.8,18,91.9,5,2,2022-03-04 09:22:11
1646385738992815000,91.9,1,91.8,19,91.9,4,1,2022-03-04 09:22:18
1646385739060173000,91.8,1,91.8,18,91.9,4,2,2022-03-04 09:22:19
1646385743151601000,91.9,3,91.8,11,92.0,9,2,2022-03-04 09:22:23
1646385743151601000,91.8,7,91.8,11,92.0,9,2,2022-03-04 09:22:23
1646385748030863000,92.0,1,91.8,14,92.0,8,1,2022-03-04 09:22:28
1646385749333952000,91.9,1,91.8,24,92.0,4,1,2022-03-04 09:22:29
1646385752705981000,91.9,1,91.8,38,92.0,4,2,2022-03-04 09:22:32
1646385754550017000,91.8,1,91.8,38,92.0,7,2,2022-03-04 09:22:34
1646385761170869000,92.0,12,91.9,12,92.1,7,1,2022-03-04 09:22:41
1646385761205728000,92.1,7,91.9,12,92.2,17,1,2022-03-04 09:22:41
1646385762804014000,91.9,2,91.9,16,92.2,13,2,2022-03-04 09:22:42
1646385767832169000,92.1,1,92.0,2,92.2,13,2,2022-03-04 09:22:47
1646385769613788000,92.0,1,92.0,1,92.1,5,2,2022-03-04 09:22:49
1646385779717073000,92.1,5,92.0,16,92.2,10,1,2022-03-04 09:22:59
1646385779755434000,92.2,2,92.0,16,92.2,8,1,2022-03-04 09:22:59
1646385790251911000,92.2,1,92.1,6,92.2,7,1,2022-03-04 09:23:10
1646385790701085000,92.1,1,92.1,5,92.2,7,2,2022-03-04 09:23:10
1646385791865425000,92.2,1,92.1,5,92.2,6,1,2022-03-04 09:23:11
1646385794952180000,92.2,1,92.1,6,92.2,6,1,2022-03-04 09:23:14
1646385795014891000,92.2,5,92.1,6,92.2,1,1,2022-03-04 09:23:15
1646385796540107000,92.2,1,92.1,5,92.3,12,1,2022-03-04 09:23:16
1646385798154359000,92.2,1,92.2,2,92.3,12,1,2022-03-04 09:23:18
1646385801299986000,92.2,3,92.2,4,92.3,12,2,2022-03-04 09:23:21
1646385801794178000,92.3,1,92.2,4,92.3,11,1,2022-03-04 09:23:21
1646385802389814000,92.3,3,92.2,5,92.3,8,1,2022-03-04 09:23:22
1646385802444464000,92.3,1,92.2,5,92.3,7,1,2022-03-04 09:23:22
1646385804642303000,92.3,2,92.2,6,92.3,5,1,2022-03-04 09:23:24
1646385804762013000,92.3,1,92.2,6,92.3,4,1,2022-03-04 09:23:24
1646385804959697000,92.3,4,92.3,1,92.4,9,1,2022-03-04 09:23:24
1646385808622566000,92.4,1,92.3,4,92.4,6,1,2022-03-04 09:23:28
1646385811766771000,92.4,1,92.3,5,92.4,4,1,2022-03-04 09:23:31
1646385812342427000,92.4,1,92.3,6,92.4,3,1,2022-03-04 09:23:32
1646385812349338000,92.4,1,92.3,6,92.4,2,1,2022-03-04 09:23:32
1646385813558451000,92.4,2,92.3,6,92.5,20,1,2022-03-04 09:23:33
1646385815401509000,92.4,3,92.3,6,92.5,22,2,2022-03-04 09:23:35
1646385818184691000,92.4,5,92.3,5,92.5,22,2,2022-03-04 09:23:38
1646385819160752000,92.4,1,92.3,6,92.4,3,1,2022-03-04 09:23:39
1646385820121760000,92.3,6,92.2,3,92.4,3,2,2022-03-04 09:23:40
1646385822148832000,92.4,1,92.2,3,92.4,2,1,2022-03-04 09:23:42
1646385824755691000,92.4,2,92.3,2,92.5,50,1,2022-03-04 09:23:44
1646385826076717000,92.3,1,92.3,1,92.5,54,2,2022-03-04 09:23:46
1646385826462981000,92.4,1,92.3,1,92.5,56,2,2022-03-04 09:23:46
1646385827012668000,92.5,1,92.3,2,92.5,55,1,2022-03-04 09:23:47
1646385836182419000,92.5,1,92.3,2,92.5,53,1,2022-03-04 09:23:56
1646385836869024000,92.4,5,92.3,2,92.5,53,2,2022-03-04 09:23:56
1646385841720127000,92.4,1,92.3,2,92.5,57,1,2022-03-04 09:24:01
1646385843160593000,92.5,1,92.3,2,92.5,56,1,2022-03-04 09:24:03
1646385844835673000,92.4,1,92.3,2,92.5,56,2,2022-03-04 09:24:04
1646385846625312000,92.4,1,92.3,2,92.4,1,2,2022-03-04 09:24:06
1646385846652736000,92.3,1,92.3,1,92.4,1,2,2022-03-04 09:24:06
1646385850579217000,92.4,2,92.3,1,92.5,54,1,2022-03-04 09:24:10
1646385850579217000,92.5,3,92.3,1,92.5,54,1,2022-03-04 09:24:10
1646385853136633000,92.3,2,92.3,1,92.5,54,2,2022-03-04 09:24:13
1646385853177804000,92.5,4,92.3,1,92.5,50,1,2022-03-04 09:24:13
1646385858182063000,92.3,1,92.3,2,92.5,51,2,2022-03-04 09:24:18
1646385858296270000,92.4,1,92.3,2,92.5,51,2,2022-03-04 09:24:18
1646385858646751000,92.5,1,92.3,2,92.5,50,1,2022-03-04 09:24:18
1646385864554248000,92.4,1,92.3,6,92.5,54,2,2022-03-04 09:24:24
1646385868441671000,92.4,2,92.3,6,92.5,54,1,2022-03-04 09:24:28
1646385879833919000,92.4,1,92.4,2,92.5,54,1,2022-03-04 09:24:39
1646385885156407000,92.4,4,92.3,10,92.5,50,2,2022-03-04 09:24:45
1646385887882530000,92.4,1,92.3,10,92.5,50,2,2022-03-04 09:24:47
1646385887991071000,92.3,1,92.3,9,92.5,50,2,2022-03-04 09:24:47
1646385889052941000,92.5,6,92.4,33,92.5,44,1,2022-03-04 09:24:49
1646385890234323000,92.5,1,92.4,33,92.5,43,1,2022-03-04 09:24:50
1646385890276941000,92.5,18,92.4,33,92.5,25,1,2022-03-04 09:24:50
1646385891674882000,92.5,16,92.4,33,92.5,9,1,2022-03-04 09:24:51
1646385892043211000,92.5,1,92.4,33,92.5,8,1,2022-03-04 09:24:52
1646385892070046000,92.5,6,92.4,33,92.6,14,1,2022-03-04 09:24:52
1646385892451799000,92.5,2,92.4,33,92.5,3,1,2022-03-04 09:24:52
1646385893456973000,92.5,1,92.4,33,92.5,2,1,2022-03-04 09:24:53
1646385893759660000,92.5,1,92.4,33,92.5,1,1,2022-03-04 09:24:53
1646385893774508000,92.5,1,92.4,33,92.6,10,1,2022-03-04 09:24:53
1646385893774508000,92.6,9,92.4,33,92.6,10,1,2022-03-04 09:24:53
1646385893895019000,92.6,1,92.4,33,92.6,9,1,2022-03-04 09:24:53
1646385893914890000,92.6,1,92.4,33,92.6,8,1,2022-03-04 09:24:53
1646385893937269000,92.6,1,92.4,33,92.6,7,1,2022-03-04 09:24:53
1646385893956647000,92.6,1,92.4,33,92.6,6,1,2022-03-04 09:24:53
1646385894095752000,92.6,1,92.4,33,92.6,5,1,2022-03-04 09:24:54
1646385894263378000,92.5,1,92.4,33,92.6,5,2,2022-03-04 09:24:54
1646385896338039000,92.5,3,92.5,4,92.6,10,2,2022-03-04 09:24:56
1646385900381364000,92.5,6,92.4,33,92.6,10,2,2022-03-04 09:25:00
1646385902491529000,92.5,1,92.4,33,92.6,10,2,2022-03-04 09:25:02
1646385902906172000,92.5,3,92.5,27,92.6,10,2,2022-03-04 09:25:02
1646385904438734000,92.5,1,92.5,29,92.6,10,2,2022-03-04 09:25:04
1646385907726127000,92.6,1,92.5,1028,92.6,9,1,2022-03-04 09:25:07
1646385907750625000,92.5,1,92.5,1027,92.6,9,2,2022-03-04 09:25:07
1646385909989968000,92.5,29,92.4,3,92.6,9,2,2022-03-04 09:25:09
1646385911096457000,92.5,1,92.4,3,92.5,2,1,2022-03-04 09:25:11
1646385913058238000,92.5,2,92.4,3,92.5,3,1,2022-03-04 09:25:13
1646385915646940000,92.5,1,92.4,3,92.5,7,1,2022-03-04 09:25:15
1646385917005157000,92.5,1,92.4,3,92.5,8,1,2022-03-04 09:25:17
1646385917072694000,92.5,1,92.4,3,92.5,7,1,2022-03-04 09:25:17
1646385919837669000,92.4,1,92.4,2,92.5,10,2,2022-03-04 09:25:19
1646385920439773000,92.5,1,92.4,2,92.5,9,1,2022-03-04 09:25:20
1646385922084198000,92.5,1,92.4,2,92.5,8,1,2022-03-04 09:25:22
1646385924366155000,92.4,1,92.4,1,92.5,8,2,2022-03-04 09:25:24
1646385924390149000,92.4,1,92.3,8,92.5,8,2,2022-03-04 09:25:24
1646385924791906000,92.5,3,92.3,8,92.5,5,1,2022-03-04 09:25:24
1646385926775090000,92.5,1,92.4,1,92.5,5,1,2022-03-04 09:25:26
1646385930299800000,92.5,2,92.4,2,92.5,3,1,2022-03-04 09:25:30
1646385935074818000,92.5,1,92.4,4,92.5,2,1,2022-03-04 09:25:35
1646385936683035000,92.5,1,92.4,4,92.5,1,1,2022-03-04 09:25:36
1646385939757582000,92.5,1,92.4,4,92.6,14,1,2022-03-04 09:25:39
1646385940607925000,92.5,1,92.4,6,92.6,12,2,2022-03-04 09:25:40
1646385949918541000,92.5,3,92.3,7,92.6,12,2,2022-03-04 09:25:49
1646385949918541000,92.4,6,92.3,7,92.6,12,2,2022-03-04 09:25:49
1646385949918541000,92.3,1,92.3,7,92.6,12,2,2022-03-04 09:25:49
1646385951659103000,92.3,7,92.2,12,92.6,15,2,2022-03-04 09:25:51
1646385955637828000,92.4,1,92.3,1,92.5,1,1,2022-03-04 09:25:55
1646385976230770000,92.4,1,92.3,7,92.5,13,1,2022-03-04 09:26:16
1646385979592171000,92.4,5,92.3,8,92.5,14,2,2022-03-04 09:26:19
1646385979889881000,92.4,1,92.3,8,92.5,17,1,2022-03-04 09:26:19
1646385986232367000,92.4,4,92.3,8,92.5,17,2,2022-03-04 09:26:26
1646385987397185000,92.3,1,92.3,12,92.4,6,2,2022-03-04 09:26:27
1646385991075696000,92.4,5,92.3,12,92.4,1,1,2022-03-04 09:26:31
1646385993735868000,92.4,1,92.3,12,92.5,16,1,2022-03-04 09:26:33
1646385996492601000,92.4,2,92.4,13,92.5,16,2,2022-03-04 09:26:36
1646386002564576000,92.5,1,92.4,15,92.5,15,1,2022-03-04 09:26:42
1646386006790853000,92.5,1,92.4,20,92.5,14,1,2022-03-04 09:26:46
1646386009281095000,92.5,1,92.4,20,92.5,13,1,2022-03-04 09:26:49
1646386010368585000,92.5,2,92.4,20,92.5,11,1,2022-03-04 09:26:50
1646386013990015000,92.5,1,92.4,20,92.5,9,1,2022-03-04 09:26:53
1646386016718852000,92.5,1,92.4,20,92.5,8,1,2022-03-04 09:26:56
1646386017440355000,92.5,2,92.4,21,92.5,6,1,2022-03-04 09:26:57
1646386018030900000,92.5,1,92.4,21,92.5,5,1,2022-03-04 09:26:58
1646386018154011000,92.5,1,92.4,21,92.5,4,1,2022-03-04 09:26:58
1646386020469196000,92.5,1,92.4,21,92.5,3,1,2022-03-04 09:27:00
1646386024698529000,92.5,3,92.4,21,92.5,1,1,2022-03-04 09:27:04
1646386027291627000,92.5,1,92.5,2,92.6,17,1,2022-03-04 09:27:07
1646386027320708000,92.5,2,92.4,21,92.6,15,2,2022-03-04 09:27:07
1646386037904300000,92.6,1,92.5,22,92.6,14,1,2022-03-04 09:27:17
1646386042282173000,92.6,5,92.5,24,92.6,9,1,2022-03-04 09:27:22
1646386045442889000,92.6,1,92.5,23,92.6,9,1,2022-03-04 09:27:25
1646386046676400000,92.6,2,92.5,23,92.6,7,1,2022-03-04 09:27:26
1646386047821737000,92.6,2,92.5,23,92.6,5,1,2022-03-04 09:27:27
1646386048142048000,92.6,5,92.5,23,92.7,27,1,2022-03-04 09:27:28
1646386050639633000,92.6,1,92.6,6,92.7,27,2,2022-03-04 09:27:30
1646386059141709000,92.7,10,92.6,11,92.7,17,1,2022-03-04 09:27:39
1646386059667532000,92.7,10,92.6,11,92.7,7,1,2022-03-04 09:27:39
1646386061247894000,92.7,7,92.6,11,92.8,16,1,2022-03-04 09:27:41
1646386061247894000,92.8,3,92.6,11,92.8,16,1,2022-03-04 09:27:41
1646386061299383000,92.8,1,92.6,11,92.8,15,1,2022-03-04 09:27:41
1646386061360049000,92.6,10,92.6,1,92.8,15,2,2022-03-04 09:27:41
1646386061898586000,92.7,1,92.6,1,92.8,15,2,2022-03-04 09:27:41
1646386065711657000,92.8,3,92.6,4,92.8,12,1,2022-03-04 09:27:45
1646386068887062000,92.8,2,92.7,1,92.8,10,1,2022-03-04 09:27:48
1646386070249885000,92.8,1,92.7,1,92.8,9,1,2022-03-04 09:27:50
1646386070271975000,92.8,9,92.7,1,92.9,24,1,2022-03-04 09:27:50
1646386070271975000,92.9,1,92.7,1,92.9,24,1,2022-03-04 09:27:50
1646386070358018000,92.7,1,92.6,4,92.9,24,2,2022-03-04 09:27:50
1646386070358018000,92.6,1,92.6,4,92.9,24,2,2022-03-04 09:27:50
1646386071105500000,92.9,2,92.8,10,92.9,22,1,2022-03-04 09:27:51
1646386073047175000,92.9,1,92.8,11,92.9,21,1,2022-03-04 09:27:53
1646386074557088000,92.9,2,92.8,11,92.9,22,1,2022-03-04 09:27:54
1646386075742132000,92.9,2,92.8,11,92.9,20,1,2022-03-04 09:27:55
1646386076497498000,92.8,1,92.8,10,92.9,24,2,2022-03-04 09:27:56
1646386076531992000,92.8,2,92.8,8,92.9,24,2,2022-03-04 09:27:56
1646386076899918000,92.9,1,92.8,8,92.9,23,1,2022-03-04 09:27:56
1646386077035007000,92.9,1,92.8,8,92.9,22,1,2022-03-04 09:27:57
1646386077062036000,92.9,4,92.8,8,92.9,18,1,2022-03-04 09:27:57
1646386078344095000,92.9,2,92.8,8,92.9,14,1,2022-03-04 09:27:58
1646386079365152000,92.9,1,92.8,1,92.9,15,1,2022-03-04 09:27:59
1646386079605323000,92.9,1,92.8,1,92.9,14,1,2022-03-04 09:27:59
1646386080212217000,92.8,1,92.7,2,92.9,14,2,2022-03-04 09:28:00
1646386081271679000,92.9,1,92.7,2,92.9,13,1,2022-03-04 09:28:01
1646386082129067000,92.9,6,92.7,2,92.9,8,1,2022-03-04 09:28:02
1646386083362739000,92.9,5,92.7,2,92.9,4,1,2022-03-04 09:28:03
1646386083606264000,92.9,2,92.7,2,92.9,2,1,2022-03-04 09:28:03
1646386083941204000,92.9,1,92.7,2,92.9,1,1,2022-03-04 09:28:03
1646386084444991000,92.9,1,92.7,7,93.0,92,1,2022-03-04 09:28:04
1646386085763348000,92.9,1,92.7,9,93.0,92,1,2022-03-04 09:28:05
1646386086287442000,92.9,1,92.7,9,93.0,92,2,2022-03-04 09:28:06
1646386087218114000,93.0,10,92.9,1,93.0,82,1,2022-03-04 09:28:07
1646386087252330000,92.9,1,92.7,9,93.0,82,2,2022-03-04 09:28:07
1646386089339648000,92.9,1,92.9,6,93.0,83,2,2022-03-04 09:28:09
1646386089913391000,92.9,6,92.8,1,93.0,83,2,2022-03-04 09:28:09
1646386092669532000,93.0,10,92.8,2,93.0,70,1,2022-03-04 09:28:12
1646386094135018000,92.9,2,92.8,7,93.0,80,2,2022-03-04 09:28:14
1646386094237292000,93.0,1,92.8,7,93.0,79,1,2022-03-04 09:28:14
1646386098004605000,92.9,1,92.8,14,93.0,80,1,2022-03-04 09:28:18
1646386100469928000,93.0,1,92.8,16,93.0,79,1,2022-03-04 09:28:20
1646386100538322000,92.9,1,92.8,16,93.0,79,2,2022-03-04 09:28:20
1646386101221171000,93.0,10,92.8,16,93.0,69,1,2022-03-04 09:28:21
1646386101595676000,93.0,5,92.8,16,93.0,64,1,2022-03-04 09:28:21
1646386103944247000,93.0,5,92.8,17,93.0,59,1,2022-03-04 09:28:23
1646386106814742000,93.0,1,92.9,2,93.0,58,1,2022-03-04 09:28:26
1646386107249432000,93.0,2,92.9,2,93.0,56,1,2022-03-04 09:28:27
1646386107877973000,92.9,1,92.9,1,93.0,56,2,2022-03-04 09:28:27
1646386109156738000,93.0,1,92.9,1,93.0,55,1,2022-03-04 09:28:29
1646386109817690000,92.9,1,92.8,19,93.0,55,2,2022-03-04 09:28:29
1646386112684742000,92.9,1,92.9,6,93.0,55,2,2022-03-04 09:28:32
1646386115111986000,92.9,1,92.9,6,93.0,59,2,2022-03-04 09:28:35
1646386117939584000,92.9,1,92.9,6,93.0,59,2,2022-03-04 09:28:37
1646386118941103000,92.9,2,92.9,4,93.0,59,2,2022-03-04 09:28:38
1646386119237597000,92.9,1,92.9,5,93.0,59,2,2022-03-04 09:28:39
1646386119307500000,92.9,1,92.9,4,93.0,59,2,2022-03-04 09:28:39
1646386119348627000,92.9,1,92.9,3,93.0,59,2,2022-03-04 09:28:39
1646386119649215000,93.0,1,92.9,3,93.0,59,1,2022-03-04 09:28:39
1646386119911614000,92.9,3,92.8,18,93.0,59,2,2022-03-04 09:28:39
1646386121822346000,92.9,1,92.8,18,92.9,1,1,2022-03-04 09:28:41
1646386122360871000,92.8,2,92.8,16,92.9,3,2,2022-03-04 09:28:42
1646386122901869000,92.9,2,92.8,16,92.9,1,1,2022-03-04 09:28:42
1646386123396104000,92.9,1,92.8,16,93.0,59,1,2022-03-04 09:28:43
1646386125682870000,92.9,1,92.8,15,92.9,3,1,2022-03-04 09:28:45
1646386130067585000,92.9,1,92.8,14,92.9,6,1,2022-03-04 09:28:50
1646386134670467000,92.9,7,92.8,16,92.9,3,1,2022-03-04 09:28:54
1646386134928320000,92.9,1,92.8,16,92.9,2,1,2022-03-04 09:28:54
1646386135741134000,92.9,1,92.8,16,92.9,4,1,2022-03-04 09:28:55
1646386136245119000,92.9,1,92.8,16,92.9,3,1,2022-03-04 09:28:56
1646386136675722000,92.8,1,92.8,15,92.9,3,2,2022-03-04 09:28:56
1646386139201060000,92.9,1,92.8,15,92.9,7,1,2022-03-04 09:28:59
1646386142774597000,92.9,2,92.8,15,92.9,10,1,2022-03-04 09:29:02
1646386143064529000,92.9,1,92.8,15,92.9,9,1,2022-03-04 09:29:03
1646386145587746000,92.9,1,92.8,15,92.9,9,1,2022-03-04 09:29:05
1646386148765301000,92.9,9,92.8,15,93.0,19,1,2022-03-04 09:29:08
1646386148765301000,93.0,41,92.8,15,93.0,19,1,2022-03-04 09:29:08
1646386151861617000,92.9,1,92.8,16,92.9,1,1,2022-03-04 09:29:11
1646386152257081000,92.9,1,92.9,1,93.0,19,1,2022-03-04 09:29:12
1646386153406139000,92.9,5,92.8,16,93.0,39,2,2022-03-04 09:29:13
1646386153496652000,92.9,1,92.8,16,93.0,39,2,2022-03-04 09:29:13
1646386154850394000,92.9,1,92.8,15,93.0,39,2,2022-03-04 09:29:14
1646386154850394000,92.8,1,92.8,15,93.0,39,2,2022-03-04 09:29:14
1646386156986851000,92.9,1,92.8,15,92.9,4,1,2022-03-04 09:29:16
1646386160530775000,92.9,2,92.8,20,92.9,2,1,2022-03-04 09:29:20
1646386161120865000,92.9,1,92.8,20,92.9,2,1,2022-03-04 09:29:21
1646386165225299000,92.9,1,92.8,20,92.9,3,1,2022-03-04 09:29:25
1646386165433189000,92.9,2,92.8,20,92.9,1,1,2022-03-04 09:29:25
1646386166262171000,92.9,1,92.8,20,93.0,41,1,2022-03-04 09:29:26
1646386169135508000,92.9,1,92.8,25,93.0,41,2,2022-03-04 09:29:29
1646386170612288000,92.9,1,92.9,1,93.0,41,1,2022-03-04 09:29:30
1646386171704090000,93.0,1,92.9,1,93.0,40,1,2022-03-04 09:29:31
1646386172447737000,93.0,3,92.9,3,93.0,37,1,2022-03-04 09:29:32
1646386173846349000,92.9,1,92.9,2,93.0,37,2,2022-03-04 09:29:33
1646386176778348000,92.9,6,92.8,31,93.0,38,2,2022-03-04 09:29:36
1646386176778348000,92.8,4,92.8,31,93.0,38,2,2022-03-04 09:29:36
1646386178055073000,92.9,1,92.8,36,92.9,1,1,2022-03-04 09:29:38
1646386180565404000,92.9,1,92.8,36,93.0,38,1,2022-03-04 09:29:40
1646386181126092000,92.9,1,92.9,4,93.0,39,1,2022-03-04 09:29:41
1646386181388739000,92.9,2,92.9,2,93.0,39,2,2022-03-04 09:29:41
1646386183740025000,92.9,1,92.9,5,93.0,39,2,2022-03-04 09:29:43
1646386184722949000,93.0,7,92.9,5,93.0,31,1,2022-03-04 09:29:44
1646386186085158000,92.9,9,92.8,33,92.9,1,2,2022-03-04 09:29:46
1646386193957441000,92.9,1,92.8,34,92.9,2,1,2022-03-04 09:29:53
1646386196679679000,92.9,1,92.8,34,92.9,6,1,2022-03-04 09:29:56
1646386200098147000,92.9,1,92.8,34,92.9,11,1,2022-03-04 09:30:00
