ts,close,volume,bid_price,bid_volume,ask_price,ask_volume,tick_type,datetime
1651827616765591000,12.3,807,12.25,13,12.3,1,2,2022-05-06 09:00:16
1651827616815447000,12.25,1,12.25,12,12.3,2,2,2022-05-06 09:00:16
1651827616842945000,12.25,12,12.2,57,12.3,2,2,2022-05-06 09:00:16
1651827616864691000,12.3,2,12.2,57,12.35,10,1,2022-05-06 09:00:16
1651827616864691000,12.35,3,12.2,57,12.35,10,1,2022-05-06 09:00:16
1651827616921774000,12.3,2,12.3,4,12.35,10,2,2022-05-06 09:00:16
1651827616926374000,12.3,1,12.3,3,12.35,10,2,2022-05-06 09:00:16
1651827616954271000,12.3,3,12.25,31,12.35,10,2,2022-05-06 09:00:16
1651827616954271000,12.25,1,12.25,31,12.35,10,2,2022-05-06 09:00:16
1651827617431563000,12.3,1,12.25,55,12.35,10,2,2022-05-06 09:00:17
1651827617431563000,12.25,5,12.25,55,12.35,10,2,2022-05-06 09:00:17
1651827617463783000,12.35,10,12.25,55,12.4,11,1,2022-05-06 09:00:17
1651827617463783000,12.4,2,12.25,55,12.4,11,1,2022-05-06 09:00:17
1651827617587872000,12.3,1,12.25,40,12.4,11,2,2022-05-06 09:00:17
1651827617587872000,12.25,15,12.25,40,12.4,11,2,2022-05-06 09:00:17
1651827617640670000,12.35,1,12.35,38,12.4,11,2,2022-05-06 09:00:17
1651827617675445000,12.4,11,12.35,38,12.45,9,1,2022-05-06 09:00:17
1651827617675445000,12.45,9,12.35,38,12.45,9,1,2022-05-06 09:00:17
1651827617675870000,12.35,1,12.35,37,12.45,9,2,2022-05-06 09:00:17
1651827618412936000,12.4,10,12.35,37,12.45,9,2,2022-05-06 09:00:18
1651827618435124000,12.35,2,12.35,35,12.45,9,2,2022-05-06 09:00:18
1651827618917428000,12.4,1,12.4,23,12.45,9,2,2022-05-06 09:00:18
1651827619010382000,12.45,6,12.4,24,12.45,3,1,2022-05-06 09:00:19
1651827619613940000,12.4,5,12.4,19,12.45,3,2,2022-05-06 09:00:19
1651827620853539000,12.45,3,12.4,19,12.5,39,1,2022-05-06 09:00:20
1651827620853539000,12.5,9,12.4,19,12.5,39,1,2022-05-06 09:00:20
1651827622310521000,12.45,5,12.45,21,12.5,42,2,2022-05-06 09:00:22
1651827622340220000,12.45,21,12.4,19,12.5,42,2,2022-05-06 09:00:22
1651827622772136000,12.4,1,12.4,19,12.5,42,2,2022-05-06 09:00:22
1651827623016310000,12.4,2,12.4,17,12.45,30,2,2022-05-06 09:00:23
1651827623259772000,12.4,3,12.4,26,12.45,30,2,2022-05-06 09:00:23
1651827624295742000,12.45,10,12.4,26,12.45,20,1,2022-05-06 09:00:24
1651827624333689000,12.45,20,12.4,26,12.5,42,1,2022-05-06 09:00:24
1651827624538452000,12.4,1,12.4,25,12.5,42,2,2022-05-06 09:00:24
1651827625296953000,12.4,2,12.4,23,12.5,42,2,2022-05-06 09:00:25
1651827625506088000,12.5,1,12.4,28,12.5,41,1,2022-05-06 09:00:25
1651827625768121000,12.4,1,12.4,27,12.5,41,2,2022-05-06 09:00:25
1651827625888339000,12.5,1,12.4,27,12.5,40,1,2022-05-06 09:00:25
1651827626372784000,12.4,1,12.4,27,12.5,40,2,2022-05-06 09:00:26
1651827627436229000,12.4,3,12.4,26,12.5,40,2,2022-05-06 09:00:27
1651827627980704000,12.4,29,12.35,40,12.45,10,2,2022-05-06 09:00:27
1651827629020498000,12.4,1,12.35,46,12.45,10,2,2022-05-06 09:00:29
1651827630954819000,12.4,2,12.35,46,12.4,6,1,2022-05-06 09:00:30
1651827631172647000,12.35,1,12.35,45,12.4,6,2,2022-05-06 09:00:31
1651827631719372000,12.4,1,12.35,45,12.4,5,1,2022-05-06 09:00:31
1651827632051238000,12.35,3,12.35,42,12.4,5,2,2022-05-06 09:00:32
1651827633891567000,12.4,1,12.35,42,12.4,7,1,2022-05-06 09:00:33
1651827634541876000,12.35,4,12.35,38,12.4,8,2,2022-05-06 09:00:34
1651827634660961000,12.35,15,12.35,23,12.4,8,2,2022-05-06 09:00:34
1651827634693981000,12.35,2,12.35,21,12.4,8,2,2022-05-06 09:00:34
1651827634723239000,12.35,2,12.35,19,12.4,8,2,2022-05-06 09:00:34
1651827634759590000,12.35,1,12.35,18,12.4,8,2,2022-05-06 09:00:34
1651827634766279000,12.35,2,12.35,16,12.4,8,2,2022-05-06 09:00:34
1651827634792812000,12.35,3,12.35,13,12.4,8,2,2022-05-06 09:00:34
1651827634798385000,12.35,2,12.35,11,12.4,8,2,2022-05-06 09:00:34
1651827635101824000,12.4,1,12.35,11,12.4,7,1,2022-05-06 09:00:35
1651827635321281000,12.35,11,12.3,5,12.4,7,2,2022-05-06 09:00:35
1651827636259851000,12.35,1,12.3,7,12.35,11,1,2022-05-06 09:00:36
1651827638140846000,12.3,1,12.3,6,12.35,16,2,2022-05-06 09:00:38
1651827638515915000,12.3,1,12.3,5,12.35,16,2,2022-05-06 09:00:38
1651827640199079000,12.3,1,12.3,4,12.35,16,2,2022-05-06 09:00:40
1651827640411321000,12.3,1,12.3,3,12.35,16,2,2022-05-06 09:00:40
1651827641504559000,12.3,1,12.3,2,12.35,16,2,2022-05-06 09:00:41
1651827641691069000,12.3,1,12.3,1,12.35,16,2,2022-05-06 09:00:41
1651827642176054000,12.3,1,12.25,60,12.35,17,2,2022-05-06 09:00:42
1651827642552134000,12.35,1,12.25,60,12.35,16,1,2022-05-06 09:00:42
1651827642675576000,12.3,1,12.25,60,12.35,16,1,2022-05-06 09:00:42
1651827643633217000,12.25,1,12.25,59,12.35,16,2,2022-05-06 09:00:43
1651827645112276000,12.35,1,12.3,1,12.35,15,1,2022-05-06 09:00:45
1651827645595655000,12.35,15,12.3,1,12.4,12,1,2022-05-06 09:00:45
1651827645625714000,12.3,3,12.25,59,12.4,12,2,2022-05-06 09:00:45
1651827646347657000,12.25,1,12.25,59,12.35,3,2,2022-05-06 09:00:46
1651827646672619000,12.25,3,12.25,56,12.35,3,2,2022-05-06 09:00:46
1651827646837040000,12.25,1,12.25,55,12.35,3,2,2022-05-06 09:00:46
1651827646961102000,12.3,1,12.25,55,12.35,3,1,2022-05-06 09:00:46
1651827647072290000,12.35,1,12.25,55,12.35,2,1,2022-05-06 09:00:47
1651827647094484000,12.25,55,12.2,1,12.35,2,2,2022-05-06 09:00:47
1651827647094484000,12.2,55,12.2,1,12.35,2,2,2022-05-06 09:00:47
1651827647271883000,12.2,1,12.15,22,12.3,1,2,2022-05-06 09:00:47
1651827647271883000,12.15,4,12.15,22,12.3,1,2,2022-05-06 09:00:47
1651827647273201000,12.15,22,12.1,36,12.3,1,2,2022-05-06 09:00:47
1651827647273201000,12.1,17,12.1,36,12.3,1,2,2022-05-06 09:00:47
1651827648470778000,12.3,1,12.1,36,12.35,2,1,2022-05-06 09:00:48
1651827648746782000,12.25,1,12.1,32,12.35,2,2,2022-05-06 09:00:48
1651827648746782000,12.15,1,12.1,32,12.35,2,2,2022-05-06 09:00:48
1651827648746782000,12.1,4,12.1,32,12.35,2,2,2022-05-06 09:00:48
1651827649661926000,12.3,3,12.3,3,12.35,2,2,2022-05-06 09:00:49
1651827649694751000,12.3,3,12.25,1,12.35,2,2,2022-05-06 09:00:49
1651827650054920000,12.25,1,12.1,32,12.35,2,2,2022-05-06 09:00:50
1651827650054920000,12.15,1,12.1,32,12.35,2,2,2022-05-06 09:00:50
1651827650631083000,12.3,2,12.25,1,12.4,6,1,2022-05-06 09:00:50
1651827650631083000,12.35,3,12.25,1,12.4,6,1,2022-05-06 09:00:50
1651827650631083000,12.4,6,12.25,1,12.4,6,1,2022-05-06 09:00:50
1651827650858722000,12.35,1,12.25,3,12.4,6,2,2022-05-06 09:00:50
1651827651474161000,12.25,1,12.25,2,12.4,6,2,2022-05-06 09:00:51
1651827651981713000,12.3,2,12.25,2,12.4,6,1,2022-05-06 09:00:51
1651827652717947000,12.25,1,12.25,1,12.3,11,2,2022-05-06 09:00:52
1651827652779696000,12.25,1,12.1,32,12.3,11,2,2022-05-06 09:00:52
1651827654393802000,12.3,1,12.2,1,12.3,10,1,2022-05-06 09:00:54
1651827655396564000,12.3,1,12.2,1,12.3,9,1,2022-05-06 09:00:55
1651827656852277000,12.2,1,12.15,2,12.3,11,2,2022-05-06 09:00:56
1651827656893962000,12.15,2,12.1,37,12.25,9,2,2022-05-06 09:00:56
1651827657183281000,12.25,1,12.1,37,12.25,8,1,2022-05-06 09:00:57
1651827657618441000,12.2,1,12.15,6,12.2,7,1,2022-05-06 09:00:57
1651827657650549000,12.2,7,12.15,6,12.25,8,1,2022-05-06 09:00:57
1651827659391176000,12.15,2,12.1,29,12.25,6,2,2022-05-06 09:00:59
1651827659391176000,12.1,3,12.1,29,12.25,6,2,2022-05-06 09:00:59
1651827660520153000,12.15,1,12.1,26,12.25,6,2,2022-05-06 09:01:00
1651827660520153000,12.1,7,12.1,26,12.25,6,2,2022-05-06 09:01:00
1651827660627996000,12.15,2,12.15,1,12.2,14,2,2022-05-06 09:01:00
1651827660657202000,12.15,1,12.1,26,12.2,5,2,2022-05-06 09:01:00
1651827661078789000,12.1,3,12.1,23,12.2,14,2,2022-05-06 09:01:01
1651827661213929000,12.2,4,12.1,23,12.2,10,1,2022-05-06 09:01:01
1651827663951129000,12.2,6,12.15,52,12.25,12,1,2022-05-06 09:01:03
1651827664523618000,12.2,1,12.2,9,12.25,12,2,2022-05-06 09:01:04
1651827665001966000,12.25,7,12.2,9,12.3,27,1,2022-05-06 09:01:05
1651827665817172000,12.2,9,12.15,32,12.3,27,2,2022-05-06 09:01:05
1651827667678296000,12.25,1,12.25,19,12.3,27,2,2022-05-06 09:01:07
1651827667706289000,12.3,1,12.25,19,12.3,26,1,2022-05-06 09:01:07
1651827668021000000,12.25,1,12.25,18,12.3,26,2,2022-05-06 09:01:08
1651827669441565000,12.3,2,12.25,18,12.3,24,1,2022-05-06 09:01:09
1651827669672830000,12.25,5,12.25,13,12.3,29,2,2022-05-06 09:01:09
1651827669678138000,12.25,3,12.25,10,12.3,29,2,2022-05-06 09:01:09
1651827670230179000,12.25,1,12.25,9,12.3,29,2,2022-05-06 09:01:10
1651827670952523000,12.3,4,12.25,28,12.3,25,1,2022-05-06 09:01:10
1651827671181174000,12.3,20,12.25,33,12.3,5,1,2022-05-06 09:01:11
1651827671270425000,12.3,5,12.25,33,12.35,54,1,2022-05-06 09:01:11
1651827672927944000,12.3,1,12.25,41,12.35,54,1,2022-05-06 09:01:12
1651827673230640000,12.3,6,12.3,11,12.35,54,2,2022-05-06 09:01:13
1651827673859992000,12.35,2,12.3,26,12.35,52,1,2022-05-06 09:01:13
1651827673928977000,12.3,1,12.3,25,12.35,52,2,2022-05-06 09:01:13
1651827674681020000,12.3,1,12.3,46,12.35,52,2,2022-05-06 09:01:14
1651827675228139000,12.3,23,12.3,29,12.35,52,2,2022-05-06 09:01:15
1651827675269026000,12.3,29,12.25,13,12.35,52,2,2022-05-06 09:01:15
1651827676974977000,12.3,1,12.3,7,12.35,52,2,2022-05-06 09:01:16
1651827678393479000,12.3,3,12.3,4,12.35,52,2,2022-05-06 09:01:18
1651827679245230000,12.3,4,12.25,13,12.35,52,2,2022-05-06 09:01:19
1651827679245230000,12.25,6,12.25,13,12.35,52,2,2022-05-06 09:01:19
1651827680485474000,12.3,1,12.25,14,12.35,62,1,2022-05-06 09:01:20
1651827683310183000,12.3,2,12.25,18,12.35,62,1,2022-05-06 09:01:23
1651827684439648000,12.3,1,12.25,19,12.35,62,2,2022-05-06 09:01:24
1651827684638762000,12.25,2,12.25,17,12.35,62,2,2022-05-06 09:01:24
1651827685378305000,12.3,1,12.25,17,12.3,2,1,2022-05-06 09:01:25
1651827686146243000,12.3,1,12.25,24,12.3,1,1,2022-05-06 09:01:26
1651827686722159000,12.3,1,12.3,9,12.35,62,1,2022-05-06 09:01:26
1651827686764739000,12.3,9,12.25,24,12.35,62,2,2022-05-06 09:01:26
1651827690856579000,12.3,8,12.3,3,12.35,62,2,2022-05-06 09:01:30
1651827690893671000,12.3,2,12.3,1,12.35,62,2,2022-05-06 09:01:30
1651827691007763000,12.3,1,12.25,26,12.35,62,2,2022-05-06 09:01:31
1651827692457252000,12.35,1,12.3,16,12.35,61,1,2022-05-06 09:01:32
1651827692490028000,12.35,61,12.3,16,12.4,12,1,2022-05-06 09:01:32
1651827693101507000,12.3,2,12.3,14,12.4,12,2,2022-05-06 09:01:33
1651827694532101000,12.35,1,12.35,10,12.4,12,2,2022-05-06 09:01:34
1651827694691933000,12.4,1,12.35,10,12.4,11,1,2022-05-06 09:01:34
1651827696280735000,12.4,2,12.35,11,12.4,9,1,2022-05-06 09:01:36
1651827696885843000,12.4,1,12.35,15,12.4,8,1,2022-05-06 09:01:36
1651827696910610000,12.4,1,12.35,15,12.4,7,1,2022-05-06 09:01:36
1651827698611027000,12.35,1,12.35,15,12.4,7,2,2022-05-06 09:01:38
1651827698879055000,12.4,7,12.35,15,12.45,5,1,2022-05-06 09:01:38
1651827699634791000,12.35,10,12.35,5,12.45,5,2,2022-05-06 09:01:39
1651827699672556000,12.35,5,12.3,17,12.45,5,2,2022-05-06 09:01:39
1651827699985662000,12.4,1,12.3,17,12.4,2,1,2022-05-06 09:01:39
1651827701203550000,12.4,2,12.35,1,12.45,3,1,2022-05-06 09:01:41
1651827701203550000,12.45,2,12.35,1,12.45,3,1,2022-05-06 09:01:41
1651827701555768000,12.4,5,12.35,10,12.45,3,2,2022-05-06 09:01:41
1651827703566942000,12.45,1,12.4,11,12.45,2,1,2022-05-06 09:01:43
1651827703914035000,12.45,2,12.4,11,12.5,24,1,2022-05-06 09:01:43
1651827703914035000,12.5,1,12.4,11,12.5,24,1,2022-05-06 09:01:43
1651827705077826000,12.45,5,12.45,15,12.5,24,2,2022-05-06 09:01:45
1651827705116568000,12.45,15,12.4,10,12.5,24,2,2022-05-06 09:01:45
1651827705251768000,12.5,5,12.4,10,12.5,19,1,2022-05-06 09:01:45
1651827705942298000,12.5,2,12.4,11,12.5,15,1,2022-05-06 09:01:45
1651827706097199000,12.5,1,12.4,11,12.5,12,1,2022-05-06 09:01:46
1651827707718821000,12.4,11,12.35,1,12.45,1,2,2022-05-06 09:01:47
1651827708338587000,12.45,1,12.4,1,12.5,15,1,2022-05-06 09:01:48
1651827708502126000,12.5,3,12.4,1,12.5,12,1,2022-05-06 09:01:48
1651827710963770000,12.45,2,12.4,5,12.45,4,1,2022-05-06 09:01:50
1651827712835635000,12.45,1,12.4,5,12.45,6,1,2022-05-06 09:01:52
1651827713335176000,12.45,6,12.4,5,12.5,8,1,2022-05-06 09:01:53
1651827713335176000,12.5,4,12.4,5,12.5,8,1,2022-05-06 09:01:53
1651827715781814000,12.45,6,12.4,5,12.5,8,2,2022-05-06 09:01:55
1651827716264872000,12.5,1,12.4,7,12.5,7,1,2022-05-06 09:01:56
1651827716549469000,12.5,1,12.4,16,12.5,6,1,2022-05-06 09:01:56
1651827716569210000,12.4,1,12.4,15,12.5,6,2,2022-05-06 09:01:56
1651827716580382000,12.5,2,12.4,15,12.5,4,1,2022-05-06 09:01:56
1651827716886542000,12.45,1,12.45,2,12.5,5,2,2022-05-06 09:01:56
1651827716914648000,12.45,2,12.4,12,12.5,5,2,2022-05-06 09:01:56
1651827716963394000,12.5,8,12.4,3,12.5,6,1,2022-05-06 09:01:56
1651827718946773000,12.5,4,12.45,1,12.5,9,1,2022-05-06 09:01:58
1651827721277811000,12.5,1,12.45,11,12.5,16,1,2022-05-06 09:02:01
1651827722054703000,12.45,11,12.3,26,12.5,29,2,2022-05-06 09:02:02
1651827722054703000,12.4,4,12.3,26,12.5,29,2,2022-05-06 09:02:02
1651827722054703000,12.35,7,12.3,26,12.5,29,2,2022-05-06 09:02:02
1651827722054703000,12.3,3,12.3,26,12.5,29,2,2022-05-06 09:02:02
1651827722730989000,12.4,1,12.3,30,12.45,3,2,2022-05-06 09:02:02
1651827722825033000,12.3,2,12.3,28,12.4,6,2,2022-05-06 09:02:02
1651827723142918000,12.4,2,12.3,28,12.4,4,1,2022-05-06 09:02:03
1651827723295190000,12.4,1,12.3,28,12.4,3,1,2022-05-06 09:02:03
1651827723822288000,12.4,2,12.3,28,12.4,1,1,2022-05-06 09:02:03
1651827724160731000,12.4,1,12.3,28,12.5,28,1,2022-05-06 09:02:04
1651827724160731000,12.45,5,12.3,28,12.5,28,1,2022-05-06 09:02:04
1651827724160731000,12.5,2,12.3,28,12.5,28,1,2022-05-06 09:02:04
1651827725038123000,12.4,1,12.35,7,12.5,30,2,2022-05-06 09:02:05
1651827725038123000,12.35,2,12.35,7,12.5,30,2,2022-05-06 09:02:05
1651827725863164000,12.35,7,12.3,28,12.45,2,2,2022-05-06 09:02:05
1651827726584766000,12.45,3,12.3,28,12.45,6,1,2022-05-06 09:02:06
1651827727514524000,12.45,1,12.3,28,12.45,6,1,2022-05-06 09:02:07
1651827729884547000,12.45,1,12.35,4,12.45,7,1,2022-05-06 09:02:09
1651827730371107000,12.45,7,12.35,4,12.5,25,1,2022-05-06 09:02:10
1651827730371107000,12.5,5,12.35,4,12.5,25,1,2022-05-06 09:02:10
1651827733344601000,12.5,5,12.35,9,12.5,21,1,2022-05-06 09:02:13
1651827735235972000,12.5,2,12.4,14,12.5,20,1,2022-05-06 09:02:15
1651827735274134000,12.4,14,12.35,13,12.5,20,2,2022-05-06 09:02:15
1651827736992378000,12.45,9,12.35,33,12.5,19,1,2022-05-06 09:02:16
1651827736992378000,12.5,1,12.35,33,12.5,19,1,2022-05-06 09:02:16
1651827741529657000,12.5,1,12.35,35,12.5,33,1,2022-05-06 09:02:21
1651827742817861000,12.5,2,12.45,3,12.5,31,1,2022-05-06 09:02:22
1651827744596949000,12.5,3,12.45,3,12.5,31,1,2022-05-06 09:02:24
1651827745124717000,12.5,5,12.45,3,12.5,26,1,2022-05-06 09:02:25
1651827745685413000,12.45,3,12.4,12,12.5,26,2,2022-05-06 09:02:25
1651827745949434000,12.5,2,12.4,12,12.5,24,1,2022-05-06 09:02:25
1651827747498739000,12.4,1,12.35,31,12.4,1,2,2022-05-06 09:02:27
1651827747531031000,12.4,1,12.35,31,12.5,24,1,2022-05-06 09:02:27
1651827747631403000,12.5,2,12.4,9,12.5,22,1,2022-05-06 09:02:27
1651827747709756000,12.5,1,12.4,9,12.5,21,1,2022-05-06 09:02:27
1651827751078263000,12.5,24,12.5,6,12.55,49,1,2022-05-06 09:02:31
1651827751122682000,12.5,6,12.4,2,12.55,49,2,2022-05-06 09:02:31
1651827751635897000,12.55,3,12.4,2,12.55,46,1,2022-05-06 09:02:31
1651827752175129000,12.4,11,12.25,15,12.3,1,2,2022-05-06 09:02:32
1651827752175129000,12.35,32,12.25,15,12.3,1,2,2022-05-06 09:02:32
1651827752175129000,12.3,37,12.25,15,12.3,1,2,2022-05-06 09:02:32
1651827752201946000,12.3,1,12.25,15,12.55,46,1,2022-05-06 09:02:32
1651827752844442000,12.4,2,12.3,5,12.5,9,2,2022-05-06 09:02:32
1651827753187705000,12.4,1,12.25,15,12.3,2,2,2022-05-06 09:02:33
1651827753187705000,12.3,5,12.25,15,12.3,2,2,2022-05-06 09:02:33
1651827753225478000,12.3,2,12.25,15,12.3,40,1,2022-05-06 09:02:33
1651827753330552000,12.3,1,12.25,15,12.3,39,1,2022-05-06 09:02:33
1651827753366501000,12.3,24,12.25,15,12.3,15,1,2022-05-06 09:02:33
1651827753740604000,12.3,1,12.25,19,12.3,14,1,2022-05-06 09:02:33
1651827753777570000,12.3,14,12.25,19,12.5,9,1,2022-05-06 09:02:33
1651827754330209000,12.5,1,12.3,3,12.5,8,1,2022-05-06 09:02:34
1651827754662763000,12.3,1,12.3,2,12.45,6,2,2022-05-06 09:02:34
1651827755366178000,12.3,2,12.1,23,12.4,1,2,2022-05-06 09:02:35
1651827755366178000,12.25,15,12.1,23,12.4,1,2,2022-05-06 09:02:35
1651827755366178000,12.2,19,12.1,23,12.4,1,2,2022-05-06 09:02:35
1651827755366178000,12.15,40,12.1,23,12.4,1,2,2022-05-06 09:02:35
1651827755366178000,12.1,24,12.1,23,12.4,1,2,2022-05-06 09:02:35
1651827755503119000,12.3,1,12.1,23,12.4,1,1,2022-05-06 09:02:35
1651827756153190000,12.4,1,12.25,1,12.5,33,1,2022-05-06 09:02:36
1651827759053705000,12.3,2,12.25,2,12.45,1,2,2022-05-06 09:02:39
1651827760474221000,12.45,1,12.3,4,12.5,35,1,2022-05-06 09:02:40
1651827761137223000,12.5,1,12.3,4,12.5,35,1,2022-05-06 09:02:41
1651827761578978000,12.45,1,12.3,4,12.45,1,1,2022-05-06 09:02:41
1651827764053168000,12.3,6,12.25,4,12.45,8,2,2022-05-06 09:02:44
1651827764053168000,12.25,1,12.25,4,12.45,8,2,2022-05-06 09:02:44
1651827766205600000,12.25,4,12.2,4,12.45,10,2,2022-05-06 09:02:46
1651827766205600000,12.2,7,12.2,4,12.45,10,2,2022-05-06 09:02:46
1651827766607766000,12.2,3,12.2,1,12.45,10,2,2022-05-06 09:02:46
1651827766993225000,12.25,4,12.2,3,12.4,1,2,2022-05-06 09:02:46
1651827771022069000,12.3,3,12.0,65,12.4,1,2,2022-05-06 09:02:51
1651827771022069000,12.2,4,12.0,65,12.4,1,2,2022-05-06 09:02:51
1651827771022069000,12.15,3,12.0,65,12.4,1,2,2022-05-06 09:02:51
1651827771022069000,12.1,23,12.0,65,12.4,1,2,2022-05-06 09:02:51
1651827771022069000,12.05,50,12.0,65,12.4,1,2,2022-05-06 09:02:51
1651827771022069000,12.0,17,12.0,65,12.4,1,2,2022-05-06 09:02:51
1651827771150770000,12.0,1,12.0,67,12.4,1,2,2022-05-06 09:02:51
1651827771151162000,12.4,1,12.0,67,12.45,9,1,2022-05-06 09:02:51
1651827771151162000,12.45,1,12.0,67,12.45,9,1,2022-05-06 09:02:51
1651827775107584000,12.35,23,12.0,3,12.4,2,2,2022-05-06 09:02:55
1651827775107584000,12.3,16,12.0,3,12.4,2,2,2022-05-06 09:02:55
1651827775107584000,12.0,61,12.0,3,12.4,2,2,2022-05-06 09:02:55
1651827780528836000,12.15,2,12.15,4,12.4,22,2,2022-05-06 09:03:00
1651827781053630000,12.15,1,12.15,3,12.4,22,2,2022-05-06 09:03:01
1651827781137121000,12.15,1,12.15,2,12.4,22,2,2022-05-06 09:03:01
1651827782014682000,12.2,1,12.2,22,12.4,22,2,2022-05-06 09:03:02
1651827782064645000,12.2,22,12.15,2,12.35,7,2,2022-05-06 09:03:02
1651827782304214000,12.25,5,12.25,12,12.35,7,2,2022-05-06 09:03:02
1651827784381386000,12.25,4,12.25,12,12.35,5,2,2022-05-06 09:03:04
1651827785402295000,12.25,15,12.2,1,12.35,6,2,2022-05-06 09:03:05
1651827785719321000,12.2,1,12.2,13,12.35,1,2,2022-05-06 09:03:05
1651827789165601000,12.2,1,12.2,12,12.3,3,2,2022-05-06 09:03:09
1651827789467178000,12.2,5,12.2,7,12.3,3,2,2022-05-06 09:03:09
1651827790291742000,12.25,1,12.25,3,12.3,3,1,2022-05-06 09:03:10
1651827792016205000,12.3,3,12.25,3,12.35,4,1,2022-05-06 09:03:12
1651827792276996000,12.25,1,12.25,10,12.35,4,2,2022-05-06 09:03:12
1651827794758129000,12.25,11,12.2,15,12.35,6,2,2022-05-06 09:03:14
1651827794758129000,12.2,4,12.2,15,12.35,6,2,2022-05-06 09:03:14
1651827795084046000,12.25,2,12.2,15,12.35,6,2,2022-05-06 09:03:15
1651827801661195000,12.3,1,12.3,2,12.35,8,2,2022-05-06 09:03:21
1651827802714022000,12.35,2,12.3,2,12.35,6,1,2022-05-06 09:03:22
1651827803494898000,12.3,2,12.25,13,12.35,6,2,2022-05-06 09:03:23
1651827803494898000,12.25,4,12.25,13,12.35,6,2,2022-05-06 09:03:23
1651827805932541000,12.3,1,12.3,3,12.35,6,1,2022-05-06 09:03:25
1651827807780246000,12.3,1,12.3,3,12.35,6,2,2022-05-06 09:03:27
1651827808341564000,12.3,12,12.3,1,12.35,6,2,2022-05-06 09:03:28
1651827808374636000,12.3,1,12.25,2,12.35,6,2,2022-05-06 09:03:28
1651827808924394000,12.3,1,12.25,2,12.35,7,2,2022-05-06 09:03:28
1651827810567725000,12.3,1,12.25,2,12.3,1,1,2022-05-06 09:03:30
1651827810601852000,12.3,1,12.25,2,12.35,7,1,2022-05-06 09:03:30
1651827813007486000,12.3,3,12.25,8,12.3,2,2,2022-05-06 09:03:33
1651827815785168000,12.3,5,12.25,9,12.3,7,1,2022-05-06 09:03:35
1651827815899965000,12.3,1,12.25,9,12.3,6,1,2022-05-06 09:03:35
1651827817652913000,12.3,3,12.25,10,12.3,19,1,2022-05-06 09:03:37
1651827819457408000,12.3,1,12.25,11,12.3,18,1,2022-05-06 09:03:39
1651827821373623000,12.25,1,12.25,12,12.3,18,2,2022-05-06 09:03:41
1651827822173492000,12.3,1,12.25,12,12.3,17,1,2022-05-06 09:03:42
1651827822727642000,12.3,1,12.25,12,12.3,16,1,2022-05-06 09:03:42
1651827826360852000,12.25,1,12.25,14,12.3,17,2,2022-05-06 09:03:46
1651827834906936000,12.25,3,12.25,12,12.3,17,2,2022-05-06 09:03:54
1651827840551403000,12.25,2,12.25,13,12.3,17,2,2022-05-06 09:04:00
1651827840856455000,12.25,1,12.25,12,12.3,17,2,2022-05-06 09:04:00
1651827844547821000,12.25,1,12.25,12,12.3,17,2,2022-05-06 09:04:04
1651827848228460000,12.3,2,12.25,12,12.3,15,1,2022-05-06 09:04:08
1651827848255629000,12.3,15,12.25,12,12.35,6,1,2022-05-06 09:04:08
1651827849306274000,12.25,10,12.25,5,12.35,6,2,2022-05-06 09:04:09
1651827852019600000,12.35,1,12.25,9,12.35,5,1,2022-05-06 09:04:12
1651827853791405000,12.25,1,12.25,8,12.35,5,2,2022-05-06 09:04:13
1651827855266956000,12.3,3,12.3,6,12.35,5,2,2022-05-06 09:04:15
1651827858558731000,12.35,3,12.3,6,12.35,2,1,2022-05-06 09:04:18
1651827858575673000,12.35,2,12.3,6,12.4,19,1,2022-05-06 09:04:18
1651827859934894000,12.3,2,12.3,4,12.4,19,2,2022-05-06 09:04:19
1651827860716582000,12.35,2,12.35,26,12.4,19,2,2022-05-06 09:04:20
1651827867007199000,12.35,3,12.35,26,12.4,20,2,2022-05-06 09:04:27
1651827867510719000,12.4,1,12.35,26,12.4,19,1,2022-05-06 09:04:27
1651827868862923000,12.4,19,12.35,26,12.45,31,1,2022-05-06 09:04:28
1651827871122505000,12.4,2,12.35,23,12.45,31,2,2022-05-06 09:04:31
1651827871378939000,12.45,2,12.35,23,12.45,29,1,2022-05-06 09:04:31
1651827873013421000,12.45,1,12.35,23,12.45,28,1,2022-05-06 09:04:33
1651827873404586000,12.4,2,12.35,23,12.4,4,2,2022-05-06 09:04:33
1651827874256622000,12.4,1,12.35,25,12.4,3,1,2022-05-06 09:04:34
1651827874790385000,12.4,1,12.35,25,12.4,2,1,2022-05-06 09:04:34
1651827875252780000,12.4,1,12.35,25,12.4,1,1,2022-05-06 09:04:35
1651827875614912000,12.35,8,12.35,17,12.4,1,2,2022-05-06 09:04:35
1651827875677706000,12.4,1,12.35,17,12.45,24,1,2022-05-06 09:04:35
1651827875677706000,12.45,4,12.35,17,12.45,24,1,2022-05-06 09:04:35
1651827877931882000,12.35,1,12.35,16,12.4,1,2,2022-05-06 09:04:37
1651827881114827000,12.4,1,12.4,1,12.45,25,1,2022-05-06 09:04:41
1651827881154438000,12.4,1,12.35,16,12.45,25,2,2022-05-06 09:04:41
1651827884130723000,12.45,6,12.4,18,12.45,20,1,2022-05-06 09:04:44
1651827887537489000,12.45,2,12.4,18,12.45,18,1,2022-05-06 09:04:47
1651827888365240000,12.4,5,12.4,13,12.45,18,2,2022-05-06 09:04:48
1651827890247414000,12.45,1,12.4,13,12.45,17,1,2022-05-06 09:04:50
1651827893301610000,12.4,5,12.4,11,12.45,17,2,2022-05-06 09:04:53
1651827893497016000,12.4,1,12.4,10,12.45,17,2,2022-05-06 09:04:53
1651827898440885000,12.45,1,12.4,10,12.45,20,1,2022-05-06 09:04:58
1651827898697493000,12.4,1,12.4,9,12.45,20,2,2022-05-06 09:04:58
1651827900349324000,12.4,2,12.4,7,12.45,20,2,2022-05-06 09:05:00
1651827900862468000,12.4,1,12.4,6,12.45,20,2,2022-05-06 09:05:00
1651827900900220000,12.4,6,12.35,19,12.45,20,2,2022-05-06 09:05:00
1651827903344771000,12.45,4,12.4,1,12.45,19,1,2022-05-06 09:05:03
1651827906131210000,12.4,1,12.35,25,12.45,19,2,2022-05-06 09:05:06
1651827913954839000,12.4,1,12.35,25,12.4,2,1,2022-05-06 09:05:13
1651827918548348000,12.4,1,12.35,25,12.4,8,1,2022-05-06 09:05:18
1651827920087428000,12.35,3,12.35,22,12.4,8,2,2022-05-06 09:05:20
1651827922507119000,12.4,3,12.35,22,12.4,5,1,2022-05-06 09:05:22
1651827924416260000,12.4,4,12.35,21,12.4,1,1,2022-05-06 09:05:24
1651827928013552000,12.4,1,12.35,21,12.4,3,1,2022-05-06 09:05:28
1651827929618600000,12.4,1,12.35,21,12.4,2,1,2022-05-06 09:05:29
1651827933025456000,12.4,2,12.35,21,12.45,18,1,2022-05-06 09:05:33
1651827933025456000,12.45,1,12.35,21,12.45,18,1,2022-05-06 09:05:33
1651827941236252000,12.45,1,12.4,7,12.45,18,1,2022-05-06 09:05:41
1651827942279671000,12.4,5,12.4,2,12.45,18,2,2022-05-06 09:05:42
1651827942308369000,12.4,2,12.35,13,12.45,18,2,2022-05-06 09:05:42
1651827942927018000,12.45,1,12.35,15,12.45,17,1,2022-05-06 09:05:42
1651827945791752000,12.35,15,12.3,18,12.4,50,2,2022-05-06 09:05:45
1651827950820635000,12.35,2,12.3,21,12.35,19,2,2022-05-06 09:05:50
1651827952447220000,12.35,3,12.3,29,12.35,16,1,2022-05-06 09:05:52
1651827955114333000,12.3,2,12.3,27,12.35,17,2,2022-05-06 09:05:55
1651827957179009000,12.3,31,12.25,2,12.35,17,2,2022-05-06 09:05:57
1651827957179009000,12.25,19,12.25,2,12.35,17,2,2022-05-06 09:05:57
1651827958833408000,12.35,11,12.25,2,12.35,6,1,2022-05-06 09:05:58
1651827958866019000,12.35,2,12.25,2,12.35,4,1,2022-05-06 09:05:58
1651827958901321000,12.35,4,12.25,2,12.4,21,1,2022-05-06 09:05:58
1651827960871832000,12.3,3,12.25,1,12.35,2,2,2022-05-06 09:06:00
1651827960871832000,12.25,2,12.25,1,12.35,2,2,2022-05-06 09:06:00
1651827961495118000,12.35,3,12.3,50,12.4,21,1,2022-05-06 09:06:01
1651827961965081000,12.3,1,12.3,49,12.4,21,2,2022-05-06 09:06:01
1651827965806166000,12.4,1,12.4,48,12.45,18,2,2022-05-06 09:06:05
1651827965843632000,12.45,18,12.4,48,12.5,63,1,2022-05-06 09:06:05
1651827966802535000,12.4,1,12.4,47,12.45,10,2,2022-05-06 09:06:06
1651827967283825000,12.45,1,12.4,47,12.45,9,1,2022-05-06 09:06:07
1651827967378795000,12.45,6,12.4,47,12.45,3,1,2022-05-06 09:06:07
1651827968202694000,12.45,2,12.4,51,12.45,1,1,2022-05-06 09:06:08
1651827972416911000,12.4,5,12.4,46,12.45,14,2,2022-05-06 09:06:12
1651827972889344000,12.45,10,12.4,46,12.45,4,1,2022-05-06 09:06:12
1651827972926765000,12.45,4,12.4,46,12.5,63,1,2022-05-06 09:06:12
1651827974900147000,12.45,1,12.4,42,12.45,9,2,2022-05-06 09:06:14
1651827974909121000,12.45,1,12.4,42,12.45,8,1,2022-05-06 09:06:14
1651827975599909000,12.45,10,12.4,42,12.5,63,1,2022-05-06 09:06:15
1651827975775351000,12.5,1,12.4,43,12.5,62,1,2022-05-06 09:06:15
1651827979179752000,12.45,1,12.45,5,12.5,62,2,2022-05-06 09:06:19
1651827980717094000,12.5,1,12.45,7,12.5,60,1,2022-05-06 09:06:20
1651827981775401000,12.5,5,12.45,7,12.5,55,1,2022-05-06 09:06:21
1651827981803544000,12.45,2,12.45,5,12.5,55,2,2022-05-06 09:06:21
1651827984473847000,12.45,1,12.45,4,12.5,55,2,2022-05-06 09:06:24
1651827984674431000,12.45,4,12.4,42,12.5,55,2,2022-05-06 09:06:24
1651827984674431000,12.4,1,12.4,42,12.5,55,2,2022-05-06 09:06:24
1651827988004908000,12.45,3,12.45,3,12.5,60,2,2022-05-06 09:06:28
1651827989146534000,12.45,4,12.4,42,12.45,6,2,2022-05-06 09:06:29
1651827989182641000,12.45,6,12.4,42,12.5,60,1,2022-05-06 09:06:29
1651828000486747000,12.4,1,12.4,51,12.45,15,2,2022-05-06 09:06:40
1651828002653219000,12.45,3,12.4,51,12.45,15,1,2022-05-06 09:06:42
1651828004199225000,12.45,3,12.4,48,12.45,12,1,2022-05-06 09:06:44
1651828005678177000,12.4,1,12.4,47,12.45,13,2,2022-05-06 09:06:45
1651828006962590000,12.45,1,12.4,47,12.45,12,1,2022-05-06 09:06:46
1651828017496373000,12.45,2,12.4,53,12.45,12,1,2022-05-06 09:06:57
1651828018162312000,12.4,2,12.4,51,12.45,12,2,2022-05-06 09:06:58
1651828024959394000,12.4,2,12.4,50,12.45,14,2,2022-05-06 09:07:04
1651828025391558000,12.45,1,12.4,50,12.45,13,1,2022-05-06 09:07:05
1651828025714046000,12.45,14,12.4,50,12.5,51,1,2022-05-06 09:07:05
1651828025714046000,12.5,6,12.4,50,12.5,51,1,2022-05-06 09:07:05
1651828026832993000,12.45,1,12.45,6,12.5,51,1,2022-05-06 09:07:06
1651828027162916000,12.45,1,12.45,5,12.5,51,2,2022-05-06 09:07:07
1651828033431660000,12.5,2,12.45,9,12.5,49,1,2022-05-06 09:07:13
1651828034170702000,12.5,1,12.45,13,12.5,49,1,2022-05-06 09:07:14
1651828035394737000,12.45,1,12.45,12,12.5,49,2,2022-05-06 09:07:15
1651828035589231000,12.5,1,12.45,12,12.5,48,1,2022-05-06 09:07:15
1651828037790103000,12.5,4,12.45,13,12.5,44,1,2022-05-06 09:07:17
1651828037826869000,12.5,44,12.45,13,12.55,53,1,2022-05-06 09:07:17
1651828037835587000,12.45,13,12.4,30,12.55,53,2,2022-05-06 09:07:17
1651828037835587000,12.4,17,12.4,30,12.55,53,2,2022-05-06 09:07:17
1651828038606757000,12.45,2,12.45,2,12.55,53,2,2022-05-06 09:07:18
1651828045302584000,12.5,1,12.5,20,12.55,53,2,2022-05-06 09:07:25
1651828048609550000,12.5,6,12.5,19,12.55,53,2,2022-05-06 09:07:28
1651828049623476000,12.55,7,12.5,19,12.55,46,1,2022-05-06 09:07:29
1651828049816104000,12.55,30,12.5,19,12.55,16,1,2022-05-06 09:07:29
1651828049819608000,12.55,10,12.5,19,12.55,6,1,2022-05-06 09:07:29
1651828049851917000,12.55,6,12.5,19,12.6,44,1,2022-05-06 09:07:29
1651828053358821000,12.55,1,12.5,19,12.55,11,1,2022-05-06 09:07:33
1651828054910565000,12.55,2,12.5,6,12.55,19,1,2022-05-06 09:07:34
1651828055888060000,12.55,1,12.5,6,12.55,18,1,2022-05-06 09:07:35
1651828055980581000,12.5,1,12.5,5,12.55,18,2,2022-05-06 09:07:35
1651828056180782000,12.5,1,12.5,4,12.55,18,2,2022-05-06 09:07:36
1651828056211099000,12.5,1,12.5,3,12.55,18,2,2022-05-06 09:07:36
1651828056606534000,12.55,1,12.5,3,12.55,17,1,2022-05-06 09:07:36
1651828057249991000,12.55,1,12.5,6,12.55,17,1,2022-05-06 09:07:37
1651828057454369000,12.5,2,12.5,4,12.55,17,2,2022-05-06 09:07:37
1651828062905825000,12.55,5,12.5,18,12.55,21,1,2022-05-06 09:07:42
1651828065077268000,12.55,1,12.5,24,12.55,20,1,2022-05-06 09:07:45
1651828067994115000,12.55,2,12.5,24,12.55,88,1,2022-05-06 09:07:47
1651828068750989000,12.5,24,12.45,6,12.5,16,2,2022-05-06 09:07:48
1651828069473018000,12.5,1,12.45,6,12.5,15,1,2022-05-06 09:07:49
1651828071675868000,12.5,10,12.45,7,12.5,5,1,2022-05-06 09:07:51
1651828072981505000,12.45,10,12.45,2,12.5,6,2,2022-05-06 09:07:52
1651828074278157000,12.5,1,12.45,2,12.5,5,1,2022-05-06 09:07:54
1651828074657517000,12.5,1,12.45,2,12.5,4,1,2022-05-06 09:07:54
1651828076196677000,12.5,1,12.45,2,12.5,1,1,2022-05-06 09:07:56
1651828079119941000,12.5,1,12.45,21,12.55,83,1,2022-05-06 09:07:59
1651828079778734000,12.5,10,12.45,20,12.55,85,2,2022-05-06 09:07:59
1651828081609163000,12.5,1,12.5,4,12.55,85,2,2022-05-06 09:08:01
1651828083693550000,12.5,1,12.5,4,12.55,85,2,2022-05-06 09:08:03
1651828084048495000,12.5,4,12.45,23,12.5,6,2,2022-05-06 09:08:04
1651828084673003000,12.45,1,12.45,24,12.5,6,2,2022-05-06 09:08:04
1651828084709203000,12.5,1,12.45,24,12.5,5,1,2022-05-06 09:08:04
1651828091781399000,12.45,20,12.45,6,12.5,28,2,2022-05-06 09:08:11
1651828091819532000,12.45,6,12.4,33,12.5,28,2,2022-05-06 09:08:11
1651828093276448000,12.4,33,12.35,17,12.45,1,2,2022-05-06 09:08:13
1651828093276448000,12.35,4,12.35,17,12.45,1,2,2022-05-06 09:08:13
1651828093284919000,12.45,1,12.35,17,12.5,28,1,2022-05-06 09:08:13
1651828098189584000,12.45,4,12.35,19,12.45,2,1,2022-05-06 09:08:18
1651828100610049000,12.4,3,12.35,20,12.45,3,1,2022-05-06 09:08:20
1651828101632637000,12.45,1,12.35,20,12.45,2,1,2022-05-06 09:08:21
1651828101725707000,12.35,2,12.35,18,12.45,2,2,2022-05-06 09:08:21
1651828102337424000,12.45,1,12.35,18,12.45,1,1,2022-05-06 09:08:22
1651828103115290000,12.45,1,12.35,18,12.45,10,1,2022-05-06 09:08:23
1651828104879602000,12.35,1,12.35,18,12.45,10,2,2022-05-06 09:08:24
1651828106440656000,12.4,1,12.4,7,12.45,12,2,2022-05-06 09:08:26
1651828106928497000,12.45,3,12.4,7,12.45,9,1,2022-05-06 09:08:26
1651828111837111000,12.4,1,12.4,7,12.45,9,2,2022-05-06 09:08:31
1651828113313346000,12.4,7,12.35,19,12.45,20,2,2022-05-06 09:08:33
1651828114107308000,12.45,14,12.4,1,12.45,6,1,2022-05-06 09:08:34
1651828115152623000,12.45,6,12.45,24,12.5,43,1,2022-05-06 09:08:35
1651828115639042000,12.45,1,12.45,27,12.5,43,2,2022-05-06 09:08:35
1651828117577191000,12.45,1,12.45,26,12.5,43,2,2022-05-06 09:08:37
1651828118026923000,12.45,5,12.45,21,12.5,43,2,2022-05-06 09:08:38
1651828120189467000,12.45,1,12.45,20,12.5,43,2,2022-05-06 09:08:40
1651828121347712000,12.45,1,12.45,26,12.5,43,2,2022-05-06 09:08:41
1651828123791254000,12.45,21,12.45,5,12.5,44,2,2022-05-06 09:08:43
1651828123827781000,12.45,5,12.4,2,12.5,44,2,2022-05-06 09:08:43
1651828126081557000,12.45,1,12.4,14,12.5,46,1,2022-05-06 09:08:46
1651828127851197000,12.45,5,12.4,14,12.45,5,1,2022-05-06 09:08:47
1651828129280336000,12.45,5,12.4,14,12.45,10,1,2022-05-06 09:08:49
1651828132637297000,12.45,2,12.4,15,12.45,12,1,2022-05-06 09:08:52
1651828135605545000,12.45,1,12.4,15,12.45,21,1,2022-05-06 09:08:55
1651828138551439000,12.4,5,12.4,14,12.45,21,2,2022-05-06 09:08:58
1651828143277489000,12.45,3,12.4,14,12.45,19,1,2022-05-06 09:09:03
1651828149626426000,12.4,25,12.35,17,12.45,27,2,2022-05-06 09:09:09
1651828149626426000,12.35,5,12.35,17,12.45,27,2,2022-05-06 09:09:09
1651828150802785000,12.45,1,12.35,18,12.45,27,1,2022-05-06 09:09:10
1651828154218998000,12.4,2,12.35,19,12.45,47,2,2022-05-06 09:09:14
1651828159371100000,12.4,1,12.35,23,12.45,56,2,2022-05-06 09:09:19
1651828163660915000,12.35,22,12.35,2,12.4,8,2,2022-05-06 09:09:23
1651828163698372000,12.35,2,12.3,59,12.4,8,2,2022-05-06 09:09:23
1651828167064844000,12.4,1,12.3,61,12.4,21,1,2022-05-06 09:09:27
1651828171113416000,12.35,3,12.3,59,12.4,24,1,2022-05-06 09:09:31
1651828178306616000,12.4,8,12.35,28,12.4,18,1,2022-05-06 09:09:38
1651828180360532000,12.4,3,12.35,31,12.4,15,1,2022-05-06 09:09:40
1651828182244756000,12.35,1,12.35,30,12.4,35,2,2022-05-06 09:09:42
1651828182733379000,12.4,1,12.35,30,12.4,44,1,2022-05-06 09:09:42
1651828188414955000,12.35,3,12.35,30,12.4,44,2,2022-05-06 09:09:48
1651828200027397000,12.4,1,12.35,30,12.4,44,1,2022-05-06 09:10:00
1651828200305183000,12.35,5,12.35,30,12.4,44,2,2022-05-06 09:10:00
1651828207501759000,12.35,3,12.35,48,12.4,44,2,2022-05-06 09:10:07
1651828209189845000,12.35,1,12.35,49,12.4,44,2,2022-05-06 09:10:09
1651828210778363000,12.35,3,12.35,47,12.4,44,2,2022-05-06 09:10:10
1651828213491108000,12.35,1,12.35,47,12.4,44,2,2022-05-06 09:10:13
1651828218517947000,12.35,3,12.35,47,12.4,44,2,2022-05-06 09:10:18
1651828219873277000,12.4,1,12.35,47,12.4,43,1,2022-05-06 09:10:19
1651828224333261000,12.35,20,12.35,27,12.4,43,2,2022-05-06 09:10:24
1651828224355421000,12.35,27,12.3,54,12.4,43,2,2022-05-06 09:10:24
1651828225628516000,12.4,35,12.3,54,12.4,8,1,2022-05-06 09:10:25
1651828228056991000,12.4,8,12.35,70,12.45,47,1,2022-05-06 09:10:28
1651828232878449000,12.45,34,12.4,23,12.45,13,1,2022-05-06 09:10:32
1651828232893914000,12.45,13,12.4,23,12.5,59,1,2022-05-06 09:10:32
1651828237562206000,12.45,1,12.45,32,12.5,59,2,2022-05-06 09:10:37
1651828238825683000,12.45,1,12.45,31,12.5,59,2,2022-05-06 09:10:38
1651828240577904000,12.45,1,12.45,31,12.5,59,2,2022-05-06 09:10:40
1651828241467613000,12.45,2,12.45,29,12.5,59,2,2022-05-06 09:10:41
1651828253889190000,12.45,1,12.45,33,12.5,60,2,2022-05-06 09:10:53
1651828255250100000,12.5,20,12.45,33,12.5,40,1,2022-05-06 09:10:55
1651828255278120000,12.5,40,12.45,33,12.55,93,1,2022-05-06 09:10:55
1651828256314562000,12.5,1,12.45,35,12.55,93,1,2022-05-06 09:10:56
1651828258454636000,12.5,2,12.5,9,12.55,93,2,2022-05-06 09:10:58
1651828261490110000,12.5,1,12.5,8,12.55,93,2,2022-05-06 09:11:01
1651828261982466000,12.5,7,12.5,1,12.55,95,2,2022-05-06 09:11:01
1651828262023351000,12.5,1,12.45,37,12.55,95,2,2022-05-06 09:11:02
1651828267574437000,12.5,5,12.5,11,12.55,95,2,2022-05-06 09:11:07
1651828267984063000,12.5,1,12.5,10,12.55,95,2,2022-05-06 09:11:07
1651828268661154000,12.5,4,12.5,6,12.55,95,2,2022-05-06 09:11:08
1651828271293012000,12.5,1,12.5,6,12.55,95,2,2022-05-06 09:11:11
1651828271524764000,12.55,1,12.5,6,12.55,94,1,2022-05-06 09:11:11
1651828271641031000,12.55,10,12.5,6,12.55,82,1,2022-05-06 09:11:11
1651828271734251000,12.55,30,12.5,6,12.55,52,1,2022-05-06 09:11:11
1651828271905694000,12.55,52,12.5,34,12.6,23,1,2022-05-06 09:11:11
1651828272379290000,12.6,1,12.5,37,12.6,22,1,2022-05-06 09:11:12
1651828272381267000,12.6,20,12.5,37,12.6,2,1,2022-05-06 09:11:12
1651828272554367000,12.6,1,12.5,37,12.6,1,1,2022-05-06 09:11:12
1651828272592138000,12.6,1,12.5,37,12.65,15,1,2022-05-06 09:11:12
1651828272659025000,12.65,5,12.55,1,12.65,10,1,2022-05-06 09:11:12
1651828274250213000,12.65,1,12.6,34,12.65,9,1,2022-05-06 09:11:14
1651828274682572000,12.65,4,12.6,34,12.65,5,1,2022-05-06 09:11:14
1651828277005507000,12.65,2,12.6,34,12.65,2,1,2022-05-06 09:11:17
1651828277410523000,12.65,2,12.65,3,12.7,27,1,2022-05-06 09:11:17
1651828277441954000,12.65,3,12.6,34,12.7,27,2,2022-05-06 09:11:17
1651828281153110000,12.7,5,12.6,33,12.7,22,1,2022-05-06 09:11:21
1651828284106871000,12.65,10,12.6,33,12.65,16,1,2022-05-06 09:11:24
1651828285577600000,12.65,3,12.6,33,12.65,23,1,2022-05-06 09:11:25
1651828286605582000,12.65,1,12.6,33,12.65,22,1,2022-05-06 09:11:26
1651828287737245000,12.65,1,12.6,33,12.65,21,1,2022-05-06 09:11:27
1651828287913626000,12.6,1,12.6,32,12.65,21,2,2022-05-06 09:11:27
1651828288356686000,12.65,1,12.6,32,12.65,21,1,2022-05-06 09:11:28
1651828288803709000,12.6,1,12.6,31,12.65,21,2,2022-05-06 09:11:28
1651828288805290000,12.65,1,12.6,31,12.65,20,1,2022-05-06 09:11:28
1651828291182559000,12.65,5,12.6,32,12.65,15,1,2022-05-06 09:11:31
1651828292196344000,12.6,1,12.6,31,12.65,14,2,2022-05-06 09:11:32
1651828293937183000,12.65,1,12.6,31,12.65,18,1,2022-05-06 09:11:33
1651828295090085000,12.65,1,12.6,31,12.65,17,1,2022-05-06 09:11:35
1651828295839622000,12.6,1,12.6,30,12.65,17,2,2022-05-06 09:11:35
1651828296705731000,12.6,30,12.55,1,12.65,27,2,2022-05-06 09:11:36
1651828296981277000,12.6,1,12.55,1,12.6,5,1,2022-05-06 09:11:36
1651828297812401000,12.55,1,12.5,26,12.6,5,2,2022-05-06 09:11:37
1651828297812401000,12.5,8,12.5,26,12.6,5,2,2022-05-06 09:11:37
1651828299238724000,12.55,1,12.5,28,12.6,13,1,2022-05-06 09:11:39
1651828299238724000,12.6,2,12.5,28,12.6,13,1,2022-05-06 09:11:39
1651828302765539000,12.5,1,12.5,27,12.6,13,2,2022-05-06 09:11:42
1651828306200472000,12.5,27,12.45,20,12.6,15,2,2022-05-06 09:11:46
1651828306200472000,12.45,3,12.45,20,12.6,15,2,2022-05-06 09:11:46
1651828311059035000,12.55,1,12.5,1,12.55,1,1,2022-05-06 09:11:51
1651828313360003000,12.55,1,12.5,7,12.6,25,1,2022-05-06 09:11:53
1651828313472539000,12.55,1,12.5,7,12.6,25,1,2022-05-06 09:11:53
1651828318114902000,12.55,1,12.55,2,12.6,31,1,2022-05-06 09:11:58
1651828318144054000,12.55,2,12.5,7,12.6,31,2,2022-05-06 09:11:58
1651828323570106000,12.6,34,12.55,1,12.65,34,1,2022-05-06 09:12:03
1651828323570106000,12.65,2,12.55,1,12.65,34,1,2022-05-06 09:12:03
1651828323695294000,12.55,1,12.5,13,12.65,34,2,2022-05-06 09:12:03
1651828326797170000,12.55,1,12.5,13,12.55,12,1,2022-05-06 09:12:06
1651828327767553000,12.55,1,12.5,13,12.55,11,1,2022-05-06 09:12:07
1651828327792817000,12.55,11,12.5,13,12.65,39,1,2022-05-06 09:12:07
1651828328825003000,12.6,1,12.55,2,12.65,39,1,2022-05-06 09:12:08
1651828330128340000,12.55,2,12.5,15,12.6,10,2,2022-05-06 09:12:10
1651828333876335000,12.6,1,12.55,5,12.6,16,1,2022-05-06 09:12:13
1651828336903460000,12.55,1,12.55,6,12.6,16,2,2022-05-06 09:12:16
1651828338070652000,12.6,1,12.55,5,12.6,20,1,2022-05-06 09:12:18
1651828342766989000,12.6,1,12.55,24,12.6,19,1,2022-05-06 09:12:22
1651828346868826000,12.6,1,12.55,25,12.6,19,1,2022-05-06 09:12:26
1651828348430583000,12.55,1,12.55,24,12.6,19,2,2022-05-06 09:12:28
1651828349226412000,12.6,5,12.55,24,12.6,14,1,2022-05-06 09:12:29
1651828350213551000,12.6,1,12.55,26,12.6,18,1,2022-05-06 09:12:30
1651828351193782000,12.6,3,12.55,27,12.6,15,1,2022-05-06 09:12:31
1651828351223913000,12.6,15,12.55,27,12.65,31,1,2022-05-06 09:12:31
1651828352664128000,12.65,4,12.6,1,12.65,27,1,2022-05-06 09:12:32
1651828352781782000,12.6,1,12.55,27,12.6,4,2,2022-05-06 09:12:32
1651828353606409000,12.6,4,12.6,7,12.65,27,1,2022-05-06 09:12:33
1651828354542372000,12.6,1,12.6,7,12.65,32,2,2022-05-06 09:12:34
1651828354784734000,12.6,4,12.6,3,12.65,32,2,2022-05-06 09:12:34
1651828354816967000,12.6,3,12.55,27,12.65,32,2,2022-05-06 09:12:34
1651828357672705000,12.65,4,12.55,27,12.65,28,1,2022-05-06 09:12:37
1651828359212564000,12.6,1,12.6,2,12.65,23,2,2022-05-06 09:12:39
1651828361164845000,12.65,13,12.6,7,12.65,15,1,2022-05-06 09:12:41
1651828361669899000,12.6,1,12.6,6,12.65,10,2,2022-05-06 09:12:41
1651828363415708000,12.6,1,12.6,5,12.65,10,2,2022-05-06 09:12:43
1651828365514290000,12.65,1,12.6,11,12.65,14,1,2022-05-06 09:12:45
1651828367025977000,12.65,4,12.6,12,12.65,5,1,2022-05-06 09:12:47
1651828369829265000,12.65,8,12.6,22,12.7,19,1,2022-05-06 09:12:49
1651828369829265000,12.7,2,12.6,22,12.7,19,1,2022-05-06 09:12:49
1651828372840181000,12.7,4,12.65,1,12.7,15,1,2022-05-06 09:12:52
1651828376087855000,12.65,1,12.65,1,12.7,25,2,2022-05-06 09:12:56
1651828378115584000,12.7,10,12.65,1,12.7,16,1,2022-05-06 09:12:58
1651828378873970000,12.7,16,12.7,4,12.75,56,1,2022-05-06 09:12:58
1651828378906807000,12.7,4,12.65,1,12.75,56,2,2022-05-06 09:12:58
1651828380478038000,12.65,2,12.6,21,12.65,1,2,2022-05-06 09:13:00
1651828382334895000,12.65,1,12.6,20,12.7,4,1,2022-05-06 09:13:02
1651828382820069000,12.65,1,12.6,19,12.7,4,2,2022-05-06 09:13:02
1651828382820069000,12.6,1,12.6,19,12.7,4,2,2022-05-06 09:13:02
1651828384297338000,12.65,2,12.65,12,12.7,4,2,2022-05-06 09:13:04
1651828384392194000,12.7,2,12.65,22,12.7,2,1,2022-05-06 09:13:04
1651828384919417000,12.7,2,12.65,43,12.75,55,1,2022-05-06 09:13:04
1651828384919417000,12.75,1,12.65,43,12.75,55,1,2022-05-06 09:13:04
1651828385070883000,12.75,1,12.65,43,12.75,54,1,2022-05-06 09:13:05
1651828385080244000,12.75,1,12.65,43,12.75,53,1,2022-05-06 09:13:05
1651828385095311000,12.75,1,12.65,43,12.75,52,1,2022-05-06 09:13:05
1651828385127734000,12.75,1,12.65,43,12.75,51,1,2022-05-06 09:13:05
1651828386209746000,12.75,10,12.7,13,12.75,41,1,2022-05-06 09:13:06
1651828386421267000,12.75,1,12.7,13,12.75,40,1,2022-05-06 09:13:06
1651828387409179000,12.75,8,12.7,13,12.75,32,1,2022-05-06 09:13:07
1651828387937293000,12.75,32,12.75,48,12.8,53,1,2022-05-06 09:13:07
1651828389076355000,12.8,10,12.75,26,12.8,43,1,2022-05-06 09:13:09
1651828389206294000,12.8,2,12.75,26,12.8,41,1,2022-05-06 09:13:09
1651828389256857000,12.8,1,12.75,26,12.8,40,1,2022-05-06 09:13:09
1651828389260116000,12.8,1,12.75,26,12.8,39,1,2022-05-06 09:13:09
1651828391126506000,12.8,1,12.75,25,12.8,38,1,2022-05-06 09:13:11
1651828391592686000,12.8,1,12.75,25,12.8,37,1,2022-05-06 09:13:11
1651828391593498000,12.8,2,12.75,25,12.8,35,1,2022-05-06 09:13:11
1651828391859592000,12.75,2,12.75,23,12.8,35,2,2022-05-06 09:13:11
1651828392194789000,12.75,23,12.65,34,12.8,35,2,2022-05-06 09:13:12
1651828392194789000,12.7,6,12.65,34,12.8,35,2,2022-05-06 09:13:12
1651828392194789000,12.65,1,12.65,34,12.8,35,2,2022-05-06 09:13:12
1651828392239225000,12.8,2,12.65,33,12.8,33,1,2022-05-06 09:13:12
1651828394146342000,12.75,1,12.75,7,12.8,33,2,2022-05-06 09:13:14
1651828394183933000,12.75,6,12.75,1,12.8,33,2,2022-05-06 09:13:14
1651828394216089000,12.75,1,12.65,32,12.8,35,2,2022-05-06 09:13:14
1651828394721833000,12.65,2,12.65,30,12.8,33,2,2022-05-06 09:13:14
1651828394860301000,12.75,5,12.65,30,12.8,33,2,2022-05-06 09:13:14
1651828395045344000,12.75,1,12.65,30,12.8,33,1,2022-05-06 09:13:15
1651828395405661000,12.75,1,12.65,30,12.8,33,2,2022-05-06 09:13:15
1651828400948111000,12.7,1,12.7,16,12.75,14,2,2022-05-06 09:13:20
1651828401048950000,12.75,1,12.7,16,12.75,13,1,2022-05-06 09:13:21
1651828403549142000,12.75,5,12.7,19,12.75,13,1,2022-05-06 09:13:23
1651828403881801000,12.75,2,12.7,19,12.75,11,1,2022-05-06 09:13:23
1651828404210853000,12.75,5,12.7,19,12.75,6,1,2022-05-06 09:13:24
1651828404633524000,12.75,1,12.7,23,12.75,5,1,2022-05-06 09:13:24
1651828408279423000,12.75,10,12.7,43,12.75,2,1,2022-05-06 09:13:28
1651828408977579000,12.75,1,12.7,43,12.75,1,1,2022-05-06 09:13:28
1651828409235568000,12.75,1,12.7,43,12.8,34,1,2022-05-06 09:13:29
1651828409704525000,12.75,1,12.7,41,12.8,34,2,2022-05-06 09:13:29
1651828411585567000,12.75,1,12.75,3,12.8,36,1,2022-05-06 09:13:31
1651828411619057000,12.75,3,12.7,41,12.8,36,2,2022-05-06 09:13:31
1651828412051582000,12.75,1,12.7,41,12.75,4,2,2022-05-06 09:13:32
1651828412828706000,12.75,1,12.7,41,12.75,3,1,2022-05-06 09:13:32
1651828413187288000,12.75,1,12.7,42,12.75,2,1,2022-05-06 09:13:33
1651828413505208000,12.75,2,12.7,40,12.8,36,1,2022-05-06 09:13:33
1651828414133576000,12.8,1,12.7,40,12.8,35,1,2022-05-06 09:13:34
1651828416651749000,12.75,1,12.7,42,12.75,10,1,2022-05-06 09:13:36
1651828417341385000,12.75,1,12.7,42,12.75,11,1,2022-05-06 09:13:37
1651828417728141000,12.75,1,12.7,42,12.75,11,1,2022-05-06 09:13:37
1651828417806429000,12.75,10,12.7,42,12.75,1,1,2022-05-06 09:13:37
1651828418627151000,12.75,1,12.7,42,12.8,38,1,2022-05-06 09:13:38
1651828419052644000,12.7,42,12.65,30,12.75,52,2,2022-05-06 09:13:39
1651828419516100000,12.7,1,12.65,30,12.7,5,1,2022-05-06 09:13:39
1651828420121881000,12.7,10,12.65,32,12.7,20,1,2022-05-06 09:13:40
1651828420361162000,12.7,1,12.65,32,12.7,19,1,2022-05-06 09:13:40
1651828421968072000,12.65,32,12.6,30,12.7,19,2,2022-05-06 09:13:41
1651828423249957000,12.7,1,12.6,35,12.7,18,1,2022-05-06 09:13:43
1651828427072455000,12.7,1,12.65,1,12.7,17,1,2022-05-06 09:13:47
1651828427366703000,12.65,1,12.6,34,12.7,17,2,2022-05-06 09:13:47
1651828427710806000,12.6,1,12.6,33,12.7,17,2,2022-05-06 09:13:47
1651828428344687000,12.65,1,12.6,33,12.65,3,2,2022-05-06 09:13:48
1651828428526910000,12.65,1,12.6,33,12.65,2,1,2022-05-06 09:13:48
1651828428581097000,12.6,1,12.6,32,12.65,2,2,2022-05-06 09:13:48
1651828432692623000,12.6,5,12.6,32,12.65,5,2,2022-05-06 09:13:52
1651828434612097000,12.6,30,12.6,4,12.65,5,2,2022-05-06 09:13:54
1651828434643160000,12.6,4,12.55,58,12.65,5,2,2022-05-06 09:13:54
1651828436388288000,12.6,1,12.65,6,12.7,21,1,2022-05-06 09:13:56
1651828436388288000,12.65,4,12.65,6,12.7,21,1,2022-05-06 09:13:56
1651828436415311000,12.65,6,12.55,74,12.7,21,2,2022-05-06 09:13:56
1651828436735964000,12.65,1,12.65,10,12.7,21,2,2022-05-06 09:13:56
1651828436754294000,12.65,9,12.65,1,12.7,21,2,2022-05-06 09:13:56
1651828436765276000,12.65,1,12.55,74,12.65,1,2,2022-05-06 09:13:56
1651828438833664000,12.6,5,12.6,4,12.65,1,2,2022-05-06 09:13:58
1651828438849324000,12.6,1,12.6,3,12.65,1,2,2022-05-06 09:13:58
1651828442441244000,12.65,1,12.6,8,12.65,1,1,2022-05-06 09:14:02
1651828444289680000,12.65,1,12.6,75,12.7,21,1,2022-05-06 09:14:04
1651828447972841000,12.65,3,12.65,3,12.7,21,2,2022-05-06 09:14:07
1651828448041054000,12.65,3,12.6,78,12.7,23,2,2022-05-06 09:14:08
1651828451058893000,12.6,50,12.6,30,12.7,22,2,2022-05-06 09:14:11
1651828451086781000,12.6,5,12.6,25,12.7,22,2,2022-05-06 09:14:11
1651828452353977000,12.65,1,12.6,20,12.7,24,2,2022-05-06 09:14:12
1651828456631533000,12.65,1,12.6,27,12.65,20,1,2022-05-06 09:14:16
1651828457406733000,12.6,3,12.6,24,12.65,20,2,2022-05-06 09:14:17
1651828458073203000,12.6,1,12.6,23,12.65,21,2,2022-05-06 09:14:18
1651828461961662000,12.6,2,12.6,23,12.65,26,2,2022-05-06 09:14:21
1651828463398468000,12.6,1,12.6,22,12.65,31,2,2022-05-06 09:14:23
1651828464273247000,12.6,10,12.6,12,12.65,31,2,2022-05-06 09:14:24
1651828464305025000,12.6,6,12.6,6,12.65,31,2,2022-05-06 09:14:24
1651828464338325000,12.6,6,12.55,24,12.65,31,2,2022-05-06 09:14:24
1651828469605902000,12.55,2,12.55,32,12.6,2,2,2022-05-06 09:14:29
1651828470700051000,12.6,3,12.55,32,12.6,5,1,2022-05-06 09:14:30
1651828472790994000,12.6,3,12.55,34,12.6,3,1,2022-05-06 09:14:32
1651828482424194000,12.6,2,12.55,30,12.6,7,1,2022-05-06 09:14:42
1651828482613330000,12.6,1,12.55,30,12.6,6,1,2022-05-06 09:14:42
1651828482682990000,12.6,3,12.55,31,12.6,3,1,2022-05-06 09:14:42
1651828483557533000,12.6,4,12.55,31,12.65,28,1,2022-05-06 09:14:43
1651828485907409000,12.6,3,12.6,4,12.65,28,2,2022-05-06 09:14:45
1651828486979458000,12.6,4,12.55,30,12.6,1,2,2022-05-06 09:14:46
1651828489235504000,12.6,1,12.55,30,12.65,23,1,2022-05-06 09:14:49
1651828492747005000,12.6,3,12.6,3,12.65,23,1,2022-05-06 09:14:52
1651828499150505000,12.65,1,12.6,8,12.65,22,1,2022-05-06 09:14:59
1651828501311331000,12.6,2,12.6,6,12.65,22,2,2022-05-06 09:15:01
1651828501777541000,12.6,6,12.55,13,12.65,22,2,2022-05-06 09:15:01
1651828501777541000,12.55,18,12.55,13,12.65,22,2,2022-05-06 09:15:01
1651828509704541000,12.65,4,12.6,43,12.7,6,1,2022-05-06 09:15:09
1651828510806705000,12.6,1,12.6,42,12.7,6,2,2022-05-06 09:15:10
1651828511445565000,12.65,1,12.65,1,12.7,6,1,2022-05-06 09:15:11
1651828511982441000,12.65,1,12.6,36,12.7,6,2,2022-05-06 09:15:11
1651828511982441000,12.6,3,12.6,36,12.7,6,2,2022-05-06 09:15:11
1651828522093631000,12.6,1,12.6,41,12.7,9,2,2022-05-06 09:15:22
1651828544732533000,12.6,2,12.6,44,12.65,1,2,2022-05-06 09:15:44
1651828545111299000,12.6,8,12.6,36,12.65,1,2,2022-05-06 09:15:45
1651828545504877000,12.6,2,12.6,35,12.65,1,2,2022-05-06 09:15:45
1651828548193686000,12.6,1,12.6,34,12.65,1,2,2022-05-06 09:15:48
1651828550329549000,12.6,2,12.6,47,12.65,1,2,2022-05-06 09:15:50
1651828555231868000,12.65,1,12.6,47,12.7,19,1,2022-05-06 09:15:55
1651828559000542000,12.65,1,12.65,1,12.7,19,1,2022-05-06 09:15:59
1651828564966701000,12.65,1,12.65,1,12.7,19,2,2022-05-06 09:16:04
1651828565986907000,12.65,1,12.6,36,12.7,19,2,2022-05-06 09:16:05
1651828565986907000,12.6,19,12.6,36,12.7,19,2,2022-05-06 09:16:05
1651828576091613000,12.65,1,12.6,36,12.65,3,1,2022-05-06 09:16:16
1651828583166191000,12.65,1,12.6,36,12.65,14,1,2022-05-06 09:16:23
1651828586703389000,12.65,3,12.6,36,12.65,13,1,2022-05-06 09:16:26
1651828598687546000,12.65,2,12.6,40,12.65,12,1,2022-05-06 09:16:38
1651828602708841000,12.65,1,12.6,40,12.65,11,1,2022-05-06 09:16:42
1651828605094942000,12.6,10,12.6,30,12.65,11,2,2022-05-06 09:16:45
1651828605263086000,12.65,3,12.6,30,12.65,8,1,2022-05-06 09:16:45
1651828606286701000,12.6,1,12.6,29,12.65,8,2,2022-05-06 09:16:46
1651828613614729000,12.6,29,12.55,20,12.65,8,2,2022-05-06 09:16:53
1651828613614729000,12.55,1,12.55,20,12.65,8,2,2022-05-06 09:16:53
1651828626839167000,12.55,1,12.55,24,12.6,6,2,2022-05-06 09:17:06
1651828633206197000,12.55,1,12.55,23,12.6,3,2,2022-05-06 09:17:13
1651828636359201000,12.55,1,12.55,22,12.6,5,2,2022-05-06 09:17:16
1651828640563724000,12.55,1,12.55,21,12.6,5,2,2022-05-06 09:17:20
1651828643173400000,12.55,1,12.55,20,12.6,5,2,2022-05-06 09:17:23
1651828643823665000,12.55,2,12.55,15,12.6,4,2,2022-05-06 09:17:23
1651828645055591000,12.55,15,12.5,65,12.6,4,2,2022-05-06 09:17:25
1651828645055591000,12.5,5,12.5,65,12.6,4,2,2022-05-06 09:17:25
1651828645352345000,12.55,2,12.5,62,12.6,4,2,2022-05-06 09:17:25
1651828645352345000,12.5,3,12.5,62,12.6,4,2,2022-05-06 09:17:25
1651828645570040000,12.55,1,12.5,62,12.6,4,2,2022-05-06 09:17:25
1651828647249607000,12.55,1,12.5,62,12.55,2,2,2022-05-06 09:17:27
1651828647285931000,12.55,2,12.5,62,12.6,4,1,2022-05-06 09:17:27
1651828648107308000,12.5,1,12.5,61,12.6,4,2,2022-05-06 09:17:28
1651828649013461000,12.55,1,12.5,61,12.6,4,2,2022-05-06 09:17:29
1651828651701930000,12.55,1,12.5,58,12.6,5,2,2022-05-06 09:17:31
1651828651701930000,12.5,2,12.5,58,12.6,5,2,2022-05-06 09:17:31
1651828656741178000,12.5,3,12.5,56,12.55,1,2,2022-05-06 09:17:36
1651828659075452000,12.55,1,12.55,1,12.6,3,1,2022-05-06 09:17:39
1651828659897782000,12.55,1,12.5,55,12.55,1,2,2022-05-06 09:17:39
1651828659927158000,12.55,1,12.5,55,12.6,3,1,2022-05-06 09:17:39
1651828659961940000,12.6,3,12.5,55,12.65,11,1,2022-05-06 09:17:39
1651828660417052000,12.5,1,12.5,58,12.65,11,2,2022-05-06 09:17:40
1651828664684634000,12.55,1,12.55,1,12.65,11,1,2022-05-06 09:17:44
1651828679576860000,12.55,1,12.55,8,12.6,3,2,2022-05-06 09:17:59
1651828683167476000,12.6,3,12.55,40,12.65,11,1,2022-05-06 09:18:03
1651828687503325000,12.6,1,12.6,20,12.65,11,2,2022-05-06 09:18:07
1651828705029647000,12.65,9,12.6,33,12.7,25,1,2022-05-06 09:18:25
1651828708103689000,12.65,1,12.65,36,12.7,25,2,2022-05-06 09:18:28
1651828710943890000,12.7,10,12.65,36,12.7,15,1,2022-05-06 09:18:30
1651828711049672000,12.7,14,12.65,36,12.7,1,1,2022-05-06 09:18:31
1651828711079718000,12.7,1,12.65,36,12.75,23,1,2022-05-06 09:18:31
1651828712438822000,12.75,23,12.65,38,12.8,39,1,2022-05-06 09:18:32
1651828712438822000,12.8,7,12.65,38,12.8,39,1,2022-05-06 09:18:32
1651828712634047000,12.8,1,12.75,11,12.8,38,1,2022-05-06 09:18:32
1651828712997673000,12.8,2,12.75,13,12.8,36,1,2022-05-06 09:18:32
1651828713132467000,12.75,13,12.65,23,12.8,36,2,2022-05-06 09:18:33
1651828713132467000,12.65,17,12.65,23,12.8,36,2,2022-05-06 09:18:33
1651828720310701000,12.7,2,12.65,33,12.8,36,1,2022-05-06 09:18:40
1651828721489125000,12.7,1,12.65,33,12.8,36,2,2022-05-06 09:18:41
1651828722664664000,12.75,1,12.65,33,12.8,43,1,2022-05-06 09:18:42
1651828731437029000,12.75,2,12.7,14,12.75,1,1,2022-05-06 09:18:51
1651828731473623000,12.75,1,12.7,14,12.8,43,1,2022-05-06 09:18:51
1651828738994306000,12.8,2,12.75,9,12.8,41,1,2022-05-06 09:18:58
1651828739031336000,12.8,40,12.75,9,12.8,1,1,2022-05-06 09:18:59
1651828739062603000,12.8,1,12.75,9,12.85,75,1,2022-05-06 09:18:59
1651828739824567000,12.75,1,12.75,17,12.85,75,2,2022-05-06 09:18:59
1651828740624357000,12.85,7,12.75,17,12.85,68,1,2022-05-06 09:19:00
1651828746035125000,12.85,10,12.8,21,12.85,86,1,2022-05-06 09:19:06
1651828747038793000,12.8,4,12.8,17,12.85,86,2,2022-05-06 09:19:07
1651828747877733000,12.85,2,12.8,18,12.85,84,1,2022-05-06 09:19:07
1651828748683103000,12.85,10,12.8,20,12.85,74,1,2022-05-06 09:19:08
1651828748807539000,12.8,1,12.8,19,12.85,74,2,2022-05-06 09:19:08
1651828749275529000,12.85,11,12.8,19,12.85,63,1,2022-05-06 09:19:09
1651828749594216000,12.85,1,12.8,19,12.85,62,1,2022-05-06 09:19:09
1651828749662200000,12.85,4,12.8,19,12.85,58,1,2022-05-06 09:19:09
1651828749766304000,12.85,5,12.8,20,12.85,53,1,2022-05-06 09:19:09
1651828749963402000,12.85,53,12.85,27,12.9,238,1,2022-05-06 09:19:09
1651828750563198000,12.85,1,12.85,31,12.9,238,2,2022-05-06 09:19:10
1651828751348776000,12.85,30,12.85,13,12.9,238,2,2022-05-06 09:19:11
1651828752511631000,12.85,4,12.85,10,12.9,238,2,2022-05-06 09:19:12
1651828755087078000,12.85,1,12.85,31,12.9,238,2,2022-05-06 09:19:15
1651828756569186000,12.85,20,12.85,13,12.9,238,2,2022-05-06 09:19:16
1651828757825851000,12.85,4,12.85,9,12.9,238,2,2022-05-06 09:19:17
1651828758133539000,12.85,1,12.85,8,12.9,237,2,2022-05-06 09:19:18
1651828758225488000,12.85,8,12.8,12,12.85,12,2,2022-05-06 09:19:18
1651828758812583000,12.85,1,12.8,11,12.85,22,1,2022-05-06 09:19:18
1651828759625231000,12.85,1,12.8,10,12.85,21,1,2022-05-06 09:19:19
1651828760489049000,12.8,1,12.8,10,12.85,25,2,2022-05-06 09:19:20
1651828761416174000,12.85,2,12.8,10,12.85,24,1,2022-05-06 09:19:21
1651828763058215000,12.8,5,12.8,10,12.85,25,2,2022-05-06 09:19:23
1651828764089458000,12.85,5,12.8,10,12.85,20,1,2022-05-06 09:19:24
1651828764931273000,12.85,2,12.8,10,12.85,18,1,2022-05-06 09:19:24
1651828766274500000,12.85,2,12.8,10,12.85,24,1,2022-05-06 09:19:26
1651828766343531000,12.85,1,12.8,10,12.85,23,1,2022-05-06 09:19:26
1651828767859576000,12.8,1,12.8,9,12.85,24,2,2022-05-06 09:19:27
1651828768442284000,12.8,9,12.75,67,12.8,1,2,2022-05-06 09:19:28
1651828768480300000,12.8,1,12.75,67,12.85,24,1,2022-05-06 09:19:28
1651828778343595000,12.8,1,12.75,67,12.8,10,1,2022-05-06 09:19:38
1651828778367094000,12.8,1,12.75,67,12.8,9,1,2022-05-06 09:19:38
1651828781137647000,12.8,2,12.75,67,12.8,8,1,2022-05-06 09:19:41
1651828781847024000,12.8,1,12.75,67,12.8,7,1,2022-05-06 09:19:41
1651828782362140000,12.8,7,12.8,3,12.85,37,1,2022-05-06 09:19:42
1651828784615131000,12.8,4,12.8,28,12.85,36,2,2022-05-06 09:19:44
1651828786600687000,12.85,1,12.8,28,12.85,37,1,2022-05-06 09:19:46
1651828787929970000,12.8,1,12.8,48,12.85,37,2,2022-05-06 09:19:47
1651828788504280000,12.8,1,12.8,47,12.85,37,2,2022-05-06 09:19:48
1651828793470472000,12.85,9,12.8,47,12.85,27,1,2022-05-06 09:19:53
1651828795334814000,12.85,2,12.8,57,12.85,31,1,2022-05-06 09:19:55
1651828795452204000,12.85,20,12.8,37,12.85,11,1,2022-05-06 09:19:55
1651828795604117000,12.85,11,12.85,4,12.9,243,1,2022-05-06 09:19:55
1651828796168448000,12.85,4,12.8,37,12.85,6,2,2022-05-06 09:19:56
1651828796474782000,12.8,1,12.8,37,12.85,8,2,2022-05-06 09:19:56
1651828797725523000,12.85,2,12.8,37,12.85,7,1,2022-05-06 09:19:57
1651828798059501000,12.85,5,12.8,37,12.85,2,1,2022-05-06 09:19:58
1651828798083884000,12.85,2,12.8,37,12.9,243,1,2022-05-06 09:19:58
1651828799383973000,12.85,5,12.85,2,12.9,243,2,2022-05-06 09:19:59
1651828800159088000,12.9,1,12.85,2,12.9,242,1,2022-05-06 09:20:00
1651828800210615000,12.9,8,12.85,2,12.9,234,1,2022-05-06 09:20:00
1651828800281955000,12.85,1,12.85,1,12.9,234,2,2022-05-06 09:20:00
1651828800407726000,12.85,1,12.8,26,12.9,234,2,2022-05-06 09:20:00
1651828800407726000,12.8,17,12.8,26,12.9,234,2,2022-05-06 09:20:00
1651828800554578000,12.8,23,12.8,3,12.9,234,2,2022-05-06 09:20:00
1651828801273784000,12.8,3,12.75,67,12.8,47,2,2022-05-06 09:20:01
1651828801551636000,12.8,47,12.8,13,12.9,234,1,2022-05-06 09:20:01
1651828801683596000,12.85,5,12.8,13,12.85,5,2,2022-05-06 09:20:01
1651828802467066000,12.85,1,12.8,18,12.85,4,1,2022-05-06 09:20:02
1651828804849898000,12.85,5,12.8,18,12.85,1,1,2022-05-06 09:20:04
1651828805963787000,12.85,1,12.8,18,12.85,6,1,2022-05-06 09:20:05
1651828805996141000,12.85,4,12.8,18,12.85,2,1,2022-05-06 09:20:05
1651828806055996000,12.85,2,12.8,18,12.9,231,1,2022-05-06 09:20:06
1651828806055996000,12.9,1,12.8,18,12.9,231,1,2022-05-06 09:20:06
1651828809784082000,12.85,1,12.8,18,12.85,29,1,2022-05-06 09:20:09
1651828809952257000,12.85,1,12.8,18,12.85,28,1,2022-05-06 09:20:09
1651828810111385000,12.85,1,12.8,18,12.85,27,1,2022-05-06 09:20:10
1651828813359018000,12.85,1,12.8,23,12.85,27,1,2022-05-06 09:20:13
1651828813734798000,12.85,1,12.8,23,12.85,26,1,2022-05-06 09:20:13
1651828814266677000,12.85,5,12.8,23,12.85,25,1,2022-05-06 09:20:14
1651828814719373000,12.85,3,12.8,23,12.85,23,1,2022-05-06 09:20:14
1651828815172780000,12.85,2,12.8,24,12.85,21,1,2022-05-06 09:20:15
1651828815281159000,12.85,1,12.8,24,12.85,20,1,2022-05-06 09:20:15
1651828817510529000,12.85,1,12.8,24,12.85,20,1,2022-05-06 09:20:17
1651828818616196000,12.85,1,12.8,25,12.85,19,1,2022-05-06 09:20:18
1651828819748932000,12.85,1,12.8,30,12.85,19,1,2022-05-06 09:20:19
1651828820111543000,12.8,1,12.8,29,12.85,19,2,2022-05-06 09:20:20
1651828821632445000,12.85,5,12.8,29,12.85,20,1,2022-05-06 09:20:21
1651828824927313000,12.85,20,12.8,51,12.85,10,1,2022-05-06 09:20:24
1651828825586367000,12.85,1,12.8,51,12.85,9,1,2022-05-06 09:20:25
1651828826694011000,12.85,1,12.8,51,12.85,8,1,2022-05-06 09:20:26
1651828827792117000,12.85,1,12.8,52,12.85,9,1,2022-05-06 09:20:27
1651828827865342000,12.85,1,12.8,52,12.85,8,1,2022-05-06 09:20:27
1651828828371475000,12.85,1,12.8,52,12.85,8,1,2022-05-06 09:20:28
1651828829644842000,12.85,20,12.8,52,12.85,8,1,2022-05-06 09:20:29
1651828830640132000,12.85,1,12.8,52,12.85,7,1,2022-05-06 09:20:30
1651828831023814000,12.85,2,12.8,52,12.85,5,1,2022-05-06 09:20:31
1651828833078789000,12.85,1,12.8,52,12.85,6,1,2022-05-06 09:20:33
1651828836253005000,12.85,2,12.8,105,12.85,12,1,2022-05-06 09:20:36
1651828836442892000,12.85,3,12.8,105,12.85,9,1,2022-05-06 09:20:36
1651828836732799000,12.85,3,12.8,105,12.85,6,1,2022-05-06 09:20:36
1651828837397521000,12.85,5,12.8,105,12.85,3,1,2022-05-06 09:20:37
1651828837409078000,12.85,1,12.8,105,12.85,2,1,2022-05-06 09:20:37
1651828837752734000,12.85,1,12.8,105,12.85,1,1,2022-05-06 09:20:37
1651828838506040000,12.85,1,12.8,105,12.9,228,1,2022-05-06 09:20:38
1651828838605204000,12.9,2,12.8,105,12.9,226,1,2022-05-06 09:20:38
1651828840577167000,12.9,5,12.85,12,12.9,221,1,2022-05-06 09:20:40
1651828840753792000,12.9,3,12.85,12,12.9,218,1,2022-05-06 09:20:40
1651828840951225000,12.9,4,12.85,12,12.9,214,1,2022-05-06 09:20:40
1651828840980600000,12.85,1,12.85,11,12.9,214,2,2022-05-06 09:20:40
1651828841002750000,12.85,11,12.8,105,12.9,214,2,2022-05-06 09:20:41
1651828842501424000,12.85,1,12.8,105,12.9,215,1,2022-05-06 09:20:42
1651828845479491000,12.85,1,12.8,105,12.85,39,1,2022-05-06 09:20:45
1651828848414919000,12.85,1,12.8,105,12.85,58,1,2022-05-06 09:20:48
1651828849878872000,12.85,20,12.8,105,12.85,38,1,2022-05-06 09:20:49
1651828851989274000,12.85,4,12.8,104,12.85,35,1,2022-05-06 09:20:51
1651828852851869000,12.85,1,12.8,105,12.85,34,1,2022-05-06 09:20:52
1651828853370961000,12.85,1,12.8,107,12.85,33,1,2022-05-06 09:20:53
1651828853808891000,12.85,1,12.8,107,12.85,32,1,2022-05-06 09:20:53
1651828853867497000,12.85,1,12.8,107,12.85,31,1,2022-05-06 09:20:53
1651828855544235000,12.85,5,12.8,106,12.85,26,1,2022-05-06 09:20:55
1651828855599530000,12.85,15,12.8,106,12.85,11,1,2022-05-06 09:20:55
1651828856842639000,12.8,3,12.8,103,12.85,13,2,2022-05-06 09:20:56
1651828856989577000,12.85,1,12.8,103,12.85,12,1,2022-05-06 09:20:56
1651828857606071000,12.85,1,12.8,103,12.85,11,1,2022-05-06 09:20:57
1651828858901886000,12.8,1,12.8,102,12.85,11,2,2022-05-06 09:20:58
1651828859493349000,12.85,2,12.8,102,12.85,9,1,2022-05-06 09:20:59
1651828860564123000,12.85,5,12.8,106,12.85,4,1,2022-05-06 09:21:00
1651828861454814000,12.85,1,12.8,106,12.85,3,1,2022-05-06 09:21:01
1651828862810681000,12.85,2,12.8,107,12.85,2,1,2022-05-06 09:21:02
1651828863968761000,12.85,1,12.8,107,12.85,1,1,2022-05-06 09:21:03
1651828864126938000,12.85,1,12.85,1,12.9,218,1,2022-05-06 09:21:04
1651828864223450000,12.85,1,12.8,107,12.9,220,2,2022-05-06 09:21:04
1651828865262505000,12.85,1,12.85,19,12.9,220,2,2022-05-06 09:21:05
1651828874303461000,12.85,8,12.85,20,12.9,229,2,2022-05-06 09:21:14
1651828874345230000,12.85,20,12.8,107,12.9,229,2,2022-05-06 09:21:14
1651828875602175000,12.9,5,12.85,2,12.9,224,1,2022-05-06 09:21:15
1651828876154495000,12.85,3,12.8,108,12.85,37,2,2022-05-06 09:21:16
1651828879341128000,12.8,18,12.8,90,12.85,50,2,2022-05-06 09:21:19
1651828880016089000,12.8,10,12.8,80,12.85,50,2,2022-05-06 09:21:20
1651828880146315000,12.8,20,12.8,60,12.85,50,2,2022-05-06 09:21:20
1651828880175498000,12.8,6,12.8,54,12.85,50,2,2022-05-06 09:21:20
1651828880579334000,12.8,4,12.8,50,12.85,50,2,2022-05-06 09:21:20
1651828880616944000,12.8,5,12.8,45,12.85,50,2,2022-05-06 09:21:20
1651828881057305000,12.8,6,12.8,39,12.85,51,2,2022-05-06 09:21:21
1651828881126526000,12.8,2,12.8,37,12.85,51,2,2022-05-06 09:21:21
1651828881165170000,12.8,10,12.8,27,12.85,51,2,2022-05-06 09:21:21
1651828881214288000,12.8,4,12.8,23,12.85,51,2,2022-05-06 09:21:21
1651828881290101000,12.8,1,12.8,22,12.85,51,2,2022-05-06 09:21:21
1651828881326384000,12.8,1,12.8,21,12.85,51,2,2022-05-06 09:21:21
1651828881354484000,12.8,5,12.8,16,12.85,51,2,2022-05-06 09:21:21
1651828881478855000,12.8,1,12.8,15,12.85,51,2,2022-05-06 09:21:21
1651828881639507000,12.8,15,12.75,8,12.85,51,2,2022-05-06 09:21:21
1651828881639507000,12.75,5,12.75,8,12.85,51,2,2022-05-06 09:21:21
1651828886430725000,12.75,1,12.75,12,12.8,114,2,2022-05-06 09:21:26
1651828887269328000,12.75,1,12.75,11,12.8,114,2,2022-05-06 09:21:27
1651828888362685000,12.75,1,12.75,10,12.8,114,2,2022-05-06 09:21:28
1651828888724972000,12.75,10,12.7,25,12.8,114,2,2022-05-06 09:21:28
1651828889079245000,12.8,3,12.7,25,12.8,111,1,2022-05-06 09:21:29
1651828891588348000,12.75,1,12.7,23,12.75,43,1,2022-05-06 09:21:31
1651828892388350000,12.75,10,12.7,23,12.75,34,1,2022-05-06 09:21:32
1651828892408592000,12.75,21,12.7,23,12.75,13,1,2022-05-06 09:21:32
1651828892430716000,12.75,13,12.7,23,12.8,43,1,2022-05-06 09:21:32
1651828893341712000,12.8,1,12.7,23,12.8,43,1,2022-05-06 09:21:33
1651828893905981000,12.8,1,12.7,23,12.8,42,1,2022-05-06 09:21:33
1651828894774262000,12.75,2,12.7,23,12.75,1,1,2022-05-06 09:21:34
1651828895205974000,12.75,1,12.7,23,12.8,42,1,2022-05-06 09:21:35
1651828898089833000,12.8,16,12.75,35,12.8,8,1,2022-05-06 09:21:38
1651828899065607000,12.8,5,12.75,55,12.8,3,1,2022-05-06 09:21:39
1651828899102538000,12.8,3,12.75,55,12.85,23,1,2022-05-06 09:21:39
1651828901090329000,12.8,1,12.8,25,12.85,23,2,2022-05-06 09:21:41
1651828901694076000,12.85,6,12.8,25,12.85,17,1,2022-05-06 09:21:41
1651828902310405000,12.8,3,12.8,22,12.85,17,2,2022-05-06 09:21:42
1651828903006351000,12.85,6,12.8,23,12.85,11,1,2022-05-06 09:21:43
1651828904737029000,12.85,4,12.8,23,12.85,7,1,2022-05-06 09:21:44
1651828910528070000,12.85,1,12.8,30,12.85,11,1,2022-05-06 09:21:50
1651828912978343000,12.85,1,12.8,31,12.85,16,1,2022-05-06 09:21:52
1651828916840626000,12.85,10,12.8,34,12.85,16,1,2022-05-06 09:21:56
1651828919035043000,12.8,1,12.8,33,12.85,27,2,2022-05-06 09:21:59
1651828920816664000,12.8,1,12.8,32,12.85,30,2,2022-05-06 09:22:00
1651828920842098000,12.8,1,12.8,31,12.85,30,2,2022-05-06 09:22:00
1651828922295376000,12.8,31,12.75,62,12.8,6,2,2022-05-06 09:22:02
1651828923803549000,12.8,1,12.75,62,12.8,12,1,2022-05-06 09:22:03
1651828928269257000,12.8,5,12.75,66,12.8,28,1,2022-05-06 09:22:08
1651828934162051000,12.8,10,12.75,65,12.8,22,1,2022-05-06 09:22:14
1651828936978496000,12.8,1,12.75,66,12.8,21,1,2022-05-06 09:22:16
1651828939590319000,12.8,1,12.75,66,12.8,17,1,2022-05-06 09:22:19
1651828942879585000,12.8,18,12.8,2,12.85,36,1,2022-05-06 09:22:22
1651828942904307000,12.8,1,12.8,1,12.85,36,2,2022-05-06 09:22:22
1651828944546518000,12.8,1,12.75,46,12.8,9,2,2022-05-06 09:22:24
1651828946413398000,12.8,1,12.75,46,12.8,10,1,2022-05-06 09:22:26
1651828946701932000,12.8,1,12.75,46,12.8,9,1,2022-05-06 09:22:26
1651828950851127000,12.8,1,12.75,46,12.8,9,1,2022-05-06 09:22:30
1651828951894227000,12.8,2,12.75,96,12.8,7,1,2022-05-06 09:22:31
1651828953550866000,12.8,1,12.75,95,12.8,6,1,2022-05-06 09:22:33
1651828955245060000,12.8,1,12.75,95,12.8,5,1,2022-05-06 09:22:35
1651828956269910000,12.8,5,12.75,95,12.85,40,1,2022-05-06 09:22:36
1651828963375151000,12.85,10,12.8,7,12.85,32,1,2022-05-06 09:22:43
1651828963729583000,12.8,3,12.8,4,12.85,32,2,2022-05-06 09:22:43
1651828964822690000,12.8,4,12.75,98,12.8,6,2,2022-05-06 09:22:44
1651828980177041000,12.75,5,12.75,99,12.8,7,2,2022-05-06 09:23:00
1651828980705560000,12.8,1,12.75,99,12.8,6,1,2022-05-06 09:23:00
1651828984767953000,12.8,6,12.75,100,12.85,40,1,2022-05-06 09:23:04
1651828986047917000,12.85,2,12.75,100,12.85,38,1,2022-05-06 09:23:06
1651828986249914000,12.75,2,12.75,98,12.85,38,2,2022-05-06 09:23:06
1651828989248490000,12.8,10,12.8,21,12.85,38,2,2022-05-06 09:23:09
1651828991162850000,12.85,2,12.8,21,12.85,36,1,2022-05-06 09:23:11
1651828996793387000,12.85,1,12.8,22,12.85,42,1,2022-05-06 09:23:16
1651828997935390000,12.85,5,12.8,22,12.85,37,1,2022-05-06 09:23:17
1651828998680370000,12.85,20,12.8,22,12.85,17,1,2022-05-06 09:23:18
1651828999653896000,12.85,7,12.8,23,12.85,10,1,2022-05-06 09:23:19
1651829000771468000,12.85,1,12.8,23,12.85,9,1,2022-05-06 09:23:20
1651829001397318000,12.85,1,12.8,23,12.85,8,1,2022-05-06 09:23:21
1651829001908544000,12.85,5,12.8,23,12.85,3,1,2022-05-06 09:23:21
1651829001942916000,12.85,1,12.8,23,12.85,2,1,2022-05-06 09:23:21
1651829002438827000,12.8,1,12.8,22,12.85,2,2,2022-05-06 09:23:22
1651829003654033000,12.85,2,12.8,23,12.85,1,1,2022-05-06 09:23:23
1651829007037221000,12.85,1,12.8,23,12.85,5,1,2022-05-06 09:23:27
1651829012070019000,12.85,1,12.8,23,12.85,5,1,2022-05-06 09:23:32
1651829013216459000,12.85,1,12.8,25,12.85,4,1,2022-05-06 09:23:33
1651829014052762000,12.85,1,12.8,25,12.85,3,1,2022-05-06 09:23:34
1651829016518161000,12.85,3,12.85,2,12.9,244,1,2022-05-06 09:23:36
1651829020520764000,12.85,5,12.8,30,12.9,244,2,2022-05-06 09:23:40
1651829020520764000,12.8,1,12.8,30,12.9,244,2,2022-05-06 09:23:40
1651829020615152000,12.85,1,12.85,2,12.9,244,2,2022-05-06 09:23:40
1651829021377771000,12.85,2,12.8,30,12.9,246,2,2022-05-06 09:23:41
1651829026729829000,12.85,1,12.8,30,12.85,2,1,2022-05-06 09:23:46
1651829027705823000,12.85,1,12.8,30,12.85,1,1,2022-05-06 09:23:47
1651829031229070000,12.85,1,12.8,30,12.9,244,1,2022-05-06 09:23:51
1651829034046900000,12.85,5,12.8,36,12.9,243,1,2022-05-06 09:23:54
1651829045254634000,12.85,1,12.8,44,12.85,2,1,2022-05-06 09:24:05
1651829046550415000,12.85,2,12.8,44,12.9,223,1,2022-05-06 09:24:06
1651829050625993000,12.85,1,12.8,44,12.9,223,2,2022-05-06 09:24:10
1651829051081420000,12.9,1,12.8,43,12.9,222,1,2022-05-06 09:24:11
1651829051921993000,12.85,1,12.85,1,12.9,222,2,2022-05-06 09:24:11
1651829055674775000,12.85,2,12.8,43,12.9,225,2,2022-05-06 09:24:15
1651829056707950000,12.9,2,12.8,43,12.9,223,1,2022-05-06 09:24:16
1651829062675496000,12.85,1,12.85,3,12.9,220,2,2022-05-06 09:24:22
1651829063313989000,12.85,3,12.8,39,12.9,220,2,2022-05-06 09:24:23
1651829063313989000,12.8,7,12.8,39,12.9,220,2,2022-05-06 09:24:23
1651829066921688000,12.85,1,12.8,39,12.85,4,2,2022-05-06 09:24:26
1651829068601428000,12.85,1,12.8,42,12.85,3,1,2022-05-06 09:24:28
1651829074267075000,12.8,1,12.8,47,12.85,4,2,2022-05-06 09:24:34
1651829075849740000,12.8,20,12.8,28,12.85,5,2,2022-05-06 09:24:35
1651829078444177000,12.8,10,12.8,19,12.85,11,2,2022-05-06 09:24:38
1651829079175525000,12.8,19,12.75,91,12.85,12,2,2022-05-06 09:24:39
1651829080218482000,12.8,1,12.75,98,12.8,5,1,2022-05-06 09:24:40
1651829080375120000,12.8,2,12.75,98,12.8,3,1,2022-05-06 09:24:40
1651829083498643000,12.75,1,12.75,95,12.8,26,2,2022-05-06 09:24:43
1651829088148131000,12.75,5,12.75,91,12.8,24,2,2022-05-06 09:24:48
1651829088223136000,12.75,3,12.75,88,12.8,24,2,2022-05-06 09:24:48
1651829089148991000,12.8,1,12.75,88,12.8,24,1,2022-05-06 09:24:49
1651829094636684000,12.75,1,12.75,87,12.8,25,2,2022-05-06 09:24:54
1651829095185517000,12.8,2,12.75,87,12.8,23,1,2022-05-06 09:24:55
1651829097972240000,12.8,6,12.75,87,12.8,17,1,2022-05-06 09:24:57
1651829100332053000,12.8,2,12.75,87,12.8,15,1,2022-05-06 09:25:00
1651829100721126000,12.8,1,12.75,87,12.8,14,1,2022-05-06 09:25:00
1651829101736099000,12.8,2,12.75,87,12.8,12,1,2022-05-06 09:25:01
1651829101780874000,12.8,2,12.75,87,12.8,10,1,2022-05-06 09:25:01
1651829102045450000,12.8,10,12.75,87,12.85,33,1,2022-05-06 09:25:02
1651829103352927000,12.8,5,12.8,5,12.85,33,2,2022-05-06 09:25:03
1651829106258197000,12.85,1,12.8,7,12.85,32,1,2022-05-06 09:25:06
1651829107954989000,12.85,1,12.8,7,12.85,31,1,2022-05-06 09:25:07
1651829108576438000,12.85,3,12.8,7,12.85,28,1,2022-05-06 09:25:08
1651829115010517000,12.85,2,12.8,7,12.85,35,1,2022-05-06 09:25:15
1651829115280236000,12.85,1,12.8,7,12.85,34,1,2022-05-06 09:25:15
1651829124020227000,12.8,1,12.8,18,12.85,37,2,2022-05-06 09:25:24
1651829138225036000,12.85,4,12.8,29,12.85,38,1,2022-05-06 09:25:38
1651829142901907000,12.85,6,12.8,29,12.85,33,1,2022-05-06 09:25:42
1651829145944701000,12.85,1,12.8,29,12.85,32,1,2022-05-06 09:25:45
1651829154407662000,12.85,4,12.8,35,12.85,31,1,2022-05-06 09:25:54
1651829154521959000,12.8,1,12.8,34,12.85,31,2,2022-05-06 09:25:54
1651829165285769000,12.8,4,12.8,31,12.85,32,2,2022-05-06 09:26:05
1651829167998944000,12.85,1,12.8,31,12.85,31,1,2022-05-06 09:26:07
1651829177027098000,12.85,1,12.8,50,12.85,32,1,2022-05-06 09:26:17
1651829178435611000,12.85,10,12.8,50,12.85,23,1,2022-05-06 09:26:18
1651829179728513000,12.85,5,12.8,50,12.85,18,1,2022-05-06 09:26:19
1651829180665162000,12.85,18,12.8,50,12.9,238,1,2022-05-06 09:26:20
1651829180665162000,12.9,7,12.8,50,12.9,238,1,2022-05-06 09:26:20
1651829182066782000,12.9,4,12.8,51,12.9,234,1,2022-05-06 09:26:22
1651829182236887000,12.9,5,12.8,51,12.9,229,1,2022-05-06 09:26:22
1651829182355239000,12.85,1,12.85,22,12.9,229,1,2022-05-06 09:26:22
1651829192436974000,12.9,2,12.85,36,12.9,230,1,2022-05-06 09:26:32
1651829193651397000,12.9,1,12.85,36,12.9,229,1,2022-05-06 09:26:33
1651829194992776000,12.9,10,12.85,37,12.9,219,1,2022-05-06 09:26:34
1651829195956527000,12.9,2,12.85,37,12.9,217,1,2022-05-06 09:26:35
1651829196268106000,12.9,10,12.85,37,12.9,207,1,2022-05-06 09:26:36
1651829198104165000,12.9,100,12.85,30,12.9,107,1,2022-05-06 09:26:38
1651829198138808000,12.9,107,12.85,30,12.95,40,1,2022-05-06 09:26:38
1651829198735499000,12.95,4,12.9,25,12.95,36,1,2022-05-06 09:26:38
1651829198764832000,12.95,36,12.9,25,12.95,1,1,2022-05-06 09:26:38
1651829198784871000,12.95,1,12.9,25,13.0,188,1,2022-05-06 09:26:38
1651829198800577000,13.0,8,12.9,25,13.0,180,1,2022-05-06 09:26:38
1651829198859859000,13.0,1,12.9,35,13.0,179,1,2022-05-06 09:26:38
1651829198893057000,13.0,3,12.9,35,13.0,176,1,2022-05-06 09:26:38
1651829198893558000,13.0,8,12.9,35,13.0,168,1,2022-05-06 09:26:38
1651829199012656000,13.0,5,12.95,4,13.0,163,1,2022-05-06 09:26:39
1651829199014429000,13.0,1,12.95,4,13.0,162,1,2022-05-06 09:26:39
1651829199022709000,13.0,1,12.95,4,13.0,161,1,2022-05-06 09:26:39
1651829199307909000,13.0,5,12.95,24,13.0,156,1,2022-05-06 09:26:39
1651829199321099000,13.0,10,12.95,24,13.0,146,1,2022-05-06 09:26:39
1651829199399336000,13.0,10,12.95,24,13.0,136,1,2022-05-06 09:26:39
1651829199545512000,13.0,1,12.95,24,13.0,135,1,2022-05-06 09:26:39
1651829199550263000,13.0,1,12.95,24,13.0,134,1,2022-05-06 09:26:39
1651829199584016000,13.0,1,12.95,24,13.0,133,1,2022-05-06 09:26:39
1651829199863594000,13.0,5,12.95,24,13.0,128,1,2022-05-06 09:26:39
1651829199933497000,12.95,1,12.95,23,13.0,128,2,2022-05-06 09:26:39
1651829200135990000,13.0,1,12.95,23,13.0,127,1,2022-05-06 09:26:40
1651829200552128000,13.0,1,12.95,23,13.0,126,1,2022-05-06 09:26:40
1651829201336589000,13.0,1,12.95,24,13.0,125,1,2022-05-06 09:26:41
1651829201518826000,13.0,2,12.95,24,13.0,123,1,2022-05-06 09:26:41
1651829202518498000,13.0,1,12.95,24,13.0,122,1,2022-05-06 09:26:42
1651829203047252000,13.0,1,12.95,24,13.0,121,1,2022-05-06 09:26:43
1651829203938813000,12.95,24,12.9,85,12.95,32,2,2022-05-06 09:26:43
1651829204057179000,12.95,22,12.9,92,12.95,10,1,2022-05-06 09:26:44
1651829204123969000,12.95,1,12.9,92,12.95,17,1,2022-05-06 09:26:44
1651829204192194000,12.95,12,12.9,92,12.95,5,1,2022-05-06 09:26:44
1651829204233077000,12.95,5,12.9,92,13.0,141,1,2022-05-06 09:26:44
1651829204404412000,13.0,3,12.9,92,13.0,138,1,2022-05-06 09:26:44
1651829204634358000,13.0,35,12.95,5,13.0,103,1,2022-05-06 09:26:44
1651829204652210000,13.0,16,12.95,5,13.0,87,1,2022-05-06 09:26:44
1651829204831142000,13.0,1,12.95,6,13.0,86,1,2022-05-06 09:26:44
1651829204999224000,12.95,1,12.95,5,13.0,86,2,2022-05-06 09:26:44
1651829205158498000,13.0,10,12.95,5,13.0,76,1,2022-05-06 09:26:45
1651829205222793000,13.0,30,12.95,5,13.0,46,1,2022-05-06 09:26:45
1651829205695473000,13.0,1,12.95,5,13.0,45,1,2022-05-06 09:26:45
1651829205858681000,13.0,2,12.95,5,13.0,43,1,2022-05-06 09:26:45
1651829206195431000,13.0,1,12.95,5,13.0,42,1,2022-05-06 09:26:46
1651829206385106000,12.95,1,12.95,4,13.0,42,2,2022-05-06 09:26:46
1651829206849058000,13.0,1,12.95,5,13.0,41,1,2022-05-06 09:26:46
1651829207148713000,13.0,1,12.95,5,13.0,40,1,2022-05-06 09:26:47
1651829207319222000,13.0,1,12.95,5,13.0,39,1,2022-05-06 09:26:47
1651829207377678000,13.0,1,12.95,5,13.0,38,1,2022-05-06 09:26:47
1651829208269074000,13.0,3,12.95,12,13.0,35,1,2022-05-06 09:26:48
1651829208283335000,13.0,3,12.95,12,13.0,32,1,2022-05-06 09:26:48
1651829208310595000,13.0,2,12.95,12,13.0,30,1,2022-05-06 09:26:48
1651829208674010000,13.0,3,12.95,12,13.0,27,1,2022-05-06 09:26:48
1651829208692858000,13.0,2,12.95,12,13.0,25,1,2022-05-06 09:26:48
1651829208706886000,13.0,5,12.95,12,13.0,20,1,2022-05-06 09:26:48
1651829209107715000,13.0,1,12.95,12,13.0,19,1,2022-05-06 09:26:49
1651829209148881000,13.0,10,12.95,12,13.0,9,1,2022-05-06 09:26:49
1651829209308278000,13.0,3,12.95,12,13.0,6,1,2022-05-06 09:26:49
1651829209328741000,13.0,5,12.95,12,13.0,1,1,2022-05-06 09:26:49
1651829209336941000,13.0,1,12.95,12,13.05,44,1,2022-05-06 09:26:49
1651829209753960000,13.05,4,13.0,4,13.05,40,1,2022-05-06 09:26:49
1651829209800894000,13.05,5,13.0,4,13.05,35,1,2022-05-06 09:26:49
1651829209812185000,13.05,1,13.0,4,13.05,34,1,2022-05-06 09:26:49
1651829209921297000,13.05,6,13.0,4,13.05,28,1,2022-05-06 09:26:49
1651829209941300000,13.05,1,13.0,4,13.05,27,1,2022-05-06 09:26:49
1651829209947091000,13.05,1,13.0,4,13.05,26,1,2022-05-06 09:26:49
1651829210236765000,13.05,3,13.0,4,13.05,23,1,2022-05-06 09:26:50
1651829210561914000,13.05,3,13.0,5,13.05,20,1,2022-05-06 09:26:50
1651829210904439000,13.05,3,13.0,27,13.05,17,1,2022-05-06 09:26:50
1651829213474735000,13.05,5,13.0,36,13.05,13,1,2022-05-06 09:26:53
1651829213514252000,13.0,2,13.0,34,13.05,13,2,2022-05-06 09:26:53
1651829213961084000,13.05,2,13.0,36,13.05,11,1,2022-05-06 09:26:53
1651829214109067000,13.05,1,13.0,37,13.05,10,1,2022-05-06 09:26:54
1651829214213119000,13.05,10,13.0,37,13.1,39,1,2022-05-06 09:26:54
1651829214213119000,13.1,10,13.0,37,13.1,39,1,2022-05-06 09:26:54
1651829214264758000,13.1,22,13.0,37,13.1,17,1,2022-05-06 09:26:54
1651829214433510000,13.1,1,13.0,37,13.1,16,1,2022-05-06 09:26:54
1651829214872875000,13.05,1,13.0,37,13.1,16,1,2022-05-06 09:26:54
1651829215015243000,13.1,1,13.0,37,13.1,15,1,2022-05-06 09:26:55
1651829215062212000,13.1,1,13.0,37,13.1,14,1,2022-05-06 09:26:55
1651829216396345000,13.1,1,13.05,4,13.1,13,1,2022-05-06 09:26:56
1651829217220881000,13.1,1,13.05,6,13.1,12,1,2022-05-06 09:26:57
1651829217333073000,13.05,6,13.0,40,13.05,1,2,2022-05-06 09:26:57
1651829217679546000,13.05,1,13.0,40,13.05,4,1,2022-05-06 09:26:57
1651829217808286000,13.05,1,13.0,40,13.05,3,1,2022-05-06 09:26:57
1651829218012951000,13.05,3,13.0,41,13.1,41,1,2022-05-06 09:26:58
1651829218012951000,13.1,1,13.0,41,13.1,41,1,2022-05-06 09:26:58
1651829218035023000,13.1,1,13.0,41,13.1,40,1,2022-05-06 09:26:58
1651829218198609000,13.1,10,13.0,41,13.1,30,1,2022-05-06 09:26:58
1651829218379072000,13.05,1,13.0,41,13.05,3,1,2022-05-06 09:26:58
1651829218518976000,13.05,1,13.0,41,13.05,2,1,2022-05-06 09:26:58
1651829219149476000,13.05,2,13.0,44,13.05,2,1,2022-05-06 09:26:59
1651829220126734000,13.05,3,13.0,48,13.05,19,1,2022-05-06 09:27:00
1651829220194844000,13.05,1,13.0,48,13.05,19,1,2022-05-06 09:27:00
1651829220325984000,13.05,1,13.0,48,13.05,18,1,2022-05-06 09:27:00
1651829220434512000,13.05,1,13.0,48,13.05,17,1,2022-05-06 09:27:00
1651829220688709000,13.05,1,13.0,46,13.05,16,1,2022-05-06 09:27:00
1651829220891325000,13.05,1,13.0,46,13.05,16,1,2022-05-06 09:27:00
1651829221041356000,13.05,1,13.0,46,13.05,15,1,2022-05-06 09:27:01
1651829221065634000,13.05,2,13.0,46,13.05,13,1,2022-05-06 09:27:01
1651829221771024000,13.05,4,13.0,46,13.05,13,1,2022-05-06 09:27:01
1651829222049164000,13.05,13,13.0,46,13.15,32,1,2022-05-06 09:27:02
1651829222049164000,13.1,17,13.0,46,13.15,32,1,2022-05-06 09:27:02
1651829222177457000,13.1,1,13.1,25,13.15,32,1,2022-05-06 09:27:02
1651829222307654000,13.1,5,13.1,20,13.15,32,2,2022-05-06 09:27:02
1651829222337586000,13.1,20,13.0,46,13.15,32,2,2022-05-06 09:27:02
1651829222479775000,13.05,1,13.0,44,13.05,1,2,2022-05-06 09:27:02
1651829222792004000,13.0,5,13.0,39,13.05,21,2,2022-05-06 09:27:02
1651829223332387000,13.05,4,13.0,40,13.05,17,1,2022-05-06 09:27:03
1651829223347165000,13.05,3,13.0,40,13.05,14,1,2022-05-06 09:27:03
1651829223600731000,13.05,4,13.0,40,13.05,10,1,2022-05-06 09:27:03
1651829223983759000,13.0,3,13.0,37,13.05,10,2,2022-05-06 09:27:03
1651829224232671000,13.0,2,13.0,35,13.1,1,2,2022-05-06 09:27:04
1651829225248067000,13.0,3,13.0,43,13.05,5,2,2022-05-06 09:27:05
1651829225457207000,13.05,2,13.0,43,13.05,3,1,2022-05-06 09:27:05
1651829225565049000,13.05,3,13.0,43,13.15,29,1,2022-05-06 09:27:05
1651829225565049000,13.1,3,13.0,43,13.15,29,1,2022-05-06 09:27:05
1651829225565049000,13.15,4,13.0,43,13.15,29,1,2022-05-06 09:27:05
1651829225789341000,13.1,1,13.05,2,13.1,1,1,2022-05-06 09:27:05
1651829226635994000,13.1,1,13.05,4,13.15,31,1,2022-05-06 09:27:06
1651829226921788000,13.1,2,13.05,4,13.1,8,1,2022-05-06 09:27:06
1651829227259537000,13.1,2,13.05,4,13.1,17,1,2022-05-06 09:27:07
1651829227294086000,13.05,1,13.05,3,13.1,17,2,2022-05-06 09:27:07
1651829227655112000,13.1,4,13.05,3,13.1,15,1,2022-05-06 09:27:07
1651829227687180000,13.05,3,13.0,42,13.05,2,2,2022-05-06 09:27:07
1651829228648462000,13.05,2,13.0,47,13.1,16,1,2022-05-06 09:27:08
1651829228892530000,13.05,1,13.0,47,13.05,9,2,2022-05-06 09:27:08
1651829230072254000,13.0,10,13.0,40,13.05,9,2,2022-05-06 09:27:10
1651829230175365000,13.05,9,13.0,40,13.1,18,1,2022-05-06 09:27:10
1651829230175365000,13.1,1,13.0,40,13.1,18,1,2022-05-06 09:27:10
1651829230588056000,13.1,2,13.0,47,13.1,18,1,2022-05-06 09:27:10
1651829230634748000,13.1,1,13.0,47,13.1,17,1,2022-05-06 09:27:10
1651829231058338000,13.05,1,13.0,47,13.1,17,1,2022-05-06 09:27:11
1651829231219858000,13.05,1,13.0,47,13.1,17,2,2022-05-06 09:27:11
1651829231608769000,13.1,2,13.05,1,13.1,30,1,2022-05-06 09:27:11
1651829231847341000,13.05,1,13.05,2,13.1,30,2,2022-05-06 09:27:11
1651829232569656000,13.1,2,13.05,2,13.1,29,1,2022-05-06 09:27:12
1651829233403898000,13.1,1,13.05,3,13.1,28,1,2022-05-06 09:27:13
1651829233609547000,13.1,5,13.05,4,13.1,23,1,2022-05-06 09:27:13
1651829235927054000,13.1,2,13.05,12,13.1,24,1,2022-05-06 09:27:15
1651829236233228000,13.1,10,13.05,12,13.1,14,1,2022-05-06 09:27:16
1651829236518236000,13.05,2,13.05,10,13.1,14,2,2022-05-06 09:27:16
1651829236798742000,13.1,1,13.05,11,13.1,13,1,2022-05-06 09:27:16
1651829236913472000,13.1,2,13.05,12,13.1,11,1,2022-05-06 09:27:16
1651829236927927000,13.1,2,13.05,12,13.1,9,1,2022-05-06 09:27:16
1651829236939909000,13.1,2,13.05,12,13.1,7,1,2022-05-06 09:27:16
1651829237160392000,13.05,1,13.05,12,13.1,7,2,2022-05-06 09:27:17
1651829237470148000,13.1,1,13.05,16,13.1,6,1,2022-05-06 09:27:17
1651829237897607000,13.1,2,13.05,17,13.1,14,1,2022-05-06 09:27:17
1651829238229362000,13.1,1,13.05,17,13.1,14,1,2022-05-06 09:27:18
1651829238597527000,13.1,5,13.05,16,13.1,9,1,2022-05-06 09:27:18
1651829239002578000,13.1,3,13.05,17,13.1,6,1,2022-05-06 09:27:19
1651829239042699000,13.1,6,13.05,17,13.15,27,1,2022-05-06 09:27:19
1651829239042699000,13.15,4,13.05,17,13.15,27,1,2022-05-06 09:27:19
1651829239161233000,13.15,10,13.05,17,13.15,17,1,2022-05-06 09:27:19
1651829239711011000,13.1,1,13.1,7,13.15,17,2,2022-05-06 09:27:19
1651829240212462000,13.1,10,13.1,5,13.15,17,2,2022-05-06 09:27:20
1651829240611658000,13.1,3,13.1,4,13.15,19,2,2022-05-06 09:27:20
1651829241354844000,13.1,3,13.1,6,13.15,19,2,2022-05-06 09:27:21
1651829242195999000,13.1,6,13.05,48,13.1,6,2,2022-05-06 09:27:22
1651829243341652000,13.1,1,13.05,49,13.1,5,1,2022-05-06 09:27:23
1651829243929101000,13.1,1,13.05,49,13.1,6,1,2022-05-06 09:27:23
1651829243946930000,13.1,1,13.05,49,13.1,5,1,2022-05-06 09:27:23
1651829244134213000,13.05,1,13.05,48,13.1,9,2,2022-05-06 09:27:24
1651829244303613000,13.1,1,13.05,48,13.1,10,1,2022-05-06 09:27:24
1651829244697402000,13.1,5,13.05,48,13.1,5,1,2022-05-06 09:27:24
1651829244802892000,13.1,5,13.1,5,13.15,24,1,2022-05-06 09:27:24
1651829245120392000,13.1,1,13.1,4,13.15,27,2,2022-05-06 09:27:25
1651829245192304000,13.1,1,13.1,4,13.15,27,2,2022-05-06 09:27:25
1651829245218343000,13.15,2,13.1,4,13.15,25,1,2022-05-06 09:27:25
1651829245372977000,13.1,1,13.1,3,13.15,25,2,2022-05-06 09:27:25
1651829246016118000,13.15,1,13.1,9,13.15,23,1,2022-05-06 09:27:26
1651829246705164000,13.15,1,13.1,11,13.15,22,1,2022-05-06 09:27:26
1651829246920207000,13.15,1,13.1,14,13.15,19,1,2022-05-06 09:27:26
1651829247349895000,13.1,10,13.1,4,13.15,21,2,2022-05-06 09:27:27
1651829248250230000,13.15,10,13.1,7,13.15,15,1,2022-05-06 09:27:28
1651829248403888000,13.1,1,13.1,6,13.15,15,2,2022-05-06 09:27:28
1651829248656886000,13.15,1,13.1,6,13.15,14,1,2022-05-06 09:27:28
1651829248945083000,13.1,1,13.1,5,13.15,14,2,2022-05-06 09:27:28
1651829249717928000,13.15,10,13.1,8,13.15,4,1,2022-05-06 09:27:29
1651829249771049000,13.15,2,13.1,8,13.15,2,1,2022-05-06 09:27:29
1651829250199922000,13.1,22,13.05,61,13.1,8,2,2022-05-06 09:27:30
1651829250290906000,13.1,1,13.05,61,13.1,7,1,2022-05-06 09:27:30
1651829250932657000,13.1,1,13.05,61,13.1,7,1,2022-05-06 09:27:30
1651829251285536000,13.1,1,13.05,62,13.1,7,1,2022-05-06 09:27:31
1651829251427947000,13.1,7,13.1,3,13.15,3,1,2022-05-06 09:27:31
1651829251640619000,13.15,1,13.1,3,13.15,2,1,2022-05-06 09:27:31
1651829251681110000,13.1,1,13.1,2,13.15,2,2,2022-05-06 09:27:31
1651829251927730000,13.15,5,13.1,15,13.15,2,1,2022-05-06 09:27:31
1651829253445044000,13.15,2,13.1,34,13.15,4,1,2022-05-06 09:27:33
1651829253446264000,13.1,2,13.1,32,13.15,4,2,2022-05-06 09:27:33
1651829255013650000,13.15,1,13.1,38,13.15,6,1,2022-05-06 09:27:35
1651829255164645000,13.15,1,13.1,38,13.15,15,1,2022-05-06 09:27:35
1651829255865480000,13.15,1,13.1,37,13.15,20,1,2022-05-06 09:27:35
1651829255965785000,13.15,1,13.1,37,13.15,19,1,2022-05-06 09:27:35
1651829256196360000,13.15,3,13.1,39,13.15,16,1,2022-05-06 09:27:36
1651829257086077000,13.1,1,13.1,38,13.15,17,2,2022-05-06 09:27:37
1651829258765170000,13.15,2,13.1,42,13.15,19,1,2022-05-06 09:27:38
1651829259933416000,13.1,5,13.1,45,13.15,20,2,2022-05-06 09:27:39
1651829260747903000,13.1,1,13.1,44,13.15,20,2,2022-05-06 09:27:40
1651829260795983000,13.15,10,13.1,45,13.15,10,1,2022-05-06 09:27:40
1651829261192967000,13.15,1,13.1,45,13.15,9,1,2022-05-06 09:27:41
1651829261662928000,13.15,1,13.1,45,13.15,8,1,2022-05-06 09:27:41
1651829261760976000,13.1,1,13.1,45,13.15,8,2,2022-05-06 09:27:41
1651829261763693000,13.15,2,13.1,45,13.15,6,1,2022-05-06 09:27:41
1651829261947350000,13.1,1,13.1,44,13.15,6,2,2022-05-06 09:27:41
1651829262778649000,13.15,4,13.1,44,13.15,2,1,2022-05-06 09:27:42
1651829263627333000,13.15,2,13.15,3,13.2,73,1,2022-05-06 09:27:43
1651829263711992000,13.15,3,13.1,42,13.15,12,2,2022-05-06 09:27:43
1651829263824034000,13.15,1,13.1,42,13.15,11,1,2022-05-06 09:27:43
1651829264164510000,13.15,1,13.1,44,13.15,15,1,2022-05-06 09:27:44
1651829264233547000,13.15,1,13.1,44,13.15,14,1,2022-05-06 09:27:44
1651829264445911000,13.15,5,13.1,44,13.15,9,1,2022-05-06 09:27:44
1651829264529104000,13.15,5,13.1,44,13.15,4,1,2022-05-06 09:27:44
1651829264819034000,13.15,4,13.1,44,13.2,68,1,2022-05-06 09:27:44
1651829265000118000,13.2,1,13.15,1,13.2,67,1,2022-05-06 09:27:45
1651829265023999000,13.15,1,13.1,44,13.15,4,2,2022-05-06 09:27:45
1651829265102282000,13.15,4,13.1,44,13.2,63,1,2022-05-06 09:27:45
1651829265102282000,13.2,4,13.1,44,13.2,63,1,2022-05-06 09:27:45
1651829265102348000,13.2,8,13.1,44,13.2,55,1,2022-05-06 09:27:45
1651829265123854000,13.15,1,13.1,44,13.2,55,1,2022-05-06 09:27:45
1651829265215790000,13.2,4,13.1,45,13.2,51,1,2022-05-06 09:27:45
1651829266163199000,13.2,5,13.15,16,13.2,45,1,2022-05-06 09:27:46
1651829266295816000,13.15,1,13.15,15,13.2,45,2,2022-05-06 09:27:46
1651829266459730000,13.2,1,13.15,15,13.2,44,1,2022-05-06 09:27:46
1651829267162043000,13.2,10,13.15,36,13.2,34,1,2022-05-06 09:27:47
1651829267253058000,13.2,1,13.15,36,13.2,33,1,2022-05-06 09:27:47
1651829267539168000,13.15,6,13.15,44,13.2,33,2,2022-05-06 09:27:47
1651829268032221000,13.2,30,13.15,44,13.2,3,1,2022-05-06 09:27:48
1651829268033815000,13.2,3,13.15,44,13.25,45,1,2022-05-06 09:27:48
1651829268033815000,13.25,7,13.15,44,13.25,45,1,2022-05-06 09:27:48
1651829268124879000,13.25,1,13.15,44,13.25,44,1,2022-05-06 09:27:48
1651829268185594000,13.25,1,13.15,45,13.25,43,1,2022-05-06 09:27:48
1651829268225028000,13.25,1,13.15,45,13.25,42,1,2022-05-06 09:27:48
1651829269158100000,13.25,2,13.2,21,13.25,40,1,2022-05-06 09:27:49
1651829270023828000,13.25,5,13.2,37,13.25,35,1,2022-05-06 09:27:50
1651829270196395000,13.2,1,13.2,36,13.25,35,2,2022-05-06 09:27:50
1651829270856849000,13.25,1,13.2,36,13.25,34,1,2022-05-06 09:27:50
1651829271025688000,13.2,6,13.2,30,13.25,34,2,2022-05-06 09:27:51
1651829271651968000,13.2,1,13.2,29,13.25,34,2,2022-05-06 09:27:51
1651829272333985000,13.2,1,13.2,29,13.25,34,2,2022-05-06 09:27:52
1651829272380190000,13.25,5,13.2,29,13.25,29,1,2022-05-06 09:27:52
1651829273065578000,13.2,3,13.2,26,13.25,29,2,2022-05-06 09:27:53
1651829273124463000,13.2,2,13.2,24,13.25,29,2,2022-05-06 09:27:53
1651829273504250000,13.2,2,13.2,29,13.25,29,2,2022-05-06 09:27:53
1651829273673880000,13.25,1,13.2,29,13.25,28,1,2022-05-06 09:27:53
1651829273951707000,13.25,1,13.2,29,13.25,27,1,2022-05-06 09:27:53
1651829273958276000,13.25,1,13.2,29,13.25,26,1,2022-05-06 09:27:53
1651829274780753000,13.25,1,13.2,31,13.25,25,1,2022-05-06 09:27:54
1651829274799560000,13.25,2,13.2,31,13.25,23,1,2022-05-06 09:27:54
1651829274939300000,13.25,1,13.2,31,13.25,22,1,2022-05-06 09:27:54
1651829275520706000,13.25,1,13.2,32,13.25,21,1,2022-05-06 09:27:55
1651829275687809000,13.2,1,13.2,31,13.25,21,2,2022-05-06 09:27:55
1651829275819749000,13.2,1,13.2,30,13.25,21,2,2022-05-06 09:27:55
1651829276040074000,13.25,2,13.2,31,13.25,19,1,2022-05-06 09:27:56
1651829276143123000,13.25,10,13.2,31,13.25,9,1,2022-05-06 09:27:56
1651829276260241000,13.25,2,13.2,31,13.25,7,1,2022-05-06 09:27:56
1651829276512554000,13.25,7,13.2,31,13.3,68,1,2022-05-06 09:27:56
1651829276512554000,13.3,3,13.2,31,13.3,68,1,2022-05-06 09:27:56
1651829276995891000,13.25,1,13.2,45,13.25,3,1,2022-05-06 09:27:56
1651829277189445000,13.25,3,13.25,1,13.3,68,1,2022-05-06 09:27:57
1651829277626916000,13.3,10,13.25,1,13.3,58,1,2022-05-06 09:27:57
1651829277886236000,13.25,1,13.2,59,13.25,2,2,2022-05-06 09:27:57
1651829277927502000,13.25,2,13.25,3,13.3,58,1,2022-05-06 09:27:57
1651829277998173000,13.3,3,13.25,3,13.3,55,1,2022-05-06 09:27:57
1651829278055901000,13.3,5,13.25,3,13.3,50,1,2022-05-06 09:27:58
1651829278296591000,13.25,1,13.25,3,13.3,50,2,2022-05-06 09:27:58
1651829278442887000,13.3,4,13.25,24,13.3,46,1,2022-05-06 09:27:58
1651829279226216000,13.3,2,13.25,48,13.3,45,1,2022-05-06 09:27:59
1651829279249952000,13.25,1,13.25,47,13.3,45,2,2022-05-06 09:27:59
1651829279465036000,13.25,1,13.25,46,13.3,45,2,2022-05-06 09:27:59
1651829279532398000,13.25,4,13.25,44,13.3,45,2,2022-05-06 09:27:59
1651829279614269000,13.3,1,13.25,44,13.3,44,1,2022-05-06 09:27:59
1651829280472399000,13.3,1,13.25,45,13.3,43,1,2022-05-06 09:28:00
1651829280753196000,13.25,1,13.25,45,13.3,43,2,2022-05-06 09:28:00
1651829281276162000,13.25,3,13.25,42,13.3,43,2,2022-05-06 09:28:01
1651829281577203000,13.3,3,13.25,42,13.3,40,1,2022-05-06 09:28:01
1651829282919340000,13.3,1,13.25,43,13.3,38,1,2022-05-06 09:28:02
1651829283013365000,13.3,5,13.25,43,13.3,33,1,2022-05-06 09:28:03
1651829283037413000,13.25,7,13.25,36,13.3,33,2,2022-05-06 09:28:03
1651829283074971000,13.25,1,13.25,35,13.3,33,2,2022-05-06 09:28:03
1651829283589473000,13.3,1,13.25,37,13.3,32,1,2022-05-06 09:28:03
1651829284076900000,13.25,1,13.25,37,13.3,32,2,2022-05-06 09:28:04
1651829284156706000,13.3,1,13.25,38,13.3,31,1,2022-05-06 09:28:04
1651829284589897000,13.3,1,13.25,44,13.3,33,1,2022-05-06 09:28:04
1651829284846314000,13.3,3,13.25,45,13.3,30,1,2022-05-06 09:28:04
1651829284885966000,13.3,1,13.25,45,13.3,29,1,2022-05-06 09:28:04
1651829285108740000,13.3,10,13.25,46,13.3,19,1,2022-05-06 09:28:05
1651829285122126000,13.25,8,13.25,38,13.3,19,2,2022-05-06 09:28:05
1651829285975035000,13.3,2,13.25,44,13.3,49,1,2022-05-06 09:28:05
1651829286236936000,13.25,1,13.25,44,13.3,49,2,2022-05-06 09:28:06
1651829286517219000,13.25,1,13.25,43,13.3,49,2,2022-05-06 09:28:06
1651829286579668000,13.3,10,13.25,43,13.3,39,1,2022-05-06 09:28:06
1651829286801451000,13.3,10,13.25,28,13.3,29,1,2022-05-06 09:28:06
1651829286861157000,13.25,2,13.25,26,13.3,29,2,2022-05-06 09:28:06
1651829286881483000,13.3,1,13.25,26,13.3,28,1,2022-05-06 09:28:06
1651829287772547000,13.3,1,13.25,30,13.3,28,1,2022-05-06 09:28:07
1651829287787805000,13.3,2,13.25,30,13.3,26,1,2022-05-06 09:28:07
1651829287794804000,13.3,10,13.25,30,13.3,16,1,2022-05-06 09:28:07
1651829287810854000,13.25,30,13.2,51,13.25,70,2,2022-05-06 09:28:07
1651829288551648000,13.25,1,13.2,52,13.25,160,1,2022-05-06 09:28:08
1651829288596856000,13.2,5,13.2,47,13.25,160,2,2022-05-06 09:28:08
1651829288677744000,13.25,1,13.2,47,13.25,159,1,2022-05-06 09:28:08
1651829288710064000,13.2,32,13.2,15,13.25,160,2,2022-05-06 09:28:08
1651829288717942000,13.2,2,13.2,13,13.25,160,2,2022-05-06 09:28:08
1651829288739539000,13.2,13,13.15,27,13.25,160,2,2022-05-06 09:28:08
1651829288902761000,13.15,18,13.15,8,13.2,25,2,2022-05-06 09:28:08
1651829288930469000,13.15,8,13.1,63,13.2,25,2,2022-05-06 09:28:08
1651829288930469000,13.1,2,13.1,63,13.2,25,2,2022-05-06 09:28:08
1651829289206827000,13.2,1,13.1,63,13.2,37,1,2022-05-06 09:28:09
1651829289660752000,13.1,5,13.1,58,13.2,85,2,2022-05-06 09:28:09
1651829289993579000,13.2,2,13.1,58,13.2,83,1,2022-05-06 09:28:09
1651829290013364000,13.1,1,13.1,57,13.2,83,2,2022-05-06 09:28:10
1651829290432415000,13.15,10,13.1,57,13.2,83,1,2022-05-06 09:28:10
1651829290577220000,13.2,2,13.1,57,13.2,81,1,2022-05-06 09:28:10
1651829290627271000,13.2,1,13.1,57,13.2,80,1,2022-05-06 09:28:10
1651829291351663000,13.1,2,13.1,54,13.15,11,2,2022-05-06 09:28:11
1651829292037004000,13.1,4,13.1,50,13.15,36,2,2022-05-06 09:28:12
1651829292761602000,13.15,1,13.1,52,13.15,36,1,2022-05-06 09:28:12
1651829294887028000,13.15,1,13.1,54,13.15,36,1,2022-05-06 09:28:14
1651829294916614000,13.15,10,13.1,54,13.15,26,1,2022-05-06 09:28:14
1651829295989792000,13.1,1,13.1,54,13.15,26,2,2022-05-06 09:28:15
1651829297100131000,13.15,2,13.1,54,13.15,24,1,2022-05-06 09:28:17
1651829297174794000,13.15,1,13.1,53,13.15,23,1,2022-05-06 09:28:17
1651829297461364000,13.15,7,13.1,53,13.15,16,1,2022-05-06 09:28:17
1651829297639858000,13.15,2,13.1,83,13.15,14,1,2022-05-06 09:28:17
1651829297721833000,13.1,2,13.1,81,13.15,14,2,2022-05-06 09:28:17
1651829298402645000,13.15,10,13.1,86,13.15,5,1,2022-05-06 09:28:18
1651829298441343000,13.1,5,13.1,82,13.15,5,2,2022-05-06 09:28:18
1651829299404669000,13.15,5,13.1,82,13.15,2,1,2022-05-06 09:28:19
1651829299420917000,13.1,26,13.1,56,13.15,2,2,2022-05-06 09:28:19
1651829299595442000,13.1,5,13.1,51,13.15,2,2,2022-05-06 09:28:19
1651829299783174000,13.15,2,13.15,11,13.2,24,1,2022-05-06 09:28:19
1651829300093291000,13.15,14,13.1,51,13.2,24,2,2022-05-06 09:28:20
1651829300354885000,13.1,2,13.1,49,13.2,24,2,2022-05-06 09:28:20
1651829300741729000,13.1,16,13.1,36,13.15,1,2,2022-05-06 09:28:20
1651829300764562000,13.1,19,13.1,17,13.15,1,2,2022-05-06 09:28:20
1651829301047049000,13.1,15,13.1,2,13.15,7,2,2022-05-06 09:28:21
1651829301256205000,13.1,2,13.05,82,13.15,17,2,2022-05-06 09:28:21
1651829301304857000,13.15,1,13.05,82,13.15,16,1,2022-05-06 09:28:21
1651829301669956000,13.05,1,13.05,81,13.15,25,2,2022-05-06 09:28:21
1651829301761147000,13.05,9,13.05,72,13.15,25,2,2022-05-06 09:28:21
1651829302094556000,13.15,1,13.05,72,13.15,24,1,2022-05-06 09:28:22
1651829303028573000,13.1,2,13.1,8,13.15,25,2,2022-05-06 09:28:23
1651829303206566000,13.1,8,13.05,40,13.15,17,2,2022-05-06 09:28:23
1651829303206566000,13.05,32,13.05,40,13.15,17,2,2022-05-06 09:28:23
1651829304141632000,13.05,1,13.05,39,13.1,2,2,2022-05-06 09:28:24
1651829304611067000,13.1,1,13.05,39,13.1,11,1,2022-05-06 09:28:24
1651829304751212000,13.1,2,13.05,39,13.1,9,1,2022-05-06 09:28:24
1651829306803645000,13.1,1,13.05,53,13.1,8,1,2022-05-06 09:28:26
1651829308146078000,13.1,3,13.05,54,13.1,11,1,2022-05-06 09:28:28
1651829308998281000,13.1,10,13.05,54,13.1,1,1,2022-05-06 09:28:28
1651829309121805000,13.1,1,13.05,54,13.1,2,1,2022-05-06 09:28:29
1651829309417338000,13.1,1,13.05,54,13.1,1,1,2022-05-06 09:28:29
1651829310058259000,13.1,1,13.1,4,13.15,51,1,2022-05-06 09:28:30
1651829310139845000,13.1,4,13.05,11,13.15,51,2,2022-05-06 09:28:30
1651829310139845000,13.05,56,13.05,11,13.15,51,2,2022-05-06 09:28:30
1651829310648631000,13.1,1,13.05,12,13.1,3,1,2022-05-06 09:28:30
1651829311185235000,13.1,3,13.1,17,13.15,51,1,2022-05-06 09:28:31
1651829311346503000,13.1,17,13.05,13,13.15,203,2,2022-05-06 09:28:31
1651829311894140000,13.05,4,13.05,9,13.1,26,2,2022-05-06 09:28:31
1651829312391005000,13.05,9,13.0,89,13.1,27,2,2022-05-06 09:28:32
1651829312391005000,13.0,1,13.0,89,13.1,27,2,2022-05-06 09:28:32
1651829312698738000,13.05,1,13.0,89,13.1,27,1,2022-05-06 09:28:32
1651829313181094000,13.05,1,13.05,1,13.1,29,2,2022-05-06 09:28:33
1651829313196845000,13.05,1,13.0,85,13.1,29,2,2022-05-06 09:28:33
1651829313196845000,13.0,4,13.0,85,13.1,29,2,2022-05-06 09:28:33
1651829313899361000,13.0,4,13.0,81,13.05,11,2,2022-05-06 09:28:33
1651829314052179000,13.0,10,13.0,71,13.05,11,2,2022-05-06 09:28:34
1651829314155671000,13.05,5,13.0,71,13.05,6,1,2022-05-06 09:28:34
1651829314333789000,13.0,10,13.0,61,13.05,6,2,2022-05-06 09:28:34
1651829314527992000,13.0,1,13.0,60,13.05,6,2,2022-05-06 09:28:34
1651829315085849000,13.0,10,13.0,50,13.05,17,2,2022-05-06 09:28:35
1651829316166178000,13.0,1,13.0,48,13.05,19,2,2022-05-06 09:28:36
1651829316981908000,13.0,1,13.0,47,13.05,19,2,2022-05-06 09:28:36
1651829317418506000,13.05,2,13.0,47,13.05,17,1,2022-05-06 09:28:37
1651829318198761000,13.0,1,13.0,46,13.05,17,2,2022-05-06 09:28:38
1651829318233413000,13.05,10,13.0,46,13.05,7,1,2022-05-06 09:28:38
1651829319242426000,13.05,1,13.0,46,13.05,8,1,2022-05-06 09:28:39
1651829320255517000,13.0,5,13.0,141,13.05,9,2,2022-05-06 09:28:40
1651829320569867000,13.05,9,13.05,1,13.1,45,1,2022-05-06 09:28:40
1651829320897810000,13.05,1,13.0,141,13.1,47,2,2022-05-06 09:28:40
1651829321392777000,13.0,10,13.0,133,13.1,45,2,2022-05-06 09:28:41
1651829323351549000,13.05,10,13.0,134,13.1,46,1,2022-05-06 09:28:43
1651829325596814000,13.05,1,13.05,21,13.1,35,2,2022-05-06 09:28:45
1651829326166933000,13.1,4,13.05,21,13.1,30,1,2022-05-06 09:28:46
1651829326819109000,13.1,10,13.05,22,13.1,19,1,2022-05-06 09:28:46
1651829326965676000,13.1,10,13.05,22,13.1,9,1,2022-05-06 09:28:46
1651829326985563000,13.1,9,13.05,22,13.15,56,1,2022-05-06 09:28:46
1651829327384245000,13.1,1,13.1,9,13.15,56,1,2022-05-06 09:28:47
1651829328009355000,13.1,1,13.1,10,13.15,56,2,2022-05-06 09:28:48
1651829328033150000,13.1,1,13.1,9,13.15,56,2,2022-05-06 09:28:48
1651829330226100000,13.1,9,13.05,15,13.15,58,2,2022-05-06 09:28:50
1651829330226100000,13.05,1,13.05,15,13.15,58,2,2022-05-06 09:28:50
1651829331713458000,13.1,1,13.1,2,13.15,58,2,2022-05-06 09:28:51
1651829332003224000,13.1,2,13.05,30,13.1,36,2,2022-05-06 09:28:52
1651829334759687000,13.1,1,13.05,29,13.1,61,1,2022-05-06 09:28:54
1651829335613224000,13.1,2,13.05,34,13.1,59,1,2022-05-06 09:28:55
1651829337035030000,13.1,1,13.05,35,13.1,70,1,2022-05-06 09:28:57
1651829338063702000,13.1,2,13.05,36,13.1,68,1,2022-05-06 09:28:58
1651829338668431000,13.1,1,13.05,39,13.1,68,1,2022-05-06 09:28:58
1651829339614831000,13.1,2,13.05,39,13.1,65,1,2022-05-06 09:28:59
1651829341820210000,13.1,2,13.05,39,13.1,64,1,2022-05-06 09:29:01
1651829342324984000,13.05,1,13.05,38,13.1,64,2,2022-05-06 09:29:02
1651829345144971000,13.05,3,13.05,36,13.1,52,2,2022-05-06 09:29:05
1651829345270435000,13.1,1,13.05,36,13.1,51,1,2022-05-06 09:29:05
1651829348876366000,13.05,33,13.0,145,13.1,51,2,2022-05-06 09:29:08
1651829351855014000,13.1,1,13.05,1,13.1,35,1,2022-05-06 09:29:11
1651829353816276000,13.05,1,13.05,1,13.1,36,2,2022-05-06 09:29:13
1651829354775235000,13.1,20,13.05,1,13.1,17,1,2022-05-06 09:29:14
1651829355200189000,13.05,1,13.05,11,13.1,17,2,2022-05-06 09:29:15
1651829355540782000,13.1,1,13.05,11,13.1,16,1,2022-05-06 09:29:15
1651829357478680000,13.1,10,13.05,13,13.1,19,1,2022-05-06 09:29:17
1651829357600758000,13.1,10,13.05,13,13.1,9,1,2022-05-06 09:29:17
1651829357623530000,13.1,9,13.05,14,13.15,66,1,2022-05-06 09:29:17
1651829359735434000,13.1,2,13.05,21,13.1,3,1,2022-05-06 09:29:19
1651829359839500000,13.1,3,13.1,3,13.15,66,1,2022-05-06 09:29:19
1651829359869498000,13.1,3,13.05,21,13.15,66,2,2022-05-06 09:29:19
1651829360540363000,13.1,1,13.1,1,13.15,69,2,2022-05-06 09:29:20
1651829362072275000,13.1,1,13.05,21,13.15,69,2,2022-05-06 09:29:22
1651829365457901000,13.1,1,13.05,34,13.1,19,1,2022-05-06 09:29:25
1651829365898766000,13.1,10,13.05,34,13.1,9,1,2022-05-06 09:29:25
1651829366020648000,13.1,1,13.05,34,13.1,8,1,2022-05-06 09:29:26
1651829366159019000,13.1,10,13.05,34,13.1,3,1,2022-05-06 09:29:26
1651829366369793000,13.1,3,13.1,2,13.15,71,1,2022-05-06 09:29:26
1651829368258666000,13.1,5,13.05,38,13.1,15,2,2022-05-06 09:29:28
1651829370292745000,13.1,3,13.05,38,13.1,13,1,2022-05-06 09:29:30
1651829370467708000,13.1,1,13.05,38,13.1,12,1,2022-05-06 09:29:30
1651829371286859000,13.1,10,13.05,38,13.1,7,1,2022-05-06 09:29:31
1651829371946315000,13.1,7,13.1,3,13.15,51,1,2022-05-06 09:29:31
1651829374158408000,13.15,1,13.1,23,13.15,60,1,2022-05-06 09:29:34
1651829376102172000,13.15,62,13.15,38,13.2,54,1,2022-05-06 09:29:36
1651829376537013000,13.15,4,13.15,47,13.2,54,2,2022-05-06 09:29:36
1651829377348399000,13.2,5,13.15,7,13.2,51,1,2022-05-06 09:29:37
1651829377754199000,13.2,1,13.15,9,13.2,50,1,2022-05-06 09:29:37
1651829378111725000,13.2,2,13.15,39,13.2,46,1,2022-05-06 09:29:38
1651829378363953000,13.2,2,13.15,51,13.2,44,1,2022-05-06 09:29:38
1651829379100862000,13.2,2,13.15,51,13.2,42,1,2022-05-06 09:29:39
1651829380832731000,13.2,1,13.15,55,13.2,40,1,2022-05-06 09:29:40
1651829382836483000,13.2,8,13.15,55,13.2,31,1,2022-05-06 09:29:42
1651829382939237000,13.15,8,13.15,47,13.2,31,2,2022-05-06 09:29:42
1651829382939592000,13.15,8,13.15,39,13.2,31,2,2022-05-06 09:29:42
